  <div class='ocr_page' id='page_1' title='image "/cluster/home/n/w/nwhite01/storage/ocr_20150623/149/hvd.32044054760079/544.png"; bbox 0 0 3926 6146; ppageno 0'>
   <div class='ocr_carea' id='block_1_1' title="bbox 146 367 269 429">
    <p class='ocr_par' dir='ltr' id='par_1_1' title="bbox 146 367 269 429">
     <span class='ocr_line' id='line_1_1' title="bbox 146 367 269 429; baseline 0 0"><span class='ocrx_word' id='word_1_1' title='bbox 146 367 269 429; x_wconf 84' lang='lat'>107&#39;7</span> 
     </span>
    </p>
   </div>
   <div class='ocr_carea' id='block_1_2' title="bbox 122 571 1293 627">
    <p class='ocr_par' dir='ltr' id='par_1_2' title="bbox 122 571 1293 627">
     <span class='ocr_line' id='line_1_2' title="bbox 122 571 1293 627; baseline 0 -2"><span class='ocrx_word' id='word_1_2' title='bbox 122 573 311 627; x_wconf 77' lang='lat' dir='ltr'>Mutuus</span> <span class='ocrx_word' id='word_1_3' title='bbox 337 575 392 626; x_wconf 90' lang='lat' dir='ltr'>ut</span> <span class='ocrx_word' id='word_1_4' title='bbox 416 571 535 625; x_wconf 84' lang='lat' dir='ltr'>ﬁeri</span> <span class='ocrx_word' id='word_1_5' title='bbox 561 571 744 625; x_wconf 81' lang='lat' dir='ltr'>valeat</span> <span class='ocrx_word' id='word_1_6' title='bbox 763 571 1149 626; x_wconf 80' lang='lat' dir='ltr'>redeuntibus</span> <span class='ocrx_word' id='word_1_7' title='bbox 1172 571 1293 625; x_wconf 88' lang='lat' dir='ltr'>illis</span> 
     </span>
    </p>
   </div>
   <div class='ocr_carea' id='block_1_3' title="bbox 122 659 1647 729">
    <p class='ocr_par' dir='ltr' id='par_1_3' title="bbox 122 659 1647 729">
     <span class='ocr_line' id='line_1_3' title="bbox 122 659 1647 729; baseline -0.001 -16"><span class='ocrx_word' id='word_1_8' title='bbox 122 661 394 728; x_wconf 83' lang='lat' dir='ltr'>Abcessus,</span> <span class='ocrx_word' id='word_1_9' title='bbox 427 659 688 713; x_wconf 75' lang='lat' dir='ltr'>comitum</span> <span class='ocrx_word' id='word_1_10' title='bbox 715 660 962 728; x_wconf 88' lang='lat' dir='ltr'>patriam</span> <span class='ocrx_word' id='word_1_11' title='bbox 993 660 1081 713; x_wconf 87' lang='lat' dir='ltr'>sic</span> <span class='ocrx_word' id='word_1_12' title='bbox 1112 660 1366 729; x_wconf 88' lang='lat' dir='ltr'>quisque</span> <span class='ocrx_word' id='word_1_13' title='bbox 1402 659 1647 712; x_wconf 80' lang='lat' dir='ltr'>revisat.</span> 
     </span>
    </p>
   </div>
   <div class='ocr_carea' id='block_1_4' title="bbox 124 748 1552 818">
    <p class='ocr_par' dir='ltr' id='par_1_4' title="bbox 124 748 1552 818">
     <span class='ocr_line' id='line_1_4' title="bbox 124 748 1552 818; baseline -0.001 -18"><span class='ocrx_word' id='word_1_14' title='bbox 124 748 219 801; x_wconf 88' lang='lat' dir='ltr'>Hoc</span> <span class='ocrx_word' id='word_1_15' title='bbox 244 751 472 801; x_wconf 89' lang='lat' dir='ltr'>statuunt</span> <span class='ocrx_word' id='word_1_16' title='bbox 495 748 635 816; x_wconf 80' lang='lat' dir='ltr'>fieri,</span> <span class='ocrx_word' id='word_1_17' title='bbox 668 748 910 802; x_wconf 87' lang='lat' dir='ltr'>Roberti</span> <span class='ocrx_word' id='word_1_18' title='bbox 929 748 1197 817; x_wconf 80' lang='lat' dir='ltr'>namque</span> <span class='ocrx_word' id='word_1_19' title='bbox 1230 762 1552 818; x_wconf 80' lang='lat' dir='ltr'>regressus</span> 
     </span>
    </p>
   </div>
   <div class='ocr_carea' id='block_1_5' title="bbox 123 835 1564 906">
    <p class='ocr_par' dir='ltr' id='par_1_5' title="bbox 123 835 1564 906">
     <span class='ocr_line' id='line_1_5' title="bbox 123 835 1564 906; baseline -0.001 -19"><span class='ocrx_word' id='word_1_20' title='bbox 123 835 427 888; x_wconf 85' lang='lat' dir='ltr'>Protrahitur</span> <span class='ocrx_word' id='word_1_21' title='bbox 453 835 704 901; x_wconf 89' lang='lat' dir='ltr'>nimium,</span> <span class='ocrx_word' id='word_1_22' title='bbox 739 836 1012 889; x_wconf 90' lang='lat' dir='ltr'>diuturna</span> <span class='ocrx_word' id='word_1_23' title='bbox 1042 835 1276 906; x_wconf 86' lang='lat' dir='ltr'>negotia</span> <span class='ocrx_word' id='word_1_24' title='bbox 1308 849 1511 888; x_wconf 88' lang='lat' dir='ltr'>rerum</span> <span class='ocrx_word' id='word_1_25' title='bbox 1559 883 1564 887; x_wconf 89' lang='lat'><em>_</em></span> 
     </span>
    </p>
   </div>
   <div class='ocr_carea' id='block_1_6' title="bbox 122 922 1352 977">
    <p class='ocr_par' dir='ltr' id='par_1_6' title="bbox 122 922 1352 977">
     <span class='ocr_line' id='line_1_6' title="bbox 122 922 1352 977; baseline 0.001 -2"><span class='ocrx_word' id='word_1_26' title='bbox 122 922 561 976; x_wconf 82' lang='lat' dir='ltr'>Absumendarum</span> <span class='ocrx_word' id='word_1_27' title='bbox 590 923 706 977; x_wconf 90' lang='lat' dir='ltr'>sint</span> <span class='ocrx_word' id='word_1_28' title='bbox 727 923 846 976; x_wconf 87' lang='lat' dir='ltr'>illis</span> <span class='ocrx_word' id='word_1_29' title='bbox 877 938 1057 977; x_wconf 90' lang='lat' dir='ltr'>causa</span> <span class='ocrx_word' id='word_1_30' title='bbox 1087 938 1352 977; x_wconf 90' lang='lat' dir='ltr'>suarum.</span> 
     </span>
    </p>
   </div>
   <div class='ocr_carea' id='block_1_7' title="bbox 122 1010 1391 1079">
    <p class='ocr_par' dir='ltr' id='par_1_7' title="bbox 122 1010 1391 1079">
     <span class='ocr_line' id='line_1_7' title="bbox 122 1010 1391 1079; baseline -0.001 -16"><span class='ocrx_word' id='word_1_31' title='bbox 122 1011 351 1079; x_wconf 84' lang='lat' dir='ltr'>Tempore</span> <span class='ocrx_word' id='word_1_32' title='bbox 378 1010 659 1065; x_wconf 83' lang='lat' dir='ltr'>Robertus</span> <span class='ocrx_word' id='word_1_33' title='bbox 681 1011 881 1064; x_wconf 90' lang='lat' dir='ltr'>multis</span> <span class='ocrx_word' id='word_1_34' title='bbox 912 1010 1170 1064; x_wconf 89' lang='lat' dir='ltr'>intentus</span> <span class='ocrx_word' id='word_1_35' title='bbox 1201 1010 1261 1063; x_wconf 94' lang='lat' dir='ltr'>in</span> <span class='ocrx_word' id='word_1_36' title='bbox 1292 1010 1391 1063; x_wconf 92' lang='lat' dir='ltr'>illo</span> 
     </span>
    </p>
   </div>
   <div class='ocr_carea' id='block_1_8' title="bbox 122 1097 1437 1168">
    <p class='ocr_par' dir='ltr' id='par_1_8' title="bbox 122 1097 1437 1168">
     <span class='ocr_line' id='line_1_8' title="bbox 122 1097 1437 1168; baseline 0 -18"><span class='ocrx_word' id='word_1_37' title='bbox 122 1098 403 1168; x_wconf 65' lang='lat' dir='ltr'>Praecipuas</span> <span class='ocrx_word' id='word_1_38' title='bbox 432 1101 627 1152; x_wconf 89' lang='lat' dir='ltr'>contra</span> <span class='ocrx_word' id='word_1_39' title='bbox 656 1098 977 1153; x_wconf 84' lang='lat' dir='ltr'>Jordanem</span> <span class='ocrx_word' id='word_1_40' title='bbox 1008 1097 1160 1151; x_wconf 90' lang='lat' dir='ltr'>bella</span> <span class='ocrx_word' id='word_1_41' title='bbox 1192 1097 1437 1168; x_wconf 80' lang='lat' dir='ltr'>gerendi</span> 
     </span>
    </p>
   </div>
   <div class='ocr_carea' id='block_1_9' title="bbox 121 1184 1389 1254">
    <p class='ocr_par' dir='ltr' id='par_1_9' title="bbox 121 1184 1389 1254">
     <span class='ocr_line' id='line_1_9' title="bbox 121 1184 1389 1254; baseline 0 -16"><span class='ocrx_word' id='word_1_42' title='bbox 121 1184 286 1253; x_wconf 82' lang='lat' dir='ltr'>Caras,</span> <span class='ocrx_word' id='word_1_43' title='bbox 305 1186 560 1240; x_wconf 90' lang='lat' dir='ltr'>infectum</span> <span class='ocrx_word' id='word_1_44' title='bbox 589 1185 670 1238; x_wconf 92' lang='lat' dir='ltr'>nil</span> <span class='ocrx_word' id='word_1_45' title='bbox 700 1185 1081 1254; x_wconf 79' lang='lat' dir='ltr'>dimissurus,</span> <span class='ocrx_word' id='word_1_46' title='bbox 1116 1185 1389 1254; x_wconf 82' lang='lat' dir='ltr'>habebat,</span> 
     </span>
    </p>
   </div>
   <div class='ocr_carea' id='block_1_10' title="bbox 120 1272 1465 1343">
    <p class='ocr_par' dir='ltr' id='par_1_10' title="bbox 120 1272 1465 1343">
     <span class='ocr_line' id='line_1_10' title="bbox 120 1272 1465 1343; baseline -0.001 -17"><span class='ocrx_word' id='word_1_47' title='bbox 120 1272 375 1343; x_wconf 80' lang='lat' dir='ltr'>Pmpterea</span> <span class='ocrx_word' id='word_1_48' title='bbox 404 1274 560 1328; x_wconf 91' lang='lat' dir='ltr'>Latio</span> <span class='ocrx_word' id='word_1_49' title='bbox 581 1289 697 1328; x_wconf 93' lang='lat' dir='ltr'>non</span> <span class='ocrx_word' id='word_1_50' title='bbox 726 1274 858 1343; x_wconf 90' lang='lat' dir='ltr'>ipse</span> <span class='ocrx_word' id='word_1_51' title='bbox 888 1274 1081 1327; x_wconf 87' lang='lat' dir='ltr'>redire</span> <span class='ocrx_word' id='word_1_52' title='bbox 1111 1273 1368 1343; x_wconf 89' lang='lat' dir='ltr'>volebat,</span> <span class='ocrx_word' id='word_1_53' title='bbox 1446 1324 1465 1341; x_wconf 35' lang='grc' dir='ltr'><strong>κ</strong></span> 
     </span>
    </p>
   </div>
   <div class='ocr_carea' id='block_1_11' title="bbox 121 1360 1409 1442">
    <p class='ocr_par' dir='ltr' id='par_1_11' title="bbox 121 1360 1409 1442">
     <span class='ocr_line' id='line_1_11' title="bbox 121 1360 1409 1442; baseline 0 -29"><span class='ocrx_word' id='word_1_54' title='bbox 121 1360 340 1414; x_wconf 74' lang='lat' dir='ltr'>Iordanis</span> <span class='ocrx_word' id='word_1_55' title='bbox 367 1363 632 1442; x_wconf 79' lang='lat' dir='ltr'>princeps</span> <span class='ocrx_word' id='word_1_56' title='bbox 663 1362 1011 1431; x_wconf 85' lang='lat' dir='ltr'>perterritus</span> <span class='ocrx_word' id='word_1_57' title='bbox 1042 1360 1409 1415; x_wconf 82' lang='lat' dir='ltr'>advenientis</span> 
     </span>
    </p>
   </div>
   <div class='ocr_carea' id='block_1_12' title="bbox 120 1446 1195 1518">
    <p class='ocr_par' dir='ltr' id='par_1_12' title="bbox 120 1446 1195 1518">
     <span class='ocr_line' id='line_1_12' title="bbox 120 1446 1195 1518; baseline 0.001 -17"><span class='ocrx_word' id='word_1_58' title='bbox 120 1446 311 1502; x_wconf 85' lang='lat' dir='ltr'>Henrici</span> <span class='ocrx_word' id='word_1_59' title='bbox 336 1447 496 1518; x_wconf 88' lang='lat' dir='ltr'>fama,</span> <span class='ocrx_word' id='word_1_60' title='bbox 526 1465 641 1504; x_wconf 91' lang='lat' dir='ltr'>non</span> <span class='ocrx_word' id='word_1_61' title='bbox 672 1450 853 1503; x_wconf 90' lang='lat' dir='ltr'>armis</span> <span class='ocrx_word' id='word_1_62' title='bbox 884 1449 1082 1503; x_wconf 91' lang='lat' dir='ltr'>obviat</span> <span class='ocrx_word' id='word_1_63' title='bbox 1110 1448 1195 1502; x_wconf 92' lang='lat' dir='ltr'>illi</span> 
     </span>
    </p>
   </div>
   <div class='ocr_carea' id='block_1_13' title="bbox 119 1534 1259 1608">
    <p class='ocr_par' dir='ltr' id='par_1_13' title="bbox 119 1534 1259 1608">
     <span class='ocr_line' id='line_1_13' title="bbox 119 1534 1259 1608; baseline 0.003 -19"><span class='ocrx_word' id='word_1_64' title='bbox 119 1534 175 1589; x_wconf 92' lang='lat' dir='ltr'>Ut</span> <span class='ocrx_word' id='word_1_65' title='bbox 198 1551 310 1591; x_wconf 88' lang='lat' dir='ltr'>sese</span> <span class='ocrx_word' id='word_1_66' title='bbox 338 1536 589 1608; x_wconf 84' lang='lat' dir='ltr'>ﬁnesque</span> <span class='ocrx_word' id='word_1_67' title='bbox 620 1553 768 1592; x_wconf 92' lang='lat' dir='ltr'>suos</span> <span class='ocrx_word' id='word_1_68' title='bbox 790 1539 1007 1592; x_wconf 91' lang='lat' dir='ltr'>tutetur</span> <span class='ocrx_word' id='word_1_69' title='bbox 1037 1537 1109 1591; x_wconf 90' lang='lat' dir='ltr'>ab</span> <span class='ocrx_word' id='word_1_70' title='bbox 1140 1536 1259 1603; x_wconf 85' lang='lat' dir='ltr'>illo,</span> 
     </span>
    </p>
   </div>
   <div class='ocr_carea' id='block_1_14' title="bbox 116 1622 1454 1694">
    <p class='ocr_par' dir='ltr' id='par_1_14' title="bbox 116 1622 1454 1694">
     <span class='ocr_line' id='line_1_14' title="bbox 116 1622 1454 1694; baseline 0 -17"><span class='ocrx_word' id='word_1_71' title='bbox 116 1622 204 1677; x_wconf 87' lang='lat' dir='ltr'>Sed</span> <span class='ocrx_word' id='word_1_72' title='bbox 220 1623 378 1679; x_wconf 66' lang='lat' dir='ltr'>ﬁrmae</span> <span class='ocrx_word' id='word_1_73' title='bbox 407 1641 605 1680; x_wconf 88' lang='lat' dir='ltr'>secum</span> <span class='ocrx_word' id='word_1_74' title='bbox 635 1640 999 1694; x_wconf 87' lang='lat' dir='ltr'>componens</span> <span class='ocrx_word' id='word_1_75' title='bbox 1033 1624 1254 1678; x_wconf 73' lang='lat' dir='ltr'>fmdera</span> <span class='ocrx_word' id='word_1_76' title='bbox 1288 1624 1454 1693; x_wconf 83' lang='lat' dir='ltr'>pacis</span> 
     </span>
    </p>
   </div>
   <div class='ocr_carea' id='block_1_15' title="bbox 116 1712 1392 1786">
    <p class='ocr_par' dir='ltr' id='par_1_15' title="bbox 116 1712 1392 1786">
     <span class='ocr_line' id='line_1_15' title="bbox 116 1712 1392 1786; baseline 0.001 -22"><span class='ocrx_word' id='word_1_77' title='bbox 116 1712 181 1765; x_wconf 92' lang='lat' dir='ltr'>Illi</span> <span class='ocrx_word' id='word_1_78' title='bbox 195 1728 248 1766; x_wconf 90' lang='lat' dir='ltr'>se</span> <span class='ocrx_word' id='word_1_79' title='bbox 274 1713 513 1784; x_wconf 82' lang='lat' dir='ltr'>subigit;</span> <span class='ocrx_word' id='word_1_80' title='bbox 544 1714 784 1786; x_wconf 88' lang='lat' dir='ltr'>genitus</span> <span class='ocrx_word' id='word_1_81' title='bbox 814 1713 1158 1767; x_wconf 88' lang='lat' dir='ltr'>conceditur</span> <span class='ocrx_word' id='word_1_82' title='bbox 1189 1712 1392 1781; x_wconf 87' lang='lat' dir='ltr'>obses,</span> 
     </span>
    </p>
   </div>
   <div class='ocr_carea' id='block_1_16' title="bbox 116 1798 1508 1870">
    <p class='ocr_par' dir='ltr' id='par_1_16' title="bbox 116 1798 1508 1870">
     <span class='ocr_line' id='line_1_16' title="bbox 116 1798 1508 1870; baseline 0 -18"><span class='ocrx_word' id='word_1_83' title='bbox 116 1798 304 1854; x_wconf 85' lang='lat' dir='ltr'>Etcum</span> <span class='ocrx_word' id='word_1_84' title='bbox 328 1801 479 1870; x_wconf 87' lang='lat' dir='ltr'>prole</span> <span class='ocrx_word' id='word_1_85' title='bbox 508 1802 667 1856; x_wconf 91' lang='lat' dir='ltr'>dedit</span> <span class='ocrx_word' id='word_1_86' title='bbox 698 1801 1023 1856; x_wconf 89' lang='lat' dir='ltr'>solidorum</span> <span class='ocrx_word' id='word_1_87' title='bbox 1056 1815 1298 1854; x_wconf 88' lang='lat' dir='ltr'>munera</span> <span class='ocrx_word' id='word_1_88' title='bbox 1330 1799 1508 1853; x_wconf 90' lang='lat' dir='ltr'>multa</span> 
     </span>
    </p>
   </div>
   <div class='ocr_carea' id='block_1_17' title="bbox 114 1886 1463 1963">
    <p class='ocr_par' dir='ltr' id='par_1_17' title="bbox 114 1886 1463 1963">
     <span class='ocr_line' id='line_1_17' title="bbox 114 1886 1463 1963; baseline 0.001 -23"><span class='ocrx_word' id='word_1_89' title='bbox 114 1886 228 1956; x_wconf 85' lang='lat' dir='ltr'>Hoc,</span> <span class='ocrx_word' id='word_1_90' title='bbox 256 1903 320 1942; x_wconf 90' lang='lat' dir='ltr'>ne</span> <span class='ocrx_word' id='word_1_91' title='bbox 344 1889 594 1958; x_wconf 78' lang='lat' dir='ltr'>privetur</span> <span class='ocrx_word' id='word_1_92' title='bbox 611 1889 944 1945; x_wconf 88' lang='lat' dir='ltr'>dominatus</span> <span class='ocrx_word' id='word_1_93' title='bbox 968 1888 1105 1959; x_wconf 90' lang='lat' dir='ltr'>jure</span> <span class='ocrx_word' id='word_1_94' title='bbox 1134 1889 1361 1957; x_wconf 86' lang='lat' dir='ltr'>paterni</span> <span class='ocrx_word' id='word_1_95' title='bbox 1460 1962 1463 1963; x_wconf 14' lang='grc' dir='ltr'><em>ν</em></span> 
     </span>
    </p>
   </div>
   <div class='ocr_carea' id='block_1_18' title="bbox 113 1971 1447 2047">
    <p class='ocr_par' dir='ltr' id='par_1_18' title="bbox 113 1971 1447 2047">
     <span class='ocr_line' id='line_1_18' title="bbox 113 1971 1447 2047; baseline 0.001 -22"><span class='ocrx_word' id='word_1_96' title='bbox 113 1971 257 2043; x_wconf 87' lang='lat' dir='ltr'>Fecit,</span> <span class='ocrx_word' id='word_1_97' title='bbox 286 1975 330 2028; x_wconf 89' lang='lat' dir='ltr'>si</span> <span class='ocrx_word' id='word_1_98' title='bbox 358 1977 480 2047; x_wconf 88' lang='lat' dir='ltr'>regi</span> <span class='ocrx_word' id='word_1_99' title='bbox 506 1977 581 2031; x_wconf 91' lang='lat' dir='ltr'>sit</span> <span class='ocrx_word' id='word_1_100' title='bbox 612 1976 687 2030; x_wconf 91' lang='lat' dir='ltr'>ad</span> <span class='ocrx_word' id='word_1_101' title='bbox 708 1976 941 2046; x_wconf 87' lang='lat' dir='ltr'>Appula</span> <span class='ocrx_word' id='word_1_102' title='bbox 968 1975 1256 2029; x_wconf 81' lang='lat' dir='ltr'>transitus</span> <span class='ocrx_word' id='word_1_103' title='bbox 1287 1990 1447 2028; x_wconf 90' lang='lat' dir='ltr'>arva.</span> 
     </span>
    </p>
   </div>
   <div class='ocr_carea' id='block_1_19' title="bbox 111 2060 1296 2133">
    <p class='ocr_par' dir='ltr' id='par_1_19' title="bbox 111 2060 1296 2133">
     <span class='ocr_line' id='line_1_19' title="bbox 111 2060 1296 2133; baseline 0.003 -20"><span class='ocrx_word' id='word_1_104' title='bbox 111 2060 164 2114; x_wconf 85' lang='lat' dir='ltr'>Et</span> <span class='ocrx_word' id='word_1_105' title='bbox 184 2063 296 2133; x_wconf 86' lang='lat' dir='ltr'>quia</span> <span class='ocrx_word' id='word_1_106' title='bbox 317 2063 579 2118; x_wconf 86' lang='lat' dir='ltr'>Jordanis</span> <span class='ocrx_word' id='word_1_107' title='bbox 611 2065 820 2118; x_wconf 89' lang='lat' dir='ltr'>ditioni</span> <span class='ocrx_word' id='word_1_108' title='bbox 852 2065 1119 2118; x_wconf 85' lang='lat' dir='ltr'>cesserat</span> <span class='ocrx_word' id='word_1_109' title='bbox 1141 2062 1296 2133; x_wconf 84' lang='lat' dir='ltr'>ejus,</span> 
     </span>
    </p>
   </div>
   <div class='ocr_carea' id='block_1_20' title="bbox 111 2148 1373 2222">
    <p class='ocr_par' dir='ltr' id='par_1_20' title="bbox 111 2148 1373 2222">
     <span class='ocr_line' id='line_1_20' title="bbox 111 2148 1373 2222; baseline 0.002 -20"><span class='ocrx_word' id='word_1_110' title='bbox 111 2148 212 2203; x_wconf 82' lang='lat' dir='ltr'>Dux</span> <span class='ocrx_word' id='word_1_111' title='bbox 226 2150 386 2221; x_wconf 71' lang='lat' dir='ltr'>hujus</span> <span class='ocrx_word' id='word_1_112' title='bbox 414 2154 599 2206; x_wconf 88' lang='lat' dir='ltr'>terras</span> <span class='ocrx_word' id='word_1_113' title='bbox 633 2152 792 2207; x_wconf 89' lang='lat' dir='ltr'>ferro</span> <span class='ocrx_word' id='word_1_114' title='bbox 821 2152 1134 2222; x_wconf 85' lang='lat' dir='ltr'>populatur</span> <span class='ocrx_word' id='word_1_115' title='bbox 1163 2154 1219 2205; x_wconf 90' lang='lat' dir='ltr'>et</span> <span class='ocrx_word' id='word_1_116' title='bbox 1247 2150 1373 2222; x_wconf 93' lang='lat' dir='ltr'>igni</span> 
     </span>
    </p>
   </div>
   <div class='ocr_carea' id='block_1_21' title="bbox 111 2236 1459 2311">
    <p class='ocr_par' dir='ltr' id='par_1_21' title="bbox 111 2236 1459 2311">
     <span class='ocr_line' id='line_1_21' title="bbox 111 2236 1459 2311; baseline 0.002 -23"><span class='ocrx_word' id='word_1_117' title='bbox 111 2236 217 2291; x_wconf 87' lang='lat' dir='ltr'>Inde</span> <span class='ocrx_word' id='word_1_118' title='bbox 234 2254 397 2309; x_wconf 90' lang='lat' dir='ltr'>nepos</span> <span class='ocrx_word' id='word_1_119' title='bbox 426 2241 588 2311; x_wconf 84' lang='lat' dir='ltr'>petiit</span> <span class='ocrx_word' id='word_1_120' title='bbox 616 2256 842 2310; x_wconf 90' lang='lat' dir='ltr'>pacem,</span> <span class='ocrx_word' id='word_1_121' title='bbox 865 2240 1189 2310; x_wconf 85' lang='lat' dir='ltr'>recipitque</span> <span class='ocrx_word' id='word_1_122' title='bbox 1221 2239 1459 2309; x_wconf 88' lang='lat' dir='ltr'>petitam</span> 
     </span>
    </p>
   </div>
   <div class='ocr_carea' id='block_1_22' title="bbox 109 2323 1278 2399">
    <p class='ocr_par' dir='ltr' id='par_1_22' title="bbox 109 2323 1278 2399">
     <span class='ocr_line' id='line_1_22' title="bbox 109 2323 1278 2399; baseline 0.003 -22"><span class='ocrx_word' id='word_1_123' title='bbox 109 2323 345 2396; x_wconf 85' lang='lat' dir='ltr'>Gregorio</span> <span class='ocrx_word' id='word_1_124' title='bbox 372 2344 549 2399; x_wconf 68' lang='lat' dir='ltr'>papm,</span> <span class='ocrx_word' id='word_1_125' title='bbox 582 2328 809 2383; x_wconf 87' lang='lat' dir='ltr'>sedatis</span> <span class='ocrx_word' id='word_1_126' title='bbox 840 2329 1114 2382; x_wconf 90' lang='lat' dir='ltr'>omnibus</span> <span class='ocrx_word' id='word_1_127' title='bbox 1146 2330 1278 2381; x_wconf 89' lang='lat' dir='ltr'>ante</span> 
     </span>
    </p>
   </div>
   <div class='ocr_carea' id='block_1_23' title="bbox 107 2411 1633 2485">
    <p class='ocr_par' dir='ltr' id='par_1_23' title="bbox 107 2411 1633 2485">
     <span class='ocr_line' id='line_1_23' title="bbox 107 2411 1633 2485; baseline 0.001 -19"><span class='ocrx_word' id='word_1_128' title='bbox 107 2411 252 2476; x_wconf 87' lang='lat' dir='ltr'>Quam</span> <span class='ocrx_word' id='word_1_129' title='bbox 284 2419 491 2485; x_wconf 88' lang='lat' dir='ltr'>repetat</span> <span class='ocrx_word' id='word_1_130' title='bbox 536 2418 689 2471; x_wconf 85' lang='lat' dir='ltr'>fines</span> <span class='ocrx_word' id='word_1_131' title='bbox 722 2417 1065 2471; x_wconf 84' lang='lat' dir='ltr'>Graecorum</span> <span class='ocrx_word' id='word_1_132' title='bbox 1093 2431 1106 2485; x_wconf 88' lang='lat'><strong>;</strong></span> <span class='ocrx_word' id='word_1_133' title='bbox 1135 2415 1427 2485; x_wconf 90' lang='lat' dir='ltr'>supplicat</span> <span class='ocrx_word' id='word_1_134' title='bbox 1456 2428 1633 2468; x_wconf 90' lang='lat' dir='ltr'>orans</span> 
     </span>
    </p>
   </div>
   <div class='ocr_carea' id='block_1_24' title="bbox 107 2499 1650 2575">
    <p class='ocr_par' dir='ltr' id='par_1_24' title="bbox 107 2499 1650 2575">
     <span class='ocr_line' id='line_1_24' title="bbox 107 2499 1650 2575; baseline 0.002 -23"><span class='ocrx_word' id='word_1_135' title='bbox 107 2499 304 2556; x_wconf 79' lang='lat' dir='ltr'>Dedicat</span> <span class='ocrx_word' id='word_1_136' title='bbox 331 2506 657 2573; x_wconf 87' lang='lat' dir='ltr'>ecclesiam,</span> <span class='ocrx_word' id='word_1_137' title='bbox 691 2521 866 2575; x_wconf 89' lang='lat' dir='ltr'>quam</span> <span class='ocrx_word' id='word_1_138' title='bbox 898 2504 1120 2557; x_wconf 87' lang='lat' dir='ltr'>fecerat</span> <span class='ocrx_word' id='word_1_139' title='bbox 1147 2503 1240 2557; x_wconf 90' lang='lat' dir='ltr'>hic</span> <span class='ocrx_word' id='word_1_140' title='bbox 1265 2504 1337 2556; x_wconf 90' lang='lat' dir='ltr'>ad</span> <span class='ocrx_word' id='word_1_141' title='bbox 1367 2503 1650 2557; x_wconf 82' lang='lat' dir='ltr'>honorem</span> 
     </span>
    </p>
   </div>
   <div class='ocr_carea' id='block_1_25' title="bbox 108 2580 1687 2663">
    <p class='ocr_par' dir='ltr' id='par_1_25' title="bbox 108 2580 1687 2663">
     <span class='ocr_line' id='line_1_25' title="bbox 108 2580 1687 2663; baseline 0.003 -23"><span class='ocrx_word' id='word_1_142' title='bbox 108 2587 318 2644; x_wconf 68' lang='lat' dir='ltr'>Matthzei</span> <span class='ocrx_word' id='word_1_143' title='bbox 338 2593 539 2661; x_wconf 90' lang='lat' dir='ltr'>sancti,</span> <span class='ocrx_word' id='word_1_144' title='bbox 568 2592 840 2663; x_wconf 89' lang='lat' dir='ltr'>placidus</span> <span class='ocrx_word' id='word_1_145' title='bbox 872 2591 1029 2645; x_wconf 90' lang='lat' dir='ltr'>favet</span> <span class='ocrx_word' id='word_1_146' title='bbox 1050 2592 1135 2644; x_wconf 92' lang='lat' dir='ltr'>illi</span> <span class='ocrx_word' id='word_1_147' title='bbox 1161 2591 1444 2660; x_wconf 86' lang='lat' dir='ltr'>precanti.</span> <span class='ocrx_word' id='word_1_148' title='bbox 1682 2580 1687 2585; x_wconf 62' lang='grc'><strong>’</strong></span> 
     </span>
    </p>
   </div>
   <div class='ocr_carea' id='block_1_26' title="bbox 106 2675 1438 2750">
    <p class='ocr_par' dir='ltr' id='par_1_26' title="bbox 106 2675 1438 2750">
     <span class='ocr_line' id='line_1_26' title="bbox 106 2675 1438 2750; baseline 0.003 -22"><span class='ocrx_word' id='word_1_149' title='bbox 106 2675 190 2731; x_wconf 85' lang='lat' dir='ltr'>His</span> <span class='ocrx_word' id='word_1_150' title='bbox 215 2679 280 2732; x_wconf 91' lang='lat' dir='ltr'>ita</span> <span class='ocrx_word' id='word_1_151' title='bbox 308 2681 625 2750; x_wconf 90' lang='lat' dir='ltr'>completis,</span> <span class='ocrx_word' id='word_1_152' title='bbox 660 2681 889 2734; x_wconf 91' lang='lat' dir='ltr'>animos</span> <span class='ocrx_word' id='word_1_153' title='bbox 918 2680 1165 2733; x_wconf 89' lang='lat' dir='ltr'>intendit</span> <span class='ocrx_word' id='word_1_154' title='bbox 1191 2679 1264 2733; x_wconf 91' lang='lat' dir='ltr'>ad</span> <span class='ocrx_word' id='word_1_155' title='bbox 1294 2678 1438 2732; x_wconf 89' lang='lat' dir='ltr'>illud</span> 
     </span>
    </p>
   </div>
   <div class='ocr_carea' id='block_1_27' title="bbox 107 2762 1632 2840">
    <p class='ocr_par' dir='ltr' id='par_1_27' title="bbox 107 2762 1632 2840">
     <span class='ocr_line' id='line_1_27' title="bbox 107 2762 1632 2840; baseline 0.004 -25"><span class='ocrx_word' id='word_1_156' title='bbox 107 2762 446 2837; x_wconf 85' lang='lat' dir='ltr'>Propositum,</span> <span class='ocrx_word' id='word_1_157' title='bbox 479 2769 638 2840; x_wconf 88' lang='lat' dir='ltr'>quod</span> <span class='ocrx_word' id='word_1_158' title='bbox 667 2773 859 2823; x_wconf 83' lang='lat' dir='ltr'>mente</span> <span class='ocrx_word' id='word_1_159' title='bbox 892 2767 991 2822; x_wconf 83' lang='lat' dir='ltr'>diu</span> <span class='ocrx_word' id='word_1_160' title='bbox 1024 2769 1296 2821; x_wconf 87' lang='lat' dir='ltr'>tractarat</span> <span class='ocrx_word' id='word_1_161' title='bbox 1316 2766 1632 2838; x_wconf 90' lang='lat' dir='ltr'>agendum.</span> 
     </span>
    </p>
   </div>
   <div class='ocr_carea' id='block_1_28' title="bbox 104 2850 1422 2928">
    <p class='ocr_par' dir='ltr' id='par_1_28' title="bbox 104 2850 1422 2928">
     <span class='ocr_line' id='line_1_28' title="bbox 104 2850 1422 2928; baseline 0.002 -24"><span class='ocrx_word' id='word_1_162' title='bbox 104 2850 295 2909; x_wconf 83' lang='lat' dir='ltr'>Electos</span> <span class='ocrx_word' id='word_1_163' title='bbox 324 2856 496 2928; x_wconf 85' lang='lat' dir='ltr'>igitur</span> <span class='ocrx_word' id='word_1_164' title='bbox 513 2861 746 2926; x_wconf 87' lang='lat' dir='ltr'>nautas,</span> <span class='ocrx_word' id='word_1_165' title='bbox 772 2860 829 2910; x_wconf 85' lang='lat' dir='ltr'>et</span> <span class='ocrx_word' id='word_1_166' title='bbox 857 2872 1009 2926; x_wconf 89' lang='lat' dir='ltr'>quos</span> <span class='ocrx_word' id='word_1_167' title='bbox 1032 2854 1223 2926; x_wconf 89' lang='lat' dir='ltr'>magis</span> <span class='ocrx_word' id='word_1_168' title='bbox 1254 2857 1422 2924; x_wconf 90' lang='lat' dir='ltr'>aptos</span> 
     </span>
    </p>
   </div>
   <div class='ocr_carea' id='block_1_29' title="bbox 102 2939 1387 3015">
    <p class='ocr_par' dir='ltr' id='par_1_29' title="bbox 102 2939 1387 3015">
     <span class='ocr_line' id='line_1_29' title="bbox 102 2939 1387 3015; baseline 0.005 -24"><span class='ocrx_word' id='word_1_169' title='bbox 102 2939 280 2997; x_wconf 63' lang='lat' dir='ltr'>Militia;</span> <span class='ocrx_word' id='word_1_170' title='bbox 306 2946 478 3015; x_wconf 88' lang='lat' dir='ltr'>novit,</span> <span class='ocrx_word' id='word_1_171' title='bbox 515 2962 724 3000; x_wconf 91' lang='lat' dir='ltr'>secum</span> <span class='ocrx_word' id='word_1_172' title='bbox 746 2944 884 2998; x_wconf 84' lang='lat' dir='ltr'>facit</span> <span class='ocrx_word' id='word_1_173' title='bbox 914 2944 998 2997; x_wconf 93' lang='lat' dir='ltr'>ire</span> <span class='ocrx_word' id='word_1_174' title='bbox 1025 2943 1342 2997; x_wconf 88' lang='lat' dir='ltr'>Tarentum</span> <span class='ocrx_word' id='word_1_175' title='bbox 1376 2960 1387 2998; x_wconf 89' lang='lat'><strong>:</strong></span> 
     </span>
    </p>
   </div>
   <div class='ocr_carea' id='block_1_30' title="bbox 101 3027 1513 3105">
    <p class='ocr_par' dir='ltr' id='par_1_30' title="bbox 101 3027 1513 3105">
     <span class='ocr_line' id='line_1_30' title="bbox 101 3027 1513 3105; baseline 0.002 -24"><span class='ocrx_word' id='word_1_176' title='bbox 101 3027 204 3083; x_wconf 87' lang='lat' dir='ltr'>Huc</span> <span class='ocrx_word' id='word_1_177' title='bbox 229 3048 347 3086; x_wconf 89' lang='lat' dir='ltr'>cum</span> <span class='ocrx_word' id='word_1_178' title='bbox 376 3037 548 3105; x_wconf 88' lang='lat' dir='ltr'>gente</span> <span class='ocrx_word' id='word_1_179' title='bbox 580 3049 688 3088; x_wconf 88' lang='lat' dir='ltr'>sua</span> <span class='ocrx_word' id='word_1_180' title='bbox 718 3033 888 3086; x_wconf 90' lang='lat' dir='ltr'>navis</span> <span class='ocrx_word' id='word_1_181' title='bbox 913 3033 1269 3086; x_wconf 88' lang='lat' dir='ltr'>convenerat</span> <span class='ocrx_word' id='word_1_182' title='bbox 1299 3030 1513 3100; x_wconf 90' lang='lat' dir='ltr'>omnis,</span> 
     </span>
    </p>
   </div>
   <div class='ocr_carea' id='block_1_31' title="bbox 100 3114 1402 3193">
    <p class='ocr_par' dir='ltr' id='par_1_31' title="bbox 100 3114 1402 3193">
     <span class='ocr_line' id='line_1_31' title="bbox 100 3114 1402 3193; baseline 0.005 -25"><span class='ocrx_word' id='word_1_183' title='bbox 100 3114 285 3173; x_wconf 87' lang='lat' dir='ltr'>Classis</span> <span class='ocrx_word' id='word_1_184' title='bbox 312 3122 660 3193; x_wconf 83' lang='lat' dir='ltr'>magnificos</span> <span class='ocrx_word' id='word_1_185' title='bbox 682 3122 764 3175; x_wconf 89' lang='lat' dir='ltr'>ibi</span> <span class='ocrx_word' id='word_1_186' title='bbox 794 3121 1133 3191; x_wconf 60' lang='lat' dir='ltr'>militiaeque</span> <span class='ocrx_word' id='word_1_187' title='bbox 1163 3123 1402 3190; x_wconf 88' lang='lat' dir='ltr'>paratus</span> 
     </span>
    </p>
   </div>
   <div class='ocr_carea' id='block_1_32' title="bbox 98 3203 1499 3279">
    <p class='ocr_par' dir='ltr' id='par_1_32' title="bbox 98 3203 1499 3279">
     <span class='ocr_line' id='line_1_32' title="bbox 98 3203 1499 3279; baseline 0.002 -23"><span class='ocrx_word' id='word_1_188' title='bbox 98 3203 313 3277; x_wconf 86' lang='lat' dir='ltr'>Instruit,</span> <span class='ocrx_word' id='word_1_189' title='bbox 346 3209 628 3279; x_wconf 81' lang='lat' dir='ltr'>expensis</span> <span class='ocrx_word' id='word_1_190' title='bbox 660 3224 844 3262; x_wconf 90' lang='lat' dir='ltr'>naves</span> <span class='ocrx_word' id='word_1_191' title='bbox 875 3207 1193 3277; x_wconf 87' lang='lat' dir='ltr'>implentur</span> <span class='ocrx_word' id='word_1_192' title='bbox 1224 3210 1278 3261; x_wconf 89' lang='lat' dir='ltr'>et</span> <span class='ocrx_word' id='word_1_193' title='bbox 1300 3207 1499 3261; x_wconf 89' lang='lat' dir='ltr'>armis.</span> 
     </span>
    </p>
   </div>
   <div class='ocr_carea' id='block_1_33' title="bbox 98 3292 1384 3367">
    <p class='ocr_par' dir='ltr' id='par_1_33' title="bbox 98 3292 1384 3367">
     <span class='ocr_line' id='line_1_33' title="bbox 98 3292 1384 3367; baseline 0.002 -22"><span class='ocrx_word' id='word_1_194' title='bbox 98 3292 296 3349; x_wconf 87' lang='lat' dir='ltr'>Portum</span> <span class='ocrx_word' id='word_1_195' title='bbox 324 3296 622 3351; x_wconf 91' lang='lat' dir='ltr'>Brondisii</span> <span class='ocrx_word' id='word_1_196' title='bbox 654 3297 755 3367; x_wconf 86' lang='lat' dir='ltr'>qui</span> <span class='ocrx_word' id='word_1_197' title='bbox 776 3296 956 3350; x_wconf 84' lang='lat' dir='ltr'>tutior</span> <span class='ocrx_word' id='word_1_198' title='bbox 984 3311 1121 3349; x_wconf 90' lang='lat' dir='ltr'>esse</span> <span class='ocrx_word' id='word_1_199' title='bbox 1153 3295 1384 3349; x_wconf 90' lang='lat' dir='ltr'>videtur</span> 
     </span>
    </p>
   </div>
   <div class='ocr_carea' id='block_1_34' title="bbox 96 3379 1552 3454">
    <p class='ocr_par' dir='ltr' id='par_1_34' title="bbox 96 3379 1552 3454">
     <span class='ocr_line' id='line_1_34' title="bbox 96 3379 1552 3454; baseline 0.001 -20"><span class='ocrx_word' id='word_1_200' title='bbox 96 3379 179 3435; x_wconf 84' lang='lat' dir='ltr'>His</span> <span class='ocrx_word' id='word_1_201' title='bbox 205 3385 497 3440; x_wconf 90' lang='lat' dir='ltr'>comitatus</span> <span class='ocrx_word' id='word_1_202' title='bbox 521 3386 677 3454; x_wconf 85' lang='lat' dir='ltr'>adit;</span> <span class='ocrx_word' id='word_1_203' title='bbox 706 3386 965 3439; x_wconf 90' lang='lat' dir='ltr'>transire</span> <span class='ocrx_word' id='word_1_204' title='bbox 996 3387 1233 3438; x_wconf 88' lang='lat' dir='ltr'>veretur</span> <span class='ocrx_word' id='word_1_205' title='bbox 1266 3382 1552 3453; x_wconf 73' lang='lat' dir='ltr'>Hydronti</span> 
     </span>
    </p>
   </div>
   <div class='ocr_carea' id='block_1_35' title="bbox 94 3467 1709 3542">
    <p class='ocr_par' dir='ltr' id='par_1_35' title="bbox 94 3467 1709 3542">
     <span class='ocr_line' id='line_1_35' title="bbox 94 3467 1709 3542; baseline 0.002 -19"><span class='ocrx_word' id='word_1_206' title='bbox 94 3467 193 3531; x_wconf 91' lang='lat' dir='ltr'>Quo</span> <span class='ocrx_word' id='word_1_207' title='bbox 221 3471 447 3528; x_wconf 89' lang='lat' dir='ltr'>brevior</span> <span class='ocrx_word' id='word_1_208' title='bbox 474 3479 863 3528; x_wconf 88' lang='lat' dir='ltr'>transcursus</span> <span class='ocrx_word' id='word_1_209' title='bbox 887 3476 1035 3541; x_wconf 90' lang='lat' dir='ltr'>erat,</span> <span class='ocrx_word' id='word_1_210' title='bbox 1068 3472 1203 3542; x_wconf 89' lang='lat' dir='ltr'>quia</span> <span class='ocrx_word' id='word_1_211' title='bbox 1233 3477 1464 3539; x_wconf 86' lang='lat' dir='ltr'>tempus</span> <span class='ocrx_word' id='word_1_212' title='bbox 1495 3471 1709 3526; x_wconf 85' lang='lat' dir='ltr'>adesse</span> 
     </span>
    </p>
   </div>
   <div class='ocr_carea' id='block_1_36' title="bbox 93 3556 1573 3631">
    <p class='ocr_par' dir='ltr' id='par_1_36' title="bbox 93 3556 1573 3631">
     <span class='ocr_line' id='line_1_36' title="bbox 93 3556 1573 3631; baseline 0.002 -21"><span class='ocrx_word' id='word_1_213' title='bbox 93 3556 320 3629; x_wconf 71' lang='lat' dir='ltr'>Cmperat</span> <span class='ocrx_word' id='word_1_214' title='bbox 345 3562 630 3627; x_wconf 88' lang='lat' dir='ltr'>autumni,</span> <span class='ocrx_word' id='word_1_215' title='bbox 657 3561 967 3631; x_wconf 87' lang='lat' dir='ltr'>tranquilla</span> <span class='ocrx_word' id='word_1_216' title='bbox 996 3562 1333 3614; x_wconf 87' lang='lat' dir='ltr'>recesserat</span> <span class='ocrx_word' id='word_1_217' title='bbox 1364 3560 1573 3613; x_wconf 73' lang='lat' dir='ltr'>aestasf</span> 
     </span>
    </p>
   </div>
   <div class='ocr_carea' id='block_1_37' title="bbox 94 3645 1711 3719">
    <p class='ocr_par' dir='ltr' id='par_1_37' title="bbox 94 3645 1711 3719">
     <span class='ocr_line' id='line_1_37' title="bbox 94 3645 1711 3719; baseline 0.001 -20"><span class='ocrx_word' id='word_1_218' title='bbox 94 3645 231 3702; x_wconf 88' lang='lat' dir='ltr'>Unde</span> <span class='ocrx_word' id='word_1_219' title='bbox 274 3651 483 3705; x_wconf 89' lang='lat' dir='ltr'>timens</span> <span class='ocrx_word' id='word_1_220' title='bbox 540 3650 790 3719; x_wconf 88' lang='lat' dir='ltr'>ratibus,</span> <span class='ocrx_word' id='word_1_221' title='bbox 824 3665 989 3704; x_wconf 89' lang='lat' dir='ltr'>mora</span> <span class='ocrx_word' id='word_1_222' title='bbox 1030 3662 1105 3703; x_wconf 92' lang='lat' dir='ltr'>ne</span> <span class='ocrx_word' id='word_1_223' title='bbox 1152 3664 1266 3719; x_wconf 90' lang='lat' dir='ltr'>qua</span> <span class='ocrx_word' id='word_1_224' title='bbox 1316 3651 1558 3703; x_wconf 88' lang='lat' dir='ltr'>noceret</span> <span class='ocrx_word' id='word_1_225' title='bbox 1586 3648 1711 3719; x_wconf 69' lang='lat' dir='ltr'>Hy-</span> 
     </span>
    </p>
   </div>
   <div class='ocr_carea' id='block_1_38' title="bbox 1496 3736 1712 3805">
    <p class='ocr_par' dir='ltr' id='par_1_38' title="bbox 1496 3736 1712 3805">
     <span class='ocr_line' id='line_1_38' title="bbox 1496 3736 1712 3805; baseline 0 -16"><span class='ocrx_word' id='word_1_226' title='bbox 1496 3736 1712 3805; x_wconf 88' lang='lat' dir='ltr'>(dronti</span> 
     </span>
    </p>
   </div>
   <div class='ocr_carea' id='block_1_39' title="bbox 92 3815 1313 3897">
    <p class='ocr_par' dir='ltr' id='par_1_39' title="bbox 92 3815 1313 3897">
     <span class='ocr_line' id='line_1_39' title="bbox 92 3815 1313 3897; baseline 0.003 -22"><span class='ocrx_word' id='word_1_227' title='bbox 92 3820 163 3877; x_wconf 82' lang='lat' dir='ltr'>Ex</span> <span class='ocrx_word' id='word_1_228' title='bbox 182 3828 540 3897; x_wconf 87' lang='lat' dir='ltr'>tempestatis</span> <span class='ocrx_word' id='word_1_229' title='bbox 573 3825 791 3880; x_wconf 89' lang='lat' dir='ltr'>subitis</span> <span class='ocrx_word' id='word_1_230' title='bbox 820 3815 1165 3880; x_wconf 85' lang='lat' dir='ltr'>incursibus</span> <span class='ocrx_word' id='word_1_231' title='bbox 1187 3828 1313 3879; x_wconf 88' lang='lat' dir='ltr'>orta</span> 
     </span>
    </p>
   </div>
   <div class='ocr_carea' id='block_1_40' title="bbox 90 3910 1213 3982">
    <p class='ocr_par' dir='ltr' id='par_1_40' title="bbox 90 3910 1213 3982">
     <span class='ocr_line' id='line_1_40' title="bbox 90 3910 1213 3982; baseline 0.001 -18"><span class='ocrx_word' id='word_1_232' title='bbox 90 3910 140 3964; x_wconf 88' lang='lat' dir='ltr'>In</span> <span class='ocrx_word' id='word_1_233' title='bbox 157 3918 307 3980; x_wconf 87' lang='lat' dir='ltr'>portu</span> <span class='ocrx_word' id='word_1_234' title='bbox 336 3919 456 3969; x_wconf 91' lang='lat' dir='ltr'>tuto</span> <span class='ocrx_word' id='word_1_235' title='bbox 490 3914 553 3968; x_wconf 81' lang='lat' dir='ltr'>fit</span> <span class='ocrx_word' id='word_1_236' title='bbox 574 3914 732 3967; x_wconf 80' lang='lat' dir='ltr'>tutus</span> <span class='ocrx_word' id='word_1_237' title='bbox 756 3913 949 3966; x_wconf 89' lang='lat' dir='ltr'>classe</span> <span class='ocrx_word' id='word_1_238' title='bbox 980 3915 1213 3982; x_wconf 88' lang='lat' dir='ltr'>recepta</span> 
     </span>
    </p>
   </div>
   <div class='ocr_carea' id='block_1_41' title="bbox 90 3996 1443 4071">
    <p class='ocr_par' dir='ltr' id='par_1_41' title="bbox 90 3996 1443 4071">
     <span class='ocr_line' id='line_1_41' title="bbox 90 3996 1443 4071; baseline 0.003 -21"><span class='ocrx_word' id='word_1_239' title='bbox 90 3996 369 4071; x_wconf 81' lang='lat' dir='ltr'>Exspectat</span> <span class='ocrx_word' id='word_1_240' title='bbox 401 4004 578 4056; x_wconf 84' lang='lat' dir='ltr'>ﬂatus</span> <span class='ocrx_word' id='word_1_241' title='bbox 608 4001 880 4071; x_wconf 88' lang='lat' dir='ltr'>prudenti</span> <span class='ocrx_word' id='word_1_242' title='bbox 903 4003 1094 4055; x_wconf 83' lang='lat' dir='ltr'>mente</span> <span class='ocrx_word' id='word_1_243' title='bbox 1126 4001 1443 4056; x_wconf 90' lang='lat' dir='ltr'>secundos.</span> 
     </span>
    </p>
   </div>
   <div class='ocr_carea' id='block_1_42' title="bbox 90 4085 1254 4159">
    <p class='ocr_par' dir='ltr' id='par_1_42' title="bbox 90 4085 1254 4159">
     <span class='ocr_line' id='line_1_42' title="bbox 90 4085 1254 4159; baseline 0.004 -21"><span class='ocrx_word' id='word_1_244' title='bbox 90 4085 204 4142; x_wconf 91' lang='lat' dir='ltr'>Inde</span> <span class='ocrx_word' id='word_1_245' title='bbox 230 4092 609 4159; x_wconf 89' lang='lat' dir='ltr'>valefaciens,</span> <span class='ocrx_word' id='word_1_246' title='bbox 645 4088 812 4143; x_wconf 85' lang='lat' dir='ltr'>uxori</span> <span class='ocrx_word' id='word_1_247' title='bbox 844 4088 1035 4143; x_wconf 90' lang='lat' dir='ltr'>littore</span> <span class='ocrx_word' id='word_1_248' title='bbox 1058 4090 1254 4158; x_wconf 90' lang='lat' dir='ltr'>stanti,</span> 
     </span>
    </p>
   </div>
   <div class='ocr_carea' id='block_1_43' title="bbox 90 4173 1562 4250">
    <p class='ocr_par' dir='ltr' id='par_1_43' title="bbox 90 4173 1562 4250">
     <span class='ocr_line' id='line_1_43' title="bbox 90 4173 1562 4250; baseline 0.002 -22"><span class='ocrx_word' id='word_1_249' title='bbox 90 4173 441 4250; x_wconf 84' lang='lat' dir='ltr'>Restantique</span> <span class='ocrx_word' id='word_1_250' title='bbox 466 4178 646 4232; x_wconf 89' lang='lat' dir='ltr'>simul</span> <span class='ocrx_word' id='word_1_251' title='bbox 667 4176 882 4247; x_wconf 90' lang='lat' dir='ltr'>populo</span> <span class='ocrx_word' id='word_1_252' title='bbox 910 4193 1040 4231; x_wconf 89' lang='lat' dir='ltr'>cum</span> <span class='ocrx_word' id='word_1_253' title='bbox 1074 4178 1352 4249; x_wconf 83' lang='lat' dir='ltr'>conjuge,</span> <span class='ocrx_word' id='word_1_254' title='bbox 1387 4178 1562 4249; x_wconf 87' lang='lat' dir='ltr'>coepit</span> 
     </span>
    </p>
   </div>
   <div class='ocr_carea' id='block_1_44' title="bbox 86 4261 1460 4337">
    <p class='ocr_par' dir='ltr' id='par_1_44' title="bbox 86 4261 1460 4337">
     <span class='ocr_line' id='line_1_44' title="bbox 86 4261 1460 4337; baseline 0.006 -24"><span class='ocrx_word' id='word_1_255' title='bbox 86 4261 298 4321; x_wconf 85' lang='lat' dir='ltr'>Finibus</span> <span class='ocrx_word' id='word_1_256' title='bbox 330 4267 616 4322; x_wconf 82' lang='lat' dir='ltr'>Ausoniis</span> <span class='ocrx_word' id='word_1_257' title='bbox 642 4265 765 4337; x_wconf 82' lang='lat' dir='ltr'>jam</span> <span class='ocrx_word' id='word_1_258' title='bbox 800 4282 912 4319; x_wconf 90' lang='lat' dir='ltr'>non</span> <span class='ocrx_word' id='word_1_259' title='bbox 944 4266 1244 4320; x_wconf 88' lang='lat' dir='ltr'>rediturus</span> <span class='ocrx_word' id='word_1_260' title='bbox 1277 4266 1460 4321; x_wconf 90' lang='lat' dir='ltr'>abire.</span> 
     </span>
    </p>
   </div>
   <div class='ocr_carea' id='block_1_45' title="bbox 88 4352 1329 4425">
    <p class='ocr_par' dir='ltr' id='par_1_45' title="bbox 88 4352 1329 4425">
     <span class='ocr_line' id='line_1_45' title="bbox 88 4352 1329 4425; baseline 0.002 -21"><span class='ocrx_word' id='word_1_261' title='bbox 88 4352 312 4410; x_wconf 85' lang='lat' dir='ltr'>Armatis</span> <span class='ocrx_word' id='word_1_262' title='bbox 339 4360 577 4410; x_wconf 87' lang='lat' dir='ltr'>centum</span> <span class='ocrx_word' id='word_1_263' title='bbox 606 4353 817 4425; x_wconf 87' lang='lat' dir='ltr'>viginti</span> <span class='ocrx_word' id='word_1_264' title='bbox 845 4354 1097 4409; x_wconf 88' lang='lat' dir='ltr'>navibus</span> <span class='ocrx_word' id='word_1_265' title='bbox 1121 4371 1329 4425; x_wconf 79' lang='lat' dir='ltr'>aequor</span> 
     </span>
    </p>
   </div>
   <div class='ocr_carea' id='block_1_46' title="bbox 87 4439 1641 4513">
    <p class='ocr_par' dir='ltr' id='par_1_46' title="bbox 87 4439 1641 4513">
     <span class='ocr_line' id='line_1_46' title="bbox 87 4439 1641 4513; baseline 0.003 -22"><span class='ocrx_word' id='word_1_266' title='bbox 87 4439 422 4499; x_wconf 87' lang='lat' dir='ltr'>Transfretat</span> <span class='ocrx_word' id='word_1_267' title='bbox 454 4443 776 4497; x_wconf 84' lang='lat' dir='ltr'>Adriacum</span> <span class='ocrx_word' id='word_1_268' title='bbox 810 4442 1006 4513; x_wconf 89' lang='lat' dir='ltr'>genito</span> <span class='ocrx_word' id='word_1_269' title='bbox 1040 4443 1351 4497; x_wconf 86' lang='lat' dir='ltr'>comitante</span> <span class='ocrx_word' id='word_1_270' title='bbox 1382 4444 1641 4512; x_wconf 81' lang='lat' dir='ltr'>Rogero,</span> 
     </span>
    </p>
   </div>
   <div class='ocr_carea' id='block_1_47' title="bbox 85 4526 1513 4601">
    <p class='ocr_par' dir='ltr' id='par_1_47' title="bbox 85 4526 1513 4601">
     <span class='ocr_line' id='line_1_47' title="bbox 85 4526 1513 4601; baseline 0.004 -20"><span class='ocrx_word' id='word_1_271' title='bbox 85 4526 173 4591; x_wconf 89' lang='lat' dir='ltr'>Qui</span> <span class='ocrx_word' id='word_1_272' title='bbox 200 4533 374 4601; x_wconf 89' lang='lat' dir='ltr'>patris</span> <span class='ocrx_word' id='word_1_273' title='bbox 406 4546 550 4587; x_wconf 90' lang='lat' dir='ltr'>esse</span> <span class='ocrx_word' id='word_1_274' title='bbox 582 4546 811 4601; x_wconf 85' lang='lat' dir='ltr'>sequax</span> <span class='ocrx_word' id='word_1_275' title='bbox 841 4546 1140 4589; x_wconf 88' lang='lat' dir='ltr'>armorum</span> <span class='ocrx_word' id='word_1_276' title='bbox 1170 4533 1513 4587; x_wconf 89' lang='lat' dir='ltr'>strenuitate</span> 
     </span>
    </p>
   </div>
   <div class='ocr_carea' id='block_1_48' title="bbox 86 4614 1362 4687">
    <p class='ocr_par' dir='ltr' id='par_1_48' title="bbox 86 4614 1362 4687">
     <span class='ocr_line' id='line_1_48' title="bbox 86 4614 1362 4687; baseline 0.003 -17"><span class='ocrx_word' id='word_1_277' title='bbox 86 4614 141 4670; x_wconf 82' lang='lat' dir='ltr'>Et</span> <span class='ocrx_word' id='word_1_278' title='bbox 167 4619 383 4687; x_wconf 89' lang='lat' dir='ltr'>placida</span> <span class='ocrx_word' id='word_1_279' title='bbox 417 4619 653 4674; x_wconf 89' lang='lat' dir='ltr'>cunctis</span> <span class='ocrx_word' id='word_1_280' title='bbox 702 4616 1037 4673; x_wconf 67' lang='lat' dir='ltr'>affabilitate</span> <span class='ocrx_word' id='word_1_281' title='bbox 1068 4619 1362 4674; x_wconf 88' lang='lat' dir='ltr'>studebat.</span> 
     </span>
    </p>
   </div>
   <div class='ocr_carea' id='block_1_49' title="bbox 86 4702 1373 4779">
    <p class='ocr_par' dir='ltr' id='par_1_49' title="bbox 86 4702 1373 4779">
     <span class='ocr_line' id='line_1_49' title="bbox 86 4702 1373 4779; baseline 0.005 -23"><span class='ocrx_word' id='word_1_282' title='bbox 86 4702 235 4761; x_wconf 79' lang='lat' dir='ltr'>Duxit</span> <span class='ocrx_word' id='word_1_283' title='bbox 260 4711 549 4779; x_wconf 73' lang='lat' dir='ltr'>praeterea</span> <span class='ocrx_word' id='word_1_284' title='bbox 580 4723 786 4776; x_wconf 91' lang='lat' dir='ltr'>naves,</span> <span class='ocrx_word' id='word_1_285' title='bbox 821 4707 1092 4761; x_wconf 89' lang='lat' dir='ltr'>oneraria</span> <span class='ocrx_word' id='word_1_286' title='bbox 1125 4723 1373 4779; x_wconf 90' lang='lat' dir='ltr'>quarum</span> 
     </span>
    </p>
   </div>
   <div class='ocr_carea' id='block_1_50' title="bbox 86 4792 1719 4868">
    <p class='ocr_par' dir='ltr' id='par_1_50' title="bbox 86 4792 1719 4868">
     <span class='ocr_line' id='line_1_50' title="bbox 86 4792 1719 4868; baseline 0.004 -22"><span class='ocrx_word' id='word_1_287' title='bbox 86 4792 186 4848; x_wconf 77' lang='lat' dir='ltr'>Lex</span> <span class='ocrx_word' id='word_1_288' title='bbox 212 4802 361 4863; x_wconf 91' lang='lat' dir='ltr'>erat;</span> <span class='ocrx_word' id='word_1_289' title='bbox 407 4798 523 4851; x_wconf 89' lang='lat' dir='ltr'>has</span> <span class='ocrx_word' id='word_1_290' title='bbox 555 4798 611 4850; x_wconf 90' lang='lat' dir='ltr'>et</span> <span class='ocrx_word' id='word_1_291' title='bbox 643 4796 815 4866; x_wconf 90' lang='lat' dir='ltr'>equis</span> <span class='ocrx_word' id='word_1_292' title='bbox 846 4798 1201 4866; x_wconf 89' lang='lat' dir='ltr'>sumptuque</span> <span class='ocrx_word' id='word_1_293' title='bbox 1250 4798 1499 4868; x_wconf 86' lang='lat' dir='ltr'>replevit</span> <span class='ocrx_word' id='word_1_294' title='bbox 1537 4802 1593 4853; x_wconf 91' lang='lat' dir='ltr'>et</span> <span class='ocrx_word' id='word_1_295' title='bbox 1622 4815 1719 4853; x_wconf 83' lang='lat' dir='ltr'>ar-</span> 
     </span>
    </p>
   </div>
   <div class='ocr_carea' id='block_1_51' title="bbox 1583 4889 1720 4956">
    <p class='ocr_par' dir='ltr' id='par_1_51' title="bbox 1583 4889 1720 4956">
     <span class='ocr_line' id='line_1_51' title="bbox 1583 4889 1720 4956; baseline 0 -15"><span class='ocrx_word' id='word_1_296' title='bbox 1583 4889 1720 4956; x_wconf 90' lang='lat' dir='ltr'>(mis</span> 
     </span>
    </p>
   </div>
   <div class='ocr_carea' id='block_1_52' title="bbox 85 4967 1434 5046">
    <p class='ocr_par' dir='ltr' id='par_1_52' title="bbox 85 4967 1434 5046">
     <span class='ocr_line' id='line_1_52' title="bbox 85 4967 1434 5046; baseline 0.005 -23"><span class='ocrx_word' id='word_1_297' title='bbox 85 4967 141 5024; x_wconf 81' lang='lat' dir='ltr'>Et</span> <span class='ocrx_word' id='word_1_298' title='bbox 166 4975 343 5028; x_wconf 89' lang='lat' dir='ltr'>variis</span> <span class='ocrx_word' id='word_1_299' title='bbox 375 4974 562 5028; x_wconf 89' lang='lat' dir='ltr'>rebus</span> <span class='ocrx_word' id='word_1_300' title='bbox 595 4988 744 5044; x_wconf 89' lang='lat' dir='ltr'>quas</span> <span class='ocrx_word' id='word_1_301' title='bbox 774 4973 1034 5044; x_wconf 59' lang='lat' dir='ltr'>aequoris</span> <span class='ocrx_word' id='word_1_302' title='bbox 1064 4973 1434 5046; x_wconf 86' lang='lat' dir='ltr'>exigitusus.</span> 
     </span>
    </p>
   </div>
   <div class='ocr_carea' id='block_1_53' title="bbox 84 5058 1414 5135">
    <p class='ocr_par' dir='ltr' id='par_1_53' title="bbox 84 5058 1414 5135">
     <span class='ocr_line' id='line_1_53' title="bbox 84 5058 1414 5135; baseline 0.005 -24"><span class='ocrx_word' id='word_1_303' title='bbox 84 5058 329 5131; x_wconf 57' lang='lat' dir='ltr'>rliquore</span> <span class='ocrx_word' id='word_1_304' title='bbox 355 5066 736 5117; x_wconf 87' lang='lat' dir='ltr'>transvectus</span> <span class='ocrx_word' id='word_1_305' title='bbox 759 5062 1056 5115; x_wconf 87' lang='lat' dir='ltr'>exercitus</span> <span class='ocrx_word' id='word_1_306' title='bbox 1089 5061 1186 5116; x_wconf 88' lang='lat' dir='ltr'>ille</span> <span class='ocrx_word' id='word_1_307' title='bbox 1219 5064 1414 5135; x_wconf 83' lang='lat' dir='ltr'>coegit</span> 
     </span>
    </p>
   </div>
   <div class='ocr_carea' id='block_1_54' title="bbox 79 5145 1381 5222">
    <p class='ocr_par' dir='ltr' id='par_1_54' title="bbox 79 5145 1381 5222">
     <span class='ocr_line' id='line_1_54' title="bbox 79 5145 1381 5222; baseline 0.003 -20"><span class='ocrx_word' id='word_1_308' title='bbox 79 5145 243 5211; x_wconf 86' lang='lat' dir='ltr'>Quem</span> <span class='ocrx_word' id='word_1_309' title='bbox 272 5151 447 5205; x_wconf 90' lang='lat' dir='ltr'>ducis</span> <span class='ocrx_word' id='word_1_310' title='bbox 479 5151 709 5222; x_wconf 81' lang='lat' dir='ltr'>egregii</span> <span class='ocrx_word' id='word_1_311' title='bbox 730 5151 1004 5204; x_wconf 85' lang='lat' dir='ltr'>servabat</span> <span class='ocrx_word' id='word_1_312' title='bbox 1035 5150 1192 5205; x_wconf 83' lang='lat' dir='ltr'>filius</span> <span class='ocrx_word' id='word_1_313' title='bbox 1217 5152 1381 5206; x_wconf 87' lang='lat' dir='ltr'>alter.</span> 
     </span>
    </p>
   </div>
   <div class='ocr_carea' id='block_1_55' title="bbox 82 5234 1284 5310">
    <p class='ocr_par' dir='ltr' id='par_1_55' title="bbox 82 5234 1284 5310">
     <span class='ocr_line' id='line_1_55' title="bbox 82 5234 1284 5310; baseline 0.006 -23"><span class='ocrx_word' id='word_1_314' title='bbox 82 5234 332 5310; x_wconf 78' lang='lat' dir='ltr'>Exegere</span> <span class='ocrx_word' id='word_1_315' title='bbox 365 5240 493 5293; x_wconf 90' lang='lat' dir='ltr'>fere</span> <span class='ocrx_word' id='word_1_316' title='bbox 524 5254 763 5293; x_wconf 90' lang='lat' dir='ltr'>menses</span> <span class='ocrx_word' id='word_1_317' title='bbox 788 5239 846 5291; x_wconf 90' lang='lat' dir='ltr'>in</span> <span class='ocrx_word' id='word_1_318' title='bbox 869 5239 1060 5293; x_wconf 89' lang='lat' dir='ltr'>littore</span> <span class='ocrx_word' id='word_1_319' title='bbox 1091 5240 1284 5305; x_wconf 90' lang='lat' dir='ltr'>binos,</span> 
     </span>
    </p>
   </div>
   <div class='ocr_carea' id='block_1_56' title="bbox 82 5322 1386 5399">
    <p class='ocr_par' dir='ltr' id='par_1_56' title="bbox 82 5322 1386 5399">
     <span class='ocr_line' id='line_1_56' title="bbox 82 5322 1386 5399; baseline 0.006 -23"><span class='ocrx_word' id='word_1_320' title='bbox 82 5322 436 5396; x_wconf 89' lang='lat' dir='ltr'>Tempestate</span> <span class='ocrx_word' id='word_1_321' title='bbox 470 5327 637 5399; x_wconf 89' lang='lat' dir='ltr'>gravi</span> <span class='ocrx_word' id='word_1_322' title='bbox 666 5325 886 5380; x_wconf 89' lang='lat' dir='ltr'>bellum</span> <span class='ocrx_word' id='word_1_323' title='bbox 916 5326 1152 5382; x_wconf 84' lang='lat' dir='ltr'>differre</span> <span class='ocrx_word' id='word_1_324' title='bbox 1181 5329 1386 5384; x_wconf 89' lang='lat' dir='ltr'>coacti.</span> 
     </span>
    </p>
   </div>
   <div class='ocr_carea' id='block_1_57' title="bbox 80 5411 1574 5490">
    <p class='ocr_par' dir='ltr' id='par_1_57' title="bbox 80 5411 1574 5490">
     <span class='ocr_line' id='line_1_57' title="bbox 80 5411 1574 5490; baseline 0.007 -26"><span class='ocrx_word' id='word_1_325' title='bbox 80 5411 370 5484; x_wconf 74' lang='lat' dir='ltr'>Temperie</span> <span class='ocrx_word' id='word_1_326' title='bbox 402 5416 629 5484; x_wconf 90' lang='lat' dir='ltr'>placida</span> <span class='ocrx_word' id='word_1_327' title='bbox 654 5419 881 5484; x_wconf 90' lang='lat' dir='ltr'>portum</span> <span class='ocrx_word' id='word_1_328' title='bbox 906 5416 1185 5471; x_wconf 89' lang='lat' dir='ltr'>redeunte</span> <span class='ocrx_word' id='word_1_329' title='bbox 1217 5418 1574 5490; x_wconf 88' lang='lat' dir='ltr'>relinquunt,</span> 
     </span>
    </p>
   </div>
   <div class='ocr_carea' id='block_1_58' title="bbox 78 5498 1725 5577">
    <p class='ocr_par' dir='ltr' id='par_1_58' title="bbox 78 5498 1725 5577">
     <span class='ocr_line' id='line_1_58' title="bbox 78 5498 1725 5577; baseline 0.007 -25"><span class='ocrx_word' id='word_1_330' title='bbox 78 5498 139 5554; x_wconf 81' lang='lat' dir='ltr'>Et</span> <span class='ocrx_word' id='word_1_331' title='bbox 164 5506 361 5557; x_wconf 88' lang='lat' dir='ltr'>contra</span> <span class='ocrx_word' id='word_1_332' title='bbox 396 5503 683 5558; x_wconf 89' lang='lat' dir='ltr'>Venetum</span> <span class='ocrx_word' id='word_1_333' title='bbox 720 5519 925 5572; x_wconf 90' lang='lat' dir='ltr'>naves,</span> <span class='ocrx_word' id='word_1_334' title='bbox 962 5505 1342 5577; x_wconf 89' lang='lat' dir='ltr'>Danaumque</span> <span class='ocrx_word' id='word_1_335' title='bbox 1383 5509 1725 5566; x_wconf 81' lang='lat' dir='ltr'>cheliudros</span> 
     </span>
    </p>
   </div>
   <div class='ocr_carea' id='block_1_59' title="bbox 76 5586 1620 5665">
    <p class='ocr_par' dir='ltr' id='par_1_59' title="bbox 76 5586 1620 5665">
     <span class='ocr_line' id='line_1_59' title="bbox 76 5586 1620 5665; baseline 0.008 -24"><span class='ocrx_word' id='word_1_336' title='bbox 76 5586 377 5647; x_wconf 85' lang='lat' dir='ltr'>Certamen</span> <span class='ocrx_word' id='word_1_337' title='bbox 409 5592 614 5648; x_wconf 87' lang='lat' dir='ltr'>navale</span> <span class='ocrx_word' id='word_1_338' title='bbox 650 5596 877 5663; x_wconf 89' lang='lat' dir='ltr'>parant,</span> <span class='ocrx_word' id='word_1_339' title='bbox 909 5593 1028 5648; x_wconf 80' lang='lat' dir='ltr'>dux</span> <span class='ocrx_word' id='word_1_340' title='bbox 1058 5594 1317 5665; x_wconf 89' lang='lat' dir='ltr'>quinque</span> <span class='ocrx_word' id='word_1_341' title='bbox 1348 5597 1620 5653; x_wconf 89' lang='lat' dir='ltr'>triremes</span> 
     </span>
    </p>
   </div>
   <div class='ocr_carea' id='block_1_60' title="bbox 79 5675 1480 5760">
    <p class='ocr_par' dir='ltr' id='par_1_60' title="bbox 79 5675 1480 5760">
     <span class='ocr_line' id='line_1_60' title="bbox 79 5675 1480 5760; baseline 0.008 -30"><span class='ocrx_word' id='word_1_342' title='bbox 79 5675 257 5752; x_wconf 90' lang='lat' dir='ltr'>Ducit,</span> <span class='ocrx_word' id='word_1_343' title='bbox 281 5680 587 5738; x_wconf 86' lang='lat' dir='ltr'>ducendas</span> <span class='ocrx_word' id='word_1_344' title='bbox 611 5681 905 5738; x_wconf 88' lang='lat' dir='ltr'>commisit</span> <span class='ocrx_word' id='word_1_345' title='bbox 934 5681 1192 5756; x_wconf 90' lang='lat' dir='ltr'>quinque</span> <span class='ocrx_word' id='word_1_346' title='bbox 1223 5684 1480 5760; x_wconf 78' lang='lat' dir='ltr'>Rogero,</span> 
     </span>
    </p>
   </div>
   <div class='ocr_carea' id='block_1_61' title="bbox 549 316 1789 461">
    <p class='ocr_par' dir='ltr' id='par_1_61' title="bbox 549 316 1789 461">
     <span class='ocr_line' id='line_1_61' title="bbox 549 316 1789 461; baseline 0.001 -39"><span class='ocrx_word' id='word_1_347' title='bbox 549 361 655 423; x_wconf 90' lang='lat' dir='ltr'>DE</span> <span class='ocrx_word' id='word_1_348' title='bbox 693 360 964 423; x_wconf 84' lang='lat' dir='ltr'><strong>REBUS</strong></span> <span class='ocrx_word' id='word_1_349' title='bbox 1010 360 1299 424; x_wconf 89' lang='lat' dir='ltr'>GESTIS</span> <span class='ocrx_word' id='word_1_350' title='bbox 1345 316 1789 430; x_wconf 72' lang='lat' dir='ltr'>NdRMANN.</span> 
     </span>
    </p>
   </div>
   <div class='ocr_carea' id='block_1_62' title="bbox 1740 3264 3453 3369">
    <p class='ocr_par' dir='ltr' id='par_1_62' title="bbox 1740 3264 3453 3369">
     <span class='ocr_line' id='line_1_62' title="bbox 1740 3264 3453 3369; baseline 0.012 -28"><span class='ocrx_word' id='word_1_351' title='bbox 1740 3264 1788 3324; x_wconf 68' lang='grc' dir='ltr'>Ο</span> <span class='ocrx_word' id='word_1_352' title='bbox 1822 3289 2081 3361; x_wconf 90' lang='lat' dir='ltr'>Tamque</span> <span class='ocrx_word' id='word_1_353' title='bbox 2121 3292 2231 3347; x_wconf 91' lang='lat' dir='ltr'>fuit</span> <span class='ocrx_word' id='word_1_354' title='bbox 2266 3293 2585 3348; x_wconf 88' lang='lat' dir='ltr'>vehemens</span> <span class='ocrx_word' id='word_1_355' title='bbox 2629 3296 2920 3365; x_wconf 90' lang='lat' dir='ltr'>impulsus</span> <span class='ocrx_word' id='word_1_356' title='bbox 2956 3264 3210 3369; x_wconf 72' lang='lat' dir='ltr'>impetus</span> <span class='ocrx_word' id='word_1_357' title='bbox 3249 3302 3453 3360; x_wconf 86' lang='lat' dir='ltr'>harum</span> 
     </span>
    </p>
   </div>
   <div class='ocr_carea' id='block_1_63' title="bbox 1836 352 3476 439">
    <p class='ocr_par' dir='ltr' id='par_1_63' title="bbox 1836 352 3476 439">
     <span class='ocr_line' id='line_1_63' title="bbox 1836 352 3476 439; baseline 0.004 -17"><span class='ocrx_word' id='word_1_358' title='bbox 1836 359 1923 424; x_wconf 88' lang='lat' dir='ltr'><strong>IN</strong></span> <span class='ocrx_word' id='word_1_359' title='bbox 1965 356 2290 439; x_wconf 85' lang='lat' dir='ltr'>SICILIA,</span> <span class='ocrx_word' id='word_1_360' title='bbox 2337 352 2517 422; x_wconf 79' lang='lat' dir='ltr'>Ere.</span> <span class='ocrx_word' id='word_1_361' title='bbox 2567 397 2643 408; x_wconf 89' lang='grc'><strong><em>-</em></strong></span> <span class='ocrx_word' id='word_1_362' title='bbox 2687 364 2844 424; x_wconf 85' lang='lat' dir='ltr'>LIB.</span> <span class='ocrx_word' id='word_1_363' title='bbox 2894 366 2970 423; x_wconf 94' lang='lat' dir='ltr'>v.</span> <span class='ocrx_word' id='word_1_364' title='bbox 3316 364 3476 429; x_wconf 82' lang='grc'>10⁸78</span> 
     </span>
    </p>
   </div>
   <div class='ocr_carea' id='block_1_64' title="bbox 1733 558 3222 639">
    <p class='ocr_par' dir='ltr' id='par_1_64' title="bbox 1733 558 3222 639">
     <span class='ocr_line' id='line_1_64' title="bbox 1733 558 3222 639; baseline 0.003 -18"><span class='ocrx_word' id='word_1_365' title='bbox 1733 558 1787 621; x_wconf 74' lang='grc' dir='ltr'><strong>Α</strong></span> <span class='ocrx_word' id='word_1_366' title='bbox 1825 571 2085 625; x_wconf 85' lang='lat' dir='ltr'>Roberto</span> <span class='ocrx_word' id='word_1_367' title='bbox 2106 570 2347 624; x_wconf 88' lang='lat' dir='ltr'>totidem</span> <span class='ocrx_word' id='word_1_368' title='bbox 2377 569 2564 639; x_wconf 87' lang='lat' dir='ltr'>fratri,</span> <span class='ocrx_word' id='word_1_369' title='bbox 2591 571 2832 624; x_wconf 89' lang='lat' dir='ltr'>totidem</span> <span class='ocrx_word' id='word_1_370' title='bbox 2863 571 3222 626; x_wconf 88' lang='lat' dir='ltr'>Boamundo.</span> 
     </span>
    </p>
   </div>
   <div class='ocr_carea' id='block_1_65' title="bbox 1824 657 3311 728">
    <p class='ocr_par' dir='ltr' id='par_1_65' title="bbox 1824 657 3311 728">
     <span class='ocr_line' id='line_1_65' title="bbox 1824 657 3311 728; baseline 0.003 -17"><span class='ocrx_word' id='word_1_371' title='bbox 1824 658 1930 711; x_wconf 90' lang='lat' dir='ltr'>His</span> <span class='ocrx_word' id='word_1_372' title='bbox 1962 658 2206 712; x_wconf 91' lang='lat' dir='ltr'>aderant</span> <span class='ocrx_word' id='word_1_373' title='bbox 2236 659 2446 711; x_wconf 90' lang='lat' dir='ltr'>ratium</span> <span class='ocrx_word' id='word_1_374' title='bbox 2469 657 2751 728; x_wconf 74' lang='lat' dir='ltr'>suffragia</span> <span class='ocrx_word' id='word_1_375' title='bbox 2780 657 2982 727; x_wconf 85' lang='lat' dir='ltr'>juncta</span> <span class='ocrx_word' id='word_1_376' title='bbox 3003 660 3311 714; x_wconf 86' lang='lat' dir='ltr'>minorum.</span> 
     </span>
    </p>
   </div>
   <div class='ocr_carea' id='block_1_66' title="bbox 1821 746 3215 801">
    <p class='ocr_par' dir='ltr' id='par_1_66' title="bbox 1821 746 3215 801">
     <span class='ocr_line' id='line_1_66' title="bbox 1821 746 3215 801; baseline 0.002 -3"><span class='ocrx_word' id='word_1_377' title='bbox 1821 746 2171 800; x_wconf 87' lang='lat' dir='ltr'>Innumeras</span> <span class='ocrx_word' id='word_1_378' title='bbox 2198 746 2354 800; x_wconf 91' lang='lat' dir='ltr'>bello</span> <span class='ocrx_word' id='word_1_379' title='bbox 2384 747 2564 798; x_wconf 89' lang='lat' dir='ltr'>Danai</span> <span class='ocrx_word' id='word_1_380' title='bbox 2596 746 2819 799; x_wconf 79' lang='lat' dir='ltr'>duxere</span> <span class='ocrx_word' id='word_1_381' title='bbox 2854 746 3215 801; x_wconf 85' lang='lat' dir='ltr'>chelindros.</span> 
     </span>
    </p>
   </div>
   <div class='ocr_carea' id='block_1_67' title="bbox 1819 834 3280 905">
    <p class='ocr_par' dir='ltr' id='par_1_67' title="bbox 1819 834 3280 905">
     <span class='ocr_line' id='line_1_67' title="bbox 1819 834 3280 905; baseline 0.001 -18"><span class='ocrx_word' id='word_1_382' title='bbox 1819 834 2022 887; x_wconf 83' lang='lat' dir='ltr'>Altera</span> <span class='ocrx_word' id='word_1_383' title='bbox 2054 834 2224 887; x_wconf 89' lang='lat' dir='ltr'>turba</span> <span class='ocrx_word' id='word_1_384' title='bbox 2254 850 2466 888; x_wconf 90' lang='lat' dir='ltr'>novem</span> <span class='ocrx_word' id='word_1_385' title='bbox 2496 834 2723 887; x_wconf 83' lang='lat' dir='ltr'>confisa</span> <span class='ocrx_word' id='word_1_386' title='bbox 2752 834 3094 888; x_wconf 87' lang='lat' dir='ltr'>triremibus</span> <span class='ocrx_word' id='word_1_387' title='bbox 3125 835 3280 905; x_wconf 90' lang='lat' dir='ltr'>altis,</span> 
     </span>
    </p>
   </div>
   <div class='ocr_carea' id='block_1_68' title="bbox 1818 920 3300 992">
    <p class='ocr_par' dir='ltr' id='par_1_68' title="bbox 1818 920 3300 992">
     <span class='ocr_line' id='line_1_68' title="bbox 1818 920 3300 992; baseline 0.001 -18"><span class='ocrx_word' id='word_1_388' title='bbox 1818 920 1977 986; x_wconf 90' lang='lat' dir='ltr'>Quas</span> <span class='ocrx_word' id='word_1_389' title='bbox 2009 921 2240 975; x_wconf 87' lang='lat' dir='ltr'>habiles</span> <span class='ocrx_word' id='word_1_390' title='bbox 2270 922 2427 975; x_wconf 90' lang='lat' dir='ltr'>bello</span> <span class='ocrx_word' id='word_1_391' title='bbox 2452 922 2643 991; x_wconf 91' lang='lat' dir='ltr'>magis</span> <span class='ocrx_word' id='word_1_392' title='bbox 2674 937 2814 975; x_wconf 91' lang='lat' dir='ltr'>esse</span> <span class='ocrx_word' id='word_1_393' title='bbox 2848 923 3088 977; x_wconf 88' lang='lat' dir='ltr'>Venetia</span> <span class='ocrx_word' id='word_1_394' title='bbox 3118 924 3300 992; x_wconf 89' lang='lat' dir='ltr'>novit,</span> 
     </span>
    </p>
   </div>
   <div class='ocr_carea' id='block_1_69' title="bbox 1825 1009 3099 1078">
    <p class='ocr_par' dir='ltr' id='par_1_69' title="bbox 1825 1009 3099 1078">
     <span class='ocr_line' id='line_1_69' title="bbox 1825 1009 3099 1078; baseline 0.002 -15"><span class='ocrx_word' id='word_1_395' title='bbox 1825 1009 2064 1063; x_wconf 77' lang='lat' dir='ltr'>Roberti</span> <span class='ocrx_word' id='word_1_396' title='bbox 2091 1024 2271 1059; x_wconf 62' lang='lat' dir='ltr'>rnz&#39;rs</span> <span class='ocrx_word' id='word_1_397' title='bbox 2304 1009 2439 1062; x_wconf 89' lang='lat' dir='ltr'>dum</span> <span class='ocrx_word' id='word_1_398' title='bbox 2468 1009 2755 1078; x_wconf 86' lang='lat' dir='ltr'>conspicit</span> <span class='ocrx_word' id='word_1_399' title='bbox 2786 1010 3099 1065; x_wconf 89' lang='lat' dir='ltr'>inferiores</span> 
     </span>
    </p>
   </div>
   <div class='ocr_carea' id='block_1_70' title="bbox 1824 1094 3205 1168">
    <p class='ocr_par' dir='ltr' id='par_1_70' title="bbox 1824 1094 3205 1168">
     <span class='ocr_line' id='line_1_70' title="bbox 1824 1094 3205 1168; baseline 0.003 -19"><span class='ocrx_word' id='word_1_400' title='bbox 1824 1094 1977 1150; x_wconf 89' lang='lat' dir='ltr'>Esse</span> <span class='ocrx_word' id='word_1_401' title='bbox 2001 1097 2152 1164; x_wconf 88' lang='lat' dir='ltr'>suis,</span> <span class='ocrx_word' id='word_1_402' title='bbox 2185 1097 2469 1149; x_wconf 77' lang='lat' dir='ltr'>audacter</span> <span class='ocrx_word' id='word_1_403' title='bbox 2490 1099 2579 1150; x_wconf 92' lang='lat' dir='ltr'>eis</span> <span class='ocrx_word' id='word_1_404' title='bbox 2611 1113 2939 1168; x_wconf 91' lang='lat' dir='ltr'>congressa</span> <span class='ocrx_word' id='word_1_405' title='bbox 2959 1099 3205 1168; x_wconf 89' lang='lat' dir='ltr'>resistit,</span> 
     </span>
    </p>
   </div>
   <div class='ocr_carea' id='block_1_71' title="bbox 1822 1184 3371 1255">
    <p class='ocr_par' dir='ltr' id='par_1_71' title="bbox 1822 1184 3371 1255">
     <span class='ocr_line' id='line_1_71' title="bbox 1822 1184 3371 1255; baseline 0.005 -19"><span class='ocrx_word' id='word_1_406' title='bbox 1822 1184 2012 1254; x_wconf 83' lang='lat' dir='ltr'>Atque</span> <span class='ocrx_word' id='word_1_407' title='bbox 2034 1184 2404 1253; x_wconf 89' lang='lat' dir='ltr'>interpositis</span> <span class='ocrx_word' id='word_1_408' title='bbox 2437 1184 2695 1238; x_wconf 90' lang='lat' dir='ltr'>Danaum</span> <span class='ocrx_word' id='word_1_409' title='bbox 2717 1185 2991 1255; x_wconf 82' lang='lat' dir='ltr'>praefulto</span> <span class='ocrx_word' id='word_1_410' title='bbox 3022 1187 3371 1255; x_wconf 88' lang='lat' dir='ltr'>cheliudris,</span> 
     </span>
    </p>
   </div>
   <div class='ocr_carea' id='block_1_72' title="bbox 1820 1271 3203 1342">
    <p class='ocr_par' dir='ltr' id='par_1_72' title="bbox 1820 1271 3203 1342">
     <span class='ocr_line' id='line_1_72' title="bbox 1820 1271 3203 1342; baseline 0.004 -18"><span class='ocrx_word' id='word_1_411' title='bbox 1820 1271 2091 1325; x_wconf 85' lang='lat' dir='ltr'>Jactibus</span> <span class='ocrx_word' id='word_1_412' title='bbox 2113 1272 2400 1326; x_wconf 89' lang='lat' dir='ltr'>inumeris</span> <span class='ocrx_word' id='word_1_413' title='bbox 2434 1271 2677 1327; x_wconf 89' lang='lat' dir='ltr'>telorum</span> <span class='ocrx_word' id='word_1_414' title='bbox 2710 1272 2967 1342; x_wconf 89' lang='lat' dir='ltr'>desuper</span> <span class='ocrx_word' id='word_1_415' title='bbox 2995 1274 3203 1329; x_wconf 89' lang='lat' dir='ltr'>hostes</span> 
     </span>
    </p>
   </div>
   <div class='ocr_carea' id='block_1_73' title="bbox 1820 1357 3259 1432">
    <p class='ocr_par' dir='ltr' id='par_1_73' title="bbox 1820 1357 3259 1432">
     <span class='ocr_line' id='line_1_73' title="bbox 1820 1357 3259 1432; baseline 0.003 -19"><span class='ocrx_word' id='word_1_416' title='bbox 1820 1357 2074 1428; x_wconf 88' lang='lat' dir='ltr'>Sauciat,</span> <span class='ocrx_word' id='word_1_417' title='bbox 2109 1363 2166 1413; x_wconf 90' lang='lat' dir='ltr'>et</span> <span class='ocrx_word' id='word_1_418' title='bbox 2196 1360 2342 1414; x_wconf 88' lang='lat' dir='ltr'>ferri</span> <span class='ocrx_word' id='word_1_419' title='bbox 2373 1375 2439 1413; x_wconf 93' lang='lat' dir='ltr'>se</span> <span class='ocrx_word' id='word_1_420' title='bbox 2470 1361 2729 1429; x_wconf 90' lang='lat' dir='ltr'>pondera</span> <span class='ocrx_word' id='word_1_421' title='bbox 2758 1377 2972 1432; x_wconf 83' lang='lat' dir='ltr'>magna</span> <span class='ocrx_word' id='word_1_422' title='bbox 3005 1363 3259 1417; x_wconf 89' lang='lat' dir='ltr'>minatur</span> 
     </span>
    </p>
   </div>
   <div class='ocr_carea' id='block_1_74' title="bbox 1819 1446 3272 1522">
    <p class='ocr_par' dir='ltr' id='par_1_74' title="bbox 1819 1446 3272 1522">
     <span class='ocr_line' id='line_1_74' title="bbox 1819 1446 3272 1522; baseline 0.005 -22"><span class='ocrx_word' id='word_1_423' title='bbox 1819 1446 2139 1513; x_wconf 82' lang='lat' dir='ltr'>Jacturam,</span> <span class='ocrx_word' id='word_1_424' title='bbox 2173 1462 2246 1502; x_wconf 93' lang='lat' dir='ltr'>ne</span> <span class='ocrx_word' id='word_1_425' title='bbox 2273 1448 2490 1502; x_wconf 89' lang='lat' dir='ltr'>classis</span> <span class='ocrx_word' id='word_1_426' title='bbox 2522 1448 2610 1503; x_wconf 89' lang='lat' dir='ltr'>eis</span> <span class='ocrx_word' id='word_1_427' title='bbox 2640 1449 2876 1503; x_wconf 90' lang='lat' dir='ltr'>inimica</span> <span class='ocrx_word' id='word_1_428' title='bbox 2901 1451 3272 1522; x_wconf 89' lang='lat' dir='ltr'>prepinquet.</span> 
     </span>
    </p>
   </div>
   <div class='ocr_carea' id='block_1_75' title="bbox 1820 1534 3221 1609">
    <p class='ocr_par' dir='ltr' id='par_1_75' title="bbox 1820 1534 3221 1609">
     <span class='ocr_line' id='line_1_75' title="bbox 1820 1534 3221 1609; baseline 0.005 -23"><span class='ocrx_word' id='word_1_429' title='bbox 1820 1534 1934 1587; x_wconf 83' lang='lat' dir='ltr'>Vix</span> <span class='ocrx_word' id='word_1_430' title='bbox 1967 1535 2027 1588; x_wconf 93' lang='lat' dir='ltr'>in</span> <span class='ocrx_word' id='word_1_431' title='bbox 2058 1549 2126 1588; x_wconf 93' lang='lat' dir='ltr'>ea</span> <span class='ocrx_word' id='word_1_432' title='bbox 2156 1537 2290 1589; x_wconf 90' lang='lat' dir='ltr'>navi</span> <span class='ocrx_word' id='word_1_433' title='bbox 2323 1551 2455 1605; x_wconf 85' lang='lat' dir='ltr'>quae</span> <span class='ocrx_word' id='word_1_434' title='bbox 2489 1536 2601 1589; x_wconf 83' lang='lat' dir='ltr'>fert</span> <span class='ocrx_word' id='word_1_435' title='bbox 2630 1536 2703 1589; x_wconf 90' lang='lat' dir='ltr'>ad</span> <span class='ocrx_word' id='word_1_436' title='bbox 2732 1537 2888 1591; x_wconf 90' lang='lat' dir='ltr'>bella</span> <span class='ocrx_word' id='word_1_437' title='bbox 2922 1539 3221 1609; x_wconf 81' lang='lat' dir='ltr'>Rogerum</span> 
     </span>
    </p>
   </div>
   <div class='ocr_carea' id='block_1_76' title="bbox 1818 1620 3155 1693">
    <p class='ocr_par' dir='ltr' id='par_1_76' title="bbox 1818 1620 3155 1693">
     <span class='ocr_line' id='line_1_76' title="bbox 1818 1620 3155 1693; baseline 0.004 -18"><span class='ocrx_word' id='word_1_438' title='bbox 1818 1620 2072 1685; x_wconf 89' lang='lat' dir='ltr'>Quilibet</span> <span class='ocrx_word' id='word_1_439' title='bbox 2099 1621 2328 1676; x_wconf 85' lang='lat' dir='ltr'>illaesus</span> <span class='ocrx_word' id='word_1_440' title='bbox 2350 1623 2662 1691; x_wconf 89' lang='lat' dir='ltr'>reperitur,</span> <span class='ocrx_word' id='word_1_441' title='bbox 2696 1627 2753 1678; x_wconf 90' lang='lat' dir='ltr'>et</span> <span class='ocrx_word' id='word_1_442' title='bbox 2781 1628 2907 1693; x_wconf 90' lang='lat' dir='ltr'>ipse</span> <span class='ocrx_word' id='word_1_443' title='bbox 2936 1627 3155 1681; x_wconf 90' lang='lat' dir='ltr'>lacerto</span> 
     </span>
    </p>
   </div>
   <div class='ocr_carea' id='block_1_77' title="bbox 1817 1708 3236 1785">
    <p class='ocr_par' dir='ltr' id='par_1_77' title="bbox 1817 1708 3236 1785">
     <span class='ocr_line' id='line_1_77' title="bbox 1817 1708 3236 1785; baseline 0.005 -22"><span class='ocrx_word' id='word_1_444' title='bbox 1817 1708 2090 1777; x_wconf 86' lang='lat' dir='ltr'>Saucius,</span> <span class='ocrx_word' id='word_1_445' title='bbox 2116 1710 2374 1763; x_wconf 89' lang='lat' dir='ltr'>obstanti</span> <span class='ocrx_word' id='word_1_446' title='bbox 2395 1713 2509 1764; x_wconf 89' lang='lat' dir='ltr'>stat</span> <span class='ocrx_word' id='word_1_447' title='bbox 2535 1711 2744 1765; x_wconf 89' lang='lat' dir='ltr'>cedere</span> <span class='ocrx_word' id='word_1_448' title='bbox 2774 1713 3016 1767; x_wconf 89' lang='lat' dir='ltr'>nescius</span> <span class='ocrx_word' id='word_1_449' title='bbox 3049 1715 3236 1785; x_wconf 88' lang='lat' dir='ltr'>hosti;</span> 
     </span>
    </p>
   </div>
   <div class='ocr_carea' id='block_1_78' title="bbox 1820 1796 3262 1874">
    <p class='ocr_par' dir='ltr' id='par_1_78' title="bbox 1820 1796 3262 1874">
     <span class='ocr_line' id='line_1_78' title="bbox 1820 1796 3262 1874; baseline 0.006 -25"><span class='ocrx_word' id='word_1_450' title='bbox 1820 1796 2134 1851; x_wconf 89' lang='lat' dir='ltr'>Immemor</span> <span class='ocrx_word' id='word_1_451' title='bbox 2155 1797 2295 1851; x_wconf 90' lang='lat' dir='ltr'>illati</span> <span class='ocrx_word' id='word_1_452' title='bbox 2328 1798 2444 1851; x_wconf 89' lang='lat' dir='ltr'>sibi</span> <span class='ocrx_word' id='word_1_453' title='bbox 2475 1798 2762 1867; x_wconf 90' lang='lat' dir='ltr'>vulneris,</span> <span class='ocrx_word' id='word_1_454' title='bbox 2788 1801 2965 1855; x_wconf 89' lang='lat' dir='ltr'>ardor</span> <span class='ocrx_word' id='word_1_455' title='bbox 2996 1801 3262 1874; x_wconf 87' lang='lat' dir='ltr'>honoris,</span> 
     </span>
    </p>
   </div>
   <div class='ocr_carea' id='block_1_79' title="bbox 1720 1869 3344 1973">
    <p class='ocr_par' dir='ltr' id='par_1_79' title="bbox 1720 1869 3344 1973">
     <span class='ocr_line' id='line_1_79' title="bbox 1720 1869 3344 1973; baseline 0.006 -36"><span class='ocrx_word' id='word_1_456' title='bbox 1720 1869 1784 1973; x_wconf 61' lang='grc' dir='ltr'>’Β</span> <span class='ocrx_word' id='word_1_457' title='bbox 1818 1883 2083 1948; x_wconf 90' lang='lat' dir='ltr'>Quantus</span> <span class='ocrx_word' id='word_1_458' title='bbox 2115 1884 2330 1939; x_wconf 87' lang='lat' dir='ltr'>adesse</span> <span class='ocrx_word' id='word_1_459' title='bbox 2365 1886 2516 1939; x_wconf 87' lang='lat' dir='ltr'>solet</span> <span class='ocrx_word' id='word_1_460' title='bbox 2546 1886 2894 1957; x_wconf 85' lang='lat' dir='ltr'>victoribus,</span> <span class='ocrx_word' id='word_1_461' title='bbox 2928 1891 3129 1945; x_wconf 90' lang='lat' dir='ltr'>incitat</span> <span class='ocrx_word' id='word_1_462' title='bbox 3159 1869 3344 1949; x_wconf 82' lang='lat' dir='ltr'>illum.</span> 
     </span>
    </p>
   </div>
   <div class='ocr_carea' id='block_1_80' title="bbox 1821 1972 3337 2051">
    <p class='ocr_par' dir='ltr' id='par_1_80' title="bbox 1821 1972 3337 2051">
     <span class='ocr_line' id='line_1_80' title="bbox 1821 1972 3337 2051; baseline 0.006 -25"><span class='ocrx_word' id='word_1_463' title='bbox 1821 1973 1993 2026; x_wconf 85' lang='lat' dir='ltr'>Hunc</span> <span class='ocrx_word' id='word_1_464' title='bbox 2037 1976 2203 2043; x_wconf 89' lang='lat' dir='ltr'>pater</span> <span class='ocrx_word' id='word_1_465' title='bbox 2230 1973 2454 2043; x_wconf 88' lang='lat' dir='ltr'>insigni</span> <span class='ocrx_word' id='word_1_466' title='bbox 2495 1972 2810 2029; x_wconf 88' lang='lat' dir='ltr'>decoratus</span> <span class='ocrx_word' id='word_1_467' title='bbox 2848 1993 3009 2048; x_wconf 84' lang='lat' dir='ltr'>saepe</span> <span class='ocrx_word' id='word_1_468' title='bbox 3042 1979 3337 2051; x_wconf 89' lang='lat' dir='ltr'>triumpho</span> 
     </span>
    </p>
   </div>
   <div class='ocr_carea' id='block_1_81' title="bbox 1822 2060 3196 2132">
    <p class='ocr_par' dir='ltr' id='par_1_81' title="bbox 1822 2060 3196 2132">
     <span class='ocr_line' id='line_1_81' title="bbox 1822 2060 3196 2132; baseline 0.007 -19"><span class='ocrx_word' id='word_1_469' title='bbox 1822 2060 2006 2128; x_wconf 86' lang='lat' dir='ltr'>Accit,</span> <span class='ocrx_word' id='word_1_470' title='bbox 2041 2063 2096 2113; x_wconf 93' lang='lat' dir='ltr'>et</span> <span class='ocrx_word' id='word_1_471' title='bbox 2116 2060 2367 2115; x_wconf 89' lang='lat' dir='ltr'>accitum</span> <span class='ocrx_word' id='word_1_472' title='bbox 2398 2060 2605 2132; x_wconf 86' lang='lat' dir='ltr'>majori</span> <span class='ocrx_word' id='word_1_473' title='bbox 2637 2062 2833 2117; x_wconf 87' lang='lat' dir='ltr'>classe</span> <span class='ocrx_word' id='word_1_474' title='bbox 2856 2065 3196 2123; x_wconf 89' lang='lat' dir='ltr'>cheliudros</span> 
     </span>
    </p>
   </div>
   <div class='ocr_carea' id='block_1_82' title="bbox 1821 2147 3304 2225">
    <p class='ocr_par' dir='ltr' id='par_1_82' title="bbox 1821 2147 3304 2225">
     <span class='ocr_line' id='line_1_82' title="bbox 1821 2147 3304 2225; baseline 0.007 -24"><span class='ocrx_word' id='word_1_475' title='bbox 1821 2147 2162 2202; x_wconf 91' lang='lat' dir='ltr'>Dissociare</span> <span class='ocrx_word' id='word_1_476' title='bbox 2185 2148 2357 2218; x_wconf 84' lang='lat' dir='ltr'>jubet</span> <span class='ocrx_word' id='word_1_477' title='bbox 2381 2166 2395 2213; x_wconf 89' lang='lat'><strong>;</strong></span> <span class='ocrx_word' id='word_1_478' title='bbox 2421 2151 2604 2217; x_wconf 90' lang='lat' dir='ltr'>patris</span> <span class='ocrx_word' id='word_1_479' title='bbox 2629 2151 2882 2222; x_wconf 89' lang='lat' dir='ltr'>impiger</span> <span class='ocrx_word' id='word_1_480' title='bbox 2913 2154 3007 2207; x_wconf 90' lang='lat' dir='ltr'>ille</span> <span class='ocrx_word' id='word_1_481' title='bbox 3032 2155 3304 2225; x_wconf 90' lang='lat' dir='ltr'>jubentis</span> 
     </span>
    </p>
   </div>
   <div class='ocr_carea' id='block_1_83' title="bbox 1820 2235 3480 2312">
    <p class='ocr_par' dir='ltr' id='par_1_83' title="bbox 1820 2235 3480 2312">
     <span class='ocr_line' id='line_1_83' title="bbox 1820 2235 3480 2312; baseline 0.008 -23"><span class='ocrx_word' id='word_1_482' title='bbox 1820 2235 2003 2290; x_wconf 84' lang='lat' dir='ltr'>Jussa</span> <span class='ocrx_word' id='word_1_483' title='bbox 2059 2236 2230 2306; x_wconf 91' lang='lat' dir='ltr'>sequi</span> <span class='ocrx_word' id='word_1_484' title='bbox 2277 2251 2622 2307; x_wconf 88' lang='lat' dir='ltr'>properans,</span> <span class='ocrx_word' id='word_1_485' title='bbox 2658 2253 2791 2292; x_wconf 90' lang='lat' dir='ltr'>cum</span> <span class='ocrx_word' id='word_1_486' title='bbox 2848 2242 3107 2312; x_wconf 88' lang='lat' dir='ltr'>quinque</span> <span class='ocrx_word' id='word_1_487' title='bbox 3137 2246 3480 2302; x_wconf 90' lang='lat' dir='ltr'>triremibus</span> 
     </span>
    </p>
   </div>
   <div class='ocr_carea' id='block_1_84' title="bbox 3361 2334 3479 2390">
    <p class='ocr_par' dir='ltr' id='par_1_84' title="bbox 3361 2334 3479 2390">
     <span class='ocr_line' id='line_1_84' title="bbox 3361 2334 3479 2390; baseline 0.034 -4"><span class='ocrx_word' id='word_1_488' title='bbox 3361 2334 3479 2390; x_wconf 86' lang='lat' dir='ltr'>illis</span> 
     </span>
    </p>
   </div>
   <div class='ocr_carea' id='block_1_85' title="bbox 1820 2336 3356 2476">
    <p class='ocr_par' dir='ltr' id='par_1_85' title="bbox 1820 2336 3356 2476">
     <span class='ocr_line' id='line_1_85' title="bbox 1820 2336 3356 2476; baseline 0.007 -12"><span class='ocrx_word' id='word_1_489' title='bbox 1820 2410 1963 2475; x_wconf 85' lang='lat' dir='ltr'>Quae</span> <span class='ocrx_word' id='word_1_490' title='bbox 1992 2411 2109 2465; x_wconf 90' lang='lat' dir='ltr'>sibi</span> <span class='ocrx_word' id='word_1_491' title='bbox 2133 2412 2470 2467; x_wconf 85' lang='lat' dir='ltr'>commissae</span> <span class='ocrx_word' id='word_1_492' title='bbox 2497 2413 2729 2468; x_wconf 86' lang='lat' dir='ltr'>fuerant</span> <span class='ocrx_word' id='word_1_493' title='bbox 2758 2415 2979 2470; x_wconf 89' lang='lat' dir='ltr'>inferre</span> <span class='ocrx_word' id='word_1_494' title='bbox 3012 2336 3356 2476; x_wconf 79' lang='lat' dir='ltr'>cheliudris(</span> 
     </span>
    </p>
   </div>
   <div class='ocr_carea' id='block_1_86' title="bbox 1821 2498 3475 2581">
    <p class='ocr_par' dir='ltr' id='par_1_86' title="bbox 1821 2498 3475 2581">
     <span class='ocr_line' id='line_1_86' title="bbox 1821 2498 3475 2581; baseline 0.008 -30"><span class='ocrx_word' id='word_1_495' title='bbox 1821 2498 1983 2553; x_wconf 92' lang='lat' dir='ltr'>Bella</span> <span class='ocrx_word' id='word_1_496' title='bbox 2011 2502 2210 2568; x_wconf 86' lang='lat' dir='ltr'>parat;</span> <span class='ocrx_word' id='word_1_497' title='bbox 2245 2501 2425 2554; x_wconf 90' lang='lat' dir='ltr'>Danai</span> <span class='ocrx_word' id='word_1_498' title='bbox 2466 2502 2610 2555; x_wconf 90' lang='lat' dir='ltr'>nihil</span> <span class='ocrx_word' id='word_1_499' title='bbox 2642 2502 2754 2557; x_wconf 93' lang='lat' dir='ltr'>hoc</span> <span class='ocrx_word' id='word_1_500' title='bbox 2791 2509 3091 2576; x_wconf 87' lang='lat' dir='ltr'>pugnante</span> <span class='ocrx_word' id='word_1_501' title='bbox 3121 2514 3475 2581; x_wconf 87' lang='lat' dir='ltr'>repugnant,</span> 
     </span>
    </p>
   </div>
   <div class='ocr_carea' id='block_1_87' title="bbox 1821 2585 3253 2659">
    <p class='ocr_par' dir='ltr' id='par_1_87' title="bbox 1821 2585 3253 2659">
     <span class='ocr_line' id='line_1_87' title="bbox 1821 2585 3253 2659; baseline 0.008 -20"><span class='ocrx_word' id='word_1_502' title='bbox 1821 2585 1939 2640; x_wconf 92' lang='lat' dir='ltr'>Sed</span> <span class='ocrx_word' id='word_1_503' title='bbox 1966 2587 2195 2656; x_wconf 89' lang='lat' dir='ltr'>passim</span> <span class='ocrx_word' id='word_1_504' title='bbox 2225 2588 2477 2659; x_wconf 86' lang='lat' dir='ltr'>fugiunt,</span> <span class='ocrx_word' id='word_1_505' title='bbox 2511 2594 2574 2643; x_wconf 91' lang='lat' dir='ltr'>ut</span> <span class='ocrx_word' id='word_1_506' title='bbox 2597 2606 2738 2644; x_wconf 90' lang='lat' dir='ltr'>aves</span> <span class='ocrx_word' id='word_1_507' title='bbox 2763 2592 3001 2647; x_wconf 89' lang='lat' dir='ltr'>obstare</span> <span class='ocrx_word' id='word_1_508' title='bbox 3034 2594 3253 2650; x_wconf 90' lang='lat' dir='ltr'>volanti</span> 
     </span>
    </p>
   </div>
   <div class='ocr_carea' id='block_1_88' title="bbox 1821 2673 3203 2755">
    <p class='ocr_par' dir='ltr' id='par_1_88' title="bbox 1821 2673 3203 2755">
     <span class='ocr_line' id='line_1_88' title="bbox 1821 2673 3203 2755; baseline 0.009 -30"><span class='ocrx_word' id='word_1_509' title='bbox 1821 2673 1953 2727; x_wconf 92' lang='lat' dir='ltr'>Non</span> <span class='ocrx_word' id='word_1_510' title='bbox 1984 2674 2196 2729; x_wconf 88' lang='lat' dir='ltr'>audent</span> <span class='ocrx_word' id='word_1_511' title='bbox 2226 2677 2438 2745; x_wconf 67' lang='lat' dir='ltr'>aquilae</span> <span class='ocrx_word' id='word_1_512' title='bbox 2469 2694 2767 2749; x_wconf 89' lang='lat' dir='ltr'>cursuque</span> <span class='ocrx_word' id='word_1_513' title='bbox 2791 2680 2970 2735; x_wconf 91' lang='lat' dir='ltr'>latere</span> <span class='ocrx_word' id='word_1_514' title='bbox 3001 2681 3203 2755; x_wconf 81' lang='lat' dir='ltr'>fugaci</span> 
     </span>
    </p>
   </div>
   <div class='ocr_carea' id='block_1_89' title="bbox 1821 2760 3292 2839">
    <p class='ocr_par' dir='ltr' id='par_1_89' title="bbox 1821 2760 3292 2839">
     <span class='ocr_line' id='line_1_89' title="bbox 1821 2760 3292 2839; baseline 0.009 -24"><span class='ocrx_word' id='word_1_515' title='bbox 1821 2760 2125 2833; x_wconf 83' lang='lat' dir='ltr'>Coguntur</span> <span class='ocrx_word' id='word_1_516' title='bbox 2153 2764 2387 2833; x_wconf 90' lang='lat' dir='ltr'>lepores</span> <span class='ocrx_word' id='word_1_517' title='bbox 2418 2766 2555 2819; x_wconf 89' lang='lat' dir='ltr'>dum</span> <span class='ocrx_word' id='word_1_518' title='bbox 2585 2782 2657 2821; x_wconf 92' lang='lat' dir='ltr'>ne</span> <span class='ocrx_word' id='word_1_519' title='bbox 2686 2768 3006 2839; x_wconf 88' lang='lat' dir='ltr'>rapiantur,</span> <span class='ocrx_word' id='word_1_520' title='bbox 3042 2772 3292 2828; x_wconf 90' lang='lat' dir='ltr'>aduncis</span> 
     </span>
    </p>
   </div>
   <div class='ocr_carea' id='block_1_90' title="bbox 1823 2850 3352 2921">
    <p class='ocr_par' dir='ltr' id='par_1_90' title="bbox 1823 2850 3352 2921">
     <span class='ocr_line' id='line_1_90' title="bbox 1823 2850 3352 2921; baseline 0.009 -18"><span class='ocrx_word' id='word_1_521' title='bbox 1823 2850 2136 2921; x_wconf 90' lang='lat' dir='ltr'>Unguibus</span> <span class='ocrx_word' id='word_1_522' title='bbox 2168 2855 2223 2907; x_wconf 91' lang='lat' dir='ltr'>et</span> <span class='ocrx_word' id='word_1_523' title='bbox 2253 2858 2450 2908; x_wconf 90' lang='lat' dir='ltr'>rostro</span> <span class='ocrx_word' id='word_1_524' title='bbox 2476 2856 2739 2909; x_wconf 88' lang='lat' dir='ltr'>metuunt</span> <span class='ocrx_word' id='word_1_525' title='bbox 2770 2857 2939 2912; x_wconf 89' lang='lat' dir='ltr'>cibus</span> <span class='ocrx_word' id='word_1_526' title='bbox 2971 2874 3110 2914; x_wconf 91' lang='lat' dir='ltr'>esse</span> <span class='ocrx_word' id='word_1_527' title='bbox 3133 2862 3352 2917; x_wconf 90' lang='lat' dir='ltr'>voraci.</span> 
     </span>
    </p>
   </div>
   <div class='ocr_carea' id='block_1_91' title="bbox 1823 2937 3144 3003">
    <p class='ocr_par' dir='ltr' id='par_1_91' title="bbox 1823 2937 3144 3003">
     <span class='ocr_line' id='line_1_91' title="bbox 1823 2937 3144 3003; baseline 0.01 -13"><span class='ocrx_word' id='word_1_528' title='bbox 1823 2937 1931 2992; x_wconf 89' lang='lat' dir='ltr'>His</span> <span class='ocrx_word' id='word_1_529' title='bbox 1961 2940 2038 2992; x_wconf 89' lang='lat' dir='ltr'>ita</span> <span class='ocrx_word' id='word_1_530' title='bbox 2060 2940 2295 2995; x_wconf 89' lang='lat' dir='ltr'>dimotis</span> <span class='ocrx_word' id='word_1_531' title='bbox 2328 2944 2442 2995; x_wconf 90' lang='lat' dir='ltr'>stat</span> <span class='ocrx_word' id='word_1_532' title='bbox 2473 2942 2601 2997; x_wconf 91' lang='lat' dir='ltr'>sola</span> <span class='ocrx_word' id='word_1_533' title='bbox 2625 2943 2905 3000; x_wconf 84' lang='lat' dir='ltr'>Venetica</span> <span class='ocrx_word' id='word_1_534' title='bbox 2927 2948 3144 3003; x_wconf 88' lang='lat' dir='ltr'>classis</span> 
     </span>
    </p>
   </div>
   <div class='ocr_carea' id='block_1_92' title="bbox 1822 3025 3183 3105">
    <p class='ocr_par' dir='ltr' id='par_1_92' title="bbox 1822 3025 3183 3105">
     <span class='ocr_line' id='line_1_92' title="bbox 1822 3025 3183 3105; baseline 0.008 -27"><span class='ocrx_word' id='word_1_535' title='bbox 1822 3025 2124 3080; x_wconf 78' lang='lat' dir='ltr'>Rebertus</span> <span class='ocrx_word' id='word_1_536' title='bbox 2156 3028 2458 3098; x_wconf 85' lang='lat' dir='ltr'>genitique</span> <span class='ocrx_word' id='word_1_537' title='bbox 2484 3031 2578 3084; x_wconf 93' lang='lat' dir='ltr'>sui</span> <span class='ocrx_word' id='word_1_538' title='bbox 2601 3030 2737 3084; x_wconf 92' lang='lat' dir='ltr'>dum</span> <span class='ocrx_word' id='word_1_539' title='bbox 2772 3035 2931 3087; x_wconf 89' lang='lat' dir='ltr'>stare</span> <span class='ocrx_word' id='word_1_540' title='bbox 2963 3034 3183 3105; x_wconf 88' lang='lat' dir='ltr'>fugatis</span> 
     </span>
    </p>
   </div>
   <div class='ocr_carea' id='block_1_93' title="bbox 1821 3113 3177 3192">
    <p class='ocr_par' dir='ltr' id='par_1_93' title="bbox 1821 3113 3177 3192">
     <span class='ocr_line' id='line_1_93' title="bbox 1821 3113 3177 3192; baseline 0.009 -26"><span class='ocrx_word' id='word_1_541' title='bbox 1821 3113 2164 3168; x_wconf 73' lang='lat' dir='ltr'>Graecorum</span> <span class='ocrx_word' id='word_1_542' title='bbox 2196 3116 2421 3170; x_wconf 89' lang='lat' dir='ltr'>ratibus</span> <span class='ocrx_word' id='word_1_543' title='bbox 2455 3118 2618 3171; x_wconf 89' lang='lat' dir='ltr'>solas</span> <span class='ocrx_word' id='word_1_544' title='bbox 2651 3119 2851 3173; x_wconf 88' lang='lat' dir='ltr'>videre</span> <span class='ocrx_word' id='word_1_545' title='bbox 2882 3122 3177 3192; x_wconf 89' lang='lat' dir='ltr'>triremes,</span> 
     </span>
    </p>
   </div>
   <div class='ocr_carea' id='block_1_94' title="bbox 1820 3201 3137 3279">
    <p class='ocr_par' dir='ltr' id='par_1_94' title="bbox 1820 3201 3137 3279">
     <span class='ocr_line' id='line_1_94' title="bbox 1820 3201 3137 3279; baseline 0.007 -25"><span class='ocrx_word' id='word_1_546' title='bbox 1820 3201 2099 3256; x_wconf 89' lang='lat' dir='ltr'>Invasere</span> <span class='ocrx_word' id='word_1_547' title='bbox 2132 3204 2260 3257; x_wconf 91' lang='lat' dir='ltr'>suis</span> <span class='ocrx_word' id='word_1_548' title='bbox 2291 3220 2422 3257; x_wconf 90' lang='lat' dir='ltr'>cum</span> <span class='ocrx_word' id='word_1_549' title='bbox 2446 3206 2701 3260; x_wconf 90' lang='lat' dir='ltr'>navibus</span> <span class='ocrx_word' id='word_1_550' title='bbox 2732 3209 2946 3262; x_wconf 89' lang='lat' dir='ltr'>acriter</span> <span class='ocrx_word' id='word_1_551' title='bbox 2966 3210 3137 3279; x_wconf 87' lang='lat' dir='ltr'>illas;</span> 
     </span>
    </p>
   </div>
   <div class='ocr_carea' id='block_1_95' title="bbox 1822 3349 3475 3451">
    <p class='ocr_par' dir='ltr' id='par_1_95' title="bbox 1822 3349 3475 3451">
     <span class='ocr_line' id='line_1_95' title="bbox 1985 3349 3453 3369; baseline 0.014 -15"><span class='ocrx_word' id='word_1_552' title='bbox 1985 3349 2005 3361; x_wconf 56' lang='grc'><strong><em>⁸</em></strong></span> <span class='ocrx_word' id='word_1_553' title='bbox 2711 3349 2729 3365; x_wconf 77' lang='grc' dir='ltr'>ι</span> <span class='ocrx_word' id='word_1_554' title='bbox 2763 3349 2766 3350; x_wconf 67' lang='grc'><strong><em>⁷</em></strong></span> <span class='ocrx_word' id='word_1_555' title='bbox 2829 3349 2832 3350; x_wconf 67' lang='grc'><strong><em>⁷</em></strong></span> <span class='ocrx_word' id='word_1_556' title='bbox 2859 3349 2883 3350; x_wconf 41' lang='grc' dir='ltr'><em>η</em></span> <span class='ocrx_word' id='word_1_557' title='bbox 2908 3349 2913 3351; x_wconf 64' lang='grc'>⁷</span> <span class='ocrx_word' id='word_1_558' title='bbox 2959 3349 3209 3369; x_wconf 46' lang='grc' dir='ltr'>“”“Γ“⁷”“”</span> <span class='ocrx_word' id='word_1_559' title='bbox 3249 3349 3343 3359; x_wconf 82' lang='grc'><strong><em>-“““</em></strong></span> <span class='ocrx_word' id='word_1_560' title='bbox 3360 3349 3453 3360; x_wconf 66' lang='lat'>“&quot;-</span> 
     </span>
     <span class='ocr_line' id='line_1_96' title="bbox 1822 3349 3475 3451; baseline 0.011 -20"><span class='ocrx_word' id='word_1_561' title='bbox 1822 3378 1899 3432; x_wconf 91' lang='lat' dir='ltr'>Ut</span> <span class='ocrx_word' id='word_1_562' title='bbox 1928 3382 2154 3448; x_wconf 89' lang='lat' dir='ltr'>septem</span> <span class='ocrx_word' id='word_1_563' title='bbox 2185 3381 2400 3435; x_wconf 89' lang='lat' dir='ltr'>mersis</span> <span class='ocrx_word' id='word_1_564' title='bbox 2431 3398 2549 3436; x_wconf 88' lang='lat' dir='ltr'>non</span> <span class='ocrx_word' id='word_1_565' title='bbox 2571 3398 2753 3451; x_wconf 90' lang='lat' dir='ltr'>posse</span> <span class='ocrx_word' id='word_1_566' title='bbox 2772 3384 3050 3440; x_wconf 89' lang='lat' dir='ltr'>Venetica</span> <span class='ocrx_word' id='word_1_567' title='bbox 3081 3388 3297 3447; x_wconf 91' lang='lat' dir='ltr'>classis</span> <span class='ocrx_word' id='word_1_568' title='bbox 3461 3349 3475 3377; x_wconf 60' lang='lat'><strong>’</strong></span> 
     </span>
    </p>
   </div>
   <div class='ocr_carea' id='block_1_96' title="bbox 1821 3465 3001 3537">
    <p class='ocr_par' dir='ltr' id='par_1_96' title="bbox 1821 3465 3001 3537">
     <span class='ocr_line' id='line_1_97' title="bbox 1821 3465 3001 3537; baseline 0.009 -19"><span class='ocrx_word' id='word_1_569' title='bbox 1821 3465 1990 3520; x_wconf 91' lang='lat' dir='ltr'>Elabi</span> <span class='ocrx_word' id='word_1_570' title='bbox 2021 3472 2239 3537; x_wconf 89' lang='lat' dir='ltr'>speret,</span> <span class='ocrx_word' id='word_1_571' title='bbox 2264 3470 2413 3523; x_wconf 91' lang='lat' dir='ltr'>solis</span> <span class='ocrx_word' id='word_1_572' title='bbox 2444 3471 2553 3525; x_wconf 90' lang='lat' dir='ltr'>sed</span> <span class='ocrx_word' id='word_1_573' title='bbox 2583 3474 2739 3526; x_wconf 91' lang='lat' dir='ltr'>stare</span> <span class='ocrx_word' id='word_1_574' title='bbox 2770 3474 3001 3529; x_wconf 90' lang='lat' dir='ltr'>duabus</span> 
     </span>
    </p>
   </div>
   <div class='ocr_carea' id='block_1_97' title="bbox 1825 3553 3373 3631">
    <p class='ocr_par' dir='ltr' id='par_1_97' title="bbox 1825 3553 3373 3631">
     <span class='ocr_line' id='line_1_98' title="bbox 1825 3553 3373 3631; baseline 0.012 -23"><span class='ocrx_word' id='word_1_575' title='bbox 1825 3553 2093 3610; x_wconf 89' lang='lat' dir='ltr'>Navibus</span> <span class='ocrx_word' id='word_1_576' title='bbox 2122 3558 2195 3611; x_wconf 89' lang='lat' dir='ltr'>ad</span> <span class='ocrx_word' id='word_1_577' title='bbox 2225 3558 2443 3612; x_wconf 91' lang='lat' dir='ltr'>bellum</span> <span class='ocrx_word' id='word_1_578' title='bbox 2472 3559 2553 3612; x_wconf 84' lang='lat' dir='ltr'>nil</span> <span class='ocrx_word' id='word_1_579' title='bbox 2583 3560 2823 3631; x_wconf 87' lang='lat' dir='ltr'>profuit,</span> <span class='ocrx_word' id='word_1_580' title='bbox 2859 3563 3134 3621; x_wconf 91' lang='lat' dir='ltr'>hostibus</span> <span class='ocrx_word' id='word_1_581' title='bbox 3166 3584 3373 3627; x_wconf 87' lang='lat' dir='ltr'>omnes</span> 
     </span>
    </p>
   </div>
   <div class='ocr_carea' id='block_1_98' title="bbox 1824 3640 3309 3727">
    <p class='ocr_par' dir='ltr' id='par_1_98' title="bbox 1824 3640 3309 3727">
     <span class='ocr_line' id='line_1_99' title="bbox 1824 3640 3309 3727; baseline 0.012 -31"><span class='ocrx_word' id='word_1_582' title='bbox 1824 3640 2046 3697; x_wconf 89' lang='lat' dir='ltr'>Cedere</span> <span class='ocrx_word' id='word_1_583' title='bbox 2077 3651 2403 3717; x_wconf 87' lang='lat' dir='ltr'>coguntur;</span> <span class='ocrx_word' id='word_1_584' title='bbox 2437 3648 2611 3702; x_wconf 87' lang='lat' dir='ltr'>solito</span> <span class='ocrx_word' id='word_1_585' title='bbox 2645 3649 2764 3703; x_wconf 84' lang='lat' dir='ltr'>dux</span> <span class='ocrx_word' id='word_1_586' title='bbox 2784 3667 2946 3706; x_wconf 88' lang='lat' dir='ltr'>more</span> <span class='ocrx_word' id='word_1_587' title='bbox 2973 3654 3309 3727; x_wconf 86' lang='lat' dir='ltr'>triumphat.</span> 
     </span>
    </p>
   </div>
   <div class='ocr_carea' id='block_1_99' title="bbox 1825 3729 3218 3805">
    <p class='ocr_par' dir='ltr' id='par_1_99' title="bbox 1825 3729 3218 3805">
     <span class='ocr_line' id='line_1_100' title="bbox 1825 3729 3218 3805; baseline 0.011 -21"><span class='ocrx_word' id='word_1_588' title='bbox 1825 3729 2032 3787; x_wconf 90' lang='lat' dir='ltr'>Classe</span> <span class='ocrx_word' id='word_1_589' title='bbox 2064 3734 2417 3805; x_wconf 87' lang='lat' dir='ltr'>triumphata</span> <span class='ocrx_word' id='word_1_590' title='bbox 2445 3751 2650 3791; x_wconf 91' lang='lat' dir='ltr'>secum</span> <span class='ocrx_word' id='word_1_591' title='bbox 2674 3738 2788 3793; x_wconf 91' lang='lat' dir='ltr'>duo</span> <span class='ocrx_word' id='word_1_592' title='bbox 2820 3741 2999 3796; x_wconf 86' lang='lat' dir='ltr'>millia</span> <span class='ocrx_word' id='word_1_593' title='bbox 3028 3745 3218 3801; x_wconf 88' lang='lat' dir='ltr'>victor</span> 
     </span>
    </p>
   </div>
   <div class='ocr_carea' id='block_1_100' title="bbox 1822 3818 3079 3894">
    <p class='ocr_par' dir='ltr' id='par_1_100' title="bbox 1822 3818 3079 3894">
     <span class='ocr_line' id='line_1_101' title="bbox 1822 3818 3079 3894; baseline 0.012 -24"><span class='ocrx_word' id='word_1_594' title='bbox 1822 3818 1909 3881; x_wconf 75' lang='lat' dir='ltr'>Ad</span> <span class='ocrx_word' id='word_1_595' title='bbox 1940 3824 2171 3891; x_wconf 89' lang='lat' dir='ltr'>portum</span> <span class='ocrx_word' id='word_1_596' title='bbox 2193 3822 2350 3876; x_wconf 91' lang='lat' dir='ltr'>ducit</span> <span class='ocrx_word' id='word_1_597' title='bbox 2378 3823 2449 3877; x_wconf 90' lang='lat' dir='ltr'>de</span> <span class='ocrx_word' id='word_1_598' title='bbox 2478 3827 2912 3894; x_wconf 88' lang='lat' dir='ltr'>pugnatoribus</span> <span class='ocrx_word' id='word_1_599' title='bbox 2944 3832 3079 3885; x_wconf 91' lang='lat' dir='ltr'>istis</span> 
     </span>
    </p>
   </div>
   <div class='ocr_carea' id='block_1_101' title="bbox 1823 3912 3459 3998">
    <p class='ocr_par' dir='ltr' id='par_1_101' title="bbox 1823 3912 3459 3998">
     <span class='ocr_line' id='line_1_102' title="bbox 1823 3912 3459 3998; baseline 0.009 -32"><span class='ocrx_word' id='word_1_600' title='bbox 1823 3913 1931 3979; x_wconf 90' lang='lat' dir='ltr'>Qui</span> <span class='ocrx_word' id='word_1_601' title='bbox 1966 3912 2156 3982; x_wconf 91' lang='lat' dir='ltr'>magis</span> <span class='ocrx_word' id='word_1_602' title='bbox 2191 3912 2559 3979; x_wconf 86' lang='lat' dir='ltr'>obstiterant,</span> <span class='ocrx_word' id='word_1_603' title='bbox 2593 3929 2961 3985; x_wconf 90' lang='lat' dir='ltr'>quorumque</span> <span class='ocrx_word' id='word_1_604' title='bbox 3001 3922 3245 3978; x_wconf 89' lang='lat' dir='ltr'>audacia</span> <span class='ocrx_word' id='word_1_605' title='bbox 3266 3925 3459 3998; x_wconf 84' lang='lat' dir='ltr'>major</span> 
     </span>
    </p>
   </div>
   <div class='ocr_carea' id='block_1_102' title="bbox 1826 3998 3211 4080">
    <p class='ocr_par' dir='ltr' id='par_1_102' title="bbox 1826 3998 3211 4080">
     <span class='ocr_line' id='line_1_103' title="bbox 1826 3998 3211 4080; baseline 0.005 -25"><span class='ocrx_word' id='word_1_606' title='bbox 1826 4002 2050 4055; x_wconf 82' lang='lat' dir='ltr'>Praeter</span> <span class='ocrx_word' id='word_1_607' title='bbox 2080 4015 2184 4052; x_wconf 92' lang='lat' dir='ltr'>eos</span> <span class='ocrx_word' id='word_1_608' title='bbox 2215 3998 2363 4052; x_wconf 90' lang='lat' dir='ltr'>alios</span> <span class='ocrx_word' id='word_1_609' title='bbox 2397 3999 2754 4069; x_wconf 89' lang='lat' dir='ltr'>quingentos</span> <span class='ocrx_word' id='word_1_610' title='bbox 2787 4012 3211 4080; x_wconf 88' lang='lat' dir='ltr'>annumeravit,</span> 
     </span>
    </p>
   </div>
   <div class='ocr_carea' id='block_1_103' title="bbox 1824 4086 3302 4170">
    <p class='ocr_par' dir='ltr' id='par_1_103' title="bbox 1824 4086 3302 4170">
     <span class='ocr_line' id='line_1_104' title="bbox 1824 4086 3302 4170; baseline 0.009 -29"><span class='ocrx_word' id='word_1_611' title='bbox 1824 4090 1933 4155; x_wconf 86' lang='lat' dir='ltr'>Qui</span> <span class='ocrx_word' id='word_1_612' title='bbox 1965 4088 2115 4157; x_wconf 90' lang='lat' dir='ltr'>capti</span> <span class='ocrx_word' id='word_1_613' title='bbox 2138 4086 2387 4140; x_wconf 86' lang='lat' dir='ltr'>fuerant.</span> <span class='ocrx_word' id='word_1_614' title='bbox 2419 4086 2674 4155; x_wconf 88' lang='lat' dir='ltr'>Septem,</span> <span class='ocrx_word' id='word_1_615' title='bbox 2702 4088 3068 4160; x_wconf 86' lang='lat' dir='ltr'>fugientibus</span> <span class='ocrx_word' id='word_1_616' title='bbox 3099 4097 3302 4170; x_wconf 86' lang='lat' dir='ltr'>Argis,</span> 
     </span>
    </p>
   </div>
   <div class='ocr_carea' id='block_1_104' title="bbox 1826 4177 3202 4250">
    <p class='ocr_par' dir='ltr' id='par_1_104' title="bbox 1826 4177 3202 4250">
     <span class='ocr_line' id='line_1_105' title="bbox 1826 4177 3202 4250; baseline 0.004 -17"><span class='ocrx_word' id='word_1_617' title='bbox 1826 4178 2123 4249; x_wconf 80' lang='lat' dir='ltr'>Argolicae</span> <span class='ocrx_word' id='word_1_618' title='bbox 2155 4190 2337 4227; x_wconf 89' lang='lat' dir='ltr'>naves</span> <span class='ocrx_word' id='word_1_619' title='bbox 2369 4177 2506 4227; x_wconf 91' lang='lat' dir='ltr'>sunt</span> <span class='ocrx_word' id='word_1_620' title='bbox 2525 4177 2636 4228; x_wconf 89' lang='lat' dir='ltr'>hoc</span> <span class='ocrx_word' id='word_1_621' title='bbox 2660 4179 2976 4232; x_wconf 88' lang='lat' dir='ltr'>certamine</span> <span class='ocrx_word' id='word_1_622' title='bbox 3000 4187 3202 4250; x_wconf 68' lang='lat' dir='ltr'>captae.</span> 
     </span>
    </p>
   </div>
   <div class='ocr_carea' id='block_1_105' title="bbox 1826 4262 3108 4332">
    <p class='ocr_par' dir='ltr' id='par_1_105' title="bbox 1826 4262 3108 4332">
     <span class='ocr_line' id='line_1_106' title="bbox 1826 4262 3108 4332; baseline 0.002 -12"><span class='ocrx_word' id='word_1_623' title='bbox 1826 4266 1935 4332; x_wconf 93' lang='lat' dir='ltr'>Qui</span> <span class='ocrx_word' id='word_1_624' title='bbox 1965 4268 2222 4319; x_wconf 88' lang='lat' dir='ltr'>castrum</span> <span class='ocrx_word' id='word_1_625' title='bbox 2252 4262 2452 4316; x_wconf 82' lang='lat' dir='ltr'>Coriﬁi</span> <span class='ocrx_word' id='word_1_626' title='bbox 2481 4278 2725 4318; x_wconf 89' lang='lat' dir='ltr'>servare</span> <span class='ocrx_word' id='word_1_627' title='bbox 2752 4266 3001 4321; x_wconf 77' lang='lat' dir='ltr'>fideliter</span> <span class='ocrx_word' id='word_1_628' title='bbox 3026 4270 3108 4324; x_wconf 90' lang='lat' dir='ltr'>illi</span> 
     </span>
    </p>
   </div>
   <div class='ocr_carea' id='block_1_106' title="bbox 1827 4353 3111 4414">
    <p class='ocr_par' dir='ltr' id='par_1_106' title="bbox 1827 4353 3111 4414">
     <span class='ocr_line' id='line_1_107' title="bbox 1827 4353 3111 4414; baseline 0.003 -4"><span class='ocrx_word' id='word_1_629' title='bbox 1827 4354 2074 4410; x_wconf 89' lang='lat' dir='ltr'>Solliciti</span> <span class='ocrx_word' id='word_1_630' title='bbox 2099 4354 2327 4406; x_wconf 87' lang='lat' dir='ltr'>fuerant</span> <span class='ocrx_word' id='word_1_631' title='bbox 2356 4353 2667 4407; x_wconf 88' lang='lat' dir='ltr'>solvuntur</span> <span class='ocrx_word' id='word_1_632' title='bbox 2696 4354 2768 4408; x_wconf 91' lang='lat' dir='ltr'>ab</span> <span class='ocrx_word' id='word_1_633' title='bbox 2801 4355 3111 4414; x_wconf 88' lang='lat' dir='ltr'>obsidione</span> 
     </span>
    </p>
   </div>
   <div class='ocr_carea' id='block_1_107' title="bbox 1826 4442 3480 4512">
    <p class='ocr_par' dir='ltr' id='par_1_107' title="bbox 1826 4442 3480 4512">
     <span class='ocr_line' id='line_1_108' title="bbox 1826 4442 3480 4512; baseline 0.008 -15"><span class='ocrx_word' id='word_1_634' title='bbox 1826 4444 2012 4509; x_wconf 90' lang='lat' dir='ltr'>Quam</span> <span class='ocrx_word' id='word_1_635' title='bbox 2041 4443 2205 4512; x_wconf 86' lang='lat' dir='ltr'>passi</span> <span class='ocrx_word' id='word_1_636' title='bbox 2238 4442 2487 4511; x_wconf 90' lang='lat' dir='ltr'>fuerant,</span> <span class='ocrx_word' id='word_1_637' title='bbox 2520 4442 2640 4496; x_wconf 85' lang='lat' dir='ltr'>dux</span> <span class='ocrx_word' id='word_1_638' title='bbox 2671 4443 2807 4498; x_wconf 91' lang='lat' dir='ltr'>dum</span> <span class='ocrx_word' id='word_1_639' title='bbox 2839 4449 3187 4505; x_wconf 89' lang='lat' dir='ltr'>metuendus</span> <span class='ocrx_word' id='word_1_640' title='bbox 3219 4451 3480 4511; x_wconf 90' lang='lat' dir='ltr'>abesset.</span> 
     </span>
    </p>
   </div>
   <div class='ocr_carea' id='block_1_108' title="bbox 1828 4530 3057 4591">
    <p class='ocr_par' dir='ltr' id='par_1_108' title="bbox 1828 4530 3057 4591">
     <span class='ocr_line' id='line_1_109' title="bbox 1828 4530 3057 4591; baseline 0.004 -5"><span class='ocrx_word' id='word_1_641' title='bbox 1828 4532 1979 4587; x_wconf 85' lang='lat' dir='ltr'>Exin</span> <span class='ocrx_word' id='word_1_642' title='bbox 2009 4531 2286 4585; x_wconf 88' lang='lat' dir='ltr'>victrices</span> <span class='ocrx_word' id='word_1_643' title='bbox 2319 4532 2376 4583; x_wconf 91' lang='lat' dir='ltr'>et</span> <span class='ocrx_word' id='word_1_644' title='bbox 2407 4530 2593 4584; x_wconf 89' lang='lat' dir='ltr'>victas</span> <span class='ocrx_word' id='word_1_645' title='bbox 2625 4532 2841 4587; x_wconf 89' lang='lat' dir='ltr'>ducere</span> <span class='ocrx_word' id='word_1_646' title='bbox 2872 4550 3057 4591; x_wconf 88' lang='lat' dir='ltr'>naves</span> 
     </span>
    </p>
   </div>
   <div class='ocr_carea' id='block_1_109' title="bbox 1829 4619 3130 4689">
    <p class='ocr_par' dir='ltr' id='par_1_109' title="bbox 1829 4619 3130 4689">
     <span class='ocr_line' id='line_1_110' title="bbox 1829 4619 3130 4689; baseline 0.005 -13"><span class='ocrx_word' id='word_1_647' title='bbox 1829 4622 2137 4689; x_wconf 85' lang='lat' dir='ltr'>Procurat,</span> <span class='ocrx_word' id='word_1_648' title='bbox 2169 4619 2309 4673; x_wconf 91' lang='lat' dir='ltr'>tutis</span> <span class='ocrx_word' id='word_1_649' title='bbox 2341 4620 2695 4675; x_wconf 90' lang='lat' dir='ltr'>stationibus</span> <span class='ocrx_word' id='word_1_650' title='bbox 2727 4625 2785 4676; x_wconf 86' lang='lat' dir='ltr'>ut</span> <span class='ocrx_word' id='word_1_651' title='bbox 2817 4624 2969 4679; x_wconf 82' lang='lat' dir='ltr'>locet</span> <span class='ocrx_word' id='word_1_652' title='bbox 2997 4627 3130 4682; x_wconf 89' lang='lat' dir='ltr'>illas</span> 
     </span>
    </p>
   </div>
   <div class='ocr_carea' id='block_1_110' title="bbox 1829 4707 3199 4783">
    <p class='ocr_par' dir='ltr' id='par_1_110' title="bbox 1829 4707 3199 4783">
     <span class='ocr_line' id='line_1_111' title="bbox 1829 4707 3199 4783; baseline 0.006 -19"><span class='ocrx_word' id='word_1_653' title='bbox 1829 4709 2139 4780; x_wconf 89' lang='lat' dir='ltr'>Temporis</span> <span class='ocrx_word' id='word_1_654' title='bbox 2161 4707 2395 4761; x_wconf 91' lang='lat' dir='ltr'>hiberni</span> <span class='ocrx_word' id='word_1_655' title='bbox 2423 4708 2542 4762; x_wconf 84' lang='lat' dir='ltr'>dux</span> <span class='ocrx_word' id='word_1_656' title='bbox 2570 4708 2944 4767; x_wconf 89' lang='lat' dir='ltr'>incumbente</span> <span class='ocrx_word' id='word_1_657' title='bbox 2973 4717 3199 4783; x_wconf 89' lang='lat' dir='ltr'>pruina.</span> 
     </span>
    </p>
   </div>
   <div class='ocr_carea' id='block_1_111' title="bbox 1834 4796 3339 4867">
    <p class='ocr_par' dir='ltr' id='par_1_111' title="bbox 1834 4796 3339 4867">
     <span class='ocr_line' id='line_1_112' title="bbox 1834 4796 3339 4867; baseline 0.007 -15"><span class='ocrx_word' id='word_1_658' title='bbox 1834 4800 1958 4852; x_wconf 84' lang='lat' dir='ltr'>Has</span> <span class='ocrx_word' id='word_1_659' title='bbox 1989 4799 2214 4851; x_wconf 86' lang='lat' dir='ltr'>ratione</span> <span class='ocrx_word' id='word_1_660' title='bbox 2240 4812 2429 4867; x_wconf 83' lang='lat' dir='ltr'>sagax</span> <span class='ocrx_word' id='word_1_661' title='bbox 2458 4796 2758 4867; x_wconf 75' lang='lat' dir='ltr'>Glycaeum</span> <span class='ocrx_word' id='word_1_662' title='bbox 2782 4800 3032 4857; x_wconf 89' lang='lat' dir='ltr'>ducitad</span> <span class='ocrx_word' id='word_1_663' title='bbox 3062 4821 3293 4861; x_wconf 89' lang='lat' dir='ltr'>amnem</span> <span class='ocrx_word' id='word_1_664' title='bbox 3327 4825 3339 4863; x_wconf 88' lang='lat'><strong>:</strong></span> 
     </span>
    </p>
   </div>
   <div class='ocr_carea' id='block_1_112' title="bbox 1838 4886 3199 4962">
    <p class='ocr_par' dir='ltr' id='par_1_112' title="bbox 1838 4886 3199 4962">
     <span class='ocr_line' id='line_1_113' title="bbox 1838 4886 3199 4962; baseline 0.004 -21"><span class='ocrx_word' id='word_1_665' title='bbox 1838 4887 2037 4941; x_wconf 88' lang='lat' dir='ltr'>Naves</span> <span class='ocrx_word' id='word_1_666' title='bbox 2062 4890 2119 4940; x_wconf 91' lang='lat' dir='ltr'>et</span> <span class='ocrx_word' id='word_1_667' title='bbox 2148 4889 2354 4939; x_wconf 85' lang='lat' dir='ltr'>nautas</span> <span class='ocrx_word' id='word_1_668' title='bbox 2375 4887 2456 4939; x_wconf 89' lang='lat' dir='ltr'>ibi</span> <span class='ocrx_word' id='word_1_669' title='bbox 2489 4886 2737 4941; x_wconf 88' lang='lat' dir='ltr'>collocat</span> <span class='ocrx_word' id='word_1_670' title='bbox 2762 4906 2775 4953; x_wconf 90' lang='lat'>;</span> <span class='ocrx_word' id='word_1_671' title='bbox 2811 4893 2867 4942; x_wconf 92' lang='lat' dir='ltr'>et</span> <span class='ocrx_word' id='word_1_672' title='bbox 2896 4895 3199 4962; x_wconf 91' lang='lat' dir='ltr'>remorari,</span> 
     </span>
    </p>
   </div>
   <div class='ocr_carea' id='block_1_113' title="bbox 1838 4975 3295 5051">
    <p class='ocr_par' dir='ltr' id='par_1_113' title="bbox 1838 4975 3295 5051">
     <span class='ocr_line' id='line_1_114' title="bbox 1838 4975 3295 5051; baseline 0.006 -22"><span class='ocrx_word' id='word_1_673' title='bbox 1838 4976 1987 5029; x_wconf 91' lang='lat' dir='ltr'>Dum</span> <span class='ocrx_word' id='word_1_674' title='bbox 2019 4975 2245 5045; x_wconf 90' lang='lat' dir='ltr'>placide</span> <span class='ocrx_word' id='word_1_675' title='bbox 2276 4975 2516 5027; x_wconf 88' lang='lat' dir='ltr'>redeant</span> <span class='ocrx_word' id='word_1_676' title='bbox 2538 4976 2762 5029; x_wconf 72' lang='lat' dir='ltr'>aestatis</span> <span class='ocrx_word' id='word_1_677' title='bbox 2790 4980 3072 5047; x_wconf 90' lang='lat' dir='ltr'>tempora,</span> <span class='ocrx_word' id='word_1_678' title='bbox 3092 4981 3295 5051; x_wconf 88' lang='lat' dir='ltr'>jussit.</span> 
     </span>
    </p>
   </div>
   <div class='ocr_carea' id='block_1_114' title="bbox 1837 5063 3197 5134">
    <p class='ocr_par' dir='ltr' id='par_1_114' title="bbox 1837 5063 3197 5134">
     <span class='ocr_line' id='line_1_115' title="bbox 1837 5063 3197 5134; baseline 0.005 -17"><span class='ocrx_word' id='word_1_679' title='bbox 1837 5064 1971 5134; x_wconf 91' lang='lat' dir='ltr'>Ipse</span> <span class='ocrx_word' id='word_1_680' title='bbox 2004 5079 2149 5118; x_wconf 91' lang='lat' dir='ltr'>suos</span> <span class='ocrx_word' id='word_1_681' title='bbox 2182 5064 2412 5134; x_wconf 90' lang='lat' dir='ltr'>equites</span> <span class='ocrx_word' id='word_1_682' title='bbox 2444 5063 2677 5117; x_wconf 89' lang='lat' dir='ltr'>hiemali</span> <span class='ocrx_word' id='word_1_683' title='bbox 2710 5068 2968 5134; x_wconf 88' lang='lat' dir='ltr'>tempore</span> <span class='ocrx_word' id='word_1_684' title='bbox 2991 5083 3197 5125; x_wconf 91' lang='lat' dir='ltr'>secum</span> 
     </span>
    </p>
   </div>
   <div class='ocr_carea' id='block_1_115' title="bbox 1838 5153 3265 5224">
    <p class='ocr_par' dir='ltr' id='par_1_115' title="bbox 1838 5153 3265 5224">
     <span class='ocr_line' id='line_1_116' title="bbox 1838 5153 3265 5224; baseline 0.007 -18"><span class='ocrx_word' id='word_1_685' title='bbox 1838 5153 2168 5207; x_wconf 87' lang='lat' dir='ltr'>Bunditiam</span> <span class='ocrx_word' id='word_1_686' title='bbox 2190 5153 2350 5206; x_wconf 91' lang='lat' dir='ltr'>ducit</span> <span class='ocrx_word' id='word_1_687' title='bbox 2379 5168 2717 5222; x_wconf 89' lang='lat' dir='ltr'>mansurus,</span> <span class='ocrx_word' id='word_1_688' title='bbox 2754 5155 2951 5224; x_wconf 88' lang='lat' dir='ltr'>ibique</span> <span class='ocrx_word' id='word_1_689' title='bbox 2983 5161 3265 5217; x_wconf 88' lang='lat' dir='ltr'>moratur.</span> 
     </span>
    </p>
   </div>
   <div class='ocr_carea' id='block_1_116' title="bbox 1833 5241 3263 5318">
    <p class='ocr_par' dir='ltr' id='par_1_116' title="bbox 1833 5241 3263 5318">
     <span class='ocr_line' id='line_1_117' title="bbox 1833 5241 3263 5318; baseline 0.006 -22"><span class='ocrx_word' id='word_1_690' title='bbox 1833 5242 2048 5297; x_wconf 85' lang='lat' dir='ltr'>Clicaeo</span> <span class='ocrx_word' id='word_1_691' title='bbox 2079 5241 2376 5310; x_wconf 88' lang='lat' dir='ltr'>populum,</span> <span class='ocrx_word' id='word_1_692' title='bbox 2406 5241 2597 5295; x_wconf 86' lang='lat' dir='ltr'>fuerat</span> <span class='ocrx_word' id='word_1_693' title='bbox 2624 5242 2724 5313; x_wconf 89' lang='lat' dir='ltr'>qui</span> <span class='ocrx_word' id='word_1_694' title='bbox 2754 5244 3056 5310; x_wconf 86' lang='lat' dir='ltr'>proximus</span> <span class='ocrx_word' id='word_1_695' title='bbox 3087 5252 3263 5318; x_wconf 92' lang='lat' dir='ltr'>amni,</span> 
     </span>
    </p>
   </div>
   <div class='ocr_carea' id='block_1_117' title="bbox 1836 5329 3123 5406">
    <p class='ocr_par' dir='ltr' id='par_1_117' title="bbox 1836 5329 3123 5406">
     <span class='ocr_line' id='line_1_118' title="bbox 1836 5329 3123 5406; baseline 0.005 -22"><span class='ocrx_word' id='word_1_696' title='bbox 1836 5331 2125 5401; x_wconf 87' lang='lat' dir='ltr'>Asperior</span> <span class='ocrx_word' id='word_1_697' title='bbox 2147 5329 2322 5383; x_wconf 89' lang='lat' dir='ltr'>solito</span> <span class='ocrx_word' id='word_1_698' title='bbox 2354 5329 2635 5401; x_wconf 86' lang='lat' dir='ltr'>languere</span> <span class='ocrx_word' id='word_1_699' title='bbox 2666 5331 2875 5399; x_wconf 90' lang='lat' dir='ltr'>pruina</span> <span class='ocrx_word' id='word_1_700' title='bbox 2907 5336 3123 5406; x_wconf 90' lang='lat' dir='ltr'>coegit.</span> 
     </span>
    </p>
   </div>
   <div class='ocr_carea' id='block_1_118' title="bbox 1838 5418 3454 5502">
    <p class='ocr_par' dir='ltr' id='par_1_118' title="bbox 1838 5418 3454 5502">
     <span class='ocr_line' id='line_1_119' title="bbox 1838 5418 3454 5502; baseline 0.009 -30"><span class='ocrx_word' id='word_1_701' title='bbox 1838 5419 2105 5490; x_wconf 85' lang='lat' dir='ltr'>Frigoris</span> <span class='ocrx_word' id='word_1_702' title='bbox 2136 5423 2309 5488; x_wconf 88' lang='lat' dir='ltr'>atque</span> <span class='ocrx_word' id='word_1_703' title='bbox 2343 5418 2514 5471; x_wconf 89' lang='lat' dir='ltr'>famis</span> <span class='ocrx_word' id='word_1_704' title='bbox 2543 5434 2683 5487; x_wconf 90' lang='lat' dir='ltr'>pars</span> <span class='ocrx_word' id='word_1_705' title='bbox 2703 5420 2953 5476; x_wconf 86' lang='lat' dir='ltr'>maxima</span> <span class='ocrx_word' id='word_1_706' title='bbox 2983 5440 3167 5494; x_wconf 90' lang='lat' dir='ltr'>passa</span> <span class='ocrx_word' id='word_1_707' title='bbox 3195 5428 3454 5502; x_wconf 90' lang='lat' dir='ltr'>labores,</span> 
     </span>
    </p>
   </div>
   <div class='ocr_carea' id='block_1_119' title="bbox 1841 5508 3249 5584">
    <p class='ocr_par' dir='ltr' id='par_1_119' title="bbox 1841 5508 3249 5584">
     <span class='ocr_line' id='line_1_120' title="bbox 1841 5508 3249 5584; baseline 0.008 -24"><span class='ocrx_word' id='word_1_708' title='bbox 1841 5508 2061 5576; x_wconf 89' lang='lat' dir='ltr'>Interit,</span> <span class='ocrx_word' id='word_1_709' title='bbox 2096 5510 2152 5560; x_wconf 89' lang='lat' dir='ltr'>et</span> <span class='ocrx_word' id='word_1_710' title='bbox 2182 5511 2353 5560; x_wconf 69' lang='lat' dir='ltr'>tantae</span> <span class='ocrx_word' id='word_1_711' title='bbox 2386 5511 2664 5562; x_wconf 86' lang='lat' dir='ltr'>crescunt</span> <span class='ocrx_word' id='word_1_712' title='bbox 2692 5509 3062 5568; x_wconf 90' lang='lat' dir='ltr'>incommoda</span> <span class='ocrx_word' id='word_1_713' title='bbox 3093 5518 3249 5584; x_wconf 89' lang='lat' dir='ltr'>pesti</span> 
     </span>
    </p>
   </div>
   <div class='ocr_carea' id='block_1_120' title="bbox 1842 5595 3304 5676">
    <p class='ocr_par' dir='ltr' id='par_1_120' title="bbox 1842 5595 3304 5676">
     <span class='ocr_line' id='line_1_121' title="bbox 1842 5595 3304 5676; baseline 0.007 -26"><span class='ocrx_word' id='word_1_714' title='bbox 1842 5597 1919 5653; x_wconf 91' lang='lat' dir='ltr'>Ut</span> <span class='ocrx_word' id='word_1_715' title='bbox 1947 5596 2115 5667; x_wconf 85' lang='lat' dir='ltr'>prius</span> <span class='ocrx_word' id='word_1_716' title='bbox 2146 5597 2391 5649; x_wconf 88' lang='lat' dir='ltr'>exactus</span> <span class='ocrx_word' id='word_1_717' title='bbox 2420 5595 2647 5651; x_wconf 90' lang='lat' dir='ltr'>mensis</span> <span class='ocrx_word' id='word_1_718' title='bbox 2677 5612 2852 5668; x_wconf 89' lang='lat' dir='ltr'>quam</span> <span class='ocrx_word' id='word_1_719' title='bbox 2882 5602 3091 5656; x_wconf 88' lang='lat' dir='ltr'>tertius</span> <span class='ocrx_word' id='word_1_720' title='bbox 3123 5606 3304 5676; x_wconf 89' lang='lat' dir='ltr'>esset,</span> 
     </span>
    </p>
   </div>
   <div class='ocr_carea' id='block_1_121' title="bbox 1841 5684 3498 5759">
    <p class='ocr_par' dir='ltr' id='par_1_121' title="bbox 1841 5684 3498 5759">
     <span class='ocr_line' id='line_1_122' title="bbox 1841 5684 3498 5759; baseline 0.007 -17"><span class='ocrx_word' id='word_1_721' title='bbox 1841 5684 1970 5743; x_wconf 91' lang='lat' dir='ltr'>Sint</span> <span class='ocrx_word' id='word_1_722' title='bbox 2016 5684 2561 5759; x_wconf 69' lang='lat' dir='ltr'>praeventajdecem</span> <span class='ocrx_word' id='word_1_723' title='bbox 2590 5688 2763 5759; x_wconf 88' lang='lat' dir='ltr'>quasi</span> <span class='ocrx_word' id='word_1_724' title='bbox 2792 5688 2973 5747; x_wconf 88' lang='lat' dir='ltr'>millia</span> <span class='ocrx_word' id='word_1_725' title='bbox 3007 5696 3192 5750; x_wconf 88' lang='lat' dir='ltr'>morte</span> <span class='ocrx_word' id='word_1_726' title='bbox 3235 5694 3498 5754; x_wconf 85' lang='lat' dir='ltr'>virorum</span> 
     </span>
    </p>
   </div>
  </div>
