3926 6146
438 394 601 463 1019
1775 389 2079 456 GUILLE
2090 390 2212 456 L-EI
2269 393 2518 457 APULI
3661 399 3788 462 1030

2143 572 2202 632 Α
2232 591 2482 660 Magnus
2515 594 2638 645 erat
2666 591 2739 646 de
2764 593 2950 646 morte
2980 591 3166 660 dolor,
3192 591 3324 662 quia
3354 606 3587 662 magnus
3613 594 3805 661 amoris,

2231 678 2446 734 Vivere
2478 680 2612 734 dum
2639 680 2822 748 licuit,
2856 695 3047 734 nexus
3081 679 3459 749 conjunxerat
3486 679 3623 734 illos.

2229 768 2391 821 Alter
2418 768 2492 822 ab
2525 768 2769 822 alterius
2800 784 3099 839 nunquam
3128 767 3407 821 discessit
3426 784 3614 821 amore

2226 855 2499 910 Firmata)
2528 856 2822 926 quondam
2838 861 2973 925 post
2997 859 3197 910 mutua
3229 856 3445 910 fmdera
3475 857 3640 924 pacis.

2226 942 2495 998 Ecclesia
2526 944 2726 999 Sancti
2755 943 3013 998 Matthaei
3043 960 3191 1014 papa
3221 943 3487 1013 sepultus

2225 1032 2504 1086 Nobilitat
2530 1034 2674 1085 tanti
2703 1032 2985 1109 thesauro
3017 1033 3283 1102 corporis
3313 1031 3532 1086 urbem.

2224 1120 2389 1174 Hanc
2419 1121 2555 1191 quia
2583 1120 2906 1174 translatus
2937 1119 3248 1174 Matthaaus
3279 1119 3574 1189 apostolus
3601 1118 3684 1173 alti

2224 1207 2492 1262 Nominis
2516 1223 2653 1262 esse
2685 1208 2841 1276 facit,
2877 1207 3267 1279 meritumque
3298 1209 3550 1262 vicarius
3576 1208 3675 1261 iste

2223 1297 2416 1367 Auget
2447 1296 2525 1351 ibi
2556 1298 2810 1365 positus,
2844 1312 2966 1366 prae
2995 1297 3226 1351 cunctis
3257 1296 3502 1350 urbibus
3531 1311 3686 1349 unam

2223 1385 2356 1438 Dux
2385 1384 2689 1455 elegisset.
2725 1385 2839 1439 sibi
2869 1384 3070 1438 vivere
3103 1386 3157 1438 si
3184 1383 3486 1453 ,licuisset.

2223 1473 2440 1526 Verum
2470 1473 2745 1543 Gregorii
2773 1477 2907 1542 post
2936 1476 3185 1527 mortem
3207 1472 3484 1542 praesulis
3512 1472 3589 1524 illi

2222 1560 2312 1614 Ad
2342 1560 2469 1615 loca
2502 1576 2617 1614 non
2647 1560 2809 1615 licuit
2839 1561 2990 1614 Latii
3020 1561 3266 1615 dimissa
3293 1560 3506 1614 redire.

2220 1646 2528 1702 Continuis
2559 1648 2740 1719 hujus
2773 1648 3015 1703 soboles
3064 1663 3361 1719 generosa
3395 1648 3650 1718 Rogerus

2220 1736 2563 1791 Perterrere
2595 1737 2771 1790 minis
2803 1752 2922 1791 non
2951 1740 3149 1790 cessat
3167 1735 3576 1805 Cephaloniam
3608 1751 3620 1787 :

2190 1878 2197 1883 ,
2225 1823 2422 1878 Insula
2453 1825 2711 1879 Roherto
2742 1825 3090 1894 proponitur
3118 1839 3256 1879 esse
3290 1824 3557 1894 petenda,

454 1914 622 1970 Victa
650 1913 1001 1979 refrenetur,
1036 1911 1165 1965 haec
1194 1910 1387 1963 insula
1418 1912 1556 1963 dum
1587 1912 1868 1979 capietur.
2223 1913 2313 1968 Ad
2342 1928 2516 1982 quam
2545 1913 2770 1966 missus
2805 1916 2930 1967 erat
2962 1912 3305 1981 capiendam
3343 1912 3499 1966 ﬁlius
3526 1911 3677 1981 ejus:

455 2002 727 2072 Undique
758 2000 1071 2054 terrendas
1103 1998 1449 2052 Graecorum
1476 2002 1720 2052 noverat
1750 1998 1953 2052 urbes.
2224 2003 2434 2056 Navim
2465 2000 2897 2067 conscendens,
2930 2016 3106 2071 quam
3138 2004 3336 2053 castra
3367 2000 3618 2053 revisere
3649 1998 3811 2066 possit,

453 2091 635 2145 Jussa
647 2089 830 2159 patris
845 2086 1498 2157 sequitur,jussamque
1512 2087 1789 2157 Rogerus
1810 2086 1881 2139 ad
1902 2085 2109 2140 urbem
2139 2091 2193 2154 Β
2224 2089 2413 2144 Febre
2442 2090 2608 2159 prius
2639 2089 2893 2157 capitur;
2926 2087 3178 2158 ﬂagrare
3210 2087 3474 2141 canicula
3501 2085 3712 2140 fervens

452 2178 597 2233 Cum
626 2176 795 2230 ducis
827 2175 1162 2246 agminibus
1195 2174 1549 2244 properavit,
1584 2177 1641 2228 et
1664 2173 1897 2228 obsidet
1922 2173 2102 2227 illam.
2224 2178 2516 2248 Cceperat,
2550 2177 2754 2231 aestiva
2786 2176 2963 2246 cujus
2995 2176 3376 2229 saevissimus
3409 2175 3579 2228 ardor

454 2267 586 2321 Dux
614 2264 823 2334 repetit
851 2262 1079 2332 positas
1110 2261 1346 2331 Glycaeo
1378 2261 1617 2315 ﬂumine
1647 2276 1853 2329 naVGS,
2223 2267 2594 2337 Tempestate
2627 2266 2777 2339 solet
2805 2264 3152 2318 mortalibus
3184 2279 3326 2318 esse
3358 2264 3622 2331 nocivus;

455 2354 529 2409 Et
558 2352 753 2407 studet
782 2351 1047 2404 inclusas
1080 2350 1391 2417 abducere,
1426 2365 1541 2403 non
1572 2349 1768 2403 minus
1798 2350 1972 2404 undis

462 2442 648 2508 Quam
677 2440 857 2496 terris
888 2439 1099 2493 avidus
1136 2438 1382 2493 Graecos
1412 2437 1694 2492 domitare
1723 2440 2008 2491 tumaces.

458 2530 622 2586 Bella
650 2543 859 2599 parare
893 2527 1063 2580 ferox
1091 2529 1148 2580 et
1177 2526 1349 2596 equis
1384 2528 1439 2579 et
1469 2526 1665 2580 classe
1694 2525 1939 2593 laborat,

459 2618 728 2672 Navibus
768 2614 1037 2669 adductis
1068 2614 1336 2668 turbetur
1363 2616 1427 2666 ut
1446 2614 1640 2668 insula
1669 2629 1940 2685 quaeque,

458 2706 736 2761 Conferat
767 2706 823 2757 et
850 2703 997 2756 fisco
1037 2703 1206 2755 ducis
1239 2702 1536 2770 imperiale
1568 2702 1868 2755 tributum.

460 2793 770 2863 Temporis
797 2791 992 2846 aastivi
1023 2790 1208 2844 reditu
1242 2790 1455 2844 defecit
1483 2806 1767 2859 aquarum

458 2882 660 2952 Copia,
694 2895 803 2934 nec
832 2879 1009 2933 tantis
1029 2878 1157 2948 jam
1178 2878 1379 2932 deﬂuit
1408 2878 1615 2932 alveus
1648 2879 1823 2932 undis

462 2971 541 3026 Ut
570 2970 748 3024 fluvio
778 2971 971 3021 nautm
999 2967 1233 3020 valeant
1271 2966 1564 3021 deducere
1594 2982 1798 3021 naves.

460 3060 593 3114 Dux
623 3058 724 3129 qui
754 3055 1055 3111 difficilem
1086 3054 1224 3108 facit
1251 3057 1374 3108 arte
1404 3055 1689 3123 laborem,

460 3149 612 3204 Dum
641 3145 881 3201 ﬂuvium
906 3144 1097 3198 solitis
1130 3145 1408 3214 cognovit
1434 3159 1612 3215 egere
1644 3144 1881 3199 ﬂuentis

462 3237 729 3307 Namque
759 3237 987 3288 meatus
1018 3246 1188 3303 aquae
1220 3233 1421 3286 brevis
1452 3236 1609 3286 arcta
1646 3232 1815 3287 fauce
1847 3233 2081 3302 ﬂuebat,

462 3326 680 3382 Multos
719 3322 917 3377 aﬂ‘erri
944 3322 1113 3392 palos
1144 3325 1201 3375 et
1230 3320 1303 3374 ab
1335 3321 1525 3374 amnis
1556 3324 1801 3392 utraque

463 3414 729 3486 Margine
768 3410 987 3481 configi
1016 3423 1321 3463 connexos
1352 3409 1569 3462 vimine
1590 3409 1798 3480 jussit,

463 3503 536 3557 Et
563 3502 764 3556 multis
797 3499 972 3553 multa
1003 3498 1274 3566 praecisis
1307 3496 1517 3550 arbore
1546 3499 1728 3550 ramis

442 598 570 653 Nec
597 597 863 668 reliquus
891 598 1047 650 tanta
1068 595 1234 650 necis
1265 597 1357 649 est
1376 593 1673 649 exercitus
1703 606 1937 662 expers.

445 687 714 757 Namque
740 685 910 738 brevi
938 683 1184 737 morbus
1215 683 1509 736 communi
1536 681 1705 735 clade
1736 679 1987 750 peremit

443 775 813 845 Quingentos
844 772 1096 841 equites,
1128 785 1237 823 nec
1267 786 1383 825 non
1414 769 1674 841 ignobile
1704 769 1923 840 vulgus

444 864 659 934 Magna
689 863 851 930 parte
884 861 1032 928 ruit;
1064 873 1172 912 nec
1203 873 1408 928 eques,
1443 873 1553 911 nec
1582 860 1778 926 nauta,
1810 872 1920 911 nec
1954 855 2113 910 ullus

448 951 555 1005 Vir
585 949 737 1003 valet
767 948 1042 1002 instantis
1072 946 1214 1000 lethi
1245 947 1431 1000 vitare
1464 946 1716 1000 ruinam.

450 1038 624 1093 Nulla
652 1040 849 1091 tamen
880 1035 1164 1105 frangunt
1193 1035 1363 1088 ducis
1393 1034 1714 1088 infortunia
1743 1037 2018 1100 mentem,

447 1125 643 1180 Fortis
674 1128 732 1177 et
757 1123 815 1176 in
847 1137 1027 1177 casus
1060 1126 1273 1191 manet,
1307 1122 1739 1192 imperterritus
1772 1136 2001 1175 omnes.

449 1212 638 1268 Filius
668 1213 968 1282 aagrotans
998 1210 1191 1279 poscit
1220 1210 1603 1264 Boamundus
1634 1214 1696 1263 ut
1718 1209 1912 1279 ipsum

454 1300 637 1356 Italia
668 1312 932 1352 remeare
962 1300 1130 1366 pater
1158 1298 1453 1366 permittat
1480 1297 1551 1351 ad
1580 1312 1740 1362 oras,

448 1388 590 1454 Qum
620 1386 866 1440 medicis
897 1385 1096 1439 multis
1127 1385 1735 1455 medicaminibusque
1765 1383 2074 1439 redundat.

450 1475 552 1530 Ille
581 1476 719 1530 licet
748 1473 979 1528 nollens
1012 1473 1306 1527 consentit
1328 1473 1491 1527 abire
1521 1472 1760 1541 volenti,
2038 1470 2041 1473 ’

450 1563 594 1618 Tam
623 1564 798 1617 clam
824 1560 1054 1616 sobolis
1084 1561 1331 1630 cupiens
1363 1575 1641 1629 reparare
1669 1560 1941 1615 salutem.

450 1651 653 1706 Danda
682 1665 999 1706 recessuro
1032 1648 1212 1703 dedit.
1247 1649 1374 1702 Hoc
1404 1649 1656 1703 abeunte
1688 1649 1989 1720 Rogerum

452 1739 645 1795 Jussit
673 1739 835 1793 adire
865 1753 977 1792 suo
1009 1752 1139 1791 cum
1170 1736 1351 1789 milite
1381 1734 1861 1805 Chephaloniam,

454 1829 533 1884 Ut
560 1829 716 1881 tanta
748 1826 940 1879 fuerat
966 1840 1098 1895 quae
1129 1826 1476 1891 tempestate
1501 1823 1765 1889 rebellis,

2226 2355 2387 2410 Uxor
2425 2355 2497 2409 ab
2531 2353 2693 2407 Italia
2722 2368 2840 2406 non
2861 2352 3041 2406 multo
3072 2355 3315 2406 venerat
3344 2356 3493 2417 ante,

2223 2443 2295 2497 Et
2325 2445 2539 2498 castris
2571 2443 2802 2508 aderat,
2836 2440 2972 2494 dum
3003 2441 3121 2494 nati
3165 2443 3364 2494 castra
3392 2439 3589 2494 revisit

2226 2534 2375 2602 Dux,
2401 2533 2617 2602 quibus
2648 2530 2869 2584 exierat
2900 2530 3112 2599 populo
3145 2545 3276 2582 cum
3319 2530 3513 2584 classe
3542 2529 3734 2583 relicto.

2228 2622 2371 2675 Hinc
2402 2620 2500 2674 ubi
2533 2619 2857 2674 Robertum
2898 2618 3175 2689 cognovit
3207 2617 3561 2685 febricitare,

2226 2711 2289 2763 In
2320 2725 2436 2780 quo
2468 2713 2584 2763 tota
2617 2709 2711 2762 sui
2737 2708 2847 2760 sita
2874 2722 3016 2777 spes
3045 2711 3188 2772 erat,
3220 2710 3423 2775 utpote
3447 2710 3595 2761 tanto

2226 2798 2517 2869 Conjuge,
2551 2797 2830 2851 discissis
2861 2796 3009 2849 ﬂens
3038 2796 3333 2864 vestibus,
3367 2795 3687 2849 acceleratis

2225 2887 2516 2942 Cursibus
2546 2885 2822 2953 accessit,
2847 2899 2978 2955 quas
3010 2884 3308 2938 defecisse
3341 2885 3635 2951 maritum;

2227 2975 2657 3044 Extremosque
2689 2973 2898 3026 videns
2929 2988 3106 3026 casus
3137 2972 3364 3026 instare
3393 2974 3741 3042 prapinquos,

2228 3064 2441 3136 Ungue
2473 3077 2659 3134 genas
2692 3061 2940 3129 lanians,
2974 3062 3241 3130 impexos
3273 3061 3472 3115 scissa
3503 3059 3717 3129 capillos

2224 3152 2384 3206 Proh
2415 3148 2614 3204 dolor!
2661 3151 2976 3217 exclamat,
3024 3149 3163 3218 quid
3214 3149 3380 3203 inibo
3420 3148 3736 3213 miserrima,
3766 3158 3815 3195 ve

2226 3240 2435 3296 Infelix
2463 3242 2664 3309 potero
2688 3238 2994 3292 discedere
3015 3239 3043 3290 ἱ)
3070 3252 3264 3291 nonne
3294 3238 3534 3309 Pelasgi
3661 3235 3771 3307 [quo

2229 3330 2437 3384 Audita
2461 3344 2554 3383 me
2588 3331 2771 3381 morte
2816 3328 2917 3394 tui,
2951 3331 3287 3397 natumque,
3326 3332 3597 3398 tuumque

2224 3417 2505 3472 Invadent
2526 3418 2827 3485 populum,
2862 3430 3111 3485 quorum
3142 3418 3202 3468 tu
3232 3416 3428 3487 gloria
3457 3416 3614 3469 solus

2226 3506 2397 3576 Spes,
2432 3509 2489 3559 et
2516 3505 2700 3559 robur
2724 3519 2881 3573 eras,
2912 3508 3011 3557 tua
3043 3519 3194 3573 quos
3225 3505 3543 3573 praesentia
3566 3504 3704 3569 fovit,

2148 3629 2200 3692 Ο
2228 3594 2523 3650 Extremis
2554 3594 2787 3665 positus
2816 3594 2953 3664 quia
2979 3596 3035 3646 te
3052 3597 3351 3660 praesente
3373 3596 3599 3648 tuorum

2232 3685 2441 3741 Hostis
2480 3699 2652 3739 nemo
2683 3684 2893 3749 minas,
2927 3697 3299 3753 congressus
3334 3698 3504 3736 nemo
3531 3678 3773 3735 timebat?

2233 3779 2510 3833 Pluribus
2543 3780 2599 3831 et
2627 3773 2898 3846 quamvis
2931 3771 3091 3825 acies
3114 3772 3369 3826 adversa
3402 3771 3640 3825 catervis

2225 3867 2427 3922 Obsita
2466 3881 2579 3920 non
2610 3863 2836 3935 paucis,
2870 3865 2967 3914 tua
2997 3875 3146 3930 quos
3177 3859 3454 3914 animatio
3485 3862 3629 3913 tutos

2226 3955 2469 4010 Fecerat
2491 3954 2781 4008 audebant
2812 3949 3171 4004 committere
3198 3948 3377 4015 bella,
3412 3964 3519 4001 nec
3550 3958 3768 4016 unquam

2224 4045 2305 4099 Te
2327 4044 2460 4098 viso
2489 4041 2675 4113 potuit
2714 4039 3006 4093 mundana
3036 4038 3325 4091 resistere
3356 4038 3562 4090 virtus.

2225 4133 2411 4187 Filius
2439 4146 2577 4186 ecce
2602 4130 2759 4200 lupis
2791 4127 3006 4181 sinitur
3037 4124 3383 4197 rapiendus,
3418 4129 3474 4180 et
3503 4139 3656 4189 uxor,

2223 4221 2295 4275 Et
2323 4221 2577 4292 populus
2608 4232 2905 4289 nunquam
2939 4216 3067 4269 sine
3106 4219 3161 4269 te
3197 4229 3454 4269 securus
3485 4209 3771 4275 habendus,

2224 4307 2305 4362 Te
2335 4308 2491 4379 quia,
2524 4306 2624 4377 qui
2654 4304 2853 4376 populi
2884 4303 3087 4357 fueras
3116 4301 3365 4355 audacia
3395 4300 3595 4369 nostri,

2223 4396 2464 4451 Amisso
2493 4395 2748 4466 populus
2788 4410 2905 4448 non
2936 4391 3127 4447 audax
3157 4407 3295 4446 esse
3327 4390 3563 4446 valebit.

2221 4483 2534 4549 Quodlibet
2563 4484 2841 4555 ignavum
2872 4482 3082 4553 poterit
3118 4480 3465 4552 praecellere
3502 4479 3714 4548 vulgus,

2223 4574 2402 4643 Impia
2433 4588 2594 4627 mors
2624 4572 2866 4641 homini,
2900 4587 3016 4642 quo
3050 4573 3135 4625 tot
3162 4573 3451 4640 pereunte
3480 4563 3740 4638 peribunt,

461 3588 807 3659 Composuit
837 3588 1050 3654 crates,
1086 3587 1143 3639 et
1184 3585 1381 3639 arenis
1430 3586 1688 3656 desuper
1717 3587 1936 3656 implet,

459 3682 560 3737 Sic
589 3694 740 3747 aqua
766 3676 989 3731 lascive
1019 3675 1288 3744 dispersa
1310 3675 1562 3729 refertur
1579 3675 1637 3729 in
1667 3691 1869 3730 unum.

459 3769 684 3824 Alveus
705 3765 876 3820 altior
905 3764 1061 3833 hinc,
1092 3763 1381 3833 ccepitque
1412 3763 1683 3832 capacior
1712 3778 1871 3832 esse,

459 3856 704 3929 Cogitur
727 3853 881 3908 unde
909 3852 1063 3907 viam
1093 3853 1359 3923 praebere
1382 3851 1650 3907 meabilis
1681 3853 1836 3907 unda

460 3945 753 4013 Navibus,
788 3943 1112 4012 illa-eaeque
1141 3940 1321 3994 maris
1350 3940 1713 3995 revehuntur
1732 3941 1803 3994 ad
1832 3940 2044 3995 undas.

460 4033 566 4088 Vir
594 4032 957 4087 venerabilis
981 4031 1092 4085 hoc
1124 4030 1182 4083 in
1211 4034 1473 4099 tempore
1504 4045 1654 4100 papa
1681 4030 1909 4083 Salerni

457 4121 789 4195 Gregorius
820 4121 1071 4175 moritur
1103 4117 1271 4190 (118),
1305 4134 1481 4190 quem
1524 4133 1634 4172 nec
1677 4132 1973 4187 personna
2011 4133 2120 4172 nec

688 4234 691 4235 ν
1874 4204 2045 4278 [auri.

458 4303 732 4374 Unquam
763 4298 924 4355 ﬂexit
952 4314 1136 4366 amor,
1164 4296 1396 4367 justum
1427 4310 1671 4351 servare
1704 4294 1964 4366 rigorem

456 4390 705 4461 Semper
732 4387 1062 4459 proposuit,
1095 4401 1212 4440 non
1242 4401 1345 4439 cor
1372 4385 1511 4439 dare
1540 4384 1673 4439 laeta
1703 4384 1978 4439 valebant

455 4479 701 4551 Absque
732 4477 907 4531 modo
952 4477 1171 4543 laetum,
1202 4489 1312 4528 nec
1344 4473 1532 4527 tristia
1566 4472 1813 4527 reddere
1842 4474 2118 4526 moestum

457 4566 690 4623 Solator
719 4564 937 4630 mmsti,
970 4564 1123 4617 lucis
1162 4562 1278 4631 via,
1311 4562 1519 4616 doctor
1544 4561 1797 4629 honesti,

456 4655 727 4728 Legibus
757 4652 997 4707 arcebat
1028 4650 1316 4719 tumidos,
1350 4649 1722 4719 humilesque
1761 4648 1998 4703 fovebat
2030 4663 2042 4701 :

456 4743 678 4799 Terror
706 4742 1061 4812 iniquorum,
1095 4738 1338 4808 clypeus
1369 4737 1477 4791 fuit
1508 4737 1604 4791 ille
1632 4737 1973 4807 proborum,

454 4833 647 4903 Atque
681 4828 971 4885 salutiferi
1020 4826 1353 4898 spargendo
1388 4825 1611 4880 semina
1644 4825 1832 4892 verbi,

454 4920 771 4991 Nunquam
802 4915 1064 4972 cessavit
1093 4915 1372 4985 populum
1403 4929 1684 4968 revocare
1711 4913 1942 4968 ﬁdelem

455 5008 506 5062 Α
535 5008 693 5063 vitiis
724 5006 795 5062 ad
829 5022 933 5061 eos
966 5004 1183 5076 quibus
1215 5004 1331 5058 itur
1358 5003 1431 5057 ad
1463 5003 1686 5057 aethera
1722 5018 1939 5071 mores,

456 5095 702 5167 Vitaque
732 5095 1016 5151 doctrinae
1045 5109 1162 5148 non
1185 5091 1526 5147 discordare
1560 5092 1807 5146 solebat.

456 5182 586 5237 Non
618 5185 726 5238 fuit
756 5183 1053 5239 instabilis
1074 5182 1167 5236 vel
1190 5181 1534 5258 arundincae
1566 5181 1841 5236 levitatis.

459 5270 592 5323 Dux
623 5286 739 5325 non
770 5288 837 5327 se
865 5272 1140 5343 lacrymis
1171 5270 1368 5325 audita
1398 5270 1549 5323 forte
1581 5274 1816 5323 coercet

455 5356 648 5411 Morte
678 5359 790 5412 viri
821 5362 962 5414 tanti
988 5378 1003 5426 ;
1046 5376 1161 5414 non
1193 5373 1358 5414 mors
1388 5358 1572 5427 patris
1603 5357 1857 5427 amplius
1887 5358 2051 5412 illum

455 5444 712 5515 Cogeret
742 5446 814 5500 ad
846 5446 1158 5518 lacrymas,
1191 5464 1307 5503 non
1337 5447 1495 5502 filius
1522 5448 1670 5517 ipse,
1703 5461 1811 5501 nec
1842 5462 2011 5516 uxor,

453 5532 771 5591 Extremos
793 5534 905 5587 etsi
936 5550 1113 5590 casus
1142 5537 1454 5607 utriusque
1475 5536 1724 5590 videret.

521 5692 674 5775 (118)
703 5690 978 5768 Gregorii
998 5708 1164 5766 papae
1188 5693 1462 5753 interitus
1492 5710 1646 5752 anno
1675 5693 1834 5753 1085.
1869 5695 2077 5752 Txaau.

2220 4664 2426 4731 Parce,
2450 4676 2682 4731 precor,
2709 4659 2991 4731 precibus
3014 4676 3147 4730 quae
3168 4656 3633 4713 condescendere
3645 4647 3818 4712 nescis,

2220 4749 2478 4820 Expecta
2510 4749 2718 4804 saltem
2749 4750 2886 4803 dum
2928 4764 3039 4803 nos
3070 4747 3142 4801 ad
3172 4751 3376 4802 nostra
3407 4745 3650 4810 reducat,

2223 4840 2299 4895 Ut
2329 4831 2498 4894 locus
2532 4838 2783 4907 excipiat
2810 4853 2919 4891 nos
2948 4840 3083 4907 post
3113 4852 3219 4890 sua
3254 4837 3465 4891 funera
3491 4838 3654 4888 tutus.

2225 4928 2316 4982 Ah
2346 4928 2663 4982 miseram?
2687 4927 2905 4981 frustra
2944 4941 3159 4996 precor
3184 4926 3358 4993 hanc,
3379 4925 3597 4996 ingrata
3613 4908 3817 4988 precanti

2228 5018 2372 5072 Cum
2403 5031 2639 5086 semper
2659 5015 2852 5084 fuerit,
2877 5014 3139 5085 nullique
3167 5013 3495 5084 pepercerit
3522 5016 3763 5077 unquam:

2146 5137 2202 5198 D
2232 5107 2356 5161 Nec
2385 5106 2579 5159 minus
2613 5107 2668 5158 et
2699 5105 2858 5158 ﬂenti
2890 5104 3040 5158 ﬂens
3071 5118 3202 5158 cum
3225 5101 3507 5173 genitrice
3538 5099 3766 5166 Rogems

2232 5195 2482 5267 Magnos
2515 5210 2647 5248 cum
2680 5194 2900 5265 gemitu
2930 5192 3220 5246 clamores
3251 5191 3401 5245 tollit
3429 5189 3498 5243 ad
3526 5189 3682 5249 astra,

2231 5284 2305 5338 Se
2336 5266 2505 5353 prius
2557 5284 2823 5338 orbatum
2854 5283 3188 5352 lacrymans
3235 5280 3417 5350 patre,
3452 5290 3612 5348 quam
3625 5266 3813 5415 :eldlia'

3609 5365 3621 5415 l
3660 5375 3718 5415 en
3750 5374 3764 5407 ι

3625 5365 3764 5415 bendi

2227 5462 2419 5531 Parta,
2454 5462 2546 5516 vel
2578 5462 2650 5516 ad
2680 5460 2915 5533 plenum
2956 5459 3034 5513 sit
3062 5474 3282 5531 gnarus
3324 5453 3582 5511 habenda
3606 5365 3809 5521 iurandi.

2226 5550 2569 5622 Sectarique
2602 5549 2750 5605 sciat
2779 5550 3014 5604 virtutis
3046 5547 3196 5603 facta
3216 5549 3493 5620 paternae.
