3926 6146
427 328 584 392 1083
1358 324 1786 388 APPENDIX
1811 323 1925 385 AD
1959 322 2530 388 GUILLELMUM
2558 324 2907 389 APULUM
3664 333 3786 398 1081

846 645 1664 762 CHRONICON
1737 617 2189 760 BREVE
2268 645 3433 782 NOBTMANNIGUM,

1812 849 2045 936 (Anno
2090 847 2479 918 1041-1085

1640 1000 2099 1082 AUCTOBE
2150 1000 2642 1098 ANONYMO,

1240 1196 1413 1251 Nunc
1452 1195 1708 1264 primum
1736 1209 1768 1248 e
1798 1208 1911 1248 ms.
1946 1192 2148 1247 codice
2186 1192 2471 1247 Neritinm
2504 1190 2779 1247 ecclesia
2801 1191 3043 1248 editum.

1129 1401 1580 1484 MONITUM
1627 1398 2094 1481 LUDOVIGI
2134 1399 2540 1482 ANTONII
2575 1400 3153 1486 MURATORII.

486 1601 788 1655 Habemus
806 1596 1098 1653 Chronica
1120 1596 1428 1666 permulta,
1446 1609 1632 1666 eaque
1650 1593 1910 1666 insignia
1933 1609 2002 1666 ac
2019 1592 2193 1661 edita,
2209 1593 2426 1664 quibus
2446 1594 2863 1651 describuntur
2883 1596 3167 1665 praeclara
3197 1597 3618 1657 Nortmannicm
3635 1605 3786 1666 gentis

409 1677 580 1746 gesta
609 1669 926 1746 inApulia,
972 1663 1239 1746 Calabria
1270 1663 1443 1746 atque
1475 1663 1692 1746 Sicilia.
1739 1663 2017 1746 Cel‘lectio
2050 1663 2272 1746 nostra,
2320 1666 2723 1746 uti_statutum_
2746 1671 2856 1737 est,
2885 1663 3610 1746 _si_ng_ula_complectetur.
3637 1663 3787 1729 Nunc

410 1735 603 1798 autem
631 1735 802 1795 editis
826 1738 926 1813 adj
937 1754 1113 1813 ungo_
1109 1738 1289 1813 breve
1304 1735 1430 1813 hec
1445 1753 1561 1813 non
1586 1739 1753 1813 antea
1786 1735 2003 1813 editum
2032 1736 2189 1813 quod
2220 1735 2462 1813 exordio
2494 1736 2646 1790 facto
2672 1738 2746 1813 ab
2761 1735 2917 1813 anne
2943 1735 3083 1813 10111
3102 1739 3175 1793 ad
3198 1735 3444 1813 mortem
3473 1759 3645 1813 usque
3667 1746 3787 1798 cele-

405 1812 733 1870 bratissimi
760 1805 1047 1879 principis
1078 1807 1319 1879 Roberti
1349 1805 1659 1879 Guiscardi
1679 1806 1905 1879 Apuliae
1920 1806 2115 1879 ducis,
2138 1805 2250 1860 hoc
2275 1808 2453 1860 estad
2482 1822 2700 1879 annum
2726 1807 2857 1863 1085
2875 1809 3203 1865 deducitur.
3220 1812 3542 1867 Postremae
3561 1805 3786 1879 ejusdem

406 1885 581 1939 lineae
598 1877 829 1950 tempus
844 1880 1102 1950 indicare
1125 1878 1533 1950 videnturque
1561 1877 1689 1950 haec
1720 1877 1930 1950 litteris
1955 1878 2303 1950 consignata
2332 1879 2491 1950 sunt.
2515 1878 2761 1950 Legitur
2782 1894 2992 1949 nempe
3016 1881 3075 1933 in
3097 1880 3211 1934 ﬁne
3245 1898 3256 1934 ε
3283 1881 3559 1938 Succedit
3584 1877 3789 1940 Roberto

408 1945 882 2026 Rogemus-{ilius
906 1949 1048 2073 «gas,
1078 1954 1254 2019 pater
1296 1945 1582 2002 Willelmi
1608 1948 1778 2001 tertii
1800 1945 1969 2000 ducis
1983 1945 2231 2017 Apuliae,
2261 1948 2359 2018 qui
2380 1965 2531 2001 nunc
2549 1945 2817 2003 feliciter
2846 1945 3114 2025 ducatur.
3156 1952 3455 2007 Robertus
3485 1953 3788 2009 Guiscardus

408 2029 543 2073 nost
568 2039 635 2073 se
654 2021 890 2073 reliquit
963 2020 1225 2073 oaerium
1249 2023 1637 2073 cognomento
1660 2019 1930 2073 Bursam.
1966 2018 2082 2071 sibi
2100 2033 2334 2073 auoaue
2357 2034 2777 2073 successorem
2807 2022 2867 2073 in
2892 2022 3119 2073 Anuliaa
3141 2022 3378 2073 ducatu.
3414 2023 3610 2073 Gennit
3631 2026 3786 2073 Roge-

406 2018 543 2095 post
568 2039 635 2077 se
653 2021 890 2096 reliquit
908 2018 1225 2096 Hogei'iugi
1249 2023 1637 2096 cognomento
1660 2018 2082 2096 .Bursanihsi-bi
2100 2033 2334 2096 quoque
2357 2034 2777 2096 successorem
2807 2022 2867 2096 in
2892 2020 3119 2096 Apulia:
3141 2022 3378 2096 ducatu.
3414 2023 3610 2078 Genuit
3631 2026 3786 2096 Roge-

406 2086 533 2150 rius
558 2110 630 2147 ex
653 2086 832 2145 Adela
865 2086 1119 2160 conjuge
1161 2086 1553 2157 Guiliélmum,
1586 2086 1685 2159 qui
1719 2103 1872 2141 anno
1896 2086 2026 2141 1111
2063 2086 2210 2157 patri
2240 2086 2573 2143 succedens
2592 2090 2649 2143 in
2682 2091 2915 2152 ducatu.
2945 2086 3083 2145 eum
3100 2094 3375 2147 tenuitad
3408 2111 3610 2149 annum
3640 2086 3788 2160 usque

407 2113 533 2150 rius
558 2113 630 2147 ex
653 2113 832 2145 A0618
865 2113 1119 2160 cuugugu
1161 2113 1553 2157 uuuwlmum,
1586 2113 1685 2159 qui
1719 2113 1872 2141 uuuu
1896 2113 1919 2141 ι
1939 2113 2026 2141 ιιι
2063 2113 2210 2157 putri
2240 2113 2649 2143 suucuueusm
2682 2113 2915 2152 uucatu.
2950 2113 3083 2145 eum
3101 2113 3375 2147 tenuuaa
3408 2113 3610 2149 annum
3640 2113 3700 2149 us
3735 2113 3786 2149 ue

407 2165 565 2231 1127,
591 2179 705 2234 quo
725 2167 987 2234 tempore
1013 2160 1125 2213 sub
1149 2160 1320 2234 tinem
1346 2160 1482 2234 Julii
1508 2161 1682 2234 vitam
1708 2174 1840 2234 cum
1861 2162 2058 2234 morte
2079 2161 2341 2234 mutavit.
2369 2160 2873 2234 Hujusprincipis
2896 2163 3250 2217 mentionem
3281 2165 3497 2219 habent
3534 2166 3685 2220 Falco
3702 2113 3786 2219 ge-

406 2229 881 2299 Beneventanus,
907 2231 1239 2285 Alexander
1268 2231 1601 2297 Telesinus,
1626 2229 1947 2283 0rdericus
1972 2229 2201 2301 Vitalis,
2233 2230 2446 2301 aliique
2469 2229 2813 2299 Scriptores.
2841 2232 3031 2295 Quare
3056 2237 3188 2287 ante
3211 2250 3431 2289 annum
3454 2235 3602 2301 1127,
3626 2237 3786 2290 Histo-

404 2307 551 2361 riola
582 2306 707 2359 haec
726 2305 945 2373 scripta
968 2302 1217 2374 videtur,
1234 2301 1505 2374 adeoque
1537 2316 1652 2354 non
1675 2299 2117 2374 contemnenda.
2147 2300 2342 2374 Debeo
2361 2299 2521 2354 illam
2549 2302 2727 2374 nobili
2753 2304 3047 2373 simulque
3066 2303 3395 2359 litterarum
3414 2299 3785 2374 amantissimo,

407 2379 534 2430 viro
552 2376 772 2447 lgnatio
799 2370 997 2427 Mariae
1029 2371 1209 2447 Come
1234 2371 1615 2447 Neapolitano
1647 2372 1745 2447 qui
1782 2370 2357 2447 eaemlilaerbtin-uit
2381 2388 2418 2447 _a
2450 2370 3016 2447 prmclarissimo,et
3037 2374 3388 2447 doctissimo
3410 2377 3532 2431 viro
3550 2370 3786 2447 Petrol’ol

405 2440 616 2503 lidorci
652 2447 1146 2517 Monenteautem
1174 2443 1443 2517 Polidoro
1474 2442 1602 2517 ipso
1632 2442 1967 2509 descriptus
1998 2441 2105 2517 {uit
2134 2440 2834 2517 hic_libellu’s_ex_cod_ice
2858 2440 2968 2517 ms.
2998 2445 3225 2517 archivi
3249 2447 3599 2517 episcopalis
3627 2446 3785 2500 Eccle-

407 2519 514 2573 sia:
556 2516 836 2570 Ncritinaa
882 2515 964 2581 ((11
1012 2514 1239 2586 Nardo)
1275 2516 1391 2586 ,‘et
1432 2512 1703 2586 collatum
1781 2526 1912 2586 cum
1977 2511 2160 2565 altero
2201 2511 2521 2586 clarissimi
2564 2514 2676 2586 viri
2719 2514 2925 2568 Jacobi
2980 2515 3053 2569 de
3100 2511 3412 2586 Franchis,
3446 2511 3500 2572 et
3540 2520 3695 2572 unius
3732 2532 3788 2571 ex

408 2588 850 2642 marchionibus
880 2585 1141 2657 'l‘aviani.
1178 2583 1479 2657 Neritinus
1523 2583 1726 2657 codex
1756 2584 1988 2635 circiter
2011 2597 2263 2657 ειιπιιιςῐιΔ
2282 2581 2421 2635 1530
2468 2584 2728 2657 scriptus
2758 2586 3104 2654 videbatur;
3135 2586 3283 2641 alter
3304 2581 3449 2643 vero
3481 2604 3549 2642 ex
3578 2589 3787 2657 scriptu-

411 2676 494 2712 ras
516 2660 702 2711 forma
731 2657 984 2730 aliisque
1009 2655 1368 2730 conjecturis
1401 2654 1756 2730 credebatur
1786 2658 2063 2730 eaaratus
2095 2652 2207 2705 sub
2234 2653 2408 2730 tinem
2433 2652 2641 2730 βεξομιί
2674 2672 2773 2730 xi_i,
2797 2660 2905 2730 aut
2926 2652 3155 2730 initium
3180 2660 3491 2728 sequentis
3520 2676 3633 2713 xm.
3656 2652 3785 2730 lgna

404 2733 527 2783 tum
562 2732 653 2781 est
681 2727 824 2780 mihi
854 2723 1102 2796 quanam
1126 2723 1358 2797 ratione
1395 2727 1529 2793 post
1572 2723 1955 2797 annum_10'74
1987 2726 2110 2797 tres
2150 2724 2287 2777 anni
2315 2724 2661 2797 exciderint.
2711 2725 2834 2779 Erit
2877 2729 2933 2780 et
2981 2726 3164 2796 hujus
3212 2723 3487 2797 opusculi
3517 2723 3786 2796 ususfubi

408 2797 809 2868 chronologiae
840 2794 1265 2851 controversiae
1298 2798 1619 2851 occurrunt
1646 2795 1717 2847 de
1748 2794 2187 2848 Nortmannicm
2210 2794 2404 2864 gentis
2435 2795 2734 2863 prioribus
2765 2798 2955 2868 gestis
2986 2798 3045 2851 in
3066 2794 3286 2867 'Apulia
3305 2803 3481 2871 atque
3511 2794 3703 2853 Sicilia.

402 3097 715 3163 INCIPIT
772 3090 1271 3157 CHRONICON
1303 3088 2055 3152 NORTHMANNICUM
2088 3089 2198 3150 DE
2232 3089 2511 3153 REBUS
2548 3091 2638 3153 ΙΝ
2685 3092 3030 3155 JAPIGYA
3061 3092 3165 3153 ΕΤ
3186 3093 3506 3157 APULIA
3538 3094 3783 3155 GESTIS

886 3195 891 3198 ’
1732 3191 2074 3256 CONTRA
2102 3194 2489 3256 GRECOS.

471 3377 640 3430 Anno
681 3368 839 3425 1041.
901 3364 1291 3421 Northmanni
1331 3362 1481 3417 duce
1530 3361 1793 3415 Arduino
1825 3361 2062 3432 Lango-
2090 3326 2142 3380 Α
2236 3363 2406 3417 Anno
2440 3363 2595 3418 1051.
2631 3364 2829 3436 Drogo
2860 3365 3210 3420 interﬁcitur
3237 3366 3299 3421 in
3333 3368 3559 3438 Apulia,
3592 3370 3642 3420 et
3665 3380 3775 3419 suc-

398 3464 583 3519 bardo
627 3460 879 3532 primum
936 3454 1218 3509 invadunt
1280 3450 1550 3520 Apuliam
1603 3465 1736 3503 cum
1795 3450 2061 3503 exercitu
2162 3451 2784 3521 ceditHumphredus.

399 3566 615 3623 magno
644 3555 701 3603 et
730 3546 885 3601 forti.
2232 3541 2402 3593 Anno
2436 3537 2592 3593 1052.
2642 3540 2724 3594 Fit
2765 3541 3037 3609 prmlium
3080 3559 3211 3597 cum
3259 3544 3501 3614 Argyro
3548 3545 3782 3610 catapano

470 3640 639 3693 Anno
670 3634 828 3688 1042.
849 3632 1054 3685 Mense
1072 3629 1281 3684 Martio
1299 3626 1689 3682 Northmanni
1716 3625 2063 3680 commitunt
2160 3625 2525 3697 Graecorum,
2550 3632 2648 3681 eta
2673 3628 3102 3684 Northmannis
3122 3631 3335 3685 iterum
3356 3633 3590 3703 fugatur
3603 3629 3785 3685 exerci-

398 3726 671 3798 prmlium
701 3724 757 3776 in
776 3720 981 3790 Apulia
996 3735 1129 3773 cum
1158 3715 1443 3770 Michaele
1462 3714 2062 3783 Protospatharioim—
2160 3718 2257 3769 tus
2288 3716 2421 3787 ejus
2454 3716 2610 3770 circa
2641 3716 2979 3772 Tarentum.
3026 3718 3096 3772 Et
3133 3719 3269 3772 item
3304 3720 3523 3773 factum
3552 3724 3636 3773 est
3661 3732 3782 3786 pra:-

396 3814 623 3887 periali,
656 3811 757 3883 qui
794 3808 1115 3864 vocabatur
1136 3805 1519 3872 Dulchianus,
1554 3805 1610 3857 et
1640 3803 1882 3856 vincunt
1898 3818 2057 3856 eum.
2158 3802 2300 3856 lium
2327 3804 2485 3859 circa
2514 3802 2827 3860 Crotonem
2847 3806 2904 3858 in
2932 3805 3224 3876 Calabria,
3258 3810 3318 3861 et
3349 3808 3542 3861 victus
3571 3810 3653 3861 est
3676 3804 3782 3859 Sico

400 3905 605 3958 Mense
648 3898 1087 3970 Madioliterum
1116 3896 1187 3949 ab
1221 3895 1293 3948 iis
1317 3892 1533 3947 factum
1566 3896 1657 3946 est
1686 3891 1973 3961 praelium,
2006 3893 2063 3945 et
2160 3891 2568 3961 Protosphata.
2614 3892 2685 3945 Et
2731 3893 3051 3947 dominium
3086 3894 3562 3949 Northmannum
3605 3895 3781 3947 factum

394 3993 611 4047 iterum
644 3988 781 4042 victi
815 3990 953 4041 sunt
995 3984 1186 4039 Graeci
1213 3986 1269 4036 et
1297 3980 1836 4051 Protospatharius.
1884 3978 1954 4033 Et
2001 3979 2062 4033 in
2163 3984 2255 4034 est
2286 3980 2639 4051 magnumin
2660 3981 2927 4036 Calabria
2948 3984 3003 4036 et
3024 3983 3269 4053 Apulia;
3294 3985 3551 4038 etcrevit
3568 3980 3783 4053 potentia

394 4081 607 4151 Apulia
653 4081 837 4148 captaa
883 4077 1021 4130 sunt
1067 4073 1263 4126 multae
1322 4071 1590 4124 civitates
1645 4072 1702 4122 et
1748 4069 1876 4122 loca
1928 4083 2062 4139 quin
2144 4072 2221 4123 -et
2250 4069 2422 4122 timor
2451 4085 2653 4124 eorum
2684 4070 2740 4123 in
2774 4071 2933 4125 omni
2963 4074 3139 4125 terra.

396 4172 562 4224 erant
591 4168 956 4228 Graecorum,
990 4167 1045 4217 et
1076 4159 1447 4230 imperatoris
1481 4156 1811 4225 Michaelis,
1836 4156 1929 4209 cui
1951 4156 2063 4210 hoc
2234 4157 2404 4211 Anno
2456 4156 2610 4211 1053.
2675 4158 3062 4212 Northmanni
3117 4159 3340 4213 bellum
3397 4163 3604 4232 gerunt
3676 4168 3781 4211 cum

391 4271 547 4315 anno
580 4254 875 4311 successit
905 4250 1346 4306 Constantinus.
2166 4246 2362 4300 Leone
2392 4261 2567 4315 papa,
2610 4249 2665 4299 et
2695 4246 2960 4316 principe
2992 4248 3412 4303 Beneventano
3444 4252 3499 4302 et
3544 4251 3780 4315 catapano

464 4346 636 4399 Anno
689 4342 844 4396 1043.
906 4339 1212 4393 Meniacus
1270 4336 1558 4407 magister
1607 4350 1741 4388 cum
1793 4332 2061 4388 exercitu
2165 4333 2456 4402 imperiali
2486 4335 2545 4388 in
2579 4335 2905 4403 principatu
2943 4336 3307 4403 Beneventi;
3346 4340 3403 4390 ct
3454 4334 3784 4406 fugaturBo-

392 4433 737 4489 Graacorum
768 4427 1184 4498 fecitprmlium
1208 4429 1409 4479 contra
1435 4423 1875 4478 Northmannos
1900 4422 2055 4475 circa
2162 4422 2418 4492 dulphus
2453 4423 2751 4492 princeps,
2805 4427 2860 4477 et
2902 4423 3023 4478 Leo
3053 4440 3201 4494 papa
3244 4427 3479 4494 capitur
3521 4424 3588 4478 ab
3638 4422 3781 4475 Hum-

390 4522 691 4588 Materam,
726 4522 782 4572 et
820 4516 927 4570 fuit
957 4530 1170 4586 magna
1200 4513 1374 4584 plaga
1404 4513 1462 4566 in
1491 4516 1739 4581 utroque
1772 4510 2050 4564 exercitu.
2084 4543 2131 4596 Β
2158 4509 2384 4579 phredo
2414 4515 2470 4563 et
2500 4510 2951 4580 Northmannis;
3002 4515 3058 4564 et
3116 4513 3177 4565 tit
3230 4529 3447 4584 magna
3487 4515 3700 4582 strages
3732 4507 3776 4558 in

459 4612 651 4664 Anno.
683 4605 824 4660 1045
867 4605 1137 4674 Argyrus
1186 4601 1489 4656 Bariensis
1536 4599 1862 4670 imperialis
1893 4601 2052 4652 cata-
2159 4614 2363 4653 mense
2394 4599 2593 4653 Junio.

387 4713 602 4770 panus,
635 4698 692 4750 et
718 4694 836 4749 dux
850 4691 1210 4759 Graecorum,
1245 4690 1403 4743 vadit
1423 4689 1482 4743 in
1503 4689 1816 4743 Tarentum
1849 4691 2051 4741 contra
2226 4688 2393 4741 Anno
2427 4686 2583 4743 1054.
2618 4688 2863 4741 Moritur
2892 4688 3312 4743 Constantinus
3347 4689 3666 4759 imperator,
3697 4700 3775 4754 qu:

387 4787 853 4852 Northmannos,
879 4784 935 4835 ct
962 4780 1144 4834 vincit
1163 4792 1289 4842 eos,
1324 4777 1613 4831 etdeinde
1643 4776 1803 4831 vadit
1833 4776 1890 4828 in
1903 4775 2049 4829 Tra-
2155 4776 2606 4847 cognominatus
2637 4781 2729 4831 est
2765 4776 3291 4842 Monomachus;et
3309 4782 3448 4848 post
3475 4794 3600 4832 eum
3627 4776 3776 4842 impe-

391 4890 530 4930 num
558 4877 615 4928 et
656 4870 915 4925 vincitur
960 4867 1032 4921 ab
1065 4866 1175 4935 eis,
1212 4865 1362 4919 duce
1391 4864 1700 4919 Guillelmo
1735 4862 2049 4917 Ferrebra-
2152 4868 2241 4920 rat
2280 4864 2550 4919 Thodora
2603 4881 2733 4935 qua:
2779 4865 2887 4919 fuit
2923 4864 3313 4937 Constantini,
3354 4871 3409 4921 et
3460 4881 3623 4921 soror
3663 4860 3771 4914 Zois

386 4963 543 5032 chio,
578 4961 676 5033 qui
706 4957 1031 5013 intitulatus
1063 4956 1154 5009 est
1182 4954 1411 5024 primus
1444 4968 1642 5007 comes
1674 4953 1921 5022 Apuliae.
2150 4954 2541 5024 imperatricis
2572 4955 2881 5025 Augustae.

455 5050 623 5105 Anno
652 5048 806 5103 1046.
833 5047 1072 5101 Factum
1096 5045 1188 5098 est
1217 5044 1425 5098 iterum
1455 5041 1723 5111 praelium
1754 5041 1812 5094 in
1836 5040 2046 5110 Apulia
2220 5043 2389 5096 Anno
2449 5040 2606 5096 1055.
2667 5042 3087 5112 Humpliredus
3135 5042 3273 5097 fecit
3358 5043 3615 5113 praelium
3662 5050 3767 5092 cum

386 5138 537 5192 inter
564 5139 807 5193 Graecos
839 5139 895 5191 et
943 5133 1403 5188 Northmannos.
1438 5130 1507 5183 Et
1538 5130 1635 5183 isti
1666 5130 2039 5201 fugaverunt,
2149 5129 2375 5185 Graecis
2409 5131 2564 5184 circa
2594 5130 2809 5198 Oriam,
2841 5135 2897 5184 et
2918 5132 3058 5185 vicit
3087 5146 3211 5185 eos.
3246 5130 3579 5186 Gaufredus
3602 5138 3767 5183 comes

390 5228 446 5279 et
473 5225 909 5294 dissipaverunt
939 5222 1261 5278 exercitum
1284 5221 1656 5283 Graecorum;
1689 5222 1744 5271 ct
1774 5218 1881 5271 fuit
1904 5219 2044 5272 Dro-
2150 5220 2595 5290 comprehendit
2623 5219 2969 5273 Neritonum
3002 5222 3058 5273 et
3105 5220 3344 5274 Ditium.
3386 5219 3658 5274 llobertus
3683 5229 3765 5267 co-

389 5326 466 5381 go
496 5312 624 5385 dux.
644 5328 874 5379 eorum,
909 5312 1010 5381 qui
1063 5311 1170 5365 fuit
1203 5310 1505 5365 secundus
1547 5323 1746 5361 comes
1788 5307 2038 5376 Apuliae.
2148 5325 2275 5363 mes
2321 5309 2423 5362 ivit
2469 5325 2652 5378 super
2690 5307 3047 5378 Callipolim,
3082 5312 3139 5361 et
3185 5307 3430 5379 fugatus
3460 5309 3545 5361 est
3588 5306 3762 5358 iterum

459 5402 629 5453 Anno
659 5398 814 5453 1048.
847 5400 1233 5453 Northmanni
1273 5400 1505 5453 iverunt
1543 5400 1748 5451 contra
1795 5396 2041 5450 Graecos
2147 5398 2444 5451 exercitus
2468 5398 2809 5453 Graecorum
2843 5397 2900 5451 in
2930 5400 3087 5450 terra
3117 5396 3455 5465 Tarentina,
3488 5397 3541 5449 et
3569 5395 3760 5461 captum

382 5488 444 5545 in
472 5485 819 5551 Calabriam,
846 5490 902 5539 et
925 5488 1269 5542 invaserunt
1286 5504 1433 5555 eam,
1456 5491 1511 5541 et
1532 5486 1671 5539 victi
1693 5488 1829 5539 sunt
1849 5484 2042 5539 Graeci
2146 5488 2239 5538 est
2282 5485 2668 5555 Hydrontum,
2703 5488 2760 5541 et
2790 5488 3051 5540 castrum
3085 5485 3386 5539 Minervae.

383 5579 543 5635 circa
582 5573 964 5630 Tricaricum.
1018 5575 1439 5645 Humphredus
1485 5576 1636 5646 capit
1690 5573 1950 5646 Trojam,
1985 5576 2042 5629 et
2215 5575 2384 5629 Anno
2412 5573 2567 5645 1056,
2603 5576 2866 5631 Mortuus
2893 5578 2984 5630 est
3012 5573 3454 5645 Humphredus,
3486 5574 3540 5626 et
3562 5563 3759 5624 intravit

379 5667 522 5728 facit
549 5667 809 5728 castrum
828 5663 889 5720 in
914 5663 1268 5722 Bechereza.
2147 5677 2346 5720 comes
2359 5664 2587 5735 Apuliae
2622 5664 2941 5736 Robertus,
2961 5663 3265 5739 quidictus
3289 5665 3385 5718 est
3414 5653 3750 5717 Guiscardus.
