3982 6164
140 429 263 496 1085

1040 422 1538 488 CHRONICON
1580 424 1865 490 BBEVE
1905 422 2562 492 NORMANNICUM.

3373 441 3524 503 1086

139 632 340 687 Factum
368 630 453 681 est
480 625 744 694 praelium
775 640 979 679 mense
1001 625 1330 694 Septembri
1352 627 1508 679 circa
1532 627 1745 679 Taren-
1774 605 1838 670 Α
1866 626 2128 681 Mabrica
2160 629 2419 683 crudelis
2449 630 2764 699 dimicatio,
2800 637 2855 687 ct
2888 637 3108 692 occisio
3132 639 3435 695 hominum
3462 642 3522 695 in

141 726 256 784 tum,
280 718 332 770 et
357 713 535 767 Graeci
553 714 688 765 victi
710 715 867 779 sunt,
902 715 958 766 et
988 712 1138 767 facta
1161 719 1251 767 est
1275 730 1486 784 magna
1510 718 1747 783 strages

143 806 396 860 hominum
427 818 458 854 a
487 800 732 854 Tarento
751 816 941 870 usque
964 801 1035 854 ad
1061 802 1448 871 Hydrontum,
1470 808 1524 855 et
1544 818 1749 857 omnes

142 893 292 948 urbes
320 895 370 944 et
396 892 562 943 terra:
586 888 755 943 factae
788 893 927 943 sunt
957 889 1029 943 de
1055 890 1312 944 dominio
1331 888 1455 961 [vel
1471 890 1752 962 hominio]

142 980 647 1034 Northmannorum.
707 976 956 1031 Moritur
1004 978 1313 1032 Theodora
1346 980 1637 1049 Augusta,
1698 982 1755 1032 et

142 1066 368 1122 succedit
395 1064 658 1131 Michael,
691 1066 791 1135 qui
821 1065 1015 1119 dictus
1048 1069 1140 1120 est
1170 1066 1561 1121 Stratonicus.

193 1156 337 1208 Anno
367 1151 515 1207 1057.
563 1151 815 1207 Michael
846 1153 1085 1223 deponit
1129 1154 1459 1224 imperium,
1497 1158 1554 1209 et
1581 1155 1758 1210 intrat

137 1244 409 1312 imperator
438 1239 687 1295 Isacius.

195 1331 339 1382 Anno
366 1325 518 1381 1058.
585 1328 720 1382 Fuit
749 1344 961 1400 magna
994 1329 1182 1384 fames
1217 1329 1273 1384 in
1333 1335 1487 1385 terra
1532 1332 1758 1386 Taren-

141 1419 251 1481 tina,
279 1419 328 1469 et
354 1414 652 1485 Calabria;
700 1419 757 1470 et
785 1421 994 1486 postea
1024 1420 1186 1472 venit
1214 1419 1424 1489 pestis,
1460 1424 1516 1474 et
1546 1422 1758 1476 mortui

140 1506 251 1557 sunt
277 1503 528 1557 homines
560 1519 694 1557 cum
738 1505 1091 1560 animalibus
1137 1507 1197 1561 in
1226 1524 1472 1563 numero
1506 1509 1757 1563 maximo

143 1592 189 1644 in
210 1606 391 1645 mense
422 1590 632 1645 Medio.

196 1682 340 1732 Anno
371 1677 521 1732 1059.
577 1679 877 1734 Robertus
921 1697 1122 1737 comes
1169 1685 1395 1753 Apulia
1448 1685 1638 1739 factus
1667 1691 1760 1741 est

144 1766 238 1819 dux
275 1766 506 1835 Apuliae,
539 1765 827 1821 Calabriae
859 1774 913 1823 et
944 1770 1161 1825 Siciliae
1182 1788 1214 1825 a
1246 1789 1391 1843 papa
1424 1774 1666 1827 Nicolao
1698 1775 1757 1827 in

140 1853 333 1907 civitate
377 1854 623 1923 Melphis
676 1861 779 1909 :et
829 1856 965 1911 fecit
1009 1860 1060 1911 ei
1108 1859 1431 1914 hominium
1480 1863 1553 1915 dc
1603 1858 1765 1915 omni

137 1944 278 1994 terra.
308 1942 620 2011 Imperator
650 1943 875 1998 Isacius
909 1948 1203 2002 renuntiat
1234 1948 1566 2018 imperium,
1609 1954 1664 2004 et
1697 1950 1757 2003 ﬁt

136 2029 410 2099 imperator
437 2029 859 2086 Constantinus
893 2033 1109 2089 Ducas.

1865 715 2174 770 obsidione
2206 716 2360 785 ejus.

1936 823 2100 876 Anno
2168 823 2315 877 1071.
2367 825 2522 878 Idem
2580 828 2876 883 Rohertus
2925 832 3042 885 dux
3082 834 3233 903 cepit
3263 835 3524 891 Brundu-

1862 910 2036 963 sium.
2072 910 2319 964 Moritur
2367 913 2731 971 Humbertus
2792 918 2975 972 frater
3005 920 3159 990 ejus.
3221 922 3524 979 Romanus

1861 997 2180 1067 imperator
2211 1000 2537 1069 deponitur,
2575 1007 2629 1057 et
2656 1010 3007 1077 excaecatur,
3033 1012 3091 1063 et
3120 1011 3388 1065 succedit
3420 1012 3523 1065 Mi-

1864 1086 2033 1140 chael
2065 1087 2262 1142 Ducas
2293 1088 2451 1143 filius
2480 1090 2865 1147 Constantini.

1934 1192 2290 1247 Anno1072.
2328 1194 2485 1249 Idem
2548 1198 2843 1253 Robertus
2901 1201 3020 1255 dux
3075 1220 3207 1257 cum
3262 1206 3526 1261 exercitu

1860 1280 2054 1333 navali
2079 1282 2235 1334 vadit
2264 1283 2334 1335 ad
2360 1285 2701 1352 capiendam
2724 1287 2981 1342 Siciliam
3005 1290 3277 1361 insulam,
3304 1296 3359 1347 et
3379 1293 3525 1347 Gof-

1864 1367 2054 1422 fridus
2087 1385 2288 1424 comes
2320 1372 2551 1426 obsedit
2580 1374 2957 1445 Panormum,
2992 1382 3049 1431 et
3080 1381 3232 1448 cepit
3273 1397 3421 1436 eam.
3456 1382 3526 1437 Et

1863 1472 2067 1511 mense
2096 1458 2271 1513 Junio
2306 1459 2540 1514 intravit
2576 1463 2871 1517 Robertus
2903 1466 3204 1536 gloriosus
3224 1469 3281 1521 in
3304 1469 3524 1525 Panor-

1864 1561 2042 1615 mum,
2083 1551 2141 1600 et
2190 1547 2419 1619 fugavit
2473 1550 2801 1605 Saracenos
2854 1554 2925 1607 ab
2957 1570 3023 1607 ea
3055 1558 3111 1608 et
3140 1555 3279 1610 fecit
3317 1559 3526 1612 trium-

1865 1634 2043 1702 phum
2073 1651 2372 1705 magnum.

1938 1744 2106 1795 Anno
2163 1741 2321 1795 1073.
2384 1744 2795 1815 Northmanni,
2849 1752 2905 1801 et
2958 1749 3273 1804 Petronius
3322 1767 3525 1806 comes

1863 1844 2070 1883 mense
2103 1831 2381 1885 Januario
2406 1837 2687 1901 ceperunt
2719 1836 3008 1889 civitatem
3031 1836 3435 1893 Traniensem.
3458 1839 3528 1893 Et

1870 1916 2167 1971 Robertus
2198 1919 2313 1972 dux
2345 1920 2648 1989 gloriosus
2678 1936 2963 1977 reversus
2986 1924 3058 1978 de
3081 1926 3277 1979 Sicilia
3303 1926 3530 1998 fugavit

1866 2005 2202 2059 Petronium
2237 2009 2508 2062 comitem
2532 2010 2688 2063 circa
2719 2010 2932 2078 Barim,
2954 2016 3010 2065 et
3031 2014 3241 2067 iterum
3265 2030 3529 2089 compre-

191 2092 336 2170 Ᾰηηο
367 2116 516 2173 1060.
542 2119 750 2173 Mense
773 2119 964 2175 Medio
983 2123 1416 2192 comprehensa
1434 2126 1755 2180 estcivitas
1784 2141 1836 2201 Β
1866 2092 2236 2201 ἰξίῖῖξέῖίεξθων
2271 2099 2327 2151 et
2348 2096 2679 2153 inimicat“
2706 2104 2796 2153 est
2826 2100 3138 2155 Petronius
3161 2116 3361 2156 comes
3394 2118 3528 2157 cum

137 2204 335 2258 Tarenti
363 2222 462 2275 per
490 2207 701 2261 ducem
735 2208 1092 2273 Robertum;
1126 2216 1182 2264 et
1213 2215 1413 2282 postea
1444 2213 1548 2265 ivit
1573 2231 1757 2284 super

139 2292 509 2363 Brundusium,
542 2297 604 2349 et
635 2296 788 2365 cepit
819 2313 966 2352 eam.
994 2299 1293 2369 Malgerus
1321 2317 1521 2355 comes
1546 2304 1758 2356 ivitsu-

136 2396 222 2447 per
245 2380 443 2452 Oriam,
479 2387 533 2436 et
563 2383 796 2455 fugavit
825 2384 1067 2440 Graecos
1091 2389 1162 2441 ab
1185 2404 1273 2455 ea,
1301 2390 1503 2444 Mense
1518 2392 1758 2444 Octobri

138 2470 270 2523 venit
306 2470 610 2525 Miriarc’ha
664 2488 796 2526 cum
845 2475 1108 2529 exercitu
1164 2478 1472 2546 imperiali,
1534 2483 1589 2531 ct
1622 2478 1760 2532 fecit

138 2557 367 2623 praelium
397 2574 676 2629 magnum
707 2564 909 2614 contra
944 2563 1284 2630 Robertum,
1320 2568 1376 2618 et
1408 2565 1753 2636 Malgerum,

136 2647 180 2696 et
205 2643 405 2715 fugavit
428 2647 891 2715 Northmannos,
926 2654 982 2704 et
1016 2651 1225 2705 iterum
1261 2656 1634 2723 recuperavit
1655 2671 1757 2710 eas

137 2746 242 2785 cum
269 2734 389 2788 aliis
418 2737 622 2803 terris,
657 2740 714 2790 et
755 2738 1078 2808 Hydronte.

190 2821 336 2875 Anno
367 2822 517 2877 1061.
551 2824 761 2879 Mense
791 2824 1069 2881 Januario
1098 2829 1398 2899 Rogerius
1432 2846 1632 2885 comes
1666 2833 1758 2885 in-

136 2909 279 2961 travit
304 2909 688 2981 Mandurium,
722 2917 780 2968 et
812 2915 1107 2970 Itobertus
1161 2916 1282 2970 dux
1314 2920 1760 2988 comprehendit

136 2995 603 3069 Acherontiam,et
631 3001 735 3055 ivit
766 3004 1226 3059 contraGraecos
1257 3005 1602 3062 obsidentes
1618 3009 1759 3063 Mel-

132 3082 280 3153 phim,
308 3091 359 3140 et
388 3087 616 3159 fugavit
647 3105 774 3144 eos.

191 3172 335 3226 Anno
366 3173 517 3231 1062.
557 3178 856 3233 Robertus
888 3179 1006 3233 dux
1040 3181 1195 3250 cepit
1222 3181 1432 3237 iterum
1480 3184 1756 3240 Brundu-

137 3258 278 3330 sium,
314 3266 366 3316 et
394 3263 625 3335 fugavit
662 3264 925 3334 Graecos,
959 3271 1015 3321 et
1045 3256 1490 3339 comprehcndit
1523 3273 1755 3328 Miriar-

137 3345 275 3401 cham
304 3350 356 3404 in
382 3353 609 3422 praelio,
644 3357 701 3407 et
730 3359 935 3423 postea
963 3356 1069 3409 ivit
1102 3374 1283 3428 super
1310 3359 1526 3430 Oriam,
1560 3365 1616 3416 et
1645 3363 1757 3417 ite-

135 3448 239 3489 rum
268 3440 408 3508 cepit
433 3455 581 3509 eam,
620 3445 677 3494 et
704 3440 842 3496 fecit
875 3448 1133 3498 castrum
1165 3447 1224 3499 in
1255 3446 1505 3517 Mejana.

191 3524 339 3581 Anno
373 3528 528 3583 1063.
551 3530 760 3584 Mense
780 3532 966 3599 Aprili
991 3538 1261 3589 mortuus
1290 3540 1382 3590 est
1402 3537 1756 3596 Gautl'redus

134 3626 323 3684 comes,
369 3619 423 3670 et
452 3617 754 3673 Goffridus
813 3620 969 3675 filius
1030 3621 1163 3691 ejus
1223 3625 1374 3694 cepit
1405 3626 1753 3698 Tarentum;

134 3700 311 3756 deinde
337 3705 436 3758 ivit
458 3722 643 3776 super
673 3712 932 3763 castrum
953 3710 1209 3781 Motulae,
1236 3717 1290 3767 et
1310 3716 1757 3785 comprehendit

135 3802 257 3858 eam,
289 3795 342 3846 et
371 3796 679 3849 castellum
706 3795 861 3867 ejus.

187 3877 336 3933 Anno
376 3880 529 3937 1064.
589 3884 887 3939 Robertus
945 3902 1145 3942 comes
1203 3890 1356 3959 cepit
1387 3891 1666 3947 Matcram
1697 3895 1756 3948 in

133 3978 305 4021 mense
334 3971 515 4040 Aprili
536 3988 550 4040 ;
580 3975 637 4026 et
651 3988 854 4028 mense
870 3974 1042 4030 Junio
1055 3974 1353 4032 Goffridus
1373 3995 1573 4034 comes
1592 3997 1755 4035 com-

131 4055 402 4121 prehendit
421 4058 820 4115 Castanetum.
840 4062 907 4116 Et
925 4080 1128 4119 mense
1147 4065 1475 4135 Septembri
1490 4074 1756 4123 mortuus

133 4144 207 4195 est
233 4144 520 4218 Malgerus
552 4165 776 4219 comes,
810 4153 865 4205 et
905 4151 1115 4207 deinde
1150 4158 1416 4209 mortuus
1449 4158 1619 4211 estin
1643 4158 1757 4212 Ta-

133 4236 271 4287 rento
297 4234 643 4292 Guilielmus
671 4237 870 4293 comes
903 4238 1057 4309 ejus.

190 4322 337 4376 Anno
373 4323 522 4381 1067.
558 4327 819 4381 Mabrica
850 4345 981 4381 cum
1006 4330 1270 4385 exercitu
1288 4347 1501 4403 magno
1525 4332 1759 4390 Graeco-

132 4422 235 4462 rum
262 4410 479 4483 fugavit
511 4415 971 4484 Northmannos,
1007 4421 1065 4471 et
1094 4419 1303 4472 iterum
1323 4420 1557 4474 intravit
1583 4423 1762 4477 Brun-

134 4494 353 4567 dusium,
386 4502 796 4558 etTarentum.
830 4505 1041 4559 Postea
1064 4507 1332 4561 ascendit
1351 4526 1532 4578 super
1552 4511 1759 4565 Casta-

133 4588 318 4657 netum,
351 4592 405 4644 et
433 4591 658 4660 recepit
677 4607 822 4647 eam.
846 4592 1525 4652 MoriturConstantinus
1542 4599 1756 4669 Ducas,

133 4675 177 4723 et
199 4675 417 4746 reliquit
447 4680 759 4750 imperium
793 4681 1071 4736 Eudociae
1104 4685 1293 4754 uxori,
1329 4688 1385 4739 et
1414 4687 1554 4740 filiis
1586 4688 1756 4758 ejus;

133 4774 241 4829 qua:
266 4764 470 4821 iterum
506 4767 645 4822 fecit
677 4772 909 4840 nuptias
942 4788 1073 4826 cum
1118 4775 1401 4843 Romano,
1438 4777 1536 4846 qui
1566 4776 1759 4833 dictus

133 4852 207 4902 est
224 4851 532 4927 Diogenes,
558 4859 615 4910 et
646 4857 771 4925 ipse
806 4859 995 4914 factus
1028 4862 1366 4931 imperator.

191 4940 340 4996 Anno
371 4943 531 5000 1068.
566 4945 863 5001 Goﬂ'ridus
896 4964 1097 5003 comes
1116 4952 1617 5008 obseditmontem
1638 4956 1759 5009 Pil-

131 5023 315 5098 losum,
372 5036 429 5086 et
486 5034 929 5104 comprehendit
986 5054 1119 5091 eum
1176 5040 1233 5092 in
1296 5057 1499 5095 mense
1559 5043 1756 5098 Junio.

133 5113 307 5173 Mense
334 5120 571 5176 Octobri
620 5128 849 5194 captum
882 5128 973 5180 est
1025 5126 1232 5182 iterum
1284 5128 1671 5199 Hydrontum,
1704 5137 1760 5186 et

136 5202 290 5276 fugati
320 5214 453 5264 sunt
482 5210 672 5266 Graeci
712 5213 783 5266 ab
815 5229 902 5268 ea.

187 5294 339 5349 Anno
374 5296 527 5353 1069.
565 5299 802 5355 Factum
836 5306 925 5356 est
959 5303 1223 5371 praelium
1254 5306 1312 5359 in
1345 5322 1548 5377 campo
1600 5309 1754 5378 Litii,

133 5382 178 5431 et
203 5380 373 5455 fugati
408 5392 547 5441 sunt
579 5388 801 5454 Graeci;
836 5395 891 5443 et
921 5392 1215 5447 Itobertus
1246 5394 1365 5448 dux
1396 5398 1549 5465 cepit
1579 5397 1757 5451 Gavi-

133 5481 268 5533 num,
297 5472 641 5543 Obbianum,
677 5480 733 5531 et
761 5478 977 5533 Barim.

190 5558 343 5614 Anno
372 5562 528 5617 1070.
568 5564 865 5621 Robertus
895 5566 1016 5622 dux
1046 5569 1551 5642 descenditsuper
1573 5574 1760 5628 Brun-

133 5641 359 5719 dusium,
392 5654 448 5705 et
494 5651 793 5710 Goﬁ‘ridus
850 5672 1052 5713 comes
1108 5661 1269 5714 venit
1317 5641 1464 5715 cum,
1497 5664 1762 5718 exercitu

133 5744 322 5808 magno
350 5741 406 5798 et
434 5739 576 5797 forti
598 5742 655 5799 in
693 5745 966 5821 navibus,
996 5752 1053 5804 et
1082 5747 1234 5805 facta
1265 5753 1356 5807 est
1385 5751 1539 5808 inter
1567 5768 1674 5809 eos
1703 5755 1760 5810 et

1870 2183 2148 2251 Rogerio.

1922 2290 2106 2343 Anno
2139 2288 2295 2343 1074.
2359 2291 2515 2345 Idem
2569 2294 2863 2348 Itobcrtus
2898 2295 3015 2348 dux
3055 2296 3159 2350 ivit
3190 2297 3249 2350 in
3278 2297 3527 2369 Campa—

1865 2377 2041 2443 niam,
2062 2379 2289 2447 etcepit
2321 2380 2533 2433 multas
2564 2381 2834 2435 civitates
2868 2400 2998 2436 eum
3021 2385 3254 2438 civitate
3276 2385 3526 2455 Salerni,

1866 2466 1922 2518 et
1950 2466 2286 2519 inimicatus
2318 2471 2409 2520 est
2440 2484 2572 2521 cum
2605 2485 2750 2538 papa
2782 2470 3095 2541 Gregorio.

1936 2554 2105 2607 Anno
2140 2553 2296 2608 1078.
2331 2556 2647 2610 Petronius
2680 2573 2881 2611 comes
2913 2559 3065 2628 cepit
3090 2560 3388 2615 Tranium.
3424 2561 3526 2615 Mi-

1865 2641 2033 2695 chael
2069 2642 2264 2695 Ducas
2310 2645 2575 2713 privatur
2630 2648 2874 2714 imperio
2905 2663 2936 2700 a
2996 2646 3394 2719 Nichephoro,
3428 2648 3526 2720 qui

1865 2730 2057 2784 dictus
2089 2734 2180 2785 cst
2212 2733 2569 2803 Botoniates,
2603 2738 2656 2789 et
2685 2735 2812 2804 ipse
2838 2736 3029 2790 factus
3064 2742 3156 2791 cst
3184 2739 3525 2808 imperator.

1934 2820 2104 2873 Anno
2137 2818 2292 2874 1079.
2327 2822 2639 2876 Petronius
2675 2839 2877 2878 comes
2907 2811 3144 2880 intravit
3173 2828 3383 2881 iterum
3415 2828 3525 2882 Ba-

1865 2907 1995 2960 rim.
2030 2908 2413 2979 Abiligardus
2442 2926 2642 2965 comes
2676 2912 2779 2966 ivit
2802 2929 2983 2983 super
3005 2915 3259 2985 Trojam,
3278 2919 3333 2969 et
3354 2916 3528 2987 fuga-

1863 2996 1946 3049 vit
1975 2996 2378 3051 Boamundum
2409 2998 2592 3053 tilium
2625 3000 2866 3054 Roberti
2897 3001 3087 3071 ducis,
3122 3006 3178 3056 et
3201 3004 3451 3074 obsedit,
3472 3007 3531 3058 et

1864 3085 2017 3154 cepit
2047 3086 2353 3151 Asculum,
2378 3089 2433 3141 et
2450 3088 2661 3141 iterum
2695 3089 2992 3143 Robertus
3017 3090 3136 3143 dux
3156 3093 3531 3160 recuperavit

1864 3189 2011 3228 eam.
2045 3174 2256 3228 Postea
2295 3174 2508 3228 factum
2528 3178 2620 3229 est
2648 3176 2919 3245 prmlium
2949 3178 3187 3247 ibidem,
3210 3182 3267 3234 et
3284 3179 3525 3252 fugatus

1863 3266 1955 3315 est
1990 3262 2368 3333 Abiligardus
2392 3264 2821 3320 cummilitibus
2853 3266 3003 3335 suis,
3037 3271 3092 3320 et
3124 3268 3274 3338 fugit
3296 3269 3352 3322 in
3368 3267 3526 3323 Con-

1865 3350 2321 3420 stantinopolim,
2352 3354 2408 3405 et
2440 3352 2519 3406 ibi
2551 3357 2822 3408 mortuus
2845 3358 2936 3409 est
2961 3354 3238 3410 inimicus
3254 3356 3526 3412 duciRo-

1865 3441 2055 3494 berto.

1938 3530 2108 3583 Anno
2140 3529 2298 3583 1080.
2334 3530 2631 3585 l’tobertus
2662 3531 2781 3586 dux
2804 3533 3037 3589 intravit
3059 3535 3271 3589 iterum
3300 3535 3528 3591 Taren-

1865 3622 2012 3687 tum,
2031 3622 2087 3673 et
2107 3618 2503 3673 Castanetum.
2532 3619 2744 3674 Postea
2766 3621 2869 3675 ivit
2894 3638 3026 3676 eum
3056 3623 3316 3678 exercitu
3349 3640 3530 3696 super

1789 3681 1838 3740 Ο
1868 3681 2083 3776 Barim,
2119 3713 2175 3761 et
2197 3709 2422 3778 fugavit
2453 3710 2815 3779 Petronium,
2836 3714 2891 3765 et
2909 3712 3118 3766 iterum
3143 3681 3530 3783 comprehen-

1867 3795 1949 3849 dit
1979 3812 2105 3850 eam
2138 3812 2271 3850 cum
2330 3798 2564 3851 civitate
2595 3798 2791 3853 Trani.
2840 3799 2911 3853 Et
2957 3801 3242 3855 amicatus
3274 3804 3365 3856 est
3396 3817 3531 3856 cum

1872 3885 2159 3955 Gregorio
2190 3900 2336 3954 papa
2368 3886 2425 3937 in
2451 3901 2656 3940 mense
2684 3887 2881 3955 Junio,
2904 3889 3318 3944 etconﬁrmata
3336 3891 3528 3947 fuitah

1867 3974 1963 4028 illo
1997 3973 2188 4027 omnis
2248 3977 2401 4027 terra
2456 3989 2630 4043 quam
2680 3975 2931 4029 habebat
2967 3977 3262 4033 Robertus
3319 3980 3437 4034 dux
3468 3981 3528 4035 in

1864 4061 2096 4130 Apulia,
2137 4059 2406 4114 Calabria
2429 4064 2485 4115 et
2515 4061 2733 4116 Sicilia.
2760 4064 3178 4133 Nichephorus
3210 4067 3530 4137 imperator

1865 4149 2197 4219 deponitur,
2234 4151 2291 4202 et
2319 4149 2379 4202 fit
2410 4149 2729 4218 imperator
2760 4151 3028 4206 Alexius.

1936 4240 2104 4292 Anno
2139 4237 2297 4296 1081.
2332 4238 2580 4293 Michael
2612 4241 2829 4309 Ducas,
2856 4242 2954 4310 qui
2974 4242 3162 4296 fuerat
3194 4245 3531 4313 expulsusa

1868 4327 2269 4397 Nichephoro,
2296 4328 2454 4382 venit
2484 4327 2542 4381 in
2577 4328 2999 4399 Brundusium,
3033 4334 3087 4384 et
3119 4332 3281 4401 petiit
3312 4335 3531 4388 auxilia

1868 4420 2071 4469 contra
2100 4415 2369 4469 Alexium
2400 4432 2432 4468 a
2464 4415 2613 4470 duce
2646 4416 2933 4483 Roberto;
2984 4421 3039 4471 et
3068 4418 3189 4473 dux
3222 4420 3527 4476 Iiobertus

1866 4504 1970 4557 ivit
1999 4520 2131 4558 cum
2188 4519 2257 4558 eo
2316 4504 2388 4557 ad
2448 4504 2832 4575 Hydrontem,
2884 4509 2941 4560 et
2999 4508 3289 4563 ordinavit
3320 4525 3425 4579 pro
3457 4524 3528 4564 eo

1866 4594 2191 4647 exercitum
2224 4594 2491 4647 navalem
2541 4594 2853 4648 multarum
2904 4596 3161 4665 navium,
3213 4601 3270 4651 et
3318 4597 3531 4653 deinde

1866 4698 1997 4736 cum
2039 4683 2244 4737 eodem
2276 4681 2559 4736 Michaele
2594 4683 2697 4736 ivit
2727 4684 2799 4737 ad
2830 4684 3083 4738 insulam
3115 4683 3449 4755 Corcyram,
3474 4689 3532 4741 et

1867 4773 2019 4840 cepit
2048 4788 2195 4826 eam.
2232 4771 2453 4826 Deinde
2495 4773 2598 4825 ivit
2630 4776 2831 4827 contra
2863 4773 3248 4844 Dyrrachium
3281 4789 3413 4828 cum
3452 4790 3531 4827 xv

1866 4860 2128 4914 millibus
2154 4859 2488 4929 hominum;
2523 4864 2578 4914 et
2603 4860 2816 4914 factum
2834 4864 2925 4914 est
2946 4860 3214 4930 praelium
3241 4860 3299 4913 in
3320 4861 3530 4930 Dyrra-

1869 4949 2020 5017 chio,
2048 4952 2104 5002 et
2132 4965 2163 5001 a
2191 4949 2451 5003 Roberto
2476 4949 2714 5020 fugatus
2736 4952 2826 5002 est
2856 4948 3125 5002 Alexius.
3148 4947 3217 5001 Et
3232 4948 3529 5003 Robertus

1870 5039 1987 5093 dux
2006 5038 2159 5106 cepit
2175 5037 2650 5108 Dyrrachium,et
2667 5037 2914 5090 obtinuit
2931 5036 3236 5089 victoriam
3256 5052 3532 5108 magnam

1874 5130 2073 5180 contra
2104 5125 2348 5180 Graecos
2380 5142 2562 5195 super
2591 5140 2744 5179 eum.

1788 5238 1842 5298 D
1944 5215 2112 5268 Anno
2146 5215 2299 5267 1084.
2334 5213 2664 5284 Gregorius
2698 5228 2841 5282 lapa
2886 5211 3193 5266 obsidetur
3224 5214 3427 5270 Romm
3457 5214 3531 5269 ab

1874 5304 2132 5357 Henrico
2167 5318 2327 5374 rege,
2363 5303 2462 5372 qui
2496 5302 2878 5355 constituerat
2921 5316 3128 5369 papam
3182 5300 3533 5358 Guibertum

1870 5392 2386 5461 archiepiscopum
2406 5392 2936 5457 Ravennatensem,
2954 5392 3011 5442 et
3036 5388 3176 5444 fecit
3190 5390 3453 5446 schisma
3472 5392 3531 5446 in

1870 5481 2139 5535 Ecclesia
2168 5485 2226 5535 et
2256 5481 2361 5533 fuit
2393 5479 2608 5533 ibidem
2640 5481 2955 5531 coronatus
2989 5479 3059 5532 ab
3091 5494 3182 5533 eo.
3202 5478 3532 5551 Gregorius

1869 5585 2010 5624 vero
2045 5570 2278 5624 vocavit
2305 5568 2378 5622 ad
2408 5566 2691 5621 auxilium
2735 5582 2909 5620 suum
2942 5567 3265 5623 Robertum
3321 5567 3533 5621 ducem

1868 5674 2003 5712 cum
2033 5657 2337 5713 multitude
2369 5656 2621 5711 maxima
2650 5655 3192 5712 Northmannorum
3233 5656 3292 5709 in
3324 5668 3533 5710 mense

1868 5746 2083 5819 Medio,
2146 5748 2203 5802 et
2228 5745 2512 5803 liberatur
2559 5745 2632 5801 ab
2661 5760 2752 5818 eo,
2774 5747 2843 5801 .et
2870 5746 3158 5803 adductus
3191 5743 3299 5800 fuit
3327 5742 3388 5798 in
3418 5740 3530 5799 Sa-
