3926 6146
452 376 606 439 1087
1206 377 1632 440 GAUFREDI
1671 379 2219 444 MALATERRIE
2275 383 2664 449 MONACHI
2712 388 3133 455 BEN’E‘DICT
3666 408 3779 474 1033

444 575 693 643 lernum,
746 577 801 627 et
851 572 1145 627 Henricus
1195 589 1298 627 rex
1343 574 1583 645 fugatus
1631 580 1721 629 est
1767 576 1839 630 de
1871 577 2103 632 civitate
2137 579 2195 639 Υ
2218 584 2274 633 et
2303 582 2431 649 ipse
2461 583 2581 636 dux
2604 585 2924 640 moriturin
2943 587 3424 660 Cassiepimense
3446 596 3779 673 Julio.Corpus

447 662 673 729 Romae,
708 664 765 715 et
793 662 965 715 rediit
997 662 1054 715 in
1086 661 1447 715 Teutoniam.
2219 668 2351 738 ejus
2366 675 2902 738 reportatumestin
2919 661 3779 759 BrundusiuminmenseSeptem-

516 750 686 803 Anno
719 750 875 802 1085.
913 750 1208 803 Robertus
1242 749 1358 802 dux
1380 751 1540 803 venit
1557 751 2105 807 Brundusiumeum
2216 756 2331 824 bri,
2380 761 2435 811 et
2475 759 2583 813 fuit
2630 763 2926 831 sepultum
2971 765 3029 817 in
3062 767 3315 821 ecclesia
3360 770 3534 826 Sancti
3562 749 3721 831 Sabini
3740 780 3781 832 in

446 839 709 893 exercitu
753 837 1288 891 Northmannorum
1326 854 1538 908 magno
1571 843 1625 892 et
1656 839 1810 907 forti,
1863 846 1918 894 et
1949 842 2111 895 misit
2222 845 2453 900 civitate
2480 848 2740 915 Venusii,
2764 852 2917 904 sicut
2934 853 3062 921 ipse
3085 858 3218 909 ante
3233 860 3466 912 mortem
3480 869 3777 932 praeceperat.

446 942 512 982 se
542 927 603 979 in
634 926 886 980 navibus
918 927 975 979 in
1007 926 1149 979 mari
1180 927 1240 978 in
1258 941 1460 979 mense
1484 928 1694 995 Aprili,
1716 929 2109 984 etivitcontra
2217 931 2334 986 Cor
2372 938 2566 989 autem
2605 940 2661 990 et
2708 938 2986 993 interiora
3029 942 3161 1010 ejus
3206 946 3425 1013 sepulta
3465 926 3584 1001 sunt
3615 926 3661 1003 in
3694 952 3783 1022 Hy-

445 1018 704 1071 Venetos
734 1016 805 1068 ad
833 1015 1282 1086 expugnandam
1299 1014 1651 1085 Cassiopim.
1678 1017 1747 1071 Et
1770 1019 1984 1073 factum
2002 1020 2108 1075 fuit
2215 1020 2445 1075 drunte.
2483 1022 2758 1078 Succedit
2778 1027 3040 1081 Roberto
3066 1030 3365 1101 Rogerius
3387 1032 3525 1087 filius
3545 1014 3784 1105 ejuspater

444 1105 710 1175 praelium
742 1104 802 1156 in
857 1104 1024 1166 mari,
1062 1106 1117 1157 et
1146 1104 1283 1158 victi
1316 1106 1456 1158 sunt
1485 1105 1691 1158 Veneti
1718 1122 1751 1159 a
1784 1107 1931 1160 duce
1984 1108 2107 1161 Ro-
2219 1108 2502 1162 Wilellmi
2534 1110 2615 1163 III
2661 1112 2833 1166 ducis
2867 1115 3113 1183 Apuliae,
3166 1118 3268 1186 qui
3300 1134 3448 1173 nunc
3480 1104 3683 1176 feliciter
3704 1124 3783 1177 du-

442 1194 629 1249 berto.
647 1192 893 1246 Moritur
912 1190 1141 1245 Salerni
1164 1207 1367 1246 mense
1382 1192 1572 1246 Madio
1588 1192 1915 1263 Gregorius
1932 1211 2100 1265 papa,
2215 1199 2400 1250 catur.

1524 1307 1794 1377 Explicit
1846 1308 2178 1365 Chronicon
2223 1312 2776 1368 Northmannicum.

460 1408 3783 1454 η

1776 1524 1947 1565 ANTE
2003 1521 2201 1563 FINEM
2259 1522 2523 1564 SECULI.

404 1791 411 1799 .
559 1640 2063 1816 GAUFREDUS
2184 1644 3696 1825 MALATERBA

1585 1920 2056 1982 MONACHUS
2098 1918 2722 1987 BENEDICTINUS

1186 2125 1986 2255 GAUFBEDI
2094 2126 3099 2259 MALA’I‘EBBZE

1666 2388 2174 2492 HISTORIA
2251 2391 2632 2495 SICULA

426 2557 528 2610 AD
556 2552 1352 2630 FIDEMYETPBWJ‘LAE
1363 2552 1912 2630 gesseram:
1926 2553 3026 2630 .aJpr-ENEBAETraucarum
3054 2558 3280 2630 EDITA
3301 2577 3316 2630 ς
3341 2561 3546 2617 NUNC
3562 2556 3792 2616 unam!

759 2626 917 2680 CUM
940 2624 1351 2679 PRIORIBUS
1370 2620 1855 2677 EDITIONIBUS
1871 2622 2242 2694 COLLATA,
2264 2625 2707 2691 MULTISQUE
2726 2627 3012 2683 MENDIS
3035 2620 3522 2687 EXPURCATA.

1167 2794 1355 2865 (Apud
1388 2794 1783 2849 Munaromuu
1814 2794 2034 2847 Rerum
2075 2793 2209 2847 Ital.
2243 2792 2490 2865 Script.,
2525 2798 2662 2849 tom.
2696 2797 2765 2863 V,
2798 2813 2934 2869 pag.
2966 2796 3118 2868 537.)

1550 2998 2106 3089 MURATORII
2163 2996 2706 3089 PRZEFATIO.

488 3154 652 3208 Alter
673 3148 1204 3205 Normanniearum
1236 3161 1435 3201 rerum
1467 3146 1723 3214 scriptor
1750 3146 1811 3198 in
1843 3145 1953 3201 hac
1982 3146 3184 3203 nostraCollectionesucceditGaufredus
3199 3151 3529 3204 monachus
3544 3145 3795 3203 OrdinisS.

416 3248 739 3318 Benedicti,
755 3249 1106 3318 agnomento
1122 3244 1472 3310 Malaterra,
1499 3244 1598 3313 qui
1613 3259 1710 3296 res
1726 3245 1948 3299 saeculo
1966 3261 2027 3298 χι
2040 3248 2243 3315 gestas
2276 3261 2308 3298 a
2332 3242 2691 3298 Normannis
2722 3242 2778 3294 in
2792 3241 3003 3310 Apulia
3025 3247 3080 3296 et
3100 3243 3302 3298 Sicilia
3336 3245 3535 3299 refert.
3550 3242 3799 3298 Guilielmo

415 3347 605 3417 Apulo
636 3344 1015 3414 synchronus
1053 3340 1161 3393 fuit
1193 3338 1288 3392 hic
1321 3338 1597 3407 scriptor,
1635 3341 1809 3407 atque
1839 3340 2056 3410 ipsum,
2092 3343 2249 3412 quod
2288 3342 2406 3410 ille,
2439 3343 2851 3411 argumentum
2884 3342 3299 3413 pertractavit;
3327 3344 3435 3397 sed
3474 3343 3676 3413 aliquot
3715 3339 3799 3392 for-

413 3447 577 3499 tasse
609 3441 780 3496 annis
811 3439 1008 3493 serius
1026 3435 1286 3506 scripsit.
1310 3434 1629 3488 Exorditur
1659 3438 1851 3489 autem
1879 3442 1934 3491 et
1968 3438 2064 3492 ille
2086 3455 2118 3492 a
2149 3440 2336 3508 primo
2360 3439 2838 3493 Normannorum
2869 3438 3123 3493 adventu
3146 3440 3204 3493 in
3227 3441 3539 3510 Apuliam;
3571 3450 3801 3507 suamque

415 3536 739 3592 Historiam
769 3533 1004 3597 deducit
1031 3532 1101 3584 ad
1133 3546 1347 3583 annum
1380 3544 1569 3598 usque
1600 3528 1659 3582 1-1
1687 3531 2060 3599 pontificatus
2084 3532 2307 3586 Urbani
2326 3532 2374 3584 II
2398 3548 2585 3602 papae,
2610 3531 2988 3585 indictionem
3010 3550 3108 3603 vn,
3130 3536 3183 3586 et
3202 3551 3262 3587 ιιι
3290 3535 3494 3589 Nonas
3517 3531 3799 3598 Julias,hoc

414 3633 507 3686 est
534 3630 604 3684 ad
635 3643 850 3682 annum
877 3624 1037 3693 1099,
1077 3640 1193 3696 quo
1224 3624 1376 3677 idem
1405 3622 1669 3692 pontifex
1700 3641 1756 3676 1v
1788 3624 2083 3708 Kalendas
2105 3626 2380 3697 Augusti,
2416 3643 2446 3680 e
2478 3626 2634 3679 vivis
2684 3626 2958 3680 sublatus
2989 3631 3099 3680 est.
3126 3629 3355 3682 Auctor
3384 3634 3441 3683 ct
3471 3631 3593 3699 ipse
3622 3623 3799 3698 gravis,

412 3740 602 3796 eoque
634 3723 865 3777 nomine
894 3722 1075 3775 etiam
1095 3736 1216 3790 prae
1245 3718 1377 3772 aliis
1409 3719 2095 3790 commendandus,quod
2125 3737 2223 3774 res
2256 3725 2459 3791 gestas
2492 3724 2603 3775 sub
2636 3723 2765 3775 suis
2794 3721 2967 3776 annis
2998 3723 3292 3777 collocare
3323 3725 3542 3789 nititur,
3571 3722 3703 3776 unde
3717 3718 3804 3788 plu-

411 3823 559 3879 rima
587 3822 687 3875 lux
720 3818 1157 3889 ehronologicae
1183 3816 1616 3871 destributioni.
1650 3813 1899 3887 Scripsit
1930 3817 2104 3871 etiam
2124 3818 2447 3872 Historiam
2477 3817 2629 3870 hanc
2652 3815 2833 3885 jussu
2866 3816 3055 3886 ipsius
3095 3818 3345 3888 Rogerii
3374 3818 3588 3872 Siciliae
3616 3812 3801 3870 comitis

413 3917 533 3989 (qui
559 3915 800 3970 Roberti
817 3912 1131 3969 Guiscardi
1154 3912 1336 3965 frater
1357 3911 1505 3980 fuit),
1531 3913 1592 3964 ut
1622 3911 1919 3983 intelligas
1942 3918 2156 3984 quanta
2179 3914 2238 3968 in
2257 3914 2643 3969 aestimatione
2661 3914 2713 3967 is
2734 3913 2908 3967 fuerit
2926 3914 3078 3983 apud
3095 3915 3429 3985 principem
3460 3915 3648 3975 illum;
3678 3922 3802 3964 eam-

412 4030 529 4085 que
544 4012 849 4081 inseripsit
872 4009 1189 4064 (latanensi
1230 4008 1507 4077 episcopo
1523 4007 1615 4062 his
1626 4008 1831 4062 verbis
1848 4025 1859 4063 :
1876 4009 2080 4064 Beatac
2093 4011 2388 4065 memoriae
2409 4008 2665 4078 Georgio
2686 4007 3005 4062 Catanensi
3022 4009 3291 4080 episcopo
3315 4009 3513 4064 frater
3527 4003 3807 4062 Gaufredus

409 4109 484 4162 ab
505 4106 989 4163 antecessoribus
1015 4104 1346 4159 Malaterra
1378 4120 1620 4175 agonem
1656 4104 1921 4159 trahens.
1941 4104 2346 4177 Corrigendus
2379 4104 2473 4158 hic
2496 4103 2702 4174 procul
2732 4103 2910 4157 dubio
2941 4107 3138 4159 textus
3161 4105 3380 4174 editus,
3403 4109 3460 4159 et
3475 4101 3802 4159 scribendum

409 4207 921 4279 agnomem.Porro
944 4203 1081 4257 hinc
1103 4202 1412 4297 discimus,
1437 4201 1593 4273 quod
1613 4201 1751 4255 olim
1775 4205 1831 4255 et
1861 4213 1973 4274 ego
2004 4202 2420 4257 adnotaveram
2441 4217 2578 4272 pag.
2610 4200 2712 4253 344
2741 4202 3080 4271 Antiquitat.
3100 4201 3345 4272 Estens,
3380 4202 3611 4298 titulum
3632 4198 3805 4298 beata,

407 4277 591 4371 bonae,
602 4304 739 4374 piae,
760 4306 857 4357 aut
873 4308 1094 4356 sanctae
1105 4277 1422 4370 memoriae,
1448 4300 1784 4353 viventibus
1798 4301 1971 4354 etiam
1995 4301 2298 4354 tributum.
2319 4300 2543 4354 Deinde
2571 4302 2854 4352 memorat
2875 4298 3208 4353 Gaufredus
3229 4299 3504 4353 habitum
3518 4291 3804 4397 religionis.

407 4418 515 4475 quo
545 4401 948 4472 concingimur
980 4416 991 4454 :
1026 4415 1158 4471 quae
1189 4399 1391 4466 verba,
1426 4401 1489 4452 ut
1516 4400 1573 4452 et
1602 4397 1713 4451 alia
1744 4413 1876 4467 quae
1898 4397 2206 4463 adduntur,
2236 4398 2382 4452 satis
2403 4396 2660 4451 indicant
2682 4396 2952 4450 eumdem
2985 4397 3097 4450 sub
3118 4396 3177 4450 S.
3206 4391 3801 4465 Benedictiregulami-

404 4497 631 4554 litasse.
657 4496 969 4551 Adnotavit
984 4498 1178 4549 autem
1200 4493 1477 4549 Rocchus
1508 4493 1717 4547 Pii-rus
1749 4493 1806 4545 in
1833 4494 2052 4549 Notitia
2073 4494 2362 4549 Ecclesia)
2383 4495 2753 4563 Catanensis,
2771 4497 2868 4564 pot
2886 4494 3169 4562 expulsos
3190 4509 3219 4546 e
3243 4492 3450 4547 Sicilia
3491 4491 3803 4546 Sarracenos

405 4591 731 4665 Rogerium
761 4589 1208 4655 Nortmannum,
1225 4587 1497 4658 ejusdem
1513 4586 1728 4641 Siciliae
1747 4587 2163 4643 debellatorem
2186 4592 2242 4643 et
2258 4591 2547 4661 comitem,
2572 4591 2919 4661 prmfecisse
2941 4590 3253 4645 Catanensi
3276 4590 3570 4645 Ecclesiae
3606 4586 3803 4681 Ansgef

400 4688 558 4742 rium
587 4683 940 4740 monachum
971 4682 1433 4751 Benedictinum,
1455 4697 1528 4735 ex
1562 4681 1918 4737 monasterio
1937 4684 2186 4738 Calabro
2203 4684 2262 4738 S.
2285 4683 2626 4754 Euphemiae
2657 4687 2966 4741 adscitum.
2990 4686 3182 4750 Quare
3211 4687 3286 4740 ab
3310 4686 3491 4739 initio
3518 4682 3624 4737 sub
3650 4679 3801 4734 disci-

394 4786 560 4859 plina
578 4785 846 4858 regulari
866 4783 1114 4839 Ordinis
1134 4784 1197 4838 S.
1220 4784 1536 4838 Benedicti
1553 4784 1869 4838 constituta
1884 4789 1975 4839 est
1993 4782 2345 4836 Catanensis
2367 4782 2663 4849 Ecclesia,
2685 4783 2762 4837 ita
2774 4783 3005 4838 utidem
3022 4784 3186 4837 esset
3204 4780 3627 4835 abbasCatanae
3637 4790 3697 4829 ac
3710 4772 3802 4841 cpi.

401 4898 611 4953 scapus
634 4902 651 4935 .-
674 4882 773 4952 qui
796 4895 927 4935 mos
944 4880 1003 4932 in
1026 4879 1451 4949 subsequentia
1482 4896 1716 4950 quoque
1735 4879 1955 4934 saecula
1976 4878 2341 4947 pertransiit.
2368 4880 2702 4950 Ansgerius
2733 4895 2875 4933 vero
2906 4879 2978 4932 ab
3002 4892 3153 4931 anno
3177 4876 3338 4944 1091,
3365 4892 3483 4946 quo
3497 4870 3801 4971 constitutus

401 4981 494 5034 est
522 4977 755 5032 Catenae
779 4977 1118 5047 episcopus,
1145 4992 1273 5031 eam
1304 4977 1505 5030 Sedem
1534 4976 1794 5045 implevit
1821 4976 1891 5029 ad
1923 4990 2140 5028 annum
2171 4990 2359 5045 usque
2379 4972 2535 5041 1124,
2556 4976 2619 5027 ut
2648 4972 2923 5026 evincunt
2956 4972 3310 5025 documenta
3334 4987 3365 5023 a
3399 4968 3631 5024 Boccho
3659 4964 3798 5017 Pirro

400 5066 606 5136 allata;
629 5084 697 5123 ac
721 5067 966 5137 proinde
996 5066 1457 5136 amplectendam
1487 5069 1623 5135 puto
1659 5066 2060 5138 conjecturam
2091 5068 2288 5122 claris.
2324 5067 2648 5124 Mabillonii
2681 5069 2739 5122 in
2757 5067 3027 5121 Annalib.
3046 5066 3417 5120 Benedictin.
3444 5052 3797 5128 adanu,1093.

401 5165 678 5234 putantis,
706 5182 814 5234 pro
850 5165 1125 5237 Georgio,
1170 5164 1327 5237 quod
1357 5164 1511 5218 edita
1546 5162 1825 5219 Gaufredi
1854 5167 2043 5221 nostri
2062 5166 2321 5219 Historia
2344 5164 2538 5233 habet,
2564 5161 2995 5218 restituendum
3025 5176 3163 5215 esse
3188 5160 3574 5232 Ansgerium.
3604 5153 3667 5208 Et
3685 5159 3798 5205 sane

400 5255 625 5331 librarii
647 5258 814 5314 facile
837 5261 1212 5331 corruperint
1243 5275 1448 5330 parum
1466 5257 1749 5313 familiare
1764 5261 2292 5334 Ansgeriinomen.
2310 5263 2455 5317 Cum
2477 5278 2621 5317 vero
2640 5260 2989 5314 Catanensis
3013 5258 3276 5328 episcopi
3298 5256 3593 5327 refugium
3607 5244 3800 5343 expelai

402 5348 823 5423 Gaufredus,ut
839 5361 999 5411 tanto
1012 5357 1228 5412 auxilio
1239 5358 1301 5410 in
1311 5356 1748 5423 nixus,inimico
1760 5357 1939 5413 dente
1950 5359 2228 5413 mordere
2241 5363 2609 5413 attentantcs
2620 5356 2701 5410 mi
2709 5371 2812 5409 nus
2818 5356 3332 5426 pertimescam,et
3341 5350 3630 5424 principis
3641 5347 3796 5400 nostri

401 5450 756 5503 sustentami
763 5466 832 5504 ne
852 5451 1023 5506 fruar
1046 5471 1057 5507 :
1084 5454 1402 5508 arbitratur
1422 5453 1574 5507 idem
1592 5441 1966 5508 Mabillonius
1988 5470 2021 5507 a
2041 5453 2336 5509 Gaufredo
2359 5452 2658 5524 implorari
2688 5451 3077 5522 patrocinium
3110 5456 3225 5503 tum
3256 5448 3556 5501 adversus
3572 5437 3789 5507 aemulos,

400 5553 521 5604 tum
541 5560 683 5619 erga
698 5548 1052 5620 principem,
1075 5551 1307 5607 scilicet
1324 5552 1693 5621 Rotbertum,
1720 5551 1882 5624 cqjus
1903 5552 2178 5607 mandato
2193 5551 2345 5605 hanc
2367 5550 2693 5605 Historiam
2705 5548 2882 5620 plano
2901 5560 3176 5601 sermone
3202 5543 3485 5599 scribere
3514 5542 3794 5612 aggressus

396 5648 510 5708 est.
537 5642 756 5701 Verum
785 5642 1023 5699 nomine
1036 5646 1331 5721 principis
1358 5646 1607 5703 indicari
1629 5662 1746 5704 non
1769 5647 2137 5723 Rothertum,
2170 5649 2308 5724 quia
2338 5647 2539 5704 nullus
2570 5650 2707 5703 tunc
2735 5646 3033 5702 Robertus
3064 5642 3283 5699 Siciliae
3315 5635 3720 5699 dominabatur,
3748 5626 3792 5679 ei
