3926 6146
190 269 320 335 1089
1123 268 1525 331 HISTORIA
1581 267 1901 330 SICULA.
1946 300 2007 313 —
2084 266 2505 329 PROCEMIA

3372 264 3527 328 1090

246 466 357 518 Jam
385 464 732 518 Guiscardus
761 464 1007 533 obierat,
1042 464 1148 518 sed
1178 463 1415 535 quidem
1444 462 1762 534 Rogerium
1793 463 2008 518 Sicilia
2030 463 2221 533 ipsius
2252 464 2524 517 comitem
2550 479 2618 516 ac
2649 463 2990 532 principem,
3026 467 3251 518 certum
3274 463 3425 517 mihi

247 553 482 605 videtur:
516 567 581 604 ac
616 552 985 620 potissimum
1028 568 1161 605 cum
1205 554 1403 621 aperte
1450 551 1603 604 idem
1643 550 1977 606 Gaufredus
2022 552 2228 621 prodat
2270 551 2328 603 in
2374 551 2746 620 Pratatione,
2790 566 2856 605 so
2889 552 3147 620 posteris
3185 552 3420 605 tradere

246 641 376 693 velle
418 639 737 708 triumphos
785 639 1173 692 famosissimi
1211 640 1505 709 principis
1543 638 1790 709 Rogerii
1833 640 1934 706 (ita
1980 639 2135 691 enim
2166 640 2293 708 ipse
2326 639 2645 705 mandarat)
2665 641 2727 707 et,
2752 638 3007 709 qualiter
3032 640 3225 708 primo
3260 637 3422 692 Cala-

245 725 432 794 briam,
478 725 687 779 deinde
740 742 878 779 vero
919 720 1188 779 Siciliam
1237 732 1460 779 armata
1506 742 1679 779 manu
1713 726 2162 798 subjugaverit:
2230 742 2361 795 qua
2410 726 2510 779 uni
2556 727 2814 797 Rogerio
2862 726 3218 780 conveniunt
3256 724 3420 778 fratri

245 815 486 868 videlicet
518 814 753 868 ltoberti
785 814 1113 868 Guiscardi.

302 903 571 958 Gaufrcdo
603 905 804 957 nostro
836 903 996 956 Italia
1028 903 1261 956 minime
1308 903 1497 973 patria
1528 903 1653 956 fuit.
1686 903 1742 956 ls
1774 905 1953 970 certe,
2016 902 2171 972 quod
2204 903 2457 957 fortasse
2499 904 2767 972 quadam
2799 907 2897 958 aut
2954 902 3418 973 praetermiserit,

240 996 325 1045 aut
387 992 569 1044 minus
630 990 901 1043 ordinate
968 990 1285 1043 secundum
1344 995 1602 1059 tempora
1669 989 2055 1058 descripserit
2145 1005 2210 1043 se
2290 993 2537 1043 excusat
2601 993 2798 1060 utpote
2882 1007 2914 1043 a
2996 990 3421 1043 Transmonta-

242 1080 324 1132 nis
380 1077 641 1148 partibus
730 1079 1081 1145 venientem,
1152 1078 1389 1130 noviter
1452 1076 1701 1146 Apulum
1756 1076 1990 1144 factum,
2048 1077 2144 1130 vel
2189 1082 2353 1130 certe
2412 1077 2694 1131 Siculum.
2729 1078 3055 1132 (lerardum
3088 1078 3418 1132 Johannem

244 1167 492 1220 Vossium
539 1165 739 1218 audire
796 1165 1047 1219 velimus
1099 1165 1197 1218 lib.
1245 1183 1304 1231 ιι,
1355 1181 1478 1233 cap.
1524 1164 1613 1234 47,
1658 1165 1739 1218 De
1786 1165 2055 1218 historic.
2107 1165 2319 1232 Latin.,
2358 1164 2692 1220 Gaulredus
2722 1167 3021 1236 Hispanus
3053 1167 3178 1220 fuit.
3220 1166 3420 1220 Atille

237 1254 427 1322 duplici
469 1269 668 1307 errore
710 1254 914 1323 lapsus
960 1257 1069 1317 est,
1125 1256 1246 1307 tum
1290 1254 1445 1323 quod
1494 1253 1595 1307 lib.
1649 1270 1729 1318 ιιι,
1778 1268 1905 1321 cap.
1944 1253 1996 1320 6,
2039 1254 2309 1306 eumdem
2348 1254 2541 1322 ipsum
2586 1254 2945 1308 Gaut‘redum
2978 1256 3153 1309 nobis
3187 1256 3431 1308 exhibet

233 1341 390 1394 veluti
428 1341 722 1394 diversum
765 1340 838 1393 ab
882 1355 951 1393 eo
986 1356 1160 1411 quem
1219 1356 1397 1409 supra
1449 1344 1961 1409 commemoverat,
2021 1340 2177 1393 illius
2225 1340 2438 1393 librum
2487 1357 2519 1393 a
2579 1341 2937 1411 Hieronymo
2995 1342 3191 1395 Surita
3248 1342 3424 1395 istius

232 1444 353 1481 vero
404 1444 436 1481 a
481 1428 779 1481 Dominico
826 1428 1171 1481 Portouario
1222 1427 1440 1480 editum
1473 1442 1965 1481 commemorans.
1992 1426 2137 1480 Cum
2198 1432 2389 1481 tamen
2420 1429 2574 1483 idem
2615 1429 2869 1498 scriptor
2908 1429 3102 1495 fuerit,
3152 1430 3426 1499 idemque

232 1532 380 1586 Opus,
428 1517 577 1586 quod
628 1516 820 1570 Surita
861 1516 1338 1586 Caesaraugusta
1386 1515 1670 1569 Dominici
1716 1515 2041 1568 Portonarii
2090 1516 2244 1584 typis
2291 1532 2442 1570 anno
2489 1517 2620 1570 1578
2664 1519 2916 1586 primum
2962 1518 3159 1571 edidit.
3198 1517 3421 1572 Deinde

232 1604 366 1676 quod
407 1602 757 1657 Gaufrcdum
806 1601 1128 1674 Hispanum
1173 1603 1427 1656 Vossius
1458 1603 1824 1670 existimarit,
1857 1602 1915 1655 id
1946 1618 2012 1655 ea
2036 1603 2262 1656 ratione
2294 1602 2509 1657 factum
2542 1609 2700 1673 puto,
2752 1606 2887 1674 quia
2920 1605 3079 1676 illius
3114 1606 3424 1658 historiam

229 1674 279 1745 in
300 1690 561 1759 Hispania
589 1689 804 1743 editam
826 1705 898 1742 ex
926 1690 1175 1742 aliorum
1202 1688 1623 1756 relatione,hoc
1653 1692 1745 1741 est
1766 1704 1837 1741 ex
1862 1689 2463 1756 Possevino,audivit,
2498 1707 2529 1742 a
2560 1706 2675 1759 quo
2700 1690 2795 1743 hic
2829 1674 3086 1759 scriptor
3124 1691 3425 1759 Hispania

229 1778 536 1832 ascribitur.
573 1778 754 1831 Ilecte
798 1777 926 1830 hac
966 1775 1335 1845 perpendere
1378 1776 1635 1829 Vossius
1674 1792 1786 1829 non
1833 1777 2035 1845 potuit,
2082 1791 2272 1845 neque
2304 1777 2458 1829 enim
2490 1776 2632 1845 ejus
2664 1777 2881 1830 librum
2911 1782 3051 1832 tunc
3083 1779 3196 1831 sub
3234 1779 3427 1832 mani-

227 1866 326 1920 bus
369 1865 631 1934 habebat,
685 1866 765 1918 uti
811 1864 1015 1917 habuit
1058 1868 1283 1933 postea,
1326 1880 1457 1916 cum
1488 1864 1705 1916 librum
1731 1864 1965 1917 tertium
1996 1865 2079 1918 De
2110 1864 2375 1917 historic.
2411 1866 2598 1918 Latin.
2653 1867 3032 1936 conscripsit.
3085 1869 3157 1919 At
3186 1868 3243 1919 in
3278 1868 3422 1920 llis-

228 1954 394 2023 pania,
438 1957 608 2023 atque
672 1952 824 2005 inter
851 1952 1016 2020 ipsos
1059 1952 1388 2022 scriptores
1416 1950 1719 2021 Hispaniae
1749 1950 2085 2018 illustratev,
2120 1952 2258 2005 editi
2289 1952 2453 2007 fuere
2485 1970 2601 2007 non
2633 1953 2816 2006 semel
2848 1954 3114 2007 historici
3143 1955 3255 2007 sub
3307 1954 3420 2007 alio

227 2040 357 2094 calo
374 2040 502 2108 nati,
526 2044 581 2093 et
613 2038 831 2109 quibus
854 2054 1154 2108 nunquam
1186 2038 1565 2107 Hispanicum
1596 2042 1809 2091 terram
1829 2038 2029 2091 videre
2063 2039 2242 2092 licuit.
2283 2039 2480 2109 Itaque
2556 2041 2797 2109 propius
2830 2041 2903 2094 ad
2942 2056 3147 2095 verum
3197 2040 3434 2105 accedit

225 2128 485 2181 sententia
531 2126 849 2180 clarissimi
894 2126 1061 2196 Pagii
1101 2126 1159 2178 in
1202 2126 1416 2179 Critica
1465 2126 1672 2179 Baron.
1707 2126 1777 2179 ad
1809 2142 2024 2179 annum
2060 2125 2211 2194 1099,
2234 2128 2534 2181 censentis
2566 2129 2929 2183 Gaufredum
2948 2130 3008 2182 in
3052 2129 3423 2183 Normannia

229 2214 413 2267 Gallia
434 2214 748 2284 provincia
784 2219 1001 2265 natum.
1038 2213 1139 2265 Ille
1170 2217 1330 2266 certe
1362 2213 1741 2266 Normannos
1776 2213 1991 2282 ubique
2022 2219 2260 2267 nostros
2287 2215 2576 2283 appellat;
2609 2218 2665 2268 et
2694 2216 2861 2268 facile
2890 2216 3272 2286 intelligimus
3311 2231 3429 2269 non

225 2302 432 2356 aliunde
480 2318 615 2356 eum
651 2302 710 2355 in
755 2300 1034 2368 Siciliam,
1081 2303 1177 2354 aut
1226 2305 1456 2369 sponte,
1509 2304 1605 2353 aut
1642 2301 1949 2353 invitatum
1997 2302 2334 2381 accessisse
2357 2302 2473 2354 nisi
2501 2318 2531 2354 e
2564 2302 2924 2355 Normannia
2948 2303 3428 2373 quandoquidem

224 2389 575 2445 Normannus
606 2390 911 2459 princeps,
952 2392 1034 2444 tot
1059 2388 1367 2443 debellatis
1399 2388 1721 2457 provinciis
1754 2404 2001 2458 regnum
2035 2389 2149 2442 sibi
2182 2390 2239 2441 in
2279 2389 2478 2442 Sicilia
2510 2390 2912 2456 constituerat,
2946 2394 3002 2444 et
3031 2392 3101 2443 ad
3138 2406 3264 2444 eam
3298 2407 3426 2445 sua

224 2479 396 2547 gentis
442 2479 736 2532 fortunam
785 2477 1081 2531 confluere
1121 2474 1244 2545 jam
1291 2492 1323 2528 a
1371 2475 1570 2529 multis
1614 2476 1784 2529 annis
1829 2480 1885 2529 et
1922 2476 2019 2528 alii
2052 2476 2371 2530 Normanni
2407 2482 2856 2531 consueverant.
2893 2478 2977 2530 Ac
3007 2480 3321 2547 propterea
3353 2478 3425 2531 ab

221 2565 481 2619 0rderico
527 2565 724 2631 Vitali,
777 2564 997 2618 celebri
1042 2564 1351 2632 scriptore,
1387 2566 1443 2616 et
1492 2562 1775 2616 monacho
1809 2563 2111 2617 Uticensis
2156 2564 2215 2617 in
2248 2564 2605 2618 Normannia
2635 2565 2999 2634 monasterii,
3042 2571 3180 2635 puto
3214 2566 3426 2620 factam

221 2654 478 2709 Gaufredi
506 2653 698 2707 nostri
729 2653 1113 2707 honorificam
1142 2651 1515 2704 mentionem.
1551 2650 1755 2721 Agens
1776 2651 1930 2704 enim
1961 2651 2057 2704 ille
2086 2650 2187 2704 lib.
2221 2669 2300 2718 ιιι,
2334 2668 2467 2722 pag.
2490 2651 2611 2719 483,
2638 2652 2709 2706 de
2740 2654 2992 2708 ducibus
3025 2657 3082 2709 et
3099 2655 3335 2709 comitib
3354 2672 3426 2709 us

221 2743 446 2812 Apulia,
493 2742 625 2797 hac
669 2740 877 2796 habet:
926 2741 1015 2795 De
1063 2756 1301 2811 quorum
1341 2739 1554 2809 probis
1601 2739 1833 2793 actibus
1878 2746 1936 2793 et
1986 2741 2255 2794 strenuis
2315 2741 2634 2795 eventibus
2690 2741 3045 2796 Goisl'redus
3101 2744 3421 2797 monachus

220 2837 579 2902 cognomento
608 2829 963 2897 Malaterra,
999 2829 1237 2882 hortatu
1269 2828 1518 2896 Rogerii
1548 2827 1780 2880 comitis
1808 2826 2055 2895 Sicilia,
2091 2826 2422 2897 elegantem
2464 2828 2727 2882 libellum
2760 2845 2947 2900 nuper
2969 2831 3181 2885 edidit.

280 2919 434 2984 Quod
478 2919 774 2989 reliquum
823 2918 933 2983 est,
982 2916 1137 2969 edita
1166 2915 1417 2982 primum
1448 2914 1575 2982 fuit,
1626 2918 1688 2967 ut
1719 2914 1997 2983 diximus,
2031 2913 2307 2968 Gaufredi
2352 2916 2610 2969 Historia
2647 2932 2680 2969 a
2717 2917 3077 2987 Hieronymo
3120 2917 3334 2989 Surita,
3370 2923 3427 2974 et

219 3006 387 3060 dicata
441 3005 790 3061 doctissimo
838 3003 968 3057 viro
1002 3002 1250 3056 Antonio
1282 3002 1618 3073 Augustino
1662 3001 2112 3070 archiepiscopo
2140 3001 2593 3056 Tarraconensi.
2628 3003 2774 3057 Tum
2799 3004 3172 3058 Francofurti
3216 3022 3427 3060 recusa

217 3099 299 3149 est
336 3111 485 3149 anno
534 3093 675 3149 1606
704 3096 862 3149 tomo
919 3091 995 3146 ΙΙΙ
1044 3090 1346 3160 Hispania
1396 3089 1729 3157 illustrata,
1782 3093 2021 3143 curante
2072 3090 2297 3143 Joanne
2353 3091 2602 3144 Pistorio
2654 3091 2781 3145 viro
2828 3091 3185 3146 clarissimo.
3256 3094 3425 3148 Anno

216 3184 431 3238 demum
476 3184 639 3254 I723,
672 3184 883 3237 iterum
925 3181 984 3234 in
1018 3180 1210 3234 lucem
1240 3178 1456 3248 prodiit
1484 3182 1651 3231 aucta
1682 3178 2045 3231 variantibus
2075 3177 2431 3232 lectionibus
2461 3194 2494 3231 a
2525 3179 2665 3247 clar,
2694 3180 2824 3233 viro
2857 3179 3127 3234 Jobanne
3163 3180 3424 3250 Baptista

162 3333 167 3339 ,
214 3272 441 3328 Carusio
473 3274 531 3327 in
565 3287 675 3326 sua
706 3267 1443 3338 Collectionezscriptorum
1492 3265 1844 3333 Siculorum,
1889 3281 1998 3335 ope
2046 3269 2309 3319 veterum
2356 3283 2503 3320 mss.
2531 3282 2684 3337 quos
2718 3268 2814 3321 ille
2851 3269 2909 3319 in
2945 3283 3053 3321 sua
3079 3268 3420 3336 praefatione

216 3364 490 3414 recenset.
542 3359 672 3429 Ego
716 3357 931 3428 potiori
972 3356 1110 3426 jure
1150 3356 1339 3425 ipsam
1387 3353 1732 3407 Collectioni
1772 3354 1907 3407 huic
1940 3356 2163 3407 nostra
2198 3354 2479 3421 inseram,
2525 3370 2656 3407 cum
2696 3354 2831 3425 ejus
2862 3357 3071 3408 auctor
3105 3355 3175 3408 de
3207 3355 3425 3410 Italicis

214 3448 493 3518 pracipue
526 3446 710 3502 rebus
758 3447 929 3516 agat;
962 3445 1019 3497 et
1046 3457 1119 3496 ne
1151 3441 1290 3512 quid
1321 3456 1394 3495 ex
1427 3440 1731 3495 veteribus
1759 3440 2117 3495 editionibus
2149 3439 2351 3493 lectori
2383 3441 2613 3496 erudito
2645 3441 3110 3495 desiderandum
3142 3442 3423 3511 supersit,

212 3536 441 3591 aliorum
469 3539 605 3590 ante
635 3549 728 3588 me
758 3533 851 3587 vel
881 3531 1288 3603 prafationes,
1330 3529 1424 3584 vel
1446 3529 1728 3599 epistolas
1752 3528 2176 3598 imprimendas
2196 3529 2439 3583 curabo.

909 3817 1423 3931 JOANNIS
1494 3816 2115 3929 BAPTISTlE
2175 3819 2662 3934 CARUSII

1364 4035 1716 4113 BREVIS
1806 4033 2213 4112 NOTITIA

371 4209 574 4337 DE
671 4201 1633 4333 MALATEBRA
1733 4205 1922 4330 ET
1997 4205 2354 4337 EJUS
2431 4206 3212 4338 HISTORIA.

155 4504 430 4582 .tiaut‘redi
462 4507 790 4582 Malaterra
804 4508 1128 4582 Historiam
1150 4506 1753 4582 laudavitOrdericus

109 4570 294 4650 Xitalis
348 4579 603 4650 Anglus,
637 4577 772 4648 ejus
803 4581 1358 4650 contemporaneus,
1408 4578 1466 4631 in
1488 4578 1751 4633 Historia

106 4640 500 4720 Ecclesiastié'a
550 4640 781 4716 (l),'ubi
830 4650 951 4720 agit
985 4640 1056 4702 de
1105 4640 1462 4720 Normannis
1496 4650 1554 4701 in
1591 4650 1751 4703 Italia

108 4711 565 4791 dominantibus,
597 4711 652 4772 et
682 4711 981 4789 praecipue
1026 4719 1396 4791 dciHoberto
1432 4719 1751 4777 \Visnardo

103 4790 332 4859 ejusque
371 4790 683 4856 fratribus,
744 4791 950 4844 dicens
987 4806 998 4842 :
1040 4812 1061 4835 ιι
1098 4790 1179 4843 De
1237 4806 1487 4859 quorum
1546 4791 1750 4859 probis

104 4856 308 4913 actibus
337 4865 393 4914 et
423 4860 687 4914 strenuis
705 4860 1018 4915 eventibus
1042 4856 1396 4914 Goist‘rédus
1424 4856 1751 4915 monachus

105 4935 470 5007 gqguuome‘nto
504 4930 896 5007 Mala-fferre,
944 4931 1175 4985 hortatu
1230 4932 1751 5007 Hogeriimcomitis

103 4998 297 5073 Sicilia
326 5001 937 5073 elegantemlibellum
971 5017 1157 5071 nuper
1186 4998 1389 5073 edidit.
1426 5025 1445 5046 ι»
1468 5002 1753 5055 Cardine-

103 5063 167 5141 li.S_
187 5063 735 5141 quoquevBaronius
768 5063 1071 5126 multotics
1090 5072 1519 5126 commendavit
1552 5078 1750 5126 aucto-

103 5139 332 5193 ritatem’
362 5143 645 5198 Historia
683 5142 948 5197 Gaufridi
998 5143 1347 5211 Malaterra,
1396 5143 1753 5197 conﬁrmans

102 5217 164 5257 ex
191 5224 253 5261 ea
302 5228 444 5267 suas
502 5214 893 5281 narrationes,
955 5214 1089 5267 dum
1139 5215 1262 5268 ait:
1329 5236 1350 5260 «
1416 5213 1750 5268 Gaufredus

104 5282 426 5354 monachus,
463 5285 562 5354 qui
592 5288 730 5338 tunc
761 5286 893 5353 ista,
929 5300 1060 5354 qua
1103 5284 1475 5354 inspiciebat,
1511 5288 1566 5337 et
1596 5286 1751 5338 scri—

102 5341 276 5425 bebat.
314 5341 447 5425 {Et
464 5341 775 5425 aliquando
805 5341 1039 5424 post‘ait
1069 5356 1146 5423 (2)
1182 5341 1254 5408 εἰι
1283 5341 1632 5409 Nominatus
1662 5360 1753 5410 est

102 5420 199 5471 iste
216 5420 577 5493 Gaufredus,‘
591 5420 966 5495 professione
987 5420 1311 5481 monachus
1330 5427 1747 5481 Benedictinus

156 5556 228 5638 (ξ)
258 5561 384 5638 13b.
422 5582 479 5619 ιιι
502 5583 636 5638 pag.
656 5566 781 5634 483,
817 5567 874 5621 in
907 5567 1388 5638 HistorsNortm.

99 5630 932 5773 .t(§;g'l.'%r§é.)(l,vanno'1097.
964 5654 1102 5710 pag.
1134 5637 1259 5709 667,
1293 5640 1441 5710 edit,
1467 5640 1747 5696 Romanae

1843 4509 2021 4579 cujus
2055 4523 2207 4578 opus
2241 4506 2587 4579 antiquitate
2606 4506 2734 4575 ipsa
2756 4505 2927 4574 plane
2957 4503 3356 4579 venerandum
3389 4505 3527 4559 deli'

1842 4576 1948 4634 tuit
1975 4576 2122 4649 pene
2155 4576 2452 4647 sepultum
2484 4577 2635 4631 inter
2686 4580 2887 4631 vetera
2929 4576 3522 4649 monimentaregum

1842 4647 2185 4721 Aragonum
2244 4649 2317 4702 ad
2358 4653 2638 4721 nostram
2672 4664 2871 4721 usque
2903 4652 3153 4721 atatem.
3195 4647 3521 4721 LVossius

1842 4714 2001 4775 nullo
2042 4721 2224 4775 fultus
2277 4720 2493 4773 indicio
2532 4714 2879 4773 Gaut‘ridum
2942 4718 3133 4773 fuisse
3194 4714 3521 4775 Hispanum

1842 4794 2066 4861 putavit
2099 4791 2198 4860 (8),
2234 4791 2339 4844 sed
2373 4791 2567 4859 potius
2604 4790 2839 4843 videtur
2861 4790 3281 4861 Nortmannus.
3317 4788 3522 4861 Histo-

1842 4858 1928 4915 ria
1980 4858 2218 4932 quidem
2276 4858 2428 4929 hac,
2489 4864 2613 4915 arte
2666 4860 3089 4932 typographica
3120 4859 3377 4912 nondum
3430 4858 3523 4932 in-

1842 4930 2035 4992 venta.
2076 4932 2240 4985 latuit
2270 4947 2377 5000 per
2408 4931 2627 5001 aliquot
2662 4930 2916 4989 saecula;
2951 4930 3084 4999 ejus
3104 4934 3295 5001 tamen
3328 4931 3521 4982 exsta-

1841 5005 1981 5056 bant
2010 5004 2183 5072 plura
2215 4999 2573 5070 exemplaria
2607 5002 3005 5068 manuscripta
3023 4999 3174 5072 apud
3198 5000 3362 5053 viros
3385 5014 3517 5072 eruf

1842 5069 2029 5142 ditos,~
2051 5080 2106 5127 et
2138 5089 2336 5127 rerum
2359 5069 2574 5126 Sicilia
2607 5073 2880 5125 curiosos
2912 5072 2997 5137 (ut
3014 5070 3213 5142 videre
3247 5075 3337 5142 est
3367 5069 3519 5139 apud

1844 5140 2100 5212 Pirrum)
2159 5145 2235 5210 (ί)
2286 5145 2356 5197 de
2387 5145 2604 5214 quiqus
2634 5142 2825 5195 adhuc
2858 5140 3139 5214 nonnulla
3176 5140 3515 5214 perdurant.

1842 5216 1998 5269 Inter
2034 5211 2488 5283 antiquissimos
2511 5211 2855 5279 'caraclere,
2891 5215 2946 5265 et
2990 5212 3148 5266 notis
3190 5211 3521 5283 litterarum

1842 5282 2328 5339 contractis’vidi
2386 5285 2529 5338 illud
2589 5283 2743 5353 quod
2803 5286 2995 5336 exstat
3056 5284 3114 5336 in
3161 5282 3519 5353 bibliotheca

1840 5357 2203 5411 marchionis
2236 5357 2577 5410 Jarratana.
2607 5351 2750 5407 _Vidi
2780 5354 2956 5406 etiam
2986 5355 3307 5423 antiquum,
3360 5351 3519 5421 quod

1841 5433 2183 5482 asset-vatur
2216 5443 2397 5495 penes
2432 5426 2498 5479 υ.
2550 5425 2853 5478 Octavium
2902 5424 3266 5495 Montaperto
3298 5423 3517 5493 princi-

1912 5568 1987 5635 (3)
2031 5569 2115 5622 De
2151 5568 2301 5621 llist.
2334 5566 2521 5634 latim,
2555 5583 2692 5637 pag.
2726 5564 2849 5620 390.

1913 5640 1986 5707 (δί)
2028 5639 2206 5693 Notit.
2235 5638 2260 5692 1
2295 5637 2453 5694 Eccl.
2514 5638 2727 5693 Panor.
2764 5642 2900 5709 post
2944 5639 3186 5693 exactos
3215 5637 3414 5691 Sat-ac.
3443 5650 3480 5688 n

1839 5711 1893 5785 4,
1917 5726 2055 5783 pag.
2072 5710 2163 5765 90.
