3926 6146
138 252 270 317 1093

118 506 123 509 .
165 451 358 506 mositae
377 454 433 502 et
454 454 639 518 partw
668 446 926 512 fuerant,
969 447 1297 517 Aragoniis
1321 452 1526 518 postea
1576 448 1744 518 regi-
1775 456 1832 516 Α

131 472 239 577 Ζυε.
270 526 325 574 et
360 517 758 577 harreditario,
797 523 855 569 et
904 517 1049 571 belli
1063 518 1227 577 jure.
1264 523 1321 571 et
1353 518 1427 571 ab
1470 517 1743 571 Ecclesia

168 538 239 589 us,
270 526 325 574 et
360 517 758 589 harreditario,
797 523 855 589 et
904 517 1049 589 belli
1063 518 1227 589 jure,
1264 517 1334 571 et
1353 518 1427 571 ab
1470 517 1743 571 Eccles'ia

125 586 353 661 publicis
379 588 640 661 consiliis
660 586 940 661 beneficii
970 586 1093 640 loco
1122 587 1317 661 delatg
1344 603 1608 661 munere,
1635 604 1745 642 cm-

130 657 265 728 Iesti,
296 659 601 728 divinaque
615 664 779 711 sorte
800 657 1121 711 obvenere.
1142 658 1239 711 Ad
1262 658 1333 711 D.
1354 658 1641 713 Encratis
1673 675 1750 713 ex

1437 242 1833 310 HISTORIA
1910 244 2214 310 SICULA

3372 248 3528 311 1094

1867 428 2206 519 suburbano
2239 446 2771 519 Caesaraugustam
2808 463 2959 503 anno
2992 448 3229 503 Domini
3256 465 3353 503 xv:
3386 449 3517 504 Kal.

1862 518 2013 571 Maii
2048 518 2075 571 1
2089 520 2123 570 5
2136 518 2236 572 78.

1930 588 2362 658 Amplitudim's
2392 596 2503 643 tuse
2534 589 3121 645 observantissimus.

2689 660 3076 715 I‘IIERONYMUS
3105 662 3199 717 SU
3211 663 3408 717 RITA.

283 860 941 975 DOMINIGUS
1013 864 1093 974 A
1148 862 1969 975 POR’I‘ONARIIS
2024 863 2184 975 DE
2244 862 2727 977 URSINIS
2781 862 3323 978 LECTORI-

181 1110 235 1161 ln
262 1108 499 1161 editione
529 1108 742 1161 horum
766 1108 1053 1162 librorum
1082 1107 1363 1162 Gaufredi
1396 1108 1663 1162 monachi
1688 1110 1750 1162 et

127 1178 403 1233 Alexandri
430 1178 680 1243 abbatis,
715 1183 1085 1233 vetustorum
1124 1182 1428 1233 auctorum
1459 1181 1557 1248 qui
1590 1180 1746 1233 Nor-

124 1263 431 1303 mannorum
456 1249 788 1320 principum
810 1265 908 1303 res
933 1252 1136 1320 gestas
1159 1250 1663 1318 conscripserunt,
1684 1253 1745 1303 ut

124 1319 379 1400 iudicibus
401 1335 597 1399 rerum
624 1319 694 1373 ab
719 1319 1034 1400 dragoniae
1051 1320 1296 1400 regibus
1322 1324 1625 1400 gestarum
1646 1320 1745 1400 ad-

1859 1109 2010 1161 lucis
2042 1124 2282 1162 usuram
2314 1110 2408 1163 his
2440 1111 2781 1182 auctoribus
2828 1110 3119 1182 attulisse,
3164 1115 3264 1182 qui
3311 1117 3514 1168 nostra

1858 1195 2036 1262 opera
2067 1183 2371 1262 consecuti
2401 1196 2616 1262 sumus
2641 1184 2702 1233 ut
2734 1181 2822 1233 eis
2852 1181 3015 1262 salus
3047 1181 3227 1262 atque
3266 1184 3514 1252 pristina

1855 1249 2127 1323 valetudo
2156 1250 2230 1302 ab
2262 1250 2394 1304 aliis
2426 1251 2775 1323 quandoque
2808 1251 2972 1323 reddi
3001 1249 3347 1323 restituique
3378 1270 3513 1323 pos-

1858 1325 1967 1374 set.
2004 1322 2297 1374 Praeterea
2324 1336 2446 1374 rem
2479 1322 2713 1375 minime
2736 1321 2968 1374 dubiam
3001 1321 3512 1390 arbitramuﬂeos

116 1390 425 1469 jicerentur,
459 1389 623 1472 eno
650 1387 1022 1472 potissimum
1051 1387 1356 1470 haesimus,
1392 1394 1459 1472 et.
1477 1391 1548 1443 ab
1581 1390 1742 1472 initio
1775 1387 1828 1448 Β
1856 1407 2052 1472 rerum
2085 1392 2409 1472 scriptores
2445 1393 2500 1445 in
2534 1407 2649 1472 sua.
2676 1393 2875 1472 patria,
2904 1392 3149 1472 privatis
3180 1387 3509 1472 beneficiis,

122 1459 371 1528 coepimus
388 1459 774 1513 subdifﬁdere
797 1460 954 1529 quod
975 1460 1212 1513 unicum
1234 1461 1535 1528 exemplar
1555 1461 1742 1514 nectis

122 1530 327 1583 alterius
367 1529 588 1583 codicis
632 1531 977 1600 praesidium
1020 1530 1220 1583 deerat
1252 1546 1264 1584 :
1300 1531 1454 1600 quod
1493 1532 1743 1584 maxime

122 1546 327 1583 alterius
367 1546 588 1583 coaicis
675 1546 977 1583 rmswium
1020 1546 1220 1583 uecrat
1252 1546 1264 1584 :
1300 1546 1454 1600 quoa
1493 1546 1739 1584 maxime

122 1600 391 1671 consuevit
419 1615 555 1655 esse
588 1546 944 1669 aiiumento,
980 1603 1040 1653 ut
1078 1601 1530 1671 investigatione
1562 1606 1739 1670 certa,

120 1687 173 1742 ac
200 1670 372 1742 veluti
393 1671 643 1740 quadam
674 1671 950 1742 indagine
981 1671 1191 1724 menda
1219 1670 1594 1725 librariorum
1625 1672 1742 1726 tol-

118 1741 295 1794 lantur.
327 1741 467 1794 Nam
500 1743 600 1811 qui
650 1741 1134 1812 corrigendorum
1179 1742 1465 1795 librorum
1506 1758 1742 1811 operam

116 1811 206 1863 rite
234 1827 433 1864 navare
465 1812 800 1880 instituunt,
821 1811 1097 1865 accurata
1118 1813 1587 1865 consideratione
1616 1828 1742 1881 per-

118 1882 231 1934 moti
271 1897 634 1951 summopere
663 1882 982 1937 abhorrent
1014 1898 1084 1936 ne
1119 1882 1502 1952 conjecturis,
1529 1885 1738 1951 partim

115 1952 338 2020 ingenio,
372 1957 425 2006 et
468 1952 821 2006 confidentia
866 1952 1116 2022 quadam
1164 1952 1400 2021 impulsi
1434 1952 1491 2005 in
1541 1954 1737 2007 varias

115 2036 211 2092 non
239 2022 395 2075 modo
423 2026 643 2092 partes,
667 2023 771 2077 sed
795 2024 853 2075 in
878 2025 1202 2076 contrarias
1227 2024 1568 2092 plerumque
1595 2024 1738 2076 dila-

114 2090 295 2163 bantur
326 2108 336 2145 :
368 2090 513 2147 neve
542 2094 698 2146 fcede
729 2098 1023 2161 auctores,
1055 2108 1208 2162 quos
1230 2090 1559 2163 corrigere
1600 2110 1734 2147 con-

113 2162 338 2231 tendunt,
387 2164 603 2218 misere
652 2164 1061 2217 dilacerentur.
1111 2162 1445 2232 Propterea}
1496 2179 1569 2217 ne
1626 2164 1735 2218 hac

115 2233 403 2301 corruptela
440 2234 535 2288 his
565 2234 912 2288 auctoribus
934 2233 1242 2304 graviores
1277 2234 1468 2304 plagae
1499 2234 1734 2304 inﬂige-

113 2307 300 2372 rentur,
314 2305 652 2372 quitametsi
670 2305 904 2358 minime
918 2304 1267 2357 videbantur
1280 2308 1627 2358 vetustatem
1641 2304 1737 2357 ha-

112 2370 469 2445 bituri,digni
498 2379 695 2428 tamen
726 2374 977 2441 fuerant,
1011 2376 1490 2445 compensatione
1535 2391 1733 2428 rerum

112 2445 330 2508 posteris
351 2446 712 2513 traditarum,
737 2448 799 2497 ut
819 2445 1052 2498 debitus
1075 2445 1161 2497 eis
1184 2444 1373 2499 honor
1395 2445 1727 2511 haberetur,

112 2513 268 2565 satius
297 2515 565 2569 duximus
598 2515 669 2568 ad
701 2515 1052 2583 depravatos
1074 2515 1239 2569 locos
1261 2519 1455 2569 notam
1477 2530 1732 2584 appone-

110 2596 179 2648 re,
205 2586 260 2635 ut
276 2600 384 2655 pro
414 2601 480 2639 se
514 2586 789 2655 quisque,
826 2601 941 2655 quo
966 2586 1332 2655 ingeniosior
1354 2590 1409 2639 et
1430 2587 1726 2655 solertior,

110 2666 204 2719 quo
224 2654 290 2725 ad
318 2654 445 2724 ejus
476 2654 605 2709 fieri
639 2654 857 2725 pussit,
886 2654 1116 2710 vitiosis
1146 2656 1470 2725 particulis,
1506 2661 1561 2710 et
1595 2672 1731 2711 cor-

107 2723 264 2796 ruptis
294 2723 513 2793 incisis,
553 2723 835 2793 exsectis,
870 2743 937 2780 ac
967 2723 1190 2796 reliqua
1224 2730 1517 2780 structura
1549 2743 1732 2796 appo-

105 2790 196 2866 site
220 2790 579 2864 interpuncta
606 2790 927 2851 medeatur.
968 2790 1320 2866 Peraequum
1352 2798 1506 2849 enim
1537 2790 1733 2852 vis-um

105 2865 264 2938 estne
304 2868 569 2938 vulnera,
618 2883 751 2938 qua)
783 2868 856 2920 ad
900 2865 1300 2935 incorruptam
1350 2868 1656 2921 sanitatem
1701 2886 1732 2921 a

104 2932 247 3008 nobis
266 2937 443 3008 redigi
467 2932 792 3008 nequeunt,
821 2954 937 2992 non
962 2938 1133 2992 modo
1148 2932 1587 3005 exulcerentur,
1622 2939 1729 2992 sed

105 3016 163 3079 tie
186 3005 831 3079 attrecte'ntur'quidem,
854 3012 914 3061 ut
931 3024 1104 3079 suum
1128 3023 1341 3079 munus
1360 3024 1729 3079 pensumque

104 3071 526 3149 iisrelinquatur
546 3071 854 3146 incolume,
880 3079 980 3149 qui
999 3078 1249 3131 faciliori
1271 3081 1326 3130 et
1344 3071 1729 3133 commodiori

98 3143 307 3218 judicio,
328 3143 673 3218 desperatis
705 3143 876 3203 etiam
896 3143 1199 3203 ulceribus
1230 3164 1400 3218 Opem
1430 3152 1485 3201 et
1507 3149 1726 3203 incolu-

104 3214 319 3270 mitatem
350 3214 509 3273 ferre
542 3220 735 3274 valent
766 3236 778 3273 :
812 3224 867 3273 et
895 3219 1071 3274 nobis
1103 3220 1249 3272 satis
1268 3214 1579 3288 superque
1624 3221 1721 3289 sit,

1855 1464 1910 1515 et
1946 1476 2146 1535 eorum
2178 1462 2508 1535 principum
2539 1462 2809 1515 amicitize
2840 1461 3050 1535 decore
3082 1463 3377 1532 ﬂoruisse,
3411 1468 3514 1535 qui

1854 1546 2057 1585 eorum
2090 1532 2416 1586 hortatione
2447 1548 2543 1586 res
2574 1537 2777 1603 gestas
2821 1534 3077 1602 posteris
3124 1532 3507 1604 tradiderunt,

1852 1617 2100 1672 quorum
2119 1617 2309 1671 neque
2329 1607 2590 1657 veterum
2609 1605 2959 1674 quempiam,
2976 1618 3165 1674 neque
3182 1607 3509 1660 recentiore

1849 1674 2130 1725 memoria
2176 1674 2446 1727 abbatem
2504 1674 2906 1742 Trithemium,
2965 1675 3064 1742 qui
3116 1675 3507 1730 bibliothecas

1850 1759 2055 1796 omnes
2088 1744 2422 1798 incredibili
2453 1745 2553 1796 dili
2601 1745 2755 1797 entia
2800 1744 3069 1797 excussit
3101 1761 3111 1798 :
3155 1747 3509 1800 mentionem

1850 1813 2069 1867 fecisse
2101 1815 2310 1867 mirum
2341 1815 2529 1867 videri
2559 1761 2751 1867 gebat.
2787 1819 2841 1867 et
2883 1829 3014 1867 cum
3046 1830 3224 1867 supra
3254 1818 3507 1867 auadra-

1849 1813 2069 1886 fecisse
2101 1815 2310 1868 mirum
2341 1815 2529 1886 videri
2561 1813 2751 1881 debet,
2787 1819 2841 1867 et
2883 1829 3014 1867 cum
3046 1830 3224 1883 supra
3254 1818 3507 1886 quadra-

1848 1883 2049 1953 gintos
2071 1900 2259 1938 annos
2283 1884 2638 1952 delituerint,
2660 1888 2854 1938 sartos
2873 1888 3060 1938 tectos
3082 1902 3229 1953 pene
3254 1883 3324 1941 ab
3348 1889 3507 1941 omni

1844 1954 2324 2028 periculo_fuisse
2347 1958 2758 2028 conservatos.
2780 1954 3114 2028 Gaufredus
3137 1972 3348 2028 magna
3374 1974 3506 2012 cum

1846 2040 1985 2077 cura
2016 2028 2072 2096 et
2107 2025 2408 2095 diligentia
2439 2026 2498 2078 in
2529 2026 2798 2079 notandis
2832 2026 3009 2080 certis
3057 2025 3385 2096 tempdrum
3414 2029 3507 2081 iu-

1842 2095 2137 2177 tervallis,
2161 2097 2321 2177 quod
2348 2111 2704 2177 magnopere
2731 2111 2847 2177 non
2871 2096 3061 2177 solum
3096 2095 3367 2177 delectat,
3399 2099 3507 2177 sed

1842 2165 1973 2237 sine
2004 2166 2240 2237 fastidio
2274 2171 2330 2219 et
2360 2165 2624 2237 satietate
2647 2181 2744 2237 res
2768 2166 2938 2234 plena
2960 2165 3369 2223 oblectamenti
3391 2172 3502 2237 est,

1842 2235 1899 2286 in
1932 2252 1997 2289 ea
2030 2236 2197 2289 laude
2231 2237 2439 2290 creber
2462 2236 2595 2289 fuit:
2634 2236 2968 2291 Alexander
2987 2254 3127 2291 vero
3152 2239 3335 2293 abbas
3357 2235 3504 2293 adeo

1841 2305 1898 2357 in
1928 2321 1997 2360 eo
2031 2307 2350 2379 negligens
2383 2310 2493 2379 est,
2527 2310 2588 2358 ut
2608 2307 2833 2379 seriem
2858 2308 3044 2373 ipsam
3076 2324 3272 2361 rerum
3305 2313 3502 2379 gesta-

1840 2392 1967 2428 rum
2000 2392 2131 2428 cum
2176 2377 2395 2429 arbiter
2438 2376 2789 2443 interfuerit,
2840 2381 2898 2430 et
2943 2378 3158 2431 viderit
3208 2376 3498 2445 praesens,

1839 2445 2024 2499 ferme
2055 2446 2414 2500 labetecerit.
2437 2446 2584 2499 Illud
2617 2462 2759 2500 vero
2782 2447 2960 2501 nolim
2981 2464 3014 2501 a
3040 2463 3131 2502 me
3153 2463 3291 2502 esse
3323 2449 3502 2502 omis-

1838 2532 2018 2570 sum:
2064 2517 2372 2589 _Alberiam
2416 2517 2680 2589 reginam
2730 2517 2974 2589 Bogerii
3025 2519 3187 2589 regis
3232 2534 3496 2576 uxorem.

1837 2602 2010 2656 quam
2058 2587 2317 2657 insignis
2360 2587 2668 2657 religionis
2720 2587 3018 2641 imminam
3078 2587 3252 2657 digna
3311 2589 3501 2643 laudis

1838 2658 2340 2730 commendatione
2370 2658 2523 2711 idem
2543 2659 2796 2730 scriptor
2817 2660 3040 2730 extulit,
3075 2658 3307 2714 Alfonsi
3337 2659 3500 2730 regis

1836 2729 2075 2780 maximi
2119 2729 2533 2798 Hispaniarum
2578 2729 2862 2798 principis
2912 2729 3089 2782 ﬁliam
3139 2730 3348 2796 fuisse,
3401 2729 3501 2799 qui

1837 2799 2101 2852 Toletum
2133 2800 2356 2871 regiam
2387 2799 2614 2871 urbem,
2649 2803 2704 2853 et
2724 2799 3184 2871 Carpetanorum
3213 2800 3498 2854 Oretano-

1836 2885 2083 2939 rumque
2117 2869 2382 2923 civitates
2413 2870 2484 2923 ab
2517 2869 2690 2939 impio
2714 2869 3172 2925 Sarracenorum
3202 2871 3499 2925 dominatu

1837 2940 2066 3007 eripuit,
2102 2955 2275 3008 quam
2308 2940 2640 2994 Rudericus
2671 2940 2966 2994 Simenius
2997 2942 3313 2994 Toletanus
3346 2941 3498 2993 anti-

1759 2994 1807 3054 C
1836 2994 1960 3063 stes
1993 2994 2308 3073 Géldiram,
2344 3010 2532 3063 nostri
2562 3010 2819 3063 Elviram
2863 3011 3180 3074 nominant,
3233 3014 3297 3064 ut
3339 3010 3497 3063 ﬁlius

1835 3079 1989 3148 ejus,
2015 3095 2187 3149 quem
2216 3081 2552 3133 Alexander
2574 3080 2866 3134 Anfusum
2888 3084 3076 3145 vocat,
3104 3082 3200 3134 cui
3220 3080 3495 3149 Campani

1834 3150 2196 3221 principatus
2230 3150 2419 3204 honos
2450 3153 2541 3203 est
2573 3152 2907 3219 attributus,
2943 3151 3177 3204 Alfonsi
3208 3150 3374 3221 regis
3401 3151 3495 3202 avi

1833 3220 2079 3273 materni
2110 3236 2323 3274 nomen
2354 3220 2619 3276 ediderit.

126 3322 3497 3361 Μ

1213 3455 1795 3583 INCIPIT
1873 3456 2332 3586 LIBER

628 3723 755 3801 DE
810 3718 1495 3814 AGQUISITIONE
1554 3720 1854 3802 REGNI
1910 3721 2333 3820 SICILIJE,
2390 3723 2959 3821 GALABRIE,

736 3930 1286 4046 APULUE
1366 3928 1550 4042 ET
1630 3929 2162 4043 INSULZE
2252 3928 2828 4062 SICILUE,

1186 4160 1345 4222 PER
1388 4158 1863 4223 GLORIOSUM
1909 4158 2372 4221 PRINCIPEM

1066 4324 1705 4400 ROBERTUM
1740 4326 2490 4406 GUISCABDUM

892 4490 989 4552 ET
1035 4489 1422 4551 FRATRES
1462 4492 1567 4553 DE
1610 4491 2122 4556 NORMANNIA
2153 4472 2648 4573 VENIENTES;

1561 4666 1971 4711 COMPILATUS

89 4813 142 4866 Α.
170 4815 476 4905 ϐων-ξιξεῡο
508 4822 807 4905 religioso
822 4828 879 4879 et
907 4825 1157 4905 honesto
1180 4827 1306 4905 viro
1330 4827 1492 4905 Beati
1516 4829 1819 4905 Benedicti
1847 4831 2159 4899 monacho,
2183 4833 2256 4887 ad
2285 4833 2623 4905 petitionem
2655 4834 2904 4889 illustris
2924 4834 3215 4905 principis
3239 4833 3482 4905 Rogerii

266 4889 582 4947 Trinacriae
615 4889 866 4964 comitis,
902 4907 1076 4966 quam
1106 4897 1178 4951 de
1206 4897 1389 4951 infida
1418 4901 1726 4969 tyrannide
1757 4889 2227 4957 Sarracenorum
2255 4889 2328 4958 ad
2360 4904 2731 4959 devotionem
2762 4889 2981 4959 Christi
3013 4889 3264 4959 reduxit.

248 5132 369 5190 HIC.
398 5136 601 5193 SUNT
640 5139 1021 5195 CAPITULA
1061 5143 1276 5198 PRIMI
1318 5145 1523 5201 LIBRI

84 5296 218 5389 Eibri
249 5307 431 5380 hujus
461 5318 599 5368 sunt
629 5315 868 5370 diversa
897 5317 1170 5372 distincta
1202 5320 1454 5389 capitula
1480 5338 1491 5375 :

80 5381 198 5481 Quae
224 5400 441 5463 passim
471 5403 820 5459 subtitulare
851 5409 1052 5460 nostra
1084 5407 1257 5462 debet
1277 5381 1502 5481 pagina

82 5470 143 5560 Ut
169 5493 290 5548 Qum
318 5488 481 5543 voles
516 5494 940 5560 perscrutando
973 5494 1146 5551 citius
1178 5470 1466 5552 invenias.

79 5559 111 5613 I-
141 5565 382 5629 Primum
399 5582 587 5650 sonat,
608 5595 741 5651 quae
759 5597 898 5652 pars
921 5587 1012 5639 est
1034 5583 1300 5641 Franciae
1321 5586 1699 5643 Normannia.

1743 5147 1790 5206 D
1820 5148 1885 5202 ΙΙ.
1925 5149 2114 5205 Rholo
2147 5152 2294 5206 duce
2326 5152 2422 5206 dat
2451 5154 2670 5222 piratas
2702 5169 2806 5222 per
2835 5167 2998 5208 mare
3030 5154 3345 5225 Noerveja.

1819 5237 1985 5291 Hanc
2017 5239 2344 5308 pervadunt
2379 5257 2391 5295 :
2427 5257 2531 5295 rex
2563 5242 2838 5309 occurrit,
2874 5244 2934 5295 ut
2963 5242 3174 5296 abinde
3205 5247 3421 5298 arceat.

1813 5326 2038 5380 Bellum
2071 5327 2284 5391 differt,
2322 5328 2517 5383 foedus
2548 5330 2671 5392 init,
2710 5330 2772 5383 ﬁt
2801 5345 3007 5384 eorum
3037 5331 3331 5385 dominus.

1808 5415 2001 5469 Patria
2033 5418 2249 5486 quibus
2283 5418 2587 5471 claudatur
2617 5418 2928 5472 adnotatur
2956 5419 3199 5474 ﬁnibus.

1810 5504 2142 5574 Rhythmus
2173 5508 2388 5572 cesset,
2422 5522 2598 5574 prosa
2630 5506 2799 5573 diri,
2906 5526 2937 5578 q
2966 5509 3000 5557 ς’
3030 5509 3042 5561 l
3078 5511 3167 5563 ost
3198 5509 3473 5565 ulterius.

1809 5592 1904 5647 III.
1940 5594 2023 5648 De
2053 5610 2214 5651 more
2244 5594 2659 5651 Normannicae
2690 5597 2886 5668 gentis
2918 5597 2991 5653 ab
3022 5597 3325 5655 Altavilla.
