3982 6164
453 211 607 279 1095

1206 214 1638 278 GAUFREDI
1673 210 2225 273 MALATERRIE
2249 208 2621 273 MONACHI
2652 207 3094 276 BENEDICT.

3677 208 3808 272 1096

426 418 521 474 IV.
554 419 637 472 De
658 415 980 479 Tancredo,
1006 417 1061 469 et
1086 415 1270 484 prima
1302 414 1395 467 vel
1426 412 1688 467 secunda
1740 426 1922 464 uxore
1966 425 2093 478 sua,
2137 393 2181 452 Α
2206 407 2497 461 XXXVII.
2530 407 2788 471 Qualiter
2814 408 3164 479 Scyllacium
3196 412 3422 478 captum
3450 408 3569 461 fuit.

501 511 557 561 et
584 507 811 560 liberis.

427 594 496 649 V.
531 594 789 660 Qualiter
817 593 989 662 primi
1032 590 1135 644 ﬁlii
1165 591 1450 644 Tancredi
1475 589 1842 653 Guilielmus,
1868 588 1922 639 et
1958 586 2097 638 Dro-

504 699 603 755 go,
635 687 691 736 et
721 679 1084 734 Hunifredus
1100 695 1130 731 a
1150 679 1504 733 Normannia
1523 675 1923 747 digredientes
1948 677 2096 741 Apu-

500 772 637 825 liam
670 773 974 824 venerunt.

432 860 530 913 VI.
579 859 839 923 Qualiter
864 859 1114 926 primum
1144 855 1395 927 principi
1430 855 1705 923 Capuano
1740 851 2094 915 servientes,

502 947 576 1000 ab
606 947 737 1016 ipso
757 945 828 998 ad
857 945 1292 999 Salernitanum
1322 942 1701 996 transierunt.

434 1034 555 1088 VII.
597 1033 853 1097 Qualiter
881 1048 1013 1086 cum
1064 1032 1325 1085 Maniaco
1372 1030 1577 1083 Graeco
1613 1028 1682 1080 ad
1718 1025 1984 1080 Siciliam
2002 1024 2098 1077 de-

505 1120 835 1175 bellandam
865 1120 1053 1189 primo
1082 1121 1462 1173 transierunt.

435 1209 582 1263 VIII.
606 1209 867 1273 Qualiter
894 1208 1198 1262 Arduinus
1229 1224 1260 1260 a
1289 1207 1552 1260 Maniaco
1585 1221 1781 1259 caesus
1816 1204 1916 1258 sit.

435 1296 534 1351 IX.
585 1294 844 1361 Qualiter
894 1296 1068 1350 Melfa
1098 1314 1128 1349 a
1159 1296 1518 1349 Normannis
1567 1294 1850 1348 aedificata
1904 1291 2000 1357 sit,
2049 1297 2105 1347 et

505 1383 578 1439 de
606 1385 801 1456 legato
831 1401 863 1437 a
893 1384 1121 1439 Graecis
1144 1384 1351 1453 misso,
1384 1388 1439 1437 et
1458 1383 1529 1436 de
1553 1383 1740 1451 primo
1774 1394 2105 1450 congressu

505 1489 680 1544 quem
713 1490 844 1526 cum
876 1473 1101 1527 Graecis
1129 1473 1481 1527 habuerunt.

434 1561 508 1618 X.
545 1561 627 1615 De
645 1562 907 1616 secundo
938 1563 1138 1631 praelio
1163 1562 1274 1614 sub
1309 1561 1714 1629 Montepiloso.

437 1651 536 1705 XI.
568 1651 651 1704 De
680 1650 1019 1720 junioribus
1044 1651 1181 1704 filiis
1211 1651 1524 1715 Tancredi,
1558 1650 1654 1718 qui
1697 1645 2107 1717 praecedentes

509 1739 724 1793 fratres
756 1741 814 1791 in
846 1739 1055 1807 Apulia
1087 1739 1393 1792 subsecuti
1424 1742 1581 1791 sunt.

440 1827 568 1881 XII.
602 1828 684 1881 De
716 1830 901 1880 morte
934 1826 1225 1880 Guilielmi
1249 1826 1500 1879 comitis.

439 1916 590 1970 XIII.
626 1916 709 1968 De
741 1920 926 1968 morte
963 1915 1193 1967 comitis
1225 1914 1541 1985 Drogonis.

440 2003 595 2058 XIV.
659 2004 741 2056 De
801 2002 998 2056 Leone
1044 2002 1387 2070 apostolico,
1420 2001 1720 2072 qualitera
1751 1998 2109 2053 Normannis

513 2094 719 2161 captus
751 2092 847 2144 sit.

440 2178 565 2232 XV.
612 2176 874 2241 Qualiter
907 2179 1027 2232 Leo
1063 2194 1207 2248 papa
1239 2195 1272 2231 a
1321 2177 1677 2232 Normannis
1709 2193 1841 2229 cum
1885 2176 2108 2230 honore

514 2266 801 2321 dimissus
837 2267 933 2321 sit.

442 2356 596 2411 XVI.
641 2356 723 2410 De
780 2356 1037 2409 Roberto
1084 2354 1431 2425 Guiscardo,
1464 2356 1713 2426 qualiter
1755 2358 2013 2408 castrum
2045 2352 2105 2407 S.

515 2445 698 2499 Marci
746 2445 1016 2513 ﬁrmavit,
1068 2447 1125 2497 et
1181 2444 1432 2515 qualiter
1485 2460 1616 2498 cum
1667 2443 1896 2497 Sclavis
1925 2442 2108 2511 pedes

514 2533 839 2604 praedatum
872 2533 995 2586 ivit.

443 2622 623 2677 XVII.
667 2622 748 2675 De
784 2621 1039 2675 Roborto
1090 2620 1435 2688 Guiscardo,
1493 2624 1549 2676 et
1577 2622 1751 2674 Petro
1779 2619 1850 2673 de
1896 2619 2105 2673 Turra.

444 2710 648 2765 XVIII.
681 2708 942 2773 Qualiter
965 2710 1259 2764 Robertus
1280 2710 1643 2765 Guiscardus
1663 2723 1861 2762 comes
1881 2707 2108 2776 Apuliae

517 2798 709 2852 factus
740 2798 834 2851 sit.
1674 2864 1675 2867 η

445 2885 599 2945 XIX.
644 2887 725 2941 De
755 2887 1011 2958 Rogerio
1035 2886 1271 2957 juniore
1301 2886 1417 2940 filio
1439 2886 1745 2940 Tancredi.

444 2974 572 3029 XX.
609 2975 692 3029 De
726 2976 984 3047 Rogerio
1016 2977 1115 3046 qui
1146 2993 1176 3028 a
1204 2975 1801 3030 RohertoGuiscardo
1833 2976 2110 3030 invitatus

515 3063 833 3117 aCalabria
862 3065 919 3118 in
950 3064 1218 3133 Apuliam
1246 3064 1421 3117 vadit.

443 3154 597 3208 XXI.
634 3153 930 3208 Robertus
960 3152 1328 3206 Guiscardus
1350 3157 1405 3207 et
1436 3152 1736 3222 Rogerius
1767 3167 1902 3205 cum
1930 3166 2105 3205 exer-

517 3243 634 3297 citu
668 3242 961 3313 Rhegium
992 3242 1231 3296 vadunt.
1296 3282 1311 3294 .

444 3331 625 3386 XXII.
657 3330 955 3403 Rogerius
986 3345 1119 3385 cum
1154 3331 1406 3383 maxima
1438 3329 1635 3399 praeda
1667 3328 1959 3399 Rhegium
1999 3342 2106 3381 ve-

517 3420 627 3475 nit.

445 3509 654 3565 XXIII.
682 3509 979 3580 Rogerius
1024 3508 1170 3561 irato
1209 3508 1402 3560 animo
1433 3522 1465 3558 a
1498 3505 1754 3559 Robcrto
1783 3503 2109 3559 Guiscardo

518 3597 763 3651 recedit.

449 3684 662 3740 XXIV.
684 3686 979 3755 Rogerius
1010 3700 1041 3738 a
1071 3683 1382 3738 Guilielmo
1416 3682 1594 3736 fratre
1631 3680 1888 3752 benigne
1917 3679 2109 3734 susci-

519 3774 695 3844 pitur,
720 3778 780 3827 et
809 3774 1011 3828 Scalea
1045 3772 1408 3826 conceditur.

449 3862 636 3917 XXV.
671 3862 968 3933 Rogerius
998 3875 1196 3915 comes
1229 3874 1414 3930 equos
1448 3857 1692 3911 furatur.

449 3952 660 4006 XXVI.
706 3953 751 4004 A
782 3951 1039 4020 Rogerio
1071 3948 1345 4003 Malﬁtani
1378 3948 1706 4017 capiuntur.

452 4040 687 4108 XXVII,
724 4040 935 4100 Fames
968 4039 1025 4092 in
1056 4037 1320 4091 Calabria
1336 4037 1415 4089 Iit.

449 4128 708 4184 XXVIII.
737 4126 968 4181 Calabri
998 4125 1351 4181 rebellantes
1382 4126 1641 4176 castrum
1672 4121 2105 4174 Leucastrense

521 4219 581 4271 in
614 4217 745 4272 dolo
777 4217 1028 4285 capiunt,
1064 4214 1330 4284 pluribus
1364 4212 1444 4265 ibi
1478 4209 1823 4264 interfectis.

450 4307 663 4362 XXIX.
699 4308 780 4360 De
830 4320 974 4374 pace
1004 4304 1154 4357 facta
1186 4303 1337 4355 inter
1368 4302 1688 4355 Robertum
1720 4296 2111 4351 Guiscardum

524 4399 581 4450 et
614 4395 934 4465 Rogerium
967 4392 1206 4446 fratrem
1238 4406 1431 4445 suum.

451 4482 637 4539 XXX.
663 4454 959 4535 Rvobertus
981 4479 1369 4545 Guiscardus,
1402 4489 1646 4530 uxorem
1666 4474 2018 4529 Alberedam
2034 4484 2121 4524 re-
2140 4454 2180 4505 Ῐῖ

523 4571 796 4642 pudians,
829 4568 1196 4639 Sigelgutain
1226 4565 1403 4633 ducit,
1438 4568 1493 4617 et
1526 4563 1824 4633 Rogerius
1852 4565 1909 4616 et
1936 4561 2115 4616 Guis-

528 4660 743 4715 cardus
772 4656 1246 4712 reconciliantur.

456 4748 666 4806 XXXI.
703 4746 997 4800 Robertus
1028 4741 1389 4797 Guiscardus
1421 4755 1602 4809 super
1620 4738 1993 4794 Guilielmum
2011 4736 2121 4790 fra-

526 4840 677 4892 trem
706 4851 900 4903 suum,
943 4836 1254 4902 antequam
1276 4831 1507 4899 nuptias
1539 4828 1815 4894 celebret,
1866 4825 2044 4879 vadit.

456 4926 691 4984 XXXII.
725 4924 951 4978 Bellum
992 4921 1142 4990 apud
1185 4919 1246 4973 S.
1292 4918 1604 4971 Martinum
1647 4931 1780 4970 cum
1828 4914 2055 4969 Graecis
2087 4928 2120 4966 a

531 5014 791 5085 Rogerio
825 5012 905 5065 fit.

458 5104 721 5159 XXXIII.
756 5103 818 5155 In
877 5098 1232 5170 adiutorium
1279 5094 1556 5173 Gaufredi
1591 5093 1790 5147 fratris
1826 5091 2122 5147 Robertus

532 5190 896 5245 Guiscardus
915 5192 971 5243 et
1002 5186 1297 5257 Rogerius
1328 5183 1567 5237 vadunt.

460 5278 720 5337 XXXIV.
754 5277 1098 5331 Guillamato
1127 5274 1437 5342 debellato,
1462 5273 1693 5342 utrique
1718 5269 1930 5323 fratres
1958 5266 2122 5322 Cala-

533 5368 722 5423 briam
755 5367 989 5419 vadunt.

464 5456 703 5513 XXXV.
742 5454 1039 5509 Robertus
1068 5449 1434 5507 Guiscardus
1465 5450 1585 5504 dux
1613 5446 1886 5502 efﬁcitur.

463 5544 729 5606 XXXVI.
763 5542 1092 5599 Guiscardo
1118 5540 1269 5610 apud
1298 5537 1594 5611 Rhegium
1622 5538 1980 5605 remanente,
2015 5535 2124 5589 Ro-

537 5634 741 5713 gerius
774 5633 967 5688 castra
986 5628 1271 5685 Calabriae
1298 5628 1614 5701 expugnat.

2207 496 2526 550 XXXVIII.
2565 497 2822 560 Qualiter
2851 498 3017 552 Serlo
3065 497 3349 551 Tancredi
3405 495 3553 550 filius
3602 510 3632 548 a
3680 494 3809 548 Nor-

2285 585 2516 637 mannia
2548 586 2605 637 in
2636 585 3018 639 Brittanniam
3046 586 3259 654 pulsus
3290 586 3383 637 sit.

2213 672 2482 727 XXXIX.
2519 673 2600 725 De
2630 673 2831 725 militia
2860 672 3129 742 ejusdem
3152 672 3437 727 Serlonis.

2220 761 2344 815 XL.
2376 762 2459 814 De
2488 760 2791 814 Tancredo
2823 764 2880 813 et
2920 764 3096 830 Apro.

2322 884 2712 939 INCIPIUNT
2750 884 3130 940 CAI’ITULA
3170 884 3373 937 LIBRI
3411 880 3732 938 SECUNDI.

2215 1011 2257 1062 Ι.
2285 1010 2498 1063 Comes
2535 1010 2832 1081 Rogerius
2864 1011 3115 1079 primum
3146 1007 3402 1062 Siciliam
3431 1007 3614 1059 intrat.

2212 1096 2279 1150 II.
2349 1097 2479 1151 Dux
2531 1098 2831 1151 Robertus
2891 1098 3183 1167 Rhegium
3232 1100 3288 1149 et
3320 1098 3493 1148 totam
3543 1089 3821 1145 Calabriam

2284 1186 2713 1254 procurandam
2741 1186 3009 1256 delegat;
3032 1186 3157 1254 ipse
3190 1185 3247 1237 in
3291 1182 3557 1251 Apuliam
3583 1178 3736 1231 vadit.

2219 1271 2315 1326 III.
2345 1274 2639 1328 Becumen
2668 1274 3025 1327 Almiraldus
3050 1272 3265 1326 Siciliae
3293 1270 3468 1325 asuis
3497 1266 3750 1338 expulsus
3768 1263 3822 1317 ad

2288 1361 2579 1433 Rhegium
2612 1361 2880 1415 comitem
2912 1360 3202 1414 convenit.

2215 1452 2312 1504 IV.
2363 1450 2624 1505 Consilio
2658 1449 2992 1504 Beeuminis
3023 1463 3224 1502 comes
3261 1445 3554 1517 Rogerius
3574 1443 3756 1497 iterum
3778 1440 3822 1493 in

2284 1539 2541 1593 Siciliam
2573 1539 2751 1592 vadit.

2217 1628 2285 1682 V.
2310 1626 2522 1682 Comes
2555 1627 2849 1696 Rogerius
2883 1642 3015 1679 cum
3046 1621 3535 1677 Massanensibus
3556 1615 3821 1688 praeliatur.

2218 1717 2314 1770 Vl.
2348 1716 2507 1770 Mare
2532 1715 2824 1769 turbatum
2849 1713 3050 1768 sedari
3079 1727 3279 1767 comes
3303 1709 3595 1780 Rogerius
3623 1710 3738 1758 voto
3754 1703 3826 1758 ob-

2287 1804 2474 1857 tinuit.
2548 1854 2557 1869 ,

2219 1892 2338 1945 VII.
2371 1890 2536 1955 Quod
2567 1892 2766 1960 praeda
2798 1906 2979 1960 super
3007 1904 3275 1961 paganos
3295 1887 3536 1954 accepta
3555 1883 3666 1936 Deo
3692 1881 3741 1935 in
3756 1895 3827 1932 sa-

2290 1980 2575 2034 criﬁcium
2608 1981 2837 2052 ingrata
2868 1996 2985 2033 non
3018 1980 3115 2033 sit.

2218 2068 2369 2122 VIII.
2429 2069 2846 2136 Panormitani,
2904 2073 2965 2122 ut
2995 2066 3219 2122 nostris
3258 2063 3517 2119 transire
3545 2056 3827 2114 volentibus

2287 2157 2653 2226 prohibeant,
2690 2157 2748 2209 in
2782 2157 3034 2210 Pharum
3055 2154 3294 2225 navigio
3326 2152 3585 2206 veniunt.

2221 2244 2320 2298 IX.
2353 2245 2558 2299 Nostri
2587 2246 2897 2299 transitum
2928 2244 3043 2298 sibi
3085 2242 3309 2298 turbari
3334 2240 3620 2304 videntes,
3647 2234 3829 2305 adjuto-

2290 2349 2415 2387 rcm
2454 2333 2782 2402 implorant.

2221 2422 2294 2476 X.
2352 2421 2586 2489 Comes,
2647 2420 3053 2475 nescientibus
3100 2417 3401 2486 hostibus,
3434 2416 3506 2469 de
3535 2416 3830 2469 noctetran-

2290 2510 2454 2564 siens
2477 2510 2811 2563 Messanam
2844 2510 3016 2579 capit.

2221 2599 2319 2652 XI.
2345 2598 2708 2652 Sarracenus
2726 2598 2960 2669 quidam
2980 2611 3249 2652 sororem
3274 2595 3595 2666 fugientem
3615 2588 3835 2644 deficien-

2290 2691 2406 2741 tem
2436 2686 2747 2741 interfecit.

2223 2775 2345 2830 ΧΠ.
2378 2775 2775 2829 Panormitam
2800 2790 2867 2830 se
2895 2773 3099 2830 elusos
3131 2775 3567 2844 cognoscentes
3582 2766 3834 2829 recedunt,

2287 2864 2407 2918 dux
2427 2863 2578 2918 liber
2604 2864 2836 2918 transit.

2219 2952 2372 3007 XIII.
2407 2952 2539 3006 Dux
2567 2956 2623 3006 et
2653 2967 2852 3006 comes
2882 2966 2991 3022 pro
3012 2950 3176 3004 libito
3207 2965 3320 3003 suo
3343 2949 3672 3002 Massanam
3711 2941 3833 2997 ordi-

2292 3043 2521 3107 nantes,
2558 3042 2861 3095 Rametam
2885 3041 3203 3095 obsessum
3231 3039 3475 3092 vadunt.

2144 3107 2178 3164 ’3
2220 3129 2374 3184 x1v.
2433 3129 2753 3183 Christiani
2809 3129 2880 3183 de
2936 3128 3099 3182 Valle
3142 3126 3410 3181 Dominae
3441 3124 3632 3181 comiti
3661 3124 3711 3176 et
3729 3116 3833 3173 duci

2293 3232 2540 3271 munera
2569 3215 2838 3271 offerunt.

2223 3305 2352 3359 XV.
2379 3305 2509 3359 Dux
2537 3309 2594 3360 et
2624 3320 2825 3359 comes
2852 3303 3225 3358 Centurbiam
3255 3302 3614 3373 oppugnant.

2222 3392 2379 3447 XVI.
2414 3393 2616 3447 Nostri
2649 3410 2679 3447 a
2710 3395 2958 3464 planicie
3014 3391 3390 3446 Paternionis
3430 3404 3608 3460 super
3638 3384 3838 3440 ﬂuvium

2300 3468 2613 3541 Guedetam
2641 3482 3037 3538 castrametati
3068 3484 3225 3535 sunt.

2220 3577 2398 3634 XVII.
2430 3575 2482 3630 A
2512 3574 2735 3630 nostris
2768 3588 2899 3627 cum
2929 3568 3276 3625 Sarracenis
3305 3567 3577 3637 praelium
3607 3560 3838 3618 efficitur.

2219 3665 2429 3722 XVIII.
2470 3665 2721 3733 Propter
2750 3661 3003 3714 vicinam
3037 3657 3289 3711 hiemem
3316 3653 3610 3724 expeditio
3631 3648 3841 3705 solvitur

2301 3761 2354 3813 et
2375 3751 2694 3812 Christiani
2716 3749 2987 3804 Trainam
3019 3744 3257 3801 dedunt.

2218 3851 2373 3907 XIX.
2406 3846 2619 3901 Comes
2654 3839 2950 3910 Rogerius
2982 3849 3224 3889 uxorem
3252 3831 3435 3886 ducit.

2218 3941 2347 3995 XX.
2395 3936 2609 3990 Comes
2656 3943 2802 3999 ergo
2859 3924 3077 3994 nuptiis
3146 3920 3463 3976 celebratis
3504 3918 3563 3972 in
3624 3911 3843 3969 Siciliam

2293 4025 2470 4080 vadit.

2223 4116 2378 4172 XXI.
2411 4113 2623 4168 Comes
2643 4124 2673 4161 a
2695 4106 2844 4160 duce
2865 4104 3013 4158 irato
3043 4100 3234 4155 animo
3266 4096 3512 4151 recedit.

2220 4204 2400 4260 XXII.
2435 4202 2732 4255 Becumen
2764 4195 2823 4247 in
2845 4190 3041 4246 Sicilia
3061 4186 3370 4242 occiditur.

2219 4291 2430 4347 XXIII.
2470 4290 2604 4342 Dux
2630 4284 2870 4339 fratrem
2899 4278 3183 4333 comitem
3201 4273 3357 4344 apud
3383 4272 3641 4327 Miletum
3668 4266 3847 4321 obses-

2294 4395 2429 4434 sum
2448 4376 2626 4430 vadit.

2224 4468 2428 4523 XXIV.
2472 4465 2684 4520 Comes
2733 4459 3043 4515 Geracium
3094 4452 3406 4510 traditione
3476 4445 3643 4517 capit,
3664 4444 3716 4495 et
3753 4438 3849 4491 dux

2295 4555 2449 4625 apud
2477 4552 2772 4607 Giracium
2816 4546 3062 4616 capitur.

2227 4614 2409 4700 XXV.
2439 4644 2487 4696 A
2514 4639 2797 4693 militibus
2817 4614 2986 4689 ducis
3018 4645 3240 4696 comes,
3273 4631 3332 4682 ut
3362 4624 3537 4679 fratri
3559 4614 3848 4676 succurrat,

2234 4732 2688 4878 XXlVIIaC‘Ii‘mes
2718 4812 3012 4869 Girarium
3034 4805 3317 4862 obsidens
3347 4803 3561 4857 ducem
3577 4816 3607 4853 a
3627 4791 3849 4863 captione

2307 4910 2534 4964 liberat.

2232 4997 2469 5055 XXVII.
2493 4995 2767 5049 Castrum
2800 4987 2957 5059 quod
2986 4986 3110 5040 dux
3128 4982 3281 5052 apud
3314 4979 3574 5034 Melitum
3619 4974 3851 5028 firmave-

2304 5092 2391 5142 rat
2423 5082 2707 5139 militibus
2738 5077 2969 5133 comitis
3001 5074 3273 5127 fractum.
3305 5069 3561 5122 Ducissa
3588 5062 3850 5128 Tropmaln

2303 5173 2550 5245 aufugit.

2234 5263 2494 5320 XXVIII.
2526 5262 2657 5314 Dux
2679 5255 2875 5311 comiti
2904 5250 3232 5306 Calabriam
3260 5246 3455 5318 partit.
3776 5316 3787 5322 _
3812 5314 3821 5322 ν

2233 5316 2440 5408 XXIX.
2473 5346 2662 5403 Graeci
2693 5344 2845 5415 apud
2863 5342 3138 5395 'l‘rainam
3160 5316 3353 5392 comiti
3372 5329 3633 5388 fraudem
3663 5316 3847 5377 machi-

2233 5444 2468 5496 nantur.

2236 5529 2421 5585 XXX.
2447 5526 2658 5581 Comes
2681 5540 2713 5578 a
2742 5517 3093 5578 Sarracenis
3135 5518 3339 5586 captus
3382 5526 3453 5566 se
3491 5508 3677 5577 ipsum
3718 5503 3849 5552 ense-

2235 5618 2467 5673 liberat.
