3926 6146
134 403 262 469 1ο97
1405 396 1834 461 HIS'I‘ORUE
1864 398 2194 463 SICULA.
3376 410 3534 475 1098

135 606 309 661 XXXL
338 603 537 657 Comes
570 603 623 655 in
655 601 984 656 Calabriam
1014 603 1192 656 vadit.
1770 581 1821 645 Α
1856 599 2094 667 XXXII,
2129 600 2419 653 Turribus
2451 601 2729 656 Messana
2761 603 3047 660 ﬁrmatur.

135 694 339 749 xxx“,
370 692 570 745 Comes
602 708 731 744 cum
776 692 1047 745 Arabicis
1095 691 1557 745 Castri-Joannis
1586 706 1731 760 prae-
1860 689 2130 743 XXXIII.
2156 689 2285 742 Dux
2309 706 2336 740 a
2358 688 2645 761 Gregorio
2668 708 2815 762 papa
2840 710 2867 745 ιι
2892 694 3175 750 Romania
3195 705 3525 758 revocatur.

188 784 355 836 liatur.
1858 777 2122 830 XXXIV.
2160 777 2321 830 Duce
2354 782 2683 833 revertente
2726 780 2889 834 fraus
2921 783 3267 851 populorum
3313 790 3528 857 premi-

133 870 354 926 XXXIII.
387 869 603 923 Bellum
633 867 861 923 Cerami
895 870 993 924 ubi
1025 869 1083 923 S.
1123 868 1417 940 Georgius
1449 869 1737 938 apparuit.
1783 876 1787 881 '
1926 869 2038 919 tur.

130 957 357 1015 XXXIV.
390 959 584 1012 Pisani
612 960 906 1025 comitem,
940 961 1002 1012 ut
1037 957 1386 1012 Panormum
1418 957 1737 1011 obsessum
1855 955 2095 1010 XXXV.
2132 955 2261 1009 Dux
2284 956 2465 1009 fratre
2487 958 2776 1013 arcessito
2800 975 2984 1028 super
3003 958 3344 1032 Capuanum
3365 968 3524 1035 prin-

184 1048 347 1115 vadat,
378 1047 632 1100 invitant.
1922 1044 2111 1113 cipem
2141 1045 2318 1098 vadit.

127 1137 327 1191 XXXV.
360 1136 565 1189 Milites
611 1135 863 1202 comitis,
901 1134 1173 1189 hostibus
1219 1136 1461 1204 territis,
1514 1136 1736 1190 Turro-
1849 1132 2118 1187 XXXVI.
2153 1134 2452 1187 Jordanus
2485 1138 2685 1189 contra
2716 1139 2941 1206 patrem
2975 1139 3251 1210 insurgit.

181 1241 311 1292 nem,
342 1225 435 1294 qui
462 1227 662 1294 postea
694 1224 970 1279 Gatzonis
1003 1224 1195 1280 dictus
1237 1229 1349 1294 est,
1383 1225 1730 1281 ascendunt.
1849 1221 2143 1274 XXXVII.
2178 1222 2309 1274 Dux
2342 1223 2586 1275 Romam
2617 1224 2793 1292 vadit,
2830 1229 2884 1278 et
2914 1228 3085 1296 capit.

125 1312 328 1366 XXXVI
360 1313 552 1367 Nostri
584 1328 616 1364 a
648 1313 948 1366 Tarrantis
980 1315 1285 1366 vexantur.
1845 1310 2167 1363 XXXVIII.
2206 1310 2454 1364 Romani
2484 1312 3011 1381 reprehenduntur.

126 1400 374 1454 XXXVII.
417 1400 684 1471 Agellum
742 1418 773 1453 a
807 1401 954 1454 duce
985 1406 1377 1472 oppugnatur.
1845 1397 2113 1451 XXXIX.
2174 1397 2553 1453 Boamundus
2610 1401 3021 1470 imperatorem
3077 1410 3318 1474 superat
3376 1424 3509 1463 cer-

121 1488 387 1543 XXXVIII.
419 1488 688 1543 Castrum
724 1490 871 1559 apud
906 1490 1304 1561 Pctrelegium
1338 1491 1419 1544 Iit.
1914 1486 2111 1540 tando.

119 1576 343 1630 XXXIX.
377 1576 499 1631 Dux
529 1578 1046 1647 Montempilosum
1080 1578 1332 1633 obsidet.
1842 1575 1964 1628 XL.
2001 1575 2128 1628 Dux
2162 1576 2505 1629 Romaniam
2537 1577 2744 1630 iterum
2776 1579 2955 1633 vadit.

120 1664 218 1718 XL.
247 1665 363 1719 Dux
393 1666 605 1719 Barum
635 1666 942 1721 obsidens.
1838 1664 1989 1718 XLI.
2027 1664 2284 1735 Eclipsis
2318 1665 2464 1719 solis
2496 1666 2573 1719 ﬁt.
2594 1667 2751 1736 Papa
2774 1669 3039 1739 moritur,
3066 1674 3121 1725 et
3144 1673 3282 1742 dux,
3319 1677 3376 1729 et
3395 1691 3504 1731 rex

118 1753 237 1807 XLI.
265 1754 460 1808 Comes
492 1756 791 1826 Rogerius
824 1772 956 1809 cum
988 1754 1336 1810 Sarracenis
1370 1757 1686 1825 praeliatur.
1911 1754 2259 1824 Anglorum.
3230 1754 3239 1757 ⁷

118 1841 259 1895 XLII.
289 1842 574 1898 Columbae
608 1845 883 1897 Panormi
916 1860 1060 1898 suos
1087 1846 1277 1899 victos
1307 1846 1591 1900 nuntiant.
1834 1841 2008 1908 XLII,
2046 1841 2342 1913 Roget-ius
2376 1842 2495 1896 dux
2527 1843 2801 1898 efﬁcitur.

116 1929 277 1984 XLIII.
306 1932 425 1985 Dux
455 1933 674 1986 auxilio
708 1934 938 1986 comitis
974 1934 1213 2003 Rogerii
1246 1935 1460 1988 Barum
1490 1936 1662 2006 capit.

1978 1930 2370 1984 INCIPIUNT
2396 1932 2777 1986 CAPITULA
2810 1934 3011 1989 LIBRI
3046 1936 3353 2001 QUARTI.

115 2018 277 2072 XLIV.
309 2020 554 2091 Scyllum
588 2022 722 2075 duci
755 2022 1186 2076 reconciliatur.
1835 2019 1875 2071 Ι.
1912 2019 2201 2073 Benarvet
2228 2020 2533 2073 Nicotrum
2566 2025 2773 2075 vastat.

111 2105 252 2160 XLV.
286 2108 601 2163 Panormus
635 2112 879 2179 capitur.
1834 2109 1902 2161 II.
1934 2108 2146 2162 Comes
2180 2125 2312 2161 cum
2344 2108 2636 2163 Benarvet
2666 2112 3070 2181 congreditur.

111 2194 275 2248 XLVI.
304 2196 458 2250 Serlo
487 2199 794 2253 occiditur.
1832 2197 1928 2249 IlI.
1964 2197 2163 2250 Pisani
2195 2196 2456 2251 Africam
2494 2204 2852 2271 oppugnant,
2887 2204 2942 2254 et
2992 2203 3186 2256 comiti
3237 2206 3496 2261 retinen-

221 2283 597 2341 INCIPIUNT
632 2286 1012 2341 CAPITULA
1054 2288 1260 2344 LIBRI
1300 2291 1576 2346 TERTII.
1903 2286 2035 2338 dam
2068 2284 2337 2339 offerunt.

110 2371 142 2423 Ι.
168 2373 312 2441 Apud
343 2376 748 2430 Paternionem
780 2381 836 2430 ct
865 2377 1174 2431 Mazariam
1205 2380 1444 2433 castella
1478 2380 1644 2435 ﬁunt.
1833 2373 1926 2427 IV.
1955 2374 2253 2444 Rogcrius
2282 2375 2418 2444 dux,
2451 2378 2506 2429 et
2528 2376 2907 2430 Boamundus
2928 2378 3060 2448 ejus
3084 2378 3265 2434 frater
3285 2397 3496 2437 recon-

108 2458 159 2512 ΙΙ.
188 2460 522 2518 Guiscardus
554 2464 865 2520 Salernum
897 2466 1148 2520 obsidet.
1903 2462 2195 2517 ciliantul‘.

107 2546 183 2601 III.
212 2549 480 2605 Malfetani
515 2570 651 2606 cum
682 2554 830 2608 duce
861 2570 1063 2624 pacem
1096 2555 1334 2610 faciunt.
1833 2552 1901 2607 V.
1934 2552 2147 2606 Comes
2180 2553 2571 2624 Agrigentum
2605 2553 2837 2608 obsidet
2868 2559 2923 2609 et
2954 2557 3126 2626 capit.

106 2635 181 2690 IV.
209 2637 493 2695 Salernum
525 2642 779 2697 deditur.
1832 2639 1928 2693 VI.
1963 2639 2210 2695 Chamut
2252 2642 2626 2696 Christianus
2658 2644 2737 2709 ﬁt,
2771 2642 3321 2702 Castrum-Joannis
3352 2649 3490 2703 red-

106 2723 155 2776 V.
184 2727 368 2783 Comes
404 2731 706 2802 Rogcrius
737 2732 1172 2803 Abagelardum
1204 2735 1357 2804 apud
1389 2735 1447 2789 S.
1483 2735 1719 2790 Severi-
1902 2730 2075 2784 ditur.
2105 2784 2110 2789 .

154 2830 263 2868 nam
294 2819 544 2873 obsidet.
1432 2876 1443 2883 ,
1831 2820 1948 2873 VII.
1982 2820 2195 2873 Comes
2228 2819 2543 2889 episcopos
2576 2835 2681 2890 per
2706 2820 2964 2874 Siciliam
2996 2822 3245 2879 ordinat.

100 2901 174 2956 Vl.
196 2905 311 2959 Dux
340 2906 395 2961 S.
428 2909 775 2963 Severinam
810 2911 1377 2982 recuperat.-Castro
1410 2913 1468 2967 S.
1506 2914 1719 2985 Agadii
1827 2908 1977 2962 VIII.
2012 2910 2137 2962 Rex
2170 2908 2533 2962 Francorum
2559 2908 2862 2980 Philippus
2886 2911 3065 2965 ﬁliam
3086 2913 3320 2968 comitis
3343 2930 3490 2970 uxo-

153 2991 252 3047 dux
279 2996 714 3068 Abagelardum
746 2999 998 3054 obsidet.
1894 3012 2017 3050 rem
2050 2998 2286 3067 expetit.

99 3079 191 3133 Vll.
215 3082 410 3140 Comes
443 3087 744 3158 Hogerius
779 3089 835 3141 in
868 3092 1062 3144 monte
1107 3088 1465 3145 Calataxibet
1498 3094 1714 3147 castel-
1823 3086 1919 3139 ΙΧ·
1954 3085 2179 3139 Mihel‘a
2211 3085 2420 3138 Maiam
2452 3085 2644 3139 inifat-

150 3170 249 3225 lum
281 3174 427 3229 facit.
1821 3176 1892 3229 X.
1928 3174 2307 3228 Boamundus
2340 3173 2662 3228 Cusentum
2696 3175 2984 3245 pervadit.

95 3256 213 3313 VIII.
243 3262 491 3318 Africani
522 3264 829 3319 Nicotrum
864 3265 1194 3321 destruunt.
1751 3313 1789 3321 η
1819 3266 1898 3318 XI
1932 3264 2153 3318 Mihera
2188 3263 2513 3317 monachus
2546 3264 2627 3317 fit.

91 3346 166 3399 IX.
643 3313 1332 3411 VIII-awz-a-ri‘ahi'vi‘ncuhtur.
1744 3313 1791 3369 Ο
1819 3354 1945 3408 XII.
1980 3353 2254 3407 Buteram
2291 3368 2492 3407 comes
2525 3351 2775 3407 obsidet.

92 3434 149 3489 X.
175 3437 328 3511 Hugo
359 3441 428 3496 de
460 3441 670 3496 Gircea
699 3443 852 3513 apud
871 3443 1146 3498 Catanam
1180 3446 1485 3501 occiditur.
1820 3443 1971 3497 XIII.
2004 3444 2162 3513 Papa
2193 3442 2471 3497 Urbanus
2503 3442 2701 3496 comiti
2730 3443 2988 3498 locutum
3011 3445 3069 3500 in
3090 3445 3351 3502 Siciliam
3380 3464 3479 3504 ve-

90 3523 151 3577 XI
176 3527 402 3585 Trablas
435 3531 793 3586 obsessione
824 3532 896 3585 ad
928 3533 1280 3588 deditionem
1311 3537 1562 3609 cogitur.
1891 3534 1993 3587 Dit-

88 3613 184 3669 XII.
213 3617 724 3675 Castrum-novum
761 3622 954 3674 comiti
986 3622 1324 3678 traderetur.
1815 3622 1969 3677 XIV.
2003 3621 2217 3677 Comes
2248 3620 2589 3674 Adelaidam
2613 3621 2672 3673 in
2704 3636 2949 3676 uxorem
2980 3623 3157 3677 ducit.

84 3702 206 3759 XIII.
239 3707 474 3762 Michael
511 3709 829 3777 imperator
859 3709 930 3763 ad
963 3710 1172 3765 ducem
1205 3713 1382 3767 venit.
1818 3711 1943 3766 XV.
1980 3710 2278 3764 Notenses
2306 3710 2502 3762 comiti
2534 3710 3008 3766 reconciliantur.

87 3789 211 3847 XIV.
242 3795 365 3849 Dux
396 3798 656 3852 classem
688 3801 841 3868 aptat
869 3815 1081 3853 versus
1112 3800 1418 3857 Graeciam.
1815 3800 1967 3853 XVI.
2001 3801 2214 3854 Comes
2245 3798 2479 3852 Maltam
2507 3797 2685 3853 vadit.

83 3880 182 3935 XV.
212 3883 412 3940 Comes
442 3886 903 3941 Tauromenium
934 3889 1183 3944 obsidet.
1812 3888 1991 3943 XVII.
2028 3888 2158 3941 Dux
2189 3890 2245 3941 et
2276 3902 2476 3940 comes
2506 3886 2829 3941 Cusentum
2860 3888 3111 3959 capiunt.

82 3968 205 4024 XVI.
236 3973 569 4029 Evisandus
601 3992 708 4046 pro
739 3976 948 4032 comite
982 3979 1290 4034 occiditur.
1814 3976 2019 4030 XVIII.
2054 3975 2350 4029 Jordanus
2382 3974 2544 4028 obiit.

82 4056 232 4115 XVII.
263 4061 478 4118 Golafri
515 4064 586 4117 ab
619 4064 817 4119 Africa
850 4067 961 4120 sud
1007 4067 1360 4124 Toromenio
1402 4069 1517 4124 visi
1545 4073 1703 4126 sunt.
1814 4065 1969 4119 XIX.
2003 4064 2205 4118 Simon
2236 4062 2518 4117 ηθεοίῑυῐκ

78 4144 247 4204 XVIII.
280 4152 735 4208 Tauromenium
767 4156 1010 4225 capitur.
1815 4156 1941 4211 XX.
1978 4155 2108 4208 Dux
2142 4154 2440 4224 Rogerius
2471 4152 2813 4208 inﬁrmatur.

78 4234 208 4292 XIX.
239 4239 507 4297 Ecclesia
537 4242 768 4297 Trainae
803 4244 1098 4299 fundatur.
1814 4245 1968 4299 XXI.
2002 4243 2350 4299 Guilielmus
2382 4242 2453 4295 de
2482 4240 2800 4296 Grantavul
2834 4243 3166 4296 liossanam
3196 4243 3386 4298 intrat.

78 4319 183 4378 XX.
212 4326 497 4383 Jaccnses
529 4334 584 4383 et
615 4327 905 4385 Cinenses
938 4347 1139 4386 comes
1174 4335 1424 4390 obsidet.
1812 4334 1996 4388 XXII.
2034 4334 2163 4387 Dux
2194 4336 2248 4386 et
2281 4347 2481 4384 comes
2511 4329 2702 4383 Castri
2737 4329 2932 4383 villam
2963 4330 3256 4385 obsident.

76 4409 206 4468 XXI.
239 4416 494 4472 Eosdem
524 4416 693 4487 capit.
1810 4422 2017 4477 XXIII.
2050 4421 2263 4476 Comes
2286 4420 2461 4473 ﬁliam
2483 4419 2601 4474 ﬁlio
2625 4418 2996 4489 imperatoris
3017 4419 3475 4477 Alamannorum

75 4498 223 4558 XXII.
253 4505 464 4561 Comes
499 4507 676 4560 filiam
710 4523 876 4562 suam
919 4510 1117 4564 comiti
1148 4511 1479 4568 Provinciae
1524 4514 1700 4569 dedit.
1881 4511 2057 4565 dedit.

76 4587 255 4648 XXIII.
286 4594 531 4651 Castum
563 4596 905 4667 conjugium
938 4598 1224 4654 laudatur.
1738 4665 1751 4667 4
1809 4600 2020 4655 XXIV.
2056 4602 2186 4655 Dux
2218 4604 2273 4655 et
2302 4616 2504 4656 comes
2537 4599 2772 4655 Melfam
2800 4602 3144 4657 obsessumt
3173 4600 3410 4656 vadunt.

73 4677 250 4736 XXIV.
285 4685 413 4738 Dux
448 4665 794 4739 Romaniam
825 4688 1000 4741 vadit.
1719 4665 1775 4728 D
1808 4690 1992 4745 XXV.
2029 4691 2157 4745 Rex
2204 4691 2577 4763 Ungarorum
2609 4690 2788 4745 filiam
2832 4691 3075 4746 Comitis
3122 4691 3179 4744 in
3226 4705 3469 4745 uxorem

74 4765 225 4825 XXV.
260 4773 387 4827 Dux
421 4773 738 4828 Duracium
769 4775 1023 4831 obsidet.
1882 4782 2055 4850 capit.

68 4855 245 4915 XXVI.
277 4862 410 4917 Dux
442 4877 577 4917 eum
601 4862 940 4919 Venetianis
965 4866 1238 4923 bellatur.
1806 4870 2013 4925 XXVI.
2045 4869 2258 4925 Comes
2288 4868 2547 4940 Capuam
2578 4870 2811 4925 obsidet
2840 4886 2974 4924 cum
3005 4869 3154 4924 duce
3208 4869 3467 4941 Rogerio

69 4943 273 5004 XXVII.
310 4952 446 5008 Dux
477 4968 612 5007 cum
641 4953 993 5023 imperatore
1022 4958 1345 5026 praeliatur.
1880 4962 1935 5013 et
1964 4959 2228 5028 principe
2264 4959 2536 5013 Ricardo.

68 5031 299 5095 XXVIII.
333 5042 472 5095 Dux
504 5042 827 5097 Duracium
862 5045 1033 5114 capit.
1810 5047 2048 5101 XXVII.
2071 5048 2349 5102 Urbanus
2368 5063 2513 5118 papa
2531 5047 2603 5101 ad
2625 5048 2792 5118 ipsos
2820 5046 3068 5102 tendens
3086 5061 3288 5117 pacem
3312 5061 3473 5101 com-

65 5121 248 5182 XXIX.
284 5129 414 5184 Dux
446 5129 775 5185 Castoriam
806 5135 977 5203 capit.
1882 5152 2101 5206 ponere
2131 5137 2351 5191 nititur.

64 5211 228 5271 XXX.
260 5220 564 5274 Bennavet
579 5221 888 5277 traditione
909 5224 1183 5278 Catanam
1209 5225 1405 5297 intrat,
1440 5230 1493 5283 et
1525 5230 1700 5299 paulo
1811 5226 2071 5280 XXVIII.
2105 5226 2297 5295 Capua
2334 5224 2577 5295 capitur,
2610 5228 2667 5280 et
2714 5224 2964 5295 principi
2998 5225 3251 5281 Ricardo
3283 5226 3467 5281 resti~

120 5312 241 5371 post
272 5326 304 5362 a
335 5311 561 5365 nostris
592 5316 992 5380 recuperatur.
1879 5315 2078 5369 tuitur.

61 5389 683 5470 XXXl.Angelmartus
700 5402 852 5471 apud
875 5401 1184 5458 Geracium
1208 5409 1409 5461 contra
1428 5409 1699 5464 comitem
1804 5405 2013 5459 XXIX.
2048 5404 2328 5459 Urbanus
2370 5419 2514 5474 papa
2558 5402 2912 5474 legationem
2952 5403 3170 5460 Siciliae
3202 5408 3258 5460 et
3289 5404 3465 5460 Cala-

122 5483 388 5560 insurgit.
1876 5493 2021 5549 briae
2054 5495 2252 5548 comiti
2283 5492 2570 5547 concedit.

316 5794 575 5856 Pan-non.
607 5797 867 5859 CXLIX.
3043 5794 3113 5852 35
