3982 6164
392 372 545 438 1099

1123 364 1559 431 GAUFREDI
1604 364 2165 427 MALATERRIE
2208 363 2594 427 MONACHI
2640 362 3080 428 BENEDICT.

3643 368 3775 433 1100

2253 550 3766 573 Ἥ

1142 727 1457 790 INCIPIT
1500 725 1905 789 EPISTOLA
1951 725 2366 787 RELIGIOSI
2411 726 2585 789 VIBI
2629 724 3058 789 GAUFREDI

1667 925 1855 969 ΒΕΑΤΙ
1888 924 2228 971 BENEDICTI
2261 925 2555 972 MONACHI

811 1093 1122 1148 Destinata
1155 1092 1228 1147 ab
1261 1090 1462 1147 eodem
1493 1090 1568 1145 ad
1605 1089 2006 1147 venerabilem
2038 1089 2284 1145 Patrem
2316 1091 2608 1146 dominum
2644 1093 3038 1148 Catanensem
3070 1095 3418 1170 episeOpum.

470 1442 662 1495 Beatae
703 1440 1003 1493 memoriae
1062 1438 1326 1492 GEORGIO
1384 1436 1687 1511 [Ansgrio]
1750 1436 2063 1491 Catanensi
2090 1418 2151 1480 Α
2181 1438 2297 1490 niti
2309 1438 2586 1507 decet,ne
2610 1439 3811 1515 vitamsilentiotranseatqumnodOpecora,

399 1534 699 1600 episeopo,
734 1530 912 1582 frater
932 1528 1310 1597 GAUFREDUS,
1346 1527 1417 1580 ab
1449 1526 1930 1580 antecessoribus
1952 1526 2068 1578 Ma-

399 1621 621 1674 laterra
654 1632 943 1687 agnomen
996 1617 1255 1684 trahens,
1300 1616 1519 1670 infelici
1564 1632 1743 1669 cursu
1776 1614 2068 1669 mundano

410 1726 543 1763 cum
571 1707 797 1760 Martha
845 1706 1064 1774 habito,
1101 1706 1172 1758 ad
1226 1705 1557 1758 felicitatem
1604 1705 1818 1774 quietis
1873 1703 2071 1759 Mariae

406 1813 537 1852 cum
572 1798 793 1849 Lazaro
828 1794 990 1847 fratri
1023 1794 1387 1847 resuscitari.

474 1886 979 1954 Quandoquidem,
1008 1883 1386 1937 sanctissime
1410 1883 1601 1950 Pater,
1627 1884 1875 1953 quadam
1902 1898 2074 1951 pecu-

404 1976 535 2028 liari
568 1974 960 2027 familiaritate
992 1989 1023 2025 a
1047 1976 1279 2025 creteris
1312 1971 1632 2040 episcopis,
1668 1972 1767 2041 qui
1796 1975 2077 2041 quantum

407 2065 477 2117 ad
498 2064 782 2127 habitum,
806 2062 1047 2115 alterius
1068 2060 1449 2114 institutionis
1469 2076 1605 2113 esse
1623 2061 2081 2131 prmﬁgurantur

405 2151 613 2206 habitu
644 2150 955 2221 religionis
988 2167 1102 2220 quo
1145 2150 1571 2219 concingimur,
1607 2149 1876 2218 quamvis
1923 2150 2078 2202 indi-

408 2257 587 2312 gnus,
615 2240 787 2293 vobis
818 2254 907 2292 me
933 2239 1086 2291 uniri
1109 2253 1434 2308 cognosco,
1469 2237 1747 2306 peculiari
1771 2238 1940 2291 etiam
1973 2254 2079 2307 spe

408 2345 440 2383 a
475 2328 710 2382 caeteris
735 2329 805 2381 de
839 2328 1010 2380 vobis
1034 2342 1407 2395 praesumens
1434 2326 1617 2392 fruor,
1639 2328 1694 2379 et
1723 2342 1831 2380 vos
1862 2326 2001 2379 mihi
2023 2327 2081 2380 in

409 2418 684 2471 omnibus
716 2416 971 2488 negotiis
1003 2417 1252 2468 tutorem
1286 2430 1567 2483 exposco.
1588 2414 1704 2467 Per
1724 2431 1831 2467 vos
1862 2415 2080 2485 itaque,

408 2508 510 2559 aut
540 2505 748 2558 saltem
795 2506 993 2557 vestra
1016 2504 1331 2572 praesentia
1373 2502 1588 2556 librum
1626 2504 1780 2556 hunc
1827 2505 2086 2572 reputari

412 2594 746 2662 expostulo,
806 2594 868 2645 ut
906 2596 1124 2644 vestrae
1169 2592 1534 2645 auctoritatis
1579 2590 1780 2645 favore
1831 2592 2089 2661 principi

414 2682 745 2753 gratiosior
776 2680 896 2749 ﬁat,
920 2682 1011 2733 vel
1033 2680 1105 2733 ab
1139 2680 1388 2747 aemulis,
1416 2681 1467 2733 si
1502 2680 1650 2733 forte
1680 2680 1858 2750 aliqui
1892 2682 2085 2734 insur-

2177 1540 2297 1597 qucc
2312 1534 2520 1580 natura
2530 1542 2714 1598 prona
2738 1530 3044 1599 rentrique
3058 1530 3396 1586 obedientia
3411 1532 3814 1589 ﬁnxit.Talibus

2177 1614 2425 1667 edoctus
2457 1616 2826 1681 auctoribus,
2862 1617 2979 1670 sibi
3012 1622 3274 1672 veterum
3304 1619 3587 1674 historias
3609 1621 3816 1674 recitan-

2179 1703 2359 1771 tibus,
2397 1703 2839 1757 famosissimus
2862 1706 3143 1776 princeps
3172 1708 3472 1778 Rogerius
3519 1709 3816 1763 laboriosos

2179 1796 2234 1845 et
2289 1808 2405 1845 non
2462 1793 2592 1846 sine
2642 1809 2856 1864 magno
2906 1795 3248 1849 discrimine
3296 1797 3626 1866 triumphos
3672 1815 3808 1863 suos,

2181 1881 2433 1950 qualiter
2495 1882 2769 1935 videlicet
2808 1884 3000 1952 primo
3050 1883 3401 1954 Calabriam,
3447 1886 3651 1940 deinde
3701 1903 3817 1941 vero

2182 1968 2445 2022 Siciliam
2479 1974 2701 2023 armata
2736 1986 2910 2023 manu
2933 1972 3069 2042 subj
3079 1974 3369 2042 ugaverit,
3394 1976 3647 2044 posteris
3664 1977 3819 2028 consi-

2179 2056 2262 2109 lio
2296 2073 2542 2111 suorum
2578 2059 2854 2112 mandare
2888 2060 3237 2129 decernens,
3271 2062 3417 2116 mihi
3459 2066 3521 2116 ut
3548 2064 3615 2116 ad
3670 2063 3818 2134 hujus

2183 2147 2381 2216 operis
2414 2147 2675 2201 laborem
2708 2149 3048 2203 dictandum
3080 2152 3383 2222 accingar,
3434 2152 3695 2223 injunxit.
3723 2152 3815 2207 Sed

2184 2234 2321 2305 quia
2351 2236 2724 2305 praecedente
2758 2237 2815 2290 in
2841 2254 2933 2291 me
2965 2238 3253 2293 beneficio
3284 2257 3418 2302 suo,
3455 2241 3722 2312 quidquid
3746 2241 3819 2294 in-

2181 2324 2378 2395 junxit
2395 2340 2614 2394 negare
2638 2341 2887 2396 nequeo,
2909 2327 3103 2381 minus
3127 2329 3354 2382 erudito
3378 2331 3552 2399 style,
3575 2334 3628 2383 et
3652 2331 3821 2382 enervi

2188 2413 2445 2481 poetria,
2522 2414 2695 2484 quasi
2764 2414 2957 2468 lacum
3024 2415 3561 2485 profundissimum
3624 2418 3821 2471 natandi

2190 2502 2451 2566 nescius,
2500 2502 2741 2555 timidus
2792 2503 3096 2574 ingredior
3146 2520 3157 2558 :
3202 2520 3437 2576 vosque
3489 2510 3823 2576 vestramque

2193 2590 2509 2644 adversum
2523 2607 2613 2644 me
2630 2591 3092 2663 indignationem
3105 2592 3422 2662 plurimum
3437 2595 3824 2664 pertimescens

2193 2679 2527 2748 praasertim
2548 2695 2681 2733 cum
2699 2696 2807 2733 vos
2840 2680 3251 2750 limpidissimo
3276 2683 3442 2736 fonte
3466 2684 3825 2755 grammatica:

411 2773 571 2841 gant,
606 2769 679 2823 ob
704 2770 1093 2822 reverentiam
1126 2767 1330 2836 vestri,
1353 2769 1548 2821 minus
1572 2769 1897 2822 remorderi
1930 2786 2083 2838 prae-
2113 2783 2167 2845 Β
2195 2769 2339 2821 artis
2369 2767 2691 2835 debriatos,
2728 2784 2845 2822 non
2875 2774 3069 2823 autem
3098 2785 3210 2837 me,
3245 2770 3384 2824 talis
3419 2772 3676 2825 scientia}
3702 2786 3823 2839 pane

415 2860 701 2912 sumatur.
738 2857 1051 2911 Sciendum
1073 2860 1268 2910 tamen
1289 2857 1461 2911 vobis
1486 2861 1575 2911 est
1606 2858 1735 2911 sive
1759 2858 1924 2911 alteri
1957 2859 2082 2928 qui-

415 2962 645 3017 cunque
694 2946 827 3000 libri
876 2946 1058 3016 hujus
1108 2946 1388 2999 recitator
1437 2946 1529 2999 vel
1579 2950 1734 2999 certe
1790 2946 2083 3016 interpres

417 3036 765 3101 accesserit,
800 3035 853 3087 si
884 3035 1165 3103 seriatim,
1200 3036 1396 3089 minus
1439 3036 1723 3104 ordinate,
1758 3036 2083 3091 secundum

412 3128 675 3194 tempore
698 3123 915 3194 quibus
941 3124 1090 3177 facta
1109 3126 1247 3177 sunt
1278 3139 1410 3193 quae
1429 3124 1781 3178 adnotantur
1802 3124 1893 3177 vel
1928 3128 2084 3179 certe

416 3214 609 3284 aliqua
640 3213 935 3267 oblivione
953 3216 1387 3283 praetergressa
1412 3213 1773 3282 repereritis,
1808 3230 1925 3268 non
1956 3213 2085 3267 haec

415 3303 533 3354 tam
565 3300 707 3353 mihi
739 3315 912 3370 quam
953 3300 1306 3353 relatoribus
1355 3300 1641 3368 culpando
1687 3301 2081 3369 ascribantur,

415 3389 753 3459 praesertim
786 3404 917 3442 cum
948 3388 1019 3441 de
1052 3388 1199 3457 ipsis
1225 3389 1588 3457 temporibus
1620 3390 1835 3458 quibus
1869 3389 2086 3443 ﬁebant

417 3476 872 3548 prmsentialitcr
900 3491 1017 3528 non
1048 3475 1473 3543 interfuissem,
1500 3476 1605 3529 sed
1636 3492 1667 3527 a
1698 3479 2087 3531 transmonta-

420 3566 513 3620 nis
544 3565 812 3634 partibus
836 3564 1188 3631 venientem,
1211 3563 1443 3617 noviter
1459 3564 1710 3632 Apulum
1730 3564 1967 3635 factum,
1992 3568 2086 3621 vel

421 3655 580 3708 certe
617 3652 878 3707 Siculum
902 3652 973 3705 ad
1002 3652 1238 3721 plenum
1263 3653 1665 3723 cognoscatis.
1701 3653 1762 3705 Si
1794 3659 1985 3707 autem
2017 3655 2087 3709 de

422 3741 716 3795 incultiori
772 3740 1031 3811 poetrica
1081 3740 1333 3810 quaestio
1396 3740 1588 3810 fuerit,
1642 3744 1949 3797 sciendum
1999 3746 2090 3798 est

422 3829 718 3901 quoniam,
768 3828 999 3883 etiamsi
1042 3834 1204 3883 esset
1247 3829 1400 3883 unde
1441 3830 1738 3901 limpidius
1782 3834 1879 3886 aut
1926 3835 2087 3887 certe

420 3918 769 3990 pomposius
785 3921 1052 3972 eructare
1075 3918 1423 3988 potuissem,
1448 3920 1573 3989 ipsa
1590 3919 2087 3991 principisjussio

421 4009 495 4063 ad
527 4009 639 4062 hoc
687 4007 914 4061 hortata
960 4011 1050 4061 est
1080 4010 1142 4061 ut
1185 4008 1359 4077 plano
1392 4024 1670 4063 sermone
1714 4012 1770 4063 et
1817 4010 1975 4064 facili
2020 4012 2091 4066 ad

2188 2855 2459 2926 jejunum
2489 2857 2562 2909 ad
2594 2856 2707 2910 tale
2729 2873 2880 2927 opus
2909 2858 3141 2930 accingi
3162 2861 3483 2929 opportuit.
3508 2860 3619 2915 Sed
3649 2859 3827 2930 praedi-

2193 2946 2323 2997 ctus
2344 2945 2622 3014 princeps
2644 2961 2754 2999 vos
2784 2934 3114 3016 majoribus
3135 2948 3490 3003 utilitatibus
3521 2951 3823 3018 occupatos,

2189 3032 2481 3087 interdum
2512 3033 2786 3088 videlicet
2820 3034 3221 3089 Ecclesiarum
3252 3038 3419 3090 curis
3452 3054 3582 3092 cum
3613 3036 3824 3095 Martha.

2189 3121 2479 3175 interdum
2500 3138 2638 3176 vero
2656 3122 2844 3177 beatae
2865 3124 3341 3193 contemplationi
3359 3142 3495 3179 cum
3511 3126 3682 3180 Maria
3698 3127 3827 3178 insu-

2188 3210 2398 3264 dantes
2429 3226 2827 3282 cognoscens,
2871 3212 3064 3278 vobis,
3099 3228 3170 3267 ne
3204 3229 3236 3265 a
3270 3214 3517 3269 meliore
3557 3212 3824 3285 proposito

2186 3314 2298 3353 vos
2329 3302 2586 3368 revocet,
2622 3301 2824 3369 parcit.
2870 3300 2961 3354 Me
3007 3316 3172 3370 vero,
3206 3302 3379 3372 quasi
3428 3304 3740 3368 vacantem,
3782 3306 3825 3352 et

2193 3387 2335 3441 nulli
2368 3389 2644 3441 exercitio
2680 3388 2959 3457 deditum,
2997 3390 3244 3460 quadam
3301 3406 3482 3444 manu
3513 3387 3827 3461 pulsationis

2188 3475 2625 3547 vigilantiorcm
2654 3478 2900 3531 reddere
2935 3479 3167 3549 satagit.
3204 3478 3378 3550 Rogo
3410 3487 3605 3551 itaque
3633 3494 3751 3545 vos,
3780 3479 3827 3530 ut

2190 3580 2483 3619 memores
2507 3564 2830 3636 Scripturae
2852 3566 3103 3621 dicentis
3129 3584 3139 3621 :
3168 3567 3435 3622 Invicem
3459 3584 3636 3623 onera
3662 3572 3827 3620 vestra

2184 3660 2456 3726 portate:
2493 3660 2551 3708 et
2573 3655 2662 3709 sic
2692 3655 3099 3726 adimplebitis
3121 3655 3313 3727 legem
3352 3652 3828 3725 Clzristi;etquod

2190 3743 2329 3797 alibi
2359 3743 2602 3797 dicitur:
2636 3743 2858 3798 Frater
2879 3744 3131 3799 fratrem
3155 3744 3455 3815 adjuvans
3479 3745 3645 3799 ambo
3664 3757 3831 3798 conso-

2192 3831 2434 3885 lantur:
2497 3832 2567 3885 ad
2622 3832 2814 3886 debile
2861 3848 3100 3888 carmen
3154 3840 3351 3888 meum
3411 3832 3830 3889 sustentandum

2190 3920 2398 3991 pedem
2428 3921 2612 3975 vestri
2644 3921 2866 3976 favoris
2905 3922 3226 3994 porrigetis
3262 3940 3273 3976 :
3311 3925 3377 3977 ut
3409 3924 3615 3994 clypeo
3644 3924 3830 3975 vestra

2193 4010 2560 4063 auctoritatis
2582 4010 2840 4064 munitus
2859 4010 3140 4064 incursus
3164 4011 3620 4079 detrahentium,
3654 4014 3705 4064 et
3737 4007 3831 4063 ini-

420 4097 886 4169 intelligendum,
938 4113 1052 4168 quo
1096 4101 1159 4150 ut
1203 4097 1478 4152 omnibus
1524 4097 1759 4153 facilius
1804 4100 2088 4171 quidquid
2123 4162 2165 4171 _
2192 4099 2345 4153 mico
2377 4098 2549 4153 dente
2581 4098 2829 4152 aliorum
2871 4099 3043 4168 dicta,
3076 4099 3167 4153 vel
3202 4099 3355 4153 facta
3386 4100 3601 4155 rodere
3633 4103 3832 4153 tentan-

420 4188 716 4241 diceretur
759 4188 1107 4256 patesceret,
1161 4202 1486 4241 exararem.
1538 4187 1665 4259 Ego
1719 4188 1899 4259 igitur
1960 4190 2087 4244 sive
2115 4162 2167 4224 Ο
2194 4188 2335 4241 tium
2364 4188 2558 4240 minus
2604 4187 3037 4256 pertimescam.
3078 4187 3227 4242 Sunt
3255 4189 3411 4242 enim
3460 4189 3709 4260 quidam,
3750 4183 3835 4255 qui

419 4276 580 4331 istud
614 4276 741 4330 sive
772 4275 914 4330 illud
965 4279 1310 4346 opponatur,
1356 4275 1467 4330 sub
1512 4276 1857 4331 umbraculo
1905 4278 2091 4332 vestri
2193 4292 2325 4330 cum
2355 4276 2607 4346 alicujus
2641 4276 2905 4330 scientiae
2937 4275 3159 4348 gradus
3211 4280 3512 4348 utcunque
3544 4274 3831 4346 attigerint,

421 4366 721 4419 tutaminis
744 4365 1038 4436 refugium
1062 4368 1292 4434 expeto,
1315 4368 1395 4433 ut,
1417 4368 1573 4419 tanto
1591 4366 1807 4420 auxilio
1831 4367 2088 4436 innixus,
2192 4367 2248 4418 et
2293 4364 2503 4418 exinde
2556 4365 2827 4418 humanae
2859 4364 3050 4418 laudis
3101 4365 3364 4419 favorem
3400 4366 3595 4435 adepti
3626 4362 3834 4427 fuerint,

422 4454 659 4508 inimico
686 4454 862 4513 dente
893 4454 1163 4508 mordere
1197 4455 1546 4508 attentantes
1588 4455 1781 4508 minus
1814 4456 2090 4525 pertime-
2190 4454 2432 4507 tumenti
2466 4453 2789 4522 supercilio
2812 4457 2966 4507 tanta
2996 4453 3211 4507 invidia
3228 4456 3655 4525 surpert‘luunt,
3678 4456 3831 4504 utne-

424 4558 607 4614 scam,
637 4546 694 4596 et
713 4542 999 4612 principis
1022 4543 1210 4596 nostri
1233 4544 1660 4596 sustentamine
1691 4542 1873 4597 fruar.
2189 4543 2405 4595 minem
2440 4543 2553 4595 sibi
2585 4543 2799 4596 litteris
2832 4542 3305 4613 aaquipollcntem
3347 4559 3421 4597 ex
3452 4542 3713 4613 proximo
3745 4537 3833 4591 ha-

491 4630 802 4700 Omnibus,
836 4631 1052 4701 quibus
1076 4647 1181 4701 per
1208 4631 1543 4685 universam
1567 4632 1824 4685 Siciliam
1859 4634 2087 4703 episco-
2187 4630 2331 4685 bere
2363 4631 2562 4685 velint.
2599 4631 2699 4685 Sin
2733 4635 2927 4685 autem
2966 4646 3070 4686 eos
3102 4631 3320 4685 habere
3362 4630 3676 4701 contigerit
3703 4639 3829 4695 opus

420 4722 551 4791 pale
599 4721 694 4775 vel
739 4720 1010 4773 clericale
1070 4736 1283 4773 nomen
1341 4721 1700 4791 assignatur,
1754 4721 2088 4776 Gaufredus
2188 4719 2464 4786 alienum,
2497 4720 2856 4774 detrahendo
2902 4719 3164 4773 mordaci
3194 4720 3369 4774 dente
3429 4721 3699 4789 appetere
3734 4726 3829 4766 non

420 4810 753 4879 Malaterra,
793 4825 927 4862 eum
959 4808 1364 4878 assignatione
1391 4810 1667 4877 nominis,
1704 4813 1759 4863 et
1788 4810 2087 4882 significa-
2188 4809 2482 4863 desistunt
2511 4808 2754 4863 alterius
2798 4808 2971 4863 laude
3002 4824 3170 4862 suam
3200 4809 3382 4862 minui
3422 4809 3704 4862 timentes.
3738 4802 3829 4855 His

422 4902 562 4953 tum.
596 4898 986 4968 Antiquorum
1020 4898 1507 4967 philosophorum
1530 4898 1841 4952 traditione
1874 4899 2088 4954 futurae
2189 4899 2589 4968 competenter
2619 4898 2919 4968 assignari
2954 4900 3149 4967 potest
3178 4897 3318 4950 illud
3364 4896 3702 4966 Scriptura},
3732 4904 3826 4962 qua

419 4988 765 5059 propaginis
796 4987 1067 5040 humanae
1092 5003 1218 5040 mos
1241 4986 1483 5041 inolevit
1504 4987 1740 5041 fOrtium
1764 4988 1913 5041 facta
1934 4988 2088 5043 viro-
2187 4986 2403 5040 dicitur
2428 5002 2439 5041 :
2466 4986 2734 5040 Scientia
2757 4986 2947 5055 inflat;
2975 4986 3077 5040 sed
3103 5002 3219 5039 non
3244 4985 3634 5057 subsequitur
3649 4983 3700 5036 in
3719 4981 3821 5034 eis:

420 5070 572 5144 rum,
606 5076 873 5145 apicibus
906 5075 1200 5141 adnotata,
1251 5075 1321 5129 ad
1358 5078 1630 5145 posteros
1661 5077 2084 5145 transmittere,
2188 5073 2742 5129 cliaritasaediﬁcat.
2762 5075 2991 5128 Adsunt
3006 5074 3103 5127 alii
3122 5072 3832 5145 econtra,quorumscien~

420 5181 493 5219 ne
524 5167 676 5220 facta
706 5166 1082 5221 memoranda
1102 5182 1235 5218 cum
1268 5164 1413 5234 ipsis
1437 5181 1469 5217 a
1491 5165 1708 5235 quibus
1734 5166 1876 5219 fiunt
1909 5166 2086 5220 silen-
2187 5165 2263 5219 tia
2295 5167 2350 5219 et
2381 5180 2577 5218 mores
2600 5163 2765 5233 ipsos
2789 5164 2847 5216 in
2870 5166 3088 5218 tantum
3122 5162 3453 5231 nobilitant,
3487 5164 3549 5215 ut
3576 5161 3824 5231 quantum

418 5250 497 5307 tio
531 5253 846 5322 depereant
887 5255 991 5309 sed
1034 5255 1228 5323 potius
1279 5254 1353 5306 ita
1401 5253 1613 5307 litteris
1660 5255 2082 5319 commendata,
2185 5255 2318 5324 plus
2363 5252 2774 5323 philosophico
2820 5253 2978 5307 fonte
3028 5253 3389 5320 debriantur,
3440 5253 3596 5304 tanto
3641 5243 3822 5301 minori

419 5346 530 5396 eta
558 5340 773 5395 futuris
812 5342 960 5397 lecta
1003 5344 1090 5398 vel
1128 5342 1382 5413 cognita,
1417 5343 1583 5412 ipsos
1615 5359 1645 5395 a
1684 5343 1902 5413 quibus
1935 5343 2086 5397 facta
2186 5342 2520 5397 cxtollentia
2568 5342 2869 5413 rapiantur
2902 5358 2914 5395 :
2948 5356 3228 5413 gressum
3280 5340 3495 5395 mentis
3532 5349 3749 5405 semper
3775 5331 3822 5383 in

418 5434 556 5486 sunt
611 5430 862 5501 quadam
903 5432 1037 5485 vitae
1091 5432 1371 5486 memoria
1418 5432 1848 5502 quodammodo
1911 5432 2081 5502 quasi
2186 5432 2511 5487 humilitate
2556 5431 2839 5502 figentes;
2888 5431 3135 5484 aliorum
3185 5429 3357 5499 dicta,
3413 5428 3507 5482 vel
3556 5427 3697 5479 facta
3724 5434 3818 5474 non

415 5520 617 5574 vivere
646 5517 880 5573 faciant.
914 5520 1072 5583 Quod
1102 5521 1467 5576 commendat
1489 5521 1805 5574 Sallustius
1839 5520 1971 5587 (Cat
2004 5520 2075 5591 1),
2106 5547 2159 5607 D
2188 5521 2625 5574 remordentes:
2662 5520 2767 5573 sed
2798 5519 2951 5590 quod
2985 5520 3179 5572 minus
3203 5520 3404 5573 ornate
3436 5517 3648 5570 dictum
3668 5507 3821 5565 abeis

414 5610 512 5663 illo
544 5609 695 5663 inter
725 5608 1240 5680 historiographos
1289 5610 1600 5665 laudabilis
1634 5609 1853 5677 rhetor,
1888 5610 1986 5680 qui
2020 5611 2079 5662 in

412 5699 700 5769 principio
732 5698 825 5751 sui
854 5697 988 5752 libri
1011 5698 1249 5767 scripsit
1280 5700 1486 5754 dicens
1513 5717 1523 5753 :
1560 5716 1759 5752 omnes
1790 5699 2076 5767 homines,

418 5789 515 5859 qui
543 5803 680 5845 sese
713 5786 955 5844 student
976 5794 1275 5858 praestare
1306 5789 1679 5871 animalibus,
1724 5805 1943 5844 summa
1976 5805 2080 5862 0pc

2188 5611 2515 5675 audierunt,
2571 5625 2703 5662 cum
2747 5608 3195 5662 mansuetudine
3239 5608 3388 5661 intra
3419 5605 3673 5674 seipsos,
3720 5610 3817 5652 non

2187 5703 2375 5753 autem
2398 5700 2450 5750 in
2476 5697 2728 5766 publico,
2754 5713 2823 5749 ne
2848 5697 2994 5751 forte
3013 5695 3499 5763 scandalizentur,
3516 5690 3810 5759 corrigunt.

2187 5789 2255 5843 Et
2293 5793 2355 5842 ut
2400 5802 2503 5842 eos
2547 5786 2700 5856 apud
2743 5787 3012 5855 potentes
3062 5783 3247 5857 hujus
3293 5782 3504 5840 saeculi
3546 5779 3810 5865 gratias”
