3926 6146
195 344 345 407 1101

1388 333 1795 396 HISTORIA
1834 332 2163 396 SICULA.
2214 332 2371 395 LIB.
2423 334 2473 398 l.'

3482 335 3640 397 1102

192 544 396 600 verbis
443 542 679 607 faciant,
727 536 1009 592 extollere
1041 534 1340 598 nituntur;
1375 547 1577 586 eorum
1608 531 1859 598 laudem,
1897 518 1934 576 Α
1976 534 2031 585 et
2069 531 2228 585 rosis
2263 534 2480 585 vestrae
2524 532 2790 587 scientiae
2848 535 3186 589 exornande
3226 534 3536 605 reputabo:
3571 537 3635 592 ut

192 635 285 689 vel
316 635 569 697 lucrum,
613 628 782 700 quasi
818 641 992 680 suum
1025 624 1408 678 mstimantes.
1448 621 1671 675 Horum
1720 620 1863 674 aﬂ‘e-

193 728 465 777 ctuosem
482 716 953 773 benevolentiam
968 715 1038 767 ad
1048 729 1285 766 versum
1304 727 1394 765 me
1428 710 1660 763 invitari
1675 725 1863 779 expo-

192 809 459 880 sco.Ego
475 823 614 860 vero
628 817 997 876 quaecunque
1012 802 1309 855 dictavero
1324 799 1496 852 vobis
1512 797 1862 868 corrigenda

204 962 261 973 ..ι

1974 620 2144 674 vinea
2171 637 2203 673 e
2233 621 2404 674 vobis
2438 625 2691 689 exarata,
2725 623 2881 676 cultu
2914 624 3130 677 vestrm
3154 623 3416 677 scientiae
3443 625 3638 692 potata

1974 709 2282 763 uberiores
2313 710 2540 764 fructus
2575 712 2851 779 reddens,
2888 712 2945 763 in
2994 711 3279 781 majorem
3319 712 3548 766 laudem
3580 714 3638 767 et

1977 799 2223 869 gratiam
2254 799 2557 867 perveniat
2586 801 2894 869 principis.

955 1005 1757 1158 GAUFREDI
1867 1006 1999 1144 M.

2052 1006 2494 1146 LLATE
2522 1009 2889 1149 ΗΗλἘ

1473 1214 1819 1270 MONACHI
1860 1215 2349 1273 BENEDICTINI

761 1350 3071 1611 HISTORLSICULA

1167 1686 1619 1804 INCIPIT
1728 1682 2094 1795 LIBER
2201 1682 2655 1796 PRIMUS

612 1932 618 1938 ο
707 1891 957 1947 CAPUT
1013 1887 1338 1942 PRIMUM.

177 1989 460 2042 Primum
489 1989 678 2052 sonat,
706 1998 829 2054 quae
852 1996 1000 2052 pars
1033 1985 1123 2032 est
1158 1976 1427 2030 Franciw
1440 1973 1853 2027 Nortmamua.

250 2073 644 2131 Nortmannia
684 2071 872 2142 patria
918 2067 1187 2139 quaedam
1221 2067 1312 2119 est
1341 2065 1396 2116 in
1420 2062 1688 2133 partibus
1719 2058 1856 2112 Gal-

173 2169 296 2235 liae,
364 2180 497 2236 quea
549 2161 782 2233 quidem
814 2175 931 2212 non
979 2172 1216 2225 semper
1258 2151 1644 2207 Nortmannia
1706 2148 1859 2201 dicta

177 2257 314 2324 fuit,
338 2253 448 2308 sed
480 2252 700 2322 regalis
732 2247 1026 2320 quondam
1044 2246 1409 2299 Francorum
1423 2256 1629 2312 regum
1649 2239 1855 2304 fiscus,

185 2360 331 2399 cum
388 2344 506 2395 toto
566 2356 673 2393 suo
718 2337 895 2409 cujus
953 2350 1091 2405 pars
1135 2335 1280 2400 erat,
1327 2328 1589 2403 generali
1626 2326 1859 2381 nomine

178 2432 445 2488 Francia
476 2429 943 2497 nuncupabatur,
977 2438 1169 2493 usque
1215 2420 1404 2475 Rholo
1445 2418 1565 2471 dux
1596 2415 1859 2469 fortissi-

177 2538 347 2589 mus,
378 2520 567 2589 pirata
614 2535 645 2570 e
678 2516 855 2569 Dacia
906 2514 998 2567 vel
1031 2510 1351 2581 Norvegia,
1389 2505 1711 2561 coedunate
1746 2503 1860 2556 sibi

176 2611 442 2681 plurima
476 2607 713 2661 fortium
743 2620 919 2658 manu
949 2601 1196 2655 militum
1254 2597 1445 2651 navali
1505 2593 1764 2648 exercitu
1794 2607 1861 2644 se

175 2700 403 2771 pelago
467 2695 826 2749 credentium
876 2690 1148 2757 Frisiam,
1180 2692 1236 2741 et
1285 2699 1536 2755 quaeque
1570 2682 1859 2735 maritima

174 2790 317 2844 loca
358 2801 575 2840 versus
600 2783 961 2838 occidentem
993 2781 1332 2843 devastans,
1366 2772 1601 2829 tandem
1626 2772 1683 2825 in
1718 2786 1861 2840 por-

176 2882 272 2947 tu,
332 2892 452 2947 quo
484 2875 755 2944 Sequana
800 2871 1018 2925 ﬂuvius
1048 2870 1107 2922 in
1152 2883 1312 2921 mare
1361 2865 1630 2919 defluens
1688 2861 1863 2914 intrat

183 2967 489 3039 appulsus
521 2966 642 3027 est;
686 2961 863 3033 cujus
904 2975 1013 3030 per
1069 2958 1301 3011 alveum
1356 2954 1609 3008 maxime
1665 2950 1860 3003 classe

182 3038 619 3127 profundiores
645 3054 843 3120 partes
874 3047 1141 3103 Frenciae
1172 3046 1504 3114 penetrans,
1527 3038 1857 3092 amoenitate

175 3146 461 3200 locorum
489 3143 772 3209 inspecta,
807 3154 930 3208 prae
964 3135 1219 3203 caeteris,
1254 3148 1404 3203 quas
1436 3128 1858 3199 pertransierat

178 3234 500 3305 regiones,
556 3231 707 3284 hanc
764 3243 965 3281 amore
1023 3222 1293 3293 amplecti
1344 3225 1399 3274 et
1431 3219 1545 3274 sibi
1577 3218 1856 3287 adoptare

176 3298 350 3378 fecit.
390 3320 497 3374 Est
532 3320 683 3374 enim
724 3317 985 3388 piscosis
1042 3313 1382 3367 ﬂuminibus
1458 3311 1514 3363 et
1567 3308 1857 3362 feralibus
1893 3306 1941 3365 Β
1974 3306 2244 3374 quaestus
2266 3304 2322 3355 et
2353 3299 2766 3354 dominationis
2788 3299 2977 3369 avida,
3000 3298 3320 3370 cujuslibet
3341 3300 3424 3352 rei
3458 3299 3643 3353 simu-

176 3411 369 3465 silvis
417 3406 949 3471 abundantissime,
988 3401 1328 3470 arcipitrum
1362 3397 1640 3453 exercitio
1673 3395 1858 3464 aptis-

182 3503 369 3568 sima,
434 3497 707 3552 frumenti
754 3498 809 3550 et
861 3496 1211 3548 caeterarum
1289 3490 1563 3560 segetum
1626 3484 1862 3552 fertilis,

183 3588 455 3661 piscinis
498 3586 818 3653 uberrima,
854 3596 1132 3653 pecorum
1192 3580 1409 3632 nutrix.
1473 3575 1864 3640 Quamobrem

179 3695 258 3733 ex
309 3682 558 3747 utraque
589 3676 713 3744 ripa
738 3671 1118 3743 prosilientes
1148 3667 1373 3722 incolas
1405 3665 1564 3719 illius
1597 3663 1865 3735 regionis

181 3766 453 3837 imperio
484 3763 812 3834 subjugare
845 3762 1170 3831 coeperunt.

837 3885 1088 3940 CAPUT
1140 3884 1209 3937 Il.

254 3995 451 4052 [tholo
490 3995 637 4049 duce
666 3994 766 4048 dat
785 3994 1018 4064 piratas
1044 4006 1156 4062 per
1192 4006 1357 4064 mare
1386 3987 1678 4064 Norveia,

249 4069 429 4139 Hanc
451 4082 562 4139 per
576 4058 820 4139 vadunt.
844 4064 975 4139 Rex
1004 4058 1285 4139 occurrit,
1307 4068 1364 4115 ut
1397 4058 1616 4139 abinde
1632 4067 1855 4139 arceat;

251 4131 492 4194 Bellum
523 4135 752 4205 cli/Fert,
786 4134 975 4190 [laedas
997 4134 1129 4202 init,
1156 4132 1223 4187 ﬁt
1255 4148 1452 4187 eorum
1485 4131 1772 4185 dominus.

253 4249 391 4300 Rex
419 4249 630 4311 autem,
693 4242 791 4313 qui
823 4247 960 4295 tunc
987 4240 1267 4310 temporis
1310 4239 1573 4294 Francia
1606 4243 1858 4310 praeerat

170 4333 569 4401 Ludovicus,
628 4334 691 4385 ut
748 4330 1083 4398 credimus,
1130 4328 1453 4398 secundus,
1481 4329 1853 4399 comperiens

170 4427 398 4479 hostes
446 4423 609 4476 fores
663 4419 893 4490 imperii
915 4420 1007 4473 sui
1040 4419 1358 4486 invasisse,
1390 4418 1581 4489 primo
1615 4418 1853 4488 quidem

166 4513 548 4583 indignatus,
596 4513 887 4575 commoto
931 4510 1193 4563 exercitu
1227 4508 1501 4562 hostibus
1534 4522 1849 4562 occurren-

170 4603 324 4656 dum
355 4602 414 4653 et
443 4601 651 4655 ducem
684 4601 741 4654 et
765 4614 870 4653 eos
894 4616 926 4652 a
956 4598 1173 4652 ﬁnibus
1206 4613 1407 4651 arcere
1429 4596 1698 4651 instituit.
1732 4597 1848 4650 Sed

170 4706 319 4745 cum
371 4689 484 4742 hoc
538 4704 656 4743 non
705 4688 834 4742 sine
879 4704 1091 4759 magno
1122 4688 1468 4741 detrimento
1502 4702 1748 4741 suorum
1780 4701 1847 4739 se

169 4793 366 4851 agere
387 4792 567 4847 posse
581 4780 992 4849 cognosceret,
1017 4776 1218 4831 varios
1234 4780 1480 4831 eventus
1503 4775 1640 4830 belli
1661 4775 1841 4844 perti-
1875 4772 1931 4833 D

170 4882 736 4937 mescens,suorum
777 4868 1053 4938 sanguini
1084 4882 1355 4937 parcens,
1378 4865 1679 4920 seniorum
1699 4880 1846 4919 usus

169 4956 456 5025 consilio,
494 4956 719 5009 foedera
760 4958 943 5027 pacis,
976 4960 1032 5010 et
1064 4957 1371 5011 servitium
1404 4955 1561 5025 quod
1594 4956 1665 5009 ab
1696 4953 1847 5022 ipsis

167 5046 300 5102 sibi
330 5044 707 5115 offerebatur,
742 5048 966 5115 accepit
990 5046 1243 5116 yeisquc
1284 5045 1591 5099 maximam
1623 5046 1848 5112 partem

167 5148 358 5197 terrm
408 5157 581 5212 quam
638 5143 1024 5210 pervaserant
1052 5141 1111 5195 in
1145 5141 1493 5195 beneficium
1526 5139 1845 5193 concessit.

165 5232 253 5301 ('7)
290 5230 492 5301 Itaque
521 5232 677 5285 terra
696 5230 795 5284 ille
812 5230 889 5300 (8)
921 5245 1264 5284 concessae
1295 5245 1446 5301 pago
1478 5228 1850 5283 Pontiniensi

166 5336 357 5393 quem
411 5321 484 5374 ab
540 5319 805 5374 orientali
858 5323 1024 5389 parte
1070 5320 1164 5373 sui
1205 5320 1400 5389 habet,
1452 5334 1630 5374 secus
1688 5333 1847 5372 mare

165 5409 498 5481 Anglicum
514 5408 672 5480 quod
702 5408 776 5462 ab
796 5408 1140 5479 Aquilonari
1172 5412 1336 5478 parte
1369 5408 1436 5462 ad
1443 5408 1621 5480 jacet,
1656 5423 1848 5478 usque

249 5552 326 5623 (7)
368 5550 432 5623 C.
478 5552 539 5605 P.
583 5551 935 5623 Porrigitur
965 5552 1183 5623 itaque.

252 5621 332 5693 (8)
372 5622 435 5693 (ἶ.
478 5622 544 5676 Ρ.
588 5623 728 5677 illis.

251 5693 330 5766 (9)
375 5692 445 5748 Ο.
484 5693 551 5750 P.
596 5694 951 5767 eloquentiae
976 5693 1215 5750 studiis.

1884 1856 1946 1917 Α
1973 1874 2033 1929 in
2062 1876 2416 1930 Britanniam
2453 1894 2586 1948 quas
2618 1878 2766 1933 fines
2798 1879 2931 1950 ejus
2954 1881 3350 1935 occidentales
3379 1881 3593 1936 claudit
3627 1896 3644 1953 ;

1973 1966 2045 2018 ab
2094 1966 2441 2020 occidentali
2478 1984 2621 2021 vero
2662 1972 2717 2022 et
2748 1970 3071 2024 meridiano
3102 1986 3306 2038 cornu,
3342 1986 3495 2041 pago
3526 1970 3634 2025 Ge-

1972 2055 2279 2109 nomanico
2312 2056 2657 2110 terminatur
2680 2073 2869 2128 usque
2908 2060 2966 2112 in
3006 2059 3449 2129 Carnotensem,
3503 2063 3559 2114 et
3608 2077 3641 2114 e

1971 2141 2630 2200 Carnotensiclauditur
2648 2147 2960 2200 Velcesino
2992 2152 3046 2201 et
3078 2149 3427 2202 Belvecensi
3443 2164 3635 2220 usque

1968 2233 2303 2287 Pontinum.
2338 2234 2503 2288 Hanc
2552 2237 2767 2288 terram
2799 2236 2916 2289 sibi
2946 2237 3397 2290 determinatam
3425 2252 3458 2289 a
3490 2252 3636 2309 rege

1970 2320 2334 2375 Francorum
2393 2322 2585 2376 Rholo
2641 2322 2762 2377 dux
2820 2323 3145 2377 hmreditali
3210 2325 3384 2378 feudo
3435 2327 3632 2379 susci-

1970 2410 2161 2479 piens,
2222 2411 2375 2465 inter
2431 2426 2596 2477 suos,
2646 2415 2820 2480 prout
2851 2413 3167 2466 convenire
3201 2414 3625 2483 cognoscebat,

1971 2497 2287 2567 distribuit,
2356 2500 2707 2568 pretiosiora
2762 2516 3011 2571 quaeque
3065 2517 3168 2571 pro
3226 2502 3354 2555 suis
3402 2502 3614 2557 usibus

1972 2601 2313 2640 reservans.
2339 2586 2483 2651 Quia
2515 2604 2659 2642 vero
2690 2589 3028 2658 procinctus
3060 2593 3236 2643 terrae
3268 2591 3473 2659 paucis
3493 2606 3632 2661 per-

1972 2674 2341 2743 strinximus,
2395 2675 2467 2729 de
2524 2691 2685 2729 more
2713 2691 2946 2746 quoque
2979 2675 3175 2746 gentis
3208 2677 3404 2747 aliqua
3434 2677 3634 2732 dicere

1972 2763 2112 2816 utile
2145 2763 2394 2818 videtur.

2575 2871 2825 2926 CAPUT
2876 2872 2971 2926 III.

2078 2994 2166 3048 De
2197 3011 2359 3049 more
2393 2996 2836 3051 Nortmaunicaa
2873 2998 3076 3067 gentis
3105 2997 3179 3051 ab
3210 2997 3349 3051 Alta
3362 2998 3519 3052 villa.

2052 3122 2159 3175 Est
2205 3123 2418 3193 quippe
2451 3137 2599 3192 gens
2642 3122 3027 3190 astutissime,
3061 3121 3413 3192 injurierum
3458 3123 3638 3177 ultrix

1975 3230 2080 3285 spe
2103 3212 2250 3266 alias
2281 3212 2414 3283 plus
2459 3211 2746 3279 lucrandi,
2777 3210 2999 3280 patrios
3031 3226 3210 3279 egros
3242 3209 3638 3283 vilipendens,

1971 3389 2662 3461 latrix,interlargitatem
2679 3391 2736 3441 et
2752 3388 3052 3440 avaritiam
3071 3387 3364 3458 quoddam
3383 3388 3639 3443 medium

1974 3481 2221 3535 habens.
2283 3478 2588 3548 Principes
2646 3492 2786 3530 vero
2846 3476 3228 3530 delectatione
3260 3476 3431 3531 bonae
3462 3477 3635 3532 famae

1973 3569 2331 3642 largissimi;
2393 3582 2543 3638 gens
2602 3565 2829 3619 adulari
2880 3566 3102 3634 sciens,
3161 3564 3516 3636 eloquentiis
3574 3567 3636 3620 in

1973 3659 2186 3712 studiis
2245 3657 2322 3725 (9)
2380 3655 2721 3710 inserviens
2781 3654 2839 3708 in
2894 3657 3117 3709 tantum
3147 3656 3405 3708 utetiam
3469 3656 3637 3726 ipsos

1970 3763 2190 3817 pueros
2219 3746 2390 3816 quasi
2410 3745 2682 3799 rhetores
2713 3743 3000 3797 attendas.
3034 3744 3175 3808 Quae
3241 3745 3479 3814 quidem
3517 3745 3636 3800 nisi

1964 3834 2114 3907 jugo
2138 3836 2392 3906 jnstitiae
2421 3838 2736 3905 prematur,
2763 3832 3217 3887 eﬂ‘renatissima
3249 3837 3360 3903 est,
3411 3832 3635 3889 laboris

1968 3924 2199 3992 inedim,
2230 3922 2476 3994 algoris,
2523 3922 2623 3975 ubi
2672 3921 2905 3974 fortuna
2934 3922 3168 3990 expedit
3207 3920 3338 3990 (10),
3375 3923 3628 3993 patiens,

1969 4012 2284 4077 venationi,
2329 4011 2672 4080 accipitrum
2704 4008 2986 4062 exercitio
3028 4008 3384 4064 inserviens.
3439 4011 3633 4083 Equo-

1968 4117 2095 4154 rum
2129 4103 2597 4168 caaterorumque
2631 4097 2849 4150 militiae
2879 4097 3406 4152 instrumentorum
3429 4103 3484 4152 et
3521 4115 3629 4154 ve-

1967 4190 2146 4245 stium
2201 4187 2434 4241 luxuria
2481 4186 2821 4239 delectatur.
2867 4184 2956 4237 Ex
3003 4185 3238 4238 nomine
3283 4186 3479 4257 itaque
3519 4203 3631 4242 suo

1968 4283 2141 4333 terrae
2199 4290 2411 4331 nomen
2467 4273 2819 4327 indiderunt.
2874 4271 3060 4325 North
3110 4273 3325 4342 quippe
3376 4274 3627 4346 Anglice

1963 4368 2188 4439 lingua,
2244 4362 2605 4435 aquilonaris
2636 4361 2810 4432 plaga
2845 4360 3077 4414 dicitur.
3133 4360 3201 4414 Et
3240 4361 3378 4431 quia
3409 4362 3527 4433 ipsi
3553 4363 3628 4418 ab

1962 4457 2236 4527 aquilone
2269 4454 2546 4507 venerant
2578 4450 2693 4521 (ll)
2724 4453 2940 4503 terram
2988 4451 3179 4520 ipsam
3228 4452 3403 4505 etiam
3451 4451 3628 4506 Nort-

1963 4546 2256 4599 manniam
2287 4542 2669 4612 appellarunt.
2735 4539 2798 4592 In
2831 4539 3006 4611 cujus
3055 4540 3292 4610 quidem
3322 4539 3630 4610 provincia

1965 4635 2173 4688 civitas
2229 4635 2339 4701 est,
2394 4646 2525 4701 qua)
2584 4629 3029 4683 Constantinum
3085 4630 3319 4699 dicitur,
3358 4630 3417 4683 in
3449 4629 3626 4702 cujus

1963 4722 2259 4777 territorio
2292 4720 2428 4773 villa
2459 4723 2568 4789 est,
2603 4735 2735 4790 quae
2768 4719 3037 4773 Altavilla
3087 4722 3476 4789 nuncupatur,
3508 4734 3629 4775 non

1964 4812 2198 4883 quidem
2229 4812 2449 4861 tantum
2483 4822 2587 4876 pro
2619 4806 2965 4861 excellentia
3025 4808 3278 4877 alicujus
3319 4809 3536 4863 montis
3567 4808 3626 4862 in

1960 4917 2076 4973 quo
2136 4903 2249 4956 site
2293 4900 2387 4959 sit,
2450 4901 2555 4953 sed
2618 4898 2916 4967 quoniam,
2976 4901 3037 4950 ut
3070 4897 3387 4958 credimus,
3422 4895 3622 4966 aliquo

1955 4993 2222 5063 auspicio
2255 4993 2326 5046 ad
2359 4990 2891 5045 considerationem
2932 4986 3314 5056 praenotantis
3347 4987 3622 5040 eventum

1956 5086 2012 5134 et
2060 5097 2388 5152 prosperos
2436 5094 2764 5134 successus
2796 5075 3067 5147 ejusdem
3098 5075 3253 5127 villae
3286 5075 3621 5129 futurorum

1956 5171 2279 5239 haeredum,
2317 5167 2727 5238 Deiadjutorio
2759 5170 2942 5219 etsua
2962 5162 3305 5217 strenuitate
3331 5162 3622 5233 gradatim

1952 5260 2176 5314 altioris
2196 5258 2442 5314 honoris
2465 5256 2696 5310 culmen
2712 5252 3137 5307 scandentium.
3154 5251 3302 5305 Nam
3316 5251 3620 5307 nescimus

1951 5353 2146 5404 utrum
2171 5348 2228 5401 in
2260 5345 2732 5417 praecedentibus
2754 5341 3017 5412 partibus
3033 5341 3126 5394 vel
3150 5345 3308 5395 certe
3332 5341 3391 5395 in
3411 5343 3619 5411 postea

1952 5435 2560 5501 futurishaeredibus,
2597 5436 2695 5485 aut
2753 5430 2925 5485 etiam
2980 5429 3041 5484 in
3070 5430 3360 5502 utrisque,
3419 5430 3618 5485 divina

2021 5581 2133 5652 (10)
2172 5582 2236 5635 Ο.
2276 5579 2342 5631 Ρ.
2387 5576 2633 5648 expetit.

2023 5670 2137 5742 (11)
2152 5660 2938 5741 :Normanniﬂictﬂterram
2974 5663 3173 5719 etiam.

3776 3390 3815 3407 ς
