3926 6146
380 338 544 400 1103

1144 333 1580 396 GAUFREDI
1627 332 2169 397 MALATERRJE
2210 310 2593 397 MONACHI
2626 332 3064 398 BENEDICT.

3642 337 3770 400 l104

379 527 755 599 providentia
788 528 943 597 quod
977 527 1091 579 sibi
1127 526 1386 596 placeret
1423 524 1750 594 inspiciens
1782 525 2054 579 haeredes
2082 510 2134 570 Ᾱ
2169 529 2511 595 cmperunt;
2552 526 2759 596 sicque
2789 526 3086 580 communi
3137 526 3381 580 consilio
3436 526 3610 595 prima
3656 530 3774 582 actas

380 619 550 687 ipsos
604 618 660 669 in
700 621 922 669 tantum
973 614 1084 684 (1‘2)
1136 616 1405 684 provexit
1457 619 1538 683 ut,
1597 615 1750 668 sicut
1799 614 2055 668 Abrahae

382 706 814 775 repromissum
850 707 960 771 est,
998 705 1052 756 in
1081 707 1314 773 gentem
1337 719 1609 774 magnam
1633 708 1975 757 crescentes
1998 706 2053 757 et

385 811 557 848 suum
574 794 879 862 imperium
898 793 1079 844 armis
1104 794 1432 860 dilatantes,
1457 793 1763 844 multarum
1787 793 2049 861 gentium

366 883 499 941 .sibi
533 882 682 935 colla
702 882 1072 934 subdidcrint
1093 899 1105 946 ;
1124 881 1276 951 quod
1301 881 1575 950 paulatim
1598 881 2051 950 perstringendo

386 970 537 1040 stylo
570 986 1020 1040 prosequemur.

1026 1059 1275 1111 CAPUT
1320 1059 1413 1110 IV.

390 1150 477 1202 De
518 1147 821 1201 Tanercdo
852 1154 909 1200 et
950 1147 1166 1217 prima,
1204 1147 1303 1203 vel
1346 1147 1602 1200 secunda
1638 1163 1819 1200 uxore
1840 1162 1964 1212 sua,
1998 1153 2056 1200 et

1096 1236 1329 1289 liberis.

459 1325 594 1378 Erat
637 1325 810 1378 miles
846 1324 1080 1393 quidam
1126 1325 1398 1392 praeclari
1443 1325 1754 1378 admodum
1793 1324 2053 1393 generis,

387 1415 506 1485 qui,
541 1413 612 1466 ab
647 1413 1132 1467 antecessoribus
1168 1414 1297 1466 suis
1348 1413 1721 1467 haereditario
1747 1412 1885 1483 jure
1945 1413 2058 1465 sibi

389 1503 538 1556 hanc
563 1502 760 1554 villam
783 1502 1044 1555 relictam
1075 1503 1418 1571 possidens,
1441 1502 1783 1555 Taneredus
1804 1502 2056 1571 nomine,

387 1591 840 1657 duxituxorem,
874 1591 1143 1643 moribus
1178 1593 1233 1643 et
1258 1605 1477 1660 genere
1527 1590 1892 1659 splendidam
1934 1606 2060 1643 mu-

385 1680 615 1747 lierem,
650 1680 887 1732 nomine
926 1721 936 1731 .
1020 1720 1030 1731 .
1114 1720 1125 1732 .
1210 1720 1222 1732 .
1302 1678 1434 1746 (liii,
1466 1694 1540 1732 ex
1567 1695 1681 1748 qua
1710 1679 1888 1749 legali
1919 1694 2060 1731 suc-

388 1769 663 1822 cessione
716 1782 1003 1819 annorum
1055 1766 1313 1836 quinque
1362 1766 1531 1843 filios
1576 1770 1780 1835 postea
1832 1767 2062 1820 futuros

2166 630 2293 684 prae
2352 614 2584 668 caeteris
2643 615 2835 669 adhuc
2875 615 3206 668 minoribus
3258 615 3445 686 magis
3520 614 3772 679 roborata,

2167 703 2357 772 primo
2387 704 2574 773 patria
2602 703 2881 773 digressi,
2917 719 3023 773 per
3052 703 3287 757 diversa
3337 703 3459 756 loca
3491 704 3776 758 militariter

2170 792 2401 846 lucrum
2462 794 2819 862 quaerentes,
2850 793 3082 846 tandem
3142 793 3292 862 apud
3344 792 3597 861 Apuliam
3634 793 3779 846 Italiae

2173 882 2554 949 provinciam,
2590 882 2709 934 Deo
2740 896 2806 934 se
2846 881 3114 950 ducente,
3140 884 3544 949 pervenerunt.

2810 969 3060 1025 CAPUT
3098 970 3171 1023 VI
3182 1012 3192 1024 .

2179 1057 2447 1122 Qualiter
2470 1058 2725 1131 primum
2759 1060 3020 1131 principi
3075 1058 3345 1130 Capuano
3373 1059 3688 1112 servientes
3724 1059 3781 1113 ab

2436 1148 2557 1217 ipso
2591 1148 2665 1202 ad
2700 1148 3141 1202 Salernitanum
3176 1148 3561 1201 transierunt.

2246 1235 2570 1289 Audientes
2591 1236 2784 1307 itaque
2815 1237 2963 1290 inter
2984 1236 3135 1289 duos
3159 1234 3587 1289 famosissimos
3608 1234 3780 1303 princi-

2175 1338 2302 1392 pes,
2320 1324 2656 1392 Capuanum
2670 1326 2942 1380 videlicet
2958 1328 3014 1379 et
3025 1323 3782 1393 Salernitanum,quibusdam

2177 1414 2604 1468 controversiis
2619 1413 3435 1485 insurgentibus,inimicitias
3458 1412 3780 1480 et'l‘erbuisse,

2178 1517 2355 1554 causa
2396 1502 2724 1556 militariter
2753 1503 2971 1573 aliquid
3002 1503 3289 1570 lucrandi,
3327 1502 3462 1572 quia
3491 1501 3783 1553 viciniorem

2174 1589 2270 1641 via
2310 1606 2423 1659 qua
2454 1590 2768 1644 veniebant
2796 1592 2946 1644 viam
2981 1591 3352 1658 invenerunt,
3388 1588 3646 1657 Capuano
3678 1603 3783 1640 sese

2175 1678 2561 1733 obtulerunt?
2620 1680 2736 1733 Ubi
2799 1679 3225 1750 aliquantisper
3283 1676 3631 1744 commorati,
3682 1692 3783 1728 cum

2174 1767 2355 1821 multa
2387 1770 2646 1835 strenue,
2673 1768 3146 1822 remuneratione
3166 1764 3783 1836 accepta,peregissent,

391 1858 639 1909 comites
675 1856 958 1923 suscepit,
995 1855 1367 1908 (iuillelmum
1391 1854 1684 1921 videlicet,
1711 1856 2063 1924 cognomine
2100 1884 2148 1945 Β
2174 1857 2483 1910 tenacitate
2515 1856 2772 1925 Capuani
2818 1857 3076 1927 cognita,
3109 1856 3209 1909 illo
3243 1859 3469 1924 spreto,
3500 1854 3567 1907 ad
3595 1853 3784 1907 Gaima-

388 1943 875 2011 Ferreabraeliia,
930 1945 1286 2013 Drogonem,
1342 1943 1753 2007 Ilunifredum,
1816 1944 2059 1997 Gaufre-

388 2034 527 2086 dum
578 2035 634 2085 et
690 2032 1016 2086 Scrlonem.
1074 2032 1294 2084 Horum
1338 2034 1522 2085 matre
1570 2032 1866 2099 defuncta,
1931 2048 2066 2085 cum

397 2123 527 2191 ipsa
560 2123 704 2173 ictas
737 2120 925 2173 adhuc
961 2119 1166 2171 viridis
1201 2120 1348 2188 patri
1370 2120 1786 2173 continentiam
1812 2121 2067 2190 denega-

388 2213 495 2278 ret,
515 2211 803 2262 honestus
836 2208 1186 2261 inhonestos
1212 2209 1401 2262 coitus
1420 2209 1752 2262 abhorrens
1771 2210 2067 2263 secundas

390 2298 630 2367 nuptias
698 2297 1037 2360 celebravit,
1089 2297 1311 2350 malens
1360 2313 1472 2350 una
1520 2302 1575 2351 et
1620 2297 1881 2367 legitima
1931 2313 2068 2352 esse

393 2388 706 2440 contentus
739 2401 913 2455 quam
945 2385 1102 2439 foedo
1136 2386 1600 2439 concubinarum
1635 2387 1909 2455 amplexu
1943 2402 2067 2440 ma-

394 2475 602 2541 culari,
637 2489 863 2527 memor
893 2474 1051 2527 illius
1092 2460 1403 2543 apoStolici
1432 2474 1608 2527 dicti:
1661 2474 2071 2546 Unusquisque

398 2563 651 2632 accipiat
668 2578 948 2616 uxoreuni
960 2570 1211 2633 propter
1224 2563 1679 2617 fornicationem
1694 2564 1767 2617 de
1778 2564 2072 2618 vitandam

393 2650 465 2703 Et
489 2650 647 2720 quod
679 2652 975 2721 sequitur:
1012 2652 1515 2706 Fornicatoreset
1531 2651 2073 2723 adulterosjudiea-

393 2738 485 2792 bit
514 2739 694 2792 Deus.
732 2739 917 2793 Ducta
940 2756 1082 2793 vero
1116 2738 1477 2793 Franscndis
1508 2742 1850 2809 vocabatur,
1894 2756 2071 2812 gene-

393 2826 637 2879 rositate
651 2828 707 2880 et
720 2826 984 2880 moribus
999 2827 1193 2895 priore
1209 2844 1324 2880 non
1348 2827 1612 2897 inferior,
1628 2844 1760 2898 quae
1790 2828 2072 2899 legitimis

394 2914 663 2969 terminis
693 2914 902 2968 marito
929 2918 1157 2983 septem
1189 2916 1413 2985 peperit
1448 2915 1625 2984 ﬁlios,
1662 2933 1779 2970 non
1823 2918 2070 2970 minoris

395 3003 571 3074 pretii
590 3003 684 3056 vel
726 3002 1029 3075 dignitatis
1080 3019 1110 3056 a
1142 3004 1443 3073 praedictis
1475 3004 1764 3059 fratribus
1804 3004 2071 3072 futuros;

396 3108 653 3163 quorum
666 3092 901 3146 nomina
925 3093 1344 3147 subtitulamus
1368 3094 1463 3147 hic
1489 3110 1500 3147 :
1522 3095 1750 3164 primus
1776 3094 2073 3149 Robertus

396 3180 784 3250 Guiscardus,
813 3184 1021 3251 postea
1051 3182 1232 3235 totius
1249 3182 1479 3251 Apulia:
1510 3183 1810 3252 princeps,
1833 3185 1888 3237 et
1909 3183 2074 3237 Cala-

395 3269 545 3325 bria)
576 3270 716 3339 dux,
751 3269 843 3323 vir
873 3270 1072 3341 magni
1106 3270 1361 3338 consilii,
1409 3272 1654 3341 ingenii,
1687 3271 1980 3342 largitatis
2020 3274 2077 3327 et

397 3359 660 3413 audaciae
683 3375 697 3428 ;
721 3359 1045 3424 secundus,
1068 3358 1393 3429 Malgerius
1416 3360 1679 3427 ;tertius,
1700 3360 2072 3426 Guillelmus;

396 3452 665 3519 quartus,
693 3447 1062 3513 Alveredus;
1089 3448 1351 3515 quintus,
1396 3447 1797 3513 Humbertus;
1840 3453 2072 3519 sextus,

401 3534 788 3601 Tancredus;
846 3533 1154 3601 septimus,
1229 3534 1527 3604 Rogerius
1603 3535 1813 3602 minor,
1869 3539 2075 3605 postea

402 3622 622 3675 Siciliae
653 3620 996 3689 debellator,
1031 3624 1089 3674 et
1118 3636 1340 3676 comes.
1376 3622 1563 3676 Mater
1593 3638 1733 3677 vero
1756 3626 2075 3680 accuratis-

401 3709 551 3764 sime
584 3711 641 3763 et
670 3712 934 3763 materno
965 3707 1178 3763 affectu
1232 3710 1386 3766 ﬁlios
1417 3727 1561 3766 suos
1593 3713 1860 3767 nutriens
1918 3717 2073 3770 tanto

399 3813 600 3853 amore
634 3798 802 3868 ipsos
833 3798 933 3868 qui
954 3813 1071 3853 non
1101 3798 1216 3866 sui,
1238 3800 1343 3853 sed
1376 3801 1565 3854 mariti
1592 3802 1707 3870 sui,
1742 3816 1815 3855 ox
1845 3818 2073 3871 praece-

400 3887 557 3941 denti
591 3903 773 3941 uxore
803 3891 986 3957 erant,
1022 3889 1483 3957 amplectebatur
1512 3893 1575 3944 ut
1605 3890 1705 3943 vix
1735 3892 2074 3947 discernere

398 3992 639 4047 posses,
659 3976 774 4030 nisi
793 3992 868 4030 ex
884 3977 1077 4047 aliqua
1097 3993 1274 4032 causa
1297 3978 1638 4047 didicisses,
1655 3981 1791 4050 quis
1806 3980 2075 4035 ﬁliusve]

399 4064 535 4136 quis
566 4080 683 4119 non
710 4064 868 4119 filius
890 4068 1072 4120 esset.
1098 4067 1264 4120 Unde
1297 4070 1353 4120 et
1382 4083 1413 4120 a
1446 4068 1654 4123 marito
1679 4068 1815 4137 plus
1833 4070 2073 4123 amaba-

397 4156 494 4208 tur
524 4156 581 4207 et
602 4153 1250 4209 acircummanentibus
1280 4156 1596 4225 plurimum
1616 4156 2070 4226 appretiabatur.

398 4243 659 4298 Infantes
707 4259 871 4313 vero,
925 4249 987 4298 ut
1044 4246 1188 4298 mtas
1220 4244 1338 4298 illis
1388 4246 1777 4312 ministrabat,
1810 4245 2073 4314 pueriles

398 4347 588 4386 annos
622 4334 1131 4399 transcendentes,
1151 4348 1282 4386 cum
1297 4332 1420 4403 jam
1435 4334 1895 4389 adolescentiam
1916 4350 2071 4390 unus

397 4424 535 4491 post
566 4421 745 4475 alium
775 4421 1130 4491 attigissent,
1167 4425 1472 4490 coeperunt
1501 4422 1855 4476 militaribus
1887 4423 2071 4477 disci-

394 4509 574 4579 plinis
604 4510 931 4579 adhaerere,
967 4525 1252 4579 equorum
1283 4514 1339 4564 et
1360 4525 1658 4565 armorum
1704 4512 1900 4565 studia
1944 4512 2069 4567 fre-

2124 1940 2140 1944 ’⁷
2178 1945 2249 1998 rii
2301 1943 2412 2013 (14)
2465 1944 2697 1998 Salerni
2759 1945 3082 2014 principem
3134 1944 3553 1998 transiverunt.
3607 1942 3648 1993 Α
3698 1956 3785 2009 quo

2175 2034 2455 2087 decenter
2514 2034 2779 2103 suscepti
2808 2037 3049 2103 propter
3100 2033 3415 2086 militarem
3446 2030 3660 2084 laudem
3685 2044 3786 2100 qua:

2172 2121 2295 2192 jam
2327 2123 2493 2191 ipsos
2544 2138 2651 2191 per
2682 2122 3020 2175 universam
3076 2122 3350 2190 Apuliam
3404 2119 3788 2174 famosissimas

2178 2209 2471 2272 eﬂ‘ecerat,
2505 2214 2560 2264 et
2589 2212 2839 2264 maxime
2868 2211 3004 2281 quia
3034 2210 3108 2263 ab
3142 2206 3497 2263 inimicante’
3522 2208 3628 2262 sibi
3655 2206 3786 2276 prin-

2181 2299 2309 2367 cipe
2339 2299 2410 2353 ad
2429 2314 2495 2352 se
2510 2299 2885 2367 transierant,
2918 2298 3117 2352 multis
3137 2297 3403 2351 donariis
3416 2297 3486 2349 ad
3508 2295 3787 2349 ﬁdelitatem

2180 2386 2314 2456 ejus
2345 2387 2706 2454 inflammati,
2743 2387 3005 2441 diversis
3039 2390 3095 2440 et
3125 2386 3365 2440 crebris
3397 2383 3789 2438 incursionibus

2179 2474 2491 2544 Capuanos
2546 2476 2913 2530 lacessentes
2946 2516 2960 2543 ,
3020 2477 3199 2529 totam
3260 2474 3646 2539 Provinciam,
3695 2469 3792 2521 acsi

2179 2564 2467 2634 pestilens
2500 2564 2800 2617 calamitas
2832 2564 3155 2629 detonaret,
3189 2564 3537 2616 attriverunt
3567 2559 3667 2627 (15,
3700 2559 3791 2609 cir-

2180 2656 2633 2723 cumquaque,et
2645 2651 3035 2706 Salernitanni
3054 2651 3283 2721 passim
3298 2650 3544 2722 injurias
3563 2646 3796 2718 principis

2181 2740 2561 2806 ulciscentes,
2596 2740 2886 2795 indefessi
2909 2741 3061 2794 idem
3094 2739 3294 2794 facere
3321 2737 3793 2800 adiverunt,intan-

2179 2831 2421 2899 tumque
2450 2828 2806 2883 rebellantes
2854 2831 3023 2883 antea
3049 2828 3306 2898 principi
3354 2825 3793 2897 compescuerunt

2181 2921 2247 2972 ut
2275 2917 2470 2972 omnia
2509 2917 2968 2988 circumquaque
2998 2933 3066 2971 se
3096 2921 3304 2987 pacata
3363 2917 3616 2971 silerent.
3671 2913 3794 2965 Lon-

2183 3006 2587 3078 gobardorum
2612 3022 2755 3061 vero
2777 3022 2950 3078 gens,
2982 3006 3456 3060 invidiosissima
3511 3008 3562 3059 et
3606 3014 3797 3070 semper

2183 3109 2597 3165 quemcunque
2610 3094 2857 3162 probum
2875 3096 3217 3163 suapectum
3242 3094 3493 3161 habens,
3509 3093 3662 3161 ipsos
3674 3086 3795 3156 apud

2182 3183 2452 3238 eumdem
2465 3183 2813 3253 principem,
2828 3183 3066 3236 inimico
3084 3182 3257 3237 dente
3274 3181 3598 3250 mordente,
3613 3176 3796 3233 occulto

2183 3271 2570 3326 detrahebant
2601 3276 3000 3342 suggerentes
3022 3274 3315 3342 quatenus
3340 3286 3447 3325 eos
3479 3284 3586 3323 ase
3598 3264 3796 3336 repelle-

2182 3364 2292 3429 ret,
2327 3361 2484 3430 quod
2516 3359 2574 3414 ni
2605 3360 2844 3424 faceret,
2880 3359 3053 3414 facile
3090 3359 3363 3414 futurum
3396 3361 3458 3412 ut
3489 3371 3629 3429 gens
3660 3358 3796 3408 tantae

2184 3448 2417 3503 astutiae
2446 3451 2621 3502 tantae
2669 3448 3037 3503 strenuitatis
3062 3489 3075 3515 ,
3108 3448 3398 3502 addentes
3442 3447 3605 3501 etiam
3634 3460 3695 3496 ex
3727 3439 3796 3494 sui

2187 3537 2385 3592 cordis
2408 3537 2646 3605 malitia,
2665 3540 2840 3592 tantae
2873 3537 3136 3607 perfidiae
3156 3537 3425 3606 principe
3451 3531 3795 3595 exheredato,

2188 3626 2306 3695 ipsi
2334 3642 2442 3680 sua
2460 3625 2773 3680 calliditate
2790 3625 3138 3680 haereditate
3166 3624 3301 3696 ejus
3319 3618 3796 3695 potirentur.Unde

2188 3719 2245 3769 et
2273 3731 2376 3769 cor
2401 3714 2687 3783 principis
2728 3715 2954 3769 eisdem
2996 3715 3223 3768 artibus
3256 3714 3543 3767 imbutum
3583 3708 3730 3764 facile
3753 3707 3796 3757 in

2187 3804 2447 3857 deterius
2469 3802 2728 3872 proclive
2748 3807 3108 3873 pervertunt.
3141 3802 3256 3857 Sed
3279 3803 3557 3872 princeps
3573 3796 3798 3869 quamvis

2183 3893 2386 3963 pravis
2401 3891 2669 3945 consiliis
2685 3908 2928 3946 suorum
2939 3892 3279 3947 assentiens
3293 3891 3451 3962 quod
3465 3886 3798 3943 hortabantur

2187 3980 2382 4035 facere
2396 3979 2919 4046 moliretur,tamen
2936 3981 3347 4034 strenuitatem
3364 3979 3590 4033 illorum
3603 3976 3795 4035 timens,

2186 4068 2344 4139 quod
2379 4068 2571 4123 animo
2634 4069 2865 4122 occulte
2923 4069 3139 4140 agebat
3185 4069 3382 4122 minus
3415 4067 3474 4121 in
3538 4058 3797 4134 prepatulo

2185 4158 2418 4228 aperire
2470 4158 2885 4227 praesumebat.

2805 4242 3055 4298 CAPUT
3087 4242 3211 4296 VII.

2186 4330 2457 4397 Qualiter
2481 4347 2607 4384 cum
2631 4331 2907 4385 Maniaco
2939 4330 3146 4385 Graeco
3159 4329 3233 4384 ad
3256 4328 3525 4382 Siciliam
3553 4320 3799 4381 debellan'

2624 4404 2756 4456 dam
2781 4403 2975 4472 primo
3009 4401 3404 4454 transierunt.

2252 4490 2556 4544 Maniacus
2586 4494 2779 4544 autem
2800 4490 3058 4561 quidam,
3085 4489 3321 4542 natione
3346 4488 3603 4553 Graecus,
3624 4499 3649 4536 a
3677 4480 3793 4534 Con-

397 4567 703 4669 quentare,
755 4567 1057 4654 discentes
1091 4599 1329 4668 seipsos
1388 4600 1539 4653 tueri
1583 4603 1637 4653 et
1695 4600 1926 4654 hostem
1958 4601 2069 4654 im-
2102 4589 2153 4655 D
2183 4579 2698 4669 είδηίίηορριίῖειηο
2733 4579 3108 4669 -ίῐηᾨβνθιονθ
3155 4577 3440 4669 “signa?
3481 4567 3793 4669 θΡυάΔΟξδθ

397 4702 689 4759 pugnare.
760 4690 770 4697 ’

1053 4776 1303 4831 CAPUT
1344 4777 1411 4831 V.

399 4866 855 4936 Qualiter-primi
871 4866 980 4919 filii
1001 4866 1294 4920 Taucredi
1320 4865 1687 4938 Guillelmus,
1707 4870 1765 4920 et
1785 4866 1982 4938 Drogo
2006 4874 2066 4922 et

466 4938 859 5007 Huuifredus,
879 4954 910 4991 a
924 4938 1318 4993 Nortmanniu
1333 4937 1768 5008 digredientes.
1793 4937 2064 5009 Apuliam

466 5014 779 5064 venerunt.

467 5098 583 5151 Sed
617 5115 746 5152 cum
771 5098 1058 5168 viderent,
1092 5098 1307 5151 vinicis
1349 5098 1594 5152 senibus
1628 5097 2057 5169 deficientibus,

396 5184 667 5240 haeredes
699 5204 1038 5258 eorumpro
1081 5188 1420 5241 haereditate
1467 5188 1616 5241 inter
1648 5202 1713 5240 se
1765 5187 2055 5255 altercari,

397 5276 453 5325 et
503 5276 718 5326 sortem
749 5292 882 5346 quae
935 5277 1035 5330 uni
1086 5280 1353 5330 cesserat
1383 5276 1536 5328 inter
1580 5274 1779 5343 plures
1809 5275 2059 5328 divisam

397 5361 655 5431 singulis
694 5364 887 5417 minus
936 5366 1235 5433 sufﬁcere,
1270 5382 1342 5419 ne
1394 5364 1586 5417 simile
1641 5364 1779 5433 quid
1828 5364 1943 5417 sibi
2000 5364 2058 5417 in

394 5452 699 5520 posterum
761 5453 1059 5519 eveniret,
1117 5454 1429 5508 consilium
1485 5453 1637 5506 inter
1710 5467 1777 5505 se
1844 5451 2061 5505 habere

467 5538 579 5611 (1‘2)
810 5548 1099 5611 quantum.

465 5612 583 5684 (13)
624 5610 687 5666 C.
722 5610 788 5663 P.
823 5610 1179 5665 Moriellam.

2181 4670 2373 4723 briam
2407 4668 2499 4720 vel
2531 4672 2691 4721 certe
2714 4667 2984 4736 Apuliam
3006 4669 3174 4721 erant
3205 4666 3475 4736 suijuris
3506 4658 3792 4733 praefectus,

2184 4757 2443 4812 Siciliam
2476 4757 2547 4810 ad
2583 4756 2888 4810 utilitatem
2930 4755 3263 4810 debellandi
3304 4754 3590 4824 applicare
3632 4748 3789 4813 dispo-

2182 4861 2352 4916 nens,
2388 4845 2777 4915 undecunque
2810 4844 2928 4898 sibi
2953 4844 3171 4897 auxilia
3192 4841 3501 4908 condunt;
3522 4837 3659 4893 unde
3676 4836 3789 4887 etex

2184 4939 2346 5004 parte
2380 4931 2770 5005 imperatoris
2810 4932 3182 4987 Salernitano
3220 4931 3491 5002 principi,
3540 4932 3596 4981 ut
3640 4919 3788 4977 amico

2183 5023 2458 5094 imperii,
2512 5022 2745 5076 mandat
2804 5024 3097 5092 quatenus
3138 5020 3324 5090 ipsos,
3364 5034 3466 5088 per
3518 5028 3652 5086 quos
3698 5004 3787 5100 ini:

2184 5113 2371 5166 micos
2403 5127 2548 5165 suos
2580 5110 2977 5165 debellavissc
3012 5109 3164 5163 fama
3194 5112 3319 5164 erat
3349 5108 3409 5161 in
3436 5102 3689 5159 auxilium
3713 5108 3785 5148 sul

2183 5200 2411 5270 imperii
2454 5200 2661 5267 mittat,
2696 5199 3046 5269 promittens
3107 5198 3279 5252 etiam
3329 5195 3521 5250 multis
3574 5182 3783 5259 praemiis

2180 5288 2667 5345 remunerandos.
2685 5288 2974 5357 Princeps
2993 5292 3185 5341 autem
3211 5288 3418 5340 nactus
3447 5278 3780 5357 occasionem,

2182 5394 2294 5449 qua
2327 5379 2574 5433 honeste
2598 5393 2704 5432 eos
2736 5395 2768 5431 a
2789 5393 2854 5432 se
2877 5377 3143 5445 dimittat,
3167 5378 3370 5443 vocat;
3403 5366 3708 5427 accersitos,
3726 5356 3781 5449 ad

2180 5444 2335 5539 quod
2372 5468 2497 5521 limo
2529 5470 2775 5539 rogatus
2799 5470 2940 5533 erat,
2978 5466 3269 5534 hortatur,
3296 5459 3526 5533 praemia
3553 5467 3666 5526 qute
3683 5444 3778 5519 [301'

2252 5540 2363 5605 (l4)
2404 5540 2466 5592 Ο.
2503 5540 2567 5592 Ρ.
2605 5538 2987 5591 Gaimarium.

2247 5609 2358 5679 (15)
2397 5609 2460 5663 C.
2498 5611 2560 5663 P.
2594 5608 2979 5663 addiderunt.
