3926 6146
76 408 79 413 .
119 347 256 407 1405

1244 342 1632 406 HISTORIA
1660 338 1985 407 SICULA.
2018 374 2097 387 —-
2142 340 2302 403 LIB.
2334 343 2377 403 I.

3362 342 3516 405 1106

113 541 429 609 licebantur,
480 545 541 596 ut
579 558 684 597 eos
729 542 801 596 ad
834 542 891 596 id
932 539 1165 594 facilius
1213 541 1492 610 impellat,
1540 524 1818 595 verbisA
1854 540 2070 593 duinus
2092 540 2192 593 vix
2209 555 2313 594 eos
2342 553 2732 608 compescens
2753 538 2954 591 utilius
2988 539 3303 594 consilium
3332 541 3510 611 dedit,

114 646 457 698 enumerans,
480 631 652 684 etiam
674 632 744 685 de
767 631 897 685 suis
920 629 1249 699 pollicetur.
1274 630 1460 684 Porro
1500 630 1601 693 illi,
1624 646 1742 685 non

114 723 210 772 tam
233 718 461 788 imperio
480 719 763 788 principis
782 735 956 789 quam
993 734 1099 787 spe
1124 733 1326 772 eorum
1350 736 1481 789 quze
1503 719 1742 788 pollice-

110 807 296 860 bantur
318 807 514 875 illecti,
548 809 843 878 apparatis
885 824 1017 878 quae
1060 807 1405 861 necessaria
1452 811 1637 875 erant,
1668 808 1739 861 ad

114 894 406 949 Maniacum
440 912 626 967 usque
652 898 1065 967 pervenerunt.
1096 896 1177 949 Dc
1210 912 1459 966 quorum
1488 896 1741 949 adventu

114 984 384 1038 Maniacus
414 999 529 1038 non
558 985 860 1038 minimum
896 985 1163 1055 gavisus,
1193 984 1508 1053 plurimum
1538 999 1741 1038 eorum

111 1073 300 1126 auxilio
331 1072 539 1139 ﬁdens,
574 1074 812 1144 navigio
857 1076 1069 1142 aptato,
1117 1072 1377 1126 Siciliam
1423 1087 1742 1127 numeroso

113 1162 346 1216 exercitu
375 1162 654 1216 invadunt
684 1161 818 1231 (16),
853 1162 1162 1232 primoque
1212 1161 1570 1229 Messanam,
1607 1160 1743 1231 quia

113 1250 231 1318 ripae
275 1249 581 1318 applicuit,
628 1251 969 1321 contiguam
1011 1265 1401 1320 oppugnans,
1450 1250 1743 1303 deditione

110 1337 276 1391 fmdus
297 1354 496 1392 secum
515 1339 667 1392 inire
690 1338 904 1410 coegit.
932 1337 1079 1391 Nam
1104 1337 1373 1408 quamvis
1402 1337 1558 1407 apud
1581 1337 1729 1391 Mes-

113 1441 287 1479 sanam
317 1427 714 1481 strenuissimi
747 1443 873 1481 suae
905 1428 1101 1499 gentis
1138 1427 1353 1481 milites
1386 1429 1608 1495 essent,
1642 1426 1744 1497 qui

110 1514 170 1566 ab
197 1513 328 1568 urbe
358 1514 809 1584 progredientes
841 1516 900 1569 in
931 1530 1266 1586 congressu
1299 1514 1541 1568 Graecos
1572 1515 1746 1583 pluri-

112 1617 244 1655 mum
281 1602 666 1671 eollidebant;
718 1602 825 1657 sed
874 1607 1065 1657 tamen
1113 1604 1339 1657 Grmcis
1374 1603 1742 1671 cedentibus,

113 1689 304 1744 nostris
325 1691 746 1763 congrediendi
762 1692 929 1746 locus
946 1691 1149 1761 patuit.
1176 1692 1621 1758 Messancnses,
1649 1707 1748 1745 no-

113 1782 339 1833 strorum
360 1780 708 1834 strenuitate
728 1781 986 1835 nondum
1008 1784 1266 1850 experta,
1292 1780 1480 1850 primo
1511 1779 1747 1850 quidem

112 1867 296 1921 acriter
315 1868 539 1923 instare
576 1873 898 1939 coeperunt.
925 1870 998 1923 At
1037 1870 1139 1923 ubi
1162 1869 1445 1923 videntse
1481 1870 1617 1939 plus
1649 1884 1746 1922 so-
1774 1896 1823 1961 Β

111 1956 193 2009 lito
212 1957 419 2025 vexari,
442 1957 620 2027 quasi
642 1974 811 2011 novae
831 1958 1026 2028 gentis
1050 1957 1313 2011 militiam
1330 1957 1742 2025 abhorrentes,

110 2045 252 2114 terga
270 2044 648 2113 praebuerunt
669 2045 892 2098 nostris
916 2060 1107 2115 usque
1124 2044 1178 2097 in
1203 2044 1531 2114 proximum
1554 2043 1744 2113 urbis,

111 2135 373 2186 extremos
402 2148 676 2204 quosque
694 2132 1389 2187 caadentibus.Maniacus
1411 2136 1748 2188 nostrorum

112 2235 265 2273 causa
292 2225 496 2275 nactus
531 2222 761 2291 urbem,
807 2221 869 2276 in
915 2221 1102 2291 pretio
1136 2237 1240 2275 eos
1296 2221 1516 2275 habere
1549 2224 1742 2293 coepit,

112 2308 367 2379 donisque
397 2313 453 2363 et
482 2310 989 2379 promissionibus
1022 2310 1327 2381 corrigere
1359 2310 1470 2380 (17)
1500 2310 1571 2364 ad
1603 2311 1744 2364 mili-

110 2396 243 2450 tiam.
276 2397 405 2451 Inde
437 2412 588 2468 ergo
621 2397 1038 2467 profundiores
1074 2402 1274 2468 partes
1305 2398 1520 2453 Siciliae
1552 2403 1742 2454 atten-

111 2484 258 2539 tando
290 2489 341 2539 et
370 2487 568 2540 omnia
598 2485 976 2558 subjugando
998 2486 1473 2557 progredientes,
1494 2487 1742 2557 Syracu-

114 2588 218 2626 sam
245 2590 425 2644 usque
455 2578 875 2645 pervenerunt.
900 2576 1189 2631 Arcadius
1209 2576 1464 2647 quidam,
1491 2578 1587 2647 qui
1613 2577 1744 2631 urbi

110 2662 541 2732 principabatur,
578 2664 800 2717 nostris
832 2663 1088 2719 infestus
1133 2665 1347 2719 multas
1382 2669 1618 2737 strages
1648 2665 1745 2719 da-

111 2749 207 2803 bat.
235 2750 349 2815 Quo
369 2752 723 2807 Guilielmus
741 2753 1031 2807 Tancredi
1053 2752 1363 2825 ﬁlius,‘qui
1386 2754 1746 2809 Ferrcabra-

113 2837 223 2892 chia
239 2844 626 2911 nuncupatur,
653 2840 963 2910 plurimum
987 2842 1328 2913 indignatus
1352 2843 1570 2913 impetu
1594 2844 1746 2899 facto

113 2930 612 2999 supereumirruit,
638 2930 982 3000 fortiterque
999 2932 1392 3003 congrediens
1416 2932 1613 2986 hastili
1663 2951 1750 2988 ro-

113 3015 231 3071 bore
259 3017 554 3089 dejectum
587 3018 913 3088 interfecit;
959 3019 1113 3073 unde
1163 3024 1218 3073 ct
1261 3022 1512 3075 maxima
1555 3022 1746 3077 laudis

113 3104 462 3161 admiratione
488 3107 773 3177 deinceps
797 3108 948 3176 apud
970 3108 1215 3163 Graecos
1245 3113 1301 3164 et
1333 3111 1485 3181 apud
1514 3110 1748 3166 Siculos

114 3191 216 3246 fuit.
234 3194 407 3249 Siculi
427 3196 628 3266 itaque
655 3212 845 3267 usque
869 3196 939 3250 ad
963 3199 1272 3270 sexaginta
1296 3200 1471 3253 millia
1496 3216 1747 3272 congre-

112 3282 210 3351 gati
230 3284 511 3351 Maniaeo,
538 3288 595 3337 et
617 3285 745 3338 suis
777 3285 835 3338 in
866 3287 1130 3355 partibus
1153 3288 1380 3342 Trainae
1414 3290 1579 3343 urbis
1615 3290 1746 3344 bel-

113 3367 211 3422 lum
233 3372 435 3427 offerre
461 3375 707 3426 tentant.
734 3373 920 3428 Porro
943 3375 1290 3430 Guilielmus
1313 3378 1470 3431 ﬁlius
1494 3378 1746 3434 Tancre-

113 3457 176 3526 di,
202 3459 359 3515 laude
380 3462 607 3515 militia
631 3461 796 3516 ferox
819 3464 1000 3517 armis
1019 3464 1150 3533 (18),
1176 3470 1476 3536 strenuus,
1502 3467 1747 3522 Graecos

107 3559 135 3598 a
170 3553 450 3604 certamen
502 3552 876 3620 praeveniens
908 3553 1258 3619 ,cei-tamine
1283 3555 1422 3610 inito
1446 3572 1576 3610 cum
1620 3574 1748 3613 suae

113 3638 280 3706 gentis
301 3642 527 3693 tantum
549 3639 834 3694 militibus
856 3658 987 3695 cum
1011 3641 1180 3696 hoste
1210 3646 1607 3716 congreditur,
1641 3663 1747 3701 an-

112 3727 317 3795 tequam
365 3727 561 3782 Graeci
608 3728 681 3782 ad
730 3729 921 3783 locum
982 3732 1320 3787 certaminis
1380 3736 1745 3803 perveniant.

112 3811 339 3870 Fortiter
372 3818 608 3889 agendo
638 3818 840 3887 plures
876 3820 1082 3873 stravit
1102 3820 1233 3890 (19),
1266 3821 1528 3893 reliquos
1561 3823 1746 3894 fugat,

114 3901 278 3958 vietor
306 3904 586 3960 efﬁcitur.
620 3906 831 3976 Graeci,
857 3908 927 3960 ad
957 3908 1150 3962 locum
1170 3926 1287 3981 quo
1320 3915 1604 3965 certatum
1626 3912 1751 3966 fue-

110 3995 633 4063 ratpervenientes,
654 3995 878 4049 nostris
896 3996 1101 4051 hostes
1124 3998 1594 4071 insequentibus,
1613 4016 1749 4071 spo-

110 4078 174 4133 lia
200 4082 492 4153 diripiunt,
521 4083 675 4137 inter
706 4100 771 4138 se
803 4084 1087 4156 dividunt,
1118 4087 1277 4141 nulla
1308 4090 1573 4158 portione
1605 4106 1749 4145 nos-

112 4168 205 4223 tris
227 4171 323 4242 qui
349 4172 427 4225 ab
460 4172 634 4226 hoste
665 4178 1059 4229 excusserant
1087 4182 1413 4232 reservata.

707 4279 958 4334 CAPUT
992 4282 1137 4337 VIII.

263 4382 535 4449 Qualiter
561 4384 874 4440 Arduinus
901 4403 933 4440 a
961 4388 1236 4445 Mattiaco
1262 4382 1451 4445 caesus
1481 4392 1583 4447 sit.

169 4487 323 4553 Quod
355 4508 493 4545 cum
525 4493 734 4563 nostri,
768 4510 800 4547 a
829 4497 1239 4567 persequendo
1269 4497 1475 4553 hostes
1506 4499 1755 4554 redeun-

1858 629 2086 681 sciliect
2103 631 2164 681 ut
2191 628 2276 682 ira
2307 627 2675 680 dissimulata
2709 627 2835 695 ipse
2867 628 3214 683 cultioribus
3245 631 3515 684 vestibus

1859 717 1915 769 in
1945 719 2321 786 praesentiam
2346 716 2594 769 Maniaei
2615 716 2910 784 procedat,
2930 716 3145 785 :donec,
3172 719 3289 772 illis
3320 721 3515 773 minus

1860 806 2323 874 suspirantihus,
2358 805 2486 873 ipse
2513 820 2547 858 a
2574 804 2799 858 notario
2833 804 3101 873 Maniaci,
3123 806 3297 876 cujus
3320 808 3520 861 amici-

1859 896 1936 947 tia
1957 894 2279 961 fruebatur,
2302 893 2783 964 chirographum,
2809 910 2923 963 quo
2946 894 3195 948 liberius
3218 898 3522 950 transeant

1863 982 2141 1045 Pharum,
2183 984 2393 1051 q'tovis
2424 987 2555 1036 astu
2585 982 2891 1051 accipiant.
2926 984 3091 1046 Quod
3115 999 3247 1037 cum
3279 984 3366 1038 sic
3399 1000 3519 1038 ma-

1861 1072 2148 1137 chinatur,
2212 1071 2513 1124 Maaiacus
2561 1070 2655 1123 his
2703 1087 2835 1141 quae
2875 1072 3203 1141 agebantur
3247 1073 3517 1144 ignarus,

1858 1160 2327 1213 benevolentiam
2359 1160 2559 1212 militis
2588 1159 2848 1226 laudare,
2883 1176 3125 1214 munera
3154 1162 3518 1231 promittere,

1858 1248 2280 1302 subsannando
2341 1250 2533 1301 tamen
2592 1264 2722 1302 cum
2773 1249 2900 1301 suis
2949 1250 3161 1303 ridere.
3212 1249 3288 1304 Ut
3325 1254 3522 1305 autem

1859 1336 2183 1390 chartulam
2207 1353 2239 1390 a
2264 1338 2510 1404 notario,
2532 1338 2705 1406 quasi
2725 1338 2959 1407 aliquod
2977 1338 3281 1408 negotium
3301 1354 3520 1393 versus

1858 1423 2186 1478 Calabriam
2209 1425 2457 1494 habens,
2473 1425 2777 1478 Arduinus
2806 1425 3255 1496 accepit.,§nostri
3278 1427 3425 1480 clam
3448 1427 3521 1482 de

1858 1518 2029 1568 nocte
2062 1514 2397 1568 Messanam
2420 1529 2612 1584 usque
2634 1514 2971 1585 progressi,
3005 1515 3264 1569 Pharum
3284 1516 3520 1586 impune

1856 1605 2182 1673 transeunt,
2206 1603 2411 1673 sicque
2441 1618 2657 1657 versus
2687 1604 2953 1673 Apuliam
2986 1604 3314 1674 tendentes,
3347 1604 3518 1659 Cala-

1858 1691 2043 1745 briam
2077 1695 2131 1745 et
2149 1708 2518 1762 quaecunque
2549 1691 2887 1745 Grzecorum
2911 1691 3071 1761 juris
3090 1708 3229 1747 esse
3252 1693 3524 1748 sciebant

1857 1783 2088 1834 vastant
2110 1796 2245 1849 perc
2257 1780 2762 1850 urrentes,sicque
2785 1780 3053 1835 faciendo
3075 1798 3265 1851 usque
3286 1783 3345 1835 in
3361 1783 3522 1852 Apu-

1858 1869 1992 1921 liam
2014 1872 2431 1938 pervenerunt;
2454 1870 2559 1923 sed
2593 1870 2961 1923 dolositatem
2994 1870 3271 1923 Gaimarii
3297 1871 3519 1941 princi-

1853 1958 1949 2027 pis
2000 1961 2457 2029 cognoscentes,
2493 1958 2565 2011 ad
2603 1958 2797 2027 ipsum
2840 1958 3079 2012 minime
3110 1959 3472 2013 transierunt
3506 1975 3518 2014 :

1855 2062 2062 2101 verum
2092 2046 2455 2115 provinciam
2478 2046 2850 2117 invastando,
2878 2048 2994 2101 sibi
3013 2046 3142 2101 e'am
3158 2048 3523 2120 subjugandi

1857 2136 2173 2189 consilium
2207 2134 2519 2205 accipiunt.

2494 2222 2745 2277 CAPUT
2777 2224 2877 2277 IX.

1861 2311 2130 2378 Qualiter
2160 2311 2345 2366 Mcl/la
2377 2328 2408 2365 a
2452 2311 2848 2366 Nortmanm's
2886 2312 3179 2366 aediﬁcata
3220 2315 3321 2383 sit,
3357 2319 3417 2367 et
3446 2314 3521 2368 de

1928 2383 2122 2454 legato
2168 2399 2199 2436 a
2254 2383 2483 2455 Graecis
2521 2384 2719 2455 inisse,
2754 2389 2812 2436 et
2858 2383 2930 2437 de
2964 2385 3158 2453 primo
3195 2400 3521 2455 congressu

1928 2451 2093 2526 quem
2120 2470 2245 2508 cum
2282 2453 2515 2508 Graecis
2541 2451 2893 2508 habuerunt.

1925 2542 2039 2597 Sed
2074 2558 2205 2597 cum
2237 2543 2367 2596 sine
2400 2545 2616 2609 castro,
2637 2558 2753 2613 quo
2781 2558 2847 2596 se
2870 2546 3192 2611 tuerentur,
3215 2545 3418 2614 patriae
3450 2544 3517 2598 il-

1854 2633 1972 2687 lius
2004 2632 2213 2686 incolae
2247 2630 2357 2701 (‘20)
2391 2635 2614 2697 essent,
2650 2635 2930 2699 castrum,
2971 2633 3125 2702 quod
3165 2633 3340 2687 Melfa
3370 2633 3518 2687 diei—

1856 2726 1971 2791 tur,
2008 2724 2487 2795 eonstruxerunt;
2521 2720 2623 2774 ubi
2654 2736 2784 2773 cum
2817 2722 3123 2791 quingenti
3156 2725 3378 2777 tantum
3409 2723 3519 2776 mi-

1858 2811 1990 2865 lites
2042 2814 2265 2876 essent,
2300 2809 2515 2877 Graeci,
2550 2810 2650 2880 qui
2698 2812 2870 2863 terrae
2904 2810 2982 2862 illi
3014 2810 3518 2883 principabantur,

1857 2900 2111 2953 maxima
2166 2898 2533 2953 multitudine
2583 2913 2655 2951 ex
2704 2897 2975 2952 Calabria
3031 2902 3086 2953 et
3143 2901 3355 2969 Apulia
3404 2901 3522 2955 sibi

1859 2989 2179 3044 eoadunata
2203 3003 2393 3056 usque
2417 2987 2486 3039 ad
2508 2983 2815 3056 sefvaginta
2841 2987 3019 3039 millia
3054 2993 3433 3057 armatorum,
3458 2992 3522 3043 ut

1857 3094 1961 3133 eos
1994 3095 2025 3131 a
2058 3077 2275 3130 finibus
2308 3076 2435 3129 suis
2458 3075 2873 3144 propellerent,
2901 3092 3115 3129 versus
3139 3077 3271 3130 illos
3296 3079 3379 3131 ire
3403 3095 3517 3133 coc-

1856 3167 2412 3238 perunt,legatoque
2447 3165 2759 3234 praemisso
2792 3165 3066 3218 mandant
3100 3169 3160 3218 ut
3205 3167 3361 3237 quod
3392 3183 3518 3220 ma-

1780 3249 2071 3314 Clucrint
2115 3255 2373 3325 eligant;
2424 3257 2521 3307 aut
2570 3257 2867 3306 certamen
2918 3254 2971 3305 in
3006 3256 3265 3308 crastino
3313 3272 3520 3310 secum

1860 3346 2097 3412 habere,
2131 3348 2229 3397 aut
2259 3357 2400 3412 pace
2432 3342 2548 3395 sibi
2579 3341 2798 3394 indulta
2824 3342 3148 3397 incolumes
3180 3360 3212 3396 a
3243 3346 3519 3413 pervasis

1859 3434 2076 3488 finibus
2107 3433 2406 3486 recedere.
2442 3431 2702 3501 Legatus
2723 3446 2883 3500 vero,
2911 3432 3010 3500 qui
3042 3433 3113 3485 ad
3133 3433 3259 3486 haec
3294 3433 3520 3487 missus

1860 3524 2070 3591 fuerat,
2107 3537 2238 3575 cum
2286 3520 2682 3589 pulcherrimo
2737 3535 2887 3589 equo
2940 3520 3244 3590 insideret,
3284 3524 3521 3592 quidam

1862 3613 2260 3665 Nortmannus
2294 3609 2490 3680 Ilugo,
2539 3614 2930 3680 cognomento
2971 3609 3338 3664 Tudextifem
3384 3609 3520 3681 (21),

1862 3717 2076 3772 equum
2109 3716 2285 3753 manu
2329 3700 2638 3751 attrectare
2684 3699 2877 3767 empit.
2915 3698 2989 3750 Ut
3034 3702 3224 3753 autem
3259 3699 3523 3756 mirabile

1863 3789 2081 3861 aliquid
2106 3789 2175 3841 de
2196 3804 2261 3842 se
2286 3788 2586 3858 sociisque
2612 3787 2760 3856 suis,
2785 3788 2934 3840 unde
2952 3791 3337 3857 terrerentur,
3363 3790 3524 3844 Grae-

1864 3881 1951 3933 cis
1976 3877 2368 3943 mandaretur,
2394 3876 2549 3929 nudo
2574 3891 2769 3945 pugno
2803 3892 3014 3945 equum
3041 3877 3095 3929 in
3121 3878 3352 3932 cervice
3384 3895 3522 3947 pcr-

1864 3967 2093 4021 cutiens
2124 3981 2240 4018 uno
2287 3965 2423 4030 ictu,
2461 3964 2629 4032 quasi
2664 3966 2977 4029 mortuum,
3015 3964 3248 4034 dejecit.
3291 3967 3526 4038 Reliqui

1863 4071 2003 4110 vero
2028 4052 2375 4107 Nortmanni
2396 4051 2772 4121 prosilicntes
2794 4052 3193 4123 Graecum,qui
3219 4071 3349 4108 eum
3374 4072 3523 4126 equo

1864 4144 2134 4214 dejectus
2161 4141 2350 4195 fuerat
2372 4144 2425 4193 ct
2450 4139 2577 4191 solo
2606 4140 2811 4192 timore
2834 4140 3018 4192 laesus
3042 4144 3213 4209 quasi
3236 4145 3524 4198 exanimis

1864 4234 2026 4287 humi
2069 4230 2325 4302 jacebat,
2378 4228 2649 4298 erigunt;
2711 4243 2924 4297 equum
2973 4234 3166 4281 autem
3214 4246 3403 4300 usque
3454 4232 3524 4283 ad

1865 4320 2156 4392 quoddam
2176 4316 2562 4388 praecipitium
2586 4316 2993 4384 pel-trahentes
3017 4316 3316 4386 dejiciunt.
3338 4321 3524 4373 Porro

1864 4413 2130 4476 Graecus,
2166 4424 2298 4461 cum
2344 4406 2440 4459 vix
2491 4404 2891 4459 consolatione
2924 4406 3421 4462 Noxtmannorum
3454 4410 3527 4463 ad

1867 4504 2120 4555 mentem
2145 4494 2677 4564 rcdiisset,meliori
2710 4510 2861 4564 equo
2884 4496 2954 4549 ab
2984 4496 3071 4549 eis
3104 4500 3365 4567 accepto,
3397 4514 3527 4552 cer-

114 4579 206 4647 tes,
259 4581 709 4652 cognovissent,
769 4582 1046 4654 injuriam
1094 4586 1221 4655 rati,
1268 4603 1374 4657 per
1426 4589 1753 4644 Arduinum
1781 4596 1842 4668 ο
1870 4593 2060 4644 tamen
2084 4589 2346 4657 paratum
2385 4584 2567 4637 sociis
2587 4582 2785 4637 refert.
2812 4584 2925 4638 Sed
2950 4602 3081 4638 eum
3113 4585 3267 4655 quod
3293 4586 3525 4640 accide-

110 4670 400 4737 quemdam
436 4671 660 4740 Italum,
711 4672 809 4742 qui
853 4688 927 4726 ex
969 4675 1191 4728 nostris
1225 4679 1365 4740 erat,
1423 4678 1521 4746 qui
1564 4678 1756 4732 Gnaei

112 4761 390 4813 sermonis
422 4759 691 4829 peritiam
736 4760 1008 4829 habebat,
1044 4763 1370 4818 Maniaeum
1414 4767 1613 4837 utique
1646 4768 1756 4820 im-

112 4848 356 4917 provise,
373 4864 449 4902 an
465 4863 538 4901 ex
557 4847 979 4904 deliberatione
1002 4850 1307 4906 industrite
1332 4854 1520 4923 spolia
1546 4856 1759 4910 divise-

114 4933 193 4997 rit,
241 4937 310 4990 ad
356 4937 649 4990 rationem
696 4942 937 5006 ponunt.
1001 4940 1188 4994 Porro
1239 4941 1333 4996 ille
1394 4942 1754 5015 indignatus,

113 5025 268 5090 quasi
295 5026 573 5095 potestati
621 5040 748 5080 suae
797 5029 1201 5083 contradicere
1245 5035 1755 5101 praesumpserint,

114 5124 231 5165 cum
251 5111 422 5167 liceat
443 5113 513 5168 de
532 5113 757 5169 eisdem
778 5117 989 5185 spoliis
1026 5118 1136 5172 sibi
1161 5135 1266 5188 pro
1290 5120 1451 5174 libito
1477 5138 1585 5175 suo
1623 5137 1759 5192 age-

114 5213 187 5265 re,
213 5217 314 5269 per
335 5204 528 5272 spatia
559 5206 891 5259 castrorum
916 5205 1171 5261 fustibus
1196 5210 1576 5279 caedendo,ad
1597 5211 1759 5279 igno-

114 5287 337 5344 miniam
369 5292 563 5362 gentis
613 5296 834 5348 nostrae
867 5297 1240 5351 contumeliis
1272 5298 1425 5352 affici
1459 5302 1757 5371 praecepit.

114 5375 405 5433 Arduinus
451 5381 686 5435 rediens
727 5398 861 5437 cum
906 5385 1039 5438 talia
1073 5387 1313 5456 nuntiat,
1362 5388 1548 5442 nostri
1580 5406 1761 5461 grave

114 5461 383 5538 ferentes,
419 5468 478 5523 in
507 5471 750 5527 Graecos
783 5473 1095 5547 insurgere
1127 5476 1474 5532 deliberant.
1508 5478 1622 5533 Sed
1657 5480 1763 5534 Ar-

177 5607 286 5679 (16)
313 5609 379 5665 C.
417 5610 488 5666 P.
520 5612 772 5670 invadit.

420 5681 481 5759 ξ.
515 5686 813 5759 arrigere.

177 5748 285 5827 (18)
318 5751 384 5809 C.
420 5752 482 5811 P.
513 5757 577 5815 in
609 5748 813 5817 armis.

1868 4682 1955 4733 rat
1982 4675 2347 4747 principibus
2372 4671 2566 4743 populi
2593 4674 2683 4725 sui
2710 4676 2927 4727 tantum
2956 4674 3275 4743 retulisset,
3307 4675 3526 4743 illi,ad-

1869 4768 2178 4822 miratione
2210 4767 2265 4817 et
2296 4751 2451 4816 metu
2480 4762 2773 4832 percussi,
2814 4762 3059 4815 verbum
3091 4763 3242 4816 inter
3270 4779 3336 4816 se
3365 4779 3528 4817 com-

1870 4854 2228 4927 primcbant,
2282 4868 2352 4905 ne
2406 4850 2581 4917 forte,
2630 4851 2679 4903 si
2737 4851 2794 4903 in
2839 4851 3141 4920 propatulo
3200 4851 3526 4920 diceretur,

1872 4944 2170 5001 exercitus
2213 4942 2450 4995 territus
2508 4939 2825 5010 refugeret.
2874 4940 3041 4993 Mane
3096 4940 3288 5009 itaque
3340 4941 3528 5009 facto,

1873 5049 2104 5088 summo
2137 5031 2393 5085 diluculo
2426 5045 2455 5081 a
2490 5027 2867 5081 Norlmannis
2900 5029 3252 5097 oerurritur,
3287 5028 3531 5083 fortiter-

1873 5138 1986 5195 que
2006 5120 2460 5192 congredientcs
2480 5117 2764 5171 acerrime
2791 5118 3063 5186 utrinque
3086 5120 3399 5187 pugnatur.
3434 5119 3532 5171 In-

1874 5216 2132 5267 tererant
2165 5209 2301 5262 huic
2342 5206 2639 5259 certamini
2673 5206 2742 5258 de
2778 5206 2912 5257 tiliis
2944 5205 3254 5276 Taneredi,
3288 5206 3534 5262 Guiliel-

1874 5317 2008 5355 mus
2028 5295 2491 5353 Ferreabrachia
2516 5297 2570 5348 et
2602 5294 3079 5364 comesl)rogon;
3106 5295 3355 5349 necdum
3379 5298 3537 5367 quis-

1877 5405 2050 5461 quam
2092 5387 2334 5440 fratrum
2367 5400 2470 5437 eos
2494 5382 2853 5435 subsecutus
2888 5380 3095 5436 fuerat.
3138 5383 3238 5437 Isti
3279 5402 3439 5456 vero,
3476 5389 3538 5440 ut

1877 5476 2191 5533 fortissimi
2222 5475 2436 5527 milites
2468 5470 2669 5525 socios
2698 5470 3047 5541 animantes,
3078 5473 3185 5527 sed
3215 5478 3270 5528 et
3302 5474 3539 5545 ipsimet

1949 5619 2062 5690 (19)
2091 5619 2155 5690 c.
2188 5619 2254 5690 Ρ.
2289 5613 2532 5690 sternit.

1951 5685 2064 5762 eo)
2094 5688 2158 5762 ο.
2186 5689 2259 5762 r.
2293 5685 2524 5762 acris-

1952 5755 2064 5836 (21)
2094 5761 2157 5819 C.
2184 5761 2251 5817 P.
2296 5755 2674 5815 Tudebufem.
