3926 6146
419 347 579 410 1407

1201 349 1635 412 GAUFBEDI
1678 346 2217 413 murenam
2247 310 2629 412 MONACVHI
2669 336 3110 413 BENEDICT.

3677 354 3805 416 1108

417 544 649 601 fortiter
675 549 942 617 agentes,
979 546 1177 601 multis
1207 563 1281 601 ex
1306 547 1579 601 hostibus
1603 548 1940 618 prostratis,
1964 551 2087 605 tan-
2105 532 2156 595 Α
2195 564 2332 604 sese
2355 549 2773 603 benefacturos
2798 550 3038 619 polliciti
3063 552 3221 603 sunt.
3251 550 3362 604 Sed
3384 550 3703 622 perlongum
3735 559 3808 607 est

415 635 621 689 demin
644 635 847 706 fugam
876 636 1139 706 reliquos
1163 637 1483 701 dederunt;
1520 653 1673 707 quos
1698 638 2084 708 insequentes

413 727 469 778 et
499 725 868 794 posteriores
911 741 1181 795 quosque
1232 727 1549 795 caedentes,
1594 727 1899 780 victoriam
1943 727 2086 781 obti-

413 816 688 880 nuerunt,
723 814 921 868 multis
945 815 1220 869 hostibus
1251 817 1308 867 in
1334 816 1591 884 flumine,
1613 816 1768 886 quod
1791 816 2081 870 Olivetum

415 901 648 971 dicitur,
682 901 819 955 dum
849 905 1218 956 transnatare
1251 905 1507 973 cupiunt,
1544 905 1898 959 submersis.

857 1055 865 1063 ,
1101 991 1353 1046 CAPUT
1388 993 1457 1047 Χ.

646 1081 734 1137 De
760 1084 1017 1137 secundo
1042 1085 1257 1154 proelio
1287 1085 1397 1139 sub
1430 1086 1842 1157 Montepiloso.

487 1170 663 1237 Victi,
689 1171 940 1225 necdum
958 1175 1149 1226 autem
1173 1173 1494 1245 defatigati,
1521 1175 1627 1228 sed
1670 1177 1907 1245 seipsos
1930 1176 2082 1229 invi-

418 1276 549 1313 cem
568 1259 914 1328 animantes,
933 1261 1114 1315 multo
1131 1263 1401 1330 ampliori
1420 1265 1679 1317 exercitu
1700 1267 2083 1335 congregato,

414 1349 562 1404 duce
586 1350 832 1403 Annone
856 1352 953 1420 qui
978 1351 1048 1403 ad
1071 1351 1184 1405 hoc
1207 1354 1283 1404 ab
1306 1353 1655 1422 imperatore
1674 1354 2087 1407 Constantino-

413 1438 670 1507 politano
700 1439 926 1492 missus
959 1438 1168 1508 fuerat,
1212 1440 1420 1495 iterum
1450 1441 1669 1495 bellum
1701 1440 2085 1512 parant.Qui-

416 1525 531 1581 bus
557 1526 902 1581 Nortmanni
936 1528 1092 1582 bello
1126 1545 1240 1583 non
1273 1546 1517 1601 segnes,
1553 1532 1665 1585 sub
1701 1531 2087 1599 Montepiloso

418 1619 801 1670 occurrentes
819 1615 1378 1689 fortitercongressi
1394 1620 1774 1673 ostendentes
1791 1634 1856 1672 se
1870 1619 2088 1673 bellum

417 1704 572 1758 nolle
589 1704 887 1775 refugere,
922 1707 1026 1759 sed
1054 1708 1248 1775 potius
1281 1709 1451 1777 quasi
1485 1724 1559 1761 ex
1588 1708 1975 1761 delectatione
1997 1722 2092 1775 ap-

413 1796 634 1862 petere.
670 1792 734 1845 In
783 1809 1116 1864 congressu
1151 1795 1383 1849 Graecis
1417 1800 1619 1849 contra
1654 1798 1821 1864 ipsos
1862 1795 2090 1849 fortiter

2193 638 2328 692 huic
2353 639 2539 710 operi,
2566 653 2672 707 per
2689 639 2924 710 singula
2942 639 3394 710 perstringendo
3416 639 3680 709 inserere,
3701 658 3810 711 qua-

2192 726 2324 781 liter
2355 728 2507 796 apud
2541 727 2810 796 Apuliam
2841 729 3093 798 egerunt
3122 727 3253 796 (24).
3293 727 3418 781 Hoc
3448 731 3655 781 tantum
3682 745 3812 783 sum-

2200 816 2395 868 matim
2427 830 2544 869 non
2575 816 2765 869 solum
2797 831 2929 882 nos,
2970 816 3079 869 sed
3100 816 3272 871 etiam
3307 832 3405 870 res
3428 818 3549 885 ipsa
3581 821 3807 887 testatur,

2203 904 2357 973 quod
2391 919 2621 958 omnem
2644 904 2888 973 patriam
2906 905 3090 958 armis
3112 904 3416 959 domantes
3439 905 3551 959 sibi
3570 905 3811 977 subjuga-

2195 996 2428 1046 verunt.
2453 992 2866 1063 Subsequente
2893 994 3050 1047 enim
3083 1008 3150 1047 se
3174 1009 3438 1059 suorum,
3468 997 3521 1048 et
3547 998 3809 1063 parentum

2198 1085 2254 1135 et
2286 1082 2820 1151 compatriotarum,
2855 1081 2963 1135 sed
2996 1084 3052 1135 et
3078 1082 3435 1152 reliquarum
3467 1082 3811 1153 circumadja-

2198 1170 2451 1224 centium
2465 1171 2902 1241 regionum,spe
2916 1171 3462 1240 quaestus,maxima
3476 1171 3808 1237 multitudine,

2198 1259 2310 1327 ipsi
2342 1259 2580 1328 impigri
2612 1258 2952 1328 largitores,
2987 1260 3159 1330 quasi
3201 1260 3415 1314 fratres
3442 1261 3810 1330 suscipientes,

2201 1347 2392 1416 equis,
2427 1348 2628 1414 armis,
2662 1351 2716 1401 et
2747 1348 3017 1402 vestibus
3049 1364 3115 1400 ac
3138 1349 3399 1401 diversis
3417 1350 3733 1402 muneribus
3748 1351 3812 1402 di-

2201 1435 2415 1489 tabnnt.
2442 1434 2807 1499 Quibusdam
2848 1437 3021 1490 etiam
3044 1441 3332 1491 terrarum
3365 1438 3491 1491 loca
3526 1438 3813 1509 largissime

2198 1523 2699 1593 impertiebantur.
2734 1525 3007 1579 omnibus
3035 1525 3255 1580 divitiis
3275 1526 3459 1597 hujus
3484 1527 3667 1580 mundi
3686 1528 3810 1581 auxi-

2197 1612 2277 1664 lia
2311 1612 2546 1665 fortium
2574 1612 2819 1665 militum
2853 1617 3283 1683 praeponentes.
3306 1616 3682 1678 Quamobrem
3703 1614 3813 1668 nihil

2198 1701 2436 1769 incnepti
2458 1702 2762 1755 incassum
2784 1702 2897 1755 illis
2916 1702 3453 1771 prmteribatﬂnde
3468 1708 3519 1756 et
3533 1703 3663 1756 illud
3683 1719 3813 1756 evan.

2200 1789 2453 1858 gelicnm
2478 1790 2596 1843 illis
2612 1791 2900 1859 provenit,
2936 1791 3035 1845 ubi
3057 1790 3273 1844 dicitur
3296 1808 3307 1845 :
3332 1791 3419 1845 Da
3431 1804 3506 1859 te,
3545 1800 3597 1845 et
3620 1791 3814 1846 dabitur

417 1882 750 1952 agentibus,
791 1898 922 1935 cum
958 1882 1083 1952 jam
1116 1883 1463 1937 Nortmanni
1496 1886 1726 1955 fatigari
1759 1901 1881 1954 prae
1912 1885 2089 1938 nimia
2125 1906 2172 1966 Β
2206 1877 2394 1966 vobis.
2445 1877 2671 1966 Quanto
2721 1879 2876 1931 enim
2928 1878 3210 1947 ampliora
3258 1879 3655 1951 largiebantur
3696 1884 3812 1932 tanto

418 1966 581 2021 cmde
612 1968 953 2036 coepissent,
994 1969 1343 2024 Guilielmus
1394 1975 1694 2040 quartanae
1737 1972 1921 2025 febris
1954 1976 2089 2042 typo

419 2053 743 2119 laborabat,
797 2060 852 2109 et
886 2072 1013 2126 prae
1047 2058 1221 2110 nimia
1255 2059 1607 2127 infirmitate,
1644 2075 1757 2130 qua
1786 2060 2093 2129 premeba-

420 2144 533 2207 tur,
586 2145 891 2198 certamini
935 2146 1229 2200 interesse
1272 2163 1388 2200 non
1433 2152 1676 2219 poterat,
1734 2150 1839 2202 sed
1886 2144 2093 2218 procul

416 2230 631 2302 jacens
679 2233 895 2286 exitum
948 2234 1033 2287 rei
1083 2236 1482 2304 exspectabat.
1531 2237 1675 2290 Cum
1721 2240 1943 2293 videret
1972 2239 2095 2310 jam

422 2335 568 2374 suos
589 2319 786 2375 minus
810 2321 1042 2375 fortiter
1061 2338 1262 2393 agere,
1279 2328 1335 2377 et
1360 2340 1509 2393 pene
1530 2326 1804 2397 deficere,
1839 2327 2102 2399 indigna-

419 2407 577 2464 tione
624 2412 679 2463 et
713 2409 820 2476 ira,
872 2410 1231 2465 infirmitatis
1267 2429 1378 2483 qua
1431 2415 1807 2482 premebatur
1857 2417 2095 2486 oblitus,

420 2512 585 2550 arma
603 2499 934 2568 corripiens
957 2515 1114 2567 sese,
1136 2502 1411 2571 quasileo
1435 2502 2097 2573 furibundus,hostibus

418 2586 675 2639 medium
690 2587 847 2640 dedit
861 2603 1125 2659 suosque
1140 2590 1340 2643 verbis
1356 2591 1774 2646 exhortatoriis
1791 2608 2093 2662 recreans,

424 2671 660 2727 fortiter
690 2676 918 2746 agendo
952 2676 1159 2731 hostes
1211 2679 1267 2732 in
1301 2678 1501 2750 fugam
1548 2683 1740 2750 vertit,
1790 2682 1939 2737 duce
1985 2682 2074 2750 (2‘2

423 2760 784 2830 Anno,duce
810 2766 1126 2833 exercitus,
1155 2767 1255 2836 qui
1277 2769 1561 2823 caudatus
1581 2774 1724 2839 erat,
1750 2772 1920 2840 quasi
1946 2772 2095 2826 bove

422 2849 753 2905 interfecto.
775 2853 1016 2908 Viribus
1041 2854 1235 2925 itaque
1254 2858 1383 2910 suis
1408 2858 1743 2913 diffidentes
1768 2862 1825 2912 et
1845 2859 2095 2915 fortunae

427 2939 625 2993 minus
650 2942 983 3011 credentes,
1010 2946 1202 2997 castra
1226 2961 1335 2998 sua
1358 2948 1687 3001 munientes
1712 2949 1860 3002 ultra
1882 2950 2093 3004 decer-

422 3029 547 3082 tare
579 3045 712 3083 cum
739 3031 1143 3102 Nortmannis,
1174 3034 1289 3088 nisi
1329 3036 1513 3089 muris
1554 3037 1941 3107 interpositis,
1978 3056 2092 3095 non

425 3121 886 3191 praesumebant,
915 3123 1018 3175 sed
1039 3139 1228 3193 neque
1249 3124 1361 3193 ipsi
1383 3127 1533 3179 muri
1554 3131 1753 3180 contra
1784 3128 2091 3183 Nortman-

420 3222 532 3262 nos
562 3210 715 3263 tueri
746 3214 1031 3278 poterant.
1070 3212 1215 3265 Nam
1248 3214 1475 3267 crebris
1500 3215 1945 3271 incursionibus
1986 3235 2091 3272 eos

422 3294 816 3367 lacessentes,
849 3301 1043 3354 vineta
1076 3306 1130 3355 et
1162 3303 1372 3356 oliveta
1412 3319 1614 3358 eorum
1665 3308 2087 3377 exstirpabant,

424 3390 707 3455 armenta,
742 3392 796 3440 et
828 3404 1040 3456 pecora
1080 3393 1136 3442 et
1167 3395 1378 3445 caetera
1410 3408 1542 3462 quae
1569 3395 1640 3446 ad
1671 3411 1845 3448 usum
1876 3412 2089 3451 neces-

419 3475 579 3528 saria
601 3479 759 3543 sunt,
794 3477 938 3529 nihil
971 3481 1136 3530 extra
1168 3484 1364 3533 castra
1396 3482 1817 3552 relinquentes,
1852 3485 2085 3555 diripie-

420 3563 580 3616 bant.
617 3562 733 3617 Sed
767 3567 823 3617 et
849 3564 978 3633 ipsa
1010 3570 1225 3635 castra,
1258 3568 1407 3637 ipsis
1432 3570 1583 3623 intra
1608 3574 1886 3645 reclusis,
1919 3593 2085 3632 exer-

421 3650 541 3704 citu
571 3651 858 3705 vallantes
883 3656 2086 3737 oppuguabnnt,machinamentisque,qui-

420 3738 537 3793 bus
560 3738 892 3794 doctissimi
911 3742 1169 3797 artifices
1189 3750 1375 3816 erant,
1401 3748 1470 3801 ad
1494 3748 1550 3802 id
1569 3749 1745 3804 officii
1766 3755 2081 3824 agendum,

419 3828 784 3883 necessariis
807 3832 1038 3900 aptatis,
1064 3849 1264 3888 muros
1295 3839 1351 3890 et
1378 3840 1575 3893 turres
1608 3842 1835 3896 crebris
1867 3842 2083 3899 ictibus

417 3919 837 3990 impingendo,
889 3921 1154 3976 funditus
1205 3924 1534 3981 diruebant.
1600 3930 1811 4000 Ruptis
1870 3935 2078 4004 muris,

413 4007 605 4079 adytis
636 4011 972 4079 patentibus
1006 4012 1420 4086 irrumpentes,
1454 4020 1645 4073 omnia
1697 4022 1813 4090 sibi
1844 4022 2078 4094 diripie-

416 4098 576 4167 bant,
614 4099 765 4153 unde
799 4106 855 4154 et
883 4102 1104 4172 reliqua
1127 4106 1582 4178 circumquaque
1615 4114 1830 4180 castra,
1864 4112 1921 4165 id
1964 4114 2079 4167 sibi

412 4186 666 4242 invicem
694 4194 1025 4261 cernentes,
1059 4192 1210 4247 ultro
1235 4209 1373 4248 sese
1404 4211 1609 4251 eorum
1633 4199 1837 4255 ditioni
1860 4200 2076 4257 subde-

410 4277 571 4333 bant.

1052 4370 1304 4427 CAPUT
1335 4375 1433 4430 XI.

444 4455 897 4537 Dejuniqrilius
937 4457 1084 4537 {iliis
1137 4461 1447 4537 Trinacrii,
1502 4466 1600 4537 qui
1624 4469 2040 4537 praacedcntes

691 4528 922 4583 fratres
951 4531 1011 4583 in
1043 4532 1256 4603 Apulia
1293 4528 1599 4590 subsecuti
1624 4528 1785 4594 sunt.

2202 1964 2424 2035 majora
2456 1964 2853 2020 lucrabantur.

2831 2054 3081 2109 CAPUT
3108 2055 3235 2110 XII.

2575 2144 2663 2198 De
2692 2151 2881 2197 morte
2910 2143 3213 2199 Guilielmi
3242 2147 3497 2200 comitis.

2278 2232 2462 2302 lgitur
2492 2233 2726 2287 seniore
2761 2232 2960 2301 fratre,
2985 2232 3296 2288 Guilielmo
3321 2235 3594 2289 videlicet
3628 2236 3811 2303 comite,

2202 2320 2535 2375 infirmitate
2579 2322 2995 2391 praeveniente,
3049 2322 3350 2391 defuncto,
3404 2340 3646 2395 magnus
3684 2323 3816 2377 dolor

2205 2424 2411 2463 omnes
2436 2410 2838 2464 Nortmannos
2862 2411 3331 2481 invasit.Quippe
3355 2412 3455 2482 qui
3480 2413 3610 2466 tanti
3634 2410 3815 2465 consilii

2204 2498 2416 2564 virum,
2450 2503 2565 2551 tam
2613 2500 2795 2553 armis
2828 2503 3153 2568 strenuum,
3202 2503 3318 2554 tam
3352 2502 3471 2555 sibi
3511 2500 3814 2565 munificum,

2203 2585 2514 2656 affabilem,
2551 2588 2969 2657 morigeratum
3004 2589 3253 2643 ulterius
3285 2605 3356 2642 se
3387 2589 3603 2643 habere
3631 2587 3815 2642 diffide-

2202 2675 2361 2728 bant.
2386 2676 2501 2729 Sed
2521 2677 2848 2745 exsequiis,
2883 2692 2953 2731 ex
2978 2692 3138 2731 more
3174 2678 3620 2731 accuratissime
3644 2681 3692 2730 et
3717 2691 3815 2729 cum

2204 2779 2416 2834 magno
2448 2763 2683 2833 planctu
2715 2781 2827 2818 non
2867 2765 3156 2820 immerito
3187 2766 3533 2834 celebratis,
3567 2764 3816 2820 secundus

2202 2850 2386 2904 frater
2406 2852 2605 2924 Drogo
2626 2853 2803 2906 totius
2826 2853 3054 2922 Apuliae
3072 2854 3436 2909 dominatum
3462 2854 3732 2923 suscepit:
3753 2852 3818 2903 vir

2200 2940 2527 3008 quiilem,ut
2548 2941 2850 2995 succincte
2873 2942 3273 3011 dicamus,per
3297 2948 3512 2998 cuncta
3534 2941 3816 2997 laudabilis.

2200 3027 2308 3081 llic
2336 3029 2582 3082 fratrem
2609 3045 2780 3083 suum
2820 3031 3213 3085 Hunifredum
3236 3032 3614 3103 Abagelardo
3634 3029 3730 3098 (ἓὸ)
3749 3044 3818 3081 co-

2198 3117 2415 3185 mitem,
2461 3118 2615 3187 apud
2647 3122 2926 3188 castrum,
2978 3120 3135 3190 quod
3166 3121 3350 3174 Lavel
3407 3121 3631 3186 dicitur,
3667 3120 3815 3171 virum

2196 3207 2725 3275 prudentissimum
2746 3208 2995 3262 consilio
3016 3209 3465 3277 Apuleiensium
3481 3214 3535 3263 et
3557 3208 3814 3261 Nortman-

2198 3311 2405 3349 norum
2438 3296 2767 3364 ordinavit;
2822 3298 3140 3351 llobertum
3184 3314 3332 3351 vero
3382 3298 3747 3351 Guiscardum
3774 3294 3813 3344 in

2194 3384 2464 3437 Calabria
2487 3386 2955 3453 posuit,firmans
2969 3387 3020 3439 ei
3045 3388 3302 3439 castrum
3324 3387 3382 3438 in
3411 3387 3559 3440 valle
3572 3382 3811 3446 Cretensi,

2194 3474 2323 3526 loco
2358 3473 2456 3543 qui
2481 3474 2706 3527 Scribla
2739 3474 2971 3543 dicitur,
3005 3474 3075 3527 ad
3114 3474 3530 3528 debellandum
3552 3471 3812 3527 Consenti-

2194 3577 2304 3615 nos
2337 3565 2392 3616 et
2421 3578 2525 3616 eos
2558 3563 2654 3633 qui
2687 3564 2879 3617 adhuc
2911 3564 2968 3617 in
2990 3562 3259 3617 Calabria
3293 3568 3465 3618 erant
3495 3564 3746 3617 rebelles.

2812 3651 3062 3705 CAPUT
3092 3652 3245 3706 XIII.

2562 3742 2650 3796 De
2679 3747 2869 3796 morte
2902 3742 3136 3796 comitis
3169 3742 3491 3813 Drogonis.

2263 3830 2643 3901 Langobardi
2674 3830 2854 3902 igitur
2912 3831 3329 3900 Apuleienses,
3383 3847 3575 3903 genus
3619 3840 3810 3896 semper

2189 3919 2673 3989 pen-fidissimum,
2723 3919 3032 3974 traditione
3070 3935 3176 3988 per
3205 3920 3553 3975 universam
3588 3917 3808 3988 Apuliam

2189 4008 2435 4061 silcnter
2457 4008 2744 4074 ordinata,
2770 4012 2834 4062 ut
2867 4023 3073 4063 omnes
3113 4009 3468 4065 Nortmanni
3492 4025 3600 4063 una
3629 4007 3709 4060 die
3732 4018 3809 4057 oc-

2190 4097 2531 4151 ciderentur
2567 4097 2953 4152 determinato
2978 4098 3233 4165 die,cum
3255 4114 3463 4154 comes
3486 4099 3671 4168 Drogo
3689 4090 3806 4163 apud

2189 4189 2448 4239 castrum
2480 4186 2694 4241 Montis
2716 4186 3025 4257 Olei,quod
3053 4191 3328 4257 corrupte
3350 4189 3426 4242 ab
3450 4187 3650 4241 incolis
3676 4184 3805 4263 itione

2187 4274 2389 4329 tolium
2448 4275 2698 4344 dicitur,
2762 4280 3110 4344 moraretur,
3165 4292 3399 4331 summo
3458 4274 3713 4342 diluculo,
3753 4267 3807 4322 ad

2188 4363 2522 4433 ecclesiam,
2558 4365 2619 4417 ut
2665 4364 2943 4419 sibi-mos
2974 4369 3116 4431 erat,
3157 4380 3511 4435 properans,
3558 4379 3678 4418 cum
3710 4360 3804 4429 jam

2187 4453 2784 4521 ecclesiamintraret,
2808 4453 3064 4523 quidam,
3099 4454 3281 4508 Risus
3312 4456 3567 4523 nomine,
3590 4451 3708 4524 ejus
3734 4461 3804 4500 σο-

2186 4542 2344 4595 mitis
2375 4546 2695 4612 compater,
2730 4547 2786 4595 et
2814 4544 3202 4597 sacramentis
3226 4543 3571 4611 foederatus,
3595 4543 3713 4611 post
3734 4536 3801 4606 ja-

481 4617 762 4672 Juniores
794 4634 938 4672 vero
962 4620 1354 4693 fratres,quos
1375 4628 1518 4679 aetas
1547 4627 1737 4682 adhuc
1773 4629 1930 4684 domi
1961 4616 2072 4684 im-
2111 4620 2582 4699 Dnuamlatens,
2609 4631 2830 4684 foedere
2853 4636 3046 4701 rupto,
3073 4633 3229 4687 ferro
3267 4649 3403 4687 eum
3425 4629 3690 4700 suscepit,
3726 4622 3802 4695 qui

407 4706 627 4759 morari
660 4708 928 4778 cogebat,
962 4711 1367 4777 prazcedentes
1391 4715 1661 4769 seniores
1688 4716 1901 4773 fratres
1921 4720 2073 4789 apud

406 4794 678 4865 Apuliam
702 4796 929 4850 fortiter
952 4798 1448 4868 agendo,altioris
1479 4805 1708 4858 culmen
1740 4806 1986 4862 honoris
2017 4811 2073 4863 et

406 4883 822 4939 dominationis
850 4886 1379 4956 ascendisse,fama
1405 4891 1695 4946 referente
1711 4910 2073 4966 cognoscen-

403 4975 515 5039 tes,
549 4975 842 5044 quamcito
887 4979 1032 5028 aetas
1070 4977 1356 5047 permisit,
1409 4980 1524 5049 ipsi
1571 4997 1805 5053 quoque
1858 4985 2070 5039 subse-

406 5062 545 5131 cuti,
569 5063 802 5117 duobus
827 5067 1048 5117 tantum
1072 5066 1126 5117 in
1150 5066 1335 5135 patria
1360 5067 1603 5135 relictis,
1630 5087 1701 5125 ne
1726 5071 2066 5144 haereditas,

404 5148 497 5201 vel
545 5156 881 5221 competens
930 5153 1041 5223 (:23)
1091 5154 1273 5224 stirps
1330 5156 1706 5213 alienaretur.
1762 5160 2064 5217 Abeuntes

404 5251 546 5291 vero
566 5243 1002 5296 remanentibus
1026 5246 1086 5297 ut
1109 5250 1480 5300 remanerent
1502 5246 1600 5300 vix
1617 5255 2064 5323 persuaserunt,

406 5323 515 5377 sed
544 5326 601 5378 in
631 5327 743 5382 hoc
765 5332 958 5399 potius
976 5335 1580 5407 praavalueruntquod
1600 5337 1937 5395 haeredibus
1971 5358 2066 5396 eo-

407 5427 561 5483 rum,
596 5414 732 5469 sise
753 5424 1163 5492 sequerentur,
1186 5423 1369 5478 dehis
1389 5441 1520 5497 quae
1538 5427 1885 5499 acquisituri
1904 5435 2068 5485 erant

621 5556 783 5632 _Duce
802 5559 1070 5632 Annona,
1099 5565 1215 5632 qui.

475 5628 589 5708 (23)
608 5628 776 5708 Ipsos
792 5645 1009 5708 quoque
1030 5628 1335 5708 subsecuti
1352 5643 1508 5708 sunt,
1534 5638 1760 5695 duobus
1790 5647 1984 5700 tamen
2004 5644 2068 5700 in

346 5718 357 5723 ·
391 5701 598 5776 patria
629 5700 888 5773 relictis,
921 5717 994 5755 ne
1025 5703 1353 5795 haereditas
1381 5700 1507 5764 iIIis
1533 5718 1886 5785 competens.

2184 4735 2314 4773 cum
2331 4720 2600 4789 pluribus
2616 4721 3093 4790 suorum,paucis
3116 4721 3581 4793 aufugientibus,
3603 4717 3801 4771 occisus

2182 4808 2413 4862 estSed
2432 4808 2782 4879 pcrdiversa
2803 4809 3038 4879 Apuliae
3053 4809 3179 4864 loca
3195 4811 3400 4881 plures
3418 4805 3797 4864 hactraditione

2184 4899 2801 4952 occubuerunt.Porro
2823 4898 3189 4953 Hunifredus
3214 4896 3797 4970 Abagelardo(26)nece

2186 4986 2383 5041 fratris
2423 4988 2715 5055 turbatus,
2769 4986 3053 5041 honorem
3093 4988 3209 5041 sibi
3251 4988 3577 5053 vindicans,
3620 4986 3792 5042 castra,

2184 5091 2316 5146 quae
2337 5075 2519 5129 frater
2538 5076 3162 5145 possederat,insiluit;
3190 5076 3703 5144 Nortmannosque,
3718 5065 3794 5137 qui

2186 5164 2512 5234 periculum
2560 5164 2891 5219 traditionis
2940 5170 3270 5233 evaserant,
3320 5165 3437 5219 sibi
3469 5164 3711 5234 alligans,
3747 5156 3790 5208 in

2185 5253 2496 5307 vindictam
2512 5253 2792 5307 fraternae
2806 5254 2971 5308 necis
2989 5254 3566 5326 insurgit,multoque
3580 5255 3791 5318 tempori!

2184 5345 2462 5411 castrum,
2479 5358 2594 5413 quo
2620 5342 2797 5396 frater
2813 5358 2962 5397 suus
2981 5344 3224 5398 occisus
3239 5344 3444 5409 fuerat,
3467 5348 3785 5411 oppugnatis.

2180 5431 2412 5486 tandem
2444 5432 2678 5501 devicit,
2701 5432 3023 5503 fratrisque
3052 5432 3542 5501 interemptorem,
3557 5440 3672 5483 cum
3697 5417 3783 5476 sibi

2247 5572 2361 5647 (24)
2394 5572 2746 5647 Qua/Neria
2778 5572 2992 5647 Αριιζίε
3016 5575 3231 5647 999m-

2245 5643 2359 5716 (ἓξ)
2392 5643 2456 5716 _C-
2492 5643 2557 5716 ιῖ-
2588 5642 3055 5716 Αάρρθιέινάμωέ

2247 5712 2360 5786 (26)
2388 5714 2455 5773 C.
2504 5714 2566 5772 P.
2598 5712 3040 5790 Ada'gelardus.
