3926 6146
177 283 308 346 1109

178 480 676 549 assentientibus,di
685 478 884 534 versis
901 478 1263 533 cruciatibus
1277 478 1567 547 afficiens,
1588 495 1792 533 eorum
1819 460 1872 523 Α

174 572 424 642 sanguine
455 570 613 639 iram,
647 571 704 623 et
734 569 998 623 dolorem
1023 569 1221 623 cordis
1244 568 1341 622 sui
1370 569 1790 639 aliquantulum

171 659 430 714 exstinxit.

732 746 982 801 CAPUT
1032 747 1187 801 XIV.

172 838 418 895 DeLeone
429 834 756 907 apostolico,
767 835 1022 908 qualiter
1034 852 1065 890 a
1077 835 1470 891 Nortmannis
1481 840 1685 905 captus
1694 835 1794 888 sit.

234 926 558 996 Apulienses
580 940 744 994 vero,
777 925 1029 979 necdum
1050 925 1463 979 traditionibus
1496 924 1791 991 exhausti,

170 1033 259 1088 per
282 1014 528 1069 occultos
557 1013 793 1085 legatos
827 1030 886 1066 IX
915 1014 1172 1067 Leonem
1220 1014 1608 1083 apostolicum
1645 1016 1706 1066 ut
1736 1012 1795 1065 in

176 1104 404 1174 Apuliam
460 1119 590 1156 cum
648 1103 918 1157 exercitu
976 1102 1170 1157 veniat
1225 1102 1492 1165 invitant,
1528 1101 1795 1155 dicentes

176 1193 407 1264 Apuliam
460 1192 575 1245 sibi
624 1191 766 1262 jure
798 1195 1152 1261 competere,
1186 1193 1242 1244 et
1271 1190 1795 1260 praedecessorum

171 1297 377 1335 suorum
402 1280 764 1349 temporibus
784 1279 943 1351 juris
967 1279 1253 1333 Ecclesiae
1278 1281 1559 1333 Romana)
1585 1279 1793 1345 fuisse,

175 1386 227 1424 se
252 1370 325 1423 illi
343 1369 613 1423 auxilium
628 1369 856 1422 laturos
882 1384 896 1437 ;
928 1369 1326 1422 Nortmannos
1348 1368 1635 1436 imbelles,
1653 1368 1796 1420 viri-

171 1459 263 1512 bus
282 1473 534 1522 enerves,
562 1473 810 1512 numcro
833 1472 1075 1527 paucos.
1104 1457 1225 1525 Ille,
1253 1460 1313 1510 ut
1334 1456 1575 1523 assolet,
1604 1472 1801 1526 quam-

169 1548 242 1601 vis
262 1547 746 1616 prudentissimus
768 1550 951 1615 esset,
967 1546 1282 1599 ambitione
1297 1544 1800 1615 captus,Alaman-

167 1652 344 1690 norum
396 1636 659 1690 exercitu
706 1636 779 1689 ab
840 1636 1189 1704 imperatore
1251 1634 1364 1687 sibi
1412 1635 1470 1687 in
1505 1632 1797 1703 adjutorio

169 1728 391 1793 recepto,
416 1725 725 1777 confidens
745 1724 804 1777 in
826 1724 1040 1777 auxilio
1074 1723 1601 1793 Longobardorum
1638 1724 1796 1790 Apu-

170 1813 281 1865 liam
308 1813 487 1866 intrat.
508 1812 726 1867 Comes
760 1828 898 1867 vero
926 1812 1239 1866 honestius
1271 1812 1495 1865 ducens
1526 1827 1658 1864 eum
1689 1810 1798 1864 ho-
1829 1833 1875 1892 Β

169 1916 287 1956 nore
312 1903 481 1955 vitam
510 1902 703 1970 ﬁnire,
738 1918 913 1973 quam
946 1918 1076 1955 cum
1115 1901 1403 1955 dedecore
1433 1901 1551 1953 vita
1583 1900 1793 1953 comite

166 1994 410 2060 suscepto
434 1991 662 2045 honore
676 1990 916 2060 privari,
934 1993 1223 2044 commoto
1242 1990 1507 2043 exercitu
1519 1988 1798 2043 audacter

166 2078 405 2133 hostibus
435 2079 697 2134 occurrit
722 2094 737 2149 ;
760 2080 1141 2149 ordinataque
1173 2079 1304 2131 acie.
1327 2094 1571 2133 suorum
1605 2081 1796 2131 certa-

166 2183 276 2221 men
289 2169 487 2237 iniens,
515 2184 653 2223 cum
672 2168 860 2237 primo
880 2183 1215 2238 congressu
1229 2167 1477 2237 fortiter,
1503 2171 1562 2219 ut
1584 2167 1797 2221 solitus

167 2260 283 2325 erat,
316 2274 484 2328 agere
545 2257 854 2326 ccepisset,
916 2255 1293 2327 Longobardi
1324 2255 1509 2309 territi
1543 2255 1681 2325 fuga
1732 2271 1799 2309 se

169 2344 308 2414 ipsos
336 2347 480 2399 tueri
512 2332 799 2412 nituntur,
838 2344 1179 2397 Alamannis
1210 2343 1268 2396 in
1310 2344 1515 2414 praelio
1548 2343 1795 2396 relictis.

169 2432 258 2496 Qui
285 2450 404 2488 cum
437 2434 669 2489 fortiter
699 2433 1067 2503 dimicarent,
1089 2432 1312 2486 nullum
1344 2432 1662 2503 refugium,
1682 2432 1799 2485 nisi

170 2522 218 2574 in
244 2524 408 2577 armis
438 2523 749 2590 habentes,
786 2523 1169 2576 Nortmannis
1221 2521 1616 2587 vincentibus,
1650 2536 1799 2589 pene

170 2625 345 2665 omnes
375 2613 801 2667 occubuerunt.
838 2611 1215 2681 Apostolicus
1239 2610 1379 2681 fuga
1402 2611 1537 2664 vitae
1570 2609 1801 2680 asylum

167 2704 437 2770 expetens,
468 2704 624 2755 intra
655 2701 864 2755 urbem
893 2694 1215 2769 provinciis
1246 2698 1609 2769 Capitinatte,
1667 2714 1799 2769 quae

165 2786 399 2844 Cimitata
456 2790 695 2857 dicitur,
757 2804 895 2843 sese
951 2788 1246 2859 profugus
1312 2788 1556 2857 recepit.
1617 2786 1801 2852 Quem

166 2874 343 2932 hostes
372 2879 759 2949 insequentes
792 2880 1016 2930 armato
1032 2877 1212 2930 milite
1227 2876 1523 2945 obsident;
1542 2892 1799 2948 aggeres

166 2970 385 3036 portant,
410 2968 879 3022 machinamenta
895 2966 965 3019 ad
991 2965 1196 3019 urbem
1212 2966 1553 3035 capiendam
1574 2968 1798 3034 parant,

167 3051 364 3107 incolas
394 3055 572 3108 minis
620 3056 862 3120 terrent,
897 3056 959 3106 ut
987 3052 1377 3121 apostolicum
1415 3052 1679 3106 reddant.
1716 3053 1799 3105 llli

166 3156 285 3195 vero
315 3158 546 3213 semper
577 3141 961 3212 perfidissimi
996 3141 1150 3194 nulla
1184 3142 1450 3210 pactione
1481 3141 1549 3194 ad
1582 3141 1801 3195 utilita—

164 3231 263 3283 tem
281 3232 607 3301 apostolici,
641 3231 843 3285 nisiut
874 3230 1111 3300 seipsos
1141 3232 1465 3296 tuerentur,
1491 3230 1800 3299 acquisita,

166 3333 278 3372 eum
307 3337 408 3389 per
435 3325 638 3390 portas
658 3320 934 3390 ejiciunt;
959 3334 1132 3389 quem
1155 3319 1359 3373 hostes
1382 3319 1801 3389 suscipientes,

166 3407 228 3459 ob
256 3411 641 3464 reverentiam
660 3412 881 3462 sanctae
911 3409 1187 3462 Romana:
1212 3407 1518 3475 Ecclesiae,
1537 3424 1666 3461 cum
1688 3424 1806 3460 ma-

167 3512 266 3565 gna
293 3498 599 3553 devetione
615 3497 748 3568 ejus
764 3497 1194 3567 provolvuntur
1208 3496 1481 3566 pedibus,
1500 3497 1726 3551 veniam
1752 3499 1808 3550 et

164 3583 613 3642 benedictionem
645 3585 778 3657 ejus
808 3586 1196 3655 postulantes.
1258 3584 1373 3638 Sed
1407 3588 1463 3639 et
1513 3600 1703 3656 usque
1735 3584 1807 3638 ad

170 3671 282 3727 loca
310 3692 421 3746 quo
456 3674 761 3731 exercitus
820 3676 1011 3750 castra
1044 3677 1100 3728 et
1131 3673 1376 3727 tentoria
1409 3674 1638 3743 fixerat,
1672 3689 1806 3727 eum

168 3764 306 3816 omni
335 3764 658 3819 humilitate
688 3763 770 3816 illi
804 3764 1031 3817 servire
1060 3762 1330 3816 exsecuti
1358 3766 1514 3817 sunt.
1548 3762 1806 3826 Quorum

170 3848 467 3921 legitimam
497 3852 967 3907 benevolentiam
996 3852 1084 3905 vir
1115 3850 1478 3920 apostolicus
1510 3853 1810 3921 gratanter

170 3940 508 4011 suscipiens,
540 3942 613 3996 de
637 3939 883 3996 offensis
910 3940 1332 4011 indulgentiam
1363 3943 1418 3993 et
1446 3938 1809 3992 benedictio-

168 4042 287 4082 nem
304 4032 629 4099 contnlit,et
655 4045 885 4084 omnem
906 4031 1327 4098 terram,quam
1354 4029 1740 4097 pervaserant
1758 4029 1813 4079 et

170 4131 325 4185 quam
345 4118 594 4174 ulterius
617 4133 832 4172 versus
863 4117 1192 4172 Calabriam
1214 4121 1270 4171 et
1298 4116 1557 4169 Siciliam
1595 4116 1811 4169 lucrari

168 4211 414 4277 possent,
434 4209 509 4263 de
537 4207 598 4261 S.
634 4206 1173 4276 Petro,hcereditali
1204 4204 1378 4260 feudo
1403 4205 1517 4259 sibi
1554 4209 1608 4259 et
1626 4204 1812 4258 haere-

169 4292 327 4351 dibus
347 4298 478 4352 suis
496 4295 919 4367 possidendam
939 4295 1256 4363 concessit,
1275 4293 1431 4349 circa
1448 4310 1635 4348 annos
1652 4290 1810 4347 1052.

773 4385 1025 4440 CAPUT
1068 4384 1194 4438 XV.

174 4470 424 4537 Qualiter
442 4475 561 4530 Leo
573 4490 723 4546 papa
754 4490 784 4528 a
804 4473 1196 4529 Nortmannis
1217 4490 1342 4528 cum
1374 4473 1598 4528 honore
1616 4471 1816 4527 dimis-

864 4577 967 4616 sus
1006 4562 1105 4616 sit.

231 4651 626 4721 Apostolicum
657 4652 850 4722 itaque
884 4652 1132 4706 Romam
1154 4651 1591 4723 regredientem
1614 4665 1819 4728 comes

175 4737 546 4811 Hunifredus,
567 4757 877 4812 quousque
900 4740 1015 4795 sibi
1036 4740 1273 4810 placuit,
1291 4756 1421 4794 cum
1445 4740 1669 4793 honore
1684 4754 1821 4791 con-

175 4826 341 4884 duxit.
370 4831 491 4885 .Ubi
523 4845 666 4884 vero
710 4829 1004 4883 licentiam
1062 4829 1344 4883 redeundi
1380 4828 1704 4895 concessit,
1766 4829 1824 4879 in

176 4916 432 4986 Apuliam
468 4934 750 4973 reversus
781 4934 1014 4973 omnem
1046 4922 1260 4972 terram
1293 4917 1583 4987 placidam
1615 4919 1669 4969 et
1709 4916 1824 4969 sibi

176 5004 528 5062 obedientem
579 5007 820 5075 invenit,
881 5023 1055 5077 quam
1087 5007 1265 5077 longo
1296 5010 1556 5074 tempore
1589 5005 1647 5057 in
1679 5019 1823 5074 pace

176 5096 336 5166 rexit,
370 5100 430 5150 ut
449 5098 548 5150 vix
568 5096 629 5149 in
656 5095 850 5167 aliquo
884 5096 1014 5150 loco
1063 5112 1190 5150 suae
1225 5094 1643 5149 dominationis
1674 5092 1823 5146 latro

174 5182 257 5236 vel
286 5185 383 5254 qui
412 5185 540 5239 suis
572 5185 837 5254 imperiis
869 5184 1275 5239 contradicere
1328 5183 1594 5252 auderet,
1620 5183 1827 5251 posset

177 5270 602 5328 inveniri.Duos
615 5272 811 5344 itaque
826 5272 1039 5328 fratres
1057 5289 1203 5328 suos
1223 5272 1467 5327 comites
1492 5271 1651 5341 fecit,
1677 5270 1825 5324 Mal-

179 5361 393 5429 gerium
422 5361 782 5433 Capitinatae,
806 5362 1179 5417 Guilielmum
1209 5377 1350 5416 vero
1382 5362 1441 5416 in
1473 5360 1828 5431 principatu.

243 5485 350 5555 (~27)
370 5485 432 5541 e.
455 5487 521 5541 P.
558 5487 740 5542 intus.

260 5554 347 5624 28)
368 5557 430 5612 C.
466 5557 530 5612 P.
560 5557 865 5613 Sea/anas.

260 5559 347 5624 28)
368 5559 430 5612 C.
466 5559 530 5612 P.
560 5559 855 5613 Scalanos.

241 5559 355 5701 (23)
383 5627 446 5701 C.
480 5628 543 5685 P.
572 5628 855 5701 praedam.

239 5695 349 5774 (30)
373 5695 783 5775 Guiscardum,
804 5706 864 5759 et
901 5714 1001 5760 vos
1028 5700 1193 5775 ipsos
1221 5699 1409 5775 fama,
1431 5700 1542 5756 etc.

1291 279 1699 343 HISTORIA
1741 279 2053 344 SICULA.
2088 316 2159 329 -
2190 282 2347 345 LIB.
2381 282 2429 343 Ι.

1834 3191 1884 3252 C

3422 287 3578 350 1110

1907 480 2023 535 Sed
2038 480 2359 552 Malgerius
2375 482 2634 536 moriens
2653 499 2785 536 cum
2800 499 3029 537 omnem
3045 485 3381 539 comitatum
3399 501 3575 539 suum

1904 570 2214 625 Guilielmo
2244 571 2408 624 fratri
2426 588 2536 625 suo
2556 572 2921 641 reliquisset,
2957 572 3304 629 Guilielmus
3325 575 3574 631 Gaufre-

1907 658 2045 712 dum
2080 659 2319 713 fratrem
2351 676 2524 714 suum
2558 660 2814 731 diligens
2846 662 2961 715 sibi
2993 664 3312 718 concessit.

2523 748 2774 803 CAPUT
2805 750 2955 804 XVI.

1912 835 2000 889 De
2035 835 2294 891 Roberlo
2344 837 2689 903 Guiscardo,
2754 838 3011 910 qualiter
3058 846 3315 895 castrum
3367 841 3575 896 Sancti

1984 924 2181 976 Μτγςκηί
2223 926 2499 995 Γνποίξγίι,
2555 932 2611 979 et
2661 926 2917 997 qualiter
2947 945 3073 982 cum
3122 929 3361 985 Sclavis
3382 931 3571 1001 pedes

1979 1013 2309 1083 preedatum
2342 1015 2474 1067 irit.

1986 1101 2283 1156 Robertus
2315 1118 2455 1156 vero
2486 1101 2854 1159 Guiscardus
2905 1122 3037 1160 cum
3084 1108 3237 1176 apud
3281 1108 3577 1164 Scriblam

1912 1193 2261 1258 moraretur,
2314 1189 2597 1245 Calabros
2648 1191 2875 1246 fortiter
2906 1196 3283 1264 impugnans,
3320 1212 3454 1250 cum
3484 1198 3576 1250 vi-

1912 1278 2077 1332 deret
2098 1294 2242 1333 suos
2266 1282 2505 1349 propter
2527 1280 2921 1335 infirmitatem
2944 1282 3059 1336 loci
3078 1287 3131 1336 et
3150 1283 3306 1337 aeris
3325 1285 3576 1340 diversi-

1909 1370 2085 1420 tatem
2117 1368 2526 1438 languescere,
2563 1370 2862 1423 saniorem
2896 1371 3088 1425 locum
3112 1376 3422 1441 expetens,
3457 1390 3575 1428 non

1911 1455 2146 1525 quidem
2170 1456 2375 1510 hostes
2403 1456 2735 1527 devitando,
2762 1462 2824 1512 ut
2854 1459 3091 1513 timidus
3112 1464 3438 1517 retrorsum
3468 1480 3574 1517 va-

1910 1544 2079 1612 dens,
2114 1545 2349 1615 longius
2382 1546 2493 1614 (2Ἷ)
2527 1547 2800 1616 recessit,
2833 1548 2939 1601 sed
2966 1549 3162 1617 potius
3194 1552 3367 1619 quasi
3397 1552 3456 1605 in
3477 1551 3575 1605 ho-

1910 1635 2060 1686 stem
2089 1632 2280 1703 hians,
2317 1634 2375 1687 in
2436 1634 2780 1689 viciniorem
2812 1651 2877 1690 se
2937 1636 3252 1691 conferens
3286 1643 3569 1709 castrum,

1910 1721 2067 1791 quod
2093 1721 2151 1774 S.
2183 1722 2361 1774 Marci
2396 1722 2631 1791 dicitur,
2680 1724 2950 1779 firmavit.
2985 1725 3100 1779 Sed
3160 1743 3292 1781 cum
3345 1728 3573 1783 firmato

1910 1814 2106 1863 castro
2129 1810 2267 1879 quid
2296 1815 2487 1865 motus
2518 1812 2912 1868 introduceret
2939 1831 3053 1868 non
3086 1816 3394 1886 inveniret,
3429 1818 3572 1871 abs-

1908 1900 2212 1952 traxerant
2242 1900 2396 1952 enim
2430 1900 2967 1957 circummanentcs
2989 1905 3060 1956 ad
3090 1906 3356 1973 proxima
3380 1909 3575 1959 castra

1911 2003 2161 2058 quaeque
2186 1987 2479 2042 habebant
2501 2006 2573 2043 ne
2604 1991 2676 2044 ab
2708 1991 2856 2059 ipsis
2881 1992 3292 2062 diriperentur,
3323 1995 3576 2065 quodam

1913 2091 2164 2145 vespere
2223 2076 2469 2145 dapifer,
2530 2078 2628 2147 qui
2688 2080 2841 2133 omni
2904 2080 3100 2135 domui
3134 2098 3261 2136 sua:
3301 2088 3572 2153 praeerat,

1913 2163 2224 2234 requisivit
2244 2164 2317 2217 ab
2337 2165 2466 2233 ipso
2490 2166 2628 2235 quid
2652 2167 2709 2219 in
2728 2169 3050 2222 crastinum
3072 2172 3391 2225 comesturi
3412 2178 3577 2227 erant

1914 2253 2042 2322 ipse
2064 2252 2156 2305 vel
2200 2253 2416 2307 milites
2447 2254 2560 2321 sui,
2598 2255 2823 2322 dicens,
2846 2272 2912 2310 se
2936 2274 3125 2327 neque
3147 2259 3364 2313 victum
3384 2277 3577 2331 neque

1911 2342 2163 2410 pretium
2194 2342 2265 2394 ad
2324 2343 2633 2396 emendum
2688 2343 2941 2409 habere;
3002 2347 3158 2415 quod
3212 2348 3264 2400 si
3322 2350 3576 2417 pretium

1914 2430 2176 2499 haberet,
2211 2446 2522 2499 nusquam,
2558 2432 2658 2484 ubi
2706 2448 2835 2485 cum
2867 2449 3011 2503 pace
3041 2434 3189 2488 adiri
3220 2440 3442 2504 posset,
3482 2437 3575 2490 in-

1910 2518 2098 2572 veniri
2129 2534 2329 2588 posse.
2364 2519 2730 2574 Guiscardus
2763 2537 2951 2591 usque
2975 2522 3045 2575 ad
3070 2524 3396 2594 sexaginta,
3419 2541 3570 2595 quos

1912 2606 2159 2661 Sclavos
2190 2607 2302 2677 (28)
2336 2608 2647 2692 appellant,
2692 2610 2871 2664 totius
2902 2610 3187 2666 Calabriae
3219 2628 3439 2683 gnaros
3469 2630 3570 2668 se-

1914 2711 2045 2749 cum
2076 2696 2326 2765 habens,
2384 2713 2534 2767 quos
2568 2698 2737 2767 quasi
2778 2698 2992 2754 fratres
3044 2701 3426 2755 ﬁdelissimos
3459 2702 3574 2757 sibi

1913 2784 2222 2838 beneficiis
2254 2788 2309 2838 et
2332 2786 2675 2839 muneribus
2704 2787 2907 2841 missis
2941 2786 3211 2842 effecerat
3234 2789 3575 2845 sciscitatus

1916 2877 2007 2927 est
2040 2873 2111 2926 ab
2145 2874 2253 2940 eis,
2289 2878 2482 2927 utrum
2515 2875 2706 2929 locum
2722 2876 2994 2930 adibilem
3012 2878 3253 2947 scirent,
3288 2895 3403 2949 quo
3434 2897 3579 2950 prm-

1917 2962 1989 3015 da
2021 2960 2132 3029 (29)
2158 2966 2362 3030 posset
2394 2963 2541 3032 capi.
2567 2964 2792 3028 Quibus
2824 2967 3323 3033 respondentibus
3348 2984 3413 3022 se
3430 2970 3578 3022 ultra

1916 3054 2145 3104 montes
2158 3052 2249 3102 via
2264 3052 2733 3120 praeruptissima
2746 3054 2804 3105 in
2820 3054 3303 3121 profundissimis
3324 3056 3578 3110 vallibus

1917 3138 2333 3207 permaximam
2367 3139 2542 3206 scire,
2579 3141 2682 3193 sed
2708 3141 2837 3194 sine
2871 3157 3084 3211 magno
3108 3142 3450 3197 discrimine
3480 3158 3580 3196 ex-

1916 3226 2067 3279 trahi
2085 3241 2199 3278 non
2214 3227 2724 3295 possc,ltobertus
2746 3227 2858 3281 tale
2875 3227 3060 3281 fertur
3082 3228 3321 3282 dedisse
3340 3246 3582 3300 respon—

1918 3332 2050 3369 sum
2084 3331 2095 3368 ε
2132 3314 2252 3381 Eia,
2294 3316 2575 3369 tutissimi
2610 3317 2746 3369 vitae
2783 3331 2927 3370 meae
2963 3316 3243 3386 fautores,
3279 3318 3430 3372 itane
3472 3336 3580 3388 pa-

1919 3405 2142 3458 tiemini
2164 3404 2577 3474 Guiscardum,
2613 3405 2717 3458 sed
2753 3408 2807 3458 et
2830 3420 2900 3459 ne
2932 3422 3039 3459 vos
3073 3406 3223 3459 fame
3247 3407 3582 3475 affici(30)‘?

1918 3491 2109 3548 Causa
2156 3494 2347 3547 victus
2398 3493 2761 3563 acquirendi,
2799 3494 2972 3548 dubia
3007 3493 3255 3561 fortuna,
3301 3512 3491 3566 usque
3522 3496 3582 3549 in

1916 3583 2179 3652 periculo
2210 3583 2343 3635 vitze
2374 3582 2645 3635 tentanda
2678 3585 2788 3635 est.
2822 3583 2970 3636 Nam
3011 3588 3067 3637 et
3096 3586 3388 3638 tentantes
3420 3600 3582 3654 smpe

1920 3672 2350 3741 triumphaliter
2379 3672 2652 3725 evasisse
2682 3672 3037 3741 audivimus,
3085 3673 3380 3727 neminem
3419 3690 3582 3742 vero,

1923 3761 2025 3830 qui
2052 3760 2205 3814 fame
2257 3761 2561 3829 interierit,
2598 3761 2841 3814 laudari.
2894 3761 2998 3829 Ite,
3055 3762 3261 3832 inquit,
3313 3764 3586 3818 nocturni

1923 3848 2261 3918 praedones,
2281 3849 2538 3901 ebrietas
2555 3848 2838 3902 Calabros
2862 3852 3057 3903 minus
3075 3851 3288 3922 vigiles
3308 3868 3445 3906 esse
3459 3868 3589 3922 per-

1924 3937 2112 3989 mittit.
2132 3936 2279 3988 Nam
2295 3941 2350 3989 et
2366 3936 2514 3989 hanc
2530 3936 2683 3989 diem
2698 3937 2991 3990 celebrem
3010 3938 3315 4009 habentes,
3332 3956 3404 3995 ex
3421 3957 3587 3996 more

1926 4024 2215 4077 conviviis
2229 4026 2284 4077 et
2313 4024 2710 4092 potationibus
2728 4024 3058 4079 studuerint
3078 4024 3429 4095 (:31).Praetie
3448 4027 3584 4100 (3‘2),

1926 4114 2265 4182 subsequar
2286 4111 2570 4164 militibus
2612 4113 2721 4180 (33)
2763 4114 3024 4166 armatis.
3064 4114 3280 4183 Sicque
3299 4116 3450 4171 lecto
3481 4134 3587 4187 pa-

1926 4205 2070 4269 rato,
2089 4216 2219 4253 cum
2234 4199 2356 4271 jam
2370 4199 2693 4253 collocatus
2707 4202 2889 4267 esset,
2910 4201 2982 4253 de
2996 4207 3164 4254 nocte
3183 4204 3344 4257 nullo
3363 4206 3588 4259 sciente

1927 4304 2301 4361 consurgens
2330 4288 2428 4341 vili
2458 4290 2621 4341 veste
2645 4290 2697 4341 et
2726 4288 2980 4356 searpis,
3003 4289 3220 4358 quibus
3242 4307 3349 4359 pro
3364 4291 3589 4347 calcea-

1927 4380 2033 4435 riis
2048 4378 2385 4441 utuntur,ad
2400 4376 2840 4431 similitudinem
2856 4377 3193 4431 abeuntium
3206 4393 3344 4433 sese
3358 4383 3588 4453 aptans,

1927 4470 2044 4524 illis
2072 4468 2300 4523 medius
2349 4465 2711 4537 adjungittlr.
2746 4465 2961 4537 Sicque
2994 4483 3098 4536 per
3150 4469 3327 4521 totam
3357 4471 3591 4524 noctem

1840 4547 1897 4613 D
1932 4561 2169 4630 ignotus
2194 4572 2395 4611 comes
2421 4555 2537 4608 illis
2570 4555 2781 4624 factus,
2807 4556 2949 4609 nulli
2969 4572 3172 4611 eorum
3190 4558 3435 4613 verbum
3454 4558 3593 4614 effe-

1931 4649 2026 4703 cit.
2058 4646 2207 4699 Nam
2236 4660 2426 4715 neque
2458 4659 2736 4698 excreare
2768 4644 3021 4711 volebat,
3057 4662 3127 4699 ne
3163 4646 3313 4699 forte
3345 4647 3423 4699 ita
3454 4649 3592 4717 quis

1932 4739 2095 4790 esset
2121 4733 2678 4803 deprehenderetur.
2722 4735 2867 4797 Quia
2895 4734 3050 4787 enim
3085 4733 3355 4803 ejusdem
3394 4737 3593 4806 gentis

1933 4827 2115 4892 erant,
2146 4839 2262 4877 non
2294 4838 2364 4877 ex
2391 4826 2510 4876 toto
2542 4838 2679 4876 sese
2711 4822 2987 4875 credebat
3017 4823 3154 4875 illis.
3181 4823 3365 4877 Porro
3390 4825 3490 4877 ubi
3520 4826 3595 4880 ad

1934 4915 2125 4967 locum
2150 4912 2366 4982 praedm
2399 4915 2637 4964 ventum
2669 4913 2780 4977 est,
2813 4909 3097 4980 quidquid
3129 4909 3210 4961 ibi
3240 4911 3594 4966 invenerunt

1935 5006 2067 5057 ante
2100 5017 2165 5055 se
2188 5001 2557 5071 colligentes,
2586 5000 2713 5068 ipse
2736 4998 2964 5052 crebris
2983 4998 3233 5051 saltibus
3256 5003 3309 5053 et
3327 4999 3594 5055 vibrante

1938 5090 2224 5152 hastili,ut
2240 5090 2487 5144 reditum
2501 5086 3058 5154 accelerent,socios
3092 5087 3451 5142 hortabatur.
3478 5089 3597 5144 Sed

1940 5182 2250 5249 antequam
2285 5177 2676 5244 illucesceret,
2715 5175 2753 5227 ii
2803 5174 3020 5245 quibus
3065 5175 3343 5230 damnum
3374 5178 3597 5233 illatum

1940 5268 2148 5337 fuerat,
2184 5283 2290 5321 sua
2348 5266 2537 5319 ablata
2584 5263 3037 5334 perpendentes,
3100 5280 3234 5319 cum
3292 5266 3595 5338 ducerent,

1940 5357 2225 5411 militibus
2256 5359 2317 5409 ut
2345 5355 2604 5425 praedam
2654 5352 2969 5420 excutiant,
3022 5359 3482 5426 prosequuntur.
3527 5360 3601 5413 At

2010 5479 2123 5551 (31)
2152 5480 2216 5551 C.
2248 5480 2313 5533 P.
2341 5477 2747 5551 potationibus
2774 5475 3151 5534 studuerunt.

2033 5549 2124 5617 32)
2154 5550 2217 5605 C.
2249 5551 2314 5605 P.
2342 5549 2709 5619 Praecedite,
2742 5551 2855 5602 etc.

2033 5554 2124 5617 32)
2154 5554 2217 5605 C.
2249 5554 2314 5605 P.
2348 5554 2709 5619 Praecedite,
2742 5554 2855 5602 etc.

2011 5554 2126 5696 233)
2157 5622 2220 5679 C.
2256 5622 2318 5678 P.
2349 5620 2643 5677 militibus
2673 5619 2962 5691 ducentis,
2999 5623 3110 5680 etc.
