3982 6164
270 1084 275 1089 ι
357 1049 577 1103 bimus.
616 1048 758 1101 Haec
790 1047 953 1115 dixit,
989 1050 1043 1100 et
1082 1046 1356 1100 hostibus
1391 1064 1522 1101 cum
1546 1048 1798 1102 maximo
1838 1047 2035 1101 furore

358 224 507 288 1111
1096 223 1525 286 GAUFREDI
1567 223 2117 293 MALATERR/E
2153 223 2548 291 MONACHI
2618 225 3053 288 BENEDICT.

3597 234 3734 300 H12

357 427 745 496 Guiscardus,
772 427 1154 496 insequentes
1177 442 1571 497 approperare
1602 427 1812 483 videns
1841 428 1899 481 et
1927 441 2022 481 so—
2044 406 2106 470 Α
2129 426 2404 480 omnibus
2428 427 3120 496 praesumptuosissimus
3159 430 3214 481 et
3235 442 3563 497 magnarum
3587 446 3756 485 rerum

359 517 505 588 cios,
538 532 611 570 ne
643 515 840 585 praeda
870 516 1093 585 privari
1118 517 1428 583 patiantur,
1469 532 1607 571 sese
1638 516 1890 570 invicem
1920 532 2027 570 au-
2122 515 2559 569 audacissimus
2577 516 3150 582 attentator,Petrum
3169 516 3419 570 medium
3441 520 3758 589 corripiens,

357 604 559 659 dacter
607 604 900 659 cohortari
952 604 1219 671 audiens,
1265 609 1326 658 ut
1356 605 1703 659 audaciores
1737 605 2028 671 redderet,
2122 605 2271 658 collo
2304 605 2672 673 suppositum
2706 620 2922 658 versus
2954 621 3101 659 suos
3133 611 3432 674 asportare
3464 610 3643 676 cmpit.
3667 612 3760 662 Ac-

353 692 479 765 jam
500 694 636 764 quis
670 696 832 748 esset
863 692 1110 763 aperuit.
1163 692 1549 762 Guiscardus,
1583 694 1790 764 inquit,
1822 694 2032 746 adsum
2122 692 2501 747 currentibus
2541 694 2734 763 itaque
2778 693 3085 763 utriusque
3117 693 3320 759 sociis,
3370 695 3758 751 Bisiaianensi.

356 784 652 852 particeps
683 782 906 836 laboris
939 783 1142 835 vestri.
1173 782 1310 836 Sine
1340 799 1432 836 me
1464 782 1545 836 nil
1575 782 1822 851 periculi
1847 782 2034 852 patie-
2119 783 2256 851 bus,
2280 782 2599 836 utPetrum
2634 782 3317 851 eruerent,Nortmannis
3347 799 3486 837 vero
3517 788 3574 837 nt
3598 786 3754 839 domi-

357 872 518 926 mini.
556 871 716 925 Forti
750 871 942 926 animo
976 876 1182 939 estote,
1218 874 1273 925 et
1304 871 1709 942 insnrgamus,
1736 872 2032 928 hostibus.
2122 886 2260 925 num
2275 869 3130 941 suumjuvarent,Guiscardns
3145 873 3379 925 Petrum
3398 873 3764 928 enerviterre-

357 960 527 1028 Nam,
582 959 701 1012 Deo
735 958 1028 1012 fortunam
1073 964 1480 1028 prosperante,
1524 959 1695 1012 facile
1742 958 2034 1028 praevale-
2124 960 2437 1013 luctantem
2472 958 2761 1012 interdum
2793 960 3109 1029 portando,
3142 961 3435 1015 interdum
3462 962 3765 1029 volntando,

2126 1047 2417 1102 interdum
2453 1047 2739 1101 trahendo
2797 1063 2985 1118 usque
3015 1048 3087 1102 ad
3120 1064 3266 1103 suos
3298 1050 3583 1119 perduxit.
3621 1051 3767 1104 Cala-

2125 1138 2377 1191 brenses
2412 1152 2549 1190 vero
2582 1136 2652 1190 de
2677 1136 2853 1190 Petro
2879 1136 3001 1206 jam
3030 1138 3442 1207 desperantes,
3468 1141 3522 1192 et
3540 1155 3639 1208 pro
3659 1140 3765 1209 ipso

2125 1241 2256 1279 cum
2290 1225 2674 1279 Nortmannis
2708 1225 2942 1279 minime
3000 1230 3227 1280 certare
3275 1226 3666 1296 praenitentes,
3698 1228 3767 1283 fu-

2125 1314 2338 1385 giendo
2373 1328 2512 1367 sese
2547 1313 2605 1365 in
2664 1316 2927 1367 castrum
2989 1314 3400 1369 Bisinianense
3433 1322 3766 1383 receperunt.

2128 1401 2478 1456 Nortmanni
2499 1403 2998 1472 vero,gaudentes
3013 1404 3184 1473 quasi
3198 1403 3270 1456 de
3289 1403 3767 1474 triumpho,nsqne

2124 1491 2195 1544 ad
2244 1495 2506 1545 castrum
2537 1490 2596 1545 S.
2632 1491 2814 1543 Marci
2850 1492 3088 1545 Petrum
3120 1507 3326 1545 secum
3355 1493 3659 1559 adducunt,
3688 1494 3771 1546 ubi

359 1136 852 1204 occurrens,dum
881 1138 1085 1203 certat,
1104 1135 1319 1189 multos
1350 1137 1598 1205 perimit,
1627 1137 1827 1206 plures
1860 1137 2034 1206 capit,

359 1227 623 1297 reliquos
640 1226 821 1297 fugat,
842 1226 1028 1279 victor
1046 1225 1320 1279 efficitur.
1346 1225 1562 1295 Sicque
1582 1225 2036 1295 triumphalibus

367 1315 576 1386 spoliis
605 1315 886 1384 acceptis,
923 1314 993 1367 de
1023 1313 1321 1382 peditibus
1354 1313 1481 1368 suis
1506 1314 1734 1384 equites
1759 1313 1915 1384 fecit,
1938 1315 2034 1368 de-

361 1405 543 1475 nique
563 1404 692 1474 jam
724 1419 998 1470 securus,
1034 1403 1299 1471 captivos
1323 1419 1528 1456 secum
1552 1403 1876 1471 deducens,
1894 1420 2038 1473 pra":-

356 1494 530 1559 cedit,
566 1494 770 1563 paucis
813 1492 911 1563 qui
945 1492 1204 1562 praedam
1264 1495 1398 1561 post
1437 1508 1503 1545 se
1535 1492 1755 1545 minent
1787 1493 2033 1556 relictis,

354 1583 572 1637 Milites
605 1598 746 1636 vero
779 1582 870 1635 sui
905 1597 1037 1634 cum
1065 1580 1209 1649 jam,
1253 1580 1383 1634 luce
1428 1584 1573 1648 orta,
1624 1596 1727 1635 eos
1779 1584 2036 1634 armatos
2125 1579 2536 1649 aliquandiuin
2552 1579 2820 1647 captione
2841 1579 3455 1650 detentus,pecuniam
3480 1581 3767 1634 mirabilem

354 1689 569 1727 versus
584 1675 841 1725 castrum
856 1670 1135 1724 advenire
1151 1673 1607 1740 cognoscerent,
1622 1669 1828 1724 hostes
1846 1670 2037 1739 suspi-
2127 1668 2776 1739 persolvens,seipsum
2805 1685 2837 1721 a
2861 1669 3130 1739 captione
3143 1669 3546 1735 liberavit,sed
3561 1669 3762 1723 civibus

353 1761 979 1831 cati,dominumsuum
1012 1758 1290 1812 ubiesset
1320 1759 1680 1824 nescientes,
1716 1773 1821 1828 per
1856 1761 2039 1813 totum
2130 1757 2746 1825 nonassentientibus,
2773 1761 3034 1812 castrum
3056 1759 3292 1812 minime
3332 1758 3576 1812 reddere
3594 1758 3766 1827 potuit.

355 1853 615 1904 castrum
670 1849 925 1902 clamore
971 1849 1298 1916 requirnnt.
1334 1847 1465 1900 Non
1512 1847 1876 1901 invenientes
1910 1851 2034 1900 tur-
2062 1879 2103 1919 ρ
2141 1845 2266 1899 Tali
2313 1845 2625 1899 calliditate
2662 1849 2717 1899 et
2773 1846 2908 1899 huic
2969 1846 3265 1899 similibus
3310 1846 3689 1901 Calabrenses
3714 1846 3770 1900 de

354 1941 604 2001 bantur;
645 1920 2081 2005 audactertamencastroprosilientesillisquosh
2140 1935 2465 1989 Guiscardo
2525 1935 2862 2003 compertis,
2918 1950 3110 2005 genus
3166 1934 3772 2001 formidolosissimum,

359 2029 565 2083 hostes
616 2025 1071 2095 suspicabantur
1101 2040 1416 2077 occurrere
1462 2024 1813 2077 accelerant.
1846 2025 2035 2079 Porro
2142 2039 2347 2077 omnes
2396 2028 2528 2076 ante
2560 2039 2691 2077 eum
2744 2024 3088 2092 tremebant,
3123 2024 3339 2094 quippe
3400 2026 3490 2077 cui
3523 2024 3776 2078 neminem

359 2116 749 2182 Guiscardus,
782 2129 994 2184 equum
1018 2113 1075 2165 in
1095 2129 1208 2183 quo
1232 2112 1475 2166 sedebat
1494 2112 1763 2167 calcariis
1783 2129 2030 2183 urgens,
2139 2112 2459 2167 assimilari
2479 2127 2659 2182 posse
2682 2114 2863 2166 armis
2882 2117 2939 2167 et
2966 2114 3226 2183 ingenio,
3251 2113 3362 2167 secl
3380 2113 3775 2183 nequeviribus

357 2209 470 2263 alta
500 2221 645 2260 voce
676 2203 1064 2259 Guiscardum
1095 2201 1510 2273 ingeminando
1526 2202 1801 2269 occurrit,
1830 2202 2035 2272 sicque
2142 2202 2432 2256 dicebant.

361 2296 600 2369 agnitus
649 2294 721 2347 ab
774 2292 892 2345 illis
936 2292 1007 2344 de
1041 2291 1358 2360 praesentia
1406 2306 1515 2344 sua
1563 2293 1620 2345 et
1657 2291 1728 2344 de
1762 2291 2036 2344 felicitate

363 2387 614 2441 fortunae
648 2398 855 2437 omnes
904 2379 1123 2433 hilares
1156 2379 1364 2433 reddit.
1415 2379 1817 2451 ltedarguitur
1845 2383 2037 2434 tamen

366 2474 684 2545 plurimum
733 2470 805 2523 ab
839 2469 987 2539 ipsis
1021 2468 1177 2538 quod
1208 2468 1342 2521 talia
1374 2468 1846 2538 praesumpserit,
1881 2472 1937 2523 et
1965 2484 2038 2521 ne

360 2563 613 2619 ulterius
642 2561 966 2628 praesumat
991 2557 1357 2624 admonetur,
1393 2572 1465 2610 ne
1490 2556 1718 2611 fortuna
1738 2574 1870 2628 quae
1884 2574 2038 2611 nunc

364 2651 569 2705 arrisit
594 2647 967 2718 postmodum
1002 2646 1052 2698 si
1102 2648 1374 2709 tentetur,
1409 2646 1466 2698 in
1496 2645 1669 2714 pejus
1701 2647 1886 2699 cedat.
1943 2647 2040 2699 Sic

364 2742 627 2793 castrum
658 2736 856 2805 praeda
890 2739 945 2787 et
977 2734 1379 2803 redemptione
1429 2734 1792 2803 captivorum
1823 2734 2037 2801 ditans,

364 2828 649 2883 Calabros
667 2824 896 2878 crebris
913 2823 1355 2876 incursionibus
1380 2822 1691 2891 plurimum
1714 2824 2037 2885 lacessivit.

972 2928 1222 2983 CAPUT
1268 2928 1443 2981 XVII.

2734 2272 2985 2327 CAPUT
3014 2273 3220 2326 XVIII.

2147 2340 2390 2402 Qualiter
2418 2341 2685 2391 Robcrtus
2719 2342 3048 2393 Guiscardus
3070 2357 3249 2391 comes
3278 2342 3498 2406 Apuliae
3519 2342 3676 2390 factus
3700 2342 3775 2389 sit.

2213 2423 2394 2477 Tanta
2442 2424 2637 2493 itaque
2680 2425 2925 2493 pecunia
2956 2424 3321 2477 Guiscardus
3378 2427 3613 2493 accepta
3658 2438 3778 2476 suos

2144 2511 2508 2566 abundanter
2535 2513 2984 2579 remunerando,
3020 2513 3077 2567 in
3111 2513 3204 2567 sui
3245 2513 3523 2567 fidelitate
3555 2512 3778 2575 roborat,

2142 2600 2653 2671 Calabrensesque
2668 2600 3007 2656 infestiores
3026 2602 3582 2672 reddit,quotidiano
3598 2602 3780 2670 impetu

2147 2689 2453 2743 lacessens
2486 2689 2934 2744 Bisiniancnses
2966 2695 3019 2744 et
3058 2689 3481 2757 Consentinos,
3505 2689 3781 2743 Mai-turia-

2150 2794 2369 2834 ncnses
2400 2781 2455 2831 et
2483 2778 2576 2831 his
2608 2778 2972 2849 adjacentcm
2988 2779 3351 2846 provinciam
3389 2795 3585 2833 secum
3620 2778 3783 2831 fcedns

2151 2870 2297 2922 inire
2329 2867 2521 2938 coegit
2553 2883 2564 2921 :
2601 2867 2697 2921 tali
2728 2867 2997 2921 videlicet
3026 2872 3195 2938 pacto
3225 2871 3287 2920 ut
3320 2871 3520 2921 castra
3550 2885 3651 2921 sua
3680 2866 3788 2919 reti-

2150 2962 2356 3011 nentes
2390 2956 2694 3010 servitium
2726 2956 3119 3009 tantummodo
3144 2959 3199 3010 et
3220 2957 3501 3011 tributum
3520 2955 3784 3025 persolve-

512 3042 598 3096 Dc
635 3038 897 3094 Ilobcrlo
931 3035 1259 3089 Guiscardo
1291 3042 1345 3089 et
1369 3035 1557 3090 Petro
1588 3037 1660 3091 de
1691 3038 1897 3093 'lurra.
2150 3052 2299 3114 rent,
2326 3050 2380 3099 ct
2402 3045 2513 3098 hoc
2541 3045 2928 3098 sacramentis
2947 3048 3002 3098 et
3020 3045 3783 3115 obsidibusspoponderunt.

435 3131 696 3197 Qualiter
725 3144 863 3181 vero
896 3127 1136 3179 Petrum
1169 3125 1238 3177 de
1271 3125 1454 3179 Turra
1488 3127 1587 3196 qui
1619 3128 1767 3197 apud
1796 3129 2044 3187 Bisinia-
2150 3134 2514 3188 Hunifredus
2547 3134 2727 3205 igitur
2758 3149 2977 3202 comes,
3004 3135 3273 3203 Apuliam
3306 3134 3785 3205 gloriosissimcet

365 3217 874 3283 nummorabatur,
896 3213 1450 3282 acccperit,silentio
1472 3216 2039 3282 praetermittendum
2070 3237 2122 3298 ο
2147 3223 2423 3278 laudabili
2480 3238 2623 3293 pace
2678 3222 3042 3293 gubernans,
3087 3224 3423 3277 infirmitate
3457 3227 3793 3298 praeventus,

366 3326 484 3365 non
514 3312 624 3363 est.
661 3307 797 3359 Erat
836 3304 1051 3373 quippe
1094 3303 1245 3355 idem
1281 3304 1491 3356 l’etrus
1524 3304 1855 3358 ditissimus
1888 3307 2037 3361 civis
2146 3314 2299 3385 quod
2334 3313 2499 3367 dolor
2531 3316 2622 3366 est
2650 3312 2867 3378 dicere,
2900 3315 3166 3365 mortuus
3201 3317 3311 3366 est.
3348 3313 3513 3378 Quod
3546 3314 3788 3367 Guiscar-

366 3395 823 3461 Bisinianensis,
852 3394 956 3445 sed
989 3395 1044 3444 et
1075 3392 1323 3444 consilio
1347 3395 1400 3444 et
1420 3392 1630 3445 virtute
1663 3396 1894 3447 caeteris
1915 3397 2039 3465 pol-
2146 3405 2278 3471 dus,
2302 3404 2399 3473 qui
2430 3406 2567 3455 tunc
2599 3403 2881 3471 temporis
2913 3400 3063 3470 apud
3083 3402 3141 3453 S.
3162 3401 3423 3455 Marcum
3463 3404 3785 3467 morabatur,

364 3489 517 3553 lens,
564 3485 838 3538 omnibus
890 3480 1346 3549 principabatur.
1408 3480 1573 3533 Soliti
1629 3486 1821 3536 autem
1873 3488 2038 3538 erant
2147 3493 2414 3560 audiens,
2449 3506 2663 3545 versus
2699 3490 2966 3560 Apuliam
3001 3505 3212 3560 magno
3244 3507 3379 3543 cum
3403 3492 3605 3546 ἀοιοιιε
3635 3490 3787 3543 animi

368 3576 664 3629 multoties
713 3569 1051 3635 convenire,
1086 3568 1181 3621 hic
1213 3573 1268 3621 et
1304 3568 1605 3622 Robertus
1646 3569 2032 3639 Guiscardus,

369 3663 539 3734 quasi
571 3662 641 3714 ad
700 3659 976 3727 placitum
1017 3658 1088 3710 de
1137 3656 1411 3725 pluribus
1452 3661 1877 3713 controversiis
1909 3677 2042 3731 qum

371 3753 523 3806 inter
545 3764 691 3804 suos
708 3745 1077 3800 eveniebant.
1098 3746 1284 3799 Porro
1307 3744 1694 3817 Guiscardus,
1716 3764 1846 3802 cum
1863 3749 2046 3805 sclret

371 3856 503 3895 eum
554 3838 805 3892 maxima
864 3836 1113 3905 pecunia
1171 3835 1492 3903 abundare,
1556 3839 1611 3890 et
1649 3854 1770 3906 prae
1803 3840 2038 3893 caeteris

370 3932 565 3983 castro
598 3925 903 3992 dominari,
949 3925 1123 3994 coepit
1153 3924 1343 3977 animo
1376 3927 1625 3980 tractare
1656 3926 1905 3996 qualiter
1934 3944 2041 3997 per

370 4034 502 4072 eum
533 4021 588 4071 et
619 4018 812 4069 castro
834 4013 1246 4084 potiriposset,
1282 4016 1335 4066 et
1358 4015 1663 4083 pecuniam
1693 4031 1867 4086 quam
1893 4031 2036 4084 pos-

370 4107 601 4162 sidebat
631 4104 1020 4158 abstraheret.
1041 4103 1207 4166 Quod
1231 4117 1433 4155 secum
1456 4103 1553 4157 diu
1572 4105 2039 4173 revolvens,tan-

370 4197 502 4251 dem
534 4193 784 4249 consilio
833 4208 963 4245 cum
1022 4192 1151 4244 suis
1202 4191 1420 4260 habito,
1470 4194 1721 4262 quadam
1754 4193 1846 4246 die
1879 4192 2040 4247 nullo

369 4284 591 4339 foedere
651 4282 994 4351 interposito
1054 4285 1215 4334 extra
1273 4284 1536 4334 castrum
1578 4281 1948 4352 Bisianense,
1982 4282 2039 4336 in

370 4388 575 4441 campo
605 4372 663 4425 in
695 4386 808 4441 quo
841 4369 1094 4439 colloqui
1120 4372 1552 4423 consueverant
1576 4385 1709 4423 cum
1731 4370 2041 4424 venissent

370 4460 762 4525 Guiscardus,
808 4458 1016 4512 videns
1078 4450 1387 4511 maximam
1434 4457 1857 4511 multitudidem
1908 4474 2038 4511 cum

2148 3580 2473 3648 accelerat;
2521 3582 2955 3648 susceptusque
2989 3596 3019 3631 a
3050 3579 3252 3648 patriae
3284 3581 3653 3649 primatibus,
3681 3595 3788 3633 om-

2150 3672 2307 3724 ninm
2339 3668 2610 3723 dominus
2670 3672 2725 3721 et
2782 3683 2982 3721 comes
3039 3668 3095 3720 in
3154 3668 3285 3723 loco
3320 3669 3520 3723 fratris
3544 3669 3786 3733 efﬁcitur,

2148 3759 2551 3830 ordinatisque
2583 3757 2764 3811 rebus
2794 3759 2922 3809 suis
2954 3760 3010 3810 et
3039 3759 3154 3809 tota
3188 3758 3399 3827 Apulia
3432 3758 3546 3812 sibi
3579 3758 3631 3811 in
3669 3771 3788 3826 pace

2150 3849 2475 3917 conciliata,
2510 3846 2663 3918 quod
2696 3846 2947 3915 primum
2983 3846 3174 3899 animo
3198 3850 3553 3917 conceperat
3582 3846 3788 3899 minime

2148 3936 2423 3991 oblivisci
2454 3935 2654 4005 potuit,
2691 3935 2794 3989 sed
2819 3933 2942 4005 jam
2966 3934 3233 4005 ampliori
3264 3936 3513 4005 imperio
3545 3935 3789 3989 dilatatus

2151 4031 2206 4080 et
2222 4026 2549 4097 majoribus
2569 4024 2821 4090 viribus,
2847 4023 3090 4077 militum
3105 4024 3379 4079 videlicet
3398 4026 3561 4094 copia
3584 4026 3787 4083 auctus,

2149 4116 2219 4169 ad
2272 4115 2427 4185 quod
2487 4117 2743 4183 coeperat
2817 4113 3221 4185 peragendum
3280 4115 3491 4168 iterum
3551 4110 3787 4166 intendit.

2148 4204 2425 4258 Exercitu
2455 4203 2648 4273 itaque
2681 4204 2988 4271 commoto,
3024 4206 3078 4256 et
3100 4202 3193 4255 his
3224 4218 3357 4273 qua:
3389 4203 3462 4255 ad
3494 4199 3789 4272 expeditio-

2147 4309 2280 4347 nem
2310 4292 2654 4346 necessaria
2671 4294 2855 4359 erant,
2875 4306 3091 4345 versus
3108 4295 3306 4361 partes
3321 4291 3555 4345 Calabri
3568 4289 3787 4343 aeaciem

2146 4382 2375 4453 dirigit;
2408 4381 2939 4452 pertransicnsque
2969 4379 3365 4435 Consentinus
3390 4381 3539 4434 fines
3570 4382 3623 4433 et
3651 4377 3789 4429 Mar—

2144 4471 2541 4537 tnrianenses,
2563 4468 2731 4539 juxta
2754 4468 2974 4522 calidas
2986 4484 3385 4539 aquas,super
3409 4468 3639 4522 ﬂumine
3653 4462 3789 4535 quod

368 4551 543 4605 Ρθῑνο
576 4548 841 4615 venisse,
871 4547 1074 4599 Πυθίίο
1098 4546 1411 4614 ll”emisso
1445 4546 1677 4599 mandat
1699 4561 1765 4599 se
1785 4546 1862 4598 ῘῙῙί
1887 4546 2039 4600 mu"
2068 4592 2122 4657 ο
2146 4562 2368 4615 Nocato
2387 4558 2598 4612 dicitur
2616 4558 2793 4612 biduo
2811 4558 3153 4627 permansit,
3176 4558 3571 4611 utexcrcitum
3587 4551 3788 4608 itineris

368 4640 445 4657 A'A,
494 4638 597 4657 1',_.'
624 4636 1013 4657 3__l-s___-:-_-__:
1049 4636 1198 4657 ..-ΙΙΑ
1268 4650 1336 4657 ..Α
1370 4635 1517 4657 ρλκι-
1554 4635 1703 4657 ῘᾉΙΑ..
1754 4635 1917 4657 ζμ---
1954 4639 2007 4657 Ι--
2330 4650 2361 4657 ι.
2411 4654 2419 4657 _
2515 4646 2535 4657 ιι
2574 4647 2607 4657 Δ.
2698 4651 2707 4657 .
3161 4650 3171 4657 .
3264 4650 3271 4657 .
3330 4649 3342 4657 ι
3691 4642 3721 4657 ι’
3748 4654 3783 4657 ν-

366 4638 599 4693 titudini
623 4636 1013 4690 intermisceri
1049 4636 1222 4699 nolle,
1268 4650 1339 4688 ne
1370 4635 1519 4688 forte
1552 4635 1704 4689 inter
1753 4635 1919 4705 ipsos
1954 4639 2040 4689 tu-

368 4728 587 4781 multus
622 4742 693 4779 ex
749 4725 939 4794 aliqua
1002 4740 1064 4777 re
1096 4724 1279 4792 fieret,
1331 4723 1435 4777 sed
1484 4723 1722 4793 longius
1754 4725 2037 4792 promotis

368 4817 676 4884 utriusque
692 4815 875 4883 partis
889 4813 1073 4866 sociis
1090 4812 1200 4880 ipsi
1221 4812 1334 4865 duo
1351 4812 1407 4864 in
1424 4811 1673 4865 medium
1691 4811 2038 4865 collocuturi

369 4905 768 4959 convenirent.
829 4902 1189 4956 Praedixerat
1248 4905 1438 4954 tamen
1469 4902 1597 4954 suis
1650 4901 1789 4971 quid
1843 4901 2036 4955 facere

369 4993 739 5062 disponebat,
771 4994 826 5045 et
855 5006 988 5044 cum
1020 5005 1270 5043 necesse
1307 4989 1475 5053 foret,
1518 4990 1630 5043 sibi
1661 4990 1836 5043 citius
1866 4988 2035 5043 auxi-

369 5081 976 5135 liaturioccurrerent.
1001 5080 1377 5132 Assentiente
1393 5080 1586 5149 itaque
1608 5080 1781 5132 Petro
1799 5079 1891 5132 his
1906 5095 2037 5149 quae

368 5168 741 5223 aGniscardo
774 5169 1041 5222 mandata
1074 5171 1230 5234 sunt,
1275 5167 1387 5220 sibi
1417 5167 1611 5220 minus
1634 5167 2036 5237 prospiciens,

373 5257 555 5311 sociis
586 5273 616 5309 a
649 5257 822 5329 longe
862 5257 1151 5323 dimissis,
1178 5256 1305 5325 ipse
1338 5256 1529 5309 medio
1562 5256 1689 5309 loco
1709 5255 2041 5310 Gniseardo

372 5345 629 5400 obvianti
660 5346 967 5399 accelerat.
1015 5345 1404 5398 Considentes
1433 5359 1577 5414 ergo
1608 5348 1664 5398 et
1692 5345 1791 5398 diu
1823 5344 1939 5397 sibi
1972 5343 2043 5395 ad

371 5434 972 5503 invicemloquentes,
1009 5432 1272 5504 cumjam
1289 5434 2041 5504 discessuriassurgerent,

371 5522 741 5579 Guiscardus
774 5523 1115 5576 enormitate
1173 5525 1232 5576 et
1280 5522 1432 5578 male
1463 5521 1731 5593 corporis
1761 5520 1921 5574 illius
1951 5521 2045 5573 in-

370 5615 593 5687 specta,
644 5610 874 5668 viribus
906 5610 1035 5667 suis
1064 5611 1261 5667 minus
1293 5610 1590 5684 difﬁdens,
1644 5611 1770 5667 erat
1798 5608 1953 5666 enim
1984 5609 2045 5665 in

2147 4650 2459 4719 asperitate
2512 4646 2816 4717 fatigatum
2884 4650 3177 4700 recrearet
3224 4650 3279 4700 et
3325 4649 3544 4700 terram
3592 4642 3788 4697 certius

2146 4738 2499 4808 exploraret.
2522 4736 2780 4805 Indeque
2811 4735 3214 4804 per-transiens
3234 4751 3427 4806 usque
3456 4735 3525 4787 ad
3557 4736 3785 4786 castrum

2150 4827 2304 4897 quod
2351 4825 2691 4895 Scyllatinm
2748 4824 2979 4892 dicitur,
3030 4824 3198 4894 juxta
3256 4824 3421 4878 littus
3471 4823 3645 4876 maris
3696 4818 3788 4870 iter

2149 4915 2481 4983 intendens,
2519 4912 2812 4983 Rhegium
2844 4927 3033 4982 usque
3054 4913 3339 4981 pervenit,
3361 4913 3461 4967 ubi
3492 4905 3784 4965 tridnositu

2136 5005 2250 5060 loci
2283 5005 2568 5073 inspecto,
2606 5017 2738 5054 cum
2770 5001 2996 5055 videret
3014 5017 3079 5055 se
3108 5001 3271 5055 cives
3295 5001 3485 5069 urbis,
3511 5014 3613 5052 nec
3631 4993 3783 5048 minis

2140 5112 2246 5148 nec
2279 5091 2695 5147 blandimentis
2716 5090 2951 5143 flectere
2964 5106 3164 5159 posse,
3183 5090 3534 5161 quibusdam
3554 5081 3782 5156 negotiis

2138 5199 2353 5237 versus
2412 5180 2680 5249 Apuliam
2740 5195 2805 5233 se
2836 5178 3274 5249 revocantibus,
3315 5178 3565 5232 reditum
3621 5171 3781 5243 parat.

2140 5270 2456 5329 Dccedenti
2516 5268 2923 5336 Leucastrum,
2959 5272 3013 5322 et
3045 5266 3198 5337 Maja
3228 5270 3284 5320 et
3314 5265 3564 5320 Canalda
3603 5270 3778 5331 pacem

2143 5360 2425 5413 facientes
2456 5371 2595 5411 sese
2627 5356 2993 5410 dediderunt.

2762 5427 3013 5480 CAPUT
3040 5425 3193 5479 XIX.

2424 5499 2512 5553 De
2533 5497 3031 5570 Rogeriojuniore
3061 5495 3185 5551 ﬁlio
3223 5493 3530 5550 Tancredi.

2222 5588 2518 5664 Rogerius
2567 5603 2709 5646 vero
2763 5586 2955 5644 minor
3007 5585 3191 5643 frater
3220 5600 3395 5662 quem
3424 5582 3610 5640 adhuc
3638 5573 3771 5634 domi
