3926 6146
121 208 230 274 1113

1142 196 1538 259 HISTORIA
1581 195 1889 258 SICULA.
1926 228 1988 239 -
2027 191 2186 255 LIB.
2221 193 2270 254 Ι.

3277 196 3436 259 1114

110 402 325 476 juvenilis
351 403 475 454 aetas
504 402 555 452 et
579 411 739 450 amor
758 397 1066 464 parentum
1085 395 1435 463 detinuerat,
1461 394 1668 449 subse—
1700 385 1726 436 κ
1776 394 1887 448 dus
1917 394 2164 448 audiens
2199 393 2576 464 Rhegieuses
2595 396 2786 449 omnia
2822 397 3278 470 circumquaque
3301 414 3433 470 quae
3522 396 3527 403 ’

113 496 241 546 cutus
266 492 310 543 in
338 488 575 557 Apuliam
605 486 787 553 venit;
819 485 891 538 de
912 484 1088 554 cujus
1114 485 1365 538 adventu
1383 484 1658 538 Guiscar-

114 581 211 643 dus,
236 592 327 629 non
351 575 623 627 minimum
667 572 951 642 gavisus,
1005 572 1229 625 honore
1279 588 1392 641 quo
1424 570 1669 624 decebat

114 680 208 719 eum
226 663 463 731 suscepit.
487 660 615 713 Erat
635 660 786 713 enim
798 659 820 729 j
832 659 1040 712 uvenis
1063 659 1519 729 pulcherrimus,
1538 674 1669 727 pro—

114 768 224 806 cerae
249 754 474 816 staturae,
505 748 748 819 eleganti
777 763 1048 816 corpore,
1082 747 1283 818 lingua
1313 746 1670 800 facundissi-

116 856 226 905 mus,
269 838 482 892 consilio
523 837 783 905 callidus,
830 836 888 889 in
917 836 1281 889 ordinatione
1312 834 1673 906 agendarum

112 943 255 982 rerum
294 926 569 996 providus,
621 925 896 979 omnibus
943 923 1247 995 jocundus
1299 928 1353 978 et
1397 922 1671 993 affabilis,

112 1016 277 1069 viribus
306 1013 476 1083 fortis,
505 1014 700 1067 militia
750 1013 951 1079 ferox;
986 1013 1204 1083 quibus
1253 1013 1478 1066 artibus
1508 1011 1677 1066 brevi

111 1109 304 1172 tempore
329 1118 535 1156 omnem
568 1102 811 1174 gratiam
858 1101 1093 1156 meruit.
1126 1101 1273 1165 Quia
1303 1117 1442 1155 vero
1476 1099 1676 1154 factio-

111 1195 308 1259 suscrat,
326 1194 374 1243 et
394 1191 590 1259 laudis,
616 1194 679 1244 ut
698 1191 757 1244 in
780 1190 881 1244 tali
911 1193 1080 1244 aetate
1103 1189 1349 1258 assolet,
1372 1194 1676 1260 appetens,

108 1278 322 1332 factiosos
365 1294 617 1349 quosque
659 1279 776 1332 sibi
833 1278 1109 1349 alligans,
1161 1292 1413 1348 quaeque
1462 1277 1680 1331 habere

108 1370 273 1435 poterat
307 1367 533 1421 libenter
578 1371 632 1421 et
682 1367 1022 1438 largissime
1051 1367 1170 1421 illis
1216 1366 1677 1435 impertiebatur.

108 1456 239 1507 Porro
255 1454 609 1525 Guiscardus,
641 1456 841 1510 fratris
876 1455 1263 1510 constantiam
1296 1458 1352 1509 et
1375 1455 1682 1508 militarem

107 1543 339 1596 audaciam
384 1544 590 1597 certius
637 1543 895 1614 experiri
924 1543 1153 1612 volens,
1208 1559 1340 1597 cum
1373 1541 1683 1612 sexaginta

106 1635 270 1684 tantum
309 1631 573 1686 militibus
592 1633 847 1703 plurima
872 1631 1051 1685 millia
1070 1632 1325 1685 hostium
1357 1631 1682 1685 debellatu-

1781 483 1853 536 ad
1900 484 2115 536 victum
2174 483 2515 536 necessaria
2571 488 2736 536 erant
2784 501 2986 539 secum
3044 487 3195 541 infra
3227 488 3436 542 urbem

1780 571 2090 631 clausisse,
2114 575 2169 624 et
2184 571 2328 624 nihil
2346 571 2612 625 relictum
2628 573 2782 642 quod
2798 576 3078 628 exercitui
3096 576 3438 647 contiguum

1780 660 1949 729 foret,
1982 659 2303 728 providens
2333 675 2405 713 ne
2438 660 2761 714 obsidenda
2797 663 2945 716 urbe
2967 663 3140 717 famis
3164 665 3438 735 angustia

1782 749 2102 801 exercitum
2133 747 2503 815 propellenet,
2536 748 2855 817 Rogerium
2892 750 3130 805 fratrem
3154 767 3285 806 cum
3319 756 3440 807 tre-

1783 836 1971 889 centis
2018 835 2302 888 militibus
2340 850 2557 890 versus
2610 841 2890 907 castrum,
2926 840 3084 909 quod
3129 840 3441 895 Geracium

1784 924 2015 993 dicitur,
2060 925 2118 977 in
2149 923 2407 993 praedam
2441 924 2658 995 dirigit,
2711 942 3087 997 summopere
3120 929 3443 984 admonens

1784 1015 1847 1065 ut
1890 1012 2170 1083 quidquid
2215 1013 2285 1065 ad
2329 1014 2521 1066 victus
2578 1016 2919 1069 necessaria
2962 1032 3172 1086 rapere
3216 1022 3444 1089 posset,

1784 1101 1934 1168 apud
1971 1100 2264 1172 Rhegium
2279 1102 2836 1173 exercituideferat;
2869 1104 3020 1174 ipse,
3051 1109 3212 1160 recto
3236 1107 3445 1162 itinere

1786 1189 2090 1262 gradiens,
2124 1190 2327 1244 urbem
2362 1190 2638 1244 obsidere
2670 1192 2979 1247 accelerat.

2381 1277 2631 1332 CAPUT
2671 1280 2853 1335 XXII.

1862 1367 2156 1437 Hogerius
2194 1382 2320 1420 eum
2349 1367 2602 1420 maxima
2629 1369 2834 1438 prwda
2863 1368 3155 1441 Rhegium
3192 1372 3373 1428 venit.

1862 1456 2159 1526 llogerius
2189 1470 2353 1523 vero,
2390 1455 2635 1510 studens
2666 1457 2737 1510 ad
2776 1459 3023 1528 gratiam
3048 1459 3246 1516 fratris
3278 1466 3333 1517 et
3362 1467 3449 1519 to-

1786 1544 1905 1598 tius
1954 1545 2252 1598 exercitus
2289 1544 2446 1613 quod
2477 1544 2588 1597 sibi
2622 1545 2949 1615 injunetum
2983 1552 3107 1602 erat
3140 1566 3446 1622 peragere,

1788 1632 2115 1686 altissimos
2148 1633 2330 1688 colles
2364 1649 2496 1686 cum
2526 1634 3012 1702 profundissimis
3043 1622 3296 1694 vallibus
3326 1656 3453 1710 per-

104 1734 192 1811 Ἓξ,
219 1719 263 1800 in
288 1718 590 1801 Calabriam
623 1720 844 1811 dirigit.
1018 1720 1298 1800 audacter
1319 1734 1598 1811 pergens,
1627 1718 1684 1771 in
1709 1752 1752 1811 Β
1787 1721 2071 1790 lustrans,
2106 1725 2166 1774 ut
2199 1721 2391 1775 ﬁdelis
2431 1726 2485 1775 et
2518 1723 2782 1777 studiosa
2825 1740 2987 1793 apes,
3024 1727 3450 1783 onustissimus

105 1790 245 1841 altiori
268 1792 542 1845 cacumine
564 1790 849 1844 montium
880 1791 1303 1845 Vibonensium
1334 1797 1526 1844 castra
1557 1804 1684 1843 me-

102 1880 230 1942 tatus,
272 1879 498 1932 tentoria
528 1879 654 1932 ﬁxit
686 1884 746 1932 ut
789 1880 967 1950 longe
998 1878 1229 1949 lateque
1261 1879 1428 1932 visus
1459 1877 1685 1931 incolas

103 1966 482 2037 circumquaque
503 1967 739 2022 facilius
772 1968 1114 2022 deterreret.
1158 1966 1322 2031 Quod
1360 1982 1492 2019 cum
1524 1982 1688 2020 com—

99 2057 272 2121 pet-tum
308 2055 505 2110 fuisset
541 2072 649 2126 per
677 2072 883 2110 omnes
918 2056 1203 2124 civitates,
1229 2060 1284 2109 et
1308 2058 1499 2108 castra
1530 2054 1687 2108 illius

101 2142 354 2208 provinciae
384 2149 435 2198 et
464 2146 643 2200 totius
676 2145 848 2198 vallis
879 2144 1229 2213 Salinarum,
1265 2143 1454 2198 territi
1484 2158 1690 2197 omnes

99 2230 275 2301 legatos
295 2236 384 2303 qui
403 2250 605 2304 pacem
637 2234 937 2304 postulent
969 2233 1250 2304 dirigunt,
1287 2249 1530 2286 munera
1559 2232 1692 2302 plu-

96 2319 206 2371 rima
231 2321 414 2376 dantes
446 2323 773 2378 fortissima
806 2327 999 2376 castra
1031 2322 1327 2377 enerviter
1354 2322 1605 2375 reddunt
1635 2320 1694 2373 in

96 2408 394 2481 servitutem,
422 2411 777 2482 juramentis
808 2416 864 2465 et
897 2411 1208 2465 obsidibus
1242 2410 1621 2465 foederantur.

651 2518 902 2573 CAPUT
931 2518 1063 2572 XX.

144 2639 213 2693 De
232 2640 468 2713 Rogerio
496 2644 599 2713 qni
630 2642 893 2698 Roberto
919 2640 1247 2696 Guiscardo
1264 2641 1336 2713 in
1350 2640 1566 2694 vitatus
1594 2656 1627 2693 a

414 2712 699 2769 Calabria
730 2715 791 2767 in
827 2712 1099 2784 Apuliam
1136 2712 1314 2767 vadit.

138 2834 214 2887 Sic
234 2840 375 2892 terra
405 2839 478 2893 ad
500 2854 675 2893 suam
707 2842 760 2892 et
801 2836 998 2890 fratris
1036 2835 1371 2890 ﬁdelitatem
1402 2850 1506 2904 pro
1536 2834 1701 2889 libito

90 2923 317 2995 ordinata,
377 2928 700 2996 plurimum
748 2927 1017 2995 pecuniae
1066 2941 1239 2995 quam
1289 2926 1599 2993 acceperat
1644 2923 1703 2976 in

86 3012 304 3080 Apuliam
327 3015 491 3071 fratri
511 3032 626 3087 per
647 3015 876 3086 legatos
898 3014 1076 3078 misit,
1103 3017 1349 3068 eventus
1382 3028 1528 3067 suos
1556 3028 1704 3082 qua-

87 3098 189 3153 liter
206 3106 379 3173 egerit
406 3105 720 3159 mandans.
745 3105 879 3174 lpse
903 3120 1041 3157 vero
1062 3106 1340 3171 castrum,
1371 3101 1526 3171 quod
1560 3100 1707 3153 Inci-
1736 3111 1786 3173 ο

85 3187 171 3241 iola
183 3190 398 3264 dicitur,
418 3194 866 3250 studiosissime
883 3192 1147 3246 turribus
1169 3194 1225 3245 et
1245 3188 1707 3262 propugnaculis

84 3276 301 3350 ﬁrmans,
334 3284 583 3337 armatis
611 3282 894 3335 militibus
927 3281 1209 3349 munivit;
1244 3279 1541 3347 omnibus,
1577 3295 1709 3349 quae

81 3366 134 3418 ad
154 3369 344 3425 victum
369 3371 720 3427 necessaria
739 3373 923 3439 erant,
949 3369 1318 3424 sufﬁcienter
1338 3367 1707 3421 introductis.

78 3454 400 3515 Guiscardus
430 3477 583 3516 vero
606 3459 872 3529 pecunia,
909 3474 1040 3529 quae
1072 3457 1186 3511 sibi
1219 3474 1249 3510 a
1284 3456 1462 3510 fratre
1488 3456 1713 3510 directa

79 3547 151 3598 est
189 3553 434 3619 accepta,
487 3554 550 3605 et
598 3549 941 3602 strenuitate
991 3546 1123 3616 ejus
1170 3546 1367 3617 agnita
1396 3545 1715 3615 plurimum

80 3636 294 3703 gavisus
312 3643 425 3707 est,
452 3640 509 3711 ej
521 3653 712 3708 usque
728 3636 1083 3707 colloquium
1102 3635 1473 3702 desiderans,
1490 3634 1632 3688 utad
1649 3650 1715 3687 se

81 3724 249 3780 venire
262 3728 559 3782 acceleret
571 3724 1067 3794 mandat.IIle,sex
1087 3723 1488 3777 tantummodo
1504 3723 1717 3776 milites

74 3827 251 3869 secum
282 3816 541 3885 ducens,
565 3814 810 3885 reliquis
842 3813 911 3867 ad
937 3813 1218 3867 tuendum
1249 3814 1528 3879 castrum,
1563 3810 1719 3880 quod

79 3899 290 3973 fecerat,
355 3910 412 3960 et
471 3904 845 3975 provinciam
899 3902 1299 3973 premendam,
1354 3916 1427 3955 ne
1486 3899 1722 3953 fraudes

71 3999 502 4058 praesumerent,
534 3992 775 4061 relictis,
810 3992 865 4044 in
892 3992 1159 4061 Apuliam
1178 3991 1249 4044 ad
1272 3989 1512 4043 fratrem
1535 3988 1720 4055 venit;

72 4093 96 4128 θ
112 4096 214 4149 quo
236 4099 368 4135 cum
389 4083 681 4137 decenter
703 4079 920 4133 fuisset
942 4081 1282 4148 susceptus,
1307 4080 1555 4132 eventus
1578 4091 1724 4129 suos

68 4166 377 4225 alternatim
427 4168 834 4239 conferentes,
879 4169 1076 4222 mutua
1108 4167 1497 4222 collocutione
1547 4165 1726 4220 locuti

69 4264 189 4314 sunt
216 4260 352 4330 (33').

1789 1810 1861 1863 ad
1901 1810 2221 1863 exercitum
2269 1825 2402 1864 cum
2445 1812 2695 1864 maxima
2728 1813 2928 1881 praeda
2973 1815 3163 1884 rediit,
3211 1815 3453 1887 jamque

1788 1914 1939 1969 pene
1961 1898 2305 1953 deﬁcientes
2336 1914 2542 1953 omnes
2573 1900 2929 1955 abundantia
2964 1905 3270 1957 recreavit.
3311 1904 3445 1959 Gui-

1795 1987 2044 2041 scardus
2067 2003 2233 2057 vero,
2260 1987 2468 2041 videns
2487 2004 2553 2042 se
2572 2004 2787 2042 versus
2811 1991 3101 2046 civitatem
3115 1992 3309 2047 minus
3322 2009 3460 2063 pro-

1797 2075 1974 2130 ﬁcere
2023 2079 2079 2130 et
2124 2076 2443 2130 exercitum
2476 2076 2688 2131 hiemis
2719 2079 3035 2147 asperitate
3067 2082 3311 2148 turbari,
3347 2082 3458 2136 ob-

1799 2165 2132 2218 sessionem
2165 2164 2408 2219 solvens
2427 2165 2939 2236 diseessionisque
2964 2168 3113 2221 dans
3140 2168 3455 2239 licentiam,

1800 2253 1929 2322 ipse
1959 2252 2113 2322 apud
2145 2252 2354 2306 Maiam
2398 2252 2692 2307 hiemandi
2741 2256 2928 2325 gratia
2959 2272 3093 2310 cum
3128 2257 3335 2326 paucis
3364 2272 3459 2311 se-

1801 2341 2005 2396 cessit.
2868 2360 2873 2365 ι

2383 2430 2633 2484 CAPUT
2674 2431 2880 2485 XXIII.

1804 2536 2099 2608 Rogerius
2119 2537 2275 2590 irato
2297 2536 2488 2591 animo
2518 2553 2549 2590 a
2581 2538 2845 2593 Iioberto
2868 2537 3196 2595 Guiscardo
3211 2540 3462 2596 recedit.

1879 2626 2176 2696 Rogerius
2194 2625 2410 2696 itaque,
2437 2641 2568 2679 cum
2589 2627 2744 2697 quod
2765 2627 3049 2682 militibus
3069 2629 3197 2682 suis
3214 2629 3469 2701 largire-

1805 2717 1900 2769 tur
1928 2714 2477 2768 minus'abundaret
2507 2713 2639 2785 (34),
2665 2719 2721 2770 et
2751 2717 2865 2786 ipsi
2912 2717 3028 2771 sibi
3072 2719 3131 2772 in
3175 2719 3468 2790 exigendo

1811 2803 2269 2873 importuniorcs
2313 2808 2534 2873 essent,
2583 2822 2612 2857 a
2659 2806 2839 2859 fratre
2890 2808 3127 2876 expetit.
3178 2808 3278 2862 Ille
3327 2823 3470 2863 vero

1808 2907 2129 2963 pravorum
2152 2892 2399 2946 consilio
2415 2909 2645 2957 versus,
2672 2910 2802 2947 eum
2818 2897 3051 2949 caeteris
3071 2896 3276 2968 largus
3290 2900 3473 2966 esset,

1809 2982 1893 3035 illi
1918 2981 2181 3035 strictior
2213 2997 2387 3051 quam
2410 2983 2714 3050 oportebat
2751 2983 2863 3052 (35)
2891 3000 3028 3038 esse
3061 2986 3255 3055 cmpit.
3292 2984 3473 3038 Vide-

1812 3072 1911 3125 bat
1957 3069 2208 3139 denique
2240 3072 2477 3138 propter
2506 3071 2930 3141 strenuitatem,
2973 3090 3148 3141 quam
3198 3073 3470 3142 habebat,

1815 3158 2376 3229 militiamjuvenum
2398 3160 2575 3213 totius
2603 3160 2828 3230 Apuliae
2852 3162 2903 3214 ei
2927 3162 3122 3216 notius
3153 3178 3328 3233 quam
3363 3162 3479 3216 sibi

1817 3250 2156 3314 adhaerere;
2192 3248 2344 3303 unde
2375 3253 2428 3303 et
2460 3265 2531 3303 ne
2565 3253 2767 3303 contra
2794 3266 2860 3304 se
2893 3251 3305 3318 insolesceret,
3352 3266 3479 3305 me-

1820 3339 2038 3409 tuebat,
2077 3344 2133 3392 et
2182 3342 2242 3393 ut
2285 3340 2489 3408 paucis
2534 3341 2844 3392 contentus
2891 3356 3094 3394 secum
3148 3342 3478 3394 moraretur

1824 3429 2069 3499 penuria
2101 3444 2318 3500 cogere
2341 3427 2593 3482 volebat.
2622 3427 2803 3483 Porro
2836 3428 2953 3497 ille,
2987 3432 3049 3483 ut
3078 3431 3277 3501 magni
3307 3428 3484 3483 animi

1827 3521 1970 3584 erat,
2024 3516 2224 3571 sciens
2283 3532 2370 3587 se,
2431 3533 2464 3570 a
2510 3516 2689 3571 fratre
2740 3519 3048 3588 recedens,
3100 3518 3160 3572 in
3216 3518 3487 3590 Apuliam

1827 3606 1928 3659 ivit
1959 3605 2070 3675 (se)
3116 3600 3117 3605 ‘

2403 3692 2653 3749 CAPUT
2695 3696 2905 3751 XXIV.

1830 3782 2127 3854 Rogerius
2148 3798 2179 3835 a
2207 3781 2523 3860 Guilielnio
2552 3783 2747 3839 fratre
2766 3785 3037 3860 benigne
3057 3787 3400 3860 suscipitur,
3435 3792 3494 3842 et

2355 3853 2563 3925 Sealea
2605 3853 2969 3911 conceditur.

1903 3959 2069 4024 Quod
2089 3958 2336 4012 audiens
2359 3958 2539 4012 frater
2560 3975 2708 4015 suus
2728 3961 3099 4032 Guilielmus,
3116 3979 3319 4019 comes
3342 3964 3500 4019 vide-

1836 4050 1973 4103 licet
2020 4048 2198 4103 totius
2246 4047 2635 4117 principatus,
2686 4049 2914 4121 legatos
2967 4051 3168 4117 mittit;
3219 4055 3280 4105 ut
3308 4054 3381 4106 ad
3430 4068 3497 4108 se

1838 4138 2031 4192 veniat
2083 4136 2303 4205 invitat,
2350 4153 2482 4206 quae
2514 4136 2689 4190 habet
2731 4138 2903 4192 simul
2937 4139 3202 4209 accipiat,
3255 4139 3400 4192 nihil
3430 4155 3499 4193 se

1839 4229 2085 4296 excepta
2116 4240 2298 4280 uxore
2329 4229 2384 4278 et
2414 4225 2639 4294 liberis,
2688 4227 2758 4280 ab
2791 4226 2888 4281 illo
2934 4228 3237 4297 proprium
3279 4227 3499 4281 habere

1839 4315 1990 4371 velle
2024 4313 2460 4383 repromittens.
2499 4313 2756 4367 Veniens
2777 4314 2970 4386 itaque
3008 4316 3229 4370 honore
3255 4330 3369 4386 quo
3402 4314 3501 4369 de-

678 4363 929 4419 CAPUT
957 4364 1116 4417 XXI.
2523 4363 2968 4419 -ίξο--η-τςη---
3008 4363 3163 4413 ---ηῖ

1844 4405 2011 4459 cebat
2037 4404 2358 4471 susceptus
2383 4406 2493 4469 est,
2520 4403 2974 4475 aliquandiuque
2996 4420 3127 4459 cum
3151 4404 3280 4475 ipso
3305 4420 3502 4459 mora-

101 4488 396 4546 Robertus
432 4487 823 4569 Guiscardus,
859 4494 917 4541 et
949 4487 1243 4569 Rogcrius
1271 4503 1396 4541 cum
1427 4486 1700 4541 exercitu
1766 4468 1812 4531 ί)
1847 4498 1958 4549 tur.
1993 4468 2252 4546 Tandem
2290 4468 2571 4560 castram,
2606 4468 2761 4562 quod
2793 4468 2997 4548 Scalea
3029 4493 3140 4564 (37)
3163 4468 3395 4562 dicitur,
3430 4494 3503 4549 ab

620 4558 910 4630 Rhegium
940 4558 1175 4613 νδίίηηίυ
1846 4584 1975 4654 ipso
2019 4582 2263 4651 accepit,
2306 4596 2412 4650 per
2454 4581 2609 4651 quod
2641 4583 2854 4637 multas
2885 4583 3257 4638 incursiones
3290 4598 3506 4637 versus

1848 4671 2239 4726 Guiscardum
2262 4669 2509 4738 faciens,
2532 4671 3324 4742 circumquaquelacessivit.
3341 4670 3509 4734 Quod

1853 4777 1985 4815 cum
2016 4759 2341 4814 Guiscardo
2375 4759 2617 4812 relatum
2654 4760 2885 4825 fuisset,
2929 4760 3189 4813 exercitu
3231 4764 3385 4813 moto
3417 4760 3509 4813 di-

1858 4854 2013 4905 ctum
2046 4853 2304 4904 castrum
2335 4848 2654 4902 obsessum
2676 4850 2853 4902 vadit.
2889 4848 3251 4902 Guiscardus
3275 4847 3511 4918 quidem

1856 4940 2068 4995 oliveta
2104 4943 2160 4993 et
2181 4938 2373 4992 vineta
2407 4939 2537 4991 urbi
2565 4939 2836 5008 contigua
2863 4937 3225 4991 devastabat.
3264 4936 3508 4991 Guiliel~

1856 5044 1988 5082 mus
2040 5031 2232 5081 autem
2275 5026 2489 5079 milites
2535 5025 2668 5096 ejus
2701 5025 2927 5080 crebris
2960 5024 3398 5095 congressibus
3458 5027 3516 5080 et

131 4683 347 4756 Sicque
367 4698 513 4739 cum
542 4684 804 4735 moratus
822 4684 931 4749 est,
954 4681 1141 4736 donec
1163 4680 1457 4735 communi
1488 4680 1737 4735 consilio

64 4775 274 4841 paratis
310 4774 415 4828 his
453 4786 589 4842 que
619 4770 691 4824 ad
723 4771 1154 4840 expeditionem
1185 4769 1526 4824 necessaria
1552 4772 1736 4835 erant,

69 4864 314 4919 maxima
360 4881 548 4919 manu
592 4864 853 4933 equitum
901 4863 957 4913 et
996 4860 1255 4929 peditum
1280 4858 1427 4929 juga
1459 4860 1739 4912 montium

59 4950 351 5010 Calabriae
368 4954 1110 5013 transcendentes,versus
1133 4948 1425 5019 Rhegium
1441 4947 1738 5001 incedunt.

63 5043 129 5095 At
155 5060 295 5099 cum
332 5045 398 5098 in
423 5043 640 5098 vallem
686 5040 1019 5095 Salinarum
1040 5040 1279 5091 ventum
1324 5038 1435 5105 est,
1472 5035 1745 5089 Guiscar-

1856 5224 1923 5264 se
1951 5204 2215 5261 contulit.

1928 5280 1990 5332 Ο.
2029 5279 2086 5331 Ρ.
2109 5277 2190 5331 Se
2223 5282 2320 5330 aut
2358 5291 2389 5328 a
2420 5274 2617 5347 fratre
2647 5274 3025 5347 degenerem,
3063 5272 3159 5329 vel
3188 5271 3515 5347 indignum,

1860 5352 1996 5422 quin
2017 5347 2421 5422 gradatimad
2454 5346 2593 5416 alta,
2638 5352 2697 5400 ut
2732 5345 2836 5422 ille
2864 5345 3117 5422 fecerat,
3152 5351 3212 5400 et
3232 5345 3362 5422 jam
3392 5348 3523 5419 ipse

1858 5416 2095 5475 fortuna
2138 5418 2261 5473 sibi
2307 5417 2578 5487 favente,
2638 5416 2979 5488 scanderet,
3040 5418 3198 5474 irato
3236 5416 3446 5475 ‘animb
3489 5434 3523 5479 α

1860 5491 2056 5548 fratre
2083 5490 2398 5558 recedens,
2433 5491 2544 5543 etc.

1930 5562 2046 5637 (37)
2072 5561 2137 5619 Ο.
2169 5562 2236 5620 Ρ.
2264 5559 2466 5633 Ascla,
2501 5562 2559 5619 et
2585 5560 2666 5619 ita
2695 5558 2997 5638 deinceps.

122 5218 236 5294 (33)
280 5222 352 5276 C.
391 5222 465 5275 P.
499 5220 687 5294 laetati
718 5224 874 5273 sunt.
1128 5286 1164 5294 __
1279 5284 1292 5294 _

122 5283 238 5359 (34)
288 5292 601 5361 Hogerius
655 5306 796 5344 vero
855 5304 980 5342 cum
1040 5284 1386 5361 quibusdam
1450 5283 1744 5339 militibus

49 5356 197 5427 suis,
218 5356 516 5436 etv/{10d
536 5363 625 5417 eis
654 5360 986 5431 largiretur
1014 5356 1207 5411 minus
1238 5356 1511 5436 habetur.
1549 5427 1558 5436 ⁸

122 5425 241 5503 (35)
290 5425 573 5489 consilio
612 5425 771 5487 usus“
785 5446 996 5503 versus
1032 5445 1159 5484 eum
1191 5444 1318 5483 cum
1347 5427 1592 5483 caeteris
1621 5425 1749 5481 Iar-

43 5502 164 5579 gus
184 5502 393 5579 ωερε,
436 5511 493 5579 et
522 5503 616 5579 illi
644 5502 1129 5579 strictiorquam,
1163 5503 1273 5579 etc.

112 5577 236 5652 (36)
282 5567 385 5633 se
403 5575 750 5633 sicafratre
774 5567 1048 5645 tractari,
1069 5567 1363 5627 recedens
1385 5571 1449 5626 in
1475 5568 1608 5645 Apu
1624 5567 1749 5626 ’iam

2002 5815 2028 5839 ο
