3982 6164
512 266 666 329 1115

1245 269 1678 335 GAUFREDI
1728 272 2284 381 MALATERR/E
2328 274 2714 342 MONACHI
2769 279 3205 345 BENEDICT.

3739 295 3868 357 1116

504 464 704 519 hastili
734 466 948 521 robore
979 467 1308 524 militariter
1336 469 1646 540 dejiciens,
1671 486 1919 526 numero
1951 462 2244 531 minue-ﬁ
2282 474 2459 529 nibus
2503 477 2792 548 lacerans,
2840 478 3231 539 Guiseardum
3271 483 3326 537 in
3359 488 3569 539 tantum
3611 488 3875 545 sollicitum

501 553 618 608 bat.
643 553 743 608 Ille
773 569 935 624 vero,
970 572 1224 612 cernens
1252 574 1318 612 se
1343 574 1556 614 versus
1575 560 1782 614 urbem
1807 562 2004 616 minus
2026 576 2165 631 pro-

502 640 681 694 ficere
720 644 778 695 et
804 657 1114 699 numerum
1148 661 1391 700 suorum
1422 647 1621 701 diatim
1651 648 1844 718 magis
1874 664 1941 702 ac
1972 649 2164 721 magis

502 729 706 800 minui,
726 746 798 785 ne
822 730 1033 803 majori
1054 733 1263 788 damno
1285 739 1651 807 gravaretur,
1686 736 1935 791 consilio
1962 734 2161 792 habito

501 833 534 871 a
562 818 695 873 loco
727 821 1001 875 recessit.

1098 909 1348 965 CAPUT
1387 912 1569 979 xxv,

835 996 1131 1069 Rogerius
1161 1015 1357 1054 eomes
1378 1016 1557 1072 equos
1584 1000 1842 1056 furatur.

576 1100 710 1157 Non
737 1103 920 1159 multo
951 1108 1084 1173 post
1113 1121 1219 1175 per
1244 1107 1637 1162 internuntios
1667 1123 1813 1177 pace
1839 1107 1911 1162 ad
1933 1111 2164 1179 tempus

502 1191 654 1245 inter
682 1190 848 1261 ipsos
880 1192 1050 1263 facta,
1096 1193 1379 1249 invitatus
1411 1212 1443 1249 a
1476 1195 1654 1250 fratre
1689 1196 1988 1268 Rogerius
2033 1212 2166 1251 cum

502 1278 889 1350 quadraginta
913 1280 1198 1336 militibus
1221 1282 1357 1336 ﬁdis
1389 1283 1504 1337 sibi
1537 1285 1822 1338 servitum
1844 1285 2031 1351 vadit;
2064 1284 2169 1339 ubi

502 1367 737 1437 quidem
755 1367 1069 1437 plurimum
1091 1371 1466 1439 penuriarum
1485 1386 1703 1440 passus
1728 1374 1838 1441 est,
1865 1372 2167 1427 sedlatro—

503 1455 657 1509 cinio
675 1456 1104 1527 armigerorum
1127 1473 1369 1513 suorum
1394 1460 1452 1512 in
1480 1458 1679 1512 multis
1703 1460 2164 1513 sustentabatur.

501 1541 665 1608 Quod
688 1544 924 1614 quidem
948 1545 1019 1599 ad
1045 1545 1178 1616 ejus
1199 1546 1577 1617 ignominiam
1599 1563 1716 1601 non
1738 1548 2013 1616 dicimus,
2038 1548 2165 1630 sed,

501 1631 634 1702 ipso
656 1632 734 1686 ita
754 1634 1156 1703 praecipiente,
1187 1635 1380 1689 adhuc
1411 1635 1620 1689 viliora
1642 1639 1698 1689 et
1726 1636 2169 1705 reprehensibi-

500 1719 646 1774 liora
678 1721 749 1775 de
779 1722 909 1790 ipso
942 1722 1220 1792 scripturi
1252 1739 1482 1789 sumus,
1516 1728 1578 1778 ut
1598 1725 1868 1793 pluribus
1905 1726 2170 1794 patescat

503 1824 678 1879 quam
715 1809 1012 1864 laboriose
1042 1815 1251 1865 etcum
1284 1815 1500 1882 quanta
1537 1812 2170 1883 angustiaaprofunda

499 1900 839 1966 paupertate
852 1898 925 1951 ad
948 1915 1242 1953 summum
1265 1901 1497 1954 culmen
1517 1901 1851 1955 divitiarum
1872 1902 1966 1955 vel
1991 1902 2171 1956 hono-

500 1985 587 2038 ris
632 1988 910 2058 attigerit.
946 1988 1211 2042 Habebat
1243 1989 1536 2059 siquidem
1569 1990 1929 2062 armigerum
1960 2005 2170 2061 quem-

497 2072 651 2143 dam,
686 2074 934 2128 Blettiva
966 2073 1077 2145 (38)
1098 2076 1355 2145 nomine,
1392 2093 1613 2147 coram,
1647 2094 1764 2149 quo
1785 2078 1864 2132 nil
1897 2079 2171 2132 tuebatur

495 2161 570 2215 ad
601 2163 757 2233 quod
790 2163 1102 2218 furandum
1133 2165 1489 2219 intendebat.
1527 2167 1635 2219 Hie
1660 2167 1786 2236 ipse
1808 2167 2166 2237 penuriosus

497 2251 691 2304 adhuc
716 2251 982 2322 juvenis,
1014 2254 1388 2322 postmodum
1431 2255 1764 2309 ditissimus
1794 2255 2030 2309 futurus
2063 2270 2165 2310 co-

496 2354 623 2393 mes
654 2338 788 2409 (89),
815 2357 946 2394 cum
970 2344 1136 2396 esset
1173 2342 1418 2412 cupiens
1451 2343 1740 2414 quosdam
1770 2359 1978 2414 equos,
2013 2360 2166 2415 quos

494 2428 651 2496 apud
680 2428 912 2483 Melfam
947 2430 1005 2483 in
1030 2429 1301 2501 ejusdem
1338 2431 1511 2486 domo
1533 2432 1778 2501 viderat,
1799 2432 1872 2486 ad
1891 2432 2018 2486 haec
2052 2432 2166 2504 (40)

497 2518 798 2586 persuasit
844 2522 908 2573 ut
951 2534 1156 2574 secum
1200 2520 1425 2574 vadens
1475 2524 1763 2575 nocturno
1824 2521 1978 2576 furto
2023 2521 2165 2575 abs-

495 2607 720 2659 tractos
744 2606 1083 2663 abduceret.

1078 2713 1329 2768 CAPUT
1369 2715 1579 2768 XXVI.

822 2820 875 2873 A
906 2821 1161 2891 Rogerio
1188 2820 1486 2874 Malfitani
1514 2820 1843 2891 capiuntur.

564 2923 875 2979 Curriculo
908 2925 1103 2996 itaque
1135 2927 1425 2980 mensium
1461 2927 1710 2981 duorum
1741 2926 1945 2982 fratris
1976 2928 2166 2983 servi-

492 3013 637 3068 tium
673 3014 939 3068 studiose
970 3031 1284 3087 peragens,
1333 3031 1463 3070 cum
1513 3016 1587 3070 ab
1620 3015 1770 3085 ipse,
1804 3016 1884 3071 nil
1919 3016 2071 3071 inter
2099 3033 2165 3072 se

496 3108 553 3157 et
594 3118 800 3157 omnes
848 3119 994 3157 suos
1026 3119 1205 3158 causa
1237 3104 1730 3158 remunerationis
1773 3122 1888 3159 uno
1938 3109 2162 3160 tantum

496 3206 647 3263 equo
681 3195 947 3262 excepto,
977 3193 1331 3263 accepisset,
1367 3195 1640 3264 quamvis
1675 3196 2164 3266 nonlegerat,ta-
2200 3190 2253 3254 Ο

495 3295 629 3334 men
678 3281 851 3352 quasi
906 3282 1251 3336 naturaliter
1296 3282 1496 3336 sciens
1547 3282 1688 3336 illud
1741 3281 2164 3337 Sallustianum

491 3369 871 3438 proverbium
903 3368 1055 3437 (Cat.
1090 3367 1178 3438 61)
1214 3385 1225 3422 :
1262 3369 1516 3423 Frustra
1538 3370 1650 3423 niti
1667 3378 1723 3424 et
1748 3370 2164 3425 adextremum

492 3456 598 3525 nil,
624 3457 743 3511 nisi
764 3457 956 3511 odium
979 3456 1286 3527 fatigando
1317 3458 1748 3529 quwrere,jam
1790 3458 2017 3512 demum
2052 3476 2162 3514 ex-

494 3550 697 3598 trema)
712 3545 1027 3599 dementiae
1041 3551 1131 3598 est
1147 3564 1165 3609 ,·
1199 3551 1256 3598 et
1282 3545 1431 3617 quod
1441 3546 1595 3600 bene
1608 3547 1907 3601 servienti
1924 3546 2163 3602 fortuna

492 3634 855 3687 necessaria.
884 3637 994 3701 est,
1031 3633 1144 3686 sibi
1176 3650 1318 3688 vero
1376 3650 1504 3688 eam
1550 3635 1746 3688 minus
1798 3635 1997 3689 favere
2030 3651 2162 3690 cum

491 3720 670 3775 fratre
719 3720 1038 3790 plurimum
1084 3722 1287 3776 verbis
1345 3722 1682 3793 altercatus,
1736 3723 1958 3778 foedere
2004 3724 2163 3796 quod

492 3808 646 3863 inter
674 3824 740 3863 se
772 3809 845 3863 ad
874 3812 1108 3879 tempus
1149 3809 1442 3864 habebant
1470 3811 1718 3881 reddito,
1753 3812 2021 3866 Scaleam
2069 3828 2161 3867 re-

491 3912 709 3952 versus
740 3901 852 3966 est,
887 3899 1199 3970 statimque
1240 3900 1299 3953 in
1330 3900 1536 3954 eodem
1568 3916 1838 3970 vespere,
1872 3900 2027 3970 apud
2059 3917 2161 3955 ca-

491 3989 698 4055 strum,
731 3987 888 4058 quod
920 3987 1276 4041 Narencium
1311 3987 1543 4058 dicitur,
1567 3989 1783 4042 milites
1810 4004 1955 4043 suos
1978 4004 2161 4059 super

491 4074 880 4129 Guiscardum
911 4076 1235 4146 praedatum
1266 4077 1527 4143 mittens,
1550 4071 1915 4147 provinciam
1935 4076 2158 4147 spolia-

487 4163 589 4217 vit.
630 4165 703 4218 At
744 4165 881 4218 dum
924 4165 1079 4233 illos,
1104 4181 1256 4237 quos
1280 4166 1531 4235 praedari
1553 4167 1816 4236 miserat,
1840 4166 1996 4236 apud
2026 4166 2163 4220 Sca-

487 4252 639 4307 leam
682 4253 1083 4324 praestolatur,
1118 4255 1343 4309 Berver
1375 4254 1486 4324 (4i)
1519 4255 1754 4325 quidam
1781 4272 1813 4309 a
1843 4253 2020 4309 Melfa
2052 4270 2157 4310 ve-

487 4341 657 4396 niens
676 4344 901 4396 nuntiat
923 4343 1252 4398 Mellitanos
1269 4344 1667 4415 negotiatores
1690 4361 1721 4397 a
1743 4343 1918 4398 Melfa
1941 4359 2158 4398 versus

488 4429 742 4495 Melfam,
770 4431 926 4485 haud
948 4432 1152 4501 procul
1176 4448 1206 4485 a
1245 4436 1443 4486 castro
1482 4432 1760 4487 transire.
1797 4432 1922 4497 Quo
1959 4433 2155 4487 audito

488 4533 605 4572 non
645 4520 946 4574 minimum
984 4522 1255 4591 gavisus,
1290 4536 1503 4591 equum
1538 4521 1809 4574 insiliens
1841 4520 2156 4575 Gisenual-

487 4606 626 4661 dum
674 4611 730 4662 et
775 4607 1214 4676 Carbonariam,
1260 4625 1391 4661 cum
1442 4611 1572 4663 octo
1618 4610 1837 4662 tantum
1874 4609 2156 4664 militibus

486 4697 919 4751 mercatoribus
951 4697 1226 4765 occurrit,
1254 4700 1576 4767 captosque
1600 4696 1863 4751 Scaleam
1883 4697 2153 4764 deduxit;

485 4785 795 4855 omniaque
853 4802 985 4856 quae
1044 4801 1249 4840 secum
1305 4785 1600 4840 habebant
1649 4786 1933 4855 diripiens
1986 4786 2153 4856 ipsos

486 4875 661 4928 etiam
736 4874 1025 4929 redimere
1102 4874 1258 4928 fecit.
1332 4875 1453 4928 Hac
1529 4875 1779 4945 pecunia
1841 4874 2156 4929 roboratus

484 4961 691 5035 largus
746 4963 1096 5018 distributor
1140 4966 1374 5018 centum
1420 4963 1536 5017 sibi
1583 4964 1799 5017 milites
1842 4963 2154 5035 allegavit;

486 5053 703 5124 quibus
724 5055 901 5107 totam
929 5051 1201 5123 Apuliam
1222 5053 1453 5107 crebris
1476 5055 1531 5107 et
1563 5052 1822 5107 diversis
1853 5052 2152 5107 incursio-

553 5213 663 5281 (38)
706 5212 1019 5277 Quemdam
1044 5211 1385 5267 Blettinam.

555 5280 668 5353 (39)
706 5284 919 5338 Adhuc
966 5284 1191 5347 vivens,
1222 5282 1588 5354 postmodum
1625 5280 1963 5336 ditissimus
1992 5280 2153 5336 futu-

487 5369 594 5408 rus
614 5369 810 5408 comes
832 5370 1006 5408 causa
1032 5359 1213 5408 esset.

576 5423 666 5494 40)
707 5424 772 5496 In
803 5424 1101 5496 cujusdam
1125 5424 1292 5480 domo
1328 5424 1582 5494 viderat,
1611 5423 1686 5478 ad
1713 5424 1841 5479 bac.

579 5496 667 5564 41)
707 5495 771 5549 C.
806 5494 875 5548 PQ
903 5495 1198 5550 Benerus.

553 5566 665 5637 (42)
720 5565 868 5637 Vero
889 5582 1084 5637 pugna
1112 5566 1497 5622 mortalitatis
1536 5564 1927 5637 borribiIiter
1956 5564 2153 5620 deliu-

488 5635 595 5694 ens
647 5635 751 5692 vix
789 5635 1038 5710 aliquem
1077 5638 1437 5710 permittens
1477 5636 1761 5709 evadere,
1826 5636 1890 5693 in
1930 5642 2154 5694 tantum

484 5708 931 5795 pertransiens.

2280 564 2563 619 reddebat
2591 570 2652 620 ut
2681 568 3056 637 acquirendas
3080 569 3363 627 Calabriae
3381 574 3732 647 oblitus,jam
3751 581 3871 648 quod

2279 655 2638 724 acquisierat
2664 672 2814 727 pene
2837 660 3151 714 amitteret.

2849 782 3098 839 CAPUT
3131 785 3370 841 XXVII.

2734 886 2946 943 Fames
2982 891 3045 943 in
3087 889 3363 946 Calabria
3401 890 3487 945 ﬁt.

2353 1010 2523 1063 Anno
2556 1008 2711 1079 1058,
2758 1012 2957 1067 clades
2987 1016 3366 1085 permaxima,
3402 1018 3457 1069 et
3486 1016 3757 1087 flagellum
3798 1019 3875 1071 ira;

2282 1095 2407 1166 Dei,
2454 1101 2515 1151 ut
2564 1101 2881 1171 credimus,
2924 1104 3185 1172 peccatis
3224 1104 3617 1175 exigentibus,
3649 1105 3877 1161 divinitus

2278 1184 2613 1241 immissum
2662 1191 2837 1243 totam
2895 1190 3184 1246 Calabria;
3234 1193 3593 1261 provinciam
3639 1195 3876 1248 curriculo

2281 1274 2456 1329 trium
2477 1277 2789 1347 mensium,
2816 1279 3006 1333 Martii
3042 1280 3334 1350 videlicet,
3361 1282 3580 1350 Aprilis
3625 1285 3675 1335 et
3702 1281 3812 1335 Maii
3834 1284 3876 1337 in

2281 1366 2501 1419 tantum
2540 1367 2759 1421 attrivit
2786 1371 2848 1421 ut
2875 1368 3031 1423 trino
3062 1369 3271 1424 morbo
3304 1372 3551 1423 mortem
3590 1370 3694 1423 sibi
3735 1372 3874 1424 immi-

2279 1468 2419 1507 nere
2442 1460 2775 1524 cernentes,
2801 1472 2933 1510 eum
2968 1473 3148 1511 unum
3169 1457 3241 1511 ad
3264 1458 3400 1511 vitae
3423 1458 3729 1527 perieulum
3746 1458 3874 1512 sufﬁ-

2280 1556 2414 1596 cere
2437 1546 2661 1613 posset,
2678 1545 2780 1597 vix
2793 1545 2865 1598 ad
2878 1546 3131 1615 quodvis
3146 1546 3380 1615 horum,
3419 1547 3624 1600 nedum
3638 1548 3732 1600 tria
3744 1548 3875 1599 simul

2279 1630 2680 1687 furiosissime
2711 1633 3056 1688 detonantia
3085 1634 3347 1705 pericula
3381 1650 3447 1688 se
3481 1635 3717 1689 evadere
3743 1650 3877 1703 posse

2279 1720 2704 1775 existimarent.
2759 1722 2906 1775 Nam
2944 1739 3060 1776 una
3092 1739 3166 1776 ex
3196 1728 3362 1793 parte
3419 1723 3645 1794 gladius
3675 1740 3703 1777 a
3744 1724 3878 1777 Nort-

2279 1811 2511 1863 mannis
2529 1811 2628 1863 vix
2651 1811 2822 1865 alicui
2842 1826 3096 1880 parcens
3125 1812 3510 1866 desaeviebat.
3551 1812 3634 1865 Ex
3652 1812 3749 1865 alia
3774 1827 3874 1865 vero

2278 1898 2466 1953 fames
2524 1900 2753 1953 viribus
2802 1900 3111 1954 exhaustis
3159 1916 3267 1969 per
3311 1900 3592 1972 languida
3629 1901 3873 1954 aestuabat.

2279 1988 2471 2042 Tertia
2489 2003 2633 2043 vero
2655 1989 2863 2059 pruina
2884 1990 3252 2043 mortalitatis
3271 1988 3634 2043 horribiliter
3648 1990 3875 2056 deﬂuens,

2278 2078 2376 2130 vix
2401 2078 2674 2131 intactum
2698 2079 3038 2148 percutiens
3075 2076 3188 2147 (4'2)
3227 2078 3367 2131 utin
3391 2079 3575 2131 arenti
3597 2077 3875 2132 arundineto

2277 2166 2431 2221 laxis
2475 2166 2723 2220 habenis
2770 2166 2973 2220 furens
3005 2166 3116 2235 (43)
3162 2166 3503 2220 incendium
3545 2165 3877 2235 percurrebat.

2277 2256 2570 2309 Pecunias
2617 2254 2924 2322 habentes,
2984 2254 3126 2325 quid
3175 2258 3444 2309 emerent
3500 2270 3613 2308 non
3650 2253 3875 2308 habentes

2279 2346 2450 2414 atque
2489 2344 2655 2413 ipsos
2703 2343 2926 2398 liberos
2958 2343 3070 2412 (44)
3102 2359 3173 2397 ex
3206 2344 3574 2415 ingenuitate
3602 2345 3877 2412 procreatos

2278 2433 2379 2486 vili
2414 2432 2598 2502 pretio
2623 2433 2677 2485 in
2702 2432 3009 2488 servitium
3041 2433 3474 2501 venundantes,
3514 2449 3646 2487 num
3667 2431 3751 2486 ubi
3776 2429 3879 2483 illud

2277 2521 2347 2575 ad
2404 2523 2597 2575 victus
2656 2520 2959 2575 utilitatem
3027 2521 3513 2592 expenderetur,
3585 2537 3691 2575 non
3754 2520 3879 2572 inve-

2274 2610 2532 2679 niebant,
2565 2610 2638 2664 ad
2666 2613 3047 2681 augmentum
3095 2611 3317 2665 doloris
3352 2611 3474 2680 sui,
3517 2608 3804 2664 amissione
3837 2607 3878 2658 in

2276 2714 2449 2754 cassa
2466 2697 2578 2769 (45)
2600 2699 2933 2753 venditione
2958 2700 3297 2767 liberorum,
3339 2700 3521 2771 quasi
3560 2702 3747 2770 quarta
3769 2695 3878 2748 cala-

2274 2787 2471 2841 mitate
2502 2787 2938 2842 cruciabantur.
2969 2788 3371 2843 Vescentibus
3394 2788 3686 2854 carnibus,
3707 2786 3880 2853 absque

2272 2891 2420 2946 pane
2453 2877 2759 2945 comestio,
2793 2877 3148 2946 quibusdam
3182 2877 3390 2931 vinum
3421 2894 3539 2932 non
3564 2874 3877 2934 habentibus,

2273 2964 2375 3018 ubi
2417 2980 2586 3035 aqum
2633 2967 2773 3034 potu
2819 2965 3205 3020 condiebatur
3247 2966 3361 3036 (46)
3411 2966 3783 3037 dysenteriem
3820 2961 3877 3013 fa-

2272 3053 2460 3121 ciens,
2494 3052 2709 3106 multos
2732 3052 3087 3122 dejiciebat;
3119 3055 3413 3124 quosdam
3446 3058 3636 3109 autem
3660 3050 3878 3123 spleneti-

2272 3157 2377 3195 cos
2422 3141 2691 3195 faciebat.
2741 3142 2852 3196 Ubi
2898 3124 3038 3197 vero
3090 3143 3228 3197 vino
3279 3143 3513 3198 fortiori
3560 3144 3877 3209 intemperata

2271 3230 2813 3300 superfundebatur
2834 3230 2994 3285 calor
3009 3232 3314 3301 naturalis,
3332 3232 3605 3302 ejusdem
3618 3228 3877 3302 perniciem

2268 3318 2418 3372 lueri
2464 3334 2585 3387 cor,
2638 3319 2795 3389 quod
2845 3321 3013 3388 panis
3063 3336 3181 3374 non
3230 3320 3635 3387 conﬁrmabat,
3683 3314 3875 3371 internis

2270 3408 2519 3479 quadam
2566 3409 2911 3462 aestuatione
2962 3409 3301 3463 concedens
3341 3409 3634 3464 debilitari
3663 3403 3875 3477 cogebat.

2271 3496 2754 3567 Quadragesimae
2774 3500 3035 3550 sanetam
3049 3497 3496 3552 observantiam
3511 3497 3619 3566 (4'7)
3638 3514 3668 3549 a
3684 3492 3874 3553 sanctis,

2273 3589 2329 3639 et
2358 3585 2661 3656 religiosis
2699 3585 2971 3640 Patribus
3009 3586 3296 3640 catholica
3339 3586 3714 3641 contraditum
3732 3596 3876 3651 angu-

2272 3676 2384 3727 stia
2408 3674 2702 3742 dissolvit,
2742 3675 2802 3728 in
2825 3678 3043 3729 tantum
3068 3679 3128 3729 ut
3150 3691 3266 3729 non
3290 3675 3488 3730 solum
3511 3675 3675 3729 lactis
3704 3671 3781 3726 vel
3808 3684 3878 3721 ca-

2273 3763 2362 3816 sei
2409 3778 2613 3817 verum
2643 3764 2815 3817 etiam
2848 3764 3047 3818 carnis
3092 3765 3462 3819 comestione
3512 3762 3743 3833 reliquis
3768 3762 3877 3813 tem-

2271 3851 2517 3922 poribus
2553 3867 2881 3919 concessae,
2925 3854 3097 3907 etiam
3138 3854 3211 3908 ab
3242 3853 3397 3923 ipsis
3434 3854 3534 3925 qui
3554 3850 3788 3921 alicujus
3813 3846 3880 3899 bo-

2269 3941 2520 3994 nestatis
2549 3944 2718 3995 antea
2737 3942 3084 3997 videbantur
3112 3942 3458 3996 violaretur.
3492 3942 3589 3995 Sic
3616 3939 3876 3993 herbarum

2266 4030 2514 4084 virentia
2537 4030 2716 4101 olera,
2731 4030 2948 4102 quibus
2965 4030 3358 4101 pulmentaria
3376 4031 3505 4085 fieri
3524 4031 3723 4095 solent,
3750 4030 3879 4080 terra!

2267 4119 2549 4173 sterilitas
2575 4120 2970 4175 subtraxerat.
2994 4120 3107 4174 Ubi
3124 4135 3264 4174 vero
3284 4119 3745 4183 inveniebantur,
3775 4126 3878 4182 qua-

2266 4208 2400 4261 dam
2429 4209 2640 4278 pruina
2675 4208 2864 4261 vitiati
2885 4209 3043 4263 aeris
3075 4209 3319 4263 decocta
3346 4212 3487 4277 post
3516 4208 3722 4261 obesse
3748 4212 3879 4273 quam

2263 4298 2553 4368 prodesse
2584 4298 2895 4369 degustata
2941 4297 3314 4351 videbantur.
3358 4296 3717 4351 Fluvialibus
3752 4301 3879 4344 care-

2264 4388 2395 4455 ctis,
2445 4390 2502 4441 et
2546 4386 2932 4457 quarumdam
2976 4386 3258 4440 arborum
3288 4386 3640 4452 corticibus,
3671 4395 3787 4436 cum
3811 4390 3879 4429 ca-

2264 4476 2488 4532 staneis
2538 4479 2595 4530 et
2645 4475 2966 4545 quercinis,
3018 4476 3148 4528 sive
3192 4474 3416 4529 ilicinis
3467 4473 3730 4539 nucibus,
3768 4478 3879 4537 quas

2184 4541 2513 4636 Dglandes
2556 4541 2831 4633 dicimus,
2887 4541 3085 4633 porcis
3138 4564 3485 4633 subtractis,
3520 4567 3576 4617 et
3620 4559 3757 4614 mola
3779 4552 3880 4624 post

2261 4653 2723 4708 exsiccationem
2742 4653 2916 4721 tritis,
2952 4667 3135 4722 panes
3166 4652 3363 4706 facere
3388 4652 3620 4706 modico
3653 4645 3780 4701 milii
3803 4640 3878 4694 ad-

2266 4744 2439 4797 misto
2482 4742 2798 4796 tentabant.
2832 4740 3043 4795 Cruda:
3073 4741 3308 4795 radices
3341 4756 3480 4794 cum
3511 4739 3636 4794 solo
3673 4733 3779 4790 sale
3804 4728 3875 4782 de-

2265 4834 2538 4904 gustatae,
2591 4831 2813 4885 ventris
2845 4834 3133 4885 tumorem
3172 4845 3307 4884 cum
3336 4830 3563 4899 pallore
3595 4826 3771 4880 vultus
3797 4832 3876 4871 ex-

2265 4921 2511 4974 citantes
2560 4919 2755 4973 vitalia
2790 4918 3273 4974 intercludebant.
3306 4917 3529 4971 Matres
3566 4916 3758 4987 pietate
3776 4907 3875 4959 astu

2265 5010 2337 5064 ab
2368 5011 2499 5079 ipso
2549 5009 2871 5063 liberorum
2917 5023 3018 5061 ore
3061 5007 3259 5062 cibum
3282 5022 3497 5076 rapere
3527 5005 3709 5076 potius
3737 5006 3873 5087 qui}?

2265 5098 2679 5153 administrare
2728 5096 3048 5166 impudenti
3095 5096 3371 5151 violentia
3414 5089 3760 5164 satagebant.
3801 5080 3873 5133 Sic

2264 5187 2417 5241 trino
2446 5186 2680 5258 ﬂagello
2712 5156 2901 5257 usque
2946 5185 3017 5239 ad
3063 5201 3251 5239 novas
3295 5183 3505 5254 fruges
3534 5156 3863 5235 dttritisunt;
3936 5156 3937 5237 \

2336 5345 2448 5415 (43)
2486 5345 2757 5400 Habenis
2785 5345 3056 5400 fervens.

2335 5417 2448 5486 (44)
2489 5417 2641 5472 Suos
2670 5417 2917 5472 liberos.

2333 5487 2448 5560 (45)
2489 5488 2601 5560 Sui
2622 5494 2872 5560 prepter
2898 5487 3331 5543 ammissianem
3364 5486 3620 5560 incussa.

2333 5550 2447 5645 (ﬁtfit
2485 5550 2865 5645 arbitri?“
2901 5574 3083 5645 αρνθο
3106 5555 3758 5645 ροιειριξηιζιξσεξξξίιέξιξςι
3932 5550 3933 5645 ψ

2334 5575 2447 5628 (an)
2485 5575 2865 5614 nubentibus
2901 5575 2932 5613 a
2977 5575 3083 5614 ueo
3106 5575 3247 5630 ροιιι
3268 5575 3745 5612 conaucenamur.

2334 5629 2448 5702 (4'7)
2488 5630 2782 5686 Dissolvit
2823 5575 3028 5687 crudis
3056 5629 3455 5702 carnibus,“
3483 5620 3758 5702 fructibus
3792 5624 3864 5667 ar-

2266 5695 2495 5780 borum,
2535 5702 2633 5761 vel
2658 5702 2986 5761 corticibus
3015 5695 3417 5760 utebantur'in
3445 5695 3616 5755 cibis.
3930 5726 3931 5803 ᾖ
