3926 6146
408 280 567 343 1119

406 481 777 551 adipiscendi
795 482 1030 549 ardens,
1056 482 1383 535 commeatu
1398 483 1454 534 et
1472 480 1715 550 reliquis
1729 496 1862 550 quae
1875 495 2078 535 neces-
2104 464 2151 523 Α

405 571 565 626 saria
614 573 778 625 erant
808 585 1022 642 magno
1055 569 1249 623 studio
1294 570 1661 638 praeparatis,
1706 569 2075 639 plurimoque

405 661 668 715 exercitu
707 676 858 714 anno
908 658 1138 713 Domini
1187 659 1613 712 Incarnationis
1649 657 1784 712 1060
1815 674 2074 730 congre-

406 754 563 821 gato,
600 749 927 803 Calabriam
955 748 1132 816 venit,
1150 747 1510 817 fratremque
1533 763 1734 801 secum
1753 748 2072 818 accipiens,

403 842 667 907 tempore
698 852 815 907 quo
855 852 1090 890 messes
1124 835 1322 906 colligi
1367 836 1742 905 incipiebant,
1780 835 2073 906 Rhegium

403 941 831 997 prwoccupans
880 924 1133 979 obsedit.
1184 924 1368 978 Porro
1418 923 1555 992 illis,
1602 924 1773 994 quasi
1803 940 1909 993 pro
1954 925 2072 977 vita

404 1014 618 1068 tuenda
650 1030 789 1068 sese
812 1013 1040 1067 fortiter
1085 1011 1558 1081 defendentibus,
1592 1013 1826 1083 utrique
1857 1012 2071 1066 fratres

405 1104 667 1158 certatim
698 1117 841 1156 suos
881 1100 1279 1169 cohortantes,
1312 1101 1383 1154 ad
1424 1101 1919 1171 oppugnationem
1968 1117 2071 1154 ca-

406 1192 514 1246 stri
569 1174 857 1260 excitant;
891 1190 1066 1259 unde,
1116 1205 1248 1243 cum
1278 1188 1487 1243 hostes
1532 1189 1825 1243 interdum
1873 1190 2073 1260 prosi-

407 1279 573 1349 liunt,
625 1279 807 1332 multa
862 1277 1189 1332 militariter
1229 1278 1302 1332 ab
1344 1277 1494 1347 ipsis
1539 1281 1871 1347 perpetrata
1912 1281 2068 1333 sunt.

406 1367 557 1421 Nam
590 1366 908 1438 Rogerius,
962 1381 1035 1420 ne
1061 1365 1211 1420 alios
1242 1366 1313 1419 ad
1346 1366 1607 1420 militiam
1640 1367 1912 1437 arrigens
1942 1367 2071 1437 ipse

400 1454 682 1526 refugere
712 1454 1027 1522 diceretur,
1061 1454 1120 1508 in
1152 1454 1311 1508 omni
1343 1468 1678 1523 congressu
1714 1468 1853 1507 sese
1885 1453 2070 1508 sociis

400 1558 777 1614 praeponens,
811 1541 1122 1613 quemdam
1155 1541 1545 1595 fortissimum
1574 1544 1631 1595 et
1679 1542 1902 1597 enormi
1935 1557 2070 1596 cor-

394 1647 541 1702 pore
571 1631 784 1699 virum,
811 1630 1095 1685 exercitui
1123 1629 1619 1684 Nortmannorum
1642 1631 1842 1685 multis
1873 1634 2072 1685 contu-

400 1721 592 1775 meliis
615 1720 1093 1789 exprobrantem,
1127 1734 1300 1788 quem
1337 1732 1543 1772 omnes
1566 1719 1737 1787 quasi
1768 1719 2069 1789 gigantem

397 1808 774 1876 extollebant,
820 1807 1039 1875 impetu
1093 1805 1247 1860 facto
1279 1806 1479 1860 hastili
1524 1806 1738 1860 robore
1778 1807 2068 1876 dejiciens

398 1895 710 1951 interfecit.
737 1895 863 1949 Hoc
895 1896 1093 1965 itaque
1124 1893 1318 1948 taliter
1344 1894 1674 1963 interfecto,
1706 1894 1915 1965 reliqui
1968 1897 2068 1965 qui

396 1984 551 2038 infra
572 1986 832 2037 castrum
862 1987 1046 2052 erant,
1076 1982 1281 2052 territi,
1317 1998 1448 2037 cum
1479 1983 1749 2037 viderent
1770 1983 2070 2037 machina-

395 2076 592 2127 menta
620 2071 693 2126 ad
736 2072 942 2126 urbem
976 2071 1314 2140 capiendam
1344 2074 1565 2140 parata,
1597 2085 1843 2141 eamque
1874 2087 2066 2143 usque

398 2161 663 2231 perduci,
692 2160 922 2214 viribus
955 2160 1085 2213 suis
1115 2159 1471 2227 diffidentes,
1505 2161 1775 2229 pactione
1806 2160 1977 2230 facta,
2005 2163 2066 2215 ut

398 2249 655 2317 duobus,
718 2249 820 2319 qui
870 2248 1103 2302 caeteris
1152 2248 1472 2318 principari
1527 2248 1897 2317 videbantur,
1933 2265 2066 2303 cum

396 2337 673 2392 omnibus
706 2338 835 2392 suis
865 2338 1027 2391 abire
1059 2338 1284 2405 liceret,
1310 2337 1508 2391 caeteri
1531 2352 1759 2405 omnes,
1795 2338 1939 2391 urbe
1958 2338 2065 2392 de-

396 2427 535 2495 dita,
570 2426 774 2480 ditioni
806 2426 1305 2480 Nortmannorum
1335 2440 1473 2479 sese
1505 2426 1914 2480 subdiderunt.
1939 2426 2064 2481 Ab—

395 2519 605 2569 euntes
638 2530 779 2569 vero
800 2530 939 2569 sese
970 2514 1030 2567 in
1059 2516 1275 2584 castro,
1299 2514 1457 2585 quod
1474 2513 1810 2569 Scillacium
1828 2514 2061 2584 dicitur,

394 2606 763 2673 receperunt.

948 2689 1199 2743 CAPUT
1238 2689 1501 2743 XXXVI.

399 2779 728 2834 Guiscardo
758 2778 909 2850 apud
925 2779 1215 2852 Rhegium
1238 2785 1603 2848 remanente,
1624 2779 1919 2852 Hogerius
1929 2796 2065 2835 cas-

848 2856 940 2903 tra
967 2849 1261 2903 Calabriae
1291 2856 1604 2921 expugnat.

467 2940 657 3012 Igitur
690 2939 985 2994 Robertus
1016 2938 1403 3008 Guiscardus,
1462 2941 1700 3008 accepta
1726 2939 1895 3009 urbe,
1930 2940 2066 2995 diu-

298 3070 301 3075 λ
394 3030 553 3085 turni
580 3028 851 3083 disiderii
883 3028 977 3082 sui
999 3043 1243 3098 compos
1276 3025 1542 3097 effectus,
1563 3044 1696 3081 cum
1728 3029 2065 3099 triumphali

392 3119 585 3190 gloria
617 3118 735 3172 dux
764 3117 1036 3185 efficitur,
1071 3133 1438 3188 magnasque
1464 3118 1688 3188 gratias
1721 3133 1853 3171 cum
1882 3118 2064 3171 meri-

393 3211 587 3262 torum
635 3207 1182 3277 recompensatione
1212 3207 1376 3261 fratri
1415 3212 1471 3260 et
1502 3207 1727 3277 reliquo
1759 3207 2063 3279 exercitui,

391 3312 643 3367 quorum
678 3297 896 3350 auxilio
929 3297 1069 3350 tanti
1104 3297 1333 3350 culmen
1366 3296 1613 3350 honoris
1644 3297 1934 3368 attigerat,
1963 3312 2064 3351 re-

392 3385 615 3454 ferens,
679 3386 917 3439 fratrem
962 3400 1094 3437 cum
1126 3385 1388 3438 exercitu
1433 3399 1539 3454 per
1571 3385 1750 3439 urbes
1783 3389 1839 3439 et
1869 3388 2064 3439 castra

388 3476 571 3529 totius
595 3473 937 3543 provinciae,
959 3477 1021 3526 ut
1049 3488 1158 3525 suo
1176 3472 1421 3540 imperio
1454 3472 1803 3543 subdantur,
1827 3473 2062 3544 dirigit;

391 3562 521 3632 ipse
572 3562 804 3616 interim
834 3578 867 3614 a
902 3561 1102 3614 labore
1133 3576 1199 3614 se
1243 3561 1395 3630 apud
1431 3561 1724 3631 Rhegium
1756 3578 2058 3617 recreans.

395 3651 693 3721 Rogerius
727 3665 866 3703 vero
914 3648 1095 3720 hujus
1127 3651 1270 3703 artis
1301 3664 1419 3704 non
1467 3650 1731 3721 ignarus,
1766 3652 2064 3721 sapienter

392 3738 720 3792 exercitum
752 3739 997 3809 ducens,
1028 3738 1195 3792 brevi
1229 3738 1417 3807 spatio
1448 3740 1751 3807 temporis,
1777 3754 1933 3793 nunc
1963 3740 2062 3793 mi-

390 3827 484 3882 nis
518 3829 811 3898 terrendo,
831 3844 987 3883 nunc
1004 3827 1420 3883 blandimentis
1443 3829 1751 3882 mulcendo
1786 3830 2059 3883 undecim

390 3917 792 3971 famosissima
825 3917 1065 3971 castella
1106 3917 1368 3971 lucratus
1400 3921 1489 3971 est
1547 3918 1606 3971 in
1636 3921 1858 3972 tantum
1886 3921 1948 3972 ut
1995 3918 2055 3973 in

388 4009 505 4061 tota
555 4006 821 4077 Calabria
855 4022 963 4061 nec
994 4022 1174 4062 unum
1224 4009 1482 4060 castrum
1515 4006 1789 4061 reluctari
1820 4023 2054 4077 praesu-

387 4098 593 4164 meret,
626 4098 873 4165 excepto
906 4097 1034 4149 solo
1067 4096 1297 4150 Xillano
1318 4097 1449 4166 (55),
1474 4095 1631 4167 quod
1651 4096 1735 4150 illi
1754 4097 2048 4167 tenebant,

385 4184 485 4255 qui
516 4200 549 4239 a
578 4184 808 4256 Hhegio
832 4185 1113 4239 exierant.

925 4273 1178 4328 CAPUT
1216 4273 1509 4330 XXXVII.

674 4362 945 4428 Qualiter
983 4362 1340 4435 Scyllacium
1376 4370 1602 4435 captum
1633 4363 1765 4420 fuit.

454 4451 621 4517 Quod
656 4452 953 4523 Rogerius
1003 4451 1309 4521 obsidens,
1346 4468 1477 4506 cum
1509 4452 1733 4508 videret
1784 4453 2053 4509 celeriter

1188 278 1617 345 GAUFREDI
1661 280 2204 346 MALATERR/E
2249 281 2637 346 MONACHI
2684 283 3093 348 BENEDICT

2242 198 2281 209 Ι

3693 288 3844 351 1120

2711 483 2961 539 CAPUT
3002 485 3319 540 XXXVIII.

2196 604 2464 669 Qualiter
2476 606 2651 661 Serlo
2689 606 2980 662 Tancredi
2996 607 3155 662 ﬁlius
3176 625 3207 661 a
3223 609 3617 663 Nortmannia
3638 609 3698 663 in
3710 609 3836 665 Bri-

2713 679 2971 733 tanniam
2992 680 3202 749 pulsus
3228 681 3329 733 sit.

2259 801 2375 855 Sed
2398 817 2468 855 ne
2496 801 2710 872 aliquis
2740 803 3038 857 existimet
3061 804 3193 857 illos
3226 804 3325 874 qui
3348 805 3406 856 in
3429 803 3695 874 Apuliam
3715 821 3832 858 cum

2189 887 2322 943 aliis
2359 890 2639 944 fratribus
2670 907 2786 945 non
2817 896 3104 946 venerunt
3137 893 3384 946 minoris
3406 893 3723 947 valentiea
3752 910 3841 947 re-

2190 978 2370 1047 liquis
2387 978 2669 1033 fratribus
2688 979 2900 1048 fuisse,
2916 982 2973 1033 et
2992 980 3125 1034 ideo
3142 980 3201 1033 in
3218 980 3601 1035 Nortmannia
3619 997 3839 1035 reman-

2192 1066 2371 1134 sisse,
2404 1067 2475 1120 de
2507 1066 2754 1121 Serlone
2776 1083 2961 1136 pauca
2996 1067 3242 1122 dicenda
3289 1073 3446 1122 sunt.
3480 1068 3591 1122 Hic
3605 1069 3841 1140 denique

2191 1168 2325 1208 cum
2353 1154 2412 1207 in
2445 1154 2826 1209 Nortmannia
2857 1156 3009 1210 inter
3040 1156 3261 1211 militia:
3292 1156 3716 1211 laudabiliores
3744 1174 3837 1227 ap-

2189 1242 2561 1311 pretiaretur,
2612 1259 2644 1297 a
2702 1243 2953 1314 quodam
3009 1248 3243 1314 potente
3294 1245 3575 1315 injuriam
3613 1261 3838 1315 passus,

2186 1329 2325 1384 dum
2343 1331 2631 1385 vindicari
2689 1332 2905 1401 studet,
2952 1332 3116 1387 illum
3145 1333 3437 1387 interficit.
3490 1334 3661 1388 Unde
3706 1335 3839 1388 iram

2190 1419 2433 1473 Roberti
2482 1421 2736 1491 comitis,
2771 1421 2875 1474 filii
2925 1422 3162 1476 Ricardi
3192 1422 3461 1490 secundi,
3489 1423 3678 1492 patris
3708 1437 3838 1477 vero

2183 1508 2573 1562 famosissimi
2604 1509 2767 1580 regis
2790 1508 3117 1580 Anglorum
3131 1509 3418 1565 Guilielmi
3440 1510 3600 1566 ferre
3618 1527 3731 1565 non
3756 1528 3839 1563 va-

2182 1596 2332 1666 lens,
2354 1597 2413 1650 iu
2430 1597 2788 1651 Britanniam
2818 1598 3167 1667 declinavit;
3200 1599 3299 1652 ubi
3329 1598 3673 1669 aliquandiu
3691 1615 3838 1653 com-

2181 1686 2468 1753 moratus,
2502 1685 2760 1739 omnium
2791 1685 3043 1756 gratiam
3074 1686 3416 1740 strenuitate
3449 1703 3563 1740 sua
3580 1687 3833 1757 obtinuit,

2180 1789 2404 1844 perque
2433 1773 2662 1844 legatos
2696 1789 2898 1843 pacem
2938 1792 2971 1828 a
3013 1776 3224 1829 comite
3249 1775 3508 1829 Roberto
3540 1780 3830 1845 expetens,

2103 1833 2153 1894 Β
2180 1877 2290 1915 nec
2334 1861 2629 1933 obtinens,
2681 1862 2881 1916 multis
2911 1861 3359 1917 incursionibus
3403 1862 3831 1919 Nortmanniam

2179 1949 2503 2004 lacessivit.

2727 2037 2978 2092 CAPUT
3020 2037 3290 2094 XXXIX.

2534 2143 2624 2198 De
2651 2143 2866 2197 militia
2900 2143 3161 2215 eiusdem
3192 2144 3489 2200 Serlonis.

2251 2250 2322 2304 Et
2354 2265 2487 2303 cum
2541 2250 2794 2321 quodam
2822 2252 3087 2319 tempore
3119 2250 3273 2305 idem
3306 2267 3510 2306 comes
3552 2252 3829 2307 Robertus

2180 2338 2239 2392 in
2292 2338 2507 2393 contini
2556 2338 2821 2393 Franciae
2853 2342 2908 2392 et
2944 2338 3345 2394 Nortmanniae
3374 2343 3659 2407 castrum,
3692 2342 3833 2411 quod

2178 2426 2483 2481 Taulerias
2516 2426 2747 2495 dicitur,
2780 2427 3139 2497 obsedisset,
3159 2428 3331 2482 miles
3353 2428 3597 2499 quidam
3618 2427 3833 2483 Franci-

2178 2531 2332 2586 gena
2363 2531 2394 2568 a
2418 2518 2619 2569 castro
2640 2514 2837 2571 diatim
2869 2514 3100 2583 exiens,
3133 2519 3189 2569 et
3218 2515 3525 2587 singulare
3551 2520 3831 2572 certamen

2175 2604 2247 2657 ah
2281 2604 2543 2657 exercitu
2574 2604 3072 2659 Nortmannorum
3109 2609 3412 2675 expetens,
3458 2606 3677 2660 multos
3706 2622 3829 2677 pro-

2178 2693 2500 2747 sternebat.
2534 2692 2747 2747 Comes
2781 2708 2944 2760 vero,
3002 2694 3278 2747 damnum
3307 2709 3557 2748 suorum
3607 2696 3826 2762 timens,

2177 2780 2453 2835 omnibus
2510 2781 2893 2835 interdixerat
2920 2797 2993 2836 ne
3038 2781 3253 2852 aliquis
3303 2782 3386 2835 illi
3416 2782 3722 2847 obviaret;
3754 2783 3828 2836 sic

2174 2870 2304 2923 suis
2336 2870 2778 2924 excusationem
2808 2870 3098 2940 tribuens,
3132 2873 3212 2938 ut,
3246 2887 3378 2923 cum
3418 2872 3578 2941 quod
3609 2872 3828 2941 pericu-

2174 2958 2370 3011 losum
2387 2963 2511 3012 erat
2536 2958 2898 3029 refugerent,
2922 2974 3039 3012 non
3066 2958 3306 3029 hocjam
3323 2960 3538 3029 timori,
3565 2960 3673 3014 sed
3696 2960 3831 3028 prin-

2176 3046 2325 3116 cipis
2356 3046 2755 3100 interdictioni
2801 3047 3189 3102 ascriberent.
3230 3047 3395 3111 Quod
3427 3064 3565 3102 cum
3612 3048 3823 3102 Serloni

2133 3184 2148 3206 ;
2173 3134 2233 3189 in
2268 3135 2585 3204 Britannia,
2620 3135 2718 3189 ubi
2751 3140 2886 3189 tunc
2933 3137 3216 3206 temporis
3272 3137 3631 3205 morabatur,
3688 3138 3826 3192 rela-

2174 3227 2294 3277 tum
2353 3224 2590 3293 fuisset,
2643 3224 3023 3294 ignominiam
3079 3225 3277 3295 populi
3321 3226 3414 3279 sui
3465 3241 3584 3279 non
3618 3226 3823 3293 ferens,

2174 3313 2407 3367 duobus
2427 3318 2645 3367 tantum
2663 3313 2976 3385 armigeris
3001 3315 3310 3368 comitatus
3328 3313 3638 3368 Taulerias
3660 3315 3822 3377 venit,

2175 3417 2404 3455 summo
2436 3400 2693 3455 diluculo
2744 3406 2876 3455 ante
2926 3404 3150 3471 portam
3189 3401 3494 3473 singulare
3542 3407 3825 3456 certamen

2173 3490 2451 3559 offerens,
2486 3492 2556 3545 de
2589 3506 2740 3560 equo
2797 3491 2964 3544 hasta
2995 3490 3233 3545 innixus
3281 3494 3608 3561 exspectat.
3654 3492 3825 3546 Porro

2172 3580 2267 3633 ille
2300 3580 2399 3650 qui
2422 3580 2571 3634 alios
2604 3578 2861 3650 dejicere
2893 3580 3105 3634 solitus
3138 3584 3283 3648 erat,
3317 3580 3684 3650 indignatus,
3712 3596 3823 3635 cum

2172 3670 2427 3724 maximo
2460 3668 2659 3723 furore
2692 3668 3017 3740 spendidus
3047 3669 3106 3722 in
3154 3669 3333 3722 armis
3384 3668 3641 3723 ferventi
3692 3684 3821 3740 equo

2171 3758 2424 3827 advolat,
2458 3758 2594 3830 quis
2645 3759 2722 3811 sit
2750 3746 3033 3827 requirit;
3065 3761 3128 3811 ut
3158 3773 3191 3811 a
3220 3757 3351 3811 loco
3396 3758 3640 3812 recedat
3667 3761 3823 3812 vitam

2171 3848 2387 3904 tuendo
2438 3847 2723 3902 hortatur.
2759 3847 2862 3900 Illo
2895 3861 3108 3900 nomen
3142 3846 3458 3915 revelante,
3494 3848 3607 3901 sed
3653 3866 3685 3901 a
3709 3848 3819 3902 loco

2166 3938 2446 3994 recedere
2494 3936 2747 4006 nolente,
2805 3935 2942 3989 dum
2972 3935 3201 3990 fortiter
3244 3936 3652 4007 congreditur,
3693 3936 3820 3990 alio-

2165 4043 2296 4082 rum
2326 4028 2659 4097 prostrator
2712 4023 2853 4078 forti
2911 4023 3106 4077 hastili
3168 4025 3585 4094 prosternitur.
3648 4025 3818 4091 Serio,

2164 4116 2438 4186 pluribus
2469 4114 2782 4184 utriusque
2806 4113 2991 4183 partis
3022 4113 3468 4183 aspicientibus,
3491 4130 3614 4168 non
3646 4120 3819 4168 tamen

2162 4205 2298 4276 quis
2330 4209 2492 4259 esset
2522 4203 2873 4271 scientibus,
2904 4202 3096 4256 victor
3126 4201 3197 4255 ad
3228 4202 3479 4273 gloriam
3510 4203 3816 4257 Nortman-

2158 4309 2369 4349 norum
2390 4292 2887 4363 efficitur.Sicque
2902 4293 3073 4362 caput
3090 4291 3428 4346 abscissum
3449 4290 3676 4347 lanceae
3697 4306 3817 4361 sup-

2157 4398 2408 4454 ponens,
2442 4398 2551 4452 per
2605 4380 2860 4435 medium
2891 4396 3018 4435 suae
3049 4381 3245 4452 gentis
3287 4383 3647 4450 castrorum,
3691 4379 3813 4434 nulli

2158 4473 2404 4525 verbum
2460 4472 2709 4539 faciens,
2763 4470 2823 4522 in
2874 4469 3231 4523 Britanniam
3276 4470 3471 4523 redire
3517 4470 3809 4525 accelerat.

384 4556 504 4632 n9“
530 4556 715 4632 Posse
747 4540 895 4632 9913i,
929 4541 1253 4632 “elicitum
1284 4557 1426 4595 νθιό
1446 4542 2050 4632 δυηωῘξὼονίείεθίῙίο
2076 4556 2128 4619 Β
2157 4559 2369 4615 Comes
2402 4575 2567 4632 ergo,
2600 4560 2856 4630 legatum
2892 4558 3145 4627 mittens,
3178 4559 3450 4628 quisnam
3465 4559 3544 4612 sit
3562 4573 3816 4630 perscru-

383 4631 562 4699 affici,
594 4629 901 4684 castellum
934 4630 1228 4699 quoddam
1258 4633 1388 4683 ante
1406 4634 1630 4700 portam
1653 4630 1922 4701 firmavit,
1945 4633 2049 4685 mi-

380 4719 609 4787 litibus,
642 4719 742 4789 qui
773 4718 1111 4772 Scillacium
1141 4718 1542 4790 sollicitarent,
1568 4723 1623 4773 et
1652 4719 1746 4773 his
1772 4736 1905 4790 quae
1936 4722 2045 4775 mi-

384 4808 590 4863 litibus
613 4807 953 4862 necessaria
977 4811 1162 4875 erant,
1193 4808 1484 4873 muniens,
1520 4809 1842 4862 exercitum
1863 4810 1936 4863 ad
1959 4827 2051 4864 ex-

382 4898 738 4967 peditionem
788 4896 985 4951 solvit.
1031 4896 1217 4950 Porro
1262 4896 1344 4949 illi
1375 4896 1473 4966 qui
1515 4913 1545 4949 a
1580 4897 1807 4968 lthegio
1841 4898 2049 4951 Scilla-

382 4988 538 5041 cium
568 4986 833 5059 ingressi
864 4985 1113 5053 fuerant,
1148 5000 1281 5039 cum
1310 4985 1580 5040 viderent
1610 5002 1677 5040 se
1708 4986 1951 5040 nimium
1977 4987 2048 5042 ab

379 5075 498 5129 illis
529 5076 797 5131 infestari
828 5090 979 5145 quos
1012 5074 1309 5145 Rogerius
1342 5074 1398 5127 in
1420 5090 1573 5129 novo
1606 5080 1801 5130 castro
1830 5092 2045 5146 posue-

382 5167 491 5232 rat,
523 5179 632 5218 nec
664 5165 764 5219 diu
799 5164 953 5218 ferre
984 5179 1183 5233 posse,
1219 5164 1289 5217 de
1321 5167 1489 5217 nocte
1521 5180 1728 5218 navem
1758 5165 2041 5236 ingressi,

381 5250 939 5323 Constantinopolim
952 5252 1281 5324 aufugiunt.
1299 5252 1694 5307 Scillacenses
1709 5257 1901 5308 autem
1925 5256 2045 5309 Ro-

383 5339 549 5408 gerio
580 5342 890 5412 arcessito,
930 5358 1136 5411 pacem
1182 5357 1333 5397 anno
1367 5342 1595 5396 Domini
1640 5341 1778 5398 1060
1820 5342 2045 5398 facien-

383 5429 496 5495 tes,
532 5430 789 5482 castrum
820 5432 1055 5502 dedunt,
1108 5433 1315 5503 sicque
1344 5434 1462 5487 tota
1492 5430 1760 5486 Calabria
1806 5433 1866 5486 in
1904 5449 2047 5487 con-

383 5516 593 5585 spectu
622 5513 931 5572 Guiscardi
960 5520 1129 5576 ducis
1146 5524 1203 5577 et
1236 5522 1481 5595 Rogerii
1502 5521 1700 5577 fratris
1726 5521 1817 5576 sui
1845 5522 2049 5578 sedata

381 5602 564 5660 siluit.

448 5695 565 5772 (55)
602 5692 665 5754 Ο.
696 5696 766 5755 Ρ.
799 5693 1119 5770 Scyllacio.

2156 4651 2264 4704 tari
2289 4649 2480 4720 jubet,
2516 4654 2571 4703 et
2601 4652 2661 4702 ut
2692 4648 2765 4701 ad
2798 4663 2865 4702 se
2896 4648 3089 4701 veniat
3120 4649 3407 4717 praecipit.
3441 4647 3559 4702 Sed
3592 4664 3719 4702 cum
3735 4662 3808 4701 re-

2157 4740 2481 4793 nuntiatum
2515 4738 2729 4791 fuisset
2758 4737 2913 4790 hunc
2962 4736 3269 4791 Serlonem
3304 4736 3487 4790 ﬁlium
3538 4735 3804 4791 Tancredi

2157 4843 2317 4897 esse,
2351 4829 2407 4881 et
2434 4842 2465 4879 a
2498 4826 2795 4880 Britannia
2828 4841 3007 4878 causa
3036 4825 3317 4895 imperiia
3337 4825 3552 4895 populo
3575 4841 3683 4880 suo
3697 4840 3807 4894 pro-

2158 4916 2412 4987 pellendi
2442 4917 2705 4985 venisse,
2736 4930 2802 4968 se
2833 4917 3023 4968 autem
3050 4914 3194 4967 iram
3218 4915 3529 4984 principis,
3555 4915 3685 4986 quia
3723 4915 3799 4966 in-

2162 5005 2368 5059 fensus
2402 5010 2544 5072 erat,
2579 5004 2896 5071 declinare,
2931 5006 2985 5056 et
3014 5003 3221 5072 patria,
3255 5004 3530 5073 quamvis
3552 5002 3798 5073 penurio-

2160 5109 2311 5161 sum,
2345 5094 2611 5162 libenter,
2647 5093 2832 5147 donec
2852 5092 3133 5161 principis
3152 5092 3241 5144 ira
3261 5092 3521 5160 sedetur,
3546 5092 3796 5160 dumipse

2152 5183 2425 5255 jusserit,
2491 5181 2786 5236 exsulare.
2821 5180 3055 5248 Comes,
3110 5180 3318 5249 pietate
3350 5182 3543 5233 motus
3572 5184 3628 5234 et
3663 5183 3793 5234 tanto

2159 5274 2284 5326 viro
2329 5272 2579 5327 ulterius
2614 5285 2816 5325 carere
2848 5269 3076 5337 nolens,
3108 5269 3181 5322 ad
3213 5284 3281 5323 se
3302 5268 3493 5346 .jubet
3519 5267 3791 5322 accersiri.

2156 5362 2425 5416 Venienti
2457 5360 2735 5427 occurrit,
2778 5359 3024 5431 gratiam
3057 5374 3223 5412 suam
3283 5358 3563 5429 indulget,
3607 5354 3785 5410 osculo

2154 5466 2365 5506 secure
2400 5450 2607 5519 reddit,
2631 5465 2764 5520 quae
2798 5448 2991 5502 habita
3020 5448 3300 5502 amiserat
3330 5445 3597 5513 restituit,
3618 5442 3785 5511 uxori,

2154 5540 2247 5596 cui
2280 5541 2481 5611 plures
2514 5537 2941 5609 possessiones
2973 5535 3399 5608 competebant,
3439 5534 3627 5608 auget,
3656 5532 3785 5588 inter

2153 5628 2271 5687 sibi
2300 5627 2714 5686 familiariores
2736 5625 2969 5687 retinet.
