3982 6164
150 370 269 435 1121

721 559 974 613 CAPUT
1002 559 1106 612 XL

582 649 668 703 De
700 648 1002 702 Tancredo
1020 653 1079 702 et
1110 664 1271 719 apro.

207 747 276 800 De
304 739 588 795 Tancredo
612 754 752 792 vero
778 741 1067 791 tantorum
1095 736 1345 791 ﬁliorum
1364 739 1527 807 patre
1539 736 1757 807 aliquid

154 831 390 889 memoria
407 830 641 899 dignum
661 827 856 881 dicere
876 843 983 881 nec
995 827 1317 881 absurdum
1332 831 1443 880 est.
1470 827 1759 895 Tempore

153 918 650 993 quippejuventutts
670 932 796 969 suae
815 915 1167 969 militaribus
1182 915 1486 970 exercitiis
1502 915 1755 983 deditus,

154 1015 197 1065 et
213 1011 548 1063 diversarum
578 1006 886 1076 regionum
909 1009 964 1058 et
982 1005 1311 1074 principum
1335 1005 1537 1058 curias
1563 1004 1758 1073 perlu-

147 1104 330 1162 strans,
362 1095 529 1149 multa
560 1097 822 1148 strenuae
845 1094 1037 1147 laudis
1066 1093 1278 1147 avidus
1320 1093 1552 1164 agendo
1578 1136 1592 1161 ,
1626 1109 1757 1147 cum

145 1189 246 1257 ipsa
271 1185 422 1239 laude
450 1186 505 1237 et
533 1182 783 1252 plurima
815 1182 1078 1237 lucratus
1110 1186 1222 1236 est.
1256 1182 1401 1235 Cum
1432 1184 1625 1235 autem
1658 1197 1758 1236 es-

145 1278 215 1328 set
239 1275 288 1327 in
326 1272 527 1326 familia
576 1272 811 1326 comitis
852 1272 1350 1325 Nortmannorum
1385 1270 1625 1324 Ricardi
1654 1287 1758 1325 se-

143 1362 300 1430 cundi,
330 1360 419 1431 qui
454 1362 698 1430 quartus
731 1375 763 1412 a
798 1359 1011 1413 Rhollo
1048 1361 1196 1413 duce
1228 1359 1355 1427 fuit,
1382 1360 1632 1430 quadam
1662 1360 1756 1415 die

141 1452 267 1505 idem
294 1451 554 1519 princeps
585 1453 862 1503 venatum
888 1464 1169 1520 pergens,
1192 1448 1460 1502 talienim
1474 1448 1753 1503 exercitio

138 1544 187 1592 ut
212 1554 323 1592 mos
351 1540 436 1591 est
463 1538 764 1605 divitibus,
821 1554 939 1592 non
970 1537 1273 1591 minimum
1328 1537 1749 1606 delectabatur,

139 1641 305 1693 aprum
335 1626 487 1679 mirae
518 1627 904 1695 enormitatis,
942 1641 1115 1695 quem
1172 1626 1479 1697 singulare
1528 1626 1747 1695 dicunt,

138 1716 301 1767 movit.
327 1714 457 1768 Erat
497 1717 689 1769 autem
714 1715 829 1769 sibi
882 1731 1034 1784 mos,
1058 1715 1212 1769 sicut
1237 1718 1293 1768 et
1317 1715 1590 1785 pluribus
1617 1714 1749 1769 aliis

135 1803 427 1871 potentibus
450 1807 557 1872 est,
590 1810 653 1858 ut
673 1805 1063 1871 venationem,
1098 1820 1273 1874 quam
1302 1804 1432 1873 ipse
1463 1806 1745 1875 moveret,

1236 359 1623 425 HISTORIA
1659 357 2069 421 SICULA.-—
2099 355 2253 419 LIB.
2286 356 2365 416 II.

3376 358 3532 426 1122

1786 542 1836 594 Α
1864 558 2084 627 impetu
2107 572 2289 627 super
2321 572 2454 612 eum
2482 558 2667 613 irruit.
2692 557 2808 613 Sed
2828 559 3171 615 Tancredus
3204 576 3336 615 cum
3366 565 3531 617 esset

1869 646 2040 700 fortis
2070 646 2333 715 viribus,
2367 646 2571 701 audaci
2611 663 2755 702 ense
2796 648 2957 702 illum
3006 651 3364 720 suscipiens,
3412 667 3528 706 non

1870 735 2104 806 quidem
2132 735 2292 789 illum
2324 737 2442 789 ictu
2473 735 2758 803 feriendo,
2786 738 2891 790 sed
2924 741 3093 791 acuto
3122 754 3401 794 mucrone
3423 756 3529 810 per

1866 823 2255 877 durissimam
2304 825 2558 878 frontem
2598 841 2791 895 usque
2829 827 2901 879 ad
2946 827 3270 895 praeordia
3312 829 3524 897 impin-

1867 912 2081 983 gendo,
2104 912 2375 983 capulum
2407 913 2583 967 fronti
2610 914 2897 984 adjunxit;
2928 915 3161 969 nihilex
3180 917 3529 986 longissimo

1867 1017 2012 1056 ense
2042 1004 2257 1070 praeter
2288 1003 2559 1071 capulum
2590 1006 2755 1057 extra
2786 1018 3004 1074 corpus
3023 1005 3149 1074 apri
3167 1009 3524 1060 remanente.

1865 1090 2082 1159 Sicque
2112 1088 2343 1159 dejecto
2376 1106 2581 1144 ensem
2611 1091 2671 1144 in
2702 1091 2893 1145 fronte
2923 1091 3476 1163 linquens,ipse,ne
3497 1110 3528 1147 a

1866 1179 2075 1232 comite
2094 1178 2205 1231 hoc
2220 1178 2439 1232 fecisse
2456 1179 3267 1252 deprehenderetur,longius
3281 1182 3529 1236 avulsus

1864 1272 1955 1321 est
1994 1281 2194 1321 comes
2227 1283 2365 1321 vero
2409 1268 2653 1321 veniens
2694 1284 2899 1338 aprum
2932 1274 3226 1324 mortuum
3257 1270 3523 1340 miratus,

1862 1360 2059 1410 utrum
2091 1356 2306 1409 vulnus
2347 1356 2581 1426 aliquod
2596 1356 2808 1412 habeat
2836 1359 3036 1412 socios
3057 1358 3522 1429 lustrarejubet,

1863 1444 2351 1515 deprehensoque
2375 1460 2518 1499 ense
2548 1444 2739 1498 adhuc
2770 1445 2826 1497 in
2849 1446 3038 1500 fronte
3071 1447 3283 1515 defixo,
3318 1448 3523 1518 impul-

1861 1549 1995 1587 sum
2026 1533 2290 1602 miratur,
2324 1533 2500 1603 cujus
2533 1534 2697 1586 ensis
2730 1535 2807 1587 sit
2828 1536 3093 1605 requirit,
3127 1551 3198 1588 ne
3237 1551 3303 1590 se
3338 1536 3521 1608 hujus

1862 1621 1997 1675 facti
2039 1625 2201 1675 actor
2248 1622 2399 1675 celet
2448 1622 2523 1674 ita
2569 1622 2950 1676 condonatur.
3003 1625 3076 1676 At
3116 1640 3247 1677 cum
3287 1641 3320 1677 a
3367 1624 3523 1679 Tan-

1861 1712 2037 1766 credo
2092 1711 2309 1764 factum
2352 1710 2791 1779 deprehensum
2834 1711 3051 1767 fuisset
3086 1753 3098 1779 ,
3148 1730 3179 1765 a
3219 1715 3429 1767 comite
3468 1717 3523 1767 et

1860 1801 2095 1854 caeteris
2125 1799 2400 1853 omnibus
2448 1796 2899 1877 plurima‘laude
2940 1800 3259 1868 extollitur,
3303 1803 3521 1854 etcum

134 1890 299 1943 nullus
326 1897 529 1961 praeter
560 1894 756 1962 ipsum
789 1893 1063 1948 occidere
1091 1897 1498 1963 praesumeret.
1536 1894 1744 1965 Porro,
1780 1921 1828 1975 Β
1858 1893 2025 1942 antea
2060 1889 2117 1941 in
2146 1888 2335 1957 pretio
2368 1887 2563 1955 fuerit,
2595 1886 2807 1957 majori
2838 1887 3119 1957 deinceps
3152 1889 3388 1943 habitus
3408 1894 3519 1959 est;

135 1979 338 2033 canibus
368 1997 569 2050 aprum
600 1982 867 2036 velocius
900 1982 1372 2052 insequentibus,
1396 1997 1528 2035 cum
1547 1997 1746 2035 comes

130 2082 227 2135 prae
254 2084 415 2136 Opaca
446 2069 759 2137 densitate,
782 2070 1048 2139 spinosis
1066 2069 1318 2124 saltibus
1351 2071 1575 2123 tardius
1598 2070 1748 2124 inse-

132 2159 384 2226 queretur,
416 2158 665 2211 canibus
697 2158 1112 2212 infestioribus
1143 2175 1288 2229 aper
1324 2158 1538 2212 timens
1568 2175 1598 2211 a
1632 2158 1746 2212 fine

130 2244 356 2314 lacerari,
393 2261 530 2315 rupe
572 2248 825 2318 quadam
861 2248 1116 2315 inventa,
1172 2252 1299 2319 ipsa
1331 2263 1438 2317 pro
1488 2263 1656 2301 muro
1715 2264 1747 2301 a

129 2332 278 2384 cauda
321 2335 509 2402 utitur;
559 2340 617 2389 et
647 2335 960 2390 dentosum
1013 2339 1185 2405 caput
1242 2336 1312 2388 ad
1370 2352 1436 2390 se
1466 2335 1744 2390 tuendum

130 2418 334 2473 canibus
377 2420 557 2475 offert.
610 2422 846 2493 Sicque,
896 2423 1144 2477 canibus
1181 2424 1480 2477 venatoris
1528 2424 1744 2478 auxilio

128 2506 401 2577 destitutis,
434 2526 568 2564 cum
594 2510 718 2581 jam
749 2528 891 2581 aper
921 2513 990 2566 de
1022 2512 1174 2581 ipsis
1205 2516 1516 2581 spumante
1572 2513 1744 2567 dente

127 2595 301 2649 multas
330 2602 557 2671 strages
584 2600 821 2669 faceret,
846 2617 989 2655 casu
1007 2601 1353 2654 Tancredus
1378 2602 1741 2670 supervenit,

126 2683 329 2754 visaque
346 2691 541 2758 strage
562 2689 985 2755 molossorum,
1003 2689 1272 2760 quamvis
1295 2704 1516 2743 morem
1538 2689 1745 2759 princi-

124 2770 199 2838 pis
243 2789 347 2828 non
374 2775 695 2848 ignoraret,
746 2781 938 2832 tamen
986 2778 1454 2832 succurrendum
1498 2779 1745 2833 canibus

123 2862 383 2918 accelerat.
411 2866 568 2935 Aper
598 2882 739 2920 vero
758 2867 890 2938 ipso
904 2866 1056 2936 viso,
1075 2866 1322 2921 canibus
1345 2867 1561 2936 spretis
1575 2866 1744 2921 firmo

1857 1981 1912 2030 et
1942 1977 2163 2031 dudum
2196 1975 2309 2047 (56)
2337 1982 2545 2045 postea
2566 1977 2621 2029 in
2647 1976 2810 2029 curia
2825 1977 3055 2029 comitis
3081 1976 3282 2030 decem
3306 1978 3520 2032 milites

1856 2066 1969 2120 sub
2001 2082 2067 2119 se
2090 2065 2316 2119 habens
2344 2065 2786 2120 servivit.Nunc
2817 2081 2959 2120 vero
2982 2065 3118 2136 quia
3143 2081 3258 2119 non
3282 2066 3516 2137 quidem

1855 2157 2049 2209 omnia
2092 2170 2226 2225 qua)
2270 2154 2647 2207 memoranda
2690 2155 2914 2223 forent,
2976 2154 3080 2208 sed
3127 2170 3331 2223 pauca,
3383 2172 3516 2226 quae

1856 2243 2008 2296 fama
2060 2242 2375 2295 didicimus
2407 2242 2478 2295 ab
2529 2242 2678 2311 ipsis
2724 2242 3009 2295 fratribus
3037 2243 3098 2295 in
3130 2243 3360 2311 Apulia,
3421 2244 3513 2298 vel

1856 2335 2016 2385 certe
2037 2331 2306 2385 Calabria
2335 2330 2784 2401 facta,quamvis
2808 2331 3066 2383 rusticos
3084 2330 3235 2400 style
3258 2332 3517 2384 exaravi-

1853 2436 2008 2487 mus,
2042 2420 2114 2473 ad
2161 2435 2249 2487 ea,
2282 2434 2414 2489 quae
2453 2418 2608 2488 apud
2651 2418 3014 2472 incredulam
3062 2418 3320 2472 Siciliam
3345 2423 3512 2490 gesta

1854 2512 2010 2577 sunt,
2064 2508 2386 2578 qualiterve
2427 2507 2559 2576 (5'7),
2622 2507 2720 2561 diu
2759 2505 2999 2560 rebellis
3058 2506 3376 2578 subjugata
3418 2509 3512 2577 sit,

1853 2597 2232 2651 intentionem
2266 2598 2584 2663 vertamus,
2632 2596 2707 2648 ita
2735 2600 2927 2648 tamen
2958 2598 3020 2648 ut
3051 2611 3202 2665 cum,
3237 2598 3515 2666 opportu-

1853 2687 2006 2741 nitas
2039 2686 2363 2756 expetierit,
2396 2685 2493 2738 illa
2522 2700 2655 2756 quae
2684 2688 2890 2754 postea
2921 2683 2978 2737 in
3009 2684 3218 2754 Apulia
3253 2682 3385 2755 (58),
3420 2684 3514 2739 vel

1856 2774 2220 2846 Roma,{sive
2250 2775 2477 2829 Graecia
2492 2773 2642 2829 facta
2656 2776 2810 2843 sunt,
2841 2788 2951 2827 suo
2973 2774 3179 2829 inloco
3214 2774 3512 2829 oblivione

1852 2880 1967 2918 non
1994 2867 2422 2935 praetereantur
2452 2861 2584 2934 (59).

1419 3014 1688 3085 Explicit
1716 3014 1877 3069 liber
1909 3014 2159 3085 primus.

936 3148 1460 3262 INCIPIT
1532 3151 1928 3263 LIBER
1988 3145 2709 3262 SECUNDUS

171 3369 223 3423 Si
248 3374 519 3441 quaeritur
553 3374 715 3445 quod
746 3374 857 3445 (60)
896 3373 1167 3429 Calabria
1189 3416 1203 3443 ,
1236 3376 1331 3430 vel
1368 3374 1578 3445 Apulia
1616 3374 1742 3445 jam
1771 3356 1819 3409 D
1846 3377 1909 3427 ut
1967 3389 2206 3443 semper
2265 3374 2681 3428 dominationis
2756 3373 2966 3427 avidus
2997 3376 3139 3441 erat,
3192 3372 3509 3428 ambitione

115 3471 174 3509 ex
198 3463 344 3527 parte
373 3478 489 3516 non
520 3467 717 3517 autem
749 3478 824 3517 ex
856 3466 995 3530 toto,
1031 3465 1311 3534 quantum
1344 3464 1415 3518 ad
1442 3480 1508 3517 ea
1531 3480 1662 3534 qum
1684 3464 1741 3516 in

115 3544 183 3598 eis
208 3547 339 3601 facta
372 3556 527 3619 sunt,
561 3551 904 3622 descriptis,
940 3552 1093 3621 apud
1114 3551 1372 3605 Siciliam
1400 3552 1741 3606 describen-

113 3634 184 3687 tes
221 3639 582 3694 transeamus
629 3638 765 3710 (61),
823 3640 1035 3695 iterum
1083 3641 1252 3710 quasi
1305 3641 1740 3712 digressionem

114 3721 359 3781 facientes
403 3730 800 3785 describenda
846 3728 959 3800 (62)
986 3746 1160 3785 suum
1190 3731 1407 3800 locum,
1458 3734 1739 3801 quantum

110 3811 167 3864 ad
192 3815 406 3886 tempus
429 3834 548 3889 quo
581 3819 733 3872 facta
754 3822 892 3873 sunt
920 3819 1053 3888 (63),
1079 3819 1263 3890 exigit
1293 3820 1534 3873 rationis
1549 3820 1738 3872 series

110 3905 244 3956 recto
259 3905 480 3962 tramite
502 3910 763 3962 textatur
791 3907 928 3977 (64),
950 3913 1013 3961 ut
1045 3923 1177 3978 quae
1200 3909 1395 3977 priora
1426 3908 1579 3961 facta
1603 3911 1739 3962 sunt

106 3994 408 4056 praecedant
436 3997 574 4066 (65),
611 4013 744 4067 quaa
775 4012 917 4051 vero
948 3997 1282 4066 posteriora
1315 3996 1738 4066 subsequendo

107 4080 423 4138 scribantur.
468 4084 687 4139 Comes
729 4084 884 4139 enim
932 4086 1250 4157 Rogerius,
1302 4101 1436 4139 cum
1485 4086 1738 4155 primum

105 4162 326 4224 Siciliam
382 4172 791 4227 debellaturus
818 4189 1106 4245 egressus
1120 4177 1231 4242 est,
1261 4189 1393 4244 quae
1414 4174 1565 4243 apud
1584 4173 1743 4227 Cala-

104 4251 266 4311 briam
295 4260 548 4315 habebat
579 4279 696 4316 non
728 4263 1019 4331 deseruit;
1045 4263 1151 4318 sed
1171 4279 1301 4316 eum
1330 4264 1739 4333 opportunitas

104 4343 361 4418 exigebat,
379 4352 685 4405 exercitus
707 4352 767 4405 in
786 4350 1042 4405 Siciliam
1067 4352 1298 4406 interim
1318 4350 1589 4420 dimisso,
1611 4353 1739 4421 ipse

104 4431 159 4482 ad
187 4449 283 4489 sua
312 4441 552 4510 negotia
583 4440 951 4510 disponenda
975 4442 1222 4511 redibat,
1242 4440 1535 4494 multoties
1567 4440 1738 4494 etiam

105 4518 214 4575 duci
242 4523 398 4580 fratri
430 4528 718 4583 auxilium
750 4530 996 4599 laturus,
1031 4530 1121 4583 vel
1151 4534 1306 4584 certe
1336 4531 1395 4582 in
1414 4529 1739 4600 majoribus

104 4611 148 4660 et
164 4610 342 4669 dubiis
355 4617 542 4671 rebus
567 4619 882 4673 consilium
913 4620 1158 4672 daturus
1182 4621 1242 4672 ut
1267 4621 1546 4673 strenuus
1570 4619 1738 4672 miles

1848 3463 2217 3533 adipiscendi
2256 3479 2385 3517 eam
2410 3467 2616 3532 captus
2635 3464 2745 3532 est,
2782 3463 2895 3517 duo
2928 3452 3510 3532 sibiproﬁcuadepu-

1848 3552 1999 3618 tans,
2051 3551 2261 3605 animm
2308 3552 2538 3605 scilicet
2587 3555 2642 3604 et
2682 3550 2968 3619 corporis,
3003 3550 3057 3603 si
3085 3552 3300 3605 terram
3330 3549 3508 3603 idolis

1847 3639 2100 3693 deditam
2130 3639 2201 3702 ad
2236 3641 2455 3693 cultum
2496 3640 2757 3692 divinum
2798 3640 3141 3705 revocaret,
3174 3641 3231 3692 et
3278 3638 3509 3693 fructus

1846 3727 1939 3781 vel
1968 3728 2235 3782 redditus
2263 3730 2456 3795 terrae,
2472 3743 2623 3798 quos
2638 3744 2788 3799 gens
2812 3728 2931 3781 Deo
2955 3728 3183 3799 ingrata
3206 3727 3507 3782 sibiusur-

1844 3819 2103 3885 paverat,
2140 3816 2337 3884 ipsein
2357 3816 2719 3869 Deiservitio
2743 3816 3507 3886 dispensaturustempora-

1844 3904 1980 3957 liter
2008 3904 2361 3973 possideret.
2399 3904 2541 3958 Haec
2576 3920 2782 3958 secum
2814 3905 3008 3959 animo
3040 3905 3378 3973 revolvens,
3402 3920 3508 3960 eo-

1844 4008 1974 4047 rum
2006 3993 2078 4047 ad
2117 4009 2250 4064 quas
2281 3994 2537 4047 animum
2572 3993 2905 4047 intendebat
2944 4009 3060 4046 non
3090 3994 3296 4048 tardus
3328 4008 3507 4049 exse-

1846 4084 2031 4150 cutor,
2059 4098 2190 4136 cum
2215 4082 2519 4152 sexaginta
2550 4084 2772 4134 tantum
2799 4081 3100 4151 militibus,
3127 4081 3506 4151 periculosis-

1843 4171 2017 4239 simo,
2034 4171 2304 4241 quamvis
2322 4170 2488 4224 brevi
2510 4170 2719 4240 pelago
2736 4169 2890 4223 inter
2905 4170 3160 4239 Scyllam
3178 4169 3501 4241 etCharyb-

1843 4260 1960 4313 dim
1993 4260 2276 4312 navaliter
2316 4274 2453 4313 sese
2487 4258 2876 4325 committens,
2916 4257 3175 4311 Siciliam
3201 4258 3497 4327 explorat;

1842 4350 1899 4402 et
1926 4348 2121 4420 gentis
2154 4364 2280 4402 suae
2300 4348 2562 4401 militiam
2584 4349 2864 4401 tentatum
2883 4346 3299 4400 transmeando
3322 4347 3503 4402 vadit.

1842 4436 1912 4490 Et
1966 4437 2180 4505 portui,
2245 4451 2358 4507 quo
2415 4436 2865 4505 applicuerunt,
2926 4435 3213 4505 populosa
3289 4435 3503 4488 civitas

1840 4526 2136 4595 proxima;
2167 4541 2299 4596 quae
2317 4542 2348 4579 a
2368 4524 2944 4593 messe,vocabulum
2966 4524 3228 4594 trahens,
3252 4539 3320 4577 eo
3344 4522 3503 4594 quod

1840 4615 2019 4669 totius
2051 4615 2315 4686 regionis
2340 4629 2593 4682 messes,
2619 4616 2895 4684 quantum
2930 4612 3212 4668 Romanis
3242 4613 3298 4665 iu
3323 4612 3503 4667 tribu-

102 4699 145 4749 et
170 4700 250 4753 vir
274 4706 472 4776 magni
513 4707 780 4776 consilii,
814 4708 874 4761 in
918 4707 1186 4776 Apuliam
1233 4721 1422 4777 usque
1454 4707 1740 4761 transibat
1773 4709 1818 4766 C
1844 4706 1963 4757 tum
1994 4704 2314 4774 antiquitus
2328 4703 2797 4773 persolvebatur,
2816 4703 2953 4757 illuc
2969 4702 3323 4775 congregari
3341 4699 3502 4755 sole-

597 4794 849 4848 CAPUT
888 4796 1208 4849 PRIMUM.

219 4879 422 4936 Comes
453 4883 758 4954 Rogerius
783 4885 1039 4954 primum
1073 4884 1344 4938 Siciliam
1378 4884 1586 4938 intrat.

154 4965 647 5041 Elegantissimus
687 4972 869 5043 igitur
905 4972 1149 5043 juvenis
1180 4988 1381 5027 comes
1419 4971 1735 5041 Calabriae,

98 5066 206 5106 cum
240 5061 389 5128 apud
436 5062 695 5132 Regium
728 5078 858 5115 cum
901 5061 1084 5115 fratre
1141 5062 1290 5116 duce
1316 5065 1431 5116 tota
1470 5061 1736 5115 Calabria

95 5139 371 5217 debellata,
407 5152 772 5218 moraretur,
807 5150 1065 5203 Siciliam
1097 5149 1458 5204 incredulam
1489 5149 1734 5203 audiens

94 5234 138 5280 et
164 5231 515 5291 brevissimo
553 5238 700 5292 mari
721 5238 1068 5309 interposito
1090 5254 1166 5292 ex
1182 5238 1448 5308 proximo
1473 5238 1728 5307 intuens,

149 5374 250 5442 (56)
279 5377 545 5432 Domum.

147 5444 250 5511 (57)
282 5448 557 5511 Qualiter
595 5466 686 5504 ne.

146 5515 246 5588 (68)
281 5517 417 5581 Quae
442 5521 620 5588 prius
641 5522 726 5588 in,
764 5525 877 5575 etc.

146 5583 246 5666 (ἕξ)
278 5589 395 5666 ξιιο
424 5583 556 5646 Ioco
587 5583 873 5647 oblivioni
905 5609 1016 5648 non
1044 5599 1468 5666 praetereunte.

146 5600 227 5649 (ea
278 5600 395 5644 ,δυο
424 5600 556 5646 loco
587 5600 702 5647 ODII
715 5600 829 5647 νισι

282 5659 598 5743 gwratur
628 5679 829 5735 quare.

143 5725 246 5800 (61)
286 5725 651 5789 Τιέηείωιιεῖ

1842 4794 1958 4861 bat,
1984 4792 2262 4846 Messana
2283 4797 2487 4846 vocata
2509 4796 2619 4847 est.
2637 4793 2832 4862 Hujus
2852 4792 3018 4846 urbis
3043 4791 3225 4859 cives,
3244 4805 3495 4861 quorum

1843 4882 2089 4952 plurima
2104 4880 2409 4934 multitudo
2436 4883 2578 4949 erat,
2600 4880 2805 4935 hostes
2821 4896 2965 4934 suos
2988 4879 3137 4932 ﬁnes
3156 4878 3503 4949 pervasisse

1842 4971 2311 5040 cognoscentes,
2345 4968 2661 5039 plurimum
2692 4968 3010 5040 indignati,
3042 4968 3295 5020 maxime
3344 4964 3501 5037 quod

1841 5074 2063 5129 paucos
2120 5073 2364 5112 numero
2414 5057 2728 5125 videbant,
2776 5057 2943 5111 urbis
2999 5058 3200 5126 portas
3243 5054 3499 5109 maxime

1843 5148 2059 5215 impetu
2076 5146 2474 5216 prosilientes,
2501 5146 2666 5215 ipsos
2681 5149 3026 5215 occupatum
3059 5144 3295 5198 vadunt.
3316 5145 3500 5198 Porro

1843 5251 2043 5291 comes
2076 5239 2137 5290 ut
2166 5250 2402 5306 semper
2433 5235 2838 5288 astutissimus
2880 5237 2934 5287 et
2982 5233 3190 5288 militia
3235 5233 3457 5288 callens
3484 5274 3497 5301 ,

1913 5377 2023 5447 (6Q)
2056 5376 2118 5431 C.
2152 5378 2216 5432 P.
2270 5377 2370 5431 Ad
2399 5377 2647 5430 eundem
2703 5375 2920 5446 stylum
2958 5376 3269 5431 reductori
3297 5376 3496 5431 scien-

1841 5450 1973 5503 dum
2006 5455 2064 5503 et
2095 5450 2245 5520 quod
2276 5463 2628 5519 unaquaeque
2671 5462 2777 5500 res
2832 5447 3211 5503 escribenda.
3334 5458 3342 5463 '

1908 5520 2021 5589 (63)
2056 5521 2184 5573 Est.

1907 5589 2021 5662 (64)
2062 5591 2354 5646 Testatur.

1908 5660 2020 5734 (65)
2050 5663 2300 5718 Additur
2329 5660 2711 5735 subsequena’
2736 5703 2765 5715 ..
