3982 6164
430 318 585 384 1123

1152 313 1586 377 GAUFREDI
1631 311 2180 391 MALATERRA‘J
2216 310 2600 376 MONACHI
2646 311 3069 375 BENEDICT.

3650 317 3782 378 1124

432 518 621 590 primo
648 516 857 572 timore
908 516 1181 570 simulato
1231 531 1364 569 cum
1402 531 1505 569 eos
1550 514 1789 586 longius
1831 514 1904 568 ab
1947 514 2093 568 urbe
2129 502 2169 564 Α
2218 528 2362 566 vero
2397 513 2692 583 Rogerius
2724 513 2965 568 inermis
2997 515 3612 585 excepto'clypeosolo,
3642 522 3687 571 et
3704 535 3815 573 ense

432 607 791 673 seduxisset,
827 606 1044 674 impetu
1102 604 1255 658 facto
1277 646 1290 673 ,
1325 604 1608 658 acerrime
1639 619 1823 673 suqer
1852 618 1957 657 eos
2008 603 2088 656 ir-

432 710 637 763 ruens,
670 695 729 747 in
761 693 962 763 fugam
990 694 1180 745 vertit.
1217 692 1431 761 Sicque
1480 693 1774 744 extremos
1825 705 2093 759 quosque

435 784 737 850 caedendo,
786 798 977 851 usque
1007 782 1065 833 in
1096 783 1320 851 portam
1361 780 1634 848 civitatis,
1685 780 1863 849 longe
1904 780 2094 832 reditu

374 856 383 861 ’
436 870 801 943 fugientibus
817 870 984 923 visus
1003 868 1239 922 odibilis
1274 868 2094 936 comminatur,reduxitﬁpo-

435 959 534 1013 liis
564 959 758 1029 itaque
786 960 841 1012 et
872 958 1040 1029 equis
1069 957 1301 1012 illorum
1322 973 1471 1028 quos
1495 955 1793 1026 dejeeerat
1813 956 2094 1025 acceptis,

437 1064 622 1102 naves
654 1063 796 1101 suas
826 1046 1175 1118 ingressus,
1212 1047 1505 1118 Rhegium
1538 1048 1759 1099 remeat
1788 1045 1860 1098 ad
1888 1044 2098 1099 ducem

440 1137 681 1191 fratrem
713 1152 906 1191 suum.

1094 1224 1342 1278 CAPUT
1374 1224 1440 1277 ll.

438 1314 574 1368 Dux
593 1314 885 1368 Robertus
914 1314 1197 1384 Rhegium
1229 1319 1285 1365 et
1320 1318 1492 1367 lotam
1538 1312 1873 1384 Calabriam
1894 1327 2100 1380 procu-

608 1385 852 1439 randum
884 1383 1117 1455 delegat
1142 1404 1159 1448 ;
1190 1385 1317 1454 ipse
1340 1386 1399 1435 in
1436 1383 1705 1454 Apuliam
1746 1384 1921 1436 vadit.

513 1474 646 1528 Dux
675 1473 882 1526 deinde
918 1473 1213 1527 Robertus
1243 1488 1373 1525 eum
1409 1473 1617 1526 comite
1646 1472 1901 1543 Rogerio
1921 1471 2098 1525 fratre

440 1579 549 1618 suo
580 1563 637 1616 in
664 1562 931 1630 Apuliam
954 1562 1338 1629 hiematurus,
1366 1577 1685 1631 regressus
1705 1566 1816 1629 est;
1841 1560 1941 1614 ubi
1966 1561 2102 1631 quia

435 1651 559 1723 jam
617 1650 1040 1721 aliquantulum
1098 1650 1381 1720 temporis
1444 1650 1801 1718 transierat,
1860 1666 1931 1702 ex
1986 1665 2101 1719 quo

440 1740 653 1795 abinde
688 1742 1040 1805 recesserat,
1073 1755 1169 1793 res
1203 1755 1343 1792 suas
1368 1740 1538 1809 quasi
1568 1740 1638 1792 ab
1688 1739 1956 1791 acumine
2001 1739 2103 1792 ob-

444 1833 613 1884 tusas
674 1833 729 1882 et
787 1828 981 1882 minus
1035 1827 1333 1881 ordinatas
1392 1827 1720 1891 inveniens,
1751 1831 1868 1881 tota
1912 1826 2102 1880 hieme

442 1917 691 1971 consilio
722 1916 1045 1985 prudentiae
1070 1932 1196 1969 suae
1229 1916 1540 1969 refortiens
1559 1914 1697 1984 (66),
1723 1916 1790 1968 ad
1811 1916 2103 1986 integrum

441 2005 766 2075 reparavit;
793 2004 1265 2074 Apuliensesque
1297 2005 1593 2073 principes
1627 2005 1696 2057 de
1722 2005 1949 2057 noviter
1969 2005 2104 2058 ade-

441 2096 539 2164 pto
570 2094 783 2147 ducatu
815 2092 929 2146 sibi
962 2093 1401 2164 congaudentes
1436 2092 1706 2162 pluribus
1740 2094 2000 2162 donans,
2034 2094 2105 2148 de

445 2182 817 2252 expeditione
829 2197 1044 2236 versus
1064 2181 1320 2235 Siciliam
1341 2181 1397 2235 in
1412 2183 1676 2251 proxima
1694 2182 1885 2236 futura
1900 2184 2103 2235 aestate

455 2276 720 2331 facienda
743 2278 1092 2346 permonuit.

1083 2366 1332 2422 CAPUT
1366 2367 1461 2421 Ill.

444 2454 740 2510 Becumen
780 2454 1150 2509 Almiraldus
1190 2456 1421 2509 Sieilim
1460 2473 1489 2509 a
1538 2457 1664 2509 suis
1713 2454 1991 2526 expulsus
2033 2456 2108 2510 ad

820 2527 1103 2596 Rhegium
1128 2527 1396 2580 comitem
1420 2528 1716 2581 convenit.

525 2614 823 2683 Rogerius
870 2630 1009 2668 vero
1042 2631 1281 2683 comes,
1316 2616 1463 2668 duce
1511 2618 1710 2669 relicto
1759 2617 1816 2670 in
1860 2616 2106 2686 Apulia,

448 2702 743 2773 Rhegium
779 2703 1037 2772 inprima
1070 2705 1393 2773 septimana
1426 2707 1556 2757 ante
1579 2705 2105 2776 Quadragesimam

449 2790 752 2843 remeavit:
780 2791 846 2843 ad
865 2806 1035 2861 quem
1051 2792 1344 2845 Becumen
1370 2793 1478 2859 (67)
1495 2792 1868 2847 Admiraldus
1890 2794 2108 2848 Siciliae

446 2894 479 2932 a
507 2878 854 2933 Belcamedo
873 2879 985 2948 (68)
1020 2880 1271 2949 quodam
1302 2882 1565 2950 principe
1605 2882 1811 2949 praelio
1844 2882 2105 2953 fugatus,

447 2984 517 3023 eo
536 2968 691 3038 quod
714 2968 983 3021 maritum
997 2970 1225 3023 sororis
1254 2985 1400 3035 suae,
1419 2970 1730 3025 honestum
1763 2986 1889 3025 suae
1913 2971 2108 3042 gentis

441 3054 747 3127 juvenem,
796 3058 1085 3112 vocabulo
1144 3059 1571 3113 Benneclcrum
1620 3061 1732 3129 (69)
1792 3060 2106 3130 occiderat,

446 3145 601 3216 apud
635 3146 928 3218 Rhegium
971 3147 1262 3218 profugus
1308 3149 1499 3215 venit,
1541 3152 1811 3203 comitem
1855 3166 2107 3217 versus,

446 3234 947 3306 impugnationem
977 3235 1192 3290 Siciliae
1230 3238 1429 3290 multis
1461 3238 1976 3292 exhortationibus
2015 3239 2110 3292 in-
2143 3239 2189 3299 C

445 3324 652 3379 citans.

1086 3414 1336 3468 CAPUT
1376 3415 1466 3467 IV.

451 3501 712 3557 Consilio
744 3502 1086 3557 Becuminis
1105 3518 1298 3556 comes
1330 3503 1620 3572 Rogerius
1649 3505 1864 3557 iterum
1883 3504 1943 3556 in
1965 3504 2113 3563 Sici-

1106 3573 1241 3625 liam
1284 3574 1462 3627 vadit.

521 3661 605 3714 De
637 3659 812 3730 cujus
845 3661 1097 3715 adventu
1128 3678 1327 3716 comes
1358 3678 1475 3716 non
1519 3662 1819 3716 minimum
1861 3664 2109 3734 gavisus

448 3763 581 3804 eum
615 3749 936 3804 honorifice
970 3750 1255 3821 suscepit,
1286 3750 1535 3821 ejusque
1555 3751 1825 3821 consilio,
1860 3752 2111 3805 necdum

450 3837 641 3893 hieme
669 3840 985 3909 transacta,
1008 3840 1373 3894 hebdomade
1404 3841 1677 3893 videlicet
1702 3840 1964 3909 proxima
1977 3845 2110 3895 ante

447 3927 990 3999 Quadragesimam,
1025 3945 1157 3982 cum
1191 3932 1421 3983 centum
1471 3930 1782 4001 sexaginta
1824 3929 2108 3983 militibus

442 4013 641 4086 ipsum
674 4016 968 4071 Becumen
1000 4033 1206 4071 secum
1229 4018 1452 4071 ducens
1481 4018 1852 4088 Pharumque
1882 4017 1954 4071 ad
1989 4018 2109 4071 Cli-

442 4105 593 4159 bana
628 4105 738 4174 (70)
795 4107 1125 4177 tegularum
1180 4107 1499 4172 transiens,
1554 4107 1812 4160 Siciliam
1863 4107 2104 4161 invadit.

448 4193 736 4265 Dumque,
768 4194 1099 4249 Becumene
1123 4197 1221 4266 qui
1243 4196 1311 4249 ad
1328 4212 1393 4249 se
1418 4196 1820 4266 transfugerat
1843 4197 2107 4263 ductore,

447 4298 664 4338 versus
723 4284 1029 4337 Melacium
1088 4284 1283 4338 iturus
1324 4285 1395 4337 de
1456 4289 1644 4350 nocte,
1681 4284 1832 4338 haud
1866 4285 2041 4355 longe
2079 4300 2112 4337 a

450 4373 682 4426 civitate
714 4372 989 4426 Messana
1011 4372 1305 4439 transiret,
1324 4372 1558 4425 obvium
1588 4372 1788 4425 habuit
1801 4372 2110 4442 quemdam

448 4460 870 4528 Sarracenum,
912 4459 1115 4512 militia
1174 4461 1325 4513 inter
1365 4475 1510 4513 suos
1555 4460 2109 4530 nominatissimum,

451 4547 692 4601 fratrem
743 4547 970 4601 scilicet
1020 4548 1324 4602 Benecleri
1366 4546 1499 4617 (71),
1560 4564 1663 4617 pro
1717 4548 1892 4619 cujus
1939 4564 2113 4603 occa-

450 4638 617 4691 sione
649 4638 943 4691 Becumen
977 4636 1221 4690 aSicilia
1247 4636 1475 4706 ejectus
1508 4637 1715 4690 fuerat.
1754 4637 1861 4691 Hic
1904 4654 2112 4708 nempe

451 4741 584 4780 cum
615 4726 673 4779 in
705 4725 1061 4795 praecedenti
1108 4741 1359 4796 vespere
1390 4725 1795 4795 persensisset
1844 4728 2113 4780 comitem

456 4818 676 4869 armata
722 4830 896 4869 manu
927 4813 1190 4868 Siciliam
1224 4814 1499 4883 intrasse,
1554 4815 1753 4869 militia
1792 4831 1920 4883 sua,
1982 4816 2115 4885 plus

455 4904 799 4959 necessario
834 4919 1226 4971 praesumens,
1260 4920 1290 4956 a
1324 4903 1599 4958 Messana
1621 4920 1987 4975 progressus
2018 4920 2117 4959 no-

454 4992 699 5045 cturnus
730 4990 922 5044 hostis
959 4994 1021 5043 ut
1069 4990 1185 5044 sibi
1218 4989 1453 5060 aliquod
1486 4991 1733 5045 militare
1790 5006 2022 5056 nomen,
2058 4991 2112 5044 in

453 5078 663 5135 damno
713 5080 973 5134 hostium
1026 5079 1361 5149 aequireret,
1412 5082 1689 5134 tentatum
1735 5079 1872 5134 ibat.
1904 5078 2118 5134 Comes

524 5220 637 5289 (66)
669 5219 731 5274 C.
766 5220 829 5273 P.
864 5221 1227 5277 resarciens.

527 5292 640 5360 (67)
670 5291 976 5345 Betumen.

527 5361 639 5431 (68)
668 5360 765 5415 Ab
796 5361 1169 5417 EIcarmedo.

455 5433 512 5500 .9,“
529 5431 641 5500 (69)
672 5432 1078 5488 Beneclerum.

530 5490 642 5573 (70)
673 5502 973 5578 Βίιέιῃηθη
1015 5520 1239 5578 secum,
1275 5522 1345 5578 eo
1383 5507 1543 5578 quod
1564 5506 1823 5577 patriam
1866 5505 2115 5573 sciebat,

467 5572 725 5631 ducens:
758 5572 1136 5635 Plzarumque
1166 5572 1242 5632 ad
1275 5572 1602 5635 Clibanuni.

532 5645 644 5721 (71)
674 5644 1150 5704 Benemencleri.

2137 4596 2188 4657 D

2219 618 2334 673 quo
2393 602 2693 656 accinctus
2751 607 2894 671 erat,
2927 603 3190 674 armiger
3246 620 3489 674 namque
3518 620 3639 658 cum
3673 608 3817 662 armis

2222 692 2719 762 subsequebatur,
2752 692 2954 745 socios
2972 693 3339 762 praecedebat
3360 692 3557 747 oculos
3601 695 3819 749 intentis-

2222 782 2370 835 sime
2400 781 2859 851 circumquaque
2890 782 3134 836 ducens.
3172 782 3433 853 Dumque
3463 783 3617 835 illum
3646 784 3817 838 adven-

2221 873 2436 926 tantem
2466 869 2579 940 (72)
2610 872 2722 925 sub
2761 871 2979 940 pallore
3010 871 3164 925 lunte
3194 870 3686 942 deprehendisset,
3716 889 3819 942 per-

2219 960 2461 1032 longum
2521 960 2746 1013 ducens
2802 959 2875 1013 ab
2933 961 3226 1030 armigero
3266 975 3425 1013 arma
3474 960 3732 1031 recipere,
3769 978 3822 1016 ne

2222 1049 2394 1116 forte,
2453 1049 2506 1101 si
2562 1048 2734 1102 etiam
2790 1048 2888 1101 ille
2920 1048 3033 1101 sub
3065 1047 3269 1101 umbra
3300 1048 3520 1103 viseret
3538 1048 3813 1120 aufugeret,

2222 1139 2442 1208 impetu
2468 1135 2620 1191 facto
2652 1138 2779 1191 solo
2809 1153 2953 1192 ense
2984 1153 3165 1205 super
3194 1153 3325 1191 eum
3359 1137 3608 1203 irruens,
3633 1154 3819 1208 unoque

2223 1227 2342 1281 ictu
2399 1227 2655 1281 medium
2713 1226 3040 1295 corripiens
3073 1227 3331 1293 secavit;
3365 1226 3434 1279 de
3465 1241 3691 1296 corpore
3716 1227 3823 1280 dua-

2223 1316 2336 1369 bus
2375 1316 2643 1385 partibus
2688 1315 2879 1383 factis,
2925 1331 3257 1385 equumque
3314 1317 3371 1368 et
3416 1315 3594 1383 spolia
3647 1315 3825 1368 cuidam

2224 1420 2470 1458 suorum
2525 1404 2703 1457 dedit.
2736 1404 2874 1457 Inde
2908 1404 3233 1469 Melaeium,
3281 1406 3340 1458 et
3369 1404 3655 1458 Rametam
3682 1418 3826 1473 usque

2225 1493 2652 1562 pertransiens,
2710 1493 3024 1562 plurimum
3081 1493 3300 1561 praedis
3359 1496 3612 1561 accepto,
3654 1493 3713 1545 ad
3739 1495 3828 1547 tres

2234 1582 2407 1637 batus
2459 1581 2592 1651 (73),
2618 1582 2788 1652 juxta
2817 1582 3099 1647 Pharum,
3133 1582 3233 1650 qui
3261 1580 3495 1635 Praroli
3522 1581 3712 1634 dicitur
3732 1581 3829 1651 (7t),

2227 1671 2635 1741 hospitaturus
2658 1671 2831 1724 rediit
2848 1671 2905 1723 in
2922 1670 3208 1725 rastinum
3232 1669 3304 1723 ad
3330 1669 3561 1722 ultimas
3580 1670 3829 1739 aquas(75)

2232 1775 2422 1829 usque
2452 1760 2752 1829 prodiens,
2786 1759 3004 1828 praeda,
3038 1774 3210 1829 quam
3241 1761 3570 1828 acceperat,
3600 1758 3831 1827 Rhegium

2227 1848 2543 1903 deferenda
2575 1848 2828 1903 navibus
2858 1847 2990 1916 ('76).

2889 1954 3139 2008 CAPUT
3182 1954 3231 2005 V

2267 2063 2475 2118 Comes
2504 2063 2800 2135 Rogerius
2834 2078 2959 2117 eum
3008 2061 3507 2115 Messenensibus
3528 2060 3809 2133 prwliatur.

2299 2154 2485 2207 Porro
2517 2136 2942 2205 Massanenses
2971 2149 3404 2221 putantesjam,
3428 2148 3748 2221 quibusdam
3767 2162 3837 2199 na-

2230 2258 2336 2296 ves
2393 2242 2710 2313 ingressis,
2756 2256 2820 2294 se
2862 2240 3015 2305 illos,
3053 2239 3223 2310 quasi
3256 2239 3667 2307 semipartitos,
3703 2249 3838 2306 posse

2232 2332 2465 2385 facilius
2498 2344 2811 2398 occupare,
2844 2330 3103 2399 equitatu
3134 2332 3188 2381 et
3222 2327 3483 2396 peditatu
3515 2340 3702 2380 omnes
3729 2323 3838 2376 urbe

2233 2420 2488 2491 egressi,
2522 2418 2797 2471 invadere
2840 2417 3075 2471 vadunt.
3109 2416 3329 2470 Verum
3360 2416 3497 2487 quia
3529 2418 3718 2468 ventus
3742 2427 3841 2465 con-

2232 2510 2449 2564 trarius
2507 2511 2650 2575 erat,
2710 2505 2907 2560 nullus
2937 2510 3298 2558 armatorum
3335 2519 3518 2558 naves
3549 2502 3842 2557 intraverat;

2236 2611 2436 2650 comes
2468 2610 2608 2648 vero
2633 2609 3008 2665 cognoscens
3039 2608 3142 2647 eos
3175 2609 3421 2647 versum
3471 2607 3535 2645 se
3566 2590 3842 2655 adventare,
3946 2620 3947 2665 ι

2234 2684 2536 2741 Serlonem
2566 2686 2832 2751 nepotem
2864 2697 3057 2749 suum,
3092 2680 3369 2734 videlicet
3410 2679 3664 2734 Serlonis
3692 2676 3844 2730 {miris

2237 2774 2329 2826 sui
2361 2772 2564 2837 ﬁlium,
2614 2770 2789 2841 cujus
2818 2770 3097 2840 superius
3130 2771 3187 2822 in
3220 2769 3340 2823 ﬁne
3369 2768 3543 2839 primi
3574 2767 3692 2821 libri
3720 2779 3845 2819 men-

2234 2862 2452 2915 tionem
2484 2861 2753 2928 fecimus,
2791 2875 2863 2912 ne
2896 2860 2947 2913 si
2978 2858 3210 2929 fugere,
3231 2858 3393 2911 sicut
3414 2861 3470 2912 et
3489 2856 3733 2911 fecerunt
3762 2852 3849 2904 vel-

2234 2951 2374 3017 lent,
2407 2950 2654 3004 liberius
2668 2951 2931 3019 possent,
2957 2949 3045 3001 sic
3068 2946 3473 3017 praamissum,
3500 2947 3623 3015 ipse
3637 2941 3849 2996 velocius

2238 3040 2619 3107 subsecutus,
2655 3038 2791 3091 dum
2822 3037 3029 3108 fugere
3060 3036 3344 3105 nituntur,
3382 3036 3461 3089 ita
3507 3031 3781 3100 intercepit
3809 3030 3852 3080 ut
3948 3050 3949 3093 ξ

2236 3129 2337 3182 vix
2358 3143 2432 3182 ex
2462 3131 2617 3181 tanta
2648 3126 3014 3183 multitudine
3045 3126 3325 3179 evaserit.

2876 3232 3126 3286 CAPUT
3162 3232 3256 3284 VI.

2239 3342 2411 3397 Mare
2440 3339 2736 3395 turbatum
2769 3338 2977 3393 sedari
3006 3353 3199 3392 comes
3248 3336 3552 3408 Rogerius
3597 3340 3713 3387 voto
3736 3328 3853 3384 obti-

2998 3410 3143 3463 nuit.

2311 3502 2585 3556 Messana
2595 3500 2805 3554 usibus
2837 3514 3081 3554 suorum
3099 3497 3347 3552 vulnera
3363 3498 3479 3566 (77)
3496 3495 3767 3557 ﬂentibus,
3780 3502 3854 3541 co-

2240 3606 2367 3645 mes
2398 3605 2582 3660 penes
2606 3589 2899 3643 civitatem
2929 3586 3248 3655 transiens,
3282 3586 3341 3639 in
3372 3584 3565 3639 insula
3582 3583 3639 3637 S.
3660 3581 3856 3647 Hiacjn-

2238 3680 2341 3748 thi,
2376 3679 2530 3734 haud
2562 3679 2738 3748 longe
2767 3676 2840 3730 ab
2873 3677 3041 3743 urbe,
3079 3675 3443 3745 hospitalum
3474 3672 3644 3739 vadit,
3664 3679 3849 3723 summo

2239 3783 2353 3838 que
2395 3765 2654 3820 diluculo
2684 3764 3042 3831 Messanam,
3077 3763 3251 3833 quasi
3282 3762 3517 3816 viribus
3546 3757 3856 3815 exhaustam,

2240 3870 2584 3926 oppugnare
2615 3854 2790 3907 vadit.
2824 3852 2940 3907 Sed
2953 3850 3474 3918 Messanensibus,
3490 3845 3743 3919 quamvis
3757 3856 3859 3911 pau-

2241 3945 2350 4013 cis,
2411 3945 2510 4014 qui
2566 3942 2759 3996 adhuc
2800 3942 3170 4011 supererant,
3219 3955 3355 3993 cum
3388 3938 3539 4008 ipsis
3570 3930 3861 3989 mulieribus

2238 4033 2499 4100 armatis,
2536 4037 2736 4085 turres
2776 4034 2833 4084 et
2861 4028 3326 4100 propugnacula,
3363 4041 3620 4096 seseque
3646 4019 3860 4077 certatim

2242 4126 2302 4175 ut
2358 4137 2464 4191 pro
2524 4120 2661 4188 vita,
2705 4118 3179 4183 defendentibus,
3213 4132 3442 4183 comes,
3475 4129 3548 4169 ne
3586 4110 3766 4167 Sicilia
3789 4104 3863 4159 tali

2240 4210 2395 4264 facto
2453 4208 2700 4263 excitata
2760 4223 2940 4277 super
2990 4221 3123 4260 eum
3171 4205 3378 4273 irruat,
3430 4204 3503 4257 ad
3533 4199 3762 4255 tentoria
3784 4208 3865 4248 sua

2240 4299 2501 4366 rediens,
2529 4298 2600 4352 de
2630 4297 2880 4351 transitu
2895 4310 3112 4350 versus
3136 4293 3437 4365 Rhegium
3452 4295 3694 4346 tractare
3712 4282 3866 4353 coepit.

2242 4389 2400 4441 Mare
2461 4402 2603 4441 vero
2656 4385 2954 4440 turbatum
3003 4399 3135 4438 cum
3167 4382 3576 4447 periculosum
3605 4375 3867 4432 transitum

2240 4478 2581 4544 ostentaret,
2616 4490 2817 4529 comes
2850 4473 3097 4542 sapienti
3113 4488 3262 4527 usus
3281 4470 3559 4538 consilio,
3577 4470 3738 4521 totam
3752 4474 3867 4532 pra?-

2240 4566 2370 4619 dam
2404 4581 2578 4635 quam
2631 4567 2887 4633 ceperat,
2923 4562 2982 4615 S.
3017 4560 3323 4615 Andronio
3355 4558 3474 4627 (78)
3503 4557 3575 4611 ad
3604 4551 3866 4609 ecclesiam

2241 4670 2408 4708 suam
2439 4652 2908 4708 reaedificaudam
2932 4650 3101 4721 juxta
3113 4648 3412 4719 Rhegium
3431 4645 3673 4701 dandam
3692 4650 3865 4711 propo-

2241 4745 2460 4798 suerat.
2495 4742 2807 4796 Destrueta
2836 4740 3053 4810 quippe
3084 4740 3210 4792 erat
3248 4736 3504 4790 noviter.
3548 4734 3746 4801 Sicque
3772 4740 3865 4779 me-

2239 4833 2369 4886 ritis
2426 4831 2699 4901 ejusdem
2749 4830 2958 4896 sancti,
2996 4832 3057 4882 ut
3095 4826 3414 4887 credimus,
3456 4838 3597 4877 aura
3627 4824 3864 4890 prospere

2240 4923 2412 4975 flante
2446 4935 2605 4973 mare
2637 4918 2927 4983 sedatum,
2960 4931 3098 4973 sese
3136 4911 3559 4970 transmeabile
3614 4905 3862 4978 praebens,

2239 5012 2476 5081 impune
2505 5008 2758 5063 transire
2788 5008 3076 5077 permisit.

2313 5222 2427 5291 (72)
2467 5222 2613 5276 Dum
2645 5219 2805 5274 illum
2838 5219 3278 5275 advenientem.

2312 5293 2426 5363 (74)
2467 5294 2674 5363 Lacus.

2310 5361 2425 5435 (74)
2468 5361 2996 5435 Carqlidicuntur.

2308 5433 2423 5503 (75)
2462 5435 2559 5489 Ad
2589 5433 2793 5504 dulces
2816 5448 3015 5504 aquas.

2311 5506 2422 5576 ('76)
2463 5503 2868 5576 Deferagdum
2889 5504 3141 5559 navibus
3163 5505 3405 5575 ponunt.

2313 5573 2425 5648 (77)
2463 5576 2526 5631 C.
2560 5575 2626 5648 P.
2662 5573 2895 5648 Funera

2314 5644 2429 5721 (76)
2467 5648 2528 5702 S.
2559 5644 2837 5701 Antonio.
