3926 6146
100 290 218 355 1125

651 493 902 549 CAPUT
942 492 1065 547 VII.

94 584 228 651 Quod
255 582 444 655 praeda
488 598 669 655 super
691 598 956 654 paganos
986 588 1221 654 accepta
1254 582 1375 637 Deo
1419 584 1480 637 in
1511 586 1697 638 sacri-

492 652 956 725 ﬁcium'in'grata
992 670 1103 708 non
1121 652 1233 707 'sit.

144 744 215 796 Ne
234 743 481 796 videatur
500 743 616 797 hoc
637 742 874 811 factum,
900 743 1055 812 quod
1086 744 1345 814 przedam
1371 745 1491 798 Deo
1522 745 1695 800 obtu-

86 833 258 896 lerunt,
288 832 639 885 contrarium
670 830 971 885 canonicis
998 831 1428 900 sanctionibus,
1455 836 1697 903 propter

87 919 195 973 illud
211 920 351 989 quod
368 919 582 973 dicitur
607 935 619 974 :
649 919 760 984 Qui
770 919 1029 974 immolat
1054 921 1345 974 victimam
1364 937 1443 975 ex
1459 924 1687 992 rapina,

94 1008 241 1062 relex
263 1007 586 1062 substantia
602 1009 908 1079 pauperis,
932 1008 1101 1080 quasi
1114 1009 1214 1080 qui
1237 1010 1497 1063 victimat
1513 1009 1692 1064 ﬁlium

87 1098 132 1148 in
158 1103 443 1167 conspectu
456 1098 661 1168 patris
685 1097 1111 1167 (Ecclixxxxv);
1146 1114 1279 1152 cum
1310 1098 1421 1153 hoc
1452 1099 1695 1167 potissi-

85 1200 206 1237 mum
231 1185 626 1254 accipiendum
660 1186 966 1241 sitdictum
981 1187 1052 1240 de
1066 1187 1394 1241 substantia
1416 1188 1695 1257 pauperis

82 1272 169 1340 (79)
202 1272 423 1343 Christi,
459 1274 531 1328 de
564 1274 783 1344 quibus
814 1278 869 1329 et
902 1275 1042 1329 alibi
1091 1275 1309 1329 dictum
1358 1279 1485 1329 est:
1520 1276 1696 1330 Beati

79 1376 321 1431 pauperes
335 1362 568 1432 spiritu,
589 1364 798 1434 quonia
808 1380 857 1415 in
870 1364 1130 1434 ipsorum
1147 1368 1237 1418 est
1250 1380 1497 1434 regnum
1511 1365 1691 1418 caelo-

80 1464 180 1502 rum
197 1450 413 1516 (Matth.
430 1460 487 1518 ν)
506 1450 643 1520 (80),
669 1468 783 1505 non
804 1467 941 1506 esse
966 1453 1212 1520 scimus,
1238 1454 1337 1522 qui
1370 1452 1554 1506 Deum
1585 1468 1694 1507 nec

79 1551 175 1603 ore,
202 1554 296 1591 nec
317 1554 561 1608 corpore
597 1541 929 1593 confitetur.
955 1540 1069 1594 Sed
1103 1540 1259 1610 quod
1288 1540 1401 1611 (81)
1431 1541 1696 1595 aufertur

79 1626 172 1679 Deo
183 1625 373 1680 offerre
390 1628 543 1681 haud
559 1628 887 1683 absurdum
903 1628 1422 1698 videtur(87’.),nam
1436 1630 1695 1699 acceptis

79 1715 248 1785 ingrati
277 1714 381 1785 (83)
419 1719 664 1771 utuntur
694 1734 726 1769 a
756 1717 974 1787 quibus
1006 1717 1138 1787 ipse
1171 1718 1417 1789 largitor
1445 1734 1563 1773 non
1598 1733 1694 1772 co-

78 1803 337 1871 gnoscitur
352 1803 481 1872 (84).

638 1893 890 1947 CAPUT
929 1894 1079 1947 VIII.

78 1996 450 2072 Panormitam,
501 2005 561 2053 ut
614 2001 842 2072 nostris
887 2002 1154 2055 transire
1192 2000 1528 2055 volentibus
1548 2016 1693 2072 pro-

248 2070 498 2138 hibeant,
546 2071 610 2124 in
645 2071 908 2125 Pharum
942 2072 1181 2140 navigio
1217 2072 1477 2126 veniunt.

130 2173 311 2227 Comes
333 2175 509 2246 igitur
527 2176 830 2247 Rogerius
853 2179 971 2231 toto
996 2192 1200 2231 mense
1221 2176 1426 2231 Martio
1441 2179 1496 2230 et
1508 2176 1695 2246 Aprili

76 2276 159 2329 per
171 2262 470 2318 Calabriam
494 2265 780 2319 utilitates
798 2265 1121 2335 prudenter
1143 2265 1427 2319 ordinans
1440 2265 1693 2319 navibus

77 2352 118 2400 et
144 2350 358 2421 reliquis
398 2353 765 2407 necessariis
809 2353 1232 2408 commeatibus
1266 2354 1693 2423 expeditionem

76 2436 245 2491 iterum
266 2456 472 2496 versus
503 2441 769 2496 Siciliam
798 2443 1064 2497 certatim
1096 2443 1285 2512 parat.
1319 2442 1475 2513 Majo
1499 2442 1693 2512 itaque

76 2524 281 2582 intrante
310 2529 423 2583 dux
457 2530 531 2585 ab
551 2530 765 2600 Apulia
803 2547 932 2585 cum
959 2532 1211 2585 maximo
1246 2532 1507 2601 equitatu
1539 2532 1695 2585 Rhe-

74 2614 200 2682 gium
229 2618 477 2689 veniens,
536 2620 711 2674 etiam
744 2619 1010 2673 navalem
1043 2620 1363 2673 exercitum
1395 2635 1503 2690 per
1533 2635 1695 2673 mare

73 2702 235 2757 venire
282 2705 428 2775 fecit,
478 2707 836 2762 Belcamuer
866 2724 1007 2762 vero
1059 2708 1420 2762 Almiraldus
1453 2707 1692 2778 Siciliae,

76 2790 276 2846 audiens
323 2796 759 2864 expeditionem
807 2813 1027 2851 versus
1087 2796 1348 2851 Siciliam
1399 2797 1692 2867 apparari,

79 2893 371 2952 navesquas
384 2884 1041 2955 Cattos(85)appellaut,
1068 2902 1199 2957 quae
1223 2886 1483 2940 hostium
1504 2889 1694 2940 trans-

72 2966 183 3020 itum
198 2970 527 3042 impediant,
550 2974 894 3028 aPanormo
920 2974 978 3027 in
1002 2974 1257 3028 Pharum
1291 2975 1547 3043 mittens,
1590 2991 1696 3044 per

71 3055 383 3125 aliquotdies
399 3062 612 3117 hostes
626 3063 880 3117 transire
892 3063 1243 3133 impediunt.
1262 3063 1407 3117 Nam
1423 3063 1695 3134 quamvis

72 3150 234 3201 noster
262 3152 480 3206 navalis
511 3152 812 3207 exercitus
835 3151 1129 3221 plurimus
1161 3156 1342 3221 esset,
1380 3167 1586 3206 eorum
1615 3155 1695 3206 ta-

69 3245 171 3286 men
212 3238 445 3308 amplior

69 3319 276 3394 denique
298 3330 696 3383 tantummodo
728 3328 843 3399 (86)
873 3328 1266 3383 abundantior
1286 3329 1398 3399 (8’7)
1417 3329 1693 3384 German-

68 3406 152 3463 dos
193 3416 243 3467 et
287 3416 497 3471 Galeas
534 3436 544 3471 ;
581 3417 929 3471 Sicilienses
978 3432 1121 3471 vero
1177 3416 1399 3488 Cattos,
1435 3421 1490 3472 et
1517 3418 1694 3473 Gola-

69 3494 169 3552 fros
196 3502 295 3572 (88)
324 3508 378 3558 et
427 3505 828 3574 Dormundos,
879 3506 987 3560 sed
1035 3509 1091 3560 et
1137 3505 1395 3562 diversa
1441 3506 1687 3563 fabricae

65 3600 212 3643 naves
240 3591 549 3649 habebant.

655 3701 906 3756 CAPUT
956 3702 1058 3755 1X.

63 3797 239 3857 Nostri
270 3809 583 3863 transitum
627 3808 749 3863 sibi
781 3808 1019 3862 turbari
1056 3808 1329 3864 videntes
1359 3807 1691 3879 adjutorem

691 3879 1025 3950 implorant.

121 3978 250 4051 Dux,
272 3984 344 4038 ita
362 3985 481 4041 sibi
502 3985 814 4040 transitum
830 3986 1062 4039 turbari
1079 3987 1311 4055 videns,
1346 4002 1477 4040 cum
1510 3985 1692 4038 fratre

66 4068 246 4124 comite
274 4077 328 4127 et
357 4074 726 4144 sapientibus
749 4077 987 4144 accepto
1007 4075 1277 4144 consilio,
1307 4074 1569 4129 divinum
1600 4072 1691 4125 in-

71 4152 484 4229 vitatauxilium,
501 4164 785 4217 exercitui
799 4166 860 4217 ut
874 4164 1285 4217 sacerdotibus
1300 4163 1694 4217 conﬁteantur

71 4244 115 4292 et
139 4249 456 4311 pumitentia
487 4255 727 4320 accepta
759 4266 966 4305 omnes
1000 4252 1433 4305 communicent
1466 4251 1687 4304 indicit.

70 4325 175 4396 [pse
196 4349 319 4390 cum
350 4338 553 4405 fratre,
580 4339 631 4392 si
652 4342 811 4393 terra
840 4340 1036 4393 divina
1065 4340 1282 4394 auxilio
1314 4339 1431 4393 illis
1467 4340 1688 4393 tribua-

70 4416 142 4467 tur
164 4433 290 4476 sese
307 4423 590 4493 deinceps
621 4426 739 4481 Deo
763 4426 1100 4480 devotiores
1131 4425 1363 4481 futuros
1394 4428 1529 4480 voto
1556 4440 1689 4495 pro-

66 4503 280 4579 mittunt,
295 4517 453 4567 certa
474 4514 586 4568 ﬁde
600 4515 659 4568 in
678 4518 872 4569 mente
886 4516 1208 4569 retinentes
1233 4515 1387 4585 quod
1401 4515 1690 4585 scriptum

1128 291 1525 356 HISTORIA
1568 292 1896 360 SICULA.
1948 329 2016 343 —
2067 295 2221 358 LIB.
2263 297 2341 363 ΙΙ.

1728 498 1787 554 Α

1733 1863 1779 1923 Β

63 4596 164 4645 est:
200 4596 263 4651 In
282 4602 551 4656 omnibus
573 4604 830 4674 negotiis
857 4602 976 4657 tuis
1002 4603 1187 4657 Deum
1217 4579 1546 4673 adiutorem
1577 4603 1691 4657 tibi
1713 4579 1769 4642 θ

64 4692 279 4757 assume,
304 4696 361 4743 et
389 4691 646 4747 habebis
661 4708 985 4764 prosperos
1003 4692 1282 4762 effectus;
1304 4696 1378 4761 et,
1404 4693 1539 4764 quia
1571 4709 1690 4747 non

63 4773 135 4821 est
183 4778 488 4834 consilium
547 4784 753 4835 contra
797 4781 1149 4849 Dominum;
1183 4784 1256 4848 et,
1318 4782 1476 4851 quod
1529 4781 1689 4836 nulla

68 4860 374 4922 PPOﬁciendi
422 4868 741 4924 difficultas
800 4874 911 4938 est,
974 4871 1071 4924 ubi
1132 4870 1385 4939 Spiritus
1444 4875 1687 4924 sanctus

62 4956 384 5017 c00perator
429 4957 614 5028 adest,
652 4959 710 5012 in
750 4959 1047 5027 omnibus,
1079 4974 1212 5028 quae
1260 4957 1457 5012 facere
1488 4958 1685 5027 dispo-

66 5035 273 5111 nebant,
305 5044 489 5100 Deum
519 5047 938 5116 ordinatorem,
973 5048 1280 5102 fortiorem
1324 5046 1687 5117 gubernato—

62 5134 165 5177 rem
186 5126 537 5202 lacrymabili
568 5135 1019 5206 compunctione
1049 5135 1249 5190 cordis
1279 5134 1612 5206 implorant.

254 5308 601 5382 Pauperum.

114 5372 213 5459 (80)
250 5372 393 5436 Istis
426 5401 581 5451 vero,
619 5400 857 5458 quorum
888 5386 1141 5457 regnum
1171 5386 1470 5442 caelorum.

252 5452 497 5523 Sigquid.

117 5517 215 5587 (8‘2)
252 5517 491 5581 Aﬂerrc
522 5528 839 5583 absurdum
878 5545 989 5583 non
1022 5535 1134 5584 est.

118 5580 217 5664 (ἓξ)
256 5580 530 5664 (auratis.

118 5658 217 5730 (84)
255 5658 343 5716 Εἰ
363 5674 597 5725 caetera.

3285 298 3438 364 11%

2444 498 2715 556 CAPUT.
2758 504 2831 557 X.

1808 586 2035 657 Comes,
2070 588 2480 642 nescientibus
2509 589 2797 656 hostibus,
2834 590 2908 645 de
2942 598 3111 647 nocte
3163 594 3472 650 transiens

2361 661 2702 714 Messanam
2733 662 2907 732 capit.

1875 746 2088 800 Comes
2120 748 2318 817 itaque
2343 749 2662 819 Rogerius,
2698 750 2909 805 videns
2940 751 3147 807 hostes
3178 769 3254 807 ex
3287 755 3474 809 altera

1806 834 1931 904 ripa
1964 837 2164 888 contra
2213 852 2384 890 suum
2417 837 2739 891 exercitum
2770 838 3050 908 adjacere
3081 844 3138 894 et
3178 857 3475 911 nusquam

1807 923 2164 993 promoveri,
2200 923 2270 977 ad
2304 924 2514 978 callida
2535 930 2902 996 argumenta,
2923 929 3216 982 utsolitus
3239 932 3381 998 erat,
3407 944 3477 984 ac

1809 1011 1862 1065 si
1883 1011 2151 1083 legisset,
2180 1013 2320 1084 quid
2342 1012 2541 1067 refert
2578 1014 2765 1068 armis
2794 1017 3097 1087 contingat
3121 1018 3333 1088 palma,
3370 1018 3476 1073 d0-

1807 1098 1962 1154 1isve
1975 1099 2003 1153 .9
2014 1101 2837 1173 convertitur,consiliumque
2851 1104 2987 1157 duci
3002 1104 3477 1175 dedit,utibidem

1808 1204 1943 1242 cum
1973 1189 2235 1243 exercitu
2267 1206 2581 1244 remanens
2614 1207 2753 1245 sese
2792 1192 3068 1246 hostibus
3127 1195 3468 1261 ostentaret,

1809 1277 1939 1347 ipse
1971 1277 2202 1331 interim
2235 1293 2368 1332 cum
2399 1281 2631 1333 centum
2664 1283 2720 1334 et
2742 1280 3167 1351 quinquaginta
3188 1281 3475 1337 militibus

1809 1365 2104 1437 Rhegium
2122 1382 2312 1437 usque
2327 1367 3121 1440 progrediens,navibusque
3134 1369 3248 1423 sibi
3263 1369 3475 1424 abinde

1809 1454 1921 1507 sub
1937 1457 2222 1509 nocturna
2234 1456 2440 1509 umbra
2456 1456 2876 1526 contraductis,
2893 1473 3055 1511 mare
3068 1458 3473 1512 nescientibus

1808 1541 2083 1596 hostibus
2115 1545 2432 1611 transiens,
2468 1544 2727 1598 Siciliam
2761 1545 3085 1600 invaderet.
3121 1546 3282 1600 Duce
3306 1562 3470 1616 vero,

1806 1630 2013 1684 timore
2043 1631 2341 1685 amittendi
2378 1633 2638 1702 fratrem,
2690 1633 2803 1686 hoc
2835 1638 3108 1705 negante,
3157 1639 3213 1688 et
3241 1634 3472 1689 dicente

1807 1734 1873 1771 se
1906 1718 1985 1770 nil
2017 1735 2123 1788 per
2154 1720 2352 1773 fratris
2385 1722 2632 1775 mortem
2662 1721 2879 1775 lucrari
2912 1722 3084 1792 velle,
3118 1723 3223 1776 sed
3275 1724 3471 1792 potius

1806 1806 2007 1860 fratris
2040 1807 2216 1860 vitam
2250 1808 2407 1862 omni
2438 1809 2603 1862 lucro
2624 1825 2993 1879 praeponere,
3018 1810 3473 1882 Rhegiumprm-

1805 1894 2034 1949 missus
2064 1896 2319 1950 navibus
2350 1897 2479 1966 ipso
2511 1913 2710 1951 comes
2730 1914 2862 1951 cum
2885 1900 3170 1952 trecentis
3190 1899 3474 1953 militibus

1806 1983 2193 2055 subsecutus,
2226 1988 2289 2039 ut
2320 1990 2558 2055 semper
2587 1986 2789 2040 militia
2819 1990 3360 2057 praesumptuosus,
3414 1990 3471 2042 et

1806 2087 2155 2143 magnarum
2205 2089 2405 2128 rerum
2453 2077 2785 2144 attentator,
2831 2091 2990 2129 mare
3037 2076 3311 2129 incautus
3359 2074 3472 2145 (89)

1806 2159 2084 2213 hostibus
2100 2161 2334 2230 impune
2346 2162 2744 2231 transiens,ad
2758 2162 2951 2216 locum
2967 2163 3066 2233 qui
3080 2163 3473 2217 communiter

1807 2248 2230 2302 Monasterium
2252 2250 2362 2318 (90)
2387 2250 2600 2303 dicitur
2619 2250 2918 2319 applicuit,
2956 2266 3259 2320 navesque
3277 2251 3474 2305 remit-

1806 2338 1960 2404 tens,
1978 2351 2050 2390 ne
2064 2335 2211 2390 forte
2225 2337 2441 2407 aliquis
2457 2353 2699 2391 suorum
2716 2337 2787 2390 ad
2801 2337 2933 2391 illas
2949 2337 3271 2407 refugeret,
3304 2339 3469 2392 Mes-

1807 2440 2012 2479 sanam
2025 2429 2425 2496 oppugnatum
2438 2425 2617 2478 vadit.
2634 2424 2815 2490 Quam
2834 2426 3116 2480 inermem
3136 2426 3466 2496 inveniens,

1807 2530 1941 2567 nam
1984 2512 2330 2583 jamdudum
2377 2514 2728 2568 defensores
2776 2513 2909 2584 ejus
2939 2516 3288 2584 peremerat,
3324 2514 3472 2568 urbe

1808 2604 1973 2671 capta
1992 2604 2189 2655 turres
2209 2604 2265 2654 et
2283 2601 2729 2672 prepugnacula
2751 2600 2885 2672 ejus
2907 2601 3117 2669 diruit;
3142 2617 3295 2672 quos
3316 2602 3475 2655 inve-

1807 2694 2019 2744 nerunt
2032 2689 2377 2756 interfectis,
2404 2690 2759 2760 quibusdam
2778 2705 2919 2744 vero
2931 2690 3004 2743 ad
3027 2689 3471 2744 Panormitanas

1808 2794 1993 2832 naves
2024 2777 2579 2849 transfugientibus,
2631 2794 2783 2832 anno
2811 2778 2884 2833 ab
2914 2779 3320 2834 Incarnatione
3348 2778 3471 2833 Do-

1806 2867 1950 2921 mini
1981 2866 2293 2921 millesimo
2325 2867 2724 2938 sexagesimo.

2433 2953 2684 3008 CAPUT
2738 2954 2839 3008 XI.

1812 3043 2190 3098 Garracenus
2240 3042 2472 3114 quidam
2513 3058 2777 3114 sororem
2824 3043 3143 3097 fusientem
3193 3039 3471 3097 deiicien-

2397 3119 2511 3167 tem
2551 3113 2882 3168 interfecit.

490 3200 958 3295 genialia
972 3200 1260 3294 ius};
1272 3200 1695 3296 “enfasin
1726 3222 1778 3286 ο
1877 3201 2800 3296 Inter{19°89K‘Iuidamiuvenfs
2818 3200 3469 3296 ξίθηοδί¹ἓοῗίδ¹¹ῗ³Μθ⁵·

1807 3308 1969 3346 sanae
1985 3292 2153 3345 urbis
2177 3290 2430 3360 civibus,
2455 3306 2722 3345 sororem
2742 3291 2968 3345 habens
2989 3290 3467 3361 pulcherrimam,

1805 3380 1940 3434 dum
1962 3380 2199 3452 fugiens
2226 3394 2431 3433 secum
2470 3379 2763 3434 adducere
2796 3378 3018 3448 nititur,
3044 3378 3256 3448 puella,
3290 3380 3355 3432 ut
3378 3379 3472 3432 te-

1805 3471 1941 3524 nuis
1973 3468 2342 3541 virguncula,
2376 3471 2432 3522 et
2461 3467 2675 3521 debilis
2706 3470 2951 3537 natura),
2975 3466 3200 3521 laboris
3227 3480 3467 3537 expers,

1804 3558 2014 3612 timore
2047 3561 2105 3612 et
2134 3556 2398 3611 insolitio
2431 3572 2612 3611 cursu
2644 3556 2899 3611 deficere
2930 3556 3124 3627 coepit.
3159 3554 3365 3609 Frater
3394 3554 3468 3608 ad

1804 3646 2006 3718 fugam
2062 3646 2408 3700 dulcissime
2466 3645 2668 3699 verbis
2723 3645 3012 3712 excitans,
3059 3645 3198 3698 dum
3229 3642 3469 3698 minime

1801 3733 2053 3803 proﬁcit,
2103 3734 2334 3787 viribus
2365 3733 2714 3787 exhaustam
2744 3733 2978 3800 videns,
3011 3748 3084 3787 ne
3114 3732 3268 3785 inter
3296 3731 3471 3785 Nort-

1803 3837 2054 3876 mannos
2085 3836 2396 3875 remanens
2432 3822 2505 3873 ab
2539 3820 2735 3891 aliquo
2755 3837 2958 3875 eorum
2985 3822 3470 3889 corrumperetur

1804 3910 2000 3983 gladio
2033 3912 2315 3979 appetens
2345 3908 2659 3963 interfecit.
2694 3908 2766 3961 Et
2796 3910 3070 3978 quamvis
3110 3924 3233 3977 prae
3264 3907 3468 3962 dulce-

1804 3999 1938 4052 dine
1992 3998 2302 4068 languoris
2361 3996 2589 4050 sororis
2648 3995 2925 4066 lacrymis
2982 3997 3465 4066 perfunderet”,

1802 4088 1974 4142 unica
2009 4086 2163 4140 enim
2212 4088 2354 4149 erat,
2403 4082 2605 4137 maluit
2654 4083 2885 4137 sororis
2925 4084 3311 4152 interemptor
3338 4083 3470 4137 ﬁeri

1805 4179 1861 4230 et
1891 4178 2177 4229 mortuam
2228 4174 2368 4227 ﬂere
2419 4187 2591 4243 quam
2624 4187 2798 4225 soror
2836 4171 2991 4241 legis
3023 4185 3149 4223 suae
3179 4170 3466 4239 praevari-

1804 4264 1990 4318 catrix
2021 4264 2205 4331 fieret,
2258 4264 2314 4316 et
2360 4261 2433 4315 ab
2492 4259 2689 4330 aliquo
2740 4259 2872 4331 lege
2908 4275 3014 4313 sua
3044 4273 3161 4312 non
3193 4260 3465 4313 contento

1804 4357 2007 4423 stupra
2017 4354 2197 4406 retur.

2424 4437 2675 4493 CAPUT
2714 4436 2839 4491 X11.

1873 4528 2289 4584 Panormitani
2327 4544 2393 4583 se
2434 4526 2630 4599 elusos
2669 4530 3051 4599 cogoscentes
3087 4525 3392 4581 recedunt.

2334 4600 2463 4654 Duu
2501 4598 2662 4653 liber
2704 4599 2941 4653 transit.

1871 4692 2058 4745 Porro
2103 4688 2524 4757 Panormitani,
2576 4689 2721 4743 urbe
2768 4690 2954 4757 capta,
3000 4701 3067 4740 se
3115 4685 3358 4739 delusos
3391 4681 3463 4737 ab

1802 4780 2078 4834 hostibus
2110 4781 2569 4851 cognoscentes,
2596 4777 2870 4830 timentes
2893 4791 2967 4829 ne
2998 4774 3146 4829 forte
3165 4778 3287 4827 tum
3307 4787 3468 4825 mare

1800 4869 2118 4938 turbatum,
2143 4868 2196 4921 si
2214 4867 2334 4921 illic
2353 4866 2574 4921 diutius
2602 4867 2992 4927 morarentur,
3014 4877 3119 4916 eos
3136 4861 3208 4915 ad
3227 4863 3463 4928 terram,

1805 4960 2065 5028 cogeret,
2082 4960 2138 5010 et
2150 4956 2223 5011 ab
2239 4955 2512 5010 hostibus
2527 4953 3016 5023 Opprimerentur,
3039 4948 3291 5009 confusi,
3312 4947 3464 5011 vela;

1802 5045 1957 5100 unde
1978 5047 2281 5114 venerant,
2302 5044 2648 5098 dirixerunt.
2672 5040 2867 5110 Ipsius
2910 5053 3050 5092 vero
3084 5037 3250 5091 urbis
3282 5039 3466 5106 captaa

1800 5131 2000 5187 claves
2024 5147 2224 5187 comes
2251 5130 2546 5202 Rogerius
2570 5128 2639 5182 ad
2658 5127 2887 5199 .ducem
2916 5125 3274 5191 transmisit;
3308 5138 3468 5180 man-

1868 5309 1980 5380 (85)
2020 5315 2139 5369 Hoc
2169 5308 2382 5363 Kilias.

1869 5380 1982 5457 (8:3)
2021 5386 2299 5457 Namque,
2329 5383 2571 5457 tantum.

2021 5451 2495 5527 Habundantigr.

1870 5517 1981 5593 (88')
2024 5522 2274 5583 A’ocleas
2308 5529 2367 5578 et
2400 5517 2693 5576 Galafros.

1870 5538 1959 5593 (δδ
2024 5538 2274 5583 Λοοιθθε
2308 5538 2367 5578 et
2400 5538 2497 5576 uel

1870 5538 1981 5671 (85))
2020 5598 2083 5671 C.
2116 5599 2182 5652 P.
2217 5592 2497 5652 incautis.

1869 5664 1979 5741 (90)
2029 5670 2247 5725 Trium.
