3982 6164
447 384 605 446 1127

1164 384 1600 445 GAUFREDI
1643 381 2201 444 MALATERR/E
2256 382 2674 446 MONACHII
2721 378 3158 446 BENEDIC’I‘.

3687 390 3816 451 1128

446 585 595 640 dans
614 585 686 654 ei,
710 587 1000 657 quatenus
1019 600 1230 639 secure
1253 585 1582 655 navigando
1601 584 1890 637 acceleret
1907 583 1975 636 ad
2017 598 2104 637 se.
2132 566 2184 629 Ᾱ
2219 584 2361 638 inibi
2393 584 2507 638 sibi
2528 584 2794 654 praelium
2818 586 3171 654 diepositum
3208 584 3525 640 offerretur.
3544 585 3647 639 Sed
3668 603 3778 639 cum
3795 604 3818 638 a

448 673 664 745 Sicque
695 678 843 727 mari
877 674 1153 727 hostibus
1183 673 1682 742 purhato,patenti
1709 672 1935 743 absque
1956 672 2107 741 peri-

449 763 582 817 culo
611 765 881 831 transitu,
916 764 1032 815 dux
1054 780 1182 815 cum
1212 763 1364 816 omni
1389 761 1651 815 exercitu
1674 763 1885 830 placito
1918 777 2099 814 cursu

447 852 851 919 transmeans,
890 852 1220 905 lt-lessanam
1274 853 1451 918 venit,
1494 851 1849 921 fratremque
1896 866 2103 903 sanum

450 939 782 1009 inveniens,
805 957 921 995 non
952 942 1251 993 minimum
1285 940 1592 1010 congavisi
1624 942 1781 993 sunt.

1063 1028 1314 1082 CAI’UT
1347 1029 1500 1082 XIII.

451 1116 587 1171 Dux
617 1123 675 1170 et
706 1132 917 1185 comes,
931 1133 1041 1187 pro
1061 1116 1232 1170 libito
1248 1134 1351 1171 suo
1376 1118 1713 1171 Messanam
1736 1116 2105 1185 ordinantes,

825 1188 1127 1241 Hametam
1161 1189 1466 1242 obsessum
1505 1189 1738 1242 vadunt.

527 1275 730 1330 Rebus
762 1276 956 1346 itaque
980 1277 1110 1331 suis
1127 1293 1235 1346 per
1266 1280 1395 1329 octo
1428 1278 1555 1330 dies
1589 1278 1889 1345 sapienter
1918 1276 2111 1344 dispo-

454 1363 585 1418 sitis
610 1368 666 1418 et
690 1364 838 1419 urbe
860 1381 967 1433 pro
986 1365 1134 1419 velle
1164 1381 1273 1419 suo
1298 1366 1518 1418 firmata
1544 1365 1892 1418 custodibus
1918 1364 2110 1417 diver-

452 1452 833 1523 sis,equestri
846 1454 1112 1507 exercitu
1127 1454 1279 1523 apud
1297 1455 1633 1507 Messanam
1649 1454 1873 1520 relicto,
1890 1469 2109 1507 versus

454 1543 757 1596 Rametam
807 1544 1036 1612 utrique
1091 1543 1306 1596 fratres
1336 1543 1661 1596 intendunt.
1720 1543 2109 1596 llametenses

452 1632 646 1684 autem
677 1630 897 1683 dudum
930 1631 1184 1702 cognito,
1221 1632 1277 1684 in
1310 1648 1490 1700 parva
1520 1647 1693 1684 manu
1726 1630 1983 1683 hostium
2015 1646 2113 1684 eo-

452 1734 713 1787 rumem,
755 1720 1071 1773 maximam
1133 1720 1563 1774 multitudinem
1633 1720 2111 1773 Mcssanensium

453 1808 805 1862 bellatorum
840 1809 1218 1876 occubuisse,
1245 1825 1318 1864 ne
1351 1810 1489 1879 quid
1509 1810 1698 1863 simile
1719 1809 1833 1861 sibi
1865 1808 2110 1877 accidat,

454 1895 905 1950 advenientibus
938 1897 1231 1963 hostibus,
1269 1899 1501 1951 obviam
1536 1899 1717 1951 territi
1757 1899 1985 1969 legatos
2013 1897 2111 1967 qui

455 1999 661 2052 pacem
690 1986 988 2053 postulent
1016 1987 1264 2051 mittunt,
1305 1987 1628 2057 urbemque
1669 1993 1722 2040 et
1754 1988 1989 2057 seipsos
2022 1986 2113 2038 di-

454 2070 598 2125 tioni
629 2072 855 2138 dantes,
892 2072 1058 2126 libris
1092 2075 1533 2143 superstitionis
1568 2076 1719 2145 legis
1751 2091 1881 2129 sum
1915 2090 2113 2128 coram

454 2159 691 2230 positis,
720 2159 1056 2231 juramento
1087 2162 1384 2216 fidelitatis
1418 2164 1669 2217 firmant.

1057 2250 1309 2305 CAPUT
1352 2252 1504 2305 XIV.

461 2336 796 2391 Christiani
823 2338 897 2392 de
940 2338 1100 2392 Valle
1123 2340 1384 2462 Dignian
1406 2342 1675 2394 comitiet
1708 2341 1844 2394 duci
1875 2356 2117 2395 munera

1144 2427 1176 2462 0
1229 2419 1422 2462 erunt.

1144 2419 1422 2465 alterunt.

527 2495 668 2551 Inde
700 2498 771 2552 do
794 2516 1081 2568 prospero
1099 2505 1311 2554 eventu
1332 2517 1464 2555 cum
1501 2502 1752 2556 maxima
1781 2502 1983 2556 laetitia
2014 2517 2114 2555 re-

454 2585 753 2654 cedentes,
788 2592 844 2642 et
872 2588 1168 2643 debilitate
1202 2591 1398 2661 gentis
1439 2591 1703 2661 cognita,
1756 2590 2110 2644 audaciores

459 2674 571 2728 sub
601 2675 986 2744 Scabatripoli
1021 2678 1337 2747 hospitium
1372 2679 1786 2733 sumuntlnde
1820 2681 1875 2731 in
1901 2680 2117 2733 crasti-

458 2778 601 2818 num
620 2764 691 2817 ad
717 2763 1008 2819 Fraxinos
1024 2768 1390 2836 perveniunt,
1407 2767 1478 2820 ab
1494 2767 1766 2821 Fraxiuis
1780 2769 1848 2821 ad
1871 2768 2119 2822 Maniaci

457 2855 708 2923 pratum.
746 2853 850 2907 Hic
883 2855 1202 2909 Christiani
1234 2856 1289 2907 in
1336 2855 1485 2910 valle
1517 2858 1760 2910 Demina
1794 2861 2116 2923 manentes,

462 2941 575 2998 sub
607 2942 957 2997 Sarracenis
985 2944 1275 2998 tributarii
1304 2948 1489 2998 erant.
1525 2946 1608 2999 De
1645 2946 2118 2999 Christianorum

460 3032 715 3087 adventu
737 3033 931 3105 gavisi
963 3033 1080 3086 illis
1111 3037 1517 3102 occurrerunt,
1547 3036 1843 3104 multaque
1871 3034 2121 3088 enxenia

461 3124 519 3177 et
548 3122 790 3176 donaria
815 3123 1171 3193 obtulerunt,
1198 3123 1308 3177 hoc
1331 3124 1732 3177 excusationis
1756 3127 1957 3177 contra
1985 3122 2119 3176 Sar-

459 3226 710 3266 racenos
741 3215 1139 3282 assumentes,
1174 3228 1291 3266 non
1312 3213 1465 3283 quod
1504 3227 1682 3265 causa
1714 3212 1952 3281 amoris,
1988 3210 2117 3278 sed,

459 3303 523 3353 ut
552 3300 789 3369 seipsos
819 3303 1023 3370 etquae
1056 3316 1163 3354 sua
1185 3304 1348 3354 erant
1377 3301 1831 3368 tuerentur,hoc
1860 3299 2123 3354 facerent
2155 3295 2205 3355 Ο

461 3387 827 3443 Fidelitatem
849 3404 991 3443 vero
1024 3405 1192 3443 suam
1224 3390 1340 3443 illis
1382 3390 1778 3443 inviolabilem
1810 3404 1875 3442 se
1909 3405 2120 3443 serva-

458 3480 659 3543 turos;
698 3478 911 3532 fratres
943 3493 1083 3532 vero
1102 3479 1300 3549 utique
1324 3493 1427 3531 eos
1461 3494 1592 3532 cum
1626 3478 1876 3531 maxima
1910 3478 2119 3531 dulce-

461 3566 595 3620 dine
609 3566 1026 3635 suscipientes,
1049 3568 1224 3620 multa
1239 3567 1526 3621 beneficia
1544 3582 1610 3620 se
1634 3567 1751 3620 illis
1778 3567 2119 3635 collaturos,

464 3655 517 3706 si
546 3656 699 3707 terra
733 3670 764 3707 a
797 3654 916 3707 Deo
966 3654 1080 3708 sibi
1115 3656 1489 3723 concedatur,
1526 3656 1884 3724 promittunt.
1920 3656 2018 3708 Sic
2063 3655 2123 3708 in

461 3755 604 3810 pace
636 3740 926 3809 dimissis,
962 3741 1076 3810 ipsi
1098 3741 1477 3797 Centurbium
1525 3758 1713 3814 usque
1745 3743 2117 3812 portendunt.

1080 3828 1331 3885 CAPUT
1361 3831 1489 3885 XV.

638 3936 775 3990 Dux
819 3943 877 3989 et
934 3953 1127 3991 eomes
1171 3937 1557 3992 Centurbium
1590 3944 1938 4009 oppugnant.

534 4023 649 4079 Sed
680 4026 1159 4094 Centurbienses,
1195 4028 1464 4097 quamvis
1496 4028 1899 4082 strenuitatem
1920 4043 2120 4082 eorum

462 4114 960 4185 nonignorarent,
1005 4117 1150 4169 mori
1186 4133 1301 4170 non
1334 4116 1745 4181 abhorrentes,
1783 4133 1915 4169 cum
1963 4115 2122 4169 nullo

462 4202 635 4257 modo
649 4203 874 4258 servire
895 4205 1115 4273 volunt,
1133 4205 1189 4258 in
1221 4205 1566 4260 defensione
1601 4207 1763 4259 urbis
1784 4212 1837 4259 ef.
1860 4221 1967 4258 sua
1983 4220 2121 4274 pro-

461 4293 794 4364 pugnacula
824 4297 1067 4347 armant.
1103 4293 1303 4348 Nostri
1336 4310 1475 4348 vero
1518 4294 1743 4349 fortiter
1775 4308 2125 4364 Oppugnan-

463 4382 553 4435 tes
577 4380 890 4449 civitatem,
926 4398 1059 4435 eum
1089 4382 1358 4435 viderent
1391 4398 1534 4436 suos
1567 4400 1597 4435 a
1626 4382 2037 4436 fundibulariis
2070 4383 2127 4436 et

464 4470 1002 4541 sagittariisvexari
1026 4474 1081 4524 et
1114 4472 1242 4524 sine
1258 4471 1601 4525 detrimento
1636 4486 1879 4523 suorum
1912 4486 2126 4524 versus

462 4559 670 4613 urbem
700 4557 780 4611 nil
810 4573 875 4611 se
907 4574 1087 4628 posse
1111 4561 1416 4628 proiicere,
1452 4560 1522 4613 ab
1557 4560 1991 4630 oppugnatione
2028 4559 2125 4613 de-

2222 674 2697 743 speculatoribus
2717 674 3056 728 Becuminis
3075 674 3404 741 Sarraceni,
3429 675 3523 744 qui
3539 675 3675 744 apud
3694 675 3822 729 Illie-
3904 698 3909 703 ν

2222 763 2382 831 gium
2406 764 2478 815 ad
2501 765 2768 818 comitem
2785 764 3186 836 transfugerat
3208 769 3259 818 et
3281 765 3410 818 illos
3429 764 3573 816 fidus
3595 770 3819 816 comeset

2225 851 2434 905 (luctor
2464 853 2865 919 comitabatur,
2900 853 3247 907 didicissent
3288 853 3502 906 bellum
3532 851 3749 905 necdum
3778 852 3821 904 in

2224 946 2499 1011 promptu
2530 941 2762 1010 haberi,
2819 941 3068 995 interius
3100 942 3560 1012 progredientes,
3606 940 3738 1008 apud
3777 940 3821 993 S.

2228 1029 2483 1083 Felicem
2511 1029 2678 1101 juxta
2712 1033 2949 1100 cryptas
2974 1029 3392 1083 subterraneae
3421 1026 3821 1097 hospitatisunt,

2228 1134 2376 1188 quas
2405 1122 2813 1189 oppugnantes
2836 1119 3089 1171 maxima
3124 1134 3197 1171 ex
3224 1121 3386 1187 parte
3410 1119 3703 1186 caeperunt,
3724 1115 3825 1184 plu-

2226 1206 2394 1259 ribus
2417 1223 2490 1259 ex
2510 1206 2970 1259 inhabitantibus
2990 1207 3105 1259 into
3146 1203 3551 1274 remptis.lnde
3568 1217 3826 1273 progress:

2227 1295 2297 1347 ad
2330 1296 2681 1364 molendina,
2718 1299 2847 1349 ante
2880 1300 3137 1350 castrum
3170 1296 3413 1349 Joannis
3445 1293 3501 1347 in
3532 1293 3644 1362 ripa
3674 1291 3827 1344 ﬂumi-

2227 1384 2501 1453 nis,quod
2525 1383 2727 1453 lingua
2749 1399 2953 1437 eorum
2978 1383 3250 1437 Guededa
3266 1379 3647 1450 dicitur,quod
3666 1378 3824 1431 Latine

2230 1472 2545 1527 resolutum
2568 1472 2732 1525 [Iumi
2737 1473 2830 1525 nis
2840 1471 3078 1543 paludis
3099 1472 3533 1541 interpretatur,
3557 1470 3825 1521 castrame-

2226 1565 2326 1617 tati
2354 1567 2510 1617 sunt.

2825 1650 3076 1704 CAPUT
3102 1648 3280 1703 XVII.

2307 1742 2357 1795 A
2393 1741 2620 1795 nostris
2645 1757 2769 1794 cum
2803 1739 3168 1793 Sarracenis
3192 1736 3466 1809 praelium
3498 1731 3748 1787 efﬁcitur.

2300 1829 2615 1885 Bccliamet
2646 1829 2846 1900 igitur,
2893 1842 3209 1881 numerosa
3244 1825 3649 1878 Africanorum
3675 1819 3827 1873 multi-

2146 1939 2189 1997 Β
2230 1920 2427 1973 tudine
2476 1921 2534 1972 et
2586 1918 2987 1971 Siciliensium
3037 1916 3405 1979 eoadunata,
3456 1911 3661 1965 bellum
3710 1907 3828 1977 quod

2229 2009 2327 2063 diu
2373 2008 2748 2076 disposuerat
2796 2006 3068 2059 hostibus
3100 2003 3288 2071 offert,
3323 2016 3478 2055 anno
3509 1999 3577 2053 ab
3607 1998 3828 2050 lncarna-

2230 2098 2387 2151 tione
2419 2096 2649 2150 Domini
2694 2095 3004 2148 millesimo
3037 2091 3422 2164 sexagesimo
3453 2089 3649 2159 primo.
3691 2085 3831 2137 Porro

2230 2186 2350 2240 dux
2389 2186 2713 2240 exercitum
2758 2182 3192 2253 semipartiens,
3231 2182 3400 2234 erant
3447 2177 3594 2231 enim
3636 2178 3831 2226 tantum-

2232 2275 2404 2328 modo
2439 2274 2815 2345 septingenti,
2850 2276 2906 2326 et
2936 2288 3010 2326 ex
3040 2271 3190 2341 ipsis
3221 2270 3372 2322 duas
3405 2267 3563 2319 acies
3588 2263 3833 2325 ordinans,

2231 2380 2405 2417 unam
2456 2362 2645 2431 fratri,
2698 2366 2758 2416 ut
2794 2361 2997 2432 priori,
3057 2359 3231 2413 sicuti
3266 2356 3385 2411 sibi
3426 2354 3604 2408 moris
3648 2354 3765 2413 erat,
3792 2350 3837 2399 ut

2233 2454 2462 2507 hostem
2516 2452 2685 2507 feriat
2724 2452 2989 2522 delegat;
3023 2450 3150 2519 ipse
3183 2463 3316 2501 cum
3365 2445 3543 2498 altera
3587 2456 3716 2495 suos
3745 2437 3835 2490 ala-

2235 2546 2412 2598 criter
2438 2544 2640 2598 verbis
2686 2538 3054 2596 exhortando
3087 2535 3379 2605 subsequi
3413 2548 3528 2587 non
3558 2528 3738 2583 tardat.
3765 2525 3834 2578 Si-

2233 2635 2449 2687 militer
2500 2632 2833 2697 Bcchamet,
2881 2644 3011 2682 cum
3044 2624 3381 2697 quindecim
3424 2620 3598 2674 millia
3638 2615 3838 2669 armato-

2235 2739 2363 2777 rum
2414 2721 2679 2785 haberet,
2741 2724 2862 2771 tres
2922 2716 3082 2769 acies
3141 2712 3416 2776 instituit,
3475 2724 3602 2762 cum
3667 2703 3838 2774 quibus

2236 2817 2422 2887 primo
2444 2810 2677 2881 quidem
2701 2805 3093 2862 audacissime
3116 2801 3396 2857 hostibus
3428 2804 3843 2858 oceurrens,cer-

2236 2908 2428 2959 tamen
2458 2901 2603 2954 iniit.
2645 2899 2832 2951 Porro
2866 2894 3053 2947 nostri
3098 2892 3157 2944 in
3187 2890 3401 2961 primo,
3436 2902 3507 2941 ex
3538 2897 3705 2943 more,
3738 2893 3840 2930 con-

2236 3008 2458 3066 gressu
2477 2988 2701 3043 fortiter
2717 2983 2945 3056 agendo
2963 2981 3249 3051 plurimos
3266 2969 3842 3066 sternentes,reliquos

2235 3058 2295 3137 in
2328 3082 2528 3151 fugam
2557 3078 2823 3143 vertunt‘=
2857 3087 3007 3143 quos
3039 3065 3340 3132 caedendo,
3378 3058 3842 3151 versus-“Castrum

2236 3147 2482 3226 Joannis
2520 3164 2969 3237 persequentes,
2989 3172 3180 3227 usque
3202 3155 3275 3209 ad
3296 3153 3504 3207 decem
3536 3147 3697 3203 millia
3724 3147 3842 3237 occi-

2236 3259 2465 3315 derunt.
2521 3232 2740 3325 Sicque
2801 3247 3110 3304 victoriam
3138 3244 3350 3314 adepti,
3398 3239 3603 3310 spoliis
3656 3232 3844 3305 quidam

2237 3352 2373 3403 sunt
2402 3345 2562 3401 ditati
2610 3345 2666 3397 in
2698 3344 2921 3397 tantum
2952 3340 3011 3392 ut
3047 3337 3148 3408 qui
3178 3348 3399 3405 equum
3447 3342 3621 3384 unum
3649 3326 3703 3377 in

2238 3439 2315 3492 tio
2346 3434 2685 3508 perdiderit,
2719 3447 2824 3503 pro
2856 3445 2971 3484 uno
3004 3427 3208 3482 decem
3248 3421 3569 3491 recipiens,
3601 3410 3843 3508 consimili

2237 3499 2425 3591 lucro,
2462 3523 2532 3577 ad
2565 3499 2816 3575 similem
2849 3516 3169 3573 exercitum
3203 3510 3490 3565 accedere
3520 3521 3631 3561 non
3657 3499 3843 3555 dubita-

2237 3617 2345 3669 ret.
2404 3613 2466 3665 In
2519 3610 2808 3665 crastrino
2858 3607 3013 3660 enim
3058 3601 3303 3673 propius
3348 3602 3608 3651 castrum
3644 3600 3845 3660 progre-

2237 3703 2467 3768 lientes,
2506 3699 2577 3753 ad
2618 3698 2827 3761 lacum,
2881 3694 2981 3764 qui
3009 3694 3101 3745 est
3148 3689 3298 3742 inter
3329 3689 3591 3740 castrum
3624 3676 3845 3768 Joannis,

2237 3797 2294 3846 et
2328 3764 2638 3844 Iran'euum
2666 3785 2780 3855 (91)
2812 3782 2938 3837 sola
2968 3782 3140 3835 nocte
3171 3774 3471 3846 hospitati,
3505 3772 3596 3826 die
3625 3764 3848 3855 sequenti

2238 3881 2298 3935 in
2332 3882 2549 3946 monte,
2582 3852 2685 3947 qui
2712 3852 3074 3929 Calataxibet
3121 3866 3353 3933 dicitur,
3404 3858 3653 3947 tentoria
3678 3852 3845 3947 figunt.

2238 3969 2355 4024 Sed
2385 3943 2722 4038 quia-mons
2764 3960 3023 4016 strictior
3062 3958 3202 4018 erat,
3251 3957 3309 4008 et
3354 3952 3551 4038 minus
3592 3945 3664 4038 ad
3687 3943 3847 4038 hospi-

2238 4031 2477 4111 tandum
2506 4049 2789 4106 exercitui
2828 4045 3159 4109 sufficiens,
3191 4039 3263 4094 ad
3295 4037 3592 4108 planitiem
3622 4031 3848 4085 Fontium

2239 4143 2622 4199 transierunt.
2670 4138 2884 4191 Comes
2927 4147 3068 4186 vero
3112 4127 3435 4199 Rogerius,
3473 4119 3680 4193 quietis
3705 4119 3849 4182 impl-

2239 4233 2393 4287 tiens
2425 4232 2481 4285 et
2508 4227 2731 4283 laboris
2764 4222 3065 4288 assiduus,
3092 4221 3389 4273 trecentos
3408 4214 3655 4285 juvenes
3683 4215 3849 4299 secum

2241 4324 2467 4376 ducens
2500 4331 2691 4387 usque
2738 4313 3082 4383 Grigentum
3120 4306 3449 4377 praedatum
3483 4306 3539 4355 et
3564 4303 3759 4353 terram
3786 4304 3849 4341 in-

2242 4413 2509 4481 spectum
2524 4407 2702 4473 vadit,
2732 4407 2909 4456 totam
2953 4396 3322 4452 Provinciam
3343 4389 3613 4447 incendio
3643 4395 3850 4481 concre-

2241 4472 2453 4553 mando
2493 4472 2832 4549 devastans.
2878 4489 3022 4542 Cum
3052 4485 3203 4540 redit
3250 4482 3461 4552 spoliis
3493 4483 3548 4533 et
3575 4472 3755 4545 praeda
3779 4476 3851 4522 to-

2240 4592 2361 4642 tum
2411 4584 2735 4639 exercitum
2779 4575 3146 4631 abundanter
3173 4570 3439 4641 replevit.
3486 4568 3597 4621 Per
3628 4570 3851 4616 mensem

464 4648 703 4717 simum?
747 4648 996 4701 minime
1019 4663 1151 4701 cum
1180 4649 1239 4701 in
1263 4649 1531 4717 Pro’dmo
1564 4648 1678 4702 Sibi
1717 4666 1749 4701 ⁸
1779 4648 2126 4701 Sarracenis
2155 4649 2217 4710 υ
2242 4680 2436 4747 itaque
2466 4674 2545 4727 ibi
2577 4670 2987 4742 perdurantes,
3033 4667 3207 4718 totam
3236 4658 3605 4714 Provinciam
3634 4646 3852 4705 diversis

462 4736 682 4791 bellum
740 4736 1043 4789 imminere
1075 4737 1404 4799 audiebant,
1443 4740 1645 4791 contra
1676 4752 1827 4807 quos
1857 4752 2023 4803 suos,
2056 4750 2128 4789 ne

462 4828 821 4880 vexarentur
872 4824 964 4879 vel
1021 4840 1267 4879 numero
1326 4825 1817 4895 diminuerentur,
1886 4840 2131 4879 reserva

458 4914 617 4970 banL

1067 5002 1317 5058 CAPUT
1371 5004 1521 5058 XVI.

465 5091 680 5147 Nostri
722 5110 753 5148 a
783 5092 1037 5165 planitie
1068 5093 1451 5147 Paternionis
1481 5108 1661 5163 super
1691 5092 1931 5146 [luvium
1976 5090 2130 5156 Que-

848 5183 1042 5238 detam
1120 5182 1531 5236 eastrametati
1586 5188 1745 5235 sunt.

538 5268 635 5323 Sic
659 5269 975 5325 Centurbio
1008 5271 1234 5339 relicto,
1270 5272 1326 5323 in
1360 5270 1595 5339 planitie
1629 5269 2000 5323 Poternionis
2029 5284 2129 5321 ca-

467 5359 809 5426 strametati,
840 5361 1085 5413 tentoria
1107 5361 1311 5431 tigunt.
1329 5359 1588 5428 Visaque
1613 5358 1852 5427 planitie
1867 5357 2130 5426 spatiosa

468 5448 666 5517 aptum
712 5446 905 5500 locum
947 5448 1019 5500 ad
1050 5447 1437 5517 praeliandum
1463 5446 1799 5517 judicantes
1838 5459 1944 5513 per
1975 5447 2126 5511 octo,

469 5535 600 5590 dies
657 5534 795 5588 illuc
845 5535 1055 5588 morati
1115 5539 1270 5605 sunt,
1304 5536 1593 5603 volentes,
1634 5537 1757 5588 uta
1787 5531 2131 5586 Sarracenis

543 5752 659 5827 (91)
688 5752 751 5810 C.
786 5754 851 5810 P.
884 5751 1232 5811 Naurcium.

2242 4738 2685 4819 incursionibus
2728 4758 3058 4812 lacerantes
3096 4750 3413 4806 afﬁxerunt
3450 4764 3464 4816 ;
3522 4744 3623 4799 sed
3678 4738 3849 4793 (lustro

2242 4852 2489 4909 Joannis
2533 4849 2770 4904 minime
2808 4842 3263 4915 prmvaluerunt.
3298 4839 3361 4893 In
3408 4838 3537 4907 ipso
3582 4844 3721 4886 anno
3758 4825 3850 4878 dux

2239 4943 2516 4998 Castrum
2547 4937 2729 4993 Marci
2759 4936 2916 4990 fecit.

2827 5021 3078 5077 CAPUT
3111 5019 3317 5073 XVIII.

2242 5120 2505 5191 PrOpter
2546 5116 2802 5191 vicinam
2836 5113 3123 5191 luemnem.
3148 5105 3449 5191 expeditio
3487 5100 3753 5191 solvitur,
3803 5092 3847 5142 ei

2610 5184 2947 5243 Christiani
2985 5176 3258 5236 Trainain
3292 5176 3532 5232 dedunt.

2316 5281 2582 5334 Hicmem
2617 5277 2811 5345 itaque
2851 5272 3102 5324 vicinam
3137 5267 3531 5338 praevidentes
3573 5249 3848 5345 expeditio-

2246 5385 2381 5425 nem
2422 5342 3123 5435 solvunt;—Becuminem
3165 5372 3306 5412 vero
3349 5356 3406 5409 in
3456 5368 3561 5405 sua
3616 5342 3846 5439 fidelitate

2243 5458 2396 5528 apud
2424 5426 2720 5521 Catanam,
2745 5451 2839 5506 sui
2869 5450 3025 5505 enim
3046 5447 3226 5519 juris,
3263 5430 3747 5528 dimittentes,_qui
3771 5426 3847 5521 Si:

2244 5524 2435 5603 ciliam
2453 5544 2683 5600 interim
2702 5542 2980 5609 lacessat;
3000 5537 3115 5610 ipsi
3138 5536 3465 5592 Nessanam
3482 5524 3741 5584 militibus
3766 5530 3843 5585 qu.
