3982 6164
126 293 252 357 1129

1180 291 1586 356 HISTORIA
1626 292 1952 361 SICULA.
2000 330 2078 341 —
2108 296 2273 359 LIB.
2315 297 2373 360 II

3321 309 3478 372 1:30
3519 376 3536 389 ,

121 508 223 547 cam
250 486 563 543 custodiant
590 491 645 541 et
677 487 772 541 his
799 503 930 559 quas
957 471 1243 543 militibus
1265 490 1608 544 necessaria
1640 476 1802 543 fe-K
1824 492 1940 546 tius
1973 493 2255 550 Calabriae
2276 498 2657 566 impertiatur,
2683 503 2934 556 maxime
2958 504 3489 575 quiajuvenculam

117 586 221 636 rent
248 577 575 643 munientes,
613 576 803 631 Pharo
831 580 1208 646 transmeato,
1251 579 1371 632 dux
1402 580 1633 649 quidem
1664 580 1724 633 in

117 666 342 736 Apuliam
396 663 681 716 hiemandi
716 664 907 735 gratia
948 665 1220 733 secessit,
1265 682 1465 719 comes
1490 684 1631 720 vero
1668 668 1724 720 in

116 754 342 809 Calabria
371 754 645 805 remanet.
708 752 899 804 Media
933 768 1073 805 vero
1115 753 1305 806 hieme
1336 753 1487 807 intra
1535 756 1724 808 natale

116 843 324 909 Domini,
356 856 482 893 cum
534 840 802 893 ducentis
847 840 1269 912 quinquaginta
1302 842 1582 896 militibus
1616 844 1722 896 ite-

115 946 220 984 rum
246 943 390 983 mare
420 928 737 997 transiens,
762 944 954 998 usque
982 929 1053 982 ad
1084 928 1487 1000 Grigentinam
1519 932 1722 985 urbem

114 1022 257 1072 totam
270 1016 506 1087 patriam
519 1016 847 1071 sollicitans
869 1018 1188 1086 praedatum
1207 1019 1381 1072 vadit.
1403 1018 1723 1073 Christiani

111 1121 223 1160 vero
271 1104 718 1174 provinciarum,
776 1105 891 1159 sibi
948 1121 1079 1159 cum
1120 1107 1370 1160 maxime
1402 1107 1600 1162 laetitia
1631 1124 1725 1161 ec-

114 1196 394 1262 currentes,
449 1194 508 1246 in
561 1193 759 1247 multis
792 1194 1058 1248 obsecuti
1091 1197 1246 1249 sunt.
1281 1195 1418 1249 Inde
1449 1195 1721 1250 Trainam

111 1282 401 1350 adveniens,
450 1298 482 1334 a
536 1280 891 1337 Christianis
926 1283 1157 1337 civibus
1191 1284 1290 1354 qui
1333 1299 1462 1337 eam
1504 1284 1722 1338 incele-

109 1372 220 1425 bant
245 1385 363 1423 cum
383 1368 598 1441 gaudio
619 1374 956 1440 susceptus,
972 1371 1179 1448 urbem
1196 1373 1388 1442 intrat,
1420 1388 1528 1442 pro
1545 1372 1724 1426 velle-

107 1474 195 1530 que
244 1474 341 1512 suo
388 1458 690 1529 ordinans,
750 1459 970 1514 ibidem
1014 1460 1222 1514 Natale
1281 1460 1512 1514 Domini
1566 1462 1718 1515 cele-

105 1547 380 1617 brant(92)'
663 1617 914 1674 CAPUT
942 1620 1095 1674 XIX.

376 1707 586 1762 Comes
618 1708 911 1778 Rogerius
934 1724 1175 1763 uxorem
1216 1708 1397 1761 ducit.

156 1795 236 1848 Sic
262 1796 484 1867 legatus
517 1797 753 1866 quidam
788 1813 820 1849 a
850 1795 1122 1850 Calabria
1153 1797 1398 1849 veniens
1432 1796 1720 1850 nuntiavit

103 1884 329 1937 abbatem
369 1885 693 1939 Rebertum
740 1884 801 1938 S.
834 1884 1174 1953 Euphemiae
1205 1900 1234 1936 a
1280 1884 1658 1938 Nertmannia
1689 1902 1720 1938 a

105 1970 286 2024 Delicia
313 1972 440 2041 (93),
477 1988 687 2028 sorore
728 1989 856 2042 sua,
886 1975 1057 2042 nepte
1089 1974 1584 2026 Nertmannerum
1617 1989 1720 2028 oe-

102 2060 269 2112 mitum
296 2060 487 2114 adnita
546 2060 656 2129 (94)
682 2062 957 2115 mandare
977 2062 1091 2114 sibi
1122 2064 1180 2114 ut
1202 2062 1490 2115 acceleret
1506 2079 1720 2116 versus

100 2149 295 2215 nuptias
327 2148 735 2202 celebrandas.
767 2149 933 2213 Quod
964 2164 1162 2204 comes
1198 2150 1444 2203 audiens
1478 2151 1721 2205 multum

97 2235 413 2290 exhilaratus
461 2241 604 2290 erat.
665 2238 931 2308 Denique
963 2253 1037 2291 ex
1082 2239 1262 2292 multo
1295 2243 1555 2307 tempore
1589 2256 1717 2293 eam

99 2325 326 2393 cupiens,
358 2325 635 2395 speciosa
666 2326 880 2396 quippe
920 2330 976 2379 et
1003 2327 1271 2395 praeclari
1306 2328 1545 2398 generis
1574 2332 1719 2397 erat,

95 2413 274 2480 quanto
298 2412 548 2466 celerius
562 2413 765 2482 potuit,
790 2429 1008 2467 versus
1038 2413 1369 2467 Calabriam
1400 2414 1714 2482 repedans,

94 2500 172 2553 diu
199 2501 432 2571 capitam
465 2501 719 2572 puellam
748 2501 940 2555 visum
971 2502 1055 2555 ire
1087 2502 1392 2570 accelerat,
1444 2502 1717 2555 veniens-

98 2604 187 2656 que
214 2589 266 2642 in
313 2590 525 2644 vallem
574 2590 905 2645 Salinarum
959 2588 1093 2659 (95).
1127 2591 1280 2659 apud
1311 2590 1370 2643 S.
1408 2590 1719 2644 Martinam

95 2676 306 2745 puellam
322 2679 581 2749 legitime
595 2680 1009 2747 desponsatam
1033 2678 1291 2732 Melitam
1315 2694 1445 2732 cum
1466 2680 1717 2733 maxime

92 2766 410 2820 musicorum
441 2773 735 2822 concentu
766 2767 1086 2836 deducens,
1119 2767 1256 2821 illuc
1292 2767 1588 2822 solemnes
1621 2782 1719 2821 nu-

90 2853 213 2921 ptias
232 2856 563 2910 celebravit.

681 2925 931 2980 CAPUT
959 2927 1087 2981 XX.

120 3028 299 3085 Comes
327 3048 472 3104 ergo
514 3032 736 3103 nuptiis
757 3031 1082 3086 celebratis
1128 3032 1188 3085 in
1218 3032 1484 3086 Siciliam
1522 3032 1683 3085 vadit

143 3117 345 3181 Quibus
375 3120 827 3186 consummatis,
847 3120 1183 3190 aliquandiu
1207 3136 1339 3173 cum
1364 3136 1547 3174 uxore
1567 3135 1717 3173 cem-

85 3210 328 3276 moratus,
364 3224 484 3279 quo
517 3209 776 3262 animum
814 3209 1143 3263 intenderat
1174 3209 1445 3262 oblivisci
1477 3209 1711 3261 minime

80 3297 267 3361 potuit;
324 3298 433 3352 sed
486 3298 754 3351 exercitu
782 3300 1060 3366 apparate
1102 3297 1423 3367 Rogerium
1453 3296 1715 3367 armige-

80 3397 183 3435 ram
209 3384 312 3453 (96)
351 3401 564 3441 secum
594 3402 667 3439 ex
696 3389 862 3455 parte
894 3385 1142 3453 ducens,
1169 3385 1492 3455 juvencula
1524 3386 1582 3437 in
1613 3384 1713 3437 Ca-

81 3469 239 3526 labria
259 3474 528 3538 dimissa,
562 3475 777 3528 iterum
805 3473 1064 3528 Siciliam
1094 3474 1331 3541 invadit,
1368 3474 1545 3526 nullis
1577 3488 1714 3541 per-

81 3560 428 3616 suasionibus
452 3562 834 3633 lacrymantis
852 3563 1062 3617 uxoris
1090 3562 1387 3616 detentus.
1423 3564 1472 3614 Α
1497 3560 1713 3616 Catana

79 3645 243 3716 itaque
272 3649 592 3704 Becumine
614 3649 943 3703 Sarracene
975 3663 1083 3718 per
1110 3650 1364 3720 legatum
1396 3651 1712 3729 arcessito,

77 3748 249 3788 secum
278 3737 507 3792 ducens
538 3737 934 3808 Petrelegium
967 3737 1285 3791 obsessum
1318 3739 1492 3792 vadit.
1529 3740 1713 3795 Porro

72 3823 209 3877 cives
230 3840 302 3879 ex
330 3827 500 3895 parte
522 3826 840 3880 Christiani
862 3828 919 3880 et
945 3841 1019 3879 ex
1037 3828 1202 3896 parte
1223 3826 1555 3897 Sarraceni,
1573 3844 1711 3883 cen—

73 3910 186 3965 silio
210 3912 459 3968 invicem
512 3914 730 3980 habite,
765 3928 968 3984 pacem
999 3929 1131 3967 cum
1164 3915 1374 3969 comite
1406 3914 1708 3986 facientes,

71 4003 303 4054 castrum
333 4018 597 4073 seseque
611 4002 814 4057 ditioni
832 4018 958 4057 sum
980 4002 1285 4057 dederunt.
1307 4002 1519 4058 Comes
1541 4020 1707 4075 vero,

74 4092 305 4143 castrum
337 4107 445 4161 pro
481 4090 646 4145 libito
683 4107 792 4145 suo
817 4091 1078 4162 firmans,
1104 4091 1385 4145 militibus
1403 4095 1460 4145 et
1490 4093 1707 4161 stipen-

70 4173 244 4231 diariis
260 4180 557 4244 muniens,
590 4179 857 4233 Trainam
890 4180 1249 4250 venit,quam
1281 4179 1551 4234 similiter
1580 4197 1711 4234 mu-

76 4264 223 4317 niens
280 4267 682 4336 Becuminem,
714 4270 778 4321 ut
823 4267 1102 4337 Siciliam,
1164 4269 1505 4323 lacessitum
1553 4272 1609 4322 et
1637 4270 1710 4323 ad

68 4364 210 4405 suam
252 4355 563 4408 utilitatem
612 4356 964 4424 applicatum
1004 4357 1194 4425 vadat,
1230 4357 1612 4426 exhortatus;
1650 4357 1709 4411 in

70 4438 307 4495 Calabria
337 4458 408 4497 se
435 4442 796 4497 desideranti
813 4446 869 4498 et
900 4445 970 4498 de
1004 4445 1192 4498 salute
1221 4445 1411 4515 ipsius
1442 4445 1711 4499 sollicitae

73 4530 217 4582 uxori
248 4546 385 4585 sese
416 4535 880 4601 repraesentans,
917 4533 987 4587 de
1029 4534 1283 4587 adventu
1314 4549 1422 4587 suo
1454 4549 1569 4588 non
1599 4534 1709 4587 mi-

66 4615 257 4672 nimum
286 4619 628 4677 laatiﬂcavit.

642 4690 893 4746 CAPUT
950 4692 1103 4745 XXI.

290 4778 506 4834 Comes
534 4796 566 4833 a
597 4780 745 4835 duce
790 4780 949 4835 irate
986 4781 1177 4834 animo
1204 4782 1456 4837 recedit.

123 4861 381 4920 Castrum
402 4867 911 4937 itaquenullumin
956 4883 1133 4935 sua,a
1165 4868 1363 4923 fratris
1421 4872 1709 4939 potestate

65 4958 283 5025 excepto
314 4956 451 5011 sele
482 4956 700 5025 Melite,
744 4955 971 5010 habens
996 4973 1027 5009 a
1060 4956 1259 5025 fratre,
1316 4961 1374 5012 ut
1405 4958 1562 5029 quod
1594 4959 1706 5012 sibi

65 5044 415 5111 promiserat,
452 5044 686 5114 quando
718 5044 791 5098 ab
822 5044 1028 5099 Scalea
1058 5046 1131 5099 ab
1164 5046 1294 5115 ipso
1327 5047 1608 5101 invitatus
1639 5048 1709 5102 ad

60 5128 289 5187 invicem
310 5131 685 5188 reconciliati
717 5135 872 5202 sunt,
908 5133 1278 5190 medietatem
1310 5134 1585 5190 videlicet
1619 5138 1709 5190 te-

120 5253 224 5324 (92)
260 5258 328 5311 P.
361 5256 429 5310 C.
457 5256 807 5311 celebravit.

120 5324 224 5394 (93)
262 5327 329 5381 In
349 5328 531 5382 dicta.

121 5394 226 5463 (94)
268 5397 521 5452 Comitis
548 5396 821 5451 adducta.

122 5465 224 5534 (95)
262 5467 327 5521 C.
365 5467 431 5520 P.
470 5466 817 5521 Salmarum.

117 5534 222 5609 (99)
259 5537 612 5609 Haurigvm-

119 5604 225 5680 (ρῖ)
261 5604 525 5680 Mittens
554 5608 647 5680 ad,
672 5611 783 5664 etc.

117 5676 228 5744 (98)
262 5679 358 5735 Ac
388 5694 536 5734 cum.

320 5779 581 5836 Paraen.
643 5777 898 5838 CXLIX.

1825 595 2068 635 uxorem
2108 585 2338 650 exinde,
2390 589 2451 640 ut
2501 592 2630 658 pote
2684 589 2952 658 puellam,
3009 594 3124 645 tam
3181 595 3499 663 praeclaris

1826 674 2010 722 ortam
2050 673 2361 743 natalibus,
2397 676 2674 731 decenter
2700 679 2903 732 dotare
2936 680 3194 749 volebat,
3228 683 3496 752 requirit.

1826 756 1956 810 Dux
2001 762 2193 813 autem
2243 765 2514 831 quamvis
2544 766 2792 832 pecunia
2848 767 3072 837 largus,
3110 769 3165 821 in
3216 770 3499 825 distribu-

1827 845 1982 926 tione
2016 847 2249 916 quidem
2282 854 2572 906 terrarum
2603 854 3026 925 aliqumtulum
3074 857 3307 926 parcior
3353 861 3497 926 erat,

1827 919 2183 1006 fratremque
2241 955 2347 1007 per
2402 919 3498 1013 ambages-differendo-pretrahebat.

1828 1022 2015 1076 Porro
2074 1039 2275 1078 comes
2330 1025 2529 1080 fratris
2591 1030 2964 1084 calliditatem
3000 1032 3258 1085 animum
3293 1032 3501 1087 adver-

1827 1111 1978 1180 tens,
2010 1128 2081 1165 ne
2139 1113 2360 1168 diutius
2392 1115 2640 1171 fallaciis
2686 1120 2849 1187 passi
2880 1120 3206 1188 sustinens,
3242 1136 3349 1190 per
3377 1137 3500 1175 me-

1827 1198 2007 1253 liores
2047 1201 2225 1255 tetias
2279 1202 2504 1272 Apuliae
2537 1205 2609 1257 ad
2640 1205 2750 1274 (97)
2797 1208 3081 1262 rationem
3121 1210 3303 1278 ponit,
3340 1210 3500 1279 quod

1826 1287 1943 1341 sibi
1986 1289 2346 1357 promissum
2402 1292 2590 1346 fuerat
2648 1298 2967 1362 expetens:
3029 1300 3203 1366 atque
3243 1295 3354 1366 (98)
3387 1313 3498 1352 nec

1825 1376 1903 1429 ita
1952 1377 2203 1447 proficit,
2261 1378 2599 1451 foedareque
2657 1382 2768 1451 (99)
2825 1385 2981 1437 inter
3010 1400 3076 1438 se
3111 1388 3302 1455 rupto,
3340 1385 3493 1440 irate

1825 1465 2017 1520 animo
2040 1482 2072 1518 a
2094 1466 2274 1520 fratre
2298 1470 2537 1538 recedit,
2572 1471 2948 1542 Melitumque
2963 1473 3207 1526 veniens
3232 1475 3495 1527 castrum

1821 1554 2071 1607 viriliter
2101 1554 2387 1609 firmavit:
2449 1557 2818 1628 optimesque
2874 1557 3024 1629 (100)
3054 1559 3271 1613 milites
3300 1560 3492 1613 unde—

1822 1658 2053 1712 cunque
2104 1642 2237 1710 sibi,
2284 1643 2345 1696 in
2378 1643 2577 1698 fratris
2609 1645 2881 1698 damnum
2916 1647 3137 1700 ducens
3169 1647 3342 1716 (101).
3376 1646 3494 1702 Sed

1821 1731 2092 1799 quamvis
2125 1747 2265 1801 erga
2306 1747 2371 1785 se
2422 1732 2655 1786 fratrem
2708 1750 2881 1789 suum
2912 1733 3059 1802 (102)
3093 1750 3273 1805 agere
3328 1738 3491 1805 patu-

1753 1820 1942 1902 Blum
2000 1823 2180 1885 esset,
2234 1819 2589 1890 legalitatem
2644 1825 2834 1875 tamen
2885 1839 3051 1875 suam
3083 1839 3354 1892 servans,
3386 1840 3495 1894 per

1822 1908 2205 1979 quadraginta
2246 1908 2373 1961 dies
2421 1925 2454 1961 a
2484 1908 2684 1963 fratris
2717 1910 2936 1981 injuria
2966 1911 3266 1980 abstinuit,
3314 1927 3387 1965 ne
3436 1912 3493 1965 si

1823 1997 1971 2051 forte
1995 1996 2147 2050 infra
2171 1997 2325 2049 hunc
2354 1998 2668 2051 terminum
2700 2014 2843 2070 erga
2877 2015 2941 2052 se
2975 2000 3317 2069 respiceret,
3340 2000 3489 2069 ipse,

1822 2088 1921 2158 qui
1953 2088 2023 2142 de
2055 2086 2269 2156 injuria
2303 2087 2792 2155 cenquerebatur,
2838 2088 3032 2157 potius
3090 2086 3349 2158 injurias
3384 2088 3493 2141 ha-

1820 2177 1948 2230 beri
1978 2177 2377 2231 vindicaretur
2404 2177 2572 2244 (103),
2602 2177 2827 2230 malens
2880 2176 3059 2246 hujus
3091 2174 3492 2230 dissensionis

1820 2266 2170 2336 injuriesam
2200 2265 2429 2334 culpam
2446 2267 2502 2318 in
2534 2264 2773 2318 fratrem
2802 2268 2998 2335 potius
3029 2280 3202 2335 quam
3226 2267 3283 2320 in
3314 2279 3381 2318 se
3399 2277 3493 2316 re-

1822 2353 2080 2424 torqueri
2093 2394 2105 2407 .

2421 2440 2672 2496 CAPUT
2704 2443 2886 2497 XXII.

2178 2549 2473 2603 Becumen
2505 2550 2566 2602 in
2599 2549 2809 2603 Sicilia
2844 2549 3154 2603 occiditur.

1900 2641 2195 2692 Becumen
2227 2653 2367 2692 vero
2398 2652 2504 2707 per
2531 2638 2789 2692 Siciliam
2826 2638 3067 2702 vadens,
3116 2637 3289 2690 sicuti
3318 2654 3351 2692 a
3382 2653 3489 2692 co-

1827 2728 1961 2782 mite
1994 2731 2539 2797 regatus,quosque
2571 2730 2798 2795 poterat
2827 2726 2898 2779 ad
2912 2725 3248 2779 ﬁdelitatem
3268 2728 3494 2780 nostrae
3548 2747 3556 2753 ·

1824 2817 2019 2887 gentis
2048 2816 2335 2885 applicat;
2367 2816 2585 2884 quibus
2618 2830 2757 2868 vero
2789 2815 2982 2867 minus
3013 2814 3375 2883 persuadere
3392 2829 3493 2884 pe-

1820 2906 1987 2969 terat.
2022 2905 2188 2974 ipsos
2210 2902 2750 2974 impugnatienibus
2771 2917 2985 2955 vexare
3008 2917 3125 2955 non
3147 2901 3491 2957 desistebat.

1821 2995 1894 3047 At
1947 3009 2078 3047 cum
2138 3008 2353 3046 versus
2413 2994 2671 3045 castrum
2753 2990 3052 3044 Antulium
3109 2989 3276 3059 (104),
3332 2990 3496 3059 quod

1822 3082 2115 3152 quondam
2173 3096 2349 3134 suum
2397 3080 2607 3147 fuerat,
2663 3078 3074 3132 debellandum
3128 3085 3490 3146 properaret,

1734 3170 2027 3247 _cNichei
2077 3169 2313 3239 quidam
2341 3167 2649 3238 potentior,
2686 3167 2865 3219 castri
2897 3163 3191 3234 quendam
3222 3162 3494 3233 ejusdem

1822 3258 2161 3312 Becuminis
2194 3256 2384 3323 miles,
2428 3254 2487 3308 in
2517 3254 2649 3306 dole
2683 3253 2864 3306 verba
2907 3253 3149 3321 pacifica
3183 3251 3488 3320 mandans,

1821 3351 1883 3400 ut
1914 3362 2044 3400 cum
2077 3344 2282 3414 paucis
2314 3361 2346 3397 a
2377 3342 2504 3396 suis
2527 3344 2812 3409 semotus,
2840 3340 3285 3394 Antaliensibus
3317 3339 3490 3409 quasi

1820 3433 2189 3489 reconciliari
2248 3431 2604 3499 volentibus,
2639 3430 2767 3483 loco
2800 3428 3184 3484 determinate
3229 3428 3490 3482 locutum

1823 3525 2016 3578 veniat
2059 3522 2312 3575 mandat.
2360 3520 2460 3573 Ille
2511 3535 2674 3585 vero,
2708 3518 2846 3588 quia
2867 3517 2992 3587 jam
3024 3517 3272 3586 plurima
3302 3516 3488 3573 bene-

1822 3611 1954 3665 ficia
1982 3611 2101 3663 illis
2130 3609 2251 3679 jam
2291 3607 2531 3675 dudum,
2574 3621 2705 3660 cum
2737 3621 2941 3659 secum
2969 3605 3120 3659 bene
3153 3608 3338 3672 erant,
3356 3618 3491 3657 con-

1822 3699 2052 3767 tulerat,
2097 3698 2292 3750 minus
2334 3694 2599 3748 fraudem
2631 3692 2970 3763 suspicatus
2996 3688 3124 3762 lque
3157 3694 3213 3744 et
3242 3690 3491 3760 qualiter

1824 3787 1940 3842 sibi
1985 3785 2386 3850 mandabatur,
2446 3782 2649 3836 venire
2679 3796 2796 3834 non
2826 3780 3071 3835 distulit.
3107 3779 3489 3834 Antulienses

1823 3877 2036 3945 itaque,
2099 3871 2410 3926 consilium
2465 3884 2764 3922 veneneso
2806 3868 2981 3922 corde
3030 3868 3177 3920 duce
3240 3867 3489 3921 Nichele

1823 3964 2167 4030 conceptum
2214 3957 2599 4027 reperientes,
2652 3971 2868 4024 equum
2898 3955 3029 4024 ejus
3058 3954 3331 4026 primitus
3362 3953 3488 4024 spi-

1825 4051 1955 4105 culo
2001 4047 2381 4117 transﬁgant,
2416 4059 2488 4097 ne
2540 4058 2767 4109 sessor,
2806 4046 2867 4096 ut
2899 4042 3015 4096 sibi
3044 4044 3234 4111 primo
3269 4042 3489 4096 vulnus

1823 4140 2016 4193 datum
2043 4136 2211 4205 foret,
2245 4133 2449 4187 fraude
2481 4133 2819 4201 intercepta,
2855 4145 3005 4199 eque
3045 4145 3190 4183 sane
3239 4130 3487 4183 liberius

1822 4243 1955 4281 cum
1974 4224 2217 4278 vulnere
2240 4222 2567 4292 aufugeret.
2600 4219 2814 4288 Sicque
2847 4233 2998 4287 equo
3030 4217 3261 4287 dejecte
3292 4217 3489 4286 ipsum

1819 4315 1991 4369 etiam
2021 4314 2080 4365 in
2110 4315 2265 4364 terra
2289 4308 2711 4369 cenfodientes,
2739 4322 2869 4360 cum
2901 4305 3190 4376 sanguine
3221 4303 3488 4357 ultimum

1819 4403 1953 4456 vitae
2010 4401 2208 4454 ﬂatum
2263 4398 2539 4452 exhalare
2612 4394 2897 4448 fecerunt.
2958 4392 3127 4457 Quod
3180 4391 3486 4445 audientes

1747 4488 2188 4590 nNertmanni,
2249 4487 2349 4558 qui
2405 4485 2555 4554 apud
2614 4484 2885 4538 Trainam
2940 4485 2996 4535 et
3031 4479 3386 4590 Petrelajam

1819 4583 2012 4635 castra
2061 4597 2091 4632 a
2143 4578 2352 4632 comite
2406 4575 2665 4645 deputati
2707 4576 2891 4641 erant,
2953 4571 3206 4625 maxime
3248 4570 3483 4638 turbati,

1820 4669 1954 4740 ejus
2011 4667 2167 4722 enim
2224 4666 2458 4720 nomine
2486 4662 2766 4733 praesidia
2824 4676 2998 4731 quam
3053 4659 3303 4712 maxime
3354 4660 3486 4712 tue-

1813 4758 2049 4826 bantur,
2077 4754 2289 4809 castris
2318 4753 2566 4819 relictis,
2599 4751 2936 4805 Messanam
2966 4749 3038 4803 ad
3068 4747 3349 4801 tuendum
3378 4760 3486 4799 va-

1819 4846 1981 4901 dunt

2384 4928 2634 4982 CAPUT
2709 4926 2916 4981 XXIII.

1820 5040 1955 5093 Dux
1967 5038 2218 5092 fratrem
2234 5037 2500 5090 comitem
2523 5033 2673 5106 apud
2683 5034 2953 5087 Miletum
2976 5032 3281 5087 obsessum
3301 5029 3483 5085 vadit.

1891 5128 2024 5181 Dux
2055 5142 2194 5180 vero
2214 5125 2453 5179 fratrem
2485 5141 2517 5177 a
2546 5140 2613 5178 se
2634 5124 2969 5177 recessisse
2990 5122 3197 5187 iratus,
3225 5118 3486 5174 exercitu

1888 5254 2001 5322 (99)
2077 5250 2337 5322 Eaedem
2367 5249 2516 5320 quod
2536 5249 2699 5301 inter
2725 5262 2792 5302 se
2818 5245 3137 5302 habebant.

1889 5324 2037 5393 (100)
2081 5321 2342 5393 Optimos
2376 5334 2613 5390 quoque.

1889 5391 2037 5465 (101)
2081 5391 2445 5465 Conducens.

1890 5462 2038 5533 (103)
2080 5462 2385 5533 IIl/ustum.

2077 5479 2678 5606 ἑῳὲῗῗῖῗάἱοατθιιιν.

1913 5538 2038 5606 103)
2077 5538 2141 5591 C.
2172 5538 2238 5585 ι).
2280 5538 2397 5586 1nd.

1887 5538 2038 5681 (104)
2074 5601 2397 5664 Antelium.

2644 5765 2735 5823 36.
