4074 6150
518 321 669 383 1131
1262 312 1695 379 GAUFREDI
1742 308 2293 373 MALATERRIE
2335 307 2725 371 MONACHI
2771 309 3214 375 BENEDICT.

3743 315 3873 375 1l32

527 529 911 599 congregato,
972 539 1107 577 eum
1165 521 1319 590 apud
1348 518 1608 572 Melitam
1660 517 1980 571 obsessum
2013 513 2191 583 vadit,
2229 498 2282 561 Α
2312 512 2385 566 ad
2444 513 2680 566 domum
2712 513 2770 565 in
2825 527 2939 581 qua
2987 514 3129 581 erat,
3163 527 3293 565 cum
3324 511 3539 566 furenti
3570 512 3764 582 impetu
3791 512 3914 565 illum

524 632 678 670 anno
733 611 1151 668 incarnationis
1212 609 1441 661 Domini
1499 604 1654 659 1062.
1710 604 1921 658 Comes
1982 605 2194 668 autem,
2310 601 2620 655 extrahere
2677 601 2915 654 vadunt.
2977 600 3078 654 Ille
3138 617 3276 654 vero
3334 602 3435 671 qui
3490 602 3686 654 dacem
3746 602 3913 653 invita-

528 703 799 777 qaamvis
831 705 967 755 tunc
1025 699 1306 767 temporis
1344 700 1476 765 typo
1529 694 1778 747 febrium
1832 695 2197 763 gravaretur,
2314 694 2496 757 verat,
2530 690 2881 759 impietatem
2927 689 3258 742 conciviam
3306 704 3548 742 suorum
3604 705 3913 759 cognoscens

529 792 682 861 apud
713 790 1023 845 Gcracium
1055 789 1204 841 enim
1253 784 1606 855 quibusdam
1659 782 1914 851 negotiis
1948 796 2013 832 se
2065 779 2200 833 illuc
2316 783 2371 831 et
2419 778 2645 831 viribus
2701 779 2772 831 ad
2822 778 3248 831 restituendam
3297 777 3592 845 difﬁdens,
3641 778 3762 829 dum
3810 794 3909 829 ver-

530 877 883 931 vocantibus
917 878 1057 941 erat,
1117 874 1213 926 ubi
1272 871 1507 925 insolito
1549 885 1681 922 acre
1740 872 2015 936 corrupto
2072 868 2201 936 ipse
2321 884 2426 919 sus
2478 868 2791 919 ecclesiam
2842 866 3136 936 profugus
3196 866 3369 919 vitam
3430 866 3577 919 tueri
3623 866 3815 931 nititur,
3839 882 3914 934 pa-

532 966 914 1019 nihilominus
944 963 1291 1028 infirmatus,
1326 958 1613 1028 quosdam
1647 957 2201 1023 suerumamiserat,
2325 955 2433 1007 trio
2490 970 2633 1007 ense
2682 955 3002 1007 confossus
3060 955 3353 1008 occubuit.
3394 955 3553 1007 Uxor
3596 969 3800 1023 quoque
3825 954 3918 1020 ejus

534 1057 727 1108 tamen
776 1052 961 1115 fratri,
1015 1056 1075 1103 at
1123 1049 1278 1102 hosti
1338 1048 1612 1113 venienti,
1650 1047 1703 1097 in
1767 1047 1979 1108 monte,
2014 1046 2112 1115 qui
2144 1046 2202 1097 S.
2329 1060 2459 1096 cum
2516 1046 2669 1096 tanta
2725 1043 3014 1112 impietate
3046 1059 3078 1095 a
3110 1043 3239 1096 suis
3288 1042 3520 1096 civibus
3562 1046 3828 1095 atlractata
3858 1048 3918 1094 est

537 1142 751 1212 Angeli
808 1140 1039 1204 dicitur,
1102 1137 1386 1189 acerrime
1437 1135 1727 1202 occurrit;
1790 1135 2105 1202 multisque
2137 1149 2210 1185 ex
2331 1137 2389 1185 ut
2412 1131 2629 1199 stipite,
2663 1130 2734 1183 ab
2768 1132 2895 1200 ipso
2928 1147 3100 1199 anno,
3136 1148 3326 1201 usque
3358 1132 3431 1184 ad
3465 1130 3920 1199 prteeordiatrans-

542 1230 800 1283 fraterna
831 1228 954 1279 acie
996 1226 1193 1278 hastili
1224 1225 1456 1291 robore,
1491 1223 1725 1275 militari
1748 1238 2080 1293 congressu
2114 1223 2212 1276 de-
2334 1222 2445 1273 lixa
2495 1220 2803 1273 inhonesta
2848 1225 3032 1274 morte
3074 1221 3248 1272 vitam
3291 1220 3622 1284 terminare,
3657 1220 3917 1287 cogeretur.

537 1317 738 1388 jectis,
766 1332 837 1369 ne
870 1316 927 1367 iii
959 1315 1088 1382 ipso
1122 1316 1332 1375 monte,
1378 1313 1470 1364 vel
1500 1316 1656 1364 certe
1689 1311 1744 1362 iii
1768 1311 2078 1380 adjacenti,
2113 1309 2218 1380 qui
2334 1307 2458 1372 Quo
2490 1308 2639 1373 viso,
2675 1309 2723 1360 si
2758 1307 2876 1360 dux
2904 1308 2975 1360 de
2997 1308 3113 1360 vita
3144 1308 3504 1377 desperavit,
3538 1306 3827 1360 mirandum
3842 1320 3923 1357 non

553 1403 982 1460 Mons-Viridis
1016 1402 1247 1467 dicitur,
1283 1404 1565 1467 castrum,
1598 1401 1751 1452 sicut
1775 1400 2213 1469 disposuerant,
2337 1399 2446 1464 est,
2483 1396 2814 1465 praesertim
2838 1412 2971 1448 cum
2999 1397 3237 1450 videbat
3268 1398 3458 1450 civem
3500 1412 3531 1449 a
3562 1396 3789 1460 civibus,
3822 1410 3922 1444 ami-

549 1497 750 1567 ﬁgant,
812 1494 1024 1560 impetu
1088 1490 1239 1543 facto
1301 1488 1540 1558 longius
1589 1492 1767 1541 arcet.
1818 1488 1976 1541 Urbe
2024 1489 2219 1558 itaque
2340 1486 2567 1544 camab
2591 1483 3924 1554 amicis,praelatosasubditis,absquereeorila.

551 1586 824 1649 obsessa,
885 1596 957 1633 ex
1002 1583 1246 1646 utraque
1278 1580 1438 1645 parte
1471 1577 1708 1630 ambitio
1747 1577 1939 1630 laudis
1970 1582 2025 1630 et
2049 1576 2225 1646 juve'
2338 1577 2494 1633 tione
2524 1576 2778 1647 alicujus
2810 1576 3200 1645 praecedentis
3228 1574 3529 1638 beneﬁcii,
3562 1590 3685 1627 cum
3713 1577 3839 1624 tanto
3862 1571 3922 1623 fu-

554 1672 695 1726 nilis
718 1674 861 1724 aetas
893 1670 1097 1737 plures
1134 1667 1203 1718 ad
1238 1665 1496 1717 militiam
1535 1667 1924 1718 exercendam
1958 1666 2226 1734 impelle-
2342 1683 2479 1722 rore
2534 1666 2759 1720 crudeli
2816 1680 2960 1718 ense
3018 1664 3245 1733 perimi.
3305 1663 3433 1716 Stat
3496 1662 3641 1715 inter
3685 1660 3923 1714 furentium

552 1763 696 1824 bat;
745 1759 898 1811 unde
957 1772 1089 1807 cum
1144 1754 1344 1821 plures
1379 1754 1707 1807 militariter
1746 1755 2229 1824 pregrediuntur:
2344 1757 2602 1810 hostium
2661 1754 2937 1807 minantia
2991 1753 3106 1807 tela
3162 1752 3334 1805 miles
3397 1750 3656 1816 inermis,
3710 1748 3924 1817 quendam

549 1849 793 1919 juvenis
825 1846 1082 1915 quidam,
1122 1842 1417 1894 Ariialdus
1452 1843 1708 1911 nomine,
1742 1858 1815 1896 ex
1850 1849 2011 1911 parte
2046 1845 2231 1897 comi—-

2372 1846 2665 1898 nultorum
2721 1842 2964 1895 millium
3024 1841 3278 1895 hostium
3341 1839 3676 1905 debellator,
3715 1836 3924 1889 leoninae

561 1938 658 2005 tis,
697 1951 880 2005 gener
909 1934 1122 2002 quippe
1157 1947 1304 1984 suus
1338 1936 1393 1983 et
1450 1930 1992 2001 fraterjuveneulaa
2027 1933 2233 1987 uxoris

561 2029 706 2091 erat,
743 2024 835 2075 vir
864 2020 1221 2074 militaribus
1252 2020 1551 2073 exercitiis
1585 2024 1776 2089 aptus,
1806 2020 1944 2073 dum
1975 2021 2233 2093 dejicere

564 2115 763 2179 tentat,
825 2109 1115 2180 dejectus,
1150 2109 1306 2178 quod
1347 2109 1515 2161 dolor
1545 2112 1635 2161 est
1686 2109 1901 2173 dicere,
1938 2110 2232 2164 occubuit.

565 2199 1149 2268 Undeperniaximus
1182 2198 1733 2265 doloretplanctus,
1768 2213 1884 2250 non
1914 2198 2105 2251 solum
2144 2199 2237 2252 bis

564 2289 782 2360 quibus
835 2286 1070 2356 adjutor
1127 2289 1268 2352 erat,
1304 2289 1705 2339 verumtamen
1756 2285 1849 2339 bis
1896 2286 2057 2355 quia
2090 2285 2236 2339 foris

564 2375 1014 2446 impugnabant,
1050 2373 1333 2427 excrevit.
1369 2374 1453 2425 Ac
1485 2374 1620 2426 dum
1662 2389 1855 2441 soror;
1898 2389 2029 2425 cum
2062 2375 2238 2426 multa

567 2465 983 2519 lamentatione
1006 2463 1325 2530 exsequias
1359 2462 1690 2529 celebrans,
1741 2461 1939 2529 funus,
1974 2465 2034 2514 ut
2069 2462 2235 2515 dece-

574 2552 693 2616 bat,
722 2552 1084 2619 exsequitur,
1108 2564 1328 2617 comes,
1362 2550 1460 2618 qui
1506 2565 1622 2603 non
1655 2550 1846 2602 minus
1880 2565 2088 2602 sorore
2146 2549 2242 2602 do-

569 2640 747 2707 lebat,
780 2640 835 2690 in
859 2639 1174 2691 vindictam
1196 2638 1599 2691 exardescens
1617 2637 1881 2708 juvenis,
1908 2654 2243 2709 congressu

575 2728 636 2780 in
667 2728 897 2780 hostem
931 2726 1083 2779 facto
1113 2726 1329 2779 multos
1361 2725 1692 2779 militariter
1732 2729 2004 2780 sternens
2038 2728 2242 2782 interi-

576 2815 697 2868 mit.
747 2815 878 2867 Dux
927 2813 1140 2883 itaque,
1202 2814 1411 2867 videns
1442 2814 1657 2868 talibus
1710 2816 2244 2885 congressionibus

578 2917 724 2957 suos
763 2902 1020 2972 quotidie
1054 2902 1257 2955 vexari
1288 2908 1344 2956 et
1397 2904 1589 2956 minus
1648 2904 1955 2973 proﬁcere,
1991 2904 2107 2958 duo
2145 2921 2245 2959 ca-

578 2991 750 3046 stella
798 2994 929 3044 ante
973 2990 1179 3044 urbem
1211 2991 1483 3061 ﬁrmavit,
1533 2995 1747 3061 putans
1799 2994 1953 3047 tadio
1999 2996 2056 3048 et
2097 2995 2248 3047 fame

579 3081 668 3134 sic
718 3095 824 3134 eos
868 3079 1106 3133 facilius
1133 3096 1312 3148 posse
1342 3080 1519 3134 afﬁci.
1554 3081 1767 3135 Comes
1798 3098 1961 3151 vero,
1994 3083 2124 3152 ipsa
2148 3097 2247 3135 ca-

580 3167 749 3222 stella
782 3169 1039 3239 quotidie
1071 3169 1400 3237 lacessens,
1437 3184 1568 3223 cum
1600 3170 1812 3224 ducem
1864 3171 1924 3224 in
1957 3185 2073 3225 uno
2109 3187 2248 3225 esse

582 3256 827 3325 sciebat,
862 3256 1111 3310 alterum
1133 3257 1509 3327 Oppugnabat
1541 3276 1554 3322 ;
1591 3274 1723 3311 cum
1747 3275 1885 3313 vero
1915 3260 1989 3313 ad
2028 3259 2085 3312 id
2115 3275 2250 3313 suc-

584 3345 942 3399 currendum
966 3346 1171 3400 venire
1203 3346 1456 3413 videbat,
1491 3346 1589 3399 illo
1622 3348 1821 3401 relicto
1866 3365 1972 3417 per
1999 3350 2253 3403 mediam

582 3433 837 3487 civitatis
891 3433 963 3485 ad
1010 3433 1167 3485 aliud
1211 3433 1518 3502 transibat,
1565 3435 1652 3487 sic
1683 3436 1923 3490 assidue
1957 3441 2255 3491 certamen

580 3521 851 3577 localiter
879 3520 1199 3575 alternans.

1159 3628 1410 3682 CAPUT
1465 3630 1673 3684 XXIV.

594 3734 803 3789 Comes
861 3732 1207 3811 Geraciam__
1234 3735 1557 3811 traditione
1588 3737 1788 3811 capit,
1851 3744 1908 3792 ct
1958 3739 2081 3793 dux
2108 3740 2260 3811 apud

1132 3804 1433 3860 Giracium
1465 3807 1595 3877 capi
1601 3804 1715 3861 tur.

670 3912 856 3967 Nocte
887 3927 1032 3967 vero
1061 3913 1311 3981 quadam
1342 3912 1602 3968 Melitam
1633 3930 1765 3968 cum
1798 3917 2030 3970 centum
2060 3916 2261 3970 militi-

592 4002 707 4055 bus
728 4001 935 4055 exiens
952 4000 1260 4055 Geracium
1291 4002 1469 4069 venit,
1496 4003 1819 4074 urbemque
1852 4005 1966 4058 sibi
1999 4006 2070 4058 ab
2104 4006 2261 4058 inco-

596 4089 672 4143 lis
704 4089 973 4143 traditam
1002 4090 1339 4160 ingressus,
1376 4090 1436 4144 in
1467 4106 1613 4145 suos
1648 4108 1797 4147 usus
1828 4094 2065 4163 aptavit.
2099 4091 2265 4157 Quod

596 4177 717 4232 dux
773 4178 1039 4247 audiens,
1088 4179 1343 4232 maxima
1386 4180 1476 4234 ira
1519 4180 1801 4249 repletus,
1858 4180 2099 4234 castella
2131 4197 2262 4250 quae

592 4269 726 4320 ante
758 4266 1021 4320 Melitam
1034 4267 1663 4322 ﬁrmaveratmilitibus
1686 4270 1979 4337 muniens,
2002 4272 2266 4324 cumtoto

596 4353 860 4407 exercitu
916 4370 1132 4408 versus
1181 4354 1492 4409 Geracium
1549 4360 1715 4409 extra
1760 4357 1968 4411 urbem
2021 4358 2268 4411 tentoria

595 4442 741 4496 ﬁxit.
775 4442 1145 4496 Geracenses
1176 4444 1415 4513 quidem
1438 4445 1911 4515 sibijamdudum
1934 4446 2270 4500 ﬁdelitatem

596 4530 971 4600 juraverant;
1012 4546 1130 4584 non
1163 4535 1357 4586 tamen
1393 4534 1616 4599 urbem,
1668 4537 1729 4587 at
1770 4551 1873 4602 pro
1948 4536 2110 4589 libito
2161 4550 2270 4589 suo

599 4620 881 4687 uteretur,
903 4618 1302 4689 reddiderant,
1348 4636 1437 4689 ne,
1472 4622 1523 4673 si
1557 4623 1701 4675 forte
1725 4623 2030 4676 castellum
2064 4625 2120 4676 in
2143 4624 2272 4692 ipsa

602 4706 882 4775 firmaret,
916 4723 1023 4776 pro
1056 4708 1206 4761 velle
1249 4725 1359 4763 suo
1392 4725 1595 4763 omnes
1625 4727 1880 4779 prorsus
1917 4712 2274 4783 subjugatos

601 4795 864 4849 haberet.
903 4795 1036 4848 Dux
1056 4811 1215 4858 vero,
1239 4798 1547 4865 quemdam
1571 4799 1641 4852 de
1660 4800 2089 4868 potentioribus
2109 4800 2277 4854 urbis

604 4888 807 4938 notum
838 4883 1086 4952 habens,
1121 4886 1356 4939 nomine
1389 4886 1690 4955 Basiliam,
1726 4889 1798 4941 ab
1832 4889 1961 4957 ipso
1994 4888 2066 4941 ad
2096 4904 2277 4957 pran-

600 4972 765 5026 dium
813 4971 1115 5039 invitatus,
1167 4974 1410 5041 capucio
1470 4976 1656 5043 capite
1689 4979 1963 5044 cooperto
2021 4991 2093 5029 ne
2127 4974 2278 5030 forte

610 5061 746 5131 quis
778 5065 939 5115 esset
971 5062 1397 5130 perciperetur,
1425 5063 1628 5117 urbem
1654 5064 1989 5133 ingressus,
2023 5064 2094 5117 ad
2123 5065 2283 5134 pala-

609 5150 753 5202 tium
771 5150 929 5204 illius
947 5151 1117 5204 solus
1137 5156 1463 5203 comestum
1483 5153 1657 5204 vadit.
1678 5152 1802 5215 Quo
1821 5154 2119 5223 ingresso,
2144 5154 2282 5207 dum

610 5237 692 5288 nil
721 5237 857 5289 mali
888 5240 1230 5308 suspicans,
1267 5239 1516 5292 necdum
1557 5240 1686 5293 cibo
1717 5245 1937 5309 parato,
1972 5242 2283 5311 colloquiis

616 5322 827 5377 Melitae
858 5328 1065 5381 uxoris
1098 5327 1256 5382 illius
1287 5329 1388 5398 qui
1412 5344 1478 5382 se
1501 5328 1847 5383 invitaverat
1876 5332 2155 5397 uteretur,
2189 5346 2285 5384 ur-

615 5408 896 5464 bicenses
927 5429 1033 5481 per
1062 5417 1371 5485 quemdam
1402 5416 1683 5471 famulum
1715 5417 1945 5485 domus,
1967 5417 2177 5471 ducem
2200 5418 2285 5469 in-

615 5495 706 5549 fra
726 5496 929 5550 urbem
953 5516 1087 5554 esse
1109 5508 1563 5574 cognoscentes,
1590 5506 1953 5560 traditionem
1973 5505 2281 5574 suspicati,

615 5602 735 5641 non
785 5585 1089 5640 minimam
1119 5593 1442 5649 turbantur.
1482 5595 1750 5666 Undique
1795 5594 2283 5649 concurrentibus

609 5678 737 5733 tota
770 5676 920 5733 urbs
969 5676 1367 5750 tumultuatur,
1400 5698 1723 5754 omnesque
1768 5685 1824 5739 in
1856 5700 2018 5738 arma
2047 5673 2286 5736 ruentes

2352 1933 2732 1999 ferocitatem,
2786 1947 2918 2000 quae
2967 1930 3083 1983 sibi
3139 1929 3311 1999 quasi
3343 1925 3753 1997 quodammodo
3795 1924 3925 1976 innata

2352 2025 2493 2090 erat,
2528 2020 2585 2073 in
2633 2020 2908 2091 agninam
2965 2018 3336 2071 transferens
3369 2013 3849 2069 mansuetudinem.
3884 2013 3927 2061 At

2353 2127 2486 2164 cum
2519 2110 2741 2162 videret
2784 2108 3177 2177 sapientiores
3208 2120 3504 2176 quosque,
3564 2104 3636 2156 ita
3666 2102 3752 2171 qui
3777 2101 3927 2155 exitum

2352 2200 2437 2254 rei
2469 2196 2890 2269 praenotabant,
2924 2196 2997 2248 ad
3030 2194 3325 2248 hocinniti
3360 2196 3424 2246 ut
3456 2186 3930 2245 inerdinatumturo-

2355 2303 2479 2342 rem
2528 2285 2872 2340 indoctioris
2926 2283 3089 2354 vulgi
3120 2285 3178 2337 et
3205 2282 3408 2336 minus
3440 2278 3817 2351 prospicientis
3840 2273 3927 2344 quid

2356 2376 2553 2430 damni
2601 2374 2816 2445 quidve
2869 2374 3039 2440 lucri,
3100 2373 3153 2424 si
3220 2370 3616 2435 occideretur,
3663 2364 3933 2436 proveniret-

2357 2466 2549 2518 animo
2598 2462 3019 2533 aliquantulum
3076 2458 3643 2528 resumpto,talibas
3672 2470 3761 2508 eos
3791 2450 3931 2504 verbis

2358 2552 2572 2623 alloqui
2630 2552 2884 2605 adersas
2937 2552 3061 2603 est:
3111 2549 3325 2617 Nolite,
3363 2549 3570 2617 inquit,
3636 2542 3788 2598 nolite
3815 2552 3934 2606 super

2358 2641 2765 2696 abundantiori
2799 2639 2997 2693 laetitia
3030 2638 3314 2691 fallaciter
3347 2635 3571 2720 extolli,
3597 2650 3664 2687 ne
3682 2626 3932 2720 retalisfor-

2356 2736 2497 2787 tuna
2512 2730 2683 2784 vobis
2697 2730 2767 2782 ad
2782 2744 3050 2798 praesens
3065 2727 3359 2790 arridens,
3378 2718 3521 2778 mihi
3543 2726 3721 2776 autem
3739 2718 3932 2772 adversa.
3986 2782 3987 2805 ἒ

2361 2820 2650 2874 arrisione
2682 2834 2788 2871 sua
2840 2816 3011 2870 vobis
3043 2815 3320 2869 indicium
3355 2814 3643 2883 praenotet
3678 2811 3731 2863 in
3755 2807 3935 2860 futurum
3986 2848 3987 2891 ᾗ

2361 2909 2647 2963 liabendm
2697 2906 3092 2974 adversitatis,
3157 2919 3289 2957 cum
3320 2903 3486 2955 nulla
3519 2901 3761 2971 potestas
3784 2895 3935 2958 absque
3986 2898 3987 2974 ἶ

2363 2999 2560 3052 divina
2592 2996 2980 3065 dispositione
3010 2993 3228 3047 nemini
3259 2992 3629 3045 attribuatur.
3658 2985 3767 3050 Quo
3787 2978 3936 3052 judicio

2362 3088 2419 3141 in
2452 3103 2542 3141 me
2565 3090 2911 3156 potestatem
2931 3082 3198 3137 habeatis
3222 3080 3379 3150 apud
3399 3095 3509 3133 vos
3534 3080 3688 3145 ipsos
3706 3065 3936 3141 reputando

2366 3177 2647 3231 conferte.
2710 3174 2831 3228 Nec
2890 3172 3043 3226 enim
3085 3170 3306 3225 vestris
3340 3168 3574 3221 viribus
3605 3175 3833 3235 praesens
3851 3167 3937 3209 esse

2366 3266 2687 3336 perductus
2745 3278 2912 3330 sum;
2968 3260 3074 3314 sed
3130 3272 3321 3328 neque
3357 3272 3493 3328 ego,
3528 3258 3589 3309 ut
3616 3252 3767 3306 vobis
3791 3241 3935 3342 aliquid

2367 3332 2502 3410 inali
2564 3353 2999 3408 machinaretur
3057 3350 3379 3419 ingressus
3412 3360 3567 3399 sum.
3628 3342 3736 3394 Vos
3781 3332 3939 3406 quidem

2371 3446 2515 3499 mihi
2562 3443 2896 3498 ﬁdelitatem
2956 3438 3221 3504 fecistis;
3272 3451 3389 3505 ego
3439 3449 3579 3488 vero
3618 3427 3757 3502 quod
3783 3426 3938 3521 pactum:

2372 3534 2544 3589 vobis
2575 3531 2821 3602 promisi
2851 3531 2910 3583 in
2941 3527 3102 3583 nullo
3133 3540 3227 3579 me
3256 3524 3523 3578 violasse
3571 3528 3849 3589 cognosco.
3870 3504 3937 3561 Sed

2375 3624 2522 3678 forte
2554 3621 2713 3676 istud
2743 3618 2915 3673 vobis
2969 3617 3041 3670 ad
3075 3614 3380 3669 utilitatem
3413 3615 3666 3664 vestram
3706 3608 3789 3658 aut
3824 3611 3940 3663 expe-

2354 3680 2643 3767 trientiam
2669 3692 2916 3779 contigit
2943 3708 3006 3760 ut
3032 3705 3235 3758 vestra
3286 3700 3565 3766 ﬁdelitas,
3598 3694 3756 3765 cujus
3789 3682 3941 3779 stabili.-
3984 3718 3985 3721 η

2375 3801 2509 3855 tatis
2539 3801 2615 3854 sit
2644 3814 2676 3852 a
2707 3776 2883 3852 nobis
2913 3793 3171 3865 cognita,
3205 3806 3315 3844 vos
3366 3788 3542 3843 nobis
3571 3779 3890 3872 gratiosiores
3910 3776 3941 3821 et
3984 3806 3985 3872 ἒ

2374 3890 2615 3959 praemio
2646 3886 2949 3956 digniores
2974 3882 3311 3951 praesentet.
3338 3874 3713 3947 Totlmillibus
3732 3864 3941 3963 hominum

2461 3980 2472 3985 -
2596 3976 2631 3985 ..
2876 3972 2933 3985 ς..
3299 3973 3308 3985 ι
3332 3982 3343 3985 Α
3372 3982 3407 3985 ,ξ
3450 3961 3753 3985 ᾼ-212ι-..ζιλυι
3771 3962 3942 3985 ηηιηηπιο

2376 3980 2477 4032 uni
2524 3976 2638 4032 soli
2694 3972 3027 4039 casualiter,
3062 3986 3177 4025 non
3219 3973 3417 4022 autem
3449 3961 3753 4019 militariter
3770 3961 3942 4009 circum.

2377 4069 2686 4135 veniendo,
2750 4064 3072 4130 intercepto
3127 4058 3372 4124 foedere,
3412 4052 3662 4118 mentito,
3707 4042 3940 4135 etabqu

2379 4133 2755 4213 dissensione
2773 4154 2952 4206 vitam
2974 4149 3210 4203 auferre
3232 4145 3395 4199 nulla
3416 4144 3545 4198 laus
3567 4142 3670 4193 est.
3689 4133 3785 4189 Sed
3802 4136 3941 4194 nequel

2380 4250 2441 4301 ut
2472 4262 2629 4314 reor,
2680 4244 2960 4314 quantum
2991 4238 3063 4292 de
3103 4251 3195 4289 me
3241 4234 3418 4287 vobis
3448 4227 3658 4299 aliquid
3690 4220 3942 4314 pﬁiﬁeuutl;
3982 4300 3983 4303 η

2382 4337 2543 4391 Mors
2567 4292 2720 4387 enim
2752 4346 2879 4384 mea
2906 4328 3118 4398 jugum
3150 4323 3346 4395 gentis
3381 4335 3525 4374 meae
3554 4330 3664 4370 non
3690 4308 3858 4399 anteit,
3882 4292 3943 4399 είίδ

2381 4426 2441 4479 in
2472 4422 2788 4476 vindictam
2821 4390 3012 4471 mean;
3039 4414 3211 4468 vobis
3242 4411 3584 4465 infestiores
3635 4390 3941 4456 exardescebl-

2382 4515 2529 4568 Sunt
2562 4510 2813 4578 denique
2844 4505 2987 4559 mihi
3008 4500 3341 4557 ﬁdelissimi
3378 4498 3620 4559 milites,
3650 4488 3769 4543 sunt
3787 4481 3942 4578 iratis-‘3

2385 4605 2522 4657 sunt
2540 4595 2989 4667 consanguinei,
3006 4591 3245 4662 quibus,
3267 4588 3319 4641 si
3332 4585 3459 4657 perj
3469 4580 3680 4671 arando
3698 4588 3790 4671 vos
3808 4576 3943 4671 nteit?!

2386 4610 2522 4657 sunt
2540 4610 2989 4667 consanguinei,
3006 4610 3245 4662 quinas,
3267 4610 3319 4641 sl
3333 4610 3459 4657 ρυιιι
3471 4610 3680 4638 “NW”
3705 4610 3790 4671 "f"
3809 4610 3899 4621 ””“”

2386 4696 2619 4743 vestras
2641 4701 2769 4739 meo
2802 4682 3113 4753 sanguine,
3139 4674 3491 4747 pollueritis,
3509 4669 3654 4724 nulla
3669 4666 3790 4718 ratio
3809 4661 3941 4759 τέ’(φί

2392 4779 2590 4833 ciliare
2643 4744 3058 4845 peterit;vsed
3106 4771 3162 4821 et
3204 4765 3539 4832 ubicunque
3568 4763 3816 4811 terrarum
3833 4744 3941 4845 113:“

2390 4831 2564 4921 vobis
2621 4831 2835 4916 factum
2884 4831 3280 4928 'personuerit,
3315 4831 3681 4921 opprobrium
3723 4831 3943 4933 sempiter-

2395 4971 2554 5021 nam,
2585 4952 2822 5021 propter
2856 4925 3134 5018 perjuria,
3186 4956 3318 4995 cum
3345 4938 3499 4993 omni
3532 4925 3945 5021 successiones:

2393 5009 2558 5099 neris
2575 5009 2760 5095 vestri
2778 5036 3111 5097 incurretis,
3127 5029 3459 5101 praesertim
3474 5025 3523 5078 si
3537 5022 3655 5075 sine
3668 5009 3945 5107 disetlssltl‘f

2395 5130 2628 5203 aliquod
2650 5126 3061 5199 praejudicium
3090 5131 3420 5189 perpessus
3454 5114 3611 5203 fuere
3631 5084 3946 5203 8301115121:

2390 5176 2511 5276 bas1
2554 5176 2796 5279 verbis,“
2830 5211 3165 5268 faventibus
3217 5207 3331 5260 sibi
3365 5192 3783 5284 sapientioribus

2394 5270 2653 5380 ignobile
2675 5270 2914 5375 vulgus,
2947 5298 3198 5355 tumultu
3223 5293 3452 5393 sedato,
3473 5290 3667 5393 duceni
3685 5270 3935 5393 i:

2395 5363 2581 5451 duonec
2604 5394 2743 5465 quid
2776 5363 2846 5447 de
2878 5363 3007 5460 ipse
3023 5383 3353 5441 faciendum
3385 5380 3461 5434 sit
3474 5371 3753 5431 consilium
3767 5363 3936 5424 ωριθων

2395 5488 2634 5556 ponunt
