4074 6150
166 219 304 283 1133

699 429 950 487 CAPUT
980 435 1166 491 XXV.

137 509 181 564 A
208 511 484 568 militibus
512 514 679 570 ducis
706 534 917 590 comes,
956 529 1015 576 ut
1045 524 1229 579 fratri
1259 533 1586 597 succurrat,
1614 528 1766 582 invi-

847 599 1024 647 tatur.

197 670 492 728 Exercitus
523 677 716 747 itaque
735 679 925 749 ducis,
960 684 1056 752 qui
1082 688 1242 738 extra
1270 690 1495 755 portam
1516 688 1763 740 tentoria

134 758 333 829 fixerat,
382 762 580 817 audito
613 766 821 821 ducem
868 769 1015 839 (105)
1054 773 1151 824 tali
1202 774 1520 828 infortunio
1568 776 1626 829 in
1663 792 1762 829 ca-

134 849 361 934 ptionem
378 850 524 920 (106)
543 852 867 925 detrusum,
904 859 1417 930 undique'turbati,
1456 864 1591 916 dum
1625 865 1761 934 quid

134 933 435 990 faciendum
459 940 538 992 sit
569 942 901 998 dubitantes
919 946 1073 1000 inter
1093 964 1159 1001 se
1190 949 1508 1019 disputant,
1528 933 1760 1006 tandem

133 1024 333 1077 meliori
381 1027 632 1083 consilio
674 1036 944 1101 accepto,
997 1051 1104 1103 per
1142 1038 1371 1107 legatos
1425 1041 1621 1093 comiti
1676 1043 1762 1095 rei

131 1117 373 1167 eventum
391 1114 665 1172 intimare
688 1118 835 1189 (107)
856 1122 1204 1177 accelerant.
1236 1125 1510 1180 Sciebant
1545 1129 1760 1198 quippe

129 1202 452 1271 legalitatem
483 1206 665 1260 animi
714 1208 869 1277 ejus,
916 1213 972 1263 et
1015 1214 1285 1281 quamvis
1331 1217 1759 1271 contentionem

128 1303 290 1358 suam,
331 1294 657 1360 expetendo
703 1312 920 1351 versus
951 1298 1190 1353 fratrem
1233 1301 1486 1371 aliquam
1519 1308 1754 1358 contro-

127 1378 380 1445 versiam,
417 1382 777 1453 ostenderet,
802 1388 994 1439 tamen
1024 1387 1083 1440 in
1115 1390 1588 1445 consideratione
1619 1408 1756 1446 con-

126 1466 531 1537 sanguinitatis,
568 1470 805 1525 fratrem
838 1489 1010 1527 suum
1042 1475 1210 1545 (108),
1255 1480 1315 1529 ut
1347 1478 1589 1533 fratrem
1624 1481 1756 1533 (lili-

124 1568 264 1623 gere,
294 1557 349 1608 et
376 1554 699 1611 fraternam
728 1559 905 1614 vitam
948 1563 1007 1615 in
1039 1566 1196 1618 tanto
1227 1565 1567 1621 discrimine
1598 1569 1753 1636 posi-

120 1642 218 1692 tam
263 1647 522 1712 ereptum
572 1646 659 1700 ire
710 1649 865 1701 omni
913 1651 1029 1704 sibi
1074 1652 1229 1705 illata
1280 1653 1495 1723 injuria
1542 1656 1753 1722 oblita,

1230 236 1633 301 HISTORIA
1677 240 2004 305 SICULA.
2057 278 2129 289 —
2170 243 2331 307 LIB.
2378 246 2459 309 II.

3379 244 3542 311 1134

1793 426 1846 489 Α
1881 443 2093 497 oliveta
2119 445 2316 497 vestra
2354 443 2854 512 exstirpabuntur.
2897 445 3056 501 Urbe
3072 449 3272 500 vestra
3300 464 3331 501 a
3362 450 3538 506 nobis

1883 531 2157 599 obsessa,
2184 532 2668 586 machinamentis
2686 535 3001 603 apparatis,
3024 536 3180 588 nulla
3201 540 3402 591 contra
3426 554 3540 595 nos

1881 619 2160 688 praesidia
2192 620 2526 673 tuebuntur.
2563 621 2683 674 Vos
2714 621 2766 673 si
2798 621 2960 674 inviti
2984 623 3312 694 capiamini,
3345 641 3538 696 poenae

1879 723 2010 776 quae
2043 707 2200 760 hosti
2225 709 2708 776 repromittuntur
2725 712 2781 762 et
2809 710 3053 763 vobisin
3081 710 3211 778 ipso
3235 716 3541 780 repromit-

1875 797 2089 848 tentur.
2129 795 2252 847 Hac
2285 797 2547 849 oratione
2590 797 2785 850 habita
2817 797 3188 852 Geracenses
3219 800 3426 869 territi,
3459 802 3534 854 li-

1877 884 2063 936 centia
2096 888 2353 953 accepta,
2399 884 2457 935 in
2488 885 2692 937 urbem
2735 886 3082 939 concivibus
3128 887 3256 941 suis
3288 886 3535 943 relaturi

1884 976 1939 1024 et
1970 971 2278 1025 consilium
2310 972 2527 1041 pariter
2548 973 2845 1041 accepturi
2879 974 3116 1027 vadunt.
3142 974 3359 1044 Sicque
3390 990 3535 1030 con-

1875 1060 2008 1112 silio
2038 1062 2302 1128 accepto,
2337 1060 2499 1112 dubii
2531 1064 2722 1114 utrum
2753 1075 2825 1113 ne
2856 1076 2922 1113 ea
2954 1077 3088 1130 quae
3125 1077 3157 1113 a
3185 1063 3396 1116 comite
3427 1079 3534 1118 au-

1872 1147 2105 1201 dierunt
2134 1163 2206 1200 ex
2238 1148 2545 1215 industria,
2594 1151 2654 1200 ut
2687 1149 2924 1202 fratrem
2957 1148 3184 1217 eripiat,
3233 1152 3330 1203 aut
3372 1153 3531 1206 certe

1869 1251 1941 1288 ex
1974 1251 2113 1289 vero
2142 1236 2274 1289 odio
2306 1236 2660 1303 dicerentur,
2687 1235 3086 1305 juramentum
3116 1252 3148 1289 a
3180 1237 3327 1290 duce
3359 1252 3535 1306 expe-

1866 1325 2014 1392 tunt,
2066 1340 2156 1390 ne,
2214 1325 2265 1377 si
2301 1325 2374 1377 ab
2423 1324 2574 1393 ipsis
2624 1324 2947 1393 dimissus,
2997 1325 3287 1377 fraternas
3335 1325 3528 1379 minas

1866 1412 2092 1479 evadat,
2125 1412 2264 1465 dum
2298 1412 2414 1465 sibi
2460 1412 2573 1463 vita
2608 1427 2806 1465 comes
2842 1412 3036 1480 fuerit,
3089 1411 3397 1465 castellum
3424 1412 3527 1466 ali-

1865 1499 2018 1568 quod
2075 1499 2226 1551 infra
2284 1499 2577 1552 civitatem
2627 1515 2795 1551 suam
2844 1500 3078 1552 firmare
3148 1498 3340 1552 faciat.
3397 1497 3524 1563 Quo

1864 1588 2234 1641 sacramento
2276 1587 2473 1639 minus
2506 1587 2916 1640 discernentes
2950 1587 3323 1639 calliditatem
3351 1585 3524 1639 ducis

1863 1675 2091 1743 decepti
2139 1676 2310 1739 sunt;
2358 1690 2488 1727 nam
2540 1673 2697 1743 quod
2745 1674 2863 1727 dux
2892 1690 2957 1727 se
2991 1690 3106 1727 non
3156 1677 3524 1727 structurum

121 1730 307 1797 quovis
336 1731 502 1786 lucro
529 1750 898 1805 praaponere,
942 1738 1209 1794 invitabit
1233 1740 1380 1810 (109)
1412 1743 1673 1812 fratrem,
1696 1749 1748 1798 ul

121 1815 263 1847 (min:
294 1820 346 1847 ε..
380 1823 690 1847 ...ιι-.--ιεΑ-
735 1825 877 1847 Ill!“
925 1828 1111 1847 _A-:i-
1196 1844 1253 1847 __,
1313 1830 1381 1847 un
1428 1846 1437 1847 η
1512 1831 1535 1847 ιι
1695 1833 1710 1847 «ι

1866 1762 2097 1831 juravit,
2136 1778 2336 1816 comes
2368 1774 2483 1815 non
2506 1762 2740 1832 jurans,
2766 1778 2883 1815 non
2910 1762 3086 1815 multo
3119 1764 3254 1830 post
3282 1761 3401 1814 illis
3420 1761 3522 1815 do-

120 1815 266 1871 fratri
291 1820 349 1872 in
379 1823 691 1893 angustias
733 1825 881 1895 (110)
925 1828 1139 1894 posito,
1190 1830 1469 1883 auxilium
1507 1831 1752 1886 ferendo
1793 1815 1822 1847 L

120 1905 418 1977 subveniat,
470 1910 546 1964 de
578 1914 1008 1982 controversia,
1062 1931 1194 1985 quae
1228 1917 1378 1970 inter
1408 1919 1576 1989 ipsos
1607 1925 1748 1990 erat,

118 1992 245 2048 duce
275 2000 490 2067 erepto,
523 1997 634 2068 jus
664 2003 951 2068 teneatur,
1001 2017 1139 2057 sese
1168 2005 1454 2059 auxilium
1483 2006 1749 2063 illaturos

117 2080 243 2150 (111)
272 2087 636 2152 promittunt.

678 2176 930 2232 CAPUT
952 2180 1159 2234 XXVI.

119 2258 302 2315 Comes
319 2261 527 2317 Giraci
533 2281 623 2318 um
637 2265 917 2321 obsidens
933 2268 1134 2321 ducem
1161 2285 1192 2322 a
1217 2271 1481 2341 captione
1505 2271 1744 2326 liberat.

175 2347 369 2405 Comes
399 2352 620 2422 itaque,
646 2354 890 2408 sinistro
919 2372 1154 2411 rumore
1178 2358 1248 2411 de
1281 2359 1479 2412 fratris
1510 2360 1749 2414 infortu-

116 2436 197 2489 nio
215 2438 494 2506 turbatus,
526 2440 771 2495 fraterni
800 2445 1113 2515 sanguinis
1137 2445 1348 2501 affectu
1374 2450 1531 2501 totus
1554 2448 1745 2518 lacry-

116 2526 211 2578 mis
236 2526 542 2597 perfusus,
576 2544 720 2584 suos
751 2532 1001 2601 supplex
1032 2537 1235 2587 exorat
1262 2540 1317 2588 ut
1344 2535 1582 2590 fratrem
1614 2552 1745 2591 ere-

114 2617 250 2680 ptum
276 2616 419 2685 (112)
453 2634 666 2671 secum
714 2620 1064 2675 accelerent.
1108 2622 1321 2693 Sicque
1361 2640 1522 2677 arma
1555 2627 1740 2679 corri-

113 2702 258 2769 piens
277 2704 592 2760 Geracium
633 2707 959 2763 citissimus
992 2710 1242 2777 advolat,
1283 2712 1654 2779 urbicenses,
1684 2716 1746 2766 ut

114 2787 211 2842 sibi
231 2794 384 2846 extra
402 2809 637 2863 muros,
662 2793 881 2871 findere
896 2797 1259 2868 interposito,
1278 2801 1471 2851 securi
1486 2799 1744 2853 locutum

112 2880 337 2947 veniant,
369 2881 603 2951 invitat,
637 2899 788 2953 quos
814 2887 871 2938 et
899 2886 978 2937 ita
1008 2885 1321 2955 alloquitur
1355 2903 1365 2940 :
1404 2888 1526 2955 Eia,
1562 2889 1746 2957 inquit

112 2965 257 3035 (113),
290 2969 457 3023 amici
504 2974 563 3023 et
599 2970 803 3025 fideles
835 2974 969 3040 mei,
1004 2973 1291 3027 inimicari
1322 2975 1489 3043 (H4),
1525 2979 1580 3028 et
1610 2991 1744 3046 ger-

112 3067 318 3109 manum
347 3057 499 3127 (115)
531 3074 624 3112 me
665 3059 984 3114 obsessum
1015 3062 1345 3115 venientem
1376 3064 1745 3133 cognovistis

113 3147 336 3211 captum,
361 3149 416 3200 et
435 3161 571 3201 mea
608 3147 755 3217 (116)
778 3149 1053 3205 ﬁdelitate
1080 3150 1311 3217 tenetis,
1342 3151 1747 3221 gratissimum

110 3227 295 3286 habeo.
316 3232 386 3286 Et
406 3236 549 3305 quia
571 3252 785 3290 versus
807 3252 899 3290 me
923 3239 983 3290 in
1009 3240 1231 3291 tantum
1263 3242 1460 3292 vestra
1495 3239 1746 3293 ﬁdelitas

112 3332 405 3390 progressa
423 3326 540 3392 est,
563 3327 765 3378 vestro
780 3326 1050 3394 consilio,
1072 3342 1189 3379 non
1207 3331 1397 3381 autem
1410 3328 1628 3382 vestris
1652 3328 1748 3383 vel

110 3409 373 3479 manibus,
405 3411 505 3466 vel
539 3413 719 3467 armis
750 3414 821 3467 de
854 3414 985 3483 ipso
1014 3415 1226 3469 ulcisci
1249 3417 1403 3470 volo.
1434 3416 1497 3468 In
1524 3419 1747 3470 tantum

110 3495 242 3549 enim
272 3514 360 3553 me
404 3501 481 3553 ad
528 3501 677 3554 iram
707 3503 1051 3570 provocavit
1099 3507 1160 3556 ut
1202 3503 1361 3557 nullo
1405 3506 1576 3559 modo
1604 3505 1745 3558 mihi

108 3583 340 3640 sufﬁciat
357 3589 409 3642 si
433 3588 680 3642 alterius
703 3590 884 3644 armis
912 3606 1084 3661 quam
1115 3592 1264 3645 meis
1289 3593 1563 3657 intereat;
1589 3594 1747 3663 quod

108 3685 168 3724 ne
185 3678 371 3728 vestra
395 3676 670 3744 ﬁdelitas,
693 3678 863 3747 quasi
883 3678 1026 3732 mihi
1048 3683 1284 3750 gratum
1303 3680 1656 3751 obsequium
1678 3696 1745 3735 se

105 3765 367 3825 praestare
386 3765 645 3819 credens
667 3765 859 3835 faciat,
880 3767 1211 3821 omnimode
1234 3767 1347 3821 sibi
1372 3768 1743 3822 interdictum

108 3849 604 3908 sciat.Accelerate
642 3854 820 3925 igitur
863 3855 1162 3909 inimicum
1205 3871 1395 3909 meum
1432 3856 1574 3909 mihi
1605 3857 1744 3911 red-

107 3934 295 3993 dendo.
319 3940 590 3996 Sufficiet
612 3946 673 3996 ut
711 3942 781 3996 de
804 3943 1115 4013 suppliciis
1138 3943 1271 4013 ejus
1302 3944 1492 4013 primo
1516 3945 1742 3999 sciatis.

108 4021 294 4081 Vestro
312 4030 564 4084 consilio
578 4031 845 4100 satiatus,
867 4031 1073 4084 faciam
1091 4048 1224 4085 cum
1241 4033 1550 4087 tormentis
1569 4033 1744 4086 vitam

106 4110 272 4169 ﬁnire.
321 4118 497 4173 Nulla
554 4118 613 4172 in
651 4119 952 4173 reddendo
996 4119 1196 4174 dilatio
1245 4120 1359 4189 sit;
1406 4136 1539 4174 nam
1587 4121 1747 4175 nulla

106 4201 302 4257 utilitas
332 4221 424 4259 me
446 4205 660 4260 avellet
677 4206 749 4259 ab
767 4205 1121 4260 obsessione
1144 4206 1325 4278 hujus
1349 4208 1537 4276 urbis,
1558 4208 1746 4262 donec

107 4287 340 4353 ulciscar
367 4294 513 4347 mihi
545 4294 617 4348 ab
645 4294 777 4363 ipso
824 4294 1001 4348 illatis
1047 4294 1306 4365 injuriis.
1360 4296 1513 4350 Ecce
1553 4296 1744 4350 omnis

105 4381 379 4436 exercitus
412 4397 585 4451 suus,
605 4381 855 4453 injurias
878 4383 1012 4453 ejus
1045 4384 1194 4437 ultra
1226 4400 1339 4437 non
1374 4383 1593 4453 ferens,
1614 4385 1743 4453 ipso

107 4471 307 4538 spreto,
337 4471 396 4524 in
429 4486 619 4524 meam
667 4470 1007 4525 fidelitatem
1052 4472 1350 4526 transiens
1395 4486 1487 4526 me
1534 4473 1742 4526 ducem

1860 1850 2116 1904 lentibus
2129 1851 2397 1919 perfecit.
2419 1850 2797 1904 Sacramento
2820 1850 3014 1919 itaque
3036 1852 3296 1919 accepto,
3312 1850 3522 1903 ducem

1861 1941 2024 1992 extra
2079 1939 2285 1991 urbem
2340 1938 2721 2007 adducentes,
2775 1938 2973 1991 multis
3025 1938 3523 1992 Nortmannorum

1859 2042 1985 2095 prae
2008 2026 2224 2097 gaudio
2247 2026 2525 2081 flentibus
2556 2026 2825 2091 reddunt;
2852 2041 2988 2080 sese
3007 2027 3289 2095 deinceps
3312 2026 3521 2081 ﬁdeles

1861 2115 2091 2184 utrique
2140 2113 2372 2169 futuros
2414 2115 2611 2167 multis
2656 2114 3091 2169 assertionibus
3148 2114 3514 2183 promittunt.

2426 2200 2676 2255 CAPUT
2710 2202 2947 2255 XXVII.

1866 2290 2137 2369 castrum
2161 2289 2461 2369 quod‘dux
2478 2288 3111 2369 apudhllleiitummﬁrma
3122 2293 3292 2342 verat
3310 2289 3521 2369 militi-

1896 2360 2006 2414 bus
2037 2358 2270 2413 comitis
2298 2359 2571 2412 fractum.
2614 2358 2863 2412 Ducissa
2912 2359 3190 2429 Tropeam
3231 2358 3481 2430 aufugit.

1930 2448 2062 2501 Dux
2092 2447 2274 2517 igitur
2294 2448 2351 2500 et
2368 2462 2567 2501 comes
2599 2461 2735 2500 sese
2755 2452 2951 2501 mutuo
2978 2446 3434 2516 conspicientes,
3455 2449 3519 2501 ut

1858 2536 2152 2606 quondam
2173 2534 2397 2604 Josepb
2430 2533 2736 2604 Benjamin
2759 2534 3105 2604 inviso,prze
3128 2535 3437 2589 dulcedine
3457 2534 3518 2588 in

1858 2639 2073 2693 aSpero
2123 2623 2290 2693 (117),
2327 2623 2383 2675 in
2442 2638 2795 2693 prosperum
2857 2623 3122 2677 cedentis
3157 2623 3428 2690 fortuna},
3454 2622 3516 2675 in

1856 2712 2151 2781 lacrymas‘
2168 2714 2638 2781 prorumpentes,
2668 2711 2885 2765 mutuis
2908 2710 3277 2780 amplexibus
3308 2710 3519 2764 fruun-

1851 2804 1964 2853 tur.
1993 2800 2122 2852 Dux
2154 2800 2350 2853 comiti
2381 2816 2512 2869 quae
2548 2799 2901 2869 promiserat
2922 2814 2987 2852 se
3025 2800 3234 2853 amodo
3265 2813 3383 2852 non
3414 2813 3516 2853 re-

1855 2889 2146 2941 tenturum
2186 2888 2484 2956 promittit.
2517 2885 2750 2955 Comes,
2777 2887 2985 2940 ducem
3002 2903 3192 2956 usque
3215 2886 3274 2940 S.
3311 2886 3514 2939 Marti-

1853 2991 1991 3028 num
2023 2978 2396 3043 prosecutus,
2430 2975 2564 3028 inde
2608 2974 2867 3027 Melitum
2899 2974 3075 3026 vadit.
3112 2974 3329 3027 Milites
3369 2988 3513 3027 vero

1855 3064 2106 3129 comitis,
2154 3063 2250 3133 qui
2283 3063 2434 3131 apud
2466 3062 2727 3115 Melitum
2758 3066 2943 3129 erant,
2983 3062 3177 3115 audito
3214 3061 3425 3115 ducem
3453 3062 3515 3114 in

1855 3151 2121 3219 captione
2153 3150 2423 3219 detineri,
2459 3148 2698 3203 castella
2733 3148 2888 3219 ejus,
2922 3165 3055 3218 qum
3088 3152 3219 3202 ante
3250 3147 3514 3202 Melitum

1780 3234 1827 3294 C
1854 3239 2206 3307 firmaverat,
2247 3242 2654 3309 oppugnantes
2688 3237 2955 3306 capiunt;
2989 3237 3205 3290 milites
3236 3252 3388 3307 quos
3420 3236 3513 3289 in-

1856 3329 2136 3381 venerant
2192 3326 2250 3379 in
2300 3326 2564 3394 captione
2623 3326 2986 3393 retinentes,
3052 3326 3181 3379 suis
3226 3324 3512 3378 militibus

1856 3414 2182 3482 castellum,
2234 3414 2389 3483 quod
2446 3412 2600 3483 apud
2675 3412 2735 3466 S.
2789 3412 3083 3482 Angelum
3153 3412 3509 3480 firmaverat,

1855 3503 2161 3571 muniunt;
2201 3503 2358 3556 aliud
2415 3517 2578 3570 vero,
2639 3501 2793 3572 quod
2847 3501 2997 3555 forte
3054 3500 3385 3569 videbatur,
3420 3499 3514 3553 di-

1854 3594 2049 3646 ruunt.
2086 3591 2253 3646 Uxor
2282 3606 2426 3645 vero
2456 3589 2855 3644 viduationem
2890 3588 3191 3659 suspicata
3222 3588 3513 3658 Tropeam

1854 3679 2101 3750 aufugit.

2411 3764 2662 3819 CAPUT
2694 3764 2952 3818 XXVIII.

2190 3853 2325 3906 Dux
2352 3853 2549 3906 comiti
2585 3851 2922 3905 Calabriam
2952 3854 3164 3923 partit.

1924 3941 2052 3994 Dux
2084 3940 2276 4010 itaque
2304 3940 2416 3993 hoc
2437 3940 2705 4008 audiens,
2737 3940 3006 3993 maleficii
3040 3956 3215 4011 quam
3239 3938 3517 3996 beneﬁcii

1852 4043 2095 4097 memor,
2122 4028 2375 4081 maxima
2394 4026 2794 4098 indignatione
2819 4031 3143 4096 permotus,
3168 4027 3514 4083 conventio-

1854 4132 1985 4170 nem
2017 4132 2192 4186 quam
2225 4116 2391 4169 fratri
2428 4115 2782 4185 promiserat
2811 4117 3056 4185 exsequi
3088 4117 3359 4186 denegat,
3404 4114 3514 4169 do-

1855 4220 1963 4259 nec
1994 4205 2111 4258 sibi
2154 4208 2209 4257 et
2259 4204 2565 4259 castellum
2612 4202 2671 4257 S.
2724 4204 2936 4274 Angeli
2969 4207 3025 4257 et
3070 4202 3285 4255 milites
3316 4202 3416 4272 qui
3454 4200 3515 4255 in

1855 4292 2121 4362 captione
2142 4292 2493 4346 tenebantur
2518 4292 2921 4360 restituantur,
2946 4295 3002 4345 et
3022 4292 3094 4345 de
3115 4291 3272 4344 illata
3296 4288 3516 4360 injuria

1849 4381 1952 4452 jus
1977 4384 2263 4434 teneatur.
2290 4380 2476 4435 Porro
2496 4394 2718 4450 comes,
2742 4379 2911 4434 fratri
2934 4381 3064 4435 duci
3091 4395 3323 4434 omnem
3352 4393 3520 4433 occa-

1855 4470 2081 4525 sionem
2103 4470 2234 4540 ejus
2256 4470 2408 4524 velle
2423 4471 2803 4540 exsequendo
2818 4469 3050 4525 auferre
3065 4465 3516 4534 volens,milites

107 4533 557 4629 elegerunt.Ece,
576 4558 665 4613 vel
695 4559 988 4613 modicum
1010 4561 1183 4614 terra
1216 4560 1328 4613 sub
1364 4561 1495 4631 ipso
1522 4561 1743 4616 habere
1773 4533 1827 4592 D
1854 4560 2064 4629 reddit,
2102 4533 2408 4614 castellum
2439 4562 2494 4614 et
2524 4533 2656 4629 quae
2687 4559 2746 4613 in
2764 4560 2894 4629 ipso
2928 4561 3150 4613 retenta
3176 4560 3315 4611 sunt
3343 4554 3519 4610 resti-

106 4637 362 4717 indignus
391 4647 743 4720 judicabar;
776 4663 845 4702 eo
868 4651 1192 4718 perempto,
1225 4650 1420 4703 omnia
1438 4650 1742 4721 quaejuris

108 4731 187 4783 sui
214 4733 496 4791 hactenus
529 4736 785 4805 fuerunt,
830 4736 1064 4791 fortuna
1107 4736 1358 4805 favente,
1395 4739 1737 4807 suscipiam.

106 4815 218 4873 Non
248 4840 379 4879 sum
395 4841 570 4896 quem
598 4840 705 4894 per
734 4825 1019 4896 ambages
1046 4825 1360 4895 protahere
1384 4827 1653 4895 possitis;
1689 4827 1743 4881 si

104 4904 280 4966 diutus
310 4912 545 4969 differre
576 4914 835 4982 tentatis,
868 4929 1008 4968 ecce
1045 4913 1116 4967 ad
1148 4929 1420 4983 praesens
1458 4915 1653 4968 vineta
1685 4918 1743 4969 et

164 5050 300 5119 (105)
331 5055 508 5110 Duce.

164 5120 301 5196 (106)
335 5125 635 5196 Captioue.

164 5190 302 5256 (107)
332 5190 540 5249 [vr-atri
570 5198 664 5251 rei
695 5202 969 5251 eventum
1001 5197 1293 5251 iutimari.

164 5262 302 5332 (108)
336 5266 494 5320 Cum.

164 5332 300 5403 (109)
331 5337 574 5392 Invitat.

338 5408 709 5480 Augustiam.

170 5470 306 5545 (111)
336 5470 617 5536 ιεῖιηοοε.·

164 5541 303 5617 (112)
337 5547 511 5606 Suum
543 5556 827 5622 ereptum.

1855 4648 1982 4703 tuit.
2015 4648 2131 4702 Sed
2161 4664 2294 4701 cum
2324 4664 2432 4701 nec
2481 4648 2569 4701 sic
2602 4648 2859 4701 animum
2912 4647 3113 4701 fratris
3158 4648 3222 4701 ut
3269 4644 3383 4699 sibi
3410 4641 3514 4713 jus

1858 4740 2049 4791 teneat
2077 4737 2290 4790 molliri
2320 4736 2498 4802 videt,
2554 4737 2863 4789 traditione
2895 4734 3360 4802 inhabitantium,
3413 4746 3515 4786 ca-

1855 4829 2044 4880 strum
2062 4825 2425 4879 Messianum
2444 4826 2785 4896 ingressus,
2820 4824 2953 4877 duci
2984 4821 3321 4875 inimicitias
3354 4834 3517 4874 man-

1854 4915 1968 4968 dat.
2007 4915 2137 4968 Dux
2168 4914 2362 4984 itaque
2392 4913 2602 4966 videns
2634 4916 2846 4980 castra,
2898 4927 3031 4981 quae
3065 4912 3196 4964 ante
3252 4908 3517 4966 Melitum

1925 5053 2072 5122 (113)
2105 5055 2304 5108 Etiam
2336 5055 2538 5125 eyain
2572 5054 2728 5125 quid.

1925 5070 2072 5122 me)
2105 5070 2304 5108 unum
2336 5070 2445 5125 eya
2476 5070 2728 5176 11271110.
3286 5122 3295 5132 1
3348 5122 3357 5132 η
3386 5122 3396 5133 .

1923 5126 1969 5197 (1
1986 5126 2071 5195 14)
2088 5126 2150 5180 C.
2175 5126 2235 5178 Ρ.
2256 5126 2416 5197 Ecce
2438 5124 2554 5178 [ide
2581 5124 2785 5177 itatem
2812 5127 3069 5197 vestram
3084 5136 3354 5197 experiri
3372 5129 3548 5188 inci-

1851 5193 1967 5267 pio,
2004 5193 2061 5267 ct
2094 5198 2224 5266 quia
2258 5196 2509 5249 fratrem
2540 5209 2726 5248 meum
2759 5193 2907 5247 mihi
2928 5193 3257 5262 obsessum,
3285 5196 3403 5248 etc.

1925 5266 2072 5336 (115)
2105 5267 2319 5320 Meum.

1925 5269 2073 5403 (115)
2105 5269 2319 5320 Meum.

1923 5337 2049 5407 (116
2104 5336 2171 5407 In
2203 5352 2350 5407 mea,
2386 5339 2497 5390 etc.

1927 5408 2075 5477 (117)
2102 5406 2165 5464 C.
2197 5408 2263 5461 P.
2298 5406 2626 5479 Insperato.
