  <div class='ocr_page' id='page_1' title='image "/cluster/home/n/w/nwhite01/storage/ocr_20150623/149/hvd.32044054760079/573.png"; bbox 0 0 3982 6164; ppageno 0'>
   <div class='ocr_carea' id='block_1_1' title="bbox 430 294 585 358">
    <p class='ocr_par' dir='ltr' id='par_1_1' title="bbox 430 294 585 358">
     <span class='ocr_line' id='line_1_1' title="bbox 430 294 585 358; baseline -0.039 0"><span class='ocrx_word' id='word_1_1' title='bbox 430 294 585 358; x_wconf 87' lang='grc'>1135</span> 
     </span>
    </p>
   </div>
   <div class='ocr_carea' id='block_1_2' title="bbox 1166 288 3103 355">
    <p class='ocr_par' dir='ltr' id='par_1_2' title="bbox 1166 288 3103 355">
     <span class='ocr_line' id='line_1_2' title="bbox 1166 288 3103 355; baseline -0.002 -2"><span class='ocrx_word' id='word_1_2' title='bbox 1166 291 1601 355; x_wconf 89' lang='lat' dir='ltr'>GAUFREDI</span> <span class='ocrx_word' id='word_1_3' title='bbox 1642 289 2197 353; x_wconf 64' lang='lat' dir='ltr'>MALATERRIE</span> <span class='ocrx_word' id='word_1_4' title='bbox 2234 288 2616 352; x_wconf 83' lang='lat' dir='ltr'>MONACHI</span> <span class='ocrx_word' id='word_1_5' title='bbox 2662 288 3103 351; x_wconf 91' lang='lat' dir='ltr'>BENEDICT.</span> 
     </span>
    </p>
   </div>
   <div class='ocr_carea' id='block_1_3' title="bbox 3643 294 3779 358">
    <p class='ocr_par' dir='ltr' id='par_1_3' title="bbox 3643 294 3779 358">
     <span class='ocr_line' id='line_1_3' title="bbox 3643 294 3779 358; baseline 0.022 -3"><span class='ocrx_word' id='word_1_6' title='bbox 3643 294 3779 358; x_wconf 80' lang='grc'>1136</span> 
     </span>
    </p>
   </div>
   <div class='ocr_carea' id='block_1_4' title="bbox 424 470 3784 561">
    <p class='ocr_par' dir='ltr' id='par_1_4' title="bbox 424 470 3784 561">
     <span class='ocr_line' id='line_1_4' title="bbox 424 470 3784 561; baseline 0.001 -16"><span class='ocrx_word' id='word_1_7' title='bbox 424 494 486 547; x_wconf 88' lang='lat' dir='ltr'>in</span> <span class='ocrx_word' id='word_1_8' title='bbox 514 492 643 561; x_wconf 92' lang='lat' dir='ltr'>ipsa</span> <span class='ocrx_word' id='word_1_9' title='bbox 672 492 975 561; x_wconf 74' lang='lat' dir='ltr'>provincia</span> <span class='ocrx_word' id='word_1_10' title='bbox 1000 491 1271 559; x_wconf 83' lang='lat' dir='ltr'>habebat,</span> <span class='ocrx_word' id='word_1_11' title='bbox 1315 491 1432 545; x_wconf 86' lang='lat' dir='ltr'>sibi</span> <span class='ocrx_word' id='word_1_12' title='bbox 1460 491 1649 544; x_wconf 90' lang='lat' dir='ltr'>ablata</span> <span class='ocrx_word' id='word_1_13' title='bbox 1678 489 1844 559; x_wconf 64' lang='lat'>(118‘,</span> <span class='ocrx_word' id='word_1_14' title='bbox 1879 491 2079 544; x_wconf 91' lang='lat' dir='ltr'>sciens</span> <span class='ocrx_word' id='word_1_15' title='bbox 2106 470 2159 533; x_wconf 72' lang='grc' dir='ltr'><strong>Α</strong></span> <span class='ocrx_word' id='word_1_16' title='bbox 2192 488 2400 542; x_wconf 91' lang='lat' dir='ltr'>ﬁciens</span> <span class='ocrx_word' id='word_1_17' title='bbox 2449 487 2842 559; x_wconf 78' lang='lat' dir='ltr'>expugnabat.</span> <span class='ocrx_word' id='word_1_18' title='bbox 2875 486 3187 541; x_wconf 87' lang='lat' dir='ltr'>Sarraceni</span> <span class='ocrx_word' id='word_1_19' title='bbox 3223 487 3465 558; x_wconf 88' lang='lat' dir='ltr'>denique</span> <span class='ocrx_word' id='word_1_20' title='bbox 3504 489 3569 543; x_wconf 92' lang='lat' dir='ltr'>de</span> <span class='ocrx_word' id='word_1_21' title='bbox 3603 490 3784 547; x_wconf 85' lang='lat' dir='ltr'>vicinis</span> 
     </span>
    </p>
   </div>
   <div class='ocr_carea' id='block_1_5' title="bbox 426 578 2080 649">
    <p class='ocr_par' dir='ltr' id='par_1_5' title="bbox 426 578 2080 649">
     <span class='ocr_line' id='line_1_5' title="bbox 426 578 2080 649; baseline -0.002 -15"><span class='ocrx_word' id='word_1_22' title='bbox 426 584 604 635; x_wconf 88' lang='lat' dir='ltr'>totam</span> <span class='ocrx_word' id='word_1_23' title='bbox 647 579 974 633; x_wconf 80' lang='lat' dir='ltr'>Calabriam</span> <span class='ocrx_word' id='word_1_24' title='bbox 1013 595 1117 648; x_wconf 90' lang='lat' dir='ltr'>per</span> <span class='ocrx_word' id='word_1_25' title='bbox 1146 580 1285 632; x_wconf 92' lang='lat' dir='ltr'>illud</span> <span class='ocrx_word' id='word_1_26' title='bbox 1318 580 1487 633; x_wconf 85' lang='lat' dir='ltr'>facile</span> <span class='ocrx_word' id='word_1_27' title='bbox 1523 594 1703 649; x_wconf 87' lang='lat' dir='ltr'>posse</span> <span class='ocrx_word' id='word_1_28' title='bbox 1743 579 1987 647; x_wconf 89' lang='lat' dir='ltr'>turbari,</span> <span class='ocrx_word' id='word_1_29' title='bbox 2020 578 2080 631; x_wconf 90' lang='lat' dir='ltr'>in</span> 
     </span>
    </p>
   </div>
   <div class='ocr_carea' id='block_1_6' title="bbox 426 668 2080 730">
    <p class='ocr_par' dir='ltr' id='par_1_6' title="bbox 426 668 2080 730">
     <span class='ocr_line' id='line_1_6' title="bbox 426 668 2080 730; baseline -0.002 -8"><span class='ocrx_word' id='word_1_30' title='bbox 426 669 580 722; x_wconf 90' lang='lat' dir='ltr'>valle</span> <span class='ocrx_word' id='word_1_31' title='bbox 624 668 919 730; x_wconf 80' lang='lat' dir='ltr'>Gratensi,</span> <span class='ocrx_word' id='word_1_32' title='bbox 954 668 1132 721; x_wconf 79' lang='lat' dir='ltr'>fratre</span> <span class='ocrx_word' id='word_1_33' title='bbox 1165 668 1281 720; x_wconf 89' lang='lat' dir='ltr'>sibi</span> <span class='ocrx_word' id='word_1_34' title='bbox 1322 668 1766 721; x_wconf 80' lang='lat' dir='ltr'>conventionem</span> <span class='ocrx_word' id='word_1_35' title='bbox 1799 669 2080 719; x_wconf 81' lang='lat' dir='ltr'>exsecuto</span> 
     </span>
    </p>
   </div>
   <div class='ocr_carea' id='block_1_7' title="bbox 428 754 2077 825">
    <p class='ocr_par' dir='ltr' id='par_1_7' title="bbox 428 754 2077 825">
     <span class='ocr_line' id='line_1_7' title="bbox 428 754 2077 825; baseline -0.003 -14"><span class='ocrx_word' id='word_1_36' title='bbox 428 756 758 811; x_wconf 79' lang='lat' dir='ltr'><strong>Calabriam</strong></span> <span class='ocrx_word' id='word_1_37' title='bbox 789 754 935 823; x_wconf 85' lang='grc'>(119)</span> <span class='ocrx_word' id='word_1_38' title='bbox 984 756 1251 825; x_wconf 88' lang='lat' dir='ltr'>partivit;</span> <span class='ocrx_word' id='word_1_39' title='bbox 1291 757 1469 825; x_wconf 66' lang='lat' dir='ltr'>sique,</span> <span class='ocrx_word' id='word_1_40' title='bbox 1504 755 1562 807; x_wconf 90' lang='lat' dir='ltr'>in</span> <span class='ocrx_word' id='word_1_41' title='bbox 1606 755 1873 824; x_wconf 84' lang='lat' dir='ltr'>Apuliam</span> <span class='ocrx_word' id='word_1_42' title='bbox 1900 754 2077 807; x_wconf 84' lang='lat' dir='ltr'>vadit.</span> 
     </span>
    </p>
   </div>
   <div class='ocr_carea' id='block_1_8' title="bbox 432 844 2085 912">
    <p class='ocr_par' dir='ltr' id='par_1_8' title="bbox 432 844 2085 912">
     <span class='ocr_line' id='line_1_8' title="bbox 432 844 2085 912; baseline -0.002 -13"><span class='ocrx_word' id='word_1_43' title='bbox 432 846 645 899; x_wconf 82' lang='lat' dir='ltr'>Comes</span> <span class='ocrx_word' id='word_1_44' title='bbox 676 858 816 896; x_wconf 88' lang='lat' dir='ltr'>vero</span> <span class='ocrx_word' id='word_1_45' title='bbox 847 845 905 895; x_wconf 91' lang='lat' dir='ltr'>in</span> <span class='ocrx_word' id='word_1_46' title='bbox 932 844 1258 896; x_wconf 75' lang='lat' dir='ltr'>Calabriam</span> <span class='ocrx_word' id='word_1_47' title='bbox 1288 845 1612 912; x_wconf 89' lang='lat' dir='ltr'>portionem</span> <span class='ocrx_word' id='word_1_48' title='bbox 1635 859 1803 895; x_wconf 89' lang='lat' dir='ltr'>suam</span> <span class='ocrx_word' id='word_1_49' title='bbox 1826 846 2085 911; x_wconf 90' lang='lat' dir='ltr'>receptu-</span> 
     </span>
    </p>
   </div>
   <div class='ocr_carea' id='block_1_9' title="bbox 433 931 2086 1000">
    <p class='ocr_par' dir='ltr' id='par_1_9' title="bbox 433 931 2086 1000">
     <span class='ocr_line' id='line_1_9' title="bbox 433 931 2086 1000; baseline -0.002 -13"><span class='ocrx_word' id='word_1_50' title='bbox 433 949 538 987; x_wconf 87' lang='lat' dir='ltr'>rus</span> <span class='ocrx_word' id='word_1_51' title='bbox 568 931 736 984; x_wconf 93' lang='lat' dir='ltr'>redit.</span> <span class='ocrx_word' id='word_1_52' title='bbox 770 931 842 983; x_wconf 85' lang='lat' dir='ltr'>At</span> <span class='ocrx_word' id='word_1_53' title='bbox 865 947 996 984; x_wconf 90' lang='lat' dir='ltr'>cum</span> <span class='ocrx_word' id='word_1_54' title='bbox 1037 932 1262 985; x_wconf 78' lang='lat' dir='ltr'>videret</span> <span class='ocrx_word' id='word_1_55' title='bbox 1296 947 1439 985; x_wconf 89' lang='lat' dir='ltr'>suos</span> <span class='ocrx_word' id='word_1_56' title='bbox 1470 934 1706 1000; x_wconf 78' lang='lat' dir='ltr'>propter</span> <span class='ocrx_word' id='word_1_57' title='bbox 1736 932 2086 984; x_wconf 86' lang='lat' dir='ltr'>seditionem</span> 
     </span>
    </p>
   </div>
   <div class='ocr_carea' id='block_1_10' title="bbox 436 1019 2083 1091">
    <p class='ocr_par' dir='ltr' id='par_1_10' title="bbox 436 1019 2083 1091">
     <span class='ocr_line' id='line_1_10' title="bbox 436 1019 2083 1091; baseline -0.001 -19"><span class='ocrx_word' id='word_1_58' title='bbox 436 1019 752 1091; x_wconf 68' lang='lat' dir='ltr'>quaeinter</span> <span class='ocrx_word' id='word_1_59' title='bbox 801 1034 866 1071; x_wconf 88' lang='lat' dir='ltr'>se</span> <span class='ocrx_word' id='word_1_60' title='bbox 915 1022 969 1071; x_wconf 90' lang='lat' dir='ltr'>et</span> <span class='ocrx_word' id='word_1_61' title='bbox 1012 1019 1246 1071; x_wconf 86' lang='lat' dir='ltr'>fratrem</span> <span class='ocrx_word' id='word_1_62' title='bbox 1302 1019 1585 1072; x_wconf 87' lang='lat' dir='ltr'>hactenus</span> <span class='ocrx_word' id='word_1_63' title='bbox 1638 1020 1842 1087; x_wconf 86' lang='lat' dir='ltr'>fuerat,</span> <span class='ocrx_word' id='word_1_64' title='bbox 1892 1019 2083 1088; x_wconf 88' lang='lat' dir='ltr'>equis.</span> 
     </span>
    </p>
   </div>
   <div class='ocr_carea' id='block_1_11' title="bbox 436 1106 2087 1174">
    <p class='ocr_par' dir='ltr' id='par_1_11' title="bbox 436 1106 2087 1174">
     <span class='ocr_line' id='line_1_11' title="bbox 436 1106 2087 1174; baseline -0.001 -14"><span class='ocrx_word' id='word_1_65' title='bbox 436 1107 707 1160; x_wconf 89' lang='lat' dir='ltr'>vestibus</span> <span class='ocrx_word' id='word_1_66' title='bbox 737 1107 794 1158; x_wconf 91' lang='lat' dir='ltr'>et</span> <span class='ocrx_word' id='word_1_67' title='bbox 821 1106 1003 1159; x_wconf 90' lang='lat' dir='ltr'>armis</span> <span class='ocrx_word' id='word_1_68' title='bbox 1038 1108 1229 1159; x_wconf 90' lang='lat' dir='ltr'>minus</span> <span class='ocrx_word' id='word_1_69' title='bbox 1261 1106 1625 1159; x_wconf 86' lang='lat' dir='ltr'>sufﬁcientes</span> <span class='ocrx_word' id='word_1_70' title='bbox 1650 1121 1756 1174; x_wconf 88' lang='lat' dir='ltr'>per</span> <span class='ocrx_word' id='word_1_71' title='bbox 1784 1110 1960 1159; x_wconf 86' lang='lat' dir='ltr'>totam</span> <span class='ocrx_word' id='word_1_72' title='bbox 1983 1106 2087 1158; x_wconf 91' lang='lat' dir='ltr'>Ca-</span> 
     </span>
    </p>
   </div>
   <div class='ocr_carea' id='block_1_12' title="bbox 437 1194 2097 1263">
    <p class='ocr_par' dir='ltr' id='par_1_12' title="bbox 437 1194 2097 1263">
     <span class='ocr_line' id='line_1_12' title="bbox 437 1194 2097 1263; baseline -0.002 -15"><span class='ocrx_word' id='word_1_73' title='bbox 437 1196 701 1260; x_wconf 89' lang='lat' dir='ltr'>labriam,</span> <span class='ocrx_word' id='word_1_74' title='bbox 736 1196 870 1263; x_wconf 90' lang='lat' dir='ltr'>post</span> <span class='ocrx_word' id='word_1_75' title='bbox 904 1194 1137 1262; x_wconf 87' lang='lat' dir='ltr'>quidem</span> <span class='ocrx_word' id='word_1_76' title='bbox 1186 1195 1272 1247; x_wconf 90' lang='lat' dir='ltr'>eis</span> <span class='ocrx_word' id='word_1_77' title='bbox 1304 1195 1514 1248; x_wconf 91' lang='lat' dir='ltr'>tributa</span> <span class='ocrx_word' id='word_1_78' title='bbox 1560 1195 1878 1262; x_wconf 79' lang='lat' dir='ltr'>expetitum</span> <span class='ocrx_word' id='word_1_79' title='bbox 1909 1194 2097 1261; x_wconf 79' lang='lat' dir='ltr'>vadit,-</span> 
     </span>
    </p>
   </div>
   <div class='ocr_carea' id='block_1_13' title="bbox 438 1280 2086 1351">
    <p class='ocr_par' dir='ltr' id='par_1_13' title="bbox 438 1280 2086 1351">
     <span class='ocr_line' id='line_1_13' title="bbox 438 1280 2086 1351; baseline -0.001 -17"><span class='ocrx_word' id='word_1_80' title='bbox 438 1282 801 1350; x_wconf 86' lang='lat' dir='ltr'>veniensque</span> <span class='ocrx_word' id='word_1_81' title='bbox 834 1280 1164 1349; x_wconf 89' lang='lat' dir='ltr'>Geracium,</span> <span class='ocrx_word' id='word_1_82' title='bbox 1190 1282 1323 1351; x_wconf 87' lang='lat' dir='ltr'>quia</span> <span class='ocrx_word' id='word_1_83' title='bbox 1356 1298 1481 1350; x_wconf 91' lang='lat' dir='ltr'>eos,</span> <span class='ocrx_word' id='word_1_84' title='bbox 1515 1282 1687 1351; x_wconf 87' lang='lat' dir='ltr'>quasi</span> <span class='ocrx_word' id='word_1_85' title='bbox 1706 1281 2086 1349; x_wconf 90' lang='lat' dir='ltr'>inﬁdeliores,</span> 
     </span>
    </p>
   </div>
   <div class='ocr_carea' id='block_1_14' title="bbox 440 1367 2091 1439">
    <p class='ocr_par' dir='ltr' id='par_1_14' title="bbox 440 1367 2091 1439">
     <span class='ocr_line' id='line_1_14' title="bbox 440 1367 2091 1439; baseline -0.002 -14"><span class='ocrx_word' id='word_1_86' title='bbox 440 1369 673 1425; x_wconf 82' lang='lat' dir='ltr'>caeteris</span> <span class='ocrx_word' id='word_1_87' title='bbox 701 1367 1008 1423; x_wconf 84' lang='lat' dir='ltr'>exosiores</span> <span class='ocrx_word' id='word_1_88' title='bbox 1039 1368 1309 1436; x_wconf 85' lang='lat' dir='ltr'>habebat,</span> <span class='ocrx_word' id='word_1_89' title='bbox 1350 1372 1409 1422; x_wconf 88' lang='lat' dir='ltr'>ut</span> <span class='ocrx_word' id='word_1_90' title='bbox 1439 1369 1572 1438; x_wconf 90' lang='lat' dir='ltr'>plus</span> <span class='ocrx_word' id='word_1_91' title='bbox 1602 1370 1673 1422; x_wconf 90' lang='lat' dir='ltr'>ab</span> <span class='ocrx_word' id='word_1_92' title='bbox 1709 1370 1857 1439; x_wconf 89' lang='lat' dir='ltr'>ipsis</span> <span class='ocrx_word' id='word_1_93' title='bbox 1889 1373 2091 1423; x_wconf 86' lang='lat' dir='ltr'>extor-</span> 
     </span>
    </p>
   </div>
   <div class='ocr_carea' id='block_1_15' title="bbox 441 1456 2090 1531">
    <p class='ocr_par' dir='ltr' id='par_1_15' title="bbox 441 1456 2090 1531">
     <span class='ocr_line' id='line_1_15' title="bbox 441 1456 2090 1531; baseline -0.001 -19"><span class='ocrx_word' id='word_1_94' title='bbox 441 1461 635 1531; x_wconf 87' lang='lat' dir='ltr'>queat,</span> <span class='ocrx_word' id='word_1_95' title='bbox 687 1456 991 1510; x_wconf 87' lang='lat' dir='ltr'>castellum</span> <span class='ocrx_word' id='word_1_96' title='bbox 1040 1460 1205 1509; x_wconf 86' lang='lat' dir='ltr'>extra</span> <span class='ocrx_word' id='word_1_97' title='bbox 1253 1458 1476 1524; x_wconf 87' lang='lat' dir='ltr'>urbem,</span> <span class='ocrx_word' id='word_1_98' title='bbox 1518 1456 1722 1526; x_wconf 88' lang='lat' dir='ltr'>procul</span> <span class='ocrx_word' id='word_1_99' title='bbox 1760 1472 1897 1510; x_wconf 91' lang='lat' dir='ltr'>sese</span> <span class='ocrx_word' id='word_1_100' title='bbox 1946 1458 2090 1527; x_wconf 83' lang='lat' dir='ltr'>figit.</span> 
     </span>
    </p>
   </div>
   <div class='ocr_carea' id='block_1_16' title="bbox 442 1544 2096 1613">
    <p class='ocr_par' dir='ltr' id='par_1_16' title="bbox 442 1544 2096 1613">
     <span class='ocr_line' id='line_1_16' title="bbox 442 1544 2096 1613; baseline -0.002 -11"><span class='ocrx_word' id='word_1_101' title='bbox 442 1544 879 1602; x_wconf 88' lang='lat' dir='ltr'>Geracensibus</span> <span class='ocrx_word' id='word_1_102' title='bbox 927 1544 1481 1613; x_wconf 72' lang='lat' dir='ltr'>vcrojuramentum</span> <span class='ocrx_word' id='word_1_103' title='bbox 1514 1545 1677 1598; x_wconf 91' lang='lat' dir='ltr'>sibia</span> <span class='ocrx_word' id='word_1_104' title='bbox 1709 1545 1856 1599; x_wconf 88' lang='lat' dir='ltr'>duce</span> <span class='ocrx_word' id='word_1_105' title='bbox 1879 1545 2096 1599; x_wconf 88' lang='lat' dir='ltr'>factum</span> 
     </span>
    </p>
   </div>
   <div class='ocr_carea' id='block_1_17' title="bbox 444 1632 2100 1704">
    <p class='ocr_par' dir='ltr' id='par_1_17' title="bbox 444 1632 2100 1704">
     <span class='ocr_line' id='line_1_17' title="bbox 444 1632 2100 1704; baseline -0.001 -15"><span class='ocrx_word' id='word_1_106' title='bbox 444 1633 885 1704; x_wconf 81' lang='lat' dir='ltr'>objicientibus,</span> <span class='ocrx_word' id='word_1_107' title='bbox 913 1648 1113 1685; x_wconf 88' lang='lat' dir='ltr'>comes</span> <span class='ocrx_word' id='word_1_108' title='bbox 1142 1633 1444 1700; x_wconf 84' lang='lat' dir='ltr'>respondit</span> <span class='ocrx_word' id='word_1_109' title='bbox 1470 1648 1480 1686; x_wconf 92' lang='lat'><strong>:</strong></span> <span class='ocrx_word' id='word_1_110' title='bbox 1507 1632 1652 1686; x_wconf 89' lang='lat' dir='ltr'>Cum</span> <span class='ocrx_word' id='word_1_111' title='bbox 1682 1634 1965 1687; x_wconf 89' lang='lat' dir='ltr'>medietas</span> <span class='ocrx_word' id='word_1_112' title='bbox 1995 1634 2100 1688; x_wconf 90' lang='lat' dir='ltr'>Ge-</span> 
     </span>
    </p>
   </div>
   <div class='ocr_carea' id='block_1_18' title="bbox 444 1720 2096 1790">
    <p class='ocr_par' dir='ltr' id='par_1_18' title="bbox 444 1720 2096 1790">
     <span class='ocr_line' id='line_1_18' title="bbox 444 1720 2096 1790; baseline -0.002 -13"><span class='ocrx_word' id='word_1_113' title='bbox 444 1722 586 1777; x_wconf 90' lang='lat' dir='ltr'>racii</span> <span class='ocrx_word' id='word_1_114' title='bbox 616 1736 745 1773; x_wconf 90' lang='lat' dir='ltr'>mea</span> <span class='ocrx_word' id='word_1_115' title='bbox 778 1721 874 1788; x_wconf 85' lang='lat' dir='ltr'>sit,</span> <span class='ocrx_word' id='word_1_116' title='bbox 909 1722 1025 1773; x_wconf 88' lang='lat' dir='ltr'>dux</span> <span class='ocrx_word' id='word_1_117' title='bbox 1056 1721 1114 1773; x_wconf 90' lang='lat' dir='ltr'>in</span> <span class='ocrx_word' id='word_1_118' title='bbox 1146 1737 1253 1773; x_wconf 91' lang='lat' dir='ltr'>sua</span> <span class='ocrx_word' id='word_1_119' title='bbox 1283 1724 1444 1790; x_wconf 89' lang='lat' dir='ltr'>parte</span> <span class='ocrx_word' id='word_1_120' title='bbox 1469 1720 1787 1790; x_wconf 80' lang='lat' dir='ltr'>jurameuti</span> <span class='ocrx_word' id='word_1_121' title='bbox 1819 1722 1911 1775; x_wconf 91' lang='lat' dir='ltr'>sui</span> <span class='ocrx_word' id='word_1_122' title='bbox 1943 1723 2096 1775; x_wconf 90' lang='lat' dir='ltr'>ordi-</span> 
     </span>
    </p>
   </div>
   <div class='ocr_carea' id='block_1_19' title="bbox 445 1895 2100 1967">
    <p class='ocr_par' dir='ltr' id='par_1_19' title="bbox 445 1895 2100 1967">
     <span class='ocr_line' id='line_1_19' title="bbox 445 1895 2100 1967; baseline 0.001 -16"><span class='ocrx_word' id='word_1_123' title='bbox 445 1913 577 1951; x_wconf 90' lang='lat' dir='ltr'>mea</span> <span class='ocrx_word' id='word_1_124' title='bbox 605 1898 767 1965; x_wconf 88' lang='lat' dir='ltr'>parte</span> <span class='ocrx_word' id='word_1_125' title='bbox 799 1895 1096 1965; x_wconf 87' lang='lat' dir='ltr'>quodlibet</span> <span class='ocrx_word' id='word_1_126' title='bbox 1130 1896 1357 1963; x_wconf 82' lang='lat' dir='ltr'>faciam,</span> <span class='ocrx_word' id='word_1_127' title='bbox 1411 1911 1519 1949; x_wconf 90' lang='lat' dir='ltr'>nec</span> <span class='ocrx_word' id='word_1_128' title='bbox 1551 1898 1769 1965; x_wconf 81' lang='lat' dir='ltr'>votum,</span> <span class='ocrx_word' id='word_1_129' title='bbox 1820 1914 1928 1951; x_wconf 90' lang='lat' dir='ltr'>nec</span> <span class='ocrx_word' id='word_1_130' title='bbox 1958 1915 2100 1967; x_wconf 90' lang='lat' dir='ltr'>pro-</span> 
     </span>
    </p>
   </div>
   <div class='ocr_carea' id='block_1_20' title="bbox 448 1982 2101 2058">
    <p class='ocr_par' dir='ltr' id='par_1_20' title="bbox 448 1982 2101 2058">
     <span class='ocr_line' id='line_1_20' title="bbox 448 1982 2101 2058; baseline 0.002 -20"><span class='ocrx_word' id='word_1_131' title='bbox 448 1985 657 2038; x_wconf 90' lang='lat' dir='ltr'>missio</span> <span class='ocrx_word' id='word_1_132' title='bbox 689 1982 880 2052; x_wconf 91' lang='lat' dir='ltr'>aliqua</span> <span class='ocrx_word' id='word_1_133' title='bbox 921 1983 1241 2053; x_wconf 87' lang='lat' dir='ltr'>redarguit.</span> <span class='ocrx_word' id='word_1_134' title='bbox 1274 1985 1643 2039; x_wconf 88' lang='lat' dir='ltr'>Geracenses</span> <span class='ocrx_word' id='word_1_135' title='bbox 1674 2002 1838 2057; x_wconf 86' lang='lat' dir='ltr'>ergo,</span> <span class='ocrx_word' id='word_1_136' title='bbox 1875 2004 2101 2058; x_wconf 88' lang='lat' dir='ltr'>cogno-</span> 
     </span>
    </p>
   </div>
   <div class='ocr_carea' id='block_1_21' title="bbox 447 2071 2101 2144">
    <p class='ocr_par' dir='ltr' id='par_1_21' title="bbox 447 2071 2101 2144">
     <span class='ocr_line' id='line_1_21' title="bbox 447 2071 2101 2144; baseline 0.001 -19"><span class='ocrx_word' id='word_1_137' title='bbox 447 2074 684 2126; x_wconf 90' lang='lat' dir='ltr'>scentes</span> <span class='ocrx_word' id='word_1_138' title='bbox 712 2086 778 2123; x_wconf 90' lang='lat' dir='ltr'>se</span> <span class='ocrx_word' id='word_1_139' title='bbox 811 2071 1017 2123; x_wconf 89' lang='lat' dir='ltr'>callide</span> <span class='ocrx_word' id='word_1_140' title='bbox 1050 2088 1078 2122; x_wconf 88' lang='lat' dir='ltr'>a</span> <span class='ocrx_word' id='word_1_141' title='bbox 1111 2072 1256 2125; x_wconf 84' lang='lat' dir='ltr'>duce</span> <span class='ocrx_word' id='word_1_142' title='bbox 1282 2072 1615 2141; x_wconf 74' lang='lat' dir='ltr'>juramento</span> <span class='ocrx_word' id='word_1_143' title='bbox 1647 2076 1909 2144; x_wconf 91' lang='lat' dir='ltr'>delusos,</span> <span class='ocrx_word' id='word_1_144' title='bbox 1951 2075 2101 2128; x_wconf 92' lang='lat' dir='ltr'>insi-</span> 
     </span>
    </p>
   </div>
   <div class='ocr_carea' id='block_1_22' title="bbox 445 2159 2104 2231">
    <p class='ocr_par' dir='ltr' id='par_1_22' title="bbox 445 2159 2104 2231">
     <span class='ocr_line' id='line_1_22' title="bbox 445 2159 2104 2231; baseline 0.002 -19"><span class='ocrx_word' id='word_1_145' title='bbox 445 2160 681 2231; x_wconf 87' lang='lat' dir='ltr'>pientiae</span> <span class='ocrx_word' id='word_1_146' title='bbox 703 2174 829 2212; x_wconf 63' lang='lat' dir='ltr'>sum</span> <span class='ocrx_word' id='word_1_147' title='bbox 861 2159 1228 2226; x_wconf 88' lang='lat' dir='ltr'>deputarunt.</span> <span class='ocrx_word' id='word_1_148' title='bbox 1268 2160 1440 2214; x_wconf 87' lang='lat' dir='ltr'>Paeto</span> <span class='ocrx_word' id='word_1_149' title='bbox 1472 2178 1604 2216; x_wconf 92' lang='lat' dir='ltr'>cum</span> <span class='ocrx_word' id='word_1_150' title='bbox 1635 2164 1845 2218; x_wconf 90' lang='lat' dir='ltr'>comite</span> <span class='ocrx_word' id='word_1_151' title='bbox 1876 2164 2049 2231; x_wconf 88' lang='lat' dir='ltr'>facto,</span> <span class='ocrx_word' id='word_1_152' title='bbox 2072 2179 2104 2215; x_wconf 90' lang='lat' dir='ltr'>a</span> 
     </span>
    </p>
   </div>
   <div class='ocr_carea' id='block_1_23' title="bbox 449 2245 2103 2321">
    <p class='ocr_par' dir='ltr' id='par_1_23' title="bbox 449 2245 2103 2321">
     <span class='ocr_line' id='line_1_23' title="bbox 449 2245 2103 2321; baseline 0.001 -20"><span class='ocrx_word' id='word_1_153' title='bbox 449 2247 693 2301; x_wconf 90' lang='lat' dir='ltr'>castello</span> <span class='ocrx_word' id='word_1_154' title='bbox 733 2246 887 2315; x_wconf 86' lang='lat' dir='ltr'>quod</span> <span class='ocrx_word' id='word_1_155' title='bbox 914 2245 1137 2299; x_wconf 82' lang='lat' dir='ltr'>foedere</span> <span class='ocrx_word' id='word_1_156' title='bbox 1174 2251 1431 2317; x_wconf 68' lang='lat' dir='ltr'>creperat</span> <span class='ocrx_word' id='word_1_157' title='bbox 1452 2252 1697 2317; x_wconf 88' lang='lat' dir='ltr'>pecunia</span> <span class='ocrx_word' id='word_1_158' title='bbox 1728 2252 2103 2321; x_wconf 88' lang='lat' dir='ltr'>potiusquam</span> 
     </span>
    </p>
   </div>
   <div class='ocr_carea' id='block_1_24' title="bbox 446 2334 1145 2388">
    <p class='ocr_par' dir='ltr' id='par_1_24' title="bbox 446 2334 1145 2388">
     <span class='ocr_line' id='line_1_24' title="bbox 446 2334 1145 2388; baseline -0.001 0"><span class='ocrx_word' id='word_1_159' title='bbox 446 2334 631 2388; x_wconf 90' lang='lat' dir='ltr'>armis</span> <span class='ocrx_word' id='word_1_160' title='bbox 658 2334 821 2388; x_wconf 92' lang='lat' dir='ltr'>illum</span> <span class='ocrx_word' id='word_1_161' title='bbox 857 2338 1145 2388; x_wconf 88' lang='lat' dir='ltr'>avertunt.</span> 
     </span>
    </p>
   </div>
   <div class='ocr_carea' id='block_1_25' title="bbox 1030 2458 1607 2532">
    <p class='ocr_par' dir='ltr' id='par_1_25' title="bbox 1030 2458 1607 2532">
     <span class='ocr_line' id='line_1_25' title="bbox 1030 2458 1607 2532; baseline 0.007 -21"><span class='ocrx_word' id='word_1_162' title='bbox 1030 2458 1280 2512; x_wconf 86' lang='lat' dir='ltr'>CAPUT</span> <span class='ocrx_word' id='word_1_163' title='bbox 1309 2460 1523 2514; x_wconf 85' lang='lat' dir='ltr'>XXIX.</span> <span class='ocrx_word' id='word_1_164' title='bbox 1600 2526 1607 2532; x_wconf 44' lang='grc'>,</span> 
     </span>
    </p>
   </div>
   <div class='ocr_carea' id='block_1_26' title="bbox 455 2564 2103 2634">
    <p class='ocr_par' dir='ltr' id='par_1_26' title="bbox 455 2564 2103 2634">
     <span class='ocr_line' id='line_1_26' title="bbox 455 2564 2103 2634; baseline 0.002 -15"><span class='ocrx_word' id='word_1_165' title='bbox 455 2564 652 2619; x_wconf 71' lang='lat' dir='ltr'>Graeci</span> <span class='ocrx_word' id='word_1_166' title='bbox 683 2564 833 2634; x_wconf 86' lang='lat' dir='ltr'>apud</span> <span class='ocrx_word' id='word_1_167' title='bbox 863 2564 1135 2617; x_wconf 82' lang='lat' dir='ltr'>Trainam</span> <span class='ocrx_word' id='word_1_168' title='bbox 1159 2566 1356 2618; x_wconf 76' lang='lat' dir='ltr'>comiti</span> <span class='ocrx_word' id='word_1_169' title='bbox 1382 2565 1650 2621; x_wconf 79' lang='lat' dir='ltr'>fraudem</span> <span class='ocrx_word' id='word_1_170' title='bbox 1674 2569 2103 2623; x_wconf 79' lang='lat' dir='ltr'>machinantur.</span> 
     </span>
    </p>
   </div>
   <div class='ocr_carea' id='block_1_27' title="bbox 521 2668 2106 2745">
    <p class='ocr_par' dir='ltr' id='par_1_27' title="bbox 521 2668 2106 2745">
     <span class='ocr_line' id='line_1_27' title="bbox 521 2668 2106 2745; baseline 0.004 -23"><span class='ocrx_word' id='word_1_171' title='bbox 521 2668 734 2723; x_wconf 86' lang='lat' dir='ltr'>Comes</span> <span class='ocrx_word' id='word_1_172' title='bbox 781 2685 962 2738; x_wconf 90' lang='lat' dir='ltr'>vero,</span> <span class='ocrx_word' id='word_1_173' title='bbox 1016 2686 1160 2724; x_wconf 91' lang='lat' dir='ltr'>suos</span> <span class='ocrx_word' id='word_1_174' title='bbox 1209 2671 1575 2726; x_wconf 88' lang='lat' dir='ltr'>abundanter</span> <span class='ocrx_word' id='word_1_175' title='bbox 1618 2674 1797 2727; x_wconf 90' lang='lat' dir='ltr'>armis</span> <span class='ocrx_word' id='word_1_176' title='bbox 1843 2677 1899 2728; x_wconf 90' lang='lat' dir='ltr'>et</span> <span class='ocrx_word' id='word_1_177' title='bbox 1935 2676 2106 2745; x_wconf 91' lang='lat' dir='ltr'>equis</span> 
     </span>
    </p>
   </div>
   <div class='ocr_carea' id='block_1_28' title="bbox 452 2750 2109 2829">
    <p class='ocr_par' dir='ltr' id='par_1_28' title="bbox 452 2750 2109 2829">
     <span class='ocr_line' id='line_1_28' title="bbox 452 2750 2109 2829; baseline 0.003 -17"><span class='ocrx_word' id='word_1_178' title='bbox 452 2750 803 2826; x_wconf 62' lang='lat' dir='ltr'>c&#39;aaterisque</span> <span class='ocrx_word' id='word_1_179' title='bbox 835 2772 966 2826; x_wconf 86' lang='lat' dir='ltr'>quae</span> <span class='ocrx_word' id='word_1_180' title='bbox 1012 2760 1352 2812; x_wconf 89' lang='lat' dir='ltr'>necessaria</span> <span class='ocrx_word' id='word_1_181' title='bbox 1396 2764 1559 2814; x_wconf 91' lang='lat' dir='ltr'>erant</span> <span class='ocrx_word' id='word_1_182' title='bbox 1611 2777 2017 2829; x_wconf 88' lang='lat' dir='ltr'>remunerans,</span> <span class='ocrx_word' id='word_1_183' title='bbox 2053 2766 2109 2817; x_wconf 91' lang='lat' dir='ltr'>et</span> 
     </span>
    </p>
   </div>
   <div class='ocr_carea' id='block_1_29' title="bbox 450 2846 2107 2920">
    <p class='ocr_par' dir='ltr' id='par_1_29' title="bbox 450 2846 2107 2920">
     <span class='ocr_line' id='line_1_29' title="bbox 450 2846 2107 2920; baseline 0.002 -20"><span class='ocrx_word' id='word_1_184' title='bbox 450 2851 668 2900; x_wconf 90' lang='lat' dir='ltr'>terram</span> <span class='ocrx_word' id='word_1_185' title='bbox 699 2860 831 2914; x_wconf 70' lang='lat' dir='ltr'>quas</span> <span class='ocrx_word' id='word_1_186' title='bbox 860 2846 976 2898; x_wconf 85' lang='lat' dir='ltr'>sibi</span> <span class='ocrx_word' id='word_1_187' title='bbox 1008 2847 1155 2901; x_wconf 90' lang='lat' dir='ltr'>forte</span> <span class='ocrx_word' id='word_1_188' title='bbox 1188 2852 1454 2902; x_wconf 86' lang='lat' dir='ltr'>cesserat</span> <span class='ocrx_word' id='word_1_189' title='bbox 1484 2848 1759 2903; x_wconf 84' lang='lat' dir='ltr'>fidelibus</span> <span class='ocrx_word' id='word_1_190' title='bbox 1805 2851 1932 2903; x_wconf 89' lang='lat' dir='ltr'>suis</span> <span class='ocrx_word' id='word_1_191' title='bbox 1964 2868 2107 2920; x_wconf 92' lang='lat' dir='ltr'>pru-</span> 
     </span>
    </p>
   </div>
   <div class='ocr_carea' id='block_1_30' title="bbox 447 2933 2108 3001">
    <p class='ocr_par' dir='ltr' id='par_1_30' title="bbox 447 2933 2108 3001">
     <span class='ocr_line' id='line_1_30' title="bbox 447 2933 2108 3001; baseline 0.003 -14"><span class='ocrx_word' id='word_1_192' title='bbox 447 2934 656 2987; x_wconf 87' lang='lat' dir='ltr'>denter</span> <span class='ocrx_word' id='word_1_193' title='bbox 679 2933 979 3001; x_wconf 88' lang='lat' dir='ltr'>ordinans,</span> <span class='ocrx_word' id='word_1_194' title='bbox 1002 2934 1207 2987; x_wconf 90' lang='lat' dir='ltr'>iterum</span> <span class='ocrx_word' id='word_1_195' title='bbox 1238 2935 1495 2989; x_wconf 90' lang='lat' dir='ltr'>Siciliam</span> <span class='ocrx_word' id='word_1_196' title='bbox 1530 2953 1662 2990; x_wconf 92' lang='lat' dir='ltr'>cum</span> <span class='ocrx_word' id='word_1_197' title='bbox 1691 2939 1971 2992; x_wconf 88' lang='lat' dir='ltr'>trecentis</span> <span class='ocrx_word' id='word_1_198' title='bbox 2002 2939 2108 2992; x_wconf 91' lang='lat' dir='ltr'>de-</span> 
     </span>
    </p>
   </div>
   <div class='ocr_carea' id='block_1_31' title="bbox 445 3021 2108 3097">
    <p class='ocr_par' dir='ltr' id='par_1_31' title="bbox 445 3021 2108 3097">
     <span class='ocr_line' id='line_1_31' title="bbox 445 3021 2108 3097; baseline 0.004 -23"><span class='ocrx_word' id='word_1_199' title='bbox 445 3021 775 3075; x_wconf 88' lang='lat' dir='ltr'>bellaturus</span> <span class='ocrx_word' id='word_1_200' title='bbox 796 3022 2108 3097; x_wconf 78' lang='lat' dir='ltr'>aggreditur,uxoremjuvenculam,quamvis</span> 
     </span>
    </p>
   </div>
   <div class='ocr_carea' id='block_1_32' title="bbox 2193 576 3785 646">
    <p class='ocr_par' dir='ltr' id='par_1_32' title="bbox 2193 576 3785 646">
     <span class='ocr_line' id='line_1_32' title="bbox 2193 576 3785 646; baseline 0.003 -16"><span class='ocrx_word' id='word_1_201' title='bbox 2193 577 2407 631; x_wconf 89' lang='lat' dir='ltr'>castris</span> <span class='ocrx_word' id='word_1_202' title='bbox 2429 576 2685 646; x_wconf 80' lang='lat' dir='ltr'>quinque</span> <span class='ocrx_word' id='word_1_203' title='bbox 2707 576 2883 630; x_wconf 88' lang='lat' dir='ltr'>millia</span> <span class='ocrx_word' id='word_1_204' title='bbox 2912 577 3323 646; x_wconf 71' lang='lat' dir='ltr'>promptiores,</span> <span class='ocrx_word' id='word_1_205' title='bbox 3342 577 3629 632; x_wconf 88' lang='lat' dir='ltr'>audientes</span> <span class='ocrx_word' id='word_1_206' title='bbox 3646 580 3785 635; x_wconf 61' lang='lat' dir='ltr'>Grat-</span> 
     </span>
    </p>
   </div>
   <div class='ocr_carea' id='block_1_33' title="bbox 2193 666 3790 737">
    <p class='ocr_par' dir='ltr' id='par_1_33' title="bbox 2193 666 3790 737">
     <span class='ocr_line' id='line_1_33' title="bbox 2193 666 3790 737; baseline 0.002 -18"><span class='ocrx_word' id='word_1_207' title='bbox 2193 681 2297 719; x_wconf 91' lang='lat' dir='ltr'>cos</span> <span class='ocrx_word' id='word_1_208' title='bbox 2330 682 2360 717; x_wconf 90' lang='lat' dir='ltr'>a</span> <span class='ocrx_word' id='word_1_209' title='bbox 2391 666 2613 718; x_wconf 87' lang='lat' dir='ltr'>nostris</span> <span class='ocrx_word' id='word_1_210' title='bbox 2645 666 2983 734; x_wconf 90' lang='lat' dir='ltr'>dissentire,</span> <span class='ocrx_word' id='word_1_211' title='bbox 3009 681 3121 718; x_wconf 92' lang='lat' dir='ltr'>non</span> <span class='ocrx_word' id='word_1_212' title='bbox 3147 666 3438 719; x_wconf 90' lang='lat' dir='ltr'>minimum</span> <span class='ocrx_word' id='word_1_213' title='bbox 3459 668 3790 737; x_wconf 82' lang='lat' dir='ltr'>gavisi,auxi-</span> 
     </span>
    </p>
   </div>
   <div class='ocr_carea' id='block_1_34' title="bbox 2191 747 3789 824">
    <p class='ocr_par' dir='ltr' id='par_1_34' title="bbox 2191 747 3789 824">
     <span class='ocr_line' id='line_1_34' title="bbox 2191 747 3789 824; baseline 0.001 -18"><span class='ocrx_word' id='word_1_214' title='bbox 2191 753 2334 806; x_wconf 92' lang='lat' dir='ltr'>lium</span> <span class='ocrx_word' id='word_1_215' title='bbox 2356 753 2525 806; x_wconf 90' lang='lat' dir='ltr'>laturi</span> <span class='ocrx_word' id='word_1_216' title='bbox 2549 769 2615 806; x_wconf 89' lang='lat' dir='ltr'>se</span> <span class='ocrx_word' id='word_1_217' title='bbox 2633 753 2752 822; x_wconf 79' lang='lat' dir='ltr'>jam</span> <span class='ocrx_word' id='word_1_218' title='bbox 2777 754 2849 806; x_wconf 91' lang='lat' dir='ltr'>ad</span> <span class='ocrx_word' id='word_1_219' title='bbox 2870 754 3003 806; x_wconf 90' lang='lat' dir='ltr'>illos</span> <span class='ocrx_word' id='word_1_220' title='bbox 3026 747 3403 816; x_wconf 83' lang='lat' dir='ltr'>contulerant;</span> <span class='ocrx_word' id='word_1_221' title='bbox 3423 770 3653 823; x_wconf 90' lang='lat' dir='ltr'>quorum</span> <span class='ocrx_word' id='word_1_222' title='bbox 3670 773 3789 824; x_wconf 61' lang='lat' dir='ltr'>pra;-</span> 
     </span>
    </p>
   </div>
   <div class='ocr_carea' id='block_1_35' title="bbox 2196 841 3790 909">
    <p class='ocr_par' dir='ltr' id='par_1_35' title="bbox 2196 841 3790 909">
     <span class='ocr_line' id='line_1_35' title="bbox 2196 841 3790 909; baseline 0.001 -13"><span class='ocrx_word' id='word_1_223' title='bbox 2196 842 2345 896; x_wconf 92' lang='lat' dir='ltr'>sidio</span> <span class='ocrx_word' id='word_1_224' title='bbox 2376 842 2564 895; x_wconf 68' lang='lat' dir='ltr'>erci</span> <span class='ocrx_word' id='word_1_225' title='bbox 2585 842 3006 909; x_wconf 84' lang='lat' dir='ltr'>perplurimum</span> <span class='ocrx_word' id='word_1_226' title='bbox 3038 841 3365 895; x_wconf 88' lang='lat' dir='ltr'>tuebantur.</span> <span class='ocrx_word' id='word_1_227' title='bbox 3416 842 3552 895; x_wconf 85' lang='lat' dir='ltr'>Nam</span> <span class='ocrx_word' id='word_1_228' title='bbox 3574 859 3691 895; x_wconf 89' lang='lat' dir='ltr'>cum</span> <span class='ocrx_word' id='word_1_229' title='bbox 3712 844 3790 897; x_wconf 90' lang='lat' dir='ltr'>diu</span> 
     </span>
    </p>
   </div>
   <div class='ocr_carea' id='block_1_36' title="bbox 2194 930 3793 999">
    <p class='ocr_par' dir='ltr' id='par_1_36' title="bbox 2194 930 3793 999">
     <span class='ocr_line' id='line_1_36' title="bbox 2194 930 3793 999; baseline 0.001 -15"><span class='ocrx_word' id='word_1_230' title='bbox 2194 931 2386 984; x_wconf 89' lang='lat' dir='ltr'>taliter</span> <span class='ocrx_word' id='word_1_231' title='bbox 2398 930 2980 999; x_wconf 88' lang='lat' dir='ltr'>impugnando,nunc</span> <span class='ocrx_word' id='word_1_232' title='bbox 2993 935 3186 982; x_wconf 91' lang='lat' dir='ltr'>autem</span> <span class='ocrx_word' id='word_1_233' title='bbox 3197 944 3263 982; x_wconf 92' lang='lat' dir='ltr'>se</span> <span class='ocrx_word' id='word_1_234' title='bbox 3278 931 3439 999; x_wconf 90' lang='lat' dir='ltr'>ipsos</span> <span class='ocrx_word' id='word_1_235' title='bbox 3452 931 3793 997; x_wconf 82' lang='lat' dir='ltr'>defendendo,</span> 
     </span>
    </p>
   </div>
   <div class='ocr_carea' id='block_1_37' title="bbox 2187 1017 3795 1088">
    <p class='ocr_par' dir='ltr' id='par_1_37' title="bbox 2187 1017 3795 1088">
     <span class='ocr_line' id='line_1_37' title="bbox 2187 1017 3795 1088; baseline 0.001 -18"><span class='ocrx_word' id='word_1_236' title='bbox 2187 1018 2323 1088; x_wconf 79' lang='lat' dir='ltr'>jugi</span> <span class='ocrx_word' id='word_1_237' title='bbox 2352 1019 2692 1071; x_wconf 86' lang='lat' dir='ltr'>incursione</span> <span class='ocrx_word' id='word_1_238' title='bbox 2724 1017 2961 1084; x_wconf 89' lang='lat' dir='ltr'>detenti,</span> <span class='ocrx_word' id='word_1_239' title='bbox 2995 1018 3133 1071; x_wconf 91' lang='lat' dir='ltr'>dum</span> <span class='ocrx_word' id='word_1_240' title='bbox 3164 1033 3269 1086; x_wconf 90' lang='lat' dir='ltr'>per</span> <span class='ocrx_word' id='word_1_241' title='bbox 3297 1018 3527 1071; x_wconf 90' lang='lat' dir='ltr'>diversa</span> <span class='ocrx_word' id='word_1_242' title='bbox 3545 1018 3661 1071; x_wconf 89' lang='lat' dir='ltr'>loca</span> <span class='ocrx_word' id='word_1_243' title='bbox 3676 1035 3795 1086; x_wconf 74' lang='lat' dir='ltr'>pree-</span> 
     </span>
    </p>
   </div>
   <div class='ocr_carea' id='block_1_38' title="bbox 2196 1105 3797 1174">
    <p class='ocr_par' dir='ltr' id='par_1_38' title="bbox 2196 1105 3797 1174">
     <span class='ocr_line' id='line_1_38' title="bbox 2196 1105 3797 1174; baseline 0.001 -15"><span class='ocrx_word' id='word_1_244' title='bbox 2196 1106 2386 1159; x_wconf 89' lang='lat' dir='ltr'>dando</span> <span class='ocrx_word' id='word_1_245' title='bbox 2419 1105 2635 1158; x_wconf 90' lang='lat' dir='ltr'>victum</span> <span class='ocrx_word' id='word_1_246' title='bbox 2660 1121 2945 1174; x_wconf 63' lang='lat' dir='ltr'>quaerere,</span> <span class='ocrx_word' id='word_1_247' title='bbox 2972 1110 3030 1158; x_wconf 94' lang='lat' dir='ltr'>ut</span> <span class='ocrx_word' id='word_1_248' title='bbox 3061 1106 3218 1159; x_wconf 91' lang='lat' dir='ltr'>soliti</span> <span class='ocrx_word' id='word_1_249' title='bbox 3244 1110 3430 1173; x_wconf 87' lang='lat' dir='ltr'>erant,</span> <span class='ocrx_word' id='word_1_250' title='bbox 3455 1106 3797 1174; x_wconf 86' lang='lat' dir='ltr'>impediuntur</span> 
     </span>
    </p>
   </div>
   <div class='ocr_carea' id='block_1_39' title="bbox 2196 1193 3795 1264">
    <p class='ocr_par' dir='ltr' id='par_1_39' title="bbox 2196 1193 3795 1264">
     <span class='ocr_line' id='line_1_39' title="bbox 2196 1193 3795 1264; baseline 0 -17"><span class='ocrx_word' id='word_1_251' title='bbox 2196 1194 2370 1247; x_wconf 90' lang='lat' dir='ltr'>famis</span> <span class='ocrx_word' id='word_1_252' title='bbox 2399 1193 2674 1263; x_wconf 82' lang='lat' dir='ltr'>angustia</span> <span class='ocrx_word' id='word_1_253' title='bbox 2707 1196 2763 1246; x_wconf 92' lang='lat' dir='ltr'>et</span> <span class='ocrx_word' id='word_1_254' title='bbox 2790 1194 3018 1248; x_wconf 90' lang='lat' dir='ltr'>assidui</span> <span class='ocrx_word' id='word_1_255' title='bbox 3049 1194 3385 1247; x_wconf 86' lang='lat' dir='ltr'>certaminis</span> <span class='ocrx_word' id='word_1_256' title='bbox 3429 1197 3485 1247; x_wconf 90' lang='lat' dir='ltr'>et</span> <span class='ocrx_word' id='word_1_257' title='bbox 3511 1195 3795 1264; x_wconf 88' lang='lat' dir='ltr'>vigiliarum</span> 
     </span>
    </p>
   </div>
   <div class='ocr_carea' id='block_1_40' title="bbox 2199 1280 3797 1351">
    <p class='ocr_par' dir='ltr' id='par_1_40' title="bbox 2199 1280 3797 1351">
     <span class='ocr_line' id='line_1_40' title="bbox 2199 1280 3797 1351; baseline -0.001 -16"><span class='ocrx_word' id='word_1_258' title='bbox 2199 1286 2368 1348; x_wconf 83' lang='lat' dir='ltr'>aestu,</span> <span class='ocrx_word' id='word_1_259' title='bbox 2398 1298 2530 1351; x_wconf 84' lang='lat' dir='ltr'>quae</span> <span class='ocrx_word' id='word_1_260' title='bbox 2552 1281 2787 1334; x_wconf 91' lang='lat' dir='ltr'>minime</span> <span class='ocrx_word' id='word_1_261' title='bbox 2810 1280 2924 1334; x_wconf 90' lang='lat' dir='ltr'>sibi</span> <span class='ocrx_word' id='word_1_262' title='bbox 2957 1281 3176 1349; x_wconf 89' lang='lat' dir='ltr'>pariter</span> <span class='ocrx_word' id='word_1_263' title='bbox 3205 1282 3570 1349; x_wconf 89' lang='lat' dir='ltr'>conveniunt,</span> <span class='ocrx_word' id='word_1_264' title='bbox 3599 1281 3797 1351; x_wconf 85' lang='lat' dir='ltr'>perplu-</span> 
     </span>
    </p>
   </div>
   <div class='ocr_carea' id='block_1_41' title="bbox 2200 1369 3801 1440">
    <p class='ocr_par' dir='ltr' id='par_1_41' title="bbox 2200 1369 3801 1440">
     <span class='ocr_line' id='line_1_41' title="bbox 2200 1369 3801 1440; baseline -0.001 -17"><span class='ocrx_word' id='word_1_265' title='bbox 2200 1371 2410 1423; x_wconf 91' lang='lat' dir='ltr'>rimum</span> <span class='ocrx_word' id='word_1_266' title='bbox 2430 1369 2795 1423; x_wconf 88' lang='lat' dir='ltr'>deﬁciebant.</span> <span class='ocrx_word' id='word_1_267' title='bbox 2821 1369 2887 1422; x_wconf 88' lang='lat' dir='ltr'>In</span> <span class='ocrx_word' id='word_1_268' title='bbox 2910 1372 3133 1423; x_wconf 88' lang='lat' dir='ltr'>tantum</span> <span class='ocrx_word' id='word_1_269' title='bbox 3156 1371 3310 1423; x_wconf 90' lang='lat' dir='ltr'>enim</span> <span class='ocrx_word' id='word_1_270' title='bbox 3347 1371 3589 1440; x_wconf 88' lang='lat' dir='ltr'>quisque</span> <span class='ocrx_word' id='word_1_271' title='bbox 3609 1369 3801 1423; x_wconf 85' lang='lat' dir='ltr'>sibimet</span> 
     </span>
    </p>
   </div>
   <div class='ocr_carea' id='block_1_42' title="bbox 2202 1456 3801 1528">
    <p class='ocr_par' dir='ltr' id='par_1_42' title="bbox 2202 1456 3801 1528">
     <span class='ocr_line' id='line_1_42' title="bbox 2202 1456 3801 1528; baseline 0.001 -18"><span class='ocrx_word' id='word_1_272' title='bbox 2202 1458 2456 1512; x_wconf 90' lang='lat' dir='ltr'>intentus</span> <span class='ocrx_word' id='word_1_273' title='bbox 2481 1459 2603 1510; x_wconf 88' lang='lat' dir='ltr'>erat</span> <span class='ocrx_word' id='word_1_274' title='bbox 2625 1460 2685 1511; x_wconf 90' lang='lat' dir='ltr'>ut</span> <span class='ocrx_word' id='word_1_275' title='bbox 2702 1456 2875 1510; x_wconf 90' lang='lat' dir='ltr'>etiam</span> <span class='ocrx_word' id='word_1_276' title='bbox 2894 1458 3023 1526; x_wconf 90' lang='lat' dir='ltr'>ipse</span> <span class='ocrx_word' id='word_1_277' title='bbox 3042 1472 3244 1512; x_wconf 91' lang='lat' dir='ltr'>comes</span> <span class='ocrx_word' id='word_1_278' title='bbox 3267 1459 3369 1511; x_wconf 87' lang='lat' dir='ltr'>vix</span> <span class='ocrx_word' id='word_1_279' title='bbox 3397 1457 3634 1528; x_wconf 87' lang='lat' dir='ltr'>aliquem</span> <span class='ocrx_word' id='word_1_280' title='bbox 3653 1457 3801 1511; x_wconf 84' lang='lat' dir='ltr'>habe-</span> 
     </span>
    </p>
   </div>
   <div class='ocr_carea' id='block_1_43' title="bbox 2203 1544 3799 1616">
    <p class='ocr_par' dir='ltr' id='par_1_43' title="bbox 2203 1544 3799 1616">
     <span class='ocr_line' id='line_1_43' title="bbox 2203 1544 3799 1616; baseline -0.001 -17"><span class='ocrx_word' id='word_1_281' title='bbox 2203 1550 2310 1615; x_wconf 89' lang='lat' dir='ltr'>ret,</span> <span class='ocrx_word' id='word_1_282' title='bbox 2357 1546 2457 1615; x_wconf 91' lang='lat' dir='ltr'>qui</span> <span class='ocrx_word' id='word_1_283' title='bbox 2510 1544 2625 1598; x_wconf 86' lang='lat' dir='ltr'>sibi</span> <span class='ocrx_word' id='word_1_284' title='bbox 2666 1545 2880 1613; x_wconf 90' lang='lat' dir='ltr'>cibum,</span> <span class='ocrx_word' id='word_1_285' title='bbox 2914 1550 3157 1616; x_wconf 86' lang='lat' dir='ltr'>excepta</span> <span class='ocrx_word' id='word_1_286' title='bbox 3201 1562 3386 1600; x_wconf 90' lang='lat' dir='ltr'>uxore</span> <span class='ocrx_word' id='word_1_287' title='bbox 3420 1550 3475 1600; x_wconf 90' lang='lat' dir='ltr'>et</span> <span class='ocrx_word' id='word_1_288' title='bbox 3517 1545 3799 1615; x_wconf 71' lang='lat' dir='ltr'>armigeris,</span> 
     </span>
    </p>
   </div>
   <div class='ocr_carea' id='block_1_44' title="bbox 2204 1633 3802 1704">
    <p class='ocr_par' dir='ltr' id='par_1_44' title="bbox 2204 1633 3802 1704">
     <span class='ocr_line' id='line_1_44' title="bbox 2204 1633 3802 1704; baseline -0.001 -17"><span class='ocrx_word' id='word_1_289' title='bbox 2204 1637 2529 1704; x_wconf 87' lang='lat' dir='ltr'>appararet.</span> <span class='ocrx_word' id='word_1_290' title='bbox 2566 1633 2713 1686; x_wconf 89' lang='lat' dir='ltr'>Nam</span> <span class='ocrx_word' id='word_1_291' title='bbox 2744 1649 2878 1687; x_wconf 91' lang='lat' dir='ltr'>cum</span> <span class='ocrx_word' id='word_1_292' title='bbox 2906 1634 3057 1688; x_wconf 89' lang='lat' dir='ltr'>infra</span> <span class='ocrx_word' id='word_1_293' title='bbox 3087 1635 3313 1701; x_wconf 88' lang='lat' dir='ltr'>urbem,</span> <span class='ocrx_word' id='word_1_294' title='bbox 3342 1650 3415 1689; x_wconf 91' lang='lat' dir='ltr'>ne</span> <span class='ocrx_word' id='word_1_295' title='bbox 3438 1637 3591 1688; x_wconf 86' lang='lat' dir='ltr'>extra</span> <span class='ocrx_word' id='word_1_296' title='bbox 3614 1633 3802 1703; x_wconf 70' lang='lat' dir='ltr'>prteda-</span> 
     </span>
    </p>
   </div>
   <div class='ocr_carea' id='block_1_45' title="bbox 2203 1721 3804 1792">
    <p class='ocr_par' dir='ltr' id='par_1_45' title="bbox 2203 1721 3804 1792">
     <span class='ocr_line' id='line_1_45' title="bbox 2203 1721 3804 1792; baseline -0.002 -15"><span class='ocrx_word' id='word_1_297' title='bbox 2203 1728 2323 1778; x_wconf 92' lang='lat' dir='ltr'>tum</span> <span class='ocrx_word' id='word_1_298' title='bbox 2341 1723 2471 1791; x_wconf 91' lang='lat' dir='ltr'>iret,</span> <span class='ocrx_word' id='word_1_299' title='bbox 2489 1721 2511 1791; x_wconf 84' lang='lat' dir='ltr'><strong>j</strong></span> <span class='ocrx_word' id='word_1_300' title='bbox 2523 1723 2622 1792; x_wconf 87' lang='lat' dir='ltr'>ugi</span> <span class='ocrx_word' id='word_1_301' title='bbox 2645 1721 2988 1776; x_wconf 90' lang='lat' dir='ltr'>defensione</span> <span class='ocrx_word' id='word_1_302' title='bbox 3012 1724 3241 1777; x_wconf 87' lang='lat' dir='ltr'>interim</span> <span class='ocrx_word' id='word_1_303' title='bbox 3258 1723 3659 1789; x_wconf 88' lang='lat' dir='ltr'>detinerentur,</span> <span class='ocrx_word' id='word_1_304' title='bbox 3678 1725 3804 1775; x_wconf 79' lang='lat' dir='ltr'>extra</span> 
     </span>
    </p>
   </div>
   <div class='ocr_carea' id='block_1_46' title="bbox 340 1799 3805 1879">
    <p class='ocr_par' dir='ltr' id='par_1_46' title="bbox 340 1799 3805 1879">
     <span class='ocr_line' id='line_1_46' title="bbox 340 1799 3805 1879; baseline -0.001 -13"><span class='ocrx_word' id='word_1_305' title='bbox 340 1868 345 1875; x_wconf 66' lang='grc'><strong><em>,</em></strong></span> <span class='ocrx_word' id='word_1_306' title='bbox 445 1826 599 1878; x_wconf 88' lang='lat' dir='ltr'>nem,</span> <span class='ocrx_word' id='word_1_307' title='bbox 633 1824 705 1862; x_wconf 89' lang='lat' dir='ltr'>ne</span> <span class='ocrx_word' id='word_1_308' title='bbox 732 1808 1002 1873; x_wconf 87' lang='lat' dir='ltr'>violetur,</span> <span class='ocrx_word' id='word_1_309' title='bbox 1038 1824 1276 1861; x_wconf 84' lang='lat' dir='ltr'>servare</span> <span class='ocrx_word' id='word_1_310' title='bbox 1315 1809 1552 1876; x_wconf 87' lang='lat' dir='ltr'>poterit;</span> <span class='ocrx_word' id='word_1_311' title='bbox 1586 1824 1675 1862; x_wconf 88' lang='lat' dir='ltr'>me</span> <span class='ocrx_word' id='word_1_312' title='bbox 1707 1824 1868 1878; x_wconf 91' lang='lat' dir='ltr'>vero,</span> <span class='ocrx_word' id='word_1_313' title='bbox 1910 1812 2009 1879; x_wconf 85' lang='lat' dir='ltr'>qui</span> <span class='ocrx_word' id='word_1_314' title='bbox 2041 1811 2099 1863; x_wconf 92' lang='lat' dir='ltr'>in</span> <span class='ocrx_word' id='word_1_315' title='bbox 2126 1799 2176 1862; x_wconf 90' lang='grc' dir='ltr'><strong>Β</strong></span> <span class='ocrx_word' id='word_1_316' title='bbox 2206 1816 2399 1866; x_wconf 90' lang='lat' dir='ltr'>autem</span> <span class='ocrx_word' id='word_1_317' title='bbox 2429 1812 2687 1865; x_wconf 88' lang='lat' dir='ltr'>omnium</span> <span class='ocrx_word' id='word_1_318' title='bbox 2715 1812 2866 1864; x_wconf 92' lang='lat' dir='ltr'>oculi</span> <span class='ocrx_word' id='word_1_319' title='bbox 2911 1812 2983 1864; x_wconf 90' lang='lat' dir='ltr'>ad</span> <span class='ocrx_word' id='word_1_320' title='bbox 3014 1812 3127 1865; x_wconf 90' lang='lat' dir='ltr'>hoc</span> <span class='ocrx_word' id='word_1_321' title='bbox 3157 1812 3524 1865; x_wconf 85' lang='lat' dir='ltr'>intenderent</span> <span class='ocrx_word' id='word_1_322' title='bbox 3553 1814 3609 1863; x_wconf 91' lang='lat' dir='ltr'>ut</span> <span class='ocrx_word' id='word_1_323' title='bbox 3636 1810 3680 1863; x_wconf 89' lang='lat' dir='ltr'>si</span> <span class='ocrx_word' id='word_1_324' title='bbox 3704 1824 3805 1861; x_wconf 75' lang='lat' dir='ltr'>rum</span> 
     </span>
    </p>
   </div>
   <div class='ocr_carea' id='block_1_47' title="bbox 2206 1897 3807 1969">
    <p class='ocr_par' dir='ltr' id='par_1_47' title="bbox 2206 1897 3807 1969">
     <span class='ocr_line' id='line_1_47' title="bbox 2206 1897 3807 1969; baseline -0.003 -15"><span class='ocrx_word' id='word_1_325' title='bbox 2206 1901 2412 1969; x_wconf 92' lang='lat' dir='ltr'>paucis</span> <span class='ocrx_word' id='word_1_326' title='bbox 2430 1899 2763 1952; x_wconf 88' lang='lat' dir='ltr'>latrocinari</span> <span class='ocrx_word' id='word_1_327' title='bbox 2781 1902 3026 1953; x_wconf 89' lang='lat' dir='ltr'>tentaret</span> <span class='ocrx_word' id='word_1_328' title='bbox 3041 1897 3807 1968; x_wconf 68' lang='lat' dir='ltr'>deprehenderetumquodvis</span> 
     </span>
    </p>
   </div>
   <div class='ocr_carea' id='block_1_48' title="bbox 2207 1985 3805 2058">
    <p class='ocr_par' dir='ltr' id='par_1_48' title="bbox 2207 1985 3805 2058">
     <span class='ocr_line' id='line_1_48' title="bbox 2207 1985 3805 2058; baseline -0.004 -17"><span class='ocrx_word' id='word_1_329' title='bbox 2207 1989 2414 2042; x_wconf 89' lang='lat' dir='ltr'>horum</span> <span class='ocrx_word' id='word_1_330' title='bbox 2438 2003 2615 2058; x_wconf 91' lang='lat' dir='ltr'>agere</span> <span class='ocrx_word' id='word_1_331' title='bbox 2630 1987 2941 2041; x_wconf 90' lang='lat' dir='ltr'>imminens</span> <span class='ocrx_word' id='word_1_332' title='bbox 2959 1988 3283 2057; x_wconf 90' lang='lat' dir='ltr'>periculum</span> <span class='ocrx_word' id='word_1_333' title='bbox 3298 1985 3805 2041; x_wconf 76' lang='lat' dir='ltr'>dehortabatui-.Un-</span> 
     </span>
    </p>
   </div>
   <div class='ocr_carea' id='block_1_49' title="bbox 2208 2076 3809 2145">
    <p class='ocr_par' dir='ltr' id='par_1_49' title="bbox 2208 2076 3809 2145">
     <span class='ocr_line' id='line_1_49' title="bbox 2208 2076 3809 2145; baseline -0.003 -15"><span class='ocrx_word' id='word_1_334' title='bbox 2208 2077 2279 2130; x_wconf 91' lang='lat' dir='ltr'>de</span> <span class='ocrx_word' id='word_1_335' title='bbox 2297 2079 2351 2129; x_wconf 90' lang='lat' dir='ltr'>et</span> <span class='ocrx_word' id='word_1_336' title='bbox 2367 2077 2523 2129; x_wconf 89' lang='lat' dir='ltr'>tanta</span> <span class='ocrx_word' id='word_1_337' title='bbox 2546 2076 2790 2144; x_wconf 89' lang='lat' dir='ltr'>penuria</span> <span class='ocrx_word' id='word_1_338' title='bbox 2811 2076 2963 2128; x_wconf 91' lang='lat' dir='ltr'>inter</span> <span class='ocrx_word' id='word_1_339' title='bbox 2976 2091 3080 2129; x_wconf 91' lang='lat' dir='ltr'>eos</span> <span class='ocrx_word' id='word_1_340' title='bbox 3105 2076 3210 2129; x_wconf 88' lang='lat' dir='ltr'>fuit</span> <span class='ocrx_word' id='word_1_341' title='bbox 3233 2078 3293 2129; x_wconf 90' lang='lat' dir='ltr'>ut</span> <span class='ocrx_word' id='word_1_342' title='bbox 3314 2091 3506 2145; x_wconf 88' lang='lat' dir='ltr'>neque</span> <span class='ocrx_word' id='word_1_343' title='bbox 3524 2089 3710 2144; x_wconf 89' lang='lat' dir='ltr'>rapere</span> <span class='ocrx_word' id='word_1_344' title='bbox 3734 2087 3809 2125; x_wconf 81' lang='lat' dir='ltr'>ne-</span> 
     </span>
    </p>
   </div>
   <div class='ocr_carea' id='block_1_50' title="bbox 2209 2161 3809 2233">
    <p class='ocr_par' dir='ltr' id='par_1_50' title="bbox 2209 2161 3809 2233">
     <span class='ocr_line' id='line_1_50' title="bbox 2209 2161 3809 2233; baseline -0.003 -18"><span class='ocrx_word' id='word_1_345' title='bbox 2209 2178 2321 2233; x_wconf 90' lang='lat' dir='ltr'>que</span> <span class='ocrx_word' id='word_1_346' title='bbox 2338 2163 2527 2233; x_wconf 89' lang='lat' dir='ltr'>gratia</span> <span class='ocrx_word' id='word_1_347' title='bbox 2548 2163 2832 2232; x_wconf 86' lang='lat' dir='ltr'>largiente</span> <span class='ocrx_word' id='word_1_348' title='bbox 2847 2163 2991 2216; x_wconf 90' lang='lat' dir='ltr'>alter</span> <span class='ocrx_word' id='word_1_349' title='bbox 3011 2163 3082 2215; x_wconf 93' lang='lat' dir='ltr'><strong>ab</strong></span> <span class='ocrx_word' id='word_1_350' title='bbox 3097 2163 3279 2216; x_wconf 88' lang='lat' dir='ltr'>altero</span> <span class='ocrx_word' id='word_1_351' title='bbox 3299 2163 3605 2232; x_wconf 88' lang='lat' dir='ltr'>impetrare</span> <span class='ocrx_word' id='word_1_352' title='bbox 3621 2161 3701 2213; x_wconf 86' lang='lat' dir='ltr'>vel</span> <span class='ocrx_word' id='word_1_353' title='bbox 3717 2176 3809 2212; x_wconf 88' lang='lat' dir='ltr'>mu-</span> 
     </span>
    </p>
   </div>
   <div class='ocr_carea' id='block_1_51' title="bbox 2208 2248 3811 2319">
    <p class='ocr_par' dir='ltr' id='par_1_51' title="bbox 2208 2248 3811 2319">
     <span class='ocr_line' id='line_1_51' title="bbox 2208 2248 3811 2319; baseline -0.002 -15"><span class='ocrx_word' id='word_1_354' title='bbox 2208 2254 2308 2304; x_wconf 89' lang='lat' dir='ltr'>tuo</span> <span class='ocrx_word' id='word_1_355' title='bbox 2331 2249 2549 2319; x_wconf 88' lang='lat' dir='ltr'>aliquid</span> <span class='ocrx_word' id='word_1_356' title='bbox 2571 2250 2840 2318; x_wconf 87' lang='lat' dir='ltr'>accipere</span> <span class='ocrx_word' id='word_1_357' title='bbox 2869 2254 3132 2319; x_wconf 89' lang='lat' dir='ltr'>possent,</span> <span class='ocrx_word' id='word_1_358' title='bbox 3168 2251 3447 2304; x_wconf 88' lang='lat' dir='ltr'>omnibus</span> <span class='ocrx_word' id='word_1_359' title='bbox 3465 2265 3604 2318; x_wconf 92' lang='lat' dir='ltr'>pene</span> <span class='ocrx_word' id='word_1_360' title='bbox 3623 2250 3687 2302; x_wconf 93' lang='lat' dir='ltr'>ab</span> <span class='ocrx_word' id='word_1_361' title='bbox 3711 2248 3811 2317; x_wconf 87' lang='lat' dir='ltr'>ipso</span> 
     </span>
    </p>
   </div>
   <div class='ocr_carea' id='block_1_52' title="bbox 2214 2336 3815 2408">
    <p class='ocr_par' dir='ltr' id='par_1_52' title="bbox 2214 2336 3815 2408">
     <span class='ocr_line' id='line_1_52' title="bbox 2214 2336 3815 2408; baseline -0.002 -17"><span class='ocrx_word' id='word_1_362' title='bbox 2214 2338 2421 2391; x_wconf 91' lang='lat' dir='ltr'>comite</span> <span class='ocrx_word' id='word_1_363' title='bbox 2445 2353 2635 2407; x_wconf 90' lang='lat' dir='ltr'>usque</span> <span class='ocrx_word' id='word_1_364' title='bbox 2653 2339 2722 2391; x_wconf 90' lang='lat' dir='ltr'>ad</span> <span class='ocrx_word' id='word_1_365' title='bbox 2741 2337 3006 2392; x_wconf 91' lang='lat' dir='ltr'>ultimum</span> <span class='ocrx_word' id='word_1_366' title='bbox 3028 2339 3296 2392; x_wconf 89' lang='lat' dir='ltr'>clientem</span> <span class='ocrx_word' id='word_1_367' title='bbox 3316 2354 3489 2408; x_wconf 60' lang='lat' dir='ltr'>equo</span> <span class='ocrx_word' id='word_1_368' title='bbox 3508 2337 3739 2407; x_wconf 88' lang='lat' dir='ltr'>pondere</span> <span class='ocrx_word' id='word_1_369' title='bbox 3755 2336 3815 2387; x_wconf 88' lang='lat' dir='ltr'>in-</span> 
     </span>
    </p>
   </div>
   <div class='ocr_carea' id='block_1_53' title="bbox 2212 2425 3817 2497">
    <p class='ocr_par' dir='ltr' id='par_1_53' title="bbox 2212 2425 3817 2497">
     <span class='ocr_line' id='line_1_53' title="bbox 2212 2425 3817 2497; baseline -0.003 -17"><span class='ocrx_word' id='word_1_370' title='bbox 2212 2427 2571 2497; x_wconf 89' lang='lat' dir='ltr'>digentibus.</span> <span class='ocrx_word' id='word_1_371' title='bbox 2624 2426 2889 2480; x_wconf 91' lang='lat' dir='ltr'>Vestium</span> <span class='ocrx_word' id='word_1_372' title='bbox 2918 2428 3089 2480; x_wconf 90' lang='lat' dir='ltr'>etiam</span> <span class='ocrx_word' id='word_1_373' title='bbox 3120 2430 3275 2480; x_wconf 88' lang='lat' dir='ltr'>tanta</span> <span class='ocrx_word' id='word_1_374' title='bbox 3314 2427 3561 2497; x_wconf 89' lang='lat' dir='ltr'>penuria</span> <span class='ocrx_word' id='word_1_375' title='bbox 3592 2425 3696 2478; x_wconf 89' lang='lat' dir='ltr'>illis</span> <span class='ocrx_word' id='word_1_376' title='bbox 3720 2427 3817 2477; x_wconf 89' lang='lat' dir='ltr'>erat</span> 
     </span>
    </p>
   </div>
   <div class='ocr_carea' id='block_1_54' title="bbox 2211 2513 3815 2581">
    <p class='ocr_par' dir='ltr' id='par_1_54' title="bbox 2211 2513 3815 2581">
     <span class='ocr_line' id='line_1_54' title="bbox 2211 2513 3815 2581; baseline -0.004 -11"><span class='ocrx_word' id='word_1_377' title='bbox 2211 2519 2275 2570; x_wconf 91' lang='lat' dir='ltr'>ut</span> <span class='ocrx_word' id='word_1_378' title='bbox 2304 2516 2454 2569; x_wconf 88' lang='lat' dir='ltr'>inter</span> <span class='ocrx_word' id='word_1_379' title='bbox 2485 2514 2757 2567; x_wconf 91' lang='lat' dir='ltr'>comitem</span> <span class='ocrx_word' id='word_1_380' title='bbox 2787 2516 2843 2566; x_wconf 93' lang='lat' dir='ltr'>et</span> <span class='ocrx_word' id='word_1_381' title='bbox 2865 2513 3247 2581; x_wconf 90' lang='lat' dir='ltr'>comitissam,</span> <span class='ocrx_word' id='word_1_382' title='bbox 3266 2530 3389 2568; x_wconf 88' lang='lat' dir='ltr'>non</span> <span class='ocrx_word' id='word_1_383' title='bbox 3420 2514 3536 2567; x_wconf 90' lang='lat' dir='ltr'>nisi</span> <span class='ocrx_word' id='word_1_384' title='bbox 3563 2527 3716 2567; x_wconf 88' lang='lat' dir='ltr'>unam</span> <span class='ocrx_word' id='word_1_385' title='bbox 3742 2525 3815 2563; x_wconf 84' lang='lat' dir='ltr'>ca-</span> 
     </span>
    </p>
   </div>
   <div class='ocr_carea' id='block_1_55' title="bbox 2212 2597 3819 2681">
    <p class='ocr_par' dir='ltr' id='par_1_55' title="bbox 2212 2597 3819 2681">
     <span class='ocr_line' id='line_1_55' title="bbox 2212 2597 3819 2681; baseline -0.004 -24"><span class='ocrx_word' id='word_1_386' title='bbox 2212 2620 2345 2674; x_wconf 91' lang='lat' dir='ltr'>pam</span> <span class='ocrx_word' id='word_1_387' title='bbox 2378 2603 2684 2672; x_wconf 90' lang='lat' dir='ltr'>habentes,</span> <span class='ocrx_word' id='word_1_388' title='bbox 2724 2602 3068 2670; x_wconf 89' lang='lat' dir='ltr'>alternatim,</span> <span class='ocrx_word' id='word_1_389' title='bbox 3101 2607 3273 2671; x_wconf 93' lang='lat' dir='ltr'>prout</span> <span class='ocrx_word' id='word_1_390' title='bbox 3323 2602 3633 2681; x_wconf 73' lang='lat' dir='ltr'>unicuique</span> <span class='ocrx_word' id='word_1_391' title='bbox 3667 2597 3819 2668; x_wconf 81' lang='lat' dir='ltr'>major</span> 
     </span>
    </p>
   </div>
   <div class='ocr_carea' id='block_1_56' title="bbox 2216 2688 3821 2759">
    <p class='ocr_par' dir='ltr' id='par_1_56' title="bbox 2216 2688 3821 2759">
     <span class='ocr_line' id='line_1_56' title="bbox 2216 2688 3821 2759; baseline -0.004 -15"><span class='ocrx_word' id='word_1_392' title='bbox 2216 2691 2544 2746; x_wconf 89' lang='lat' dir='ltr'>necessitas</span> <span class='ocrx_word' id='word_1_393' title='bbox 2563 2690 2953 2759; x_wconf 86' lang='lat' dir='ltr'>incumbebat,</span> <span class='ocrx_word' id='word_1_394' title='bbox 2979 2705 3048 2743; x_wconf 90' lang='lat' dir='ltr'>ea</span> <span class='ocrx_word' id='word_1_395' title='bbox 3067 2690 3401 2744; x_wconf 87' lang='lat' dir='ltr'>utebantur.</span> <span class='ocrx_word' id='word_1_396' title='bbox 3425 2690 3611 2743; x_wconf 66' lang='lat' dir='ltr'>Graeci</span> <span class='ocrx_word' id='word_1_397' title='bbox 3636 2701 3756 2741; x_wconf 85' lang='lat' dir='ltr'>vero</span> <span class='ocrx_word' id='word_1_398' title='bbox 3778 2688 3821 2739; x_wconf 87' lang='lat' dir='ltr'>et</span> 
     </span>
    </p>
   </div>
   <div class='ocr_carea' id='block_1_57' title="bbox 2215 2774 3820 2848">
    <p class='ocr_par' dir='ltr' id='par_1_57' title="bbox 2215 2774 3820 2848">
     <span class='ocr_line' id='line_1_57' title="bbox 2215 2774 3820 2848; baseline -0.006 -14"><span class='ocrx_word' id='word_1_399' title='bbox 2215 2780 2547 2845; x_wconf 88' lang='lat' dir='ltr'>Sarraceni,</span> <span class='ocrx_word' id='word_1_400' title='bbox 2596 2778 2813 2848; x_wconf 91' lang='lat' dir='ltr'>quibus</span> <span class='ocrx_word' id='word_1_401' title='bbox 2852 2779 3045 2831; x_wconf 91' lang='lat' dir='ltr'>omnis</span> <span class='ocrx_word' id='word_1_402' title='bbox 3088 2778 3275 2846; x_wconf 91' lang='lat' dir='ltr'>patria</span> <span class='ocrx_word' id='word_1_403' title='bbox 3313 2778 3525 2831; x_wconf 86' lang='lat' dir='ltr'>favens</span> <span class='ocrx_word' id='word_1_404' title='bbox 3572 2792 3667 2846; x_wconf 92' lang='lat' dir='ltr'>pro</span> <span class='ocrx_word' id='word_1_405' title='bbox 3693 2774 3820 2827; x_wconf 88' lang='lat' dir='ltr'>libito</span> 
     </span>
    </p>
   </div>
   <div class='ocr_carea' id='block_1_58' title="bbox 2215 2864 3821 2939">
    <p class='ocr_par' dir='ltr' id='par_1_58' title="bbox 2215 2864 3821 2939">
     <span class='ocr_line' id='line_1_58' title="bbox 2215 2864 3821 2939; baseline -0.005 -17"><span class='ocrx_word' id='word_1_406' title='bbox 2215 2868 2467 2939; x_wconf 89' lang='lat' dir='ltr'>patebat,</span> <span class='ocrx_word' id='word_1_407' title='bbox 2517 2867 2762 2935; x_wconf 81' lang='lat' dir='ltr'>plurima</span> <span class='ocrx_word' id='word_1_408' title='bbox 2810 2866 3187 2936; x_wconf 90' lang='lat' dir='ltr'>replebantur</span> <span class='ocrx_word' id='word_1_409' title='bbox 3230 2866 3605 2920; x_wconf 89' lang='lat' dir='ltr'>abundantia.</span> <span class='ocrx_word' id='word_1_410' title='bbox 3658 2864 3821 2932; x_wconf 83' lang='lat' dir='ltr'>Neque</span> 
     </span>
    </p>
   </div>
   <div class='ocr_carea' id='block_1_59' title="bbox 2215 2954 3822 3025">
    <p class='ocr_par' dir='ltr' id='par_1_59' title="bbox 2215 2954 3822 3025">
     <span class='ocr_line' id='line_1_59' title="bbox 2215 2954 3822 3025; baseline -0.006 -15"><span class='ocrx_word' id='word_1_411' title='bbox 2215 2956 2370 3010; x_wconf 88' lang='lat' dir='ltr'>enim</span> <span class='ocrx_word' id='word_1_412' title='bbox 2388 2956 2505 3009; x_wconf 92' lang='lat' dir='ltr'>illis</span> <span class='ocrx_word' id='word_1_413' title='bbox 2528 2970 2778 3009; x_wconf 90' lang='lat' dir='ltr'>necesse</span> <span class='ocrx_word' id='word_1_414' title='bbox 2796 2958 2918 3009; x_wconf 91' lang='lat' dir='ltr'>erat</span> <span class='ocrx_word' id='word_1_415' title='bbox 2932 2955 3149 3008; x_wconf 90' lang='lat' dir='ltr'>victum</span> <span class='ocrx_word' id='word_1_416' title='bbox 3165 2954 3489 3025; x_wconf 65' lang='lat' dir='ltr'>quaerendo</span> <span class='ocrx_word' id='word_1_417' title='bbox 3511 2954 3822 3022; x_wconf 87' lang='lat' dir='ltr'>aliquorsum</span> 
     </span>
    </p>
   </div>
   <div class='ocr_carea' id='block_1_60' title="bbox 2217 3042 3825 3115">
    <p class='ocr_par' dir='ltr' id='par_1_60' title="bbox 2217 3042 3825 3115">
     <span class='ocr_line' id='line_1_60' title="bbox 2217 3042 3825 3115; baseline -0.004 -18"><span class='ocrx_word' id='word_1_418' title='bbox 2217 3045 2446 3115; x_wconf 81' lang='lat' dir='ltr'>vagari;</span> <span class='ocrx_word' id='word_1_419' title='bbox 2478 3044 2691 3113; x_wconf 90' lang='lat' dir='ltr'>quippe</span> <span class='ocrx_word' id='word_1_420' title='bbox 2712 3042 2929 3112; x_wconf 90' lang='lat' dir='ltr'>quibus</span> <span class='ocrx_word' id='word_1_421' title='bbox 2950 3043 3142 3096; x_wconf 89' lang='lat' dir='ltr'>omnis</span> <span class='ocrx_word' id='word_1_422' title='bbox 3160 3042 3384 3111; x_wconf 86' lang='lat' dir='ltr'>Sicilia,</span> <span class='ocrx_word' id='word_1_423' title='bbox 3404 3057 3645 3112; x_wconf 62' lang='lat' dir='ltr'>quisque</span> <span class='ocrx_word' id='word_1_424' title='bbox 3660 3052 3825 3093; x_wconf 88' lang='lat' dir='ltr'>neces-</span> 
     </span>
    </p>
   </div>
   <div class='ocr_carea' id='block_1_61' title="bbox 449 3106 3823 3199">
    <p class='ocr_par' dir='ltr' id='par_1_61' title="bbox 449 3106 3823 3199">
     <span class='ocr_line' id='line_1_61' title="bbox 449 3106 3823 3199; baseline -0.001 -20"><span class='ocrx_word' id='word_1_425' title='bbox 449 3106 598 3199; x_wconf 59' lang='grc' dir='ltr'>(ίὲο)</span> <span class='ocrx_word' id='word_1_426' title='bbox 627 3110 898 3199; x_wconf 52' lang='grc' dir='ltr'>θυίῖίθβὲί</span> <span class='ocrx_word' id='word_1_427' title='bbox 922 3111 1290 3199; x_wconf 72' lang='grc' dir='ltr'>ι’θηὶιθηιθω,</span> <span class='ocrx_word' id='word_1_428' title='bbox 1335 3128 1540 3167; x_wconf 69' lang='lat' dir='ltr'>secum</span> <span class='ocrx_word' id='word_1_429' title='bbox 1572 3114 1815 3169; x_wconf 70' lang='lat' dir='ltr'>ducens-</span> <span class='ocrx_word' id='word_1_430' title='bbox 1850 3115 2109 3169; x_wconf 66' lang='lat' dir='ltr'>veniens</span> <span class='ocrx_word' id='word_1_431' title='bbox 2142 3128 2188 3187; x_wconf 87' lang='lat' dir='ltr'>C</span> <span class='ocrx_word' id='word_1_432' title='bbox 2219 3106 2376 3185; x_wconf 60' lang='lat' dir='ltr'>saria</span> <span class='ocrx_word' id='word_1_433' title='bbox 2406 3106 2602 3199; x_wconf 61' lang='lat' dir='ltr'>erant,</span> <span class='ocrx_word' id='word_1_434' title='bbox 2622 3106 2898 3183; x_wconf 49' lang='lat' dir='ltr'>cer-latim</span> <span class='ocrx_word' id='word_1_435' title='bbox 2948 3128 3223 3183; x_wconf 89' lang='lat' dir='ltr'>deferens</span> <span class='ocrx_word' id='word_1_436' title='bbox 3253 3106 3823 3198; x_wconf 45' lang='lat' dir='ltr'>ultro-suppeditabat.</span> 
     </span>
    </p>
   </div>
   <div class='ocr_carea' id='block_1_62' title="bbox 450 3198 2111 3273">
    <p class='ocr_par' dir='ltr' id='par_1_62' title="bbox 450 3198 2111 3273">
     <span class='ocr_line' id='line_1_62' title="bbox 450 3198 2111 3273; baseline 0.004 -23"><span class='ocrx_word' id='word_1_437' title='bbox 450 3198 647 3267; x_wconf 90' lang='lat' dir='ltr'>itaque</span> <span class='ocrx_word' id='word_1_438' title='bbox 667 3198 821 3266; x_wconf 89' lang='lat' dir='ltr'>apud</span> <span class='ocrx_word' id='word_1_439' title='bbox 840 3198 1132 3267; x_wconf 89' lang='lat' dir='ltr'>Trainam,</span> <span class='ocrx_word' id='word_1_440' title='bbox 1159 3216 1190 3253; x_wconf 91' lang='lat' dir='ltr'>a</span> <span class='ocrx_word' id='word_1_441' title='bbox 1207 3198 1559 3255; x_wconf 89' lang='lat' dir='ltr'>Christianis</span> <span class='ocrx_word' id='word_1_442' title='bbox 1582 3202 1829 3271; x_wconf 67' lang='lat' dir='ltr'>Graecis,</span> <span class='ocrx_word' id='word_1_443' title='bbox 1851 3204 1948 3273; x_wconf 90' lang='lat' dir='ltr'>qui</span> <span class='ocrx_word' id='word_1_444' title='bbox 1977 3220 2111 3258; x_wconf 90' lang='lat' dir='ltr'>eum</span> 
     </span>
    </p>
   </div>
   <div class='ocr_carea' id='block_1_63' title="bbox 443 3284 2111 3359">
    <p class='ocr_par' dir='ltr' id='par_1_63' title="bbox 443 3284 2111 3359">
     <span class='ocr_line' id='line_1_63' title="bbox 443 3284 2111 3359; baseline 0.005 -21"><span class='ocrx_word' id='word_1_445' title='bbox 443 3284 572 3356; x_wconf 82' lang='lat' dir='ltr'>jam</span> <span class='ocrx_word' id='word_1_446' title='bbox 602 3286 785 3339; x_wconf 90' lang='lat' dir='ltr'>altera</span> <span class='ocrx_word' id='word_1_447' title='bbox 812 3286 941 3341; x_wconf 91' lang='lat' dir='ltr'>vice</span> <span class='ocrx_word' id='word_1_448' title='bbox 963 3293 1368 3358; x_wconf 84' lang='lat' dir='ltr'>susceperant,</span> <span class='ocrx_word' id='word_1_449' title='bbox 1402 3290 1632 3359; x_wconf 89' lang='lat' dir='ltr'>iterum,</span> <span class='ocrx_word' id='word_1_450' title='bbox 1668 3294 1724 3344; x_wconf 90' lang='lat' dir='ltr'>et</span> <span class='ocrx_word' id='word_1_451' title='bbox 1755 3292 1806 3344; x_wconf 93' lang='lat' dir='ltr'>si</span> <span class='ocrx_word' id='word_1_452' title='bbox 1836 3307 1952 3346; x_wconf 89' lang='lat' dir='ltr'>non</span> <span class='ocrx_word' id='word_1_453' title='bbox 1979 3308 2111 3345; x_wconf 92' lang='lat' dir='ltr'>cum</span> 
     </span>
    </p>
   </div>
   <div class='ocr_carea' id='block_1_64' title="bbox 448 3375 2111 3448">
    <p class='ocr_par' dir='ltr' id='par_1_64' title="bbox 448 3375 2111 3448">
     <span class='ocr_line' id='line_1_64' title="bbox 448 3375 2111 3448; baseline 0.004 -21"><span class='ocrx_word' id='word_1_454' title='bbox 448 3375 625 3439; x_wconf 90' lang='lat' dir='ltr'>tanta,</span> <span class='ocrx_word' id='word_1_455' title='bbox 680 3376 743 3427; x_wconf 89' lang='lat' dir='ltr'>ut</span> <span class='ocrx_word' id='word_1_456' title='bbox 783 3375 970 3444; x_wconf 91' lang='lat' dir='ltr'>prius,</span> <span class='ocrx_word' id='word_1_457' title='bbox 1025 3380 1218 3430; x_wconf 91' lang='lat' dir='ltr'>tamen</span> <span class='ocrx_word' id='word_1_458' title='bbox 1262 3378 1561 3431; x_wconf 89' lang='lat' dir='ltr'>alacritate</span> <span class='ocrx_word' id='word_1_459' title='bbox 1608 3379 1955 3448; x_wconf 91' lang='lat' dir='ltr'>suscipitur,</span> <span class='ocrx_word' id='word_1_460' title='bbox 2007 3396 2111 3433; x_wconf 85' lang='lat' dir='ltr'>ur—</span> 
     </span>
    </p>
   </div>
   <div class='ocr_carea' id='block_1_65' title="bbox 449 3463 2109 3537">
    <p class='ocr_par' dir='ltr' id='par_1_65' title="bbox 449 3463 2109 3537">
     <span class='ocr_line' id='line_1_65' title="bbox 449 3463 2109 3537; baseline 0.002 -20"><span class='ocrx_word' id='word_1_461' title='bbox 449 3463 725 3533; x_wconf 90' lang='lat' dir='ltr'>bemque,</span> <span class='ocrx_word' id='word_1_462' title='bbox 760 3463 1033 3532; x_wconf 84' lang='lat' dir='ltr'>quamvis</span> <span class='ocrx_word' id='word_1_463' title='bbox 1065 3467 1272 3517; x_wconf 90' lang='lat' dir='ltr'>natura</span> <span class='ocrx_word' id='word_1_464' title='bbox 1313 3465 1552 3534; x_wconf 91' lang='lat' dir='ltr'>montis,</span> <span class='ocrx_word' id='word_1_465' title='bbox 1585 3465 1642 3518; x_wconf 90' lang='lat' dir='ltr'>in</span> <span class='ocrx_word' id='word_1_466' title='bbox 1689 3481 1805 3536; x_wconf 92' lang='lat' dir='ltr'>quo</span> <span class='ocrx_word' id='word_1_467' title='bbox 1856 3468 1967 3520; x_wconf 88' lang='lat' dir='ltr'>sita</span> <span class='ocrx_word' id='word_1_468' title='bbox 1998 3471 2109 3537; x_wconf 89' lang='lat' dir='ltr'>est,</span> 
     </span>
    </p>
   </div>
   <div class='ocr_carea' id='block_1_66' title="bbox 457 3549 2112 3624">
    <p class='ocr_par' dir='ltr' id='par_1_66' title="bbox 457 3549 2112 3624">
     <span class='ocr_line' id='line_1_66' title="bbox 457 3549 2112 3624; baseline 0.004 -21"><span class='ocrx_word' id='word_1_469' title='bbox 457 3550 604 3603; x_wconf 91' lang='lat' dir='ltr'>satis</span> <span class='ocrx_word' id='word_1_470' title='bbox 652 3550 1038 3604; x_wconf 89' lang='lat' dir='ltr'>defensabilis</span> <span class='ocrx_word' id='word_1_471' title='bbox 1072 3549 1244 3620; x_wconf 90' lang='lat' dir='ltr'>foret,</span> <span class='ocrx_word' id='word_1_472' title='bbox 1291 3552 1364 3605; x_wconf 91' lang='lat' dir='ltr'>ad</span> <span class='ocrx_word' id='word_1_473' title='bbox 1406 3554 1604 3606; x_wconf 88' lang='lat' dir='ltr'>votum</span> <span class='ocrx_word' id='word_1_474' title='bbox 1647 3569 1821 3607; x_wconf 91' lang='lat' dir='ltr'>suum</span> <span class='ocrx_word' id='word_1_475' title='bbox 1862 3556 2112 3624; x_wconf 91' lang='lat' dir='ltr'>aptando</span> 
     </span>
    </p>
   </div>
   <div class='ocr_carea' id='block_1_67' title="bbox 452 3636 2109 3714">
    <p class='ocr_par' dir='ltr' id='par_1_67' title="bbox 452 3636 2109 3714">
     <span class='ocr_line' id='line_1_67' title="bbox 452 3636 2109 3714; baseline 0.004 -24"><span class='ocrx_word' id='word_1_476' title='bbox 452 3636 757 3691; x_wconf 88' lang='lat' dir='ltr'>fortiorem</span> <span class='ocrx_word' id='word_1_477' title='bbox 784 3638 1065 3708; x_wconf 88' lang='lat' dir='ltr'>reddens,</span> <span class='ocrx_word' id='word_1_478' title='bbox 1100 3653 1285 3693; x_wconf 83' lang='lat' dir='ltr'>uxore</span> <span class='ocrx_word' id='word_1_479' title='bbox 1315 3640 1397 3693; x_wconf 90' lang='lat' dir='ltr'>ibi</span> <span class='ocrx_word' id='word_1_480' title='bbox 1430 3655 1563 3694; x_wconf 92' lang='lat' dir='ltr'>cum</span> <span class='ocrx_word' id='word_1_481' title='bbox 1590 3641 1798 3710; x_wconf 91' lang='lat' dir='ltr'>paucis</span> <span class='ocrx_word' id='word_1_482' title='bbox 1841 3642 2109 3714; x_wconf 91' lang='lat' dir='ltr'>dimissa,</span> 
     </span>
    </p>
   </div>
   <div class='ocr_carea' id='block_1_68' title="bbox 454 3724 2114 3795">
    <p class='ocr_par' dir='ltr' id='par_1_68' title="bbox 454 3724 2114 3795">
     <span class='ocr_line' id='line_1_68' title="bbox 454 3724 2114 3795; baseline 0.006 -19"><span class='ocrx_word' id='word_1_483' title='bbox 454 3724 913 3795; x_wconf 82' lang='lat' dir='ltr'>circumquaque</span> <span class='ocrx_word' id='word_1_484' title='bbox 933 3727 1125 3780; x_wconf 90' lang='lat' dir='ltr'>vicina</span> <span class='ocrx_word' id='word_1_485' title='bbox 1149 3729 1346 3781; x_wconf 91' lang='lat' dir='ltr'>castra</span> <span class='ocrx_word' id='word_1_486' title='bbox 1386 3728 1706 3783; x_wconf 88' lang='lat' dir='ltr'>acessitum</span> <span class='ocrx_word' id='word_1_487' title='bbox 1736 3730 2114 3786; x_wconf 71' lang='lat' dir='ltr'>vadit.Greeci</span> 
     </span>
    </p>
   </div>
   <div class='ocr_carea' id='block_1_69' title="bbox 454 3815 2115 3886">
    <p class='ocr_par' dir='ltr' id='par_1_69' title="bbox 454 3815 2115 3886">
     <span class='ocr_line' id='line_1_69' title="bbox 454 3815 2115 3886; baseline 0.005 -20"><span class='ocrx_word' id='word_1_488' title='bbox 454 3828 616 3883; x_wconf 91' lang='lat' dir='ltr'>vero,</span> <span class='ocrx_word' id='word_1_489' title='bbox 643 3829 879 3883; x_wconf 91' lang='lat' dir='ltr'>semper</span> <span class='ocrx_word' id='word_1_490' title='bbox 898 3830 1091 3886; x_wconf 87' lang='lat' dir='ltr'>genus</span> <span class='ocrx_word' id='word_1_491' title='bbox 1112 3815 1596 3886; x_wconf 88' lang='lat' dir='ltr'>perﬁdissimum,</span> <span class='ocrx_word' id='word_1_492' title='bbox 1624 3817 1734 3871; x_wconf 93' lang='lat' dir='ltr'>hoc</span> <span class='ocrx_word' id='word_1_493' title='bbox 1757 3819 1885 3872; x_wconf 87' lang='lat' dir='ltr'>solo</span> <span class='ocrx_word' id='word_1_494' title='bbox 1903 3818 2115 3875; x_wconf 75' lang='lat' dir='ltr'>offensi</span> 
     </span>
    </p>
   </div>
   <div class='ocr_carea' id='block_1_70' title="bbox 457 3902 2112 3978">
    <p class='ocr_par' dir='ltr' id='par_1_70' title="bbox 457 3902 2112 3978">
     <span class='ocr_line' id='line_1_70' title="bbox 457 3902 2112 3978; baseline 0.004 -22"><span class='ocrx_word' id='word_1_495' title='bbox 457 3902 615 3972; x_wconf 92' lang='lat' dir='ltr'>quod</span> <span class='ocrx_word' id='word_1_496' title='bbox 628 3902 844 3957; x_wconf 90' lang='lat' dir='ltr'>milites</span> <span class='ocrx_word' id='word_1_497' title='bbox 862 3904 1092 3958; x_wconf 90' lang='lat' dir='ltr'>comitis</span> <span class='ocrx_word' id='word_1_498' title='bbox 1113 3903 1173 3957; x_wconf 92' lang='lat' dir='ltr'>in</span> <span class='ocrx_word' id='word_1_499' title='bbox 1190 3904 1462 3959; x_wconf 91' lang='lat' dir='ltr'>domibus</span> <span class='ocrx_word' id='word_1_500' title='bbox 1484 3905 1613 3960; x_wconf 91' lang='lat' dir='ltr'>suis</span> <span class='ocrx_word' id='word_1_501' title='bbox 1644 3904 2112 3978; x_wconf 89' lang='lat' dir='ltr'>hospitabantur,</span> 
     </span>
    </p>
   </div>
   <div class='ocr_carea' id='block_1_71' title="bbox 453 3991 2116 4066">
    <p class='ocr_par' dir='ltr' id='par_1_71' title="bbox 453 3991 2116 4066">
     <span class='ocr_line' id='line_1_71' title="bbox 453 3991 2116 4066; baseline 0.004 -22"><span class='ocrx_word' id='word_1_502' title='bbox 453 3991 526 4045; x_wconf 90' lang='lat' dir='ltr'>de</span> <span class='ocrx_word' id='word_1_503' title='bbox 555 3991 843 4045; x_wconf 84' lang='lat' dir='ltr'>uxoribus</span> <span class='ocrx_word' id='word_1_504' title='bbox 874 3995 930 4045; x_wconf 92' lang='lat' dir='ltr'>et</span> <span class='ocrx_word' id='word_1_505' title='bbox 959 3992 1193 4046; x_wconf 89' lang='lat' dir='ltr'>ﬁliabus</span> <span class='ocrx_word' id='word_1_506' title='bbox 1224 3993 1517 4060; x_wconf 88' lang='lat' dir='ltr'>timentes,</span> <span class='ocrx_word' id='word_1_507' title='bbox 1549 3994 1799 4064; x_wconf 91' lang='lat' dir='ltr'>quadam</span> <span class='ocrx_word' id='word_1_508' title='bbox 1829 3996 1942 4066; x_wconf 91' lang='lat' dir='ltr'>die,</span> <span class='ocrx_word' id='word_1_509' title='bbox 1984 4011 2116 4050; x_wconf 90' lang='lat' dir='ltr'>cum</span> 
     </span>
    </p>
   </div>
   <div class='ocr_carea' id='block_1_72' title="bbox 456 4081 2114 4153">
    <p class='ocr_par' dir='ltr' id='par_1_72' title="bbox 456 4081 2114 4153">
     <span class='ocr_line' id='line_1_72' title="bbox 456 4081 2114 4153; baseline 0.003 -18"><span class='ocrx_word' id='word_1_510' title='bbox 456 4095 658 4135; x_wconf 89' lang='lat' dir='ltr'>comes</span> <span class='ocrx_word' id='word_1_511' title='bbox 690 4081 843 4149; x_wconf 91' lang='lat' dir='ltr'>apud</span> <span class='ocrx_word' id='word_1_512' title='bbox 860 4081 1211 4136; x_wconf 91' lang='lat' dir='ltr'>Nicosinum</span> <span class='ocrx_word' id='word_1_513' title='bbox 1241 4082 1619 4153; x_wconf 86' lang='lat' dir='ltr'>oppugnandi</span> <span class='ocrx_word' id='word_1_514' title='bbox 1651 4083 1839 4153; x_wconf 88' lang='lat' dir='ltr'>gratia</span> <span class='ocrx_word' id='word_1_515' title='bbox 1859 4100 2114 4141; x_wconf 88' lang='lat' dir='ltr'>morare-</span> 
     </span>
    </p>
   </div>
   <div class='ocr_carea' id='block_1_73' title="bbox 452 4169 2113 4243">
    <p class='ocr_par' dir='ltr' id='par_1_73' title="bbox 452 4169 2113 4243">
     <span class='ocr_line' id='line_1_73' title="bbox 452 4169 2113 4243; baseline 0.004 -19"><span class='ocrx_word' id='word_1_516' title='bbox 452 4172 569 4239; x_wconf 87' lang='lat' dir='ltr'>tur,</span> <span class='ocrx_word' id='word_1_517' title='bbox 613 4169 885 4225; x_wconf 87' lang='lat' dir='ltr'>videntes</span> <span class='ocrx_word' id='word_1_518' title='bbox 922 4186 1147 4241; x_wconf 91' lang='lat' dir='ltr'>paucos</span> <span class='ocrx_word' id='word_1_519' title='bbox 1193 4189 1327 4227; x_wconf 91' lang='lat' dir='ltr'>cum</span> <span class='ocrx_word' id='word_1_520' title='bbox 1375 4173 1678 4229; x_wconf 89' lang='lat' dir='ltr'>comitissa</span> <span class='ocrx_word' id='word_1_521' title='bbox 1728 4175 2113 4243; x_wconf 86' lang='lat' dir='ltr'>remansisse,</span> 
     </span>
    </p>
   </div>
   <div class='ocr_carea' id='block_1_74' title="bbox 457 4259 2115 4336">
    <p class='ocr_par' dir='ltr' id='par_1_74' title="bbox 457 4259 2115 4336">
     <span class='ocr_line' id='line_1_74' title="bbox 457 4259 2115 4336; baseline 0.004 -24"><span class='ocrx_word' id='word_1_522' title='bbox 457 4259 744 4329; x_wconf 89' lang='lat' dir='ltr'>suspicati</span> <span class='ocrx_word' id='word_1_523' title='bbox 774 4274 840 4313; x_wconf 90' lang='lat' dir='ltr'>se</span> <span class='ocrx_word' id='word_1_524' title='bbox 870 4259 931 4312; x_wconf 91' lang='lat' dir='ltr'>in</span> <span class='ocrx_word' id='word_1_525' title='bbox 975 4260 1182 4314; x_wconf 90' lang='lat' dir='ltr'>eodem</span> <span class='ocrx_word' id='word_1_526' title='bbox 1230 4261 1402 4317; x_wconf 89' lang='lat' dir='ltr'>facile</span> <span class='ocrx_word' id='word_1_527' title='bbox 1432 4267 1777 4336; x_wconf 84' lang='lat' dir='ltr'>praevalere,</span> <span class='ocrx_word' id='word_1_528' title='bbox 1812 4270 1874 4320; x_wconf 90' lang='lat' dir='ltr'>ut</span> <span class='ocrx_word' id='word_1_529' title='bbox 1908 4281 2012 4320; x_wconf 88' lang='lat' dir='ltr'>eos</span> <span class='ocrx_word' id='word_1_530' title='bbox 2042 4265 2115 4319; x_wconf 92' lang='lat' dir='ltr'>ab</span> 
     </span>
    </p>
   </div>
   <div class='ocr_carea' id='block_1_75' title="bbox 456 4347 2116 4426">
    <p class='ocr_par' dir='ltr' id='par_1_75' title="bbox 456 4347 2116 4426">
     <span class='ocr_line' id='line_1_75' title="bbox 456 4347 2116 4426; baseline 0.004 -26"><span class='ocrx_word' id='word_1_531' title='bbox 456 4348 606 4401; x_wconf 88' lang='lat' dir='ltr'>urbe</span> <span class='ocrx_word' id='word_1_532' title='bbox 630 4347 995 4417; x_wconf 87' lang='lat' dir='ltr'>expellendo,</span> <span class='ocrx_word' id='word_1_533' title='bbox 1018 4349 1112 4403; x_wconf 91' lang='lat' dir='ltr'>vel</span> <span class='ocrx_word' id='word_1_534' title='bbox 1130 4353 1290 4404; x_wconf 91' lang='lat' dir='ltr'>certe</span> <span class='ocrx_word' id='word_1_535' title='bbox 1311 4352 1654 4423; x_wconf 90' lang='lat' dir='ltr'>occidendo,</span> <span class='ocrx_word' id='word_1_536' title='bbox 1672 4355 1889 4426; x_wconf 75' lang='lat' dir='ltr'>jugum</span> <span class='ocrx_word' id='word_1_537' title='bbox 1911 4369 2116 4409; x_wconf 91' lang='lat' dir='ltr'>eorum</span> 
     </span>
    </p>
   </div>
   <div class='ocr_carea' id='block_1_76' title="bbox 457 4436 2197 4511">
    <p class='ocr_par' dir='ltr' id='par_1_76' title="bbox 457 4436 2197 4511">
     <span class='ocr_line' id='line_1_76' title="bbox 457 4436 2197 4511; baseline 0.004 -21"><span class='ocrx_word' id='word_1_538' title='bbox 457 4452 490 4489; x_wconf 92' lang='lat' dir='ltr'><strong>a</strong></span> <span class='ocrx_word' id='word_1_539' title='bbox 520 4452 587 4490; x_wconf 91' lang='lat' dir='ltr'>se</span> <span class='ocrx_word' id='word_1_540' title='bbox 634 4436 948 4505; x_wconf 89' lang='lat' dir='ltr'>excutiant,</span> <span class='ocrx_word' id='word_1_541' title='bbox 984 4453 1327 4509; x_wconf 88' lang='lat' dir='ltr'>oppugnare</span> <span class='ocrx_word' id='word_1_542' title='bbox 1373 4446 1696 4510; x_wconf 74' lang='lat' dir='ltr'>cce-perunt.</span> <span class='ocrx_word' id='word_1_543' title='bbox 1748 4442 1864 4498; x_wconf 90' lang='lat' dir='ltr'>Sed</span> <span class='ocrx_word' id='word_1_544' title='bbox 1906 4444 2113 4511; x_wconf 90' lang='lat' dir='ltr'>nostri,</span> <span class='ocrx_word' id='word_1_545' title='bbox 2144 4445 2197 4507; x_wconf 90' lang='lat' dir='ltr'><strong>D</strong></span> 
     </span>
    </p>
   </div>
   <div class='ocr_carea' id='block_1_77' title="bbox 455 4523 2115 4599">
    <p class='ocr_par' dir='ltr' id='par_1_77' title="bbox 455 4523 2115 4599">
     <span class='ocr_line' id='line_1_77' title="bbox 455 4523 2115 4599; baseline 0.004 -22"><span class='ocrx_word' id='word_1_546' title='bbox 455 4523 727 4593; x_wconf 89' lang='lat' dir='ltr'>quamvis</span> <span class='ocrx_word' id='word_1_547' title='bbox 749 4524 941 4593; x_wconf 88' lang='lat' dir='ltr'>pauci,</span> <span class='ocrx_word' id='word_1_548' title='bbox 967 4526 1158 4580; x_wconf 89' lang='lat' dir='ltr'>animo</span> <span class='ocrx_word' id='word_1_549' title='bbox 1176 4527 1370 4580; x_wconf 90' lang='lat' dir='ltr'>tamen</span> <span class='ocrx_word' id='word_1_550' title='bbox 1390 4532 1444 4582; x_wconf 93' lang='lat' dir='ltr'>et</span> <span class='ocrx_word' id='word_1_551' title='bbox 1467 4530 1647 4583; x_wconf 91' lang='lat' dir='ltr'>armis</span> <span class='ocrx_word' id='word_1_552' title='bbox 1668 4531 2115 4599; x_wconf 90' lang='lat' dir='ltr'>promptissimi,</span> 
     </span>
    </p>
   </div>
   <div class='ocr_carea' id='block_1_78' title="bbox 457 4612 2114 4686">
    <p class='ocr_par' dir='ltr' id='par_1_78' title="bbox 457 4612 2114 4686">
     <span class='ocr_line' id='line_1_78' title="bbox 457 4612 2114 4686; baseline 0.004 -20"><span class='ocrx_word' id='word_1_553' title='bbox 457 4612 592 4666; x_wconf 90' lang='lat' dir='ltr'>dolo</span> <span class='ocrx_word' id='word_1_554' title='bbox 624 4612 881 4683; x_wconf 88' lang='lat' dir='ltr'>cognito,</span> <span class='ocrx_word' id='word_1_555' title='bbox 923 4613 980 4665; x_wconf 92' lang='lat' dir='ltr'>in</span> <span class='ocrx_word' id='word_1_556' title='bbox 1000 4629 1159 4666; x_wconf 90' lang='lat' dir='ltr'>arma</span> <span class='ocrx_word' id='word_1_557' title='bbox 1182 4615 1354 4669; x_wconf 86' lang='lat' dir='ltr'>citius</span> <span class='ocrx_word' id='word_1_558' title='bbox 1387 4620 1581 4686; x_wconf 90' lang='lat' dir='ltr'>ruunt,</span> <span class='ocrx_word' id='word_1_559' title='bbox 1607 4618 1899 4672; x_wconf 91' lang='lat' dir='ltr'>dominam</span> <span class='ocrx_word' id='word_1_560' title='bbox 1927 4633 2114 4681; x_wconf 87' lang='lat' dir='ltr'>suam,</span> 
     </span>
    </p>
   </div>
   <div class='ocr_carea' id='block_1_79' title="bbox 458 4701 2121 4774">
    <p class='ocr_par' dir='ltr' id='par_1_79' title="bbox 458 4701 2121 4774">
     <span class='ocr_line' id='line_1_79' title="bbox 458 4701 2121 4774; baseline 0.003 -19"><span class='ocrx_word' id='word_1_561' title='bbox 458 4716 716 4770; x_wconf 90' lang='lat' dir='ltr'>seseque</span> <span class='ocrx_word' id='word_1_562' title='bbox 746 4716 856 4771; x_wconf 91' lang='lat' dir='ltr'>pro</span> <span class='ocrx_word' id='word_1_563' title='bbox 888 4701 1004 4754; x_wconf 92' lang='lat' dir='ltr'>vita</span> <span class='ocrx_word' id='word_1_564' title='bbox 1054 4701 1325 4757; x_wconf 90' lang='lat' dir='ltr'>alacriter</span> <span class='ocrx_word' id='word_1_565' title='bbox 1355 4703 1760 4774; x_wconf 89' lang='lat' dir='ltr'>defendentes,</span> <span class='ocrx_word' id='word_1_566' title='bbox 1801 4708 2121 4761; x_wconf 84' lang='lat' dir='ltr'>accerrime</span> 
     </span>
    </p>
   </div>
   <div class='ocr_carea' id='block_1_80' title="bbox 460 4790 2116 4858">
    <p class='ocr_par' dir='ltr' id='par_1_80' title="bbox 460 4790 2116 4858">
     <span class='ocr_line' id='line_1_80' title="bbox 460 4790 2116 4858; baseline 0.002 -15"><span class='ocrx_word' id='word_1_567' title='bbox 460 4790 768 4858; x_wconf 90' lang='lat' dir='ltr'>resistunt,</span> <span class='ocrx_word' id='word_1_568' title='bbox 795 4790 980 4843; x_wconf 91' lang='lat' dir='ltr'>donec</span> <span class='ocrx_word' id='word_1_569' title='bbox 1001 4806 1117 4844; x_wconf 85' lang='lat' dir='ltr'>nox</span> <span class='ocrx_word' id='word_1_570' title='bbox 1135 4793 1428 4846; x_wconf 90' lang='lat' dir='ltr'>certamen</span> <span class='ocrx_word' id='word_1_571' title='bbox 1450 4793 1700 4847; x_wconf 90' lang='lat' dir='ltr'>diremit.</span> <span class='ocrx_word' id='word_1_572' title='bbox 1721 4794 1933 4848; x_wconf 90' lang='lat' dir='ltr'>Comes</span> <span class='ocrx_word' id='word_1_573' title='bbox 1956 4809 2116 4858; x_wconf 85' lang='lat' dir='ltr'>vero,</span> 
     </span>
    </p>
   </div>
   <div class='ocr_carea' id='block_1_81' title="bbox 462 4878 2121 4951">
    <p class='ocr_par' dir='ltr' id='par_1_81' title="bbox 462 4878 2121 4951">
     <span class='ocr_line' id='line_1_81' title="bbox 462 4878 2121 4951; baseline 0.002 -20"><span class='ocrx_word' id='word_1_574' title='bbox 462 4878 619 4948; x_wconf 92' lang='lat' dir='ltr'>quod</span> <span class='ocrx_word' id='word_1_575' title='bbox 636 4879 936 4932; x_wconf 90' lang='lat' dir='ltr'>acciderat</span> <span class='ocrx_word' id='word_1_576' title='bbox 955 4894 1063 4946; x_wconf 91' lang='lat' dir='ltr'>per</span> <span class='ocrx_word' id='word_1_577' title='bbox 1090 4880 1347 4950; x_wconf 86' lang='lat' dir='ltr'>legatum</span> <span class='ocrx_word' id='word_1_578' title='bbox 1370 4895 1767 4951; x_wconf 88' lang='lat' dir='ltr'>cognoscens,</span> <span class='ocrx_word' id='word_1_579' title='bbox 1794 4882 2121 4936; x_wconf 90' lang='lat' dir='ltr'>citissimus</span> 
     </span>
    </p>
   </div>
   <div class='ocr_carea' id='block_1_82' title="bbox 461 4965 2124 5037">
    <p class='ocr_par' dir='ltr' id='par_1_82' title="bbox 461 4965 2124 5037">
     <span class='ocr_line' id='line_1_82' title="bbox 461 4965 2124 5037; baseline 0.004 -18"><span class='ocrx_word' id='word_1_580' title='bbox 461 4966 714 5035; x_wconf 89' lang='lat' dir='ltr'>advolat,</span> <span class='ocrx_word' id='word_1_581' title='bbox 747 4965 1124 5037; x_wconf 79' lang='lat' dir='ltr'>Graecosque</span> <span class='ocrx_word' id='word_1_582' title='bbox 1170 4968 1270 5037; x_wconf 92' lang='lat' dir='ltr'>qui</span> <span class='ocrx_word' id='word_1_583' title='bbox 1303 4967 1429 5036; x_wconf 73' lang='lat' dir='ltr'>jam</span> <span class='ocrx_word' id='word_1_584' title='bbox 1474 4969 1620 5023; x_wconf 90' lang='lat' dir='ltr'>urbe</span> <span class='ocrx_word' id='word_1_585' title='bbox 1652 4970 1723 5023; x_wconf 90' lang='lat' dir='ltr'>ad</span> <span class='ocrx_word' id='word_1_586' title='bbox 1752 4971 2124 5025; x_wconf 90' lang='lat' dir='ltr'>medietatem</span> 
     </span>
    </p>
   </div>
   <div class='ocr_carea' id='block_1_83' title="bbox 463 5056 2123 5127">
    <p class='ocr_par' dir='ltr' id='par_1_83' title="bbox 463 5056 2123 5127">
     <span class='ocr_line' id='line_1_83' title="bbox 463 5056 2123 5127; baseline 0.002 -17"><span class='ocrx_word' id='word_1_587' title='bbox 463 5056 821 5110; x_wconf 89' lang='lat' dir='ltr'>recisainter</span> <span class='ocrx_word' id='word_1_588' title='bbox 837 5071 903 5110; x_wconf 90' lang='lat' dir='ltr'>se</span> <span class='ocrx_word' id='word_1_589' title='bbox 922 5060 977 5109; x_wconf 91' lang='lat' dir='ltr'>et</span> <span class='ocrx_word' id='word_1_590' title='bbox 1000 5056 1395 5110; x_wconf 87' lang='lat' dir='ltr'>Nortmannos</span> <span class='ocrx_word' id='word_1_591' title='bbox 1409 5059 1719 5127; x_wconf 90' lang='lat' dir='ltr'>quamdam</span> <span class='ocrx_word' id='word_1_592' title='bbox 1741 5060 2123 5114; x_wconf 91' lang='lat' dir='ltr'>munitionem</span> 
     </span>
    </p>
   </div>
   <div class='ocr_carea' id='block_1_84' title="bbox 464 5144 2126 5218">
    <p class='ocr_par' dir='ltr' id='par_1_84' title="bbox 464 5144 2126 5218">
     <span class='ocr_line' id='line_1_84' title="bbox 464 5144 2126 5218; baseline 0.004 -21"><span class='ocrx_word' id='word_1_593' title='bbox 464 5145 536 5197; x_wconf 92' lang='lat' dir='ltr'>ad</span> <span class='ocrx_word' id='word_1_594' title='bbox 554 5160 619 5198; x_wconf 92' lang='lat' dir='ltr'>se</span> <span class='ocrx_word' id='word_1_595' title='bbox 641 5144 1074 5198; x_wconf 89' lang='lat' dir='ltr'>defendendum</span> <span class='ocrx_word' id='word_1_596' title='bbox 1096 5144 1375 5215; x_wconf 90' lang='lat' dir='ltr'>fecerant,</span> <span class='ocrx_word' id='word_1_597' title='bbox 1400 5146 1596 5200; x_wconf 91' lang='lat' dir='ltr'>minus</span> <span class='ocrx_word' id='word_1_598' title='bbox 1619 5148 1689 5201; x_wconf 91' lang='lat' dir='ltr'>ad</span> <span class='ocrx_word' id='word_1_599' title='bbox 1707 5163 1978 5217; x_wconf 61' lang='lat' dir='ltr'>prazsens</span> <span class='ocrx_word' id='word_1_600' title='bbox 1995 5164 2126 5218; x_wconf 92' lang='lat' dir='ltr'>pro-</span> 
     </span>
    </p>
   </div>
   <div class='ocr_carea' id='block_1_85' title="bbox 535 5318 2124 5395">
    <p class='ocr_par' dir='ltr' id='par_1_85' title="bbox 535 5318 2124 5395">
     <span class='ocr_line' id='line_1_85' title="bbox 535 5318 2124 5395; baseline 0.004 -23"><span class='ocrx_word' id='word_1_601' title='bbox 535 5318 683 5395; x_wconf 74' lang='lat' dir='ltr'>(_l18)</span> <span class='ocrx_word' id='word_1_602' title='bbox 720 5321 991 5395; x_wconf 66' lang='lat' dir='ltr'>Castrum</span> <span class='ocrx_word' id='word_1_603' title='bbox 1016 5322 1165 5393; x_wconf 87' lang='lat' dir='ltr'>quod</span> <span class='ocrx_word' id='word_1_604' title='bbox 1200 5322 1411 5378; x_wconf 81' lang='lat' dir='ltr'>melius</span> <span class='ocrx_word' id='word_1_605' title='bbox 1430 5323 1493 5376; x_wconf 84' lang='lat' dir='ltr'>in</span> <span class='ocrx_word' id='word_1_606' title='bbox 1523 5324 1650 5394; x_wconf 86' lang='lat' dir='ltr'>ipsa</span> <span class='ocrx_word' id='word_1_607' title='bbox 1678 5324 1987 5395; x_wconf 77' lang='lat' dir='ltr'>provincia</span> <span class='ocrx_word' id='word_1_608' title='bbox 2016 5324 2124 5378; x_wconf 85' lang='lat' dir='ltr'>ha-</span> 
     </span>
    </p>
   </div>
   <div class='ocr_carea' id='block_1_86' title="bbox 464 5390 1243 5456">
    <p class='ocr_par' dir='ltr' id='par_1_86' title="bbox 464 5390 1243 5456">
     <span class='ocr_line' id='line_1_86' title="bbox 464 5390 1243 5456; baseline 0.003 -11"><span class='ocrx_word' id='word_1_609' title='bbox 464 5390 646 5445; x_wconf 80' lang='lat' dir='ltr'>bebat</span> <span class='ocrx_word' id='word_1_610' title='bbox 674 5391 798 5444; x_wconf 84' lang='lat' dir='ltr'>sibi</span> <span class='ocrx_word' id='word_1_611' title='bbox 822 5390 1097 5456; x_wconf 65' lang='lat' dir='ltr'>ablatifm,</span> <span class='ocrx_word' id='word_1_612' title='bbox 1133 5395 1243 5447; x_wconf 87' lang='lat' dir='ltr'>etc.</span> 
     </span>
    </p>
   </div>
   <div class='ocr_carea' id='block_1_87' title="bbox 537 5458 2126 5536">
    <p class='ocr_par' dir='ltr' id='par_1_87' title="bbox 537 5458 2126 5536">
     <span class='ocr_line' id='line_1_87' title="bbox 537 5458 2126 5536; baseline 0.003 -22"><span class='ocrx_word' id='word_1_613' title='bbox 537 5458 684 5536; x_wconf 69' lang='lat'>(119)</span> <span class='ocrx_word' id='word_1_614' title='bbox 713 5461 997 5536; x_wconf 62' lang='lat' dir='ltr'>Fratrem</span> <span class='ocrx_word' id='word_1_615' title='bbox 1016 5465 1136 5536; x_wconf 55' lang='lat' dir='ltr'>sibi</span> <span class='ocrx_word' id='word_1_616' title='bbox 1154 5465 1496 5519; x_wconf 65' lang='lat' dir='ltr'>arcersiens</span> <span class='ocrx_word' id='word_1_617' title='bbox 1517 5464 1593 5519; x_wconf 88' lang='lat' dir='ltr'>ad</span> <span class='ocrx_word' id='word_1_618' title='bbox 1596 5471 1853 5536; x_wconf 80' lang='lat' dir='ltr'>pontem,</span> <span class='ocrx_word' id='word_1_619' title='bbox 1878 5466 1982 5536; x_wconf 82' lang='lat' dir='ltr'>qui</span> <span class='ocrx_word' id='word_1_620' title='bbox 1995 5465 2126 5536; x_wconf 82' lang='lat' dir='ltr'>Gui-</span> 
     </span>
    </p>
   </div>
   <div class='ocr_carea' id='block_1_88' title="bbox 466 5531 2122 5659">
    <p class='ocr_par' dir='ltr' id='par_1_88' title="bbox 466 5531 2122 5659">
     <span class='ocr_line' id='line_1_88' title="bbox 466 5531 2122 5659; baseline 0.002 -74"><span class='ocrx_word' id='word_1_621' title='bbox 466 5531 669 5659; x_wconf 51' lang='lat' dir='ltr'>Ecardi</span> <span class='ocrx_word' id='word_1_622' title='bbox 708 5532 941 5656; x_wconf 49' lang='lat' dir='ltr'>tqndem</span> <span class='ocrx_word' id='word_1_623' title='bbox 974 5534 1093 5589; x_wconf 82' lang='lat' dir='ltr'>sibi</span> <span class='ocrx_word' id='word_1_624' title='bbox 1126 5537 1571 5592; x_wconf 80' lang='lat' dir='ltr'>conventionem</span> <span class='ocrx_word' id='word_1_625' title='bbox 1596 5531 1919 5591; x_wconf 74' lang='lat' dir='ltr'>exsecutus</span> <span class='ocrx_word' id='word_1_626' title='bbox 1953 5535 2122 5591; x_wconf 85' lang='lat' dir='ltr'>Cala-</span> 
     </span>
     <span class='ocr_line' id='line_1_89' title="bbox 509 5617 819 5659; baseline -0.003 -2"><span class='ocrx_word' id='word_1_627' title='bbox 509 5618 682 5659; x_wconf 82' lang='lat' dir='ltr'>riam.</span> <span class='ocrx_word' id='word_1_628' title='bbox 708 5617 740 5657; x_wconf 90' lang='lat' dir='ltr'>e</span> <span class='ocrx_word' id='word_1_629' title='bbox 769 5618 819 5656; x_wconf 93' lang='lat' dir='ltr'>c.</span> 
     </span>
    </p>
   </div>
   <div class='ocr_carea' id='block_1_89' title="bbox 509 5617 819 5674">
    <p class='ocr_par' dir='ltr' id='par_1_89' title="bbox 509 5617 819 5674">
     <span class='ocr_line' id='line_1_90' title="bbox 509 5617 819 5674; baseline -0.003 -17"><span class='ocrx_word' id='word_1_630' title='bbox 509 5618 682 5674; x_wconf 79' lang='lat' dir='ltr'>nam,</span> <span class='ocrx_word' id='word_1_631' title='bbox 708 5617 819 5657; x_wconf 79' lang='lat' dir='ltr'>etc.</span> 
     </span>
    </p>
   </div>
   <div class='ocr_carea' id='block_1_90' title="bbox 2220 3213 3827 3288">
    <p class='ocr_par' dir='ltr' id='par_1_90' title="bbox 2220 3213 3827 3288">
     <span class='ocr_line' id='line_1_91' title="bbox 2220 3213 3827 3288; baseline -0.007 -13"><span class='ocrx_word' id='word_1_632' title='bbox 2220 3220 2424 3275; x_wconf 90' lang='lat' dir='ltr'>Nostri</span> <span class='ocrx_word' id='word_1_633' title='bbox 2455 3222 2667 3284; x_wconf 89' lang='lat' dir='ltr'>autem,</span> <span class='ocrx_word' id='word_1_634' title='bbox 2690 3217 2959 3288; x_wconf 89' lang='lat' dir='ltr'>quamvis</span> <span class='ocrx_word' id='word_1_635' title='bbox 2986 3220 3145 3270; x_wconf 88' lang='lat' dir='ltr'>tanta</span> <span class='ocrx_word' id='word_1_636' title='bbox 3180 3219 3432 3287; x_wconf 89' lang='lat' dir='ltr'>penuria</span> <span class='ocrx_word' id='word_1_637' title='bbox 3460 3216 3661 3284; x_wconf 80' lang='lat' dir='ltr'>aﬁ&#39;ecti,</span> <span class='ocrx_word' id='word_1_638' title='bbox 3689 3213 3827 3267; x_wconf 84' lang='lat' dir='ltr'>famis</span> 
     </span>
    </p>
   </div>
   <div class='ocr_carea' id='block_1_91' title="bbox 2219 3302 3828 3377">
    <p class='ocr_par' dir='ltr' id='par_1_91' title="bbox 2219 3302 3828 3377">
     <span class='ocr_line' id='line_1_92' title="bbox 2219 3302 3828 3377; baseline -0.007 -15"><span class='ocrx_word' id='word_1_639' title='bbox 2219 3308 2511 3362; x_wconf 91' lang='lat' dir='ltr'>etlaboris</span> <span class='ocrx_word' id='word_1_640' title='bbox 2534 3306 2985 3377; x_wconf 87' lang='lat' dir='ltr'>vigiliarumque</span> <span class='ocrx_word' id='word_1_641' title='bbox 3008 3309 3158 3360; x_wconf 82' lang='lat' dir='ltr'>aestu</span> <span class='ocrx_word' id='word_1_642' title='bbox 3176 3305 3331 3359; x_wconf 87' lang='lat' dir='ltr'>inter</span> <span class='ocrx_word' id='word_1_643' title='bbox 3356 3322 3424 3360; x_wconf 92' lang='lat' dir='ltr'>se</span> <span class='ocrx_word' id='word_1_644' title='bbox 3450 3306 3611 3374; x_wconf 89' lang='lat' dir='ltr'>ipsos</span> <span class='ocrx_word' id='word_1_645' title='bbox 3630 3302 3828 3357; x_wconf 85' lang='lat' dir='ltr'>flebilio-</span> 
     </span>
    </p>
   </div>
   <div class='ocr_carea' id='block_1_92' title="bbox 2219 3392 3828 3463">
    <p class='ocr_par' dir='ltr' id='par_1_92' title="bbox 2219 3392 3828 3463">
     <span class='ocr_line' id='line_1_93' title="bbox 2219 3392 3828 3463; baseline -0.007 -12"><span class='ocrx_word' id='word_1_646' title='bbox 2219 3412 2319 3451; x_wconf 91' lang='lat' dir='ltr'>res</span> <span class='ocrx_word' id='word_1_647' title='bbox 2341 3396 2701 3463; x_wconf 90' lang='lat' dir='ltr'>anhelarent,</span> <span class='ocrx_word' id='word_1_648' title='bbox 2719 3394 2923 3448; x_wconf 87' lang='lat' dir='ltr'>viriles</span> <span class='ocrx_word' id='word_1_649' title='bbox 2948 3394 3143 3447; x_wconf 91' lang='lat' dir='ltr'>animo</span> <span class='ocrx_word' id='word_1_650' title='bbox 3161 3394 3309 3448; x_wconf 88' lang='lat' dir='ltr'>alter</span> <span class='ocrx_word' id='word_1_651' title='bbox 3328 3394 3500 3449; x_wconf 91' lang='lat' dir='ltr'>alteri</span> <span class='ocrx_word' id='word_1_652' title='bbox 3521 3392 3828 3448; x_wconf 82' lang='lat' dir='ltr'>ﬁebilitatem</span> 
     </span>
    </p>
   </div>
   <div class='ocr_carea' id='block_1_93' title="bbox 2221 3480 3829 3553">
    <p class='ocr_par' dir='ltr' id='par_1_93' title="bbox 2221 3480 3829 3553">
     <span class='ocr_line' id='line_1_94' title="bbox 2221 3480 3829 3553; baseline -0.006 -14"><span class='ocrx_word' id='word_1_653' title='bbox 2221 3500 2409 3553; x_wconf 90' lang='lat' dir='ltr'>suam,</span> <span class='ocrx_word' id='word_1_654' title='bbox 2461 3498 2534 3537; x_wconf 91' lang='lat' dir='ltr'>ne</span> <span class='ocrx_word' id='word_1_655' title='bbox 2585 3482 2914 3537; x_wconf 82' lang='lat' dir='ltr'>adinvicem</span> <span class='ocrx_word' id='word_1_656' title='bbox 2956 3482 3445 3551; x_wconf 85' lang='lat' dir='ltr'>dehortarentur,</span> <span class='ocrx_word' id='word_1_657' title='bbox 3493 3480 3829 3541; x_wconf 85' lang='lat' dir='ltr'>occultantes,</span> 
     </span>
    </p>
   </div>
   <div class='ocr_carea' id='block_1_94' title="bbox 2220 3568 3829 3643">
    <p class='ocr_par' dir='ltr' id='par_1_94' title="bbox 2220 3568 3829 3643">
     <span class='ocr_line' id='line_1_95' title="bbox 2220 3568 3829 3643; baseline -0.006 -16"><span class='ocrx_word' id='word_1_658' title='bbox 2220 3572 2471 3643; x_wconf 90' lang='lat' dir='ltr'>quadam</span> <span class='ocrx_word' id='word_1_659' title='bbox 2502 3571 2810 3637; x_wconf 89' lang='lat' dir='ltr'>hilaritate,</span> <span class='ocrx_word' id='word_1_660' title='bbox 2851 3570 3017 3625; x_wconf 90' lang='lat' dir='ltr'>vultu</span> <span class='ocrx_word' id='word_1_661' title='bbox 3045 3575 3102 3625; x_wconf 90' lang='lat' dir='ltr'>et</span> <span class='ocrx_word' id='word_1_662' title='bbox 3133 3571 3336 3625; x_wconf 87' lang='lat' dir='ltr'>verbis</span> <span class='ocrx_word' id='word_1_663' title='bbox 3381 3570 3651 3625; x_wconf 89' lang='lat' dir='ltr'>simulare</span> <span class='ocrx_word' id='word_1_664' title='bbox 3679 3568 3829 3621; x_wconf 84' lang='lat' dir='ltr'>tenta-</span> 
     </span>
    </p>
   </div>
   <div class='ocr_carea' id='block_1_95' title="bbox 2220 3658 3831 3730">
    <p class='ocr_par' dir='ltr' id='par_1_95' title="bbox 2220 3658 3831 3730">
     <span class='ocr_line' id='line_1_96' title="bbox 2220 3658 3831 3730; baseline -0.007 -14"><span class='ocrx_word' id='word_1_665' title='bbox 2220 3662 2379 3716; x_wconf 90' lang='lat' dir='ltr'>bant.</span> <span class='ocrx_word' id='word_1_666' title='bbox 2421 3660 2537 3715; x_wconf 90' lang='lat' dir='ltr'>Sed</span> <span class='ocrx_word' id='word_1_667' title='bbox 2559 3658 2883 3730; x_wconf 86' lang='lat' dir='ltr'>juvencula</span> <span class='ocrx_word' id='word_1_668' title='bbox 2922 3659 3227 3713; x_wconf 90' lang='lat' dir='ltr'>comitissa</span> <span class='ocrx_word' id='word_1_669' title='bbox 3255 3658 3419 3712; x_wconf 88' lang='lat' dir='ltr'>sitim</span> <span class='ocrx_word' id='word_1_670' title='bbox 3454 3658 3680 3728; x_wconf 89' lang='lat' dir='ltr'>quidem</span> <span class='ocrx_word' id='word_1_671' title='bbox 3715 3667 3831 3722; x_wconf 87' lang='lat' dir='ltr'>aqua</span> 
     </span>
    </p>
   </div>
   <div class='ocr_carea' id='block_1_96' title="bbox 2221 3746 3832 3821">
    <p class='ocr_par' dir='ltr' id='par_1_96' title="bbox 2221 3746 3832 3821">
     <span class='ocr_line' id='line_1_97' title="bbox 2221 3746 3832 3821; baseline -0.007 -16"><span class='ocrx_word' id='word_1_672' title='bbox 2221 3749 2657 3821; x_wconf 84' lang='lat' dir='ltr'>exstinguebat;</span> <span class='ocrx_word' id='word_1_673' title='bbox 2680 3748 2893 3803; x_wconf 90' lang='lat' dir='ltr'>famem</span> <span class='ocrx_word' id='word_1_674' title='bbox 2914 3763 3055 3802; x_wconf 87' lang='lat' dir='ltr'>vero</span> <span class='ocrx_word' id='word_1_675' title='bbox 3075 3762 3193 3802; x_wconf 90' lang='lat' dir='ltr'>non</span> <span class='ocrx_word' id='word_1_676' title='bbox 3213 3747 3332 3801; x_wconf 91' lang='lat' dir='ltr'>nisi</span> <span class='ocrx_word' id='word_1_677' title='bbox 3354 3746 3630 3817; x_wconf 78' lang='lat' dir='ltr'>lacrymis</span> <span class='ocrx_word' id='word_1_678' title='bbox 3644 3748 3695 3798; x_wconf 92' lang='lat' dir='ltr'>et</span> <span class='ocrx_word' id='word_1_679' title='bbox 3709 3755 3832 3796; x_wconf 62' lang='lat' dir='ltr'>somv</span> 
     </span>
    </p>
   </div>
   <div class='ocr_carea' id='block_1_97' title="bbox 2220 3831 3830 3908">
    <p class='ocr_par' dir='ltr' id='par_1_97' title="bbox 2220 3831 3830 3908">
     <span class='ocr_line' id='line_1_98' title="bbox 2220 3831 3830 3908; baseline -0.008 -15"><span class='ocrx_word' id='word_1_680' title='bbox 2220 3855 2317 3908; x_wconf 89' lang='lat' dir='ltr'>no,</span> <span class='ocrx_word' id='word_1_681' title='bbox 2350 3837 2572 3907; x_wconf 91' lang='lat' dir='ltr'>aliquid</span> <span class='ocrx_word' id='word_1_682' title='bbox 2619 3836 2775 3890; x_wconf 92' lang='lat' dir='ltr'>unde</span> <span class='ocrx_word' id='word_1_683' title='bbox 2822 3851 2940 3889; x_wconf 90' lang='lat' dir='ltr'>non</span> <span class='ocrx_word' id='word_1_684' title='bbox 2984 3835 3232 3905; x_wconf 88' lang='lat' dir='ltr'>habens,</span> <span class='ocrx_word' id='word_1_685' title='bbox 3280 3834 3588 3890; x_wconf 83' lang='lat' dir='ltr'>refrenare</span> <span class='ocrx_word' id='word_1_686' title='bbox 3628 3831 3830 3886; x_wconf 87' lang='lat' dir='ltr'>sciebat.</span> 
     </span>
    </p>
   </div>
   <div class='ocr_carea' id='block_1_98' title="bbox 2220 3914 3832 3994">
    <p class='ocr_par' dir='ltr' id='par_1_98' title="bbox 2220 3914 3832 3994">
     <span class='ocr_line' id='line_1_99' title="bbox 2220 3914 3832 3994; baseline -0.005 -13"><span class='ocrx_word' id='word_1_687' title='bbox 2220 3926 2528 3981; x_wconf 89' lang='lat' dir='ltr'>Certamen</span> <span class='ocrx_word' id='word_1_688' title='bbox 2577 3923 2886 3978; x_wconf 89' lang='lat' dir='ltr'>assiduum</span> <span class='ocrx_word' id='word_1_689' title='bbox 2941 3923 3098 3994; x_wconf 92' lang='lat' dir='ltr'>quod</span> <span class='ocrx_word' id='word_1_690' title='bbox 3130 3923 3300 3977; x_wconf 90' lang='lat' dir='ltr'>cibus</span> <span class='ocrx_word' id='word_1_691' title='bbox 3359 3940 3476 3978; x_wconf 90' lang='lat' dir='ltr'>non</span> <span class='ocrx_word' id='word_1_692' title='bbox 3519 3922 3679 3976; x_wconf 91' lang='lat' dir='ltr'>cibus</span> <span class='ocrx_word' id='word_1_693' title='bbox 3717 3914 3832 3986; x_wconf 63' lang='lat' dir='ltr'>(till</span> 
     </span>
    </p>
   </div>
   <div class='ocr_carea' id='block_1_99' title="bbox 2222 4005 3835 4085">
    <p class='ocr_par' dir='ltr' id='par_1_99' title="bbox 2222 4005 3835 4085">
     <span class='ocr_line' id='line_1_100' title="bbox 2222 4005 3835 4085; baseline -0.005 -16"><span class='ocrx_word' id='word_1_694' title='bbox 2222 4013 2650 4085; x_wconf 88' lang='lat' dir='ltr'>suppeditabat,</span> <span class='ocrx_word' id='word_1_695' title='bbox 2691 4011 2926 4066; x_wconf 89' lang='lat' dir='ltr'>hostilis</span> <span class='ocrx_word' id='word_1_696' title='bbox 2958 4011 3320 4082; x_wconf 88' lang='lat' dir='ltr'>impugnatio</span> <span class='ocrx_word' id='word_1_697' title='bbox 3351 4011 3570 4065; x_wconf 90' lang='lat' dir='ltr'>abesse</span> <span class='ocrx_word' id='word_1_698' title='bbox 3597 4005 3835 4079; x_wconf 82' lang='lat' dir='ltr'>prohibe-</span> 
     </span>
    </p>
   </div>
   <div class='ocr_carea' id='block_1_100' title="bbox 2221 4092 3836 4159">
    <p class='ocr_par' dir='ltr' id='par_1_100' title="bbox 2221 4092 3836 4159">
     <span class='ocr_line' id='line_1_101' title="bbox 2221 4092 3836 4159; baseline -0.008 -2"><span class='ocrx_word' id='word_1_699' title='bbox 2221 4104 2339 4157; x_wconf 93' lang='lat' dir='ltr'>bat.</span> <span class='ocrx_word' id='word_1_700' title='bbox 2365 4101 2481 4157; x_wconf 91' lang='lat' dir='ltr'>Sed</span> <span class='ocrx_word' id='word_1_701' title='bbox 2520 4100 2811 4154; x_wconf 88' lang='lat' dir='ltr'>interdum</span> <span class='ocrx_word' id='word_1_702' title='bbox 2855 4114 2929 4153; x_wconf 89' lang='lat' dir='ltr'>ne</span> <span class='ocrx_word' id='word_1_703' title='bbox 2959 4100 3032 4154; x_wconf 93' lang='lat' dir='ltr'><strong>ab</strong></span> <span class='ocrx_word' id='word_1_704' title='bbox 3062 4099 3337 4154; x_wconf 89' lang='lat' dir='ltr'>hostibus</span> <span class='ocrx_word' id='word_1_705' title='bbox 3387 4098 3771 4159; x_wconf 87' lang='lat' dir='ltr'>difﬁterentur,</span> <span class='ocrx_word' id='word_1_706' title='bbox 3798 4092 3836 4143; x_wconf 91' lang='lat' dir='ltr'>si</span> 
     </span>
    </p>
   </div>
   <div class='ocr_carea' id='block_1_101' title="bbox 2223 4179 3837 4260">
    <p class='ocr_par' dir='ltr' id='par_1_101' title="bbox 2223 4179 3837 4260">
     <span class='ocr_line' id='line_1_102' title="bbox 2223 4179 3837 4260; baseline -0.009 -15"><span class='ocrx_word' id='word_1_707' title='bbox 2223 4206 2341 4245; x_wconf 91' lang='lat' dir='ltr'>non</span> <span class='ocrx_word' id='word_1_708' title='bbox 2373 4190 2489 4243; x_wconf 91' lang='lat' dir='ltr'>nisi</span> <span class='ocrx_word' id='word_1_709' title='bbox 2520 4188 2843 4260; x_wconf 89' lang='lat' dir='ltr'>impugnati</span> <span class='ocrx_word' id='word_1_710' title='bbox 2873 4187 3024 4257; x_wconf 73' lang='grc'>(122)</span> <span class='ocrx_word' id='word_1_711' title='bbox 3054 4188 3113 4242; x_wconf 92' lang='lat' dir='ltr'>in</span> <span class='ocrx_word' id='word_1_712' title='bbox 3142 4203 3305 4241; x_wconf 91' lang='lat' dir='ltr'>arma</span> <span class='ocrx_word' id='word_1_713' title='bbox 3324 4190 3586 4255; x_wconf 88' lang='lat' dir='ltr'>ruerent,</span> <span class='ocrx_word' id='word_1_714' title='bbox 3608 4187 3726 4255; x_wconf 90' lang='lat' dir='ltr'>ipsa</span> <span class='ocrx_word' id='word_1_715' title='bbox 3742 4179 3837 4234; x_wconf 88' lang='lat' dir='ltr'>ani-</span> 
     </span>
    </p>
   </div>
   <div class='ocr_carea' id='block_1_102' title="bbox 2223 4269 3836 4349">
    <p class='ocr_par' dir='ltr' id='par_1_102' title="bbox 2223 4269 3836 4349">
     <span class='ocr_line' id='line_1_103' title="bbox 2223 4269 3836 4349; baseline -0.008 -17"><span class='ocrx_word' id='word_1_716' title='bbox 2223 4278 2569 4349; x_wconf 54' lang='lat' dir='ltr'>misZeorum</span> <span class='ocrx_word' id='word_1_717' title='bbox 2591 4278 2786 4330; x_wconf 90' lang='lat' dir='ltr'>innata</span> <span class='ocrx_word' id='word_1_718' title='bbox 2823 4276 3122 4345; x_wconf 88' lang='lat' dir='ltr'>ferocitas,</span> <span class='ocrx_word' id='word_1_719' title='bbox 3156 4276 3454 4347; x_wconf 85' lang='lat' dir='ltr'>sagaciter</span> <span class='ocrx_word' id='word_1_720' title='bbox 3482 4275 3649 4330; x_wconf 88' lang='lat' dir='ltr'>etiam</span> <span class='ocrx_word' id='word_1_721' title='bbox 3676 4269 3836 4324; x_wconf 87' lang='lat' dir='ltr'>volen-</span> 
     </span>
    </p>
   </div>
   <div class='ocr_carea' id='block_1_103' title="bbox 2225 4364 3343 4436">
    <p class='ocr_par' dir='ltr' id='par_1_103' title="bbox 2225 4364 3343 4436">
     <span class='ocr_line' id='line_1_104' title="bbox 2225 4364 3343 4436; baseline -0.004 -15"><span class='ocrx_word' id='word_1_722' title='bbox 2225 4367 2385 4421; x_wconf 90' lang='lat' dir='ltr'>tibus</span> <span class='ocrx_word' id='word_1_723' title='bbox 2416 4366 2562 4436; x_wconf 69' lang='lat'>(123)</span> <span class='ocrx_word' id='word_1_724' title='bbox 2594 4365 2824 4420; x_wconf 89' lang='lat' dir='ltr'>viribus</span> <span class='ocrx_word' id='word_1_725' title='bbox 2856 4364 3343 4434; x_wconf 87' lang='lat' dir='ltr'>repraesentabat.</span> 
     </span>
    </p>
   </div>
   <div class='ocr_carea' id='block_1_104' title="bbox 2814 4469 3280 4524">
    <p class='ocr_par' dir='ltr' id='par_1_104' title="bbox 2814 4469 3280 4524">
     <span class='ocr_line' id='line_1_105' title="bbox 2814 4469 3280 4524; baseline -0.004 0"><span class='ocrx_word' id='word_1_726' title='bbox 2814 4469 3065 4524; x_wconf 82' lang='lat' dir='ltr'>CAPUT</span> <span class='ocrx_word' id='word_1_727' title='bbox 3095 4469 3280 4523; x_wconf 80' lang='lat' dir='ltr'>XXX.</span> 
     </span>
    </p>
   </div>
   <div class='ocr_carea' id='block_1_105' title="bbox 2232 4567 3835 4646">
    <p class='ocr_par' dir='ltr' id='par_1_105' title="bbox 2232 4567 3835 4646">
     <span class='ocr_line' id='line_1_106' title="bbox 2232 4567 3835 4646; baseline -0.012 -12"><span class='ocrx_word' id='word_1_728' title='bbox 2232 4578 2440 4634; x_wconf 88' lang='lat' dir='ltr'>Comes</span> <span class='ocrx_word' id='word_1_729' title='bbox 2469 4594 2499 4631; x_wconf 89' lang='lat' dir='ltr'>a</span> <span class='ocrx_word' id='word_1_730' title='bbox 2531 4576 2892 4631; x_wconf 84' lang='lat' dir='ltr'>Sarracenis</span> <span class='ocrx_word' id='word_1_731' title='bbox 2921 4580 3124 4645; x_wconf 85' lang='lat' dir='ltr'>captus</span> <span class='ocrx_word' id='word_1_732' title='bbox 3151 4590 3217 4628; x_wconf 87' lang='lat' dir='ltr'>se</span> <span class='ocrx_word' id='word_1_733' title='bbox 3247 4574 3437 4646; x_wconf 86' lang='lat' dir='ltr'>ipsum</span> <span class='ocrx_word' id='word_1_734' title='bbox 3470 4586 3607 4627; x_wconf 86' lang='lat' dir='ltr'>ense</span> <span class='ocrx_word' id='word_1_735' title='bbox 3633 4567 3835 4622; x_wconf 83' lang='lat' dir='ltr'>liberat.</span> 
     </span>
    </p>
   </div>
   <div class='ocr_carea' id='block_1_106' title="bbox 2297 4679 3837 4753">
    <p class='ocr_par' dir='ltr' id='par_1_106' title="bbox 2297 4679 3837 4753">
     <span class='ocr_line' id='line_1_107' title="bbox 2297 4679 3837 4753; baseline -0.01 -14"><span class='ocrx_word' id='word_1_736' title='bbox 2297 4684 2554 4749; x_wconf 90' lang='lat' dir='ltr'>Quadam</span> <span class='ocrx_word' id='word_1_737' title='bbox 2587 4683 2780 4753; x_wconf 90' lang='lat' dir='ltr'>itaque</span> <span class='ocrx_word' id='word_1_738' title='bbox 2819 4682 2913 4736; x_wconf 90' lang='lat' dir='ltr'>die</span> <span class='ocrx_word' id='word_1_739' title='bbox 2945 4680 3262 4735; x_wconf 89' lang='lat' dir='ltr'>certamine</span> <span class='ocrx_word' id='word_1_740' title='bbox 3298 4679 3462 4746; x_wconf 89' lang='lat' dir='ltr'>inito,</span> <span class='ocrx_word' id='word_1_741' title='bbox 3501 4690 3688 4732; x_wconf 87' lang='lat' dir='ltr'>comes</span> <span class='ocrx_word' id='word_1_742' title='bbox 3715 4681 3837 4740; x_wconf 83' lang='lat' dir='ltr'>equo</span> 
     </span>
    </p>
   </div>
   <div class='ocr_carea' id='block_1_107' title="bbox 2228 4760 3834 4827">
    <p class='ocr_par' dir='ltr' id='par_1_107' title="bbox 2228 4760 3834 4827">
     <span class='ocr_line' id='line_1_108' title="bbox 2228 4760 3834 4827; baseline -0.009 -1"><span class='ocrx_word' id='word_1_743' title='bbox 2228 4773 2494 4827; x_wconf 89' lang='lat' dir='ltr'>insidens</span> <span class='ocrx_word' id='word_1_744' title='bbox 2529 4776 2588 4825; x_wconf 92' lang='lat' dir='ltr'>ut</span> <span class='ocrx_word' id='word_1_745' title='bbox 2633 4771 2760 4824; x_wconf 91' lang='lat' dir='ltr'>suis</span> <span class='ocrx_word' id='word_1_746' title='bbox 2792 4773 3101 4824; x_wconf 88' lang='lat' dir='ltr'>succurrat</span> <span class='ocrx_word' id='word_1_747' title='bbox 3139 4784 3278 4822; x_wconf 92' lang='lat' dir='ltr'>sese</span> <span class='ocrx_word' id='word_1_748' title='bbox 3310 4767 3584 4822; x_wconf 88' lang='lat' dir='ltr'>hostibus</span> <span class='ocrx_word' id='word_1_749' title='bbox 3625 4760 3834 4815; x_wconf 88' lang='lat' dir='ltr'>medium</span> 
     </span>
    </p>
   </div>
   <div class='ocr_carea' id='block_1_108' title="bbox 2229 4840 3836 4929">
    <p class='ocr_par' dir='ltr' id='par_1_108' title="bbox 2229 4840 3836 4929">
     <span class='ocr_line' id='line_1_109' title="bbox 2229 4840 3836 4929; baseline -0.009 -15"><span class='ocrx_word' id='word_1_750' title='bbox 2229 4861 2405 4915; x_wconf 89' lang='lat' dir='ltr'>dedit.</span> <span class='ocrx_word' id='word_1_751' title='bbox 2430 4860 2648 4913; x_wconf 83' lang='lat' dir='ltr'>Hostes</span> <span class='ocrx_word' id='word_1_752' title='bbox 2667 4874 2826 4926; x_wconf 90' lang='lat' dir='ltr'>vero,</span> <span class='ocrx_word' id='word_1_753' title='bbox 2850 4874 2918 4911; x_wconf 92' lang='lat' dir='ltr'>eo</span> <span class='ocrx_word' id='word_1_754' title='bbox 2950 4857 3208 4929; x_wconf 90' lang='lat' dir='ltr'>cognito,</span> <span class='ocrx_word' id='word_1_755' title='bbox 3242 4871 3460 4911; x_wconf 90' lang='lat' dir='ltr'>versus</span> <span class='ocrx_word' id='word_1_756' title='bbox 3491 4868 3619 4907; x_wconf 92' lang='lat' dir='ltr'>eum</span> <span class='ocrx_word' id='word_1_757' title='bbox 3648 4840 3836 4902; x_wconf 83' lang='lat' dir='ltr'>fortiori</span> 
     </span>
    </p>
   </div>
   <div class='ocr_carea' id='block_1_109' title="bbox 2228 4932 3834 5019">
    <p class='ocr_par' dir='ltr' id='par_1_109' title="bbox 2228 4932 3834 5019">
     <span class='ocr_line' id='line_1_110' title="bbox 2228 4932 3834 5019; baseline -0.012 -16"><span class='ocrx_word' id='word_1_758' title='bbox 2228 4949 2447 5019; x_wconf 91' lang='lat' dir='ltr'>impetu</span> <span class='ocrx_word' id='word_1_759' title='bbox 2469 4950 2839 5018; x_wconf 89' lang='lat' dir='ltr'>grassantes,</span> <span class='ocrx_word' id='word_1_760' title='bbox 2858 4961 3074 5015; x_wconf 89' lang='lat' dir='ltr'>equum</span> <span class='ocrx_word' id='word_1_761' title='bbox 3094 4944 3145 5015; x_wconf 83' lang='lat' dir='ltr'>ej</span> <span class='ocrx_word' id='word_1_762' title='bbox 3157 4960 3227 4998; x_wconf 90' lang='lat' dir='ltr'>us</span> <span class='ocrx_word' id='word_1_763' title='bbox 3250 4943 3497 5013; x_wconf 91' lang='lat' dir='ltr'>spiculis</span> <span class='ocrx_word' id='word_1_764' title='bbox 3521 4932 3834 4995; x_wconf 87' lang='lat' dir='ltr'>confodiunt,</span> 
     </span>
    </p>
   </div>
   <div class='ocr_carea' id='block_1_110' title="bbox 2229 5019 3834 5106">
    <p class='ocr_par' dir='ltr' id='par_1_110' title="bbox 2229 5019 3834 5106">
     <span class='ocr_line' id='line_1_111' title="bbox 2229 5019 3834 5106; baseline -0.013 -15"><span class='ocrx_word' id='word_1_765' title='bbox 2229 5039 2424 5106; x_wconf 91' lang='lat' dir='ltr'>ipsum</span> <span class='ocrx_word' id='word_1_766' title='bbox 2439 5052 2570 5089; x_wconf 92' lang='lat' dir='ltr'>cum</span> <span class='ocrx_word' id='word_1_767' title='bbox 2584 5050 2737 5105; x_wconf 89' lang='lat' dir='ltr'>equo</span> <span class='ocrx_word' id='word_1_768' title='bbox 2756 5033 2915 5087; x_wconf 90' lang='lat' dir='ltr'>humi</span> <span class='ocrx_word' id='word_1_769' title='bbox 2929 5032 3521 5103; x_wconf 67' lang='lat' dir='ltr'>dejectum,manibus</span> <span class='ocrx_word' id='word_1_770' title='bbox 3539 5019 3834 5106; x_wconf 70' lang='lat' dir='ltr'>corripiunt,</span> 
     </span>
    </p>
   </div>
   <div class='ocr_carea' id='block_1_111' title="bbox 2230 5102 3836 5197">
    <p class='ocr_par' dir='ltr' id='par_1_111' title="bbox 2230 5102 3836 5197">
     <span class='ocr_line' id='line_1_112' title="bbox 2230 5102 3836 5197; baseline -0.011 -17"><span class='ocrx_word' id='word_1_771' title='bbox 2230 5102 2399 5197; x_wconf 79' lang='lat' dir='ltr'>quasi</span> <span class='ocrx_word' id='word_1_772' title='bbox 2444 5102 2674 5178; x_wconf 82' lang='lat' dir='ltr'>taurum</span> <span class='ocrx_word' id='word_1_773' title='bbox 2719 5123 2791 5176; x_wconf 90' lang='lat' dir='ltr'>ad</span> <span class='ocrx_word' id='word_1_774' title='bbox 2823 5102 3118 5175; x_wconf 87' lang='lat' dir='ltr'>victimam</span> <span class='ocrx_word' id='word_1_775' title='bbox 3164 5120 3544 5174; x_wconf 86' lang='lat' dir='ltr'>reluctantem</span> <span class='ocrx_word' id='word_1_776' title='bbox 3573 5124 3745 5183; x_wconf 86' lang='lat' dir='ltr'>usque</span> <span class='ocrx_word' id='word_1_777' title='bbox 3781 5102 3836 5157; x_wconf 80' lang='lat' dir='ltr'>ad</span> 
     </span>
    </p>
   </div>
   <div class='ocr_carea' id='block_1_112' title="bbox 2230 5196 3833 5278">
    <p class='ocr_par' dir='ltr' id='par_1_112' title="bbox 2230 5196 3833 5278">
     <span class='ocr_line' id='line_1_113' title="bbox 2230 5196 3833 5278; baseline -0.015 -8"><span class='ocrx_word' id='word_1_778' title='bbox 2230 5196 2346 5269; x_wconf 81' lang='lat' dir='ltr'>sibi</span> <span class='ocrx_word' id='word_1_779' title='bbox 2364 5214 2635 5267; x_wconf 89' lang='lat' dir='ltr'>tutiorem</span> <span class='ocrx_word' id='word_1_780' title='bbox 2653 5212 2848 5266; x_wconf 93' lang='lat' dir='ltr'>locum</span> <span class='ocrx_word' id='word_1_781' title='bbox 2869 5211 3131 5265; x_wconf 91' lang='lat' dir='ltr'>nituntur</span> <span class='ocrx_word' id='word_1_782' title='bbox 3141 5208 3484 5278; x_wconf 90' lang='lat' dir='ltr'>pertrahere</span> <span class='ocrx_word' id='word_1_783' title='bbox 3503 5196 3833 5275; x_wconf 89' lang='lat' dir='ltr'>puniendum.</span> 
     </span>
    </p>
   </div>
   <div class='ocr_carea' id='block_1_113' title="bbox 2300 5386 3299 5458">
    <p class='ocr_par' dir='ltr' id='par_1_113' title="bbox 2300 5386 3299 5458">
     <span class='ocr_line' id='line_1_114' title="bbox 2300 5386 3299 5458; baseline -0.005 -15"><span class='ocrx_word' id='word_1_784' title='bbox 2300 5387 2448 5457; x_wconf 73' lang='lat'>(120)</span> <span class='ocrx_word' id='word_1_785' title='bbox 2489 5387 2884 5458; x_wconf 12' lang='lat' dir='ltr'>Timidam,iet</span> <span class='ocrx_word' id='word_1_786' title='bbox 2913 5386 2976 5439; x_wconf 84' lang='lat' dir='ltr'>in</span> <span class='ocrx_word' id='word_1_787' title='bbox 3008 5390 3299 5458; x_wconf 67' lang='lat' dir='ltr'>quantum.</span> 
     </span>
    </p>
   </div>
   <div class='ocr_carea' id='block_1_114' title="bbox 2302 5455 3441 5538">
    <p class='ocr_par' dir='ltr' id='par_1_114' title="bbox 2302 5455 3441 5538">
     <span class='ocr_line' id='line_1_115' title="bbox 2302 5455 3441 5538; baseline -0.01 -21"><span class='ocrx_word' id='word_1_788' title='bbox 2484 5458 2707 5538; x_wconf 40' lang='lat' dir='ltr'>Quo-ad</span> <span class='ocrx_word' id='word_1_789' title='bbox 2737 5457 2946 5538; x_wconf 76' lang='lat' dir='ltr'>cibum,</span> <span class='ocrx_word' id='word_1_790' title='bbox 2984 5455 3081 5538; x_wconf 69' lang='lat' dir='ltr'>qui</span> <span class='ocrx_word' id='word_1_791' title='bbox 3114 5455 3283 5536; x_wconf 65' lang='lat' dir='ltr'>cibus</span> <span class='ocrx_word' id='word_1_792' title='bbox 3313 5470 3441 5518; x_wconf 84' lang='lat' dir='ltr'>non,</span> 
     </span>
    </p>
   </div>
   <div class='ocr_carea' id='block_1_115' title="bbox 2301 5527 3534 5599">
    <p class='ocr_par' dir='ltr' id='par_1_115' title="bbox 2301 5527 3534 5599">
     <span class='ocr_line' id='line_1_116' title="bbox 2301 5527 3534 5599; baseline -0.007 -15"><span class='ocrx_word' id='word_1_793' title='bbox 2301 5527 2448 5599; x_wconf 73' lang='grc'>(122)</span> <span class='ocrx_word' id='word_1_794' title='bbox 2480 5527 3008 5599; x_wconf 76' lang='lat' dir='ltr'>Deriperentur_si</span> <span class='ocrx_word' id='word_1_795' title='bbox 3033 5543 3145 5583; x_wconf 90' lang='lat' dir='ltr'>non</span> <span class='ocrx_word' id='word_1_796' title='bbox 3176 5527 3534 5598; x_wconf 83' lang='lat' dir='ltr'>impugnant.</span> 
     </span>
    </p>
   </div>
   <div class='ocr_carea' id='block_1_116' title="bbox 2303 5598 2856 5671">
    <p class='ocr_par' dir='ltr' id='par_1_116' title="bbox 2303 5598 2856 5671">
     <span class='ocr_line' id='line_1_117' title="bbox 2303 5598 2856 5671; baseline -0.004 -15"><span class='ocrx_word' id='word_1_797' title='bbox 2303 5598 2448 5671; x_wconf 71' lang='lat'>(123)</span> <span class='ocrx_word' id='word_1_798' title='bbox 2482 5598 2856 5655; x_wconf 32' lang='lat' dir='ltr'>Nole’ntibus.</span> 
     </span>
    </p>
   </div>
  </div>
