4074 6150
108 332 233 393 1137
1156 327 1560 392 HISTORIA
1602 329 1929 394 SICULA.
1961 364 2031 379 —
2083 331 2242 396 LIB.
2275 332 2353 396 Il.
3316 336 3474 398 1138

2389 530 2639 586 CAPUT
2685 533 2899 588 XXXI.

2207 617 2415 672 Comes
2435 619 2497 671 in
2523 619 2861 674 Calabriam
2895 623 3077 676 vadit.

1854 702 2177 757 .Ordinatis
2234 705 2430 775 itaque
2484 708 2667 761 rebus
2710 710 2840 761 suis
2889 712 2944 762 et
2973 711 3119 764 urbe
3150 713 3363 770 melius
3393 719 3467 771 ad

1817 806 1989 845 suum
2007 791 2233 845 libitum
2265 793 2509 862 ﬁrmata,
2546 797 2607 848 ut
2628 796 2757 850 suis
2771 812 2959 866 equos
2982 813 3134 868 quos
3156 802 3497 869 amiserant

1817 880 2103 943 restituat,
2126 895 2338 934 versus
2381 879 2708 935 Calabriam
2740 887 2795 936 et
2816 885 3087 953 Apuliam
3117 889 3474 957 acquisitum

1817 968 1992 1031 vada;
2031 986 2210 1021 UAJL'G
2233 970 2289 1021 et
2310 968 2591 1023 militibus
2616 970 2744 1023 suis
2776 973 2932 1040 apud
2953 972 3229 1028 Trainam
3260 978 3471 1033 dimis-

1817 1055 1925 1123 sis,
1944 1056 2373 1125 qum,quamvis
2392 1055 2732 1125 juvencula,
2758 1061 2914 1112 tanta
2937 1063 3283 1117 strenuitate
3302 1067 3476 1136 caepit

1817 1158 1954 1197 esse
1977 1142 2228 1196 sollicita
2246 1144 2402 1196 circa
2434 1147 2693 1197 castrum
2713 1146 2992 1200 tuendum
3034 1151 3097 1201 ut
3126 1149 3326 1204 diatim
3355 1154 3472 1206 cir-

1818 1231 2024 1285 cuiens
2056 1231 2155 1284 ubi
2178 1230 2604 1284 meliorandum
2633 1232 3166 1301 videbat,studeret
3182 1240 3245 1291 ut
3266 1238 3474 1293 ﬁerent

1817 1319 2058 1390 vigiliae;
2092 1319 2353 1388 reliquos
2385 1334 2609 1388 omnes,
2673 1335 2824 1389 quos
2856 1322 2973 1375 sibi
3015 1323 3289 1379 dominus
3323 1343 3472 1382 suus

1819 1408 2025 1462 abiens
2058 1406 2596 1475 dimiserat,blande
2620 1408 2948 1479 alloquens,
2978 1413 3040 1464 ut
3056 1412 3307 1467 sollicite
3336 1431 3468 1484 qua)

1820 1496 2111 1549 servanda
2143 1497 2307 1548 erant
2362 1495 2746 1564 providerent
2795 1496 3154 1569 hortabatur,
3205 1502 3383 1555 multa
3414 1504 3475 1557 in

1818 1585 2010 1640 reditu
2039 1583 2259 1636 domini
2288 1583 2383 1636 sui
2411 1585 2847 1653 repromittens;
2894 1588 3000 1639 sed
3036 1590 3093 1641 et
3112 1593 3473 1645 transactum

1819 1673 2165 1743 periculum,
2188 1686 2260 1724 ne
2292 1672 2558 1741 segniter
2571 1673 2800 1742 agendo
2831 1675 2971 1742 quid
2992 1676 3185 1730 simile
3204 1678 3475 1733 incurre-

1822 1763 1971 1830 rent,
2004 1760 2078 1813 ad
2108 1758 2450 1813 memoriam
2483 1759 2730 1813 reducit.

112 535 258 587 Porro
283 545 465 585 comes
494 531 552 584 in
579 533 737 584 tanto
769 529 1116 585 discrimine
1144 530 1397 600 positus,
1431 529 1703 598 pristina-
1724 524 1787 586 A

110 635 211 673 rum
237 634 410 672 rerum
440 617 591 671 haud
616 618 928 671 immemor
953 615 1125 685 (124),
1150 617 1461 670 extrahere
1479 631 1704 684 ensem,

110 723 201 777 quo
237 706 512 759 accinctus
561 708 703 771 erat,
761 709 1046 774 expetens
1094 705 1264 773 (125),
1299 707 1356 758 et
1384 704 1445 757 in
1475 704 1710 757 modum

110 794 244 847 falcis
262 794 446 847 virens
476 796 708 862 pratum
737 793 1090 860 resecantis,
1126 793 1586 861 circumquaque
1603 791 1715 844 im-

108 882 244 952 piger
269 880 534 934 vibrando
565 880 817 948 ducens,
860 880 1133 949 pluribus
1166 880 1555 947 interemptis,
1591 879 1717 932 sola

110 969 275 1021 dextra
301 972 351 1021 et
377 968 479 1021 Dei
510 966 691 1037 adjud
704 968 828 1021 orio
878 967 1181 1035 liberatur,
1216 968 1375 1020 tanta
1416 969 1615 1037 strage
1645 966 1717 1019 de

108 1056 317 1109 inimicis
334 1055 473 1109 facta
501 1060 563 1110 ut
580 1056 736 1108 sicut
753 1055 815 1109 in
837 1055 1161 1108 condensis
1179 1054 1431 1108 saltibus
1449 1052 1718 1123 jacerent

108 1145 290 1196 avento
318 1143 497 1197 diruta
523 1142 708 1213 ligna,
735 1142 825 1196 sic
847 1142 1310 1211 circumquaque
1344 1141 1459 1195 sibi
1483 1141 1718 1212 adjace-

108 1236 208 1285 rent
221 1231 458 1285 hostium
476 1231 548 1285 ab
572 1232 706 1300 ipso
725 1234 1028 1300 perempta
1051 1230 1362 1284 cadavera.
1393 1229 1613 1283 Hostes
1635 1244 1721 1283 re-

107 1319 221 1388 liqui
238 1334 362 1373 sese
383 1320 440 1373 in
467 1335 638 1374 suam
657 1318 1041 1373 munitionem
1062 1318 1371 1387 recipiunt;
1392 1317 1541 1386 ipse,
1567 1332 1718 1386 equo

106 1407 306 1475 amisso,
329 1407 549 1476 sellam,
575 1423 648 1460 ne
673 1407 847 1476 quasi
868 1405 1110 1459 timidus
1135 1405 1469 1458 accelerare
1487 1404 1720 1458 videre-

105 1497 742 1564 tur,asportans,versus
757 1510 904 1548 suos
918 1493 1101 1563 pedes
1120 1492 1532 1563 regreditur.N
1538 1492 1720 1546 ostris

107 1582 251 1652 igitur
276 1598 373 1653 per
408 1587 663 1653 quatuor
686 1596 928 1636 menses
958 1581 1019 1634 in
1051 1583 1166 1634 tam
1196 1579 1499 1634 laborioso
1521 1580 1724 1633 discri-

108 1671 228 1724 mine
254 1671 473 1740 positis,
499 1671 695 1724 hiems
718 1670 1066 1739 asperrima,
1094 1685 1227 1738 quae
1244 1668 1375 1737 ipso
1397 1684 1548 1721 anno
1572 1667 1720 1737 ipsis

105 1758 151 1811 in
176 1760 415 1827 partibus
437 1760 568 1824 fuit,
603 1759 841 1813 occasio
881 1758 1269 1824 liberationis,
1310 1756 1585 1810 hostibus
1614 1772 1721 1809 au-

3908 1456 3911 1541 ι

102 1850 196 1899 tem
221 1847 597 1901 damnationis
641 1846 890 1901 exstitit.
928 1846 1077 1898 Nam
1106 1848 1165 1898 et
1195 1860 1228 1897 a
1258 1844 1492 1897 civitate
1522 1843 1721 1898 zEtnae

105 1949 211 2003 quae
236 1935 289 1987 in
316 1936 514 1988 eadem
566 1933 873 2004 provincia
904 1932 1061 1986 haud
1090 1932 1299 2002 procul
1347 1932 1721 1999 exterminat,

104 2022 221 2076 urbs
235 2024 400 2077 certis
416 2022 786 2092 temporibus
808 2022 880 2075 ab
903 2021 1173 2075 aestuanti
1193 2020 1464 2074 incendio
1479 2019 1725 2088 sulphu-

103 2110 168 2162 rei
183 2110 375 2164 montis
395 2114 579 2165 instas
602 2110 911 2178 acerrima,
936 2110 1131 2178 itaque
1154 2108 1333 2162 certis
1355 2107 1722 2176 temporibus

103 2197 359 2253 inundatio
383 2200 775 2268 tempestatis,
808 2197 1225 2267 procellarum,
1263 2195 1416 2249 nivis
1458 2200 1512 2249 et
1544 2211 1724 2266 gran-

104 2285 232 2339 dinis
250 2289 573 2355 asperrima
594 2287 748 2340 solet
777 2286 926 2340 ﬁeri.
951 2284 1343 2349 Quamobrem
1369 2283 1596 2350 hostes,
1612 2282 1731 2338 bal-

104 2388 307 2428 nearum
319 2375 776 2429 aestuationibus
790 2373 1034 2428 aestuari
1054 2371 1600 2441 assueti,frigidiori
1624 2386 1731 2425 au-

107 2462 340 2531 rallante,
373 2465 516 2518 dum
539 2463 660 2516 vini
688 2462 1090 2532 potationibus
1120 2459 1445 2514 naturalem
1477 2458 1734 2513 calorem

103 2550 226 2605 intra
252 2568 313 2607 se
336 2554 597 2606 excitare
621 2553 903 2620 nituntur,
926 2566 1134 2605 somno
1164 2549 1458 2616 vinum,ut
1487 2548 1730 2614 assolet,

103 2640 797 2711 subsequente,tardiores
811 2640 883 2693 ad
904 2639 1192 2692 excubias
1208 2636 1545 2706 vigiliarum
1567 2634 1735 2688 urbis

104 2742 218 2783 esse
242 2731 563 2799 cmperunt.
587 2728 753 2792 Quod
785 2744 918 2781 cum
950 2726 1142 2781 nostri
1165 2725 1736 2795 cognovissent,cm-

102 2821 282 2884 perunt
308 2822 363 2871 et
404 2818 527 2887 ipsi
571 2832 645 2870 ex
675 2815 966 2870 industria
993 2815 1286 2868 tardiores
1331 2827 1650 2882 apparere;
1683 2812 1739 2864 et

102 2907 337 2974 quamvis
359 2904 757 2960 attentissime
781 2903 1115 2974 vigilarent,
1151 2901 1510 2955 clamoribus
1549 2903 1739 2952 tamen

104 2994 446 3065 obmissis,ut
461 2994 603 3047 illos
617 2993 823 3046 dolose
839 2991 1202 3059 securiores,
1215 2988 1739 3057 redderent,ﬁnge-

102 3080 295 3136 bantse
317 3082 497 3152 quasi
514 3096 632 3134 non
648 3080 862 3151 vigiles
887 3081 1108 3133 essent.
1126 3077 1384 3141 Quadam
1407 3091 1550 3146 ergo
1571 3076 1739 3127 nocte

102 3185 213 3224 cum
257 3172 553 3239 comes,ut
582 3167 1009 3237 semper,nullo
1051 3166 1253 3220 labore
1303 3164 1607 3227 deﬁciens,
1643 3178 1741 3215 ex-

103 3259 280 3313 cubias
311 3259 509 3314 noctis
541 3273 675 3311 cum
707 3257 837 3309 suis
869 3256 1111 3309 armatis
1144 3254 1256 3308 sub
1288 3253 1508 3323 algenti
1534 3252 1743 3305 bruma

100 3348 210 3401 suis
230 3347 577 3402 utilitatibus
592 3343 1038 3399 accuratissime
1052 3342 1289 3396 intentis
1305 3338 1738 3407 reb'raret(i°.’.6),

101 3432 282 3488 hostes
295 3449 512 3488 somno
526 3435 809 3503 gravatos
826 3429 1125 3499 intra(127)
1145 3445 1287 3483 suas
1300 3427 1742 3494 munitiones,et

100 3523 369 3576 neminem
405 3537 614 3576 eorum
660 3536 734 3574 ex
762 3522 917 3573 tanta
956 3516 1325 3573 multitudine
1355 3516 1603 3586 vigilare
1635 3514 1741 3589 de-

2386 1848 2637 1901 CAPUT
2667 1849 2908 1903 XXXII.

1900 1938 2109 1993 Comes
2131 1952 2256 1990 cum
2272 1935 2559 1989 Arabicis
2580 1936 2781 1990 Castri
2805 1937 3052 1992 Joannis
3072 1940 3406 2009 praeliatur.

1899 2027 2112 2082 Comes
2141 2040 2284 2079 vero
2316 2040 2349 2077 a
2378 2023 2645 2077 Calabria
2675 2027 2732 2078 et
2757 2025 2987 2094 Apulia,
3019 2031 3079 2081 ut
3100 2043 3243 2096 apes
3260 2029 3483 2084 studio-

1834 2116 2096 2181 sissime,
2129 2113 2224 2166 his
2254 2128 2387 2181 quae
2433 2111 2715 2165 militibus
2774 2113 2902 2166 suis
2949 2117 3291 2169 necessaria
3321 2121 3487 2172 erant

1831 2205 2082 2259 onustus
2097 2200 2354 2267 rediens,
2377 2213 2582 2252 omnes
2597 2213 2740 2252 suos
2763 2214 2873 2252 suo
2894 2200 3147 2255 adventu
3167 2203 3490 2259 laetiﬁcavit

1829 2306 2017 2362 equos
2050 2292 2105 2342 et
2127 2288 2337 2341 caetera
2369 2286 2584 2355 quibus
2609 2301 2758 2355 opus
2792 2286 3085 2340 habebant
3114 2288 3233 2343 illis
3265 2290 3486 2359 imper-

1828 2374 2342 2446 tiens.Aliquantis
2361 2388 2506 2444 ergo
2530 2373 2740 2427 diebus
2759 2374 2952 2442 equis,
2969 2390 3118 2444 quos
3140 2376 3485 2447 adduxerat,

1831 2483 1864 2521 a
1893 2467 2094 2520 labore
2124 2463 2353 2516 itineris
2386 2462 2691 2530 recreatis,
2726 2467 3024 2531 comperto
3057 2465 3215 2534 quod
3243 2464 3485 2520 Arabici

1834 2560 1889 2610 et
1918 2552 2201 2620 Africani,
2234 2551 2335 2621 qui
2385 2550 2600 2605 Arabia
2629 2553 2685 2604 et
2712 2549 2932 2617 Africa,
2982 2553 3155 2621 quasi
3202 2553 3485 2607 auxilium

1833 2643 2007 2698 laturi
2028 2639 2651 2706 Siciliensibus,causa
2669 2638 2933 2691 lucrandi
2947 2640 3486 2710 advenerant,apud

1837 2732 2107 2787 Castrum
2137 2724 2384 2782 Joannis
2406 2742 2593 2797 usque
2616 2727 2691 2780 ad
2720 2727 3074 2799 quingentos
3095 2731 3493 2799 morarentur,

1840 2820 2085 2888 cupiens
2117 2816 2375 2886 experiri
2394 2815 2568 2885 cujus
2587 2814 2859 2869 valentiae
2875 2831 3077 2869 eorum
3090 2817 3294 2870 militia
3310 2819 3494 2885 esset,

1840 2908 1977 2962 illuc
1995 2920 2212 2959 versus
2235 2904 2421 2957 aciem
2444 2902 2665 2972 dirigit,
2685 2905 3050 2971 praemittens
3068 2903 3373 2958 Serlonem
3402 2919 3498 2957 ne-

1839 3000 2033 3066 potem
2068 3009 2241 3048 suum
2271 3007 2403 3044 cum
2436 2991 2672 3060 triginta
2704 2991 3006 3057 militibus,
3041 2991 3140 3059 qui
3163 3007 3228 3045 se
3254 2996 3384 3045 ante
3402 3006 3496 3045 ca-

1842 3088 2031 3139 strum
2064 3081 2467 3147 ostendentes,
2510 3081 2808 3131 extractos
2839 3080 2911 3131 ad
2943 3083 3237 3132 certamen
3268 3080 3492 3132 excita-

1843 3176 1993 3239 rent;
2027 3171 2155 3239 ipse
2178 3184 2311 3222 cum
2342 3166 2652 3220 caeterisin
2684 3166 2938 3234 quodam
2992 3166 3121 3219 loco
3172 3167 3230 3219 in
3261 3166 3501 3220 insidiis

1842 3261 2032 3314 latens
2062 3257 2476 3323 occultatur,ut
2494 3254 2632 3307 dum
2654 3269 2799 3307 suos
2819 3270 2892 3307 ex
2915 3254 3207 3307 industria
3224 3255 3505 3309 simulato

1843 3353 2051 3402 timore
2075 3346 2372 3417 fugientes
2396 3343 2482 3396 illi
2511 3343 2709 3395 acrius
2732 3343 3509 3412 persequerentur,ipse,in-

1847 3440 2080 3507 sperato
2113 3451 2143 3487 a
2166 3434 2296 3487 loco
2320 3431 2665 3485 insidiarum
2689 3445 3103 3499 prorumpens,
3123 3431 3347 3502 hostes,
3368 3432 3501 3484 lon-

1847 3526 1984 3597 gius
2016 3540 2047 3577 a
2079 3527 2273 3576 castro
2315 3520 2675 3587 subtractos,
2709 3518 2942 3573 facilius
2973 3523 3308 3589 occuparet.
3341 3519 3502 3583 Quos

98 3610 520 3678 prebendisset,
548 3611 745 3662 castra
767 3604 916 3678 (128)
934 3622 1137 3661 eorum
1171 3605 1416 3659 silenter
1446 3601 1735 3671 irrumpit:

1850 3612 2105 3680 Arabici,
2140 3609 2241 3680 qui
2271 3610 2330 3661 in
2361 3611 2558 3662 castro
2582 3610 2766 3674 erant,
2801 3607 3034 3661 eminus
3063 3608 3381 3661 adventare
3413 3607 3504 3660 vi-

99 3702 418 3769 armataque
440 3696 594 3768 (129)
618 3712 794 3749 manu
822 3696 1092 3750 incautos
1128 3706 1445 3762 occupans,
1472 3690 1741 3760 pluribus

99 3786 428 3855 interfectis,
477 3785 863 3839 munitionem
908 3783 1139 3852 accipit;
1173 3782 1374 3852 plures
1411 3779 1741 3848 capiuntur,

99 3889 162 3928 ex
190 3874 526 3930 adventitiis
558 3873 770 3943 reliqui
800 3873 959 3943 fugae
990 3871 1286 3942 refugium
1314 3869 1535 3938 petunt.
1578 3865 1743 3919 Pori-

98 3978 200 4017 nus
215 3962 385 4033 (130),
420 3963 527 4034 qui
548 3960 1072 4031 caputtraditionis
1103 3959 1428 4025 exstiterat,
1462 3970 1594 4009 cum
1630 3952 1748 4006 sibi

98 4052 488 4122 principaliter
533 4049 1000 4105 assentientibus
1031 4048 1240 4118 laqueo
1284 4058 1643 4114 suspensus,
1677 4041 1747 4094 ad

98 4141 422 4211 exemplum
468 4139 740 4208 aliorum,
771 4137 890 4191 vita
937 4138 1218 4208 privatur,
1251 4134 1455 4204 plures
1489 4130 1748 4184 diversis

99 4230 278 4296 pinnis
322 4227 693 4282 afﬁciuntur.
745 4226 963 4296 Spoliis
993 4226 1187 4295 itaque
1218 4219 1555 4290 triumphali
1587 4233 1749 4272 more

98 4317 571 4388 acceptis,nostri
594 4316 883 4369 hactenus
900 4316 1165 4385 egentes,
1202 4314 1359 4365 tanta
1400 4306 1753 4362 abundantia

100 4404 387 4475 frumenti,
424 4404 548 4458 vini
579 4407 635 4457 et
667 4403 782 4457 olei
811 4406 1281 4470 caeterorumque
1311 4413 1442 4468 quae
1476 4396 1548 4450 ad
1579 4409 1751 4448 usum

98 4494 438 4549 necessaria
464 4496 630 4546 erant
661 4495 798 4546 sunt
821 4491 1051 4560 repleti,
1077 4494 1138 4543 ut
1168 4488 1372 4542 merito
1411 4502 1442 4539 a
1461 4482 1755 4539 consimili

99 4587 449 4654 argumento
472 4580 772 4636 recordari
784 4582 1032 4650 possent
1051 4578 1210 4631 illius
1225 4576 1378 4647 quod
1393 4574 1546 4645 apud
1564 4572 1756 4626 Sama-

101 4670 241 4724 riam
269 4672 578 4740 insperato
609 4685 641 4723 a
673 4670 793 4724 Deo
855 4668 1049 4722 subito
1102 4667 1250 4720 datae
1282 4662 1655 4718 abundantia
1685 4658 1756 4713 ad

102 4759 343 4813 verbum
362 4758 552 4812 Elisei
574 4758 826 4812 dicentis
860 4774 871 4810 :
903 4756 1054 4810 Cras
1073 4755 1215 4808 liora
1239 4753 1355 4807 ista
1378 4752 1438 4804 in
1456 4755 1629 4822 porta
1653 4747 1760 4801 Sa-

101 4849 299 4902 mariae
315 4846 553 4901 modius
568 4845 781 4900 similae
799 4860 908 4899 uno
920 4849 1149 4898 statere
1162 4841 1281 4896 erit
1304 4839 1359 4910 (Ι
1373 4834 1757 4909 Vlteg.vn,1),

102 4950 229 4988 cum
261 4937 325 4989 in
354 4934 701 5005 precedenti
722 4934 816 4988 die
850 4932 1011 4987 nullo
1043 4928 1314 5002 quamvis
1335 4942 1550 4999 magno
1579 4923 1764 4995 pretio

102 5028 303 5091 posset
335 5023 614 5078 inveniri.

191 5304 323 5379 124)
358 5306 588 5379 {arium
632 5322 746 5362 non
791 5303 1099 5360 immemor
1128 5317 1282 5359 esse.

193 5377 326 5449 125)
365 5378 700 5449 Exercens.

196 5446 328 5521 αδ)
362 5448 634 5521 intentus
663 5446 1023 5504 celebraret.

195 5518 328 5591 127)
364 5518 552 5591 Inter.

200 5589 340 5666 128)
375 5589 667 5648 Castrum.

1850 3701 2076 3765 dentes,
2112 3697 2363 3750 maximo
2421 3696 2640 3764 impetu
2670 3700 3122 3764 prorumpentes
3153 3696 3315 3749 obvii
3344 3698 3501 3765 sunt,

1849 3788 2146 3858 fugientes
2173 3783 3016 3854 persequuntur,accingentes
3041 3784 3278 3837 diruunt
3298 3784 3356 3837 in
3373 3786 3505 3836 tan-

1848 3879 1969 3929 tum
1998 3877 2060 3927 ut
2094 3873 2165 3925 ad
2184 3873 2378 3926 locum
2396 3870 2740 3923 insidiarum
2760 3886 2877 3923 non
2913 3872 3156 3926 nisiduo
3176 3887 3249 3925 ex
3282 3871 3506 3926 nostris

1849 3962 2020 4017 illaesi
2051 3959 2447 4030 pervenirent.
2471 3959 2656 4011 Porro
2688 3972 2910 4024 comes,
2938 3975 3083 4013 suos
3107 3975 3259 4027 quos
3281 3959 3510 4028 praemi-

1851 4054 2011 4107 serat
2040 4066 2113 4105 ex
2170 4050 2331 4117 parte
2389 4048 2613 4113 captos,
2658 4060 2733 4097 ex
2780 4048 2943 4113 parte
2976 4046 3242 4115 dejectos
3274 4047 3505 4115 videns,

1851 4139 2083 4195 leonino
2142 4137 2359 4204 impetu
2389 4134 2460 4187 ab
2491 4133 2726 4186 insidiis
2783 4148 3176 4202 prorumpens
3234 4133 3548 4197 hostibus,

1854 4228 2128 4294 occurrit,
2154 4228 2454 4279 certamen
2489 4220 2875 4288 iniit,fortiter
2894 4221 3167 4289 utrinque
3200 4220 3510 4290 congredi-

1855 4320 1967 4385 tur;
2001 4316 2105 4369 scd
2129 4331 2161 4367 a
2192 4313 2369 4383 longo
2401 4313 2456 4363 et
2484 4310 2605 4363 acri
2658 4310 2978 4363 certamine
3021 4309 3255 4362 tandem
3287 4323 3509 4378 comes,

1855 4406 1975 4459 Deo
1991 4398 2642 4472 Sibipropitio,paganis
2663 4398 3033 4470 fugientibus
3056 4399 3243 4452 victor
3261 4397 3515 4452 efﬁcitur

1858 4496 2079 4548 Hostes
2111 4497 2409 4546 extremos
2440 4504 2711 4560 quosque
2743 4489 3023 4543 caedendo
3076 4489 3210 4559 plus
3243 4486 3513 4542 milliario

1857 4578 2434 4652 insequitur.Spoliis
2459 4581 2734 4643 onustus,
2769 4578 2942 4632 laetus
2974 4577 3514 4647 apudTrainamre-

1859 4671 2126 4726 vertitur.
2153 4667 2311 4723 Urbs
2343 4666 2558 4737 gaudio
2589 4665 2864 4734 repletur.
2900 4665 3237 4735 Volensque
3285 4662 3517 4716 Siculos

1862 4759 2121 4829 undique
2140 4757 2460 4824 lacessere,
2481 4753 2799 4807 Calabutor
2820 4753 2968 4822 (131)
2992 4753 3316 4822 praedatum
3338 4749 3516 4816 vadit,

1866 4848 2019 4902 unde
2052 4846 2292 4899 rediens
2308 4859 2526 4897 versus
2560 4842 2794 4895 lloccas
2824 4840 2903 4893 Ca
2921 4840 3030 4892 stri
3051 4838 3570 4905 Joannis,sifort.

1868 4935 2156 4990 Arabicos
2178 4950 2208 4986 a
2233 4935 2428 4985 castro
2460 4930 2769 4984 extrahere
2798 4930 3318 4997 posset,attentans
3341 4926 3528 4980 maxi-

1873 5040 2024 5079 mam
2052 5022 2313 5091 praedam
2343 5018 2596 5073 reduxit.
2616 5016 3044 5072 Profundiorcs
3074 5015 3267 5083 itaque
3324 5018 3537 5083 partes

1874 5111 2091 5168 Sicilia
2123 5123 2489 5180 cognoscere
2510 5105 2734 5173 volens,
2756 5103 2992 5173 longius
3014 5117 3402 5173 progressus,
3422 5118 3551 5160 us-

1790 5160 1844 5220 D
2330 5160 2481 5265 (132)
2512 5194 2688 5262 venit,
2722 5160 3284 5246 'ubivnon‘mi‘nima
3331 5160 3585 5264 praed‘

1948 5358 2099 5431 (129)
2129 5357 2381 5431 Armata
2410 5356 2625 5431 itaque.

1978 5426 2102 5485 130⁷)
2132 5430 2196 5483 C.
2228 5428 2295 5481 P.
2331 5426 2651 5482 Polorinus

1977 5495 2103 5556 131)
2131 5500 2195 5555 C.
2226 5499 2294 5553 P.
2331 5495 2830 5553 Calatabutarum.

1978 5568 2102 5646 132)
2133 5568 2467 5629 Buterium.

3780 4770 4068 5300 ς
