4074 6150
113 232 230 294 1141

1146 223 1551 287 HISTORIA
1611 222 1934 286 SICULA.
1971 258 2047 270 —
2078 224 2236 285 LIB.
2273 220 2351 286 II.

3311 226 3468 288 1142

93 429 385 485 subsistere.
417 424 665 490 Gedeon,
691 423 827 494 quia
845 424 915 477 de
948 424 1057 478 Dei
1077 424 1296 478 auxilio
1320 439 1437 477 non
1462 423 1690 477 dubita-
1722 406 1781 465 Α
1811 425 2066 478 camelos
2099 427 2370 495 quatuor,
2418 439 2569 493 quos
2619 424 2770 477 inter
2799 425 3023 494 reliqua
3055 426 3263 496 spolia,
3298 426 3471 481 hoste

97 518 173 585 vit,
200 517 248 569 in
273 514 462 584 paucis
495 513 671 566 multa
726 513 907 565 millia
968 512 1224 566 hostium
1264 513 1491 566 stravit.
1548 513 1697 565 Dum

95 605 202 659 talia
216 618 406 657 versus
419 605 711 656 certamen
732 601 1104 670 properando
1121 605 1492 669 perorantur,
1520 616 1697 669 appa-

99 693 190 745 ruit
220 691 431 761 quidam
461 704 642 759 eques
667 689 1018 759 splendidus
1068 691 1126 741 in
1156 689 1357 756 armis,
1390 705 1539 758 equo
1571 689 1701 741 albo

96 779 332 846 insidens,
356 777 545 831 album
570 776 852 831 vexillum
873 776 931 829 in
953 777 1287 830 summitate
1316 776 1551 829 hastilis
1582 775 1704 827 alli-

96 873 253 937 gatum
295 866 504 933 ferens,
558 869 614 919 et
644 865 904 934 desuper
952 865 1320 933 splendidam
1362 881 1619 931 crucem,
1652 869 1708 917 et

98 956 232 1026 quasi
256 970 284 1008 a
302 957 493 1007 nostra
511 954 636 1007 acie
653 953 1070 1024 progrediens,
1092 956 1153 1009 ut
1167 956 1407 1007 nostros
1427 953 1499 1006 ad
1524 955 1705 1006 certa-

96 1058 199 1097 men
211 1043 576 1111 promptiores
591 1041 891 1111 redderet,
902 1041 1228 1095 fortissimo
1246 1043 1462 1111 impetu
1478 1041 1705 1107 hostes,

98 1135 143 1184 ut
165 1130 445 1184 densiores
476 1134 660 1199 erant,
686 1130 1039 1199 irrumpens.
1064 1128 1188 1193 Quo
1207 1130 1338 1183 viso
1357 1129 1546 1182 nostri
1563 1128 1705 1181 hila-

100 1220 250 1272 riores
272 1218 469 1286 effecti,
491 1219 673 1272 Deum
692 1220 1079 1287 sanctumque
1096 1216 1414 1288 Georgium
1446 1217 1704 1286 ingemi-

96 1306 249 1360 nando
276 1309 326 1359 et
345 1322 461 1374 prae
476 1306 692 1376 gaudio
709 1309 880 1359 tanta)
894 1305 1145 1359 visionis
1163 1305 1497 1374 compuncti
1516 1304 1703 1373 lacry-

98 1411 195 1447 mas
223 1393 518 1460 fundendo,
557 1394 749 1463 ipsum
788 1393 1221 1463 praecedentem
1267 1394 1709 1462 promptissime

101 1487 205 1535 sunt
218 1483 621 1536 secuti.Visum
634 1483 806 1535 etiam
824 1499 854 1535 a
866 1482 1138 1551 pluribus
1158 1483 1215 1535 in
1233 1482 1566 1535 summitate
1582 1481 1715 1533 has-

96 1571 188 1623 tilis
210 1571 419 1624 comitis
434 1570 715 1624 vexillum
738 1570 1099 1639 dependens,
1126 1585 1363 1623 crucem
1380 1569 1710 1638 continens,

96 1674 120 1709 a
137 1659 287 1727 nullo,
312 1659 418 1711 nisi
438 1659 743 1727 divinitus,
765 1658 1119 1727 appositum.
1139 1657 1354 1711 Comes
1377 1674 1542 1728 ergo,
1566 1657 1711 1710 aciei

96 1760 195 1798 suae
214 1746 415 1814 primos
434 1745 799 1811 exhortatus,
828 1745 1144 1798 Arcadium
1165 1745 1236 1798 de
1252 1745 1520 1812 Palerna,
1543 1760 1710 1798 suam

97 1835 246 1886 aciem
273 1834 488 1888 nostris
537 1834 972 1903 exprobrando,
1014 1834 1457 1902 promptissime
1480 1836 1709 1887 antece-

97 1920 303 1990 dentem,
333 1926 385 1976 et
412 1922 745 1992 splendenti
778 1922 1064 1975 clamucio
1082 1937 1198 1991 quo
1229 1937 1336 1990 pro
1366 1922 1550 1975 lorica
1604 1922 1712 1976 uti-
1746 1942 1795 2003 Β

97 2024 198 2062 mur
211 2013 494 2079 armatum,
515 2010 833 2063 certamine
851 2010 994 2063 inito
1015 2009 1340 2063 fortissimo
1355 2025 1709 2080 congressu,

98 2096 258 2149 hastili
284 2098 487 2151 robore
522 2096 839 2167 dejectum,
887 2096 1121 2151 caeteris
1161 2099 1377 2150 metum
1426 2097 1715 2151 incutiens

98 2185 361 2239 interfecit.
394 2185 535 2239 Erat
566 2187 718 2239 enim
748 2186 907 2239 inter
924 2201 1070 2238 suos
1102 2184 1307 2238 militia
1335 2186 1723 2253 praeclarissi-

98 2287 218 2339 mus,
251 2274 337 2327 cui
365 2274 542 2326 etiam
572 2274 862 2327 neminem
897 2273 1078 2326 armis
1102 2273 1384 2327 resistere
1415 2288 1598 2342 posse
1616 2290 1720 2342 pu-

98 2361 272 2424 tabant,
305 2362 729 2415 etclamucium
759 2360 928 2431 (144),
950 2376 1065 2431 quo
1091 2361 1329 2414 indutus
1360 2365 1505 2426 erat,
1547 2361 1723 2415 nullis

99 2449 245 2502 armis
264 2452 477 2518 poterat
512 2449 743 2517 violari,
774 2449 889 2503 nisi
921 2448 993 2501 ab
1026 2449 1141 2502 imo
1175 2447 1322 2518 (145)
1364 2450 1425 2502 in
1445 2450 1724 2518 superius

97 2534 428 2607 impingendo
446 2538 730 2590 interduo
754 2537 965 2604 ferrea,
990 2553 1120 2606 quae
1138 2536 1567 2605 perjuncturas
1590 2552 1724 2589 cum

98 2626 318 2679 catenata
347 2624 499 2697 (146)
525 2628 679 2688 sunt,
702 2624 941 2696 ingenio
958 2625 1156 2694 potius
1188 2640 1360 2695 quam
1405 2626 1458 2677 vi
1497 2624 1729 2678 vitiare-

96 2714 171 2765 tur
196 2712 345 2783 (14⁵7).
386 2714 541 2768 Dum
587 2714 781 2783 itaque
830 2713 1101 2782 utrinque
1147 2712 1375 2766 fortiter
1395 2713 1724 2779 dimicatur,

98 2802 247 2853 nostri
291 2802 517 2856 numeri
549 2803 839 2871 paucitate
885 2800 1238 2854 multitudini
1280 2801 1595 2854 intermisti
1651 2801 1728 2867 ita

102 2889 569 2945 concludebantur
599 2893 661 2943 ut
688 2891 790 2942 vix
808 2889 1024 2960 aliquis
1042 2892 1383 2943 nostrorum
1411 2890 1525 2943 nisi
1545 2889 1729 2942 armis

100 2977 190 3029 sibi
236 2978 495 3033 faciendo
557 2977 865 3032 tumultum
907 2978 1333 3046 interrumpere
1380 2981 1605 3046 posset.
1640 2977 1731 3028 Vi-

102 3064 221 3119 dens
236 3067 372 3136 (148)
392 3071 589 3121 autem
607 3069 848 3121 nostros
869 3066 1333 3120 condensitatem
1357 3065 1731 3119 circumdan-

103 3154 216 3207 tium
239 3156 373 3225 (149)
397 3172 463 3210 se
499 3155 757 3209 hostium
788 3154 1129 3223 sternendo,
1151 3157 1212 3208 ut
1240 3170 1271 3208 a
1305 3154 1517 3208 furenti
1558 3157 1731 3207 vento

102 3242 227 3295 solet
272 3244 651 3299 condensitas
699 3244 1045 3297 nebularum
1096 3243 1405 3312 disrumpi,
1463 3245 1518 3296 et
1559 3242 1734 3295 sicuti

102 3330 431 3386 velocissimi
471 3332 787 3401 accipitres
847 3332 1197 3385 imbecillem
1246 3331 1474 3385 turbam
1537 3331 1736 3383 avium

98 3418 388 3489 disruptam
419 3423 710 3475 sternere.
745 3419 861 3473 Sed
880 3435 1012 3473 cum
1029 3420 1208 3490 longo
1227 3420 1543 3473 certamine
1567 3434 1735 3490 gras-

1809 512 2183 581 triumphato,
2237 514 2563 579 acceperat,
2598 512 2930 566 Alexandro
2978 529 3165 583 papae,
3200 515 3300 584 qui
3329 516 3469 568 tunc

1811 602 2090 669 temporis
2148 600 2277 652 vice
2320 600 2473 653 beati
2522 600 2679 653 Petri
2724 600 3041 668 prudenter
3088 605 3143 655 et
3188 603 3474 656 catholica

1812 690 2266 757 exsequebatur,
2292 688 2443 756 apud
2468 688 2709 741 Romam
2744 692 3149 757 repraesentat.
3182 690 3474 759 Apostoli-

1814 793 1921 830 cus
1936 793 2096 841 vero,
2124 777 2255 843 plus
2277 777 2346 829 de
2370 776 2616 828 victoria
2633 792 2664 828 a
2684 776 2804 831 Deo
2828 777 2899 830 de
2912 778 3162 848 paganis
3187 793 3478 831 concessa

1814 880 1984 934 quau;
2022 866 2088 916 de
2114 868 2181 916 ξω
2214 867 2229 915 i
2261 862 2631 917 transmissis
2649 864 2911 917 donariis
2932 866 3203 935 gavisus,
3236 866 3478 920 benedi-

1816 954 2006 1006 ctione
2037 952 2359 1021 apostolica
2374 957 2429 1005 et
2449 955 2734 1020 potestate
2770 969 2883 1023 qua
2927 954 3216 1022 utebatur,
3248 955 3483 1008 absolu-

1814 1040 2030 1093 tionem
2053 1040 2124 1092 de
2154 1037 2420 1106 offensis,
2456 1039 2508 1093 si
2539 1039 2963 1108 resipiscentes
3000 1042 3059 1094 in
3094 1041 3354 1094 futurum
3385 1057 3478 1096 ca-

1814 1131 2008 1196 veant,
2031 1128 2228 1181 comiti
2246 1131 2301 1181 et
2332 1127 2606 1182 omnibus
2629 1129 2805 1197 quiin
2824 1129 3100 1181 lucranda
3129 1130 3199 1182 de
3228 1131 3480 1200 paganis

1816 1216 2015 1270 Sicilia
2046 1220 2098 1269 et
2130 1216 2411 1269 lucratam
2444 1217 2501 1268 in
2531 1220 2877 1285 perpetuum
2926 1218 2997 1270 ad
3044 1216 3221 1270 ﬁdem
3256 1215 3481 1271 Christi

1817 1305 2122 1358 retinendo
2173 1304 2611 1373 auxiliarentur,
2671 1305 2924 1373 mandat,
2978 1306 3396 1375 vexillumque,
3450 1322 3482 1359 a

1821 1394 2082 1447 Romana
2114 1392 2276 1459 sede,
2312 1392 2632 1460 apostolica
2664 1394 3006 1447 auctoritate
3039 1393 3470 1464 consignatum,

1821 1496 1937 1551 quo
1971 1482 2230 1550 praemio,
2260 1480 2330 1533 de
2361 1480 2513 1533 beati
2545 1481 2701 1533 Petri
2746 1480 2841 1534 tisi
2878 1482 3173 1550 praesidio,
3210 1483 3391 1536 tutius
3424 1483 3483 1535 in

1823 1570 2152 1623 Saracenos
2184 1568 2530 1622 debellaturi
2558 1569 2961 1637 insurgerent.

2370 1710 2621 1764 CAPUT
2661 1711 2932 1765 XXXIV.

1826 1799 2040 1854 Pisam’
2068 1801 2354 1868 comitem,
2393 1807 2451 1854 ut
2474 1800 2828 1854 Panormum
2848 1800 3153 1854 obsessum
3177 1802 3368 1869 vadat,
3404 1802 3486 1855 in-

2555 1890 2761 1941 vitant.

1899 2013 2101 2067 Pisani
2131 2029 2274 2084 ergo
2306 2016 2687 2081 mercatores,
2712 2013 2813 2082 qui
2852 2014 3075 2082 saepius
3112 2014 3305 2069 navali
3341 2030 3493 2070 com-

1828 2103 2048 2155 mercio
2104 2102 2456 2155 Panormum
2512 2100 2805 2154 lucratum
2837 2102 3040 2155 venire
3086 2103 3245 2155 soliti
3302 2106 3484 2170 erant,

1828 2190 2117 2259 quasdam
2146 2189 2403 2259 injurias
2425 2188 2497 2241 ab
2528 2188 2678 2257 ipsis
2708 2187 3139 2242 Panormitanis
3162 2190 3349 2258 passi,
3370 2191 3492 2243 vin-

1828 2279 2014 2332 dicari
2045 2276 2370 2345 cupientes,
2396 2275 2590 2329 navali
2626 2276 2888 2329 exercitu
2924 2276 3182 2346 undique
3215 2277 3485 2346 conﬂato,

1826 2366 1958 2421 vela
1988 2382 2093 2435 per
2110 2380 2271 2417 mare
2292 2364 2484 2416 ventis
2499 2364 2947 2431 committentes,
2969 2364 3121 2433 apud
3149 2365 3409 2419 Siciliam
3431 2365 3489 2418 in

1828 2457 2000 2525 portu
2045 2453 2218 2506 vallis
2251 2452 2511 2506 Deminae
2540 2451 2963 2522 applicuerunt,
2990 2453 3363 2523 legatumque
3394 2469 3491 2508 co-

1830 2542 1954 2596 miti
1987 2542 2280 2610 Trainam,
2305 2540 2559 2594 uluitunc
2596 2540 2950 2607 morabatur,
2986 2542 3301 2611 mittentes,
3325 2557 3491 2595 man-

1831 2632 1969 2684 dant
1999 2633 2059 2682 ut
2090 2628 2354 2699 equestri
2386 2629 2650 2682 exercitu
2680 2628 2955 2681 Panormi
2977 2628 3095 2682 illis
3119 2632 3408 2697 occurrat,
3426 2646 3493 2684 se

1832 2719 1912 2771 illi
1936 2719 1993 2771 in
2013 2718 2158 2771 urbe
2182 2717 2472 2786 capienda
2494 2716 2771 2770 auxilium
2804 2717 3046 2785 laturos,
3085 2718 3142 2770 vi
3174 2718 3305 2771 talis
3346 2735 3493 2786 prie-

1832 2807 1933 2859 mii
1962 2809 2259 2874 acceptam
2278 2805 2607 2857 vendictam
2629 2804 2803 2857 illatae
2836 2804 2949 2857 sibi
2969 2804 3202 2874 injuriae
3221 2809 3494 2873 expeten-

1835 2897 1907 2947 te.
1928 2893 2139 2947 Comes
2155 2908 2314 2959 vero,
2336 2892 2960 2961 quibusdamncgotiis
2984 2908 3049 2944 se
3071 2893 3489 2962 detinentibus,

1833 2983 1905 3036 ad
1935 2997 2205 3050 praesens
2238 2980 2322 3032 ire
2370 2979 2613 3046 distulit,
2648 2980 2932 3032 mandans
2963 2980 3080 3032 illis
3110 2984 3172 3033 ut
3201 2980 3493 3035 modicum

1832 3070 2115 3139 temporis
2140 3068 2524 3135 sustinerent,
2549 3067 2733 3120 donec
2754 3068 2880 3120 hac
2899 3068 3116 3136 quibus
3135 3070 3207 3121 ad
3223 3084 3494 3137 praesens

1834 3161 2092 3213 intentus
2124 3160 2248 3211 erat
2277 3155 2713 3224 expedirentur.
2738 3157 2922 3209 l’orro
2944 3156 3046 3223 illi,
3070 3158 3495 3211 commerciali-

1836 3249 1953 3301 bus
1983 3246 2166 3299 lucris
2183 3246 2496 3314 plusquam
2520 3244 2747 3297 bellicis
2763 3244 3062 3297 exercitiis
3081 3260 3154 3296 ex
3176 3249 3498 3299 consuetu-

1843 3337 1977 3391 dine
2011 3334 2208 3400 dediti,
2263 3333 2580 3395 sustinere,
2612 3347 2684 3385 ne
2740 3332 2923 3384 lucris
2981 3334 3239 3386 assuetis
3279 3334 3499 3388 diutius

1846 3424 2237 3494 privarentur,
2272 3422 2560 3488 nolentes,
2598 3420 3062 3490 Panormumque
3090 3438 3198 3491 per
3221 3438 3285 3475 se
3307 3423 3501 3476 incas-

97 3508 208 3575 sati,
260 3510 477 3563 diutius
524 3510 865 3562 nostrorum
913 3507 1345 3561 infestationem
1407 3508 1565 3561 ferre
1620 3522 1736 3561 non
1769 3484 1819 3545 Ο
1848 3528 1980 3566 sum
2005 3508 2672 3581 aggredidisponcntes,
2707 3508 2835 3562 vela
2884 3510 2942 3562 in
2973 3514 3203 3577 portum
3234 3509 3504 3580 ejusdem

99 3596 482 3666 praavalentes,
506 3597 646 3668 fuga
661 3595 814 3650 tueri
834 3596 1031 3667 potius
1054 3611 1227 3666 quam
1249 3596 1430 3649 armis
1452 3596 1733 3664 nituntur,

98 3685 259 3738 nostri
306 3687 588 3740 audacter
642 3685 1047 3755 insequentes,
1106 3688 1402 3738 extremos
1470 3698 1738 3753 quosque

100 3774 332 3828 cedendo
350 3775 665 3844 perimunt.
692 3771 906 3843 Sicque
939 3774 1196 3826 victores
1232 3771 1440 3839 effecti,
1471 3772 1542 3824 ad
1576 3771 1741 3840 quin-

100 3860 266 3915 decim
294 3863 473 3916 millia
490 3877 563 3915 ex
580 3861 855 3915 hostibus
870 3861 1294 3914 occubuerunt.
1322 3860 1524 3912 Nostri
1548 3860 1743 3928 itaque

102 3949 538 4019 triumphalibus
554 3948 762 4018 spoliis
777 3947 1192 4017 onusti,usque
1206 3946 1276 3999 ad
1290 3946 1747 4000 hostiumcastra

101 4039 508 4108 regredientes,
532 4037 588 4089 in
614 4051 816 4090 eorum
832 4035 1100 4089 tentoriis
1125 4034 1514 4103 hospitantur,
1550 4048 1747 4087 came-

100 4123 177 4178 los
208 4131 257 4179 et
286 4128 516 4198 reliqua
547 4125 760 4193 omnia,
803 4140 935 4194 qum
985 4124 1355 4192 invenerunt,
1409 4123 1526 4175 sibi
1560 4121 1751 4174 vindi-

102 4218 303 4269 cantes.
320 4216 384 4269 In
415 4214 739 4269 crastinum
760 4227 900 4267 vero
940 4211 1170 4282 pedites
1192 4212 1265 4264 ad
1284 4211 1497 4281 viginti
1545 4210 1748 4279 millia,

101 4303 187 4370 qui
203 4302 499 4374 fugientes
533 4301 814 4371 scopulos
847 4303 900 4355 et
931 4304 1225 4370 praerupta
1248 4299 1463 4352 montis
1505 4314 1753 4367 occupa-

105 4396 286 4443 verant
335 4393 771 4462 oppugnantes,
818 4388 1069 4458 plurima
1114 4403 1188 4441 ex
1218 4391 1382 4457 parte
1416 4387 1749 4456 perimunt;

1846 3600 2014 3654 urbis
2045 3599 2323 3668 dirigunt,
2346 3597 2451 3650 sed
2465 3597 2774 3666 plurimam
2790 3598 3216 3651 multitudinem
3246 3598 3505 3653 hostium

1848 3688 2260 3753 exhorrentes,
2294 3688 2350 3738 ct
2380 3685 2454 3737 ob
2477 3686 2589 3738 hoc
2612 3701 2643 3737 a
2674 3687 2925 3739 navibus
2959 3687 3239 3757 progredi
3272 3687 3507 3740 minime

1847 3776 2297 3845 praesumentes,
2333 3777 2532 3825 catena
2564 3774 2982 3840 tantummodo,
3016 3790 3147 3844 quae
3177 3778 3408 3843 portum
3436 3775 3508 3827 ab

1849 3878 1965 3916 una
1994 3864 2157 3930 parte
2191 3862 2249 3913 in
2280 3860 2521 3912 alteram
2554 3858 2700 3927 (150)
2752 3861 3075 3930 claudebat,
3110 3864 3403 3930 abscissa,
3455 3865 3512 3916 et

1852 3951 1965 4003 hoc
1993 3949 2127 4013 sibi,
2164 3962 2324 4000 more
2356 3963 2481 3999 suae
2512 3946 2728 4016 gentis,
2760 3963 2868 4014 pro
2892 3949 3512 4018 proximo(151)repu-

1853 4041 2066 4104 tantes,
2111 4036 2309 4088 Pisam
2340 4035 2568 4087 reversi
2600 4037 2756 4087 sunt.
2808 4034 3021 4087 Comes
3077 4036 3270 4105 itaque
3300 4037 3511 4090 videns

1860 4129 2123 4180 aestatem
2144 4123 2487 4193 proximam,
2523 4137 2655 4191 quae
2686 4138 2807 4190 prae
2834 4122 3012 4174 nimio
3037 4122 3228 4175 calore
3249 4138 3282 4175 a
3304 4123 3514 4175 vicini-
3585 4151 3591 4155 -

1861 4217 1974 4268 tate
2001 4212 2146 4266 solis
2182 4210 2463 4264 ferventis
2497 4209 2776 4263 canicqu
2807 4210 3100 4278 pluriores
3133 4210 3424 4279 equitatus
3456 4212 3516 4264 in

1860 4298 2906 4373 praedaliexercitioﬁeriprohiberet,
2939 4298 3104 4353 fratri
3132 4299 3263 4352 duci
3296 4299 3356 4352 in
3375 4299 3525 4368 Apu-

1864 4392 1999 4444 liam
2021 4389 2272 4457 interim,
2294 4388 2431 4441 dum
2466 4388 2793 4457 importuna
2816 4392 2994 4442 aestas
3026 4390 3411 4458 pertranseat,
3436 4387 3523 4441 ire

106 4478 347 4549 reliquos
368 4495 516 4533 vero
540 4478 865 4532 debellatos
883 4476 1210 4531 vendentes
1236 4475 1543 4545 pecuniam
1569 4474 1757 4528 infini-

109 4568 207 4620 tam
237 4569 552 4639 accipiunt.
570 4567 687 4621 Sed
705 4582 837 4620 cum
850 4564 1190 4636 aliquandiu
1208 4564 1551 4618 commorati
1571 4563 1756 4617 fetore

104 4658 449 4722 putrentium
499 4656 851 4709 cadaverum
904 4654 1241 4708 occisorum
1272 4652 1531 4706 hostium
1553 4667 1760 4722 grava-

106 4747 311 4813 rentur,
341 4746 591 4799 fetorem
612 4743 1003 4797 abhorrentes
1035 4741 1306 4795 Trainam
1329 4741 1557 4794 reversi
1601 4743 1758 4794 sunt.

1865 4480 2211 4548 disponens,
2244 4493 2316 4531 ne
2375 4491 2619 4530 uxorem
2667 4492 2837 4530 suam
2885 4482 2941 4530 ct
2971 4478 3183 4530 milites
3214 4492 3346 4529 cum
3400 4476 3527 4544 ipsa

1865 4568 2239 4622 remanentes
2256 4565 2480 4634 absque
2501 4565 2813 4634 stipendiis
2833 4565 3215 4634 derelinquat,
3249 4564 3530 4617 Gulosam

1868 4670 1983 4709 una
2015 4654 2130 4722 die,
2153 4653 2415 4706 secunda
2431 4653 2765 4721 Brocatum,
2782 4653 2950 4705 tertia
2965 4652 3363 4721 Cephaludum
3381 4666 3529 4719 prae-

1870 4742 2205 4796 datumacie
2237 4741 2457 4811 dirigit.
2488 4740 2700 4810 Sicque
2716 4740 2987 4793 Trainam
3034 4740 3209 4792 multa
3240 4738 3534 4792 abundan-

106 4829 302 4886 Comes
333 4834 458 4887 Deo
490 4834 546 4886 et
592 4831 653 4885 S.
700 4832 896 4899 Petro,
944 4829 1120 4899 cujus
1168 4829 1488 4898 patrocinio
1546 4832 1762 4881 tantam
1870 4833 1950 4885 tia
1981 4831 2238 4900 replens,
2272 4829 2556 4883 militibus
2614 4830 2763 4895 suis,
2798 4834 2858 4881 ut
2907 4829 3114 4882 urbem
3146 4826 3540 4885 attentissime

105 4919 399 4974 victoriam
434 4918 789 4991 seladeptum
810 4917 1300 4989 recognoscebant,
1327 4917 1397 4970 de
1417 4915 1624 4969 collato
1648 4916 1764 4969 sibi
1874 4919 2324 4988 pervigilantcs,
2359 4919 2637 4970 incursus
2657 4917 2913 4970 hostium
2933 4916 3251 4985 prudenter
3270 4926 3559 5000 caveant“

105 5006 380 5063 beneﬁcio
412 5024 528 5061 non
558 5008 828 5078 ingratus
851 5006 1139 5074 existens,
1169 5005 1228 5058 in
1249 5004 1648 5058 testimonium
1669 5003 1761 5056 vi-
1792 5021 1845 5081 D
1878 5011 1932 5060 et
1967 5022 2039 5059 ne
2068 5006 2433 5077 aliquorsum
2464 5005 2700 5076 longius
2731 5005 2803 5058 ab
2827 5005 2991 5072 urbe,
3013 5004 3206 5073 aliqua
3222 5005 3589 5082 occasione

106 5096 294 5152 ctoriaa
312 5113 440 5152 sum
452 5112 562 5167 per
573 5096 882 5167 quemdam
900 5093 1407 5165 suorum,nomine
1426 5092 1725 5146 Meledium

1879 5092 3014 5165 intercurrente,progrediantur,multis
3029 5091 3641 5191 εθιιὶιοιτιειιίοῐιίᾕχλἓ

367 5306 724 5386 ᾷζθνὶοιιίιιε.
1951 5307 2100 5379 (149)
2146 5308 2386 5386 fantem
2418 5306 2881 5386 condensitatem
2904 5306 3277 5386 inimicorum
3292 5320 3553 5385 pagg

490 5395 618 5469 uno.
736 5454 752 5469 Δ
1883 5351 2539 5469 ιζιῶπλαῖεἰυξιίθηείυω
2566 5376 2745 5431 simul
2762 5377 3173 5447 existentium,
3224 5351 3826 5469 θιῖἰιῗὲιῗὲι

195 5442 320 5537 14.2“?
359 5449 442 5537 Et.
475 5451 809 5537 ρξιιλθμαιμ·
919 5526 931 5537 ,
1885 5442 2311 5537 άαξξιιψηςιςς
2418 5521 2427 5531 .
2544 5522 2553 5530 .
2671 5518 2704 5537 ,.
3160 5442 3168 5447 ’
3556 5442 3905 5537 Ὶῖκὲς

196 5518 322 5593 ξιξῖι)
374 5518 615 5593 eribus
634 5522 1027 5579 inviceretur.
1958 5519 2107 5593 (150)
2155 5518 2234 5577 Ο.
2266 5521 2333 5593 P.
2366 5521 2498 5593 ripa
2530 5522 2592 5576 in
2624 5518 2758 5576 alia.

197 5526 296 5574 147
374 5526 615 5577 Viribus
634 5526 698 5576 in
710 5526 1027 5579 viceretur.

197 5526 324 5663 I48;
376 5590 676 5651 Videntes.

1981 5526 2107 5590 150)
2173 5526 2234 5577 ω.
2266 5526 2333 5574 Ρ.
2366 5526 2428 5592 nj

1958 5526 2107 5666 2151)
2144 5590 2428 5653 Maximo.
