4074 6150
548 350 618 412 11
630 350 710 412 43

1268 346 1703 410 GAUFREDI
1749 345 2303 408 MALATERRZE
2344 345 2741 409 MONACHI
2783 347 3222 412 BENEDICT.

3745 357 3871 418 4144

549 549 945 617 commonitis,
980 561 1109 617 ipse
1141 561 1359 601 versus
1392 546 1662 616 Apuliam
1693 561 1824 600 cum
1855 544 2036 599 fratre
2075 545 2216 615 quid
2250 527 2307 586 A
2335 544 2426 598 lor
2453 544 2647 599 dicere
2678 548 2787 615 est,
2808 545 3137 615 juventutis
3155 547 3442 602 ﬂoremab
3466 548 3907 608 hostibusconfos-

556 636 814 691 ulterius
838 636 1130 707 agendum
1160 635 1238 687 sit
1256 638 1614 688 tractaturus
1631 633 1789 687 vadit
1818 649 1832 702 ;
1859 634 2225 703 plurimaque

573 724 646 778 ad
661 724 915 778 invicem
942 723 1336 791 conferentes,
1353 722 1990 793 tandemret‘rigerante
2013 722 2229 790 calore,

573 814 809 865 centum
838 811 1119 864 militibus
1161 810 1276 864 sibi
1322 804 1394 863 ab
1426 826 1494 864 eo
1526 810 1583 862 in
1613 809 1894 863 auxilium
1950 810 2230 877 acceptis,

572 914 794 952 versus
824 898 1188 967 provinciam
1218 898 1664 969 Agrigentinam
1686 913 1817 951 cum
1841 897 2110 951 ducentis
2136 896 2237 949 mi-

571 986 775 1041 litibus
806 987 1128 1055 praedatum
1157 987 1335 1040 vadit.

1142 1074 1393 1128 CAPUT
1427 1074 1668 1128 XXXV.

574 1162 808 1216 Milites
857 1163 1107 1229 comitis,
1141 1162 1413 1217 hostibus
1446 1164 1703 1231 territis,
1765 1160 2105 1230 Turronem,
2142 1161 2239 1231 qui

775 1256 977 1320 postea
1013 1250 1292 1305 Catzonis
1311 1251 1507 1305 dictus
1539 1257 1648 1319 est,
1685 1249 2029 1303 ascendunt.

647 1339 813 1392 Unde
845 1354 977 1393 cum
1013 1339 1264 1393 maxima
1293 1340 1491 1408 praeda
1539 1339 1672 1392 inde
1706 1338 1943 1405 rediret,
1991 1336 2235 1391 militum

574 1442 819 1481 suorum
850 1427 1109 1496 praedam
1142 1427 1477 1495 przecedere
1510 1427 1887 1497 praecipiens,
1922 1426 2049 1493 ipse
2103 1441 2236 1478 cum

574 1515 824 1584 reliquis
846 1516 998 1569 inter
1026 1516 1177 1569 duos
1200 1530 1422 1569 cuneos
1444 1515 1698 1568 minatur
1728 1529 1800 1567 ne
1830 1530 1861 1566 a
1893 1512 2108 1580 fronte,
2142 1512 2236 1566 vel

574 1606 733 1657 certe
763 1618 793 1655 a
841 1606 1032 1673 tergo,
1067 1603 1262 1673 aliquo
1310 1603 1509 1656 hostili
1542 1603 1791 1656 incursu
1840 1604 2230 1655 excuteretur.

571 1692 758 1745 Porro
810 1691 1073 1743 Africani
1116 1693 1169 1744 et
1217 1691 1477 1759 Arabici,
1528 1706 1661 1743 cum
1700 1691 1903 1743 essent
1932 1689 2234 1758 cupientes

569 1777 783 1831 ulcisci
814 1778 885 1830 de
917 1778 1163 1831 victoria
1188 1778 1247 1831 in
1277 1778 1617 1831 Ceramensi
1640 1778 1847 1846 praelio
1880 1777 1996 1831 sibi
2047 1777 2235 1830 ablata

572 1867 631 1918 et
686 1865 917 1918 laudem
949 1881 1121 1934 quam
1179 1866 1259 1918 ibi
1307 1865 1625 1918 amiserant
1652 1866 1965 1935 aliquando
1997 1864 2112 1917 sibi
2143 1864 2233 1917 fa-

572 1956 744 2005 vente
758 1952 990 2005 fortuna
1004 1969 1372 2021 recuperare,
1390 1957 1822 2023 cognoscentes
1842 1969 1945 2021 per
1965 1952 2232 2005 nuntium

570 2039 650 2091 ita
680 2054 784 2093 eos
815 2041 1137 2108 praedatum
1168 2040 1292 2093 isse
1316 2057 1447 2094 cum
1471 2041 1860 2110 septingentis
1891 2040 2094 2093 electis
2118 2039 2229 2091 mi—
2259 2080 2311 2140 B

570 2126 795 2197 litibus,
830 2128 922 2180 via
944 2143 1057 2197 qua
1086 2128 1280 2181 redire
1338 2129 1629 2182 habebant
1658 2129 2005 2181 insidiantes
2036 2128 2229 2181 occul-

569 2218 785 2269 tantur.
812 2216 1019 2269 Nostri
1050 2218 1242 2269 autem
1273 2218 1371 2285 qui
1402 2217 1812 2285 praecedebant
1826 2216 1895 2269 ad
1910 2216 2104 2269 locum
2124 2231 2230 2269 us—

570 2319 684 2375 que
713 2305 1147 2373 pervenientes,
1191 2303 1307 2357 illis
1322 2319 1395 2357 ex
1423 2304 1747 2373 improviso
1766 2305 2231 2375 exsurgentibus

570 2393 831 2447 audaciae
863 2407 977 2461 qua
1011 2391 1298 2446 hactenus
1331 2395 1552 2446 assueti
1586 2396 1750 2446 erant
1780 2392 1961 2458 obliti,
1997 2393 2231 2446 enervi-

569 2483 663 2534 ter
683 2482 950 2552 agentes,
973 2496 1105 2533 cum
1129 2480 1269 2551 fuga
1300 2481 1494 2549 potius
1514 2497 1687 2550 quam
1700 2481 1881 2534 armis
1913 2481 2118 2534 mortis
2138 2496 2233 2550 pe-

570 2568 827 2621 riculum
882 2568 1178 2621 declinare
1227 2572 1548 2637 cceperunt.
1595 2569 1850 2621 Montem
1898 2569 2228 2638 quemdam,

571 2670 748 2725 quem
777 2671 849 2708 ex
879 2656 1035 2707 omni
1065 2660 1228 2723 parte
1257 2656 1644 2725 praecipitium
1676 2657 1967 2726 cingebat,
2022 2657 2150 2710 solo
2176 2662 2234 2712 et

570 2745 732 2796 arcto
763 2742 922 2795 aditu
959 2744 1206 2810 patente,
1240 2758 1346 2811 pro
1389 2743 1607 2796 auxilio
1639 2749 1980 2812 expetentes
2025 2761 2231 2798 ascen-

570 2829 732 2883 dunt.
778 2830 996 2883 Hostes
1040 2845 1179 2883 vero
1223 2833 1386 2898 parte
1421 2832 1798 2902 armigerum,
1833 2833 1930 2902 qui
1972 2834 2233 2902 praedam

567 2918 884 2985 minabant,
914 2920 1290 2987 peremptam,
1324 2918 1513 2987 ipsam
1544 2919 1717 2973 etiam
1760 2921 2018 2989 praedam
2048 2938 2231 2975 excu-

568 3006 737 3059 tiunt.
760 3004 971 3059 Comes
992 3008 1205 3073 autem,
1245 3008 1345 3074 qui
1391 3008 1890 3078 subsequebatur,
1924 3010 2232 3063 tumultum

567 3094 837 3164 audiens,
874 3095 1009 3147 dum
1028 3096 1201 3147 citius
1220 3094 1471 3163 advolat,
1497 3111 1628 3165 quae
1656 3097 1989 3151 acciderant
2007 3114 2232 3168 cogno-

569 3197 770 3251 scens,
793 3184 1044 3235 maxima
1062 3182 1461 3251 indignatione
1476 3189 1530 3237 et
1548 3185 1630 3237 ira
1649 3185 1929 3255 repletus,
1945 3190 2007 3239 ut
2028 3202 2231 3239 secum

568 3270 640 3323 de
661 3270 932 3323 hostibus
967 3271 1243 3324 ultionem
1278 3275 1570 3340 expetant,
1606 3274 2076 3328 suosimmensis
2108 3276 2228 3329 cla-

566 3358 834 3411 moribus
865 3374 896 3410 a
929 3361 1121 3411 monte
1138 3374 1311 3427 quem
1331 3360 1720 3413 ascenderant
1736 3362 2036 3416 incassum
2055 3379 2229 3419 revo-

567 3460 703 3499 care
733 3446 955 3512 nititur,
976 3446 1164 3498 donec
1195 3446 1463 3514 ipsemet,
1500 3451 1764 3500 turonem
1812 3452 2144 3505 ascendens
2174 3454 2230 3506 et

568 3548 713 3586 suos
744 3547 1035 3601 quemque
1080 3533 1314 3586 nomine
1362 3548 1604 3602 vocans,
1642 3551 1715 3589 ne
1748 3551 1814 3589 se
1844 3538 2227 3605 imposterum

2338 648 2446 687 sus
2479 633 2774 702 amiserat,
2805 635 3121 703 plurimum
3153 634 3545 690 tristabantur.

2895 721 3145 777 CAPUT
3177 723 3440 777 XXXVI.

2690 810 2905 864 Nostri
2935 827 2965 864 a
3006 811 3282 865 Tm'antis
3330 818 3626 866 vexantur.

2410 896 2541 949 Dux
2571 913 2712 951 vero
2756 896 2905 968 (153)
2953 899 3248 953 Robertus
3280 915 3409 951 cum
3439 901 3497 953 in
3547 900 3734 970 Apulia
3774 908 3906 969 esset,

2339 984 2538 1038 sciens
2558 984 2796 1039 fratrem
2828 1001 2998 1039 suum
3030 986 3183 1056 apud
3204 986 3458 1040 Siciliam
3478 987 3754 1058 multiplici
3769 991 3907 1043 incur-

2339 1071 2506 1124 sione
2519 1072 2591 1124 ab
2612 1073 2883 1126 hostibus
2902 1072 3193 1143 lacessiri,
3214 1070 3460 1143 plurimo
3475 1077 3717 1130 exercitu
3729 1077 3788 1129 ab
3806 1080 3910 1146 Apu-

2338 1159 2432 1227 lia,
2469 1162 2523 1212 et
2539 1158 2805 1214 Calabria
2825 1166 3205 1232 congregato,
3226 1163 3434 1216 nolens
3449 1179 3650 1233 expers
3662 1179 3777 1218 esse
3791 1180 3907 1235 quae-

2340 1251 2491 1313 stus,
2528 1247 2748 1301 laboris
2780 1251 2953 1302 etiam
2981 1251 3277 1320 particeps
3308 1251 3456 1317 fieri,
3494 1267 3692 1305 versus
3719 1252 3907 1306 Siciliam

2338 1334 2599 1388 intendit.
2635 1336 2847 1389 Comes
2893 1353 3031 1390 vero
3074 1337 3314 1392 fratrem
3362 1340 3664 1392 adventare
3706 1341 3906 1405 audiens,

2341 1438 2472 1475 eum
2501 1424 2716 1494 gaudio
2747 1440 2961 1495 magno
2993 1426 3248 1479 festinus
3279 1426 3358 1479 illi
3383 1428 3533 1496 apud
3556 1429 3829 1481 Cusentum
3844 1428 3911 1481 Ca-

2339 1510 2542 1564 labriae
2573 1512 2779 1565 urbem
2812 1514 3088 1566 occurrit.
3121 1514 3338 1584 Sicque
3366 1517 3782 1585 progredientes
3804 1533 3908 1570 anno

2340 1599 2661 1653 Dominicae
2692 1600 3113 1654 incarnationis
3150 1602 3283 1654 1064
3316 1619 3448 1657 cum
3479 1604 3784 1674 quingentis
3821 1610 3907 1656 tan-

2337 1687 2635 1741 tummodo
2651 1688 2933 1742 militibus
2947 1689 3098 1758 apud
3112 1690 3371 1744 Pharum
3394 1706 3551 1745 mare
3566 1695 3908 1745 transmeantes

2340 1777 2453 1827 tota
2485 1773 2702 1843 Sicilia,
2736 1776 2894 1829 nullo
2908 1776 3199 1831 adversus
3221 1793 3327 1831 eos
3345 1780 3560 1849 aliquid
3580 1784 3907 1849 praesumentc,

2339 1861 2575 1930 impune
2625 1867 2952 1934 peragrata,
3004 1865 3360 1919 Panormum
3414 1883 3599 1937 usque
3626 1869 3906 1937 perveniunt,

2340 1952 2513 2018 atque
2544 1950 2602 2002 in
2634 1955 2848 2019 monte,
2873 1952 2969 2021 qui
2990 1955 3195 2020 postea
3212 1953 3664 2022 Tarantinus,ab
3683 1956 3908 2009 abundan-

2341 2038 2417 2090 tia
2453 2038 2855 2108 Tarantarum,
2889 2055 2920 2092 a
2951 2040 3168 2109 quibus
3218 2041 3437 2095 ibidem
3470 2044 3742 2097 exercitus
3768 2058 3908 2096 eorum

2342 2125 2653 2194 plurimum
2691 2129 2940 2180 vexatus
2972 2132 3082 2195 est,
3105 2128 3357 2198 jubente
3387 2130 3555 2197 duce,
3589 2147 3742 2201 quem
3766 2134 3908 2199 postea

2341 2214 2627 2281 paenituit,
2663 2214 2908 2267 tentoria
2940 2215 3054 2268 fixa
3086 2223 3242 2271 sunt.
3260 2218 3411 2271 Nam
3430 2234 3595 2273 mons
3614 2218 3909 2273 totusinsitus

2340 2300 2630 2369 Tarantis,
2653 2301 2819 2369 viris,
2854 2305 2910 2355 et
2938 2304 3287 2357 mulieribus
3308 2306 3692 2371 inhonestum,
3713 2306 3909 2375 quamvis

2338 2388 2412 2441 iis
2426 2389 3134 2456 evaserint,ridiculosum
3151 2392 3366 2462 hospiti
3377 2409 3473 2447 um
3485 2394 3909 2463 praebuitoTaranta

2338 2477 2572 2546 quidem
2587 2479 2806 2530 vermis
2820 2480 2929 2547 est,
2965 2495 3193 2534 araneae
3208 2483 3473 2550 speciem
3494 2484 3701 2536 habens
3717 2483 3800 2535 sed
3816 2497 3903 2533 acu-

2338 2564 2491 2619 leum
2506 2566 2715 2620 veneni
2733 2566 2876 2619 ferae
2894 2567 3251 2637 punctionis,
3278 2584 3601 2640 omnesque
3614 2586 3745 2641 quos
3760 2583 3911 2639 punxe-

2338 2654 2433 2722 rit,
2458 2654 2636 2706 multa
2658 2654 2920 2707 venefica
2953 2657 3301 2710 ventositate
3338 2659 3543 2728 replet,
3580 2661 3635 2713 in
3656 2663 3909 2725 tantumque

2337 2743 2750 2812 angustiantur
2767 2747 2826 2795 ut
2856 2743 3045 2812 ipsam
3065 2746 3498 2816 ventositatem,
3532 2763 3655 2817 quea
3679 2763 3768 2816 per
3791 2761 3907 2798 anum

2338 2828 2647 2882 inhoneste
2662 2831 3003 2900 crepitando
3017 2834 3282 2903 emergit,
3303 2850 3383 2887 nu
3394 2836 3467 2889 llo
3484 2836 3642 2889 modo
3655 2835 3909 2904 restingue-

2339 2932 2401 2970 re
2414 2918 2845 2986 praavaleantpt
2858 2920 2971 2972 nisi
2987 2919 3390 2981 clibanicayel
3407 2924 3515 2976 alia
3528 2924 3734 2993 quaevis
3748 2922 3906 2975 ferven-

2339 3006 2452 3057 tior
2484 3007 2751 3059 aestuatio
2782 3007 2956 3060 citius
2990 3008 3248 3061 adhibita
3282 3011 3478 3079 fuerit,
3508 3013 3635 3065 vitae
3662 3010 3905 3081 periculum

2339 3093 2641 3146 incurrere
2657 3094 2948 3147 dicuntur.
2966 3094 3091 3147 Tali
3110 3096 3481 3152 inhonestate
3494 3099 3735 3152 nonnulli
3751 3102 3909 3151 nostro-

2338 3196 2465 3233 rum
2482 3183 2693 3250 vexati,
2712 3183 2946 3235 tandem
2962 3184 3153 3237 locum
3168 3188 3394 3239 mutare
3408 3190 3704 3258 coguntur,
3724 3186 3906 3239 vicinum

2338 3270 2467 3321 urbi
2488 3270 2679 3322 locum
2702 3270 2993 3338 tutiorem,
3019 3287 3135 3341 quo
3166 3272 3546 3329 tabernacula
3574 3276 3751 3346 ﬁgant,
3790 3285 3906 3340 expe-

2336 3358 2547 3423 tentes,
2582 3356 2679 3410 ubi
2699 3361 2949 3426 pertres
2980 3374 3220 3413 menses
3252 3364 3611 3433 commorati,
3634 3360 3906 3416 Panormita-

2336 3444 2430 3496 nis
2484 3444 2712 3498 fortiter
2758 3448 3247 3519 repugnantibus,
3281 3433 3499 3505 versus
3529 3452 3714 3505 urbem
3741 3449 3906 3520 quidem

2337 3534 2574 3587 minime
2603 3535 3002 3605 profecerunt,
3037 3537 3143 3589 sed
3182 3537 3494 3593 vicinioria
3544 3541 3906 3608 circumquaque

566 3619 758 3673 fuisse
791 3625 1161 3687 excusarent,
1220 3620 1432 3673 talibus
1463 3622 1666 3675 verbis
1710 3639 2043 3695 aggressus
2084 3632 2176 3681 est
2210 3644 2222 3682 ς
2259 3614 2308 3672 C
2337 3623 2463 3695 loca
2479 3622 3186 3693 plurimadepopulatione
3210 3632 3587 3682 vexaverunt.
3621 3630 3687 3681 At
3712 3642 3817 3680 eum
3847 3624 3904 3674 vi-

568 3706 748 3775 Itane,
767 3707 974 3776 inquit,
997 3707 1672 3777 ofortissimihactenus,
1706 3712 1935 3767 viribus
1954 3715 2229 3770 exhausti

568 3794 715 3847 estis
748 3799 828 3864 ut,
863 3795 1088 3865 absque
1120 3796 1525 3851 recordatione
1548 3799 1800 3870 alicujus
1823 3803 2092 3859 militaris
2112 3806 2229 3859 lau-

567 3883 680 3953 dis,
698 3883 756 3936 in
769 3883 1127 3953 profundum
1145 3884 1517 3954 putribundze
1539 3887 1886 3944 defectionis
1907 3892 2224 3964 submersi,

564 3971 814 4026 ulterius
844 3973 1141 4040 respirare
1160 3974 1468 4043 nequeatis
1490 3976 1517 4027 ?
1538 3976 2230 4036 Recordaminianteces-

567 4075 792 4129 eorum,
840 4061 946 4114 sed
979 4064 1034 4114 et
1064 4062 1260 4131 gentis
1291 4065 1533 4130 nostrae,
1569 4068 1908 4136 nostraeque
1940 4068 2227 4125 hactenus

564 4148 780 4203 habitae
815 4149 1181 4203 strenuitatis
1210 4151 1636 4219 praeconizatae,
1671 4154 2001 4210 devitantes
2058 4161 2228 4214 notas

564 4237 746 4292 futuri
778 4239 1073 4306 vituperii.
1130 4240 1542 4295 Recordamini
1573 4247 1713 4312 quot
1740 4246 1919 4298 millia
1971 4246 2228 4303 hostium

564 4328 717 4396 apud
735 4327 1067 4381 Ceramium
1098 4330 1409 4396 pauciores
1440 4346 1614 4399 quam
1643 4347 1799 4386 nunc
1832 4333 2228 4391 debellatores

564 4416 960 4470 exstinxistis.
987 4415 1244 4470 Fortuna
1264 4421 1402 4471 tunc
1425 4418 1593 4472 vobis
1624 4421 1894 4476 arridens
1916 4425 1989 4477 ab
2022 4425 2227 4479 eodem

564 4518 680 4574 quo
699 4506 754 4556 et
771 4519 926 4557 nunc
943 4504 1135 4557 adhuc
1149 4505 1391 4575 regitur.
1417 4507 1719 4561 Resumite
1741 4510 2023 4578 pristinas
2043 4514 2223 4583 vires,

562 4592 809 4645 victoria
841 4595 973 4661 post
988 4592 1185 4662 fugam
1209 4593 1439 4647 fortiter
1451 4597 1764 4666 agentibus
1788 4598 1978 4653 laudis
2000 4619 2228 4672 repara-

560 4680 642 4734 tio
676 4682 787 4733 est.
810 4680 973 4746 Haec,
1006 4682 1062 4733 et
1090 4680 1201 4734 alia
1220 4683 1650 4753 exprobrando,
1675 4686 1842 4754 plura
1860 4687 2110 4759 locutus,
2128 4693 2225 4746 vix

560 4769 650 4823 eis
667 4768 1178 4822 exhortationibus
1192 4771 1575 4839 recreatis,ad
1592 4777 1883 4829 certamen
1900 4793 2225 4847 pr0perans

560 4873 695 4911 cum
726 4857 897 4911 hoste
930 4858 1337 4927 congreditur.
1379 4858 1634 4913 Fortiter
1661 4864 1890 4932 agendo
1923 4881 2073 4935 gens
2103 4867 2224 4922 Deo

558 4946 802 5001 rebellis
828 4944 1173 5016 debellatur,
1196 4948 1391 5015 praeda
1415 4963 1669 5002 excussa
1690 4958 2090 5020 recuperatur.
2112 4955 2226 5011 No-

560 5035 695 5103 stri,
728 5035 985 5089 victores
1002 5032 1214 5105 effecti,
1230 5036 1686 5106 triumphalibus
1704 5040 1911 5107 spoliis
1930 5042 2216 5099 dicantur.

558 5121 832 5207 'l‘rainam
864 5138 998 5177 cum
1028 5123 1246 5193 gaudio
1274 5128 1887 5196 remeantes,excepto
1902 5131 2217 5203 quod(15‘2)
2242 5147 2295 5207 D

560 5206 632 5260 de
662 5211 788 5264 solo
817 5211 1073 5266 Galterio
1097 5211 1168 5266 de
1206 5210 1727 5283 Simula,quiinter
1749 5231 1954 5271 omnes
1986 5220 2220 5274 militari

560 5292 734 5348 laude
748 5297 986 5369 dignus,
1006 5299 1064 5352 in
1083 5315 1417 5371 congressu
1440 5301 1669 5356 fortiter
1685 5305 1933 5375 agendo,
1950 5309 2107 5377 quod
2124 5309 2221 5364 do-

661 5464 778 5540 l52)
816 5470 880 5525 C.
912 5474 977 5528 P.
1003 5475 1077 5529 de
1103 5477 1226 5532 sola
1258 5482 1447 5534 morte
1464 5478 1760 5535 Gualterii
1788 5481 1862 5536 de
1882 5482 2110 5540 Simila.

658 5537 783 5613 1.53)
820 5540 1007 5613 Ergo-

653 5607 775 5681 154)
814 5607 1154 5684 Ιησὶιιιιίᾳιιθ
1173 5617 1424 5675 hostium
1446 5622 1711 5679 cedendo
1730 5623 1863 5679 dum
1893 5624 2145 5699 fugiunt.

2337 3711 2475 3765 dent
2504 3727 2570 3766 se
2595 3726 2811 3765 versus
2837 3714 3040 3768 urbem
3056 3713 3293 3768 minime
3313 3719 3453 3771 tunc
3471 3715 3728 3785 temporis
3745 3726 3903 3784 praeva-

2336 3802 2457 3855 lere
2486 3816 2687 3870 posse,
2736 3805 2932 3856 castra
2962 3806 3267 3859 moventes
3298 3806 3618 3877 Bugamum
3647 3815 3905 3876 oppugnare

2337 3890 2573 3959 vadunt,
2601 3890 2950 3961 civibusque
2968 3890 3240 3961 ejusdem
3290 3896 3475 3949 castri
3522 3896 3780 3950 enerviter
3803 3890 3905 3943 relu-

2337 3977 2651 4045 ctantibus,
2713 3977 2977 4032 funditus
3035 3979 3293 4048 diruunt,
3340 3982 3561 4037 incolas
3607 3995 3782 4036 omnes
3816 3990 3905 4029 cum

2335 4065 2686 4120 mulieribus
2718 4069 2775 4119 et
2804 4065 3030 4135 liberis,
3064 4068 3341 4139 omnique
3374 4069 3707 4140 supellectili
3730 4081 3814 4121 sua
3838 4079 3890 4117 ca-

2333 4155 2529 4223 ptivos
2560 4154 2875 4224 adducunt,
2903 4155 3109 4225 sicque
3130 4171 3348 4211 versus
3362 4157 3676 4212 Calabriam
3691 4168 3902 4213 remeare.

2334 4242 2602 4297 volentes
2624 4242 2778 4296 haud
2809 4244 3101 4312 proculab
3134 4244 3517 4317 Agrigentina
3546 4247 3695 4315 urbe,
3714 4244 3784 4297 sic
3798 4242 3903 4295 enim

2334 4331 2453 4384 illis
2485 4331 2767 4385 directior
2788 4331 3094 4401 adjacebat
3129 4332 3243 4402 via,
3278 4336 3523 4388 tentoria
3553 4335 3736 4406 ﬁgunt.
3772 4331 3899 4384 Porro

2335 4419 2498 4472 cives
2531 4418 2801 4489 ejusdem
2832 4419 3019 4489 urbis,
3066 4420 3298 4475 viribus
3330 4424 3459 4477 suis
3487 4423 3613 4493 plus
3640 4417 3901 4475 necessario

2334 4507 2717 4567 conﬁdentes,
2743 4523 2851 4577 per
2866 4513 3068 4577 portas
3111 4511 3542 4579 prorumpendo
3571 4510 3693 4564 forti
3721 4505 3899 4574 strepitu

2332 4612 2514 4665 super
2544 4596 2675 4650 illos
2706 4600 3010 4667 proruunt,
3045 4598 3431 4669 incautosque
3459 4600 3694 4653 hostium
3719 4593 3896 4649 tacendo

2332 4685 2469 4738 dum
2522 4684 2749 4756 tingunt
2779 4684 2948 4754 (154),
2996 4701 3189 4757 usque
3240 4687 3301 4740 in
3333 4692 3529 4756 portas
3575 4702 3687 4741 suae
3714 4678 3896 4737 civitatis

2330 4777 2786 4843 persequuntur.
2822 4773 2952 4827 Dux
2985 4773 3179 4844 itaque
3209 4775 3539 4846 digressus,
3568 4776 3623 4828 in
3650 4770 3893 4827 Calabriam

2335 4861 2598 4929 veniens,
2617 4861 3046 4929 expeditionem
3062 4863 3266 4917 solvit:
3284 4856 3893 4934 Bugamensesque(t55li

2332 4965 2483 5019 quos
2503 4950 2766 5019 captivos
2789 4949 3131 5020 adduxerat,
3166 4950 3478 5021 Scriblam,
3515 4966 3670 5020 quam
3696 4949 3892 5002 deserta-

2330 5040 2496 5092 verat
2525 5036 2693 5108 (156),
2727 5040 3093 5109 restaurans,
3126 5039 3209 5093 ibi
3230 5039 3511 5109 hospitari
3528 5038 3667 5092 fecit.

2585 5488 3010 5560 Bugamenses.

2523 5564 2543 5626 )
2581 5559 2893 5617 Duxerant
2921 5562 3010 5619 Sc.

2421 5552 2543 5628 156)
2581 5552 2893 5617 Πιιῖῐθιοαηε
2921 5560 3219 5634 Scribam,
3241 5576 3405 5636 quam
3426 5552 3830 5623 desertaverant.
