3982 6164
211 323 372 387 1145

728 517 978 573 CAPUT
1008 517 1307 572 XXXVII.

549 606 823 680 Agellum
855 623 886 661 a
918 607 1064 662 duce
1094 612 1480 678 oppugnatur.

261 699 432 751 Anno
465 712 604 751 vero
652 697 972 751 Dominieae
996 695 1416 749 incarnationis
1444 691 1587 749 1065
1620 691 1849 745 Palica-

195 789 381 841 strum
449 788 710 840 castrum
766 785 1103 853 destruens,
1160 782 1386 836 incolas
1430 794 1638 836 omnes
1696 776 1851 848 apud

197 875 520 943 Nicotrum,
557 873 709 944 quod
743 873 875 942 ipso
905 888 1055 926 anno
1086 871 1371 939 fundavit,
1404 870 1726 935 adducens,
1771 865 1855 919 ibi

196 962 484 1032 hosPitari
529 962 681 1016 fecit.
717 962 1047 1031 Antequam
1084 961 1197 1014 iret
1242 974 1460 1014 versus
1498 957 1856 1011 Panormum

196 1051 318 1104 dux
366 1051 683 1113 Robertus,
738 1053 795 1103 et
847 1050 907 1101 in
953 1051 1148 1102 monte
1180 1048 1564 1101 Tarantarum
1609 1042 1860 1098 tentoria

199 1139 456 1207 ﬁxisset,
471 1139 591 1192 dux
608 1142 663 1191 et
681 1152 881 1190 comes
906 1137 1205 1207 Rogerius
1228 1136 1395 1205 prius
1416 1134 1477 1187 in
1497 1132 1862 1202 provinciam

202 1226 468 1281 Cusentii
498 1229 757 1280 castrum
784 1225 1020 1295 quidem
1056 1224 1276 1295 Regale
1302 1221 1449 1291 (157)
1471 1233 1857 1291 expugnave~

197 1321 348 1384 rant,
403 1319 461 1369 et
498 1330 603 1384 pro
645 1314 814 1367 libitu
844 1312 1281 1366 ordinaverunt.
1315 1310 1536 1365 Eodem
1566 1324 1717 1362 anno
1764 1322 1864 1360 ca-

1317 315 1722 381 HISTORIA
1764 313 2085 378 SICULA.
2118 344 2196 361 -—
2226 315 2387 378 LI‘B.
2436 317 2515 378 II.

3470 324 3625 386 1H6

1872 499 1933 565 ι
1957 516 2255 572 vicinitate
2274 532 2524 589 quaeque
2546 519 2810 587 proxima
2834 520 2961 574 loca
2984 522 3263 577 attentius
3294 521 3620 594 subjugata

1963 606 2080 659 sibi
2109 605 2337 660 concite
2368 606 2816 678 foederarentur,
2853 610 3006 677 apud
3031 610 3448 681 Petrelegium,
3474 625 3627 664 anno

1966 694 2289 749 Dominicae
2304 695 2724 750 incarnationis
2756 694 2914 763 1066,
2931 698 3198 751 turribus
3218 704 3271 752 et
3286 714 3625 770 propugna-

1970 783 2121 836 culis
2138 786 2300 837 extra
2321 786 2545 853 portam
2567 785 3012 839 accuratissime
3037 786 3310 852 firmavit,
3334 801 3439 855 per
3469 786 3627 856 quod

1970 872 2281 925 maximam
2304 877 2525 941 partem
2557 871 2792 940 Siciliae,
2826 875 2895 926 ad
2931 890 3056 931 suae
3090 873 3507 927 dominationis
3528 872 3628 943 ju-

1973 974 2112 1029 gum
2143 959 2451 1012 ferendum
2480 961 2831 1028 perdomuit.
2870 960 3033 1015 Filiis
3067 960 3318 1031 denique
3341 960 3631 1015 Taueredi

1974 1047 2318 1102 naturaliter
2341 1048 2436 1101 hic
2468 1064 2596 1102 mos
2618 1049 2858 1102 inolitus
2881 1049 3005 1113 fuit,
3030 1053 3089 1103 ut
3106 1065 3346 1118 semper
3377 1048 3634 1103 domina-

1974 1137 2152 1190 tionis
2171 1136 2344 1204 avidi,
2372 1139 2541 1204 prout
2573 1137 2688 1190 illis
2722 1137 2879 1191 vires
2900 1138 3309 1207 suppetebant,
3344 1139 3636 1192 neminem

1971 1228 2163 1278 terras
2204 1224 2296 1277 vel
2327 1225 2749 1291 possessiones
2783 1226 3068 1280 habentes
3101 1242 3173 1279 ex
3204 1226 3474 1295 proximo
3518 1225 3636 1279 sibi

1976 1312 2202 1383 absque
2233 1313 2603 1367 aemulatione
2637 1313 2853 1367 habere
2888 1317 3244 1383 paterentur,
3279 1314 3420 1384 quin
3451 1314 3544 1367 vel
3563 1314 3635 1367 ab

197 1408 390 1458 strum
433 1403 747 1473 quoddam,
801 1400 957 1471 quod
986 1400 1137 1471 Agel
1171 1399 1405 1465 dicitur,
1454 1400 1513 1451 in
1558 1396 1867 1468 provincia
1976 1401 2126 1470 ipsis
2172 1400 2482 1453 confestim
2513 1399 2781 1470 [subjecti
2826 1402 3288 1470 deservirentur,
3341 1402 3435 1455 vel
3479 1405 3636 1455 certe

199 1491 615 1561 Cusentii,dux
629 1504 970 1560 oppugnare
982 1488 1227 1554 vadens,
1244 1502 1351 1555 per
1361 1488 1612 1556 quatuor
1624 1498 1862 1537 menses

200 1580 460 1635 obsedit.
498 1578 850 1649 Agellenses
882 1580 1077 1630 autem
1119 1578 1287 1629 extra
1321 1578 1582 1628 castrum
1610 1585 1864 1642 progre-

200 1669 457 1734 dientes,
494 1682 627 1720 cum
647 1665 901 1719 vicinius
931 1664 1177 1719 tentoria
1210 1663 1419 1716 hostes
1450 1662 1718 1731 figerent,
1748 1658 1875 1711 fun-

206 1756 431 1811 dibulis
446 1758 503 1809 et
515 1754 749 1824 sagittis
761 1752 1003 1823 longius
1019 1750 1350 1821 pr0pellere
1366 1750 1646 1811 nituntur;
1663 1748 1871 1817 sicque

201 1861 276 1899 ex
307 1847 560 1912 utraque
592 1845 762 1911 parte
794 1844 993 1895 mutua
1026 1840 1187 1893 caede
1213 1838 1443 1891 fortiter
1472 1835 1872 1906 congrediun-

208 1939 327 1988 tur.
373 1934 449 1985 At
470 1933 606 1985 dum
628 1931 818 1985 nostri
859 1929 1111 1983 maxima
1144 1926 1546 1997 indignatione
1579 1922 1872 1990 commoti,

209 2023 494 2090 impetum
533 2020 591 2073 in
624 2020 831 2072 hostes
862 2016 1169 2085 facientes,
1205 2015 1303 2069 ubi
1333 2013 1650 2068 densiores
1690 2013 1873 2077 erant,

209 2124 599 2180 prorumpere
619 2108 899 2175 nituntur,
921 2104 1217 2175 Rogorius
1234 2103 1390 2157 [ilius
1406 2100 1715 2155 Scolcandi
1730 2098 1876 2167 (158)

203 2197 410 2268 jaculo
442 2196 784 2263 confossus,
819 2210 968 2263 equo
1001 2192 1310 2263 dejicitur:
1338 2207 1471 2245 cum
1489 2189 1661 2243 etiam
1684 2187 1879 2241 Gissi-

210 2288 426 2341 bertus
470 2283 615 2353 (159)
647 2299 834 2352 nepos
857 2282 992 2352 ejus
1013 2297 1148 2335 eum
1189 2280 1338 2349 (160)
1378 2279 1646 2332 relevare
1676 2276 1877 2339 tentet,

214 2373 493 2444 dejectus
526 2372 758 2442 utrique
790 2370 1174 2424 occiduntur:
1203 2368 1273 2421 de
1297 2382 1548 2437 quorum
1585 2379 1731 2417 nece
1763 2363 1881 2415 dux

216 2479 354 2517 cum
401 2460 557 2515 omni
605 2460 866 2514 exercitu
916 2474 1032 2512 non
1082 2457 1385 2510 minimum
1431 2453 1664 2519 turbati,
1716 2453 1885 2505 erant

216 2551 379 2605 enim
407 2550 560 2603 inter
590 2548 911 2601 familiares
960 2547 1078 2600 sibi
1110 2543 1472 2611 charissimi,
1513 2556 1717 2595 eorum
1749 2555 1884 2593 cor-

218 2653 367 2708 pora
398 2636 554 2705 apud
592 2636 865 2689 Sanctam
910 2632 1312 2702 Euphemiam,
1354 2630 1453 2683 ubi
1487 2632 1625 2682 tunc
1655 2626 1888 2680 abbatia

219 2728 280 2780 in
313 2726 543 2779 honore
575 2726 796 2778 sanctae
830 2723 937 2776 Dei
968 2720 1278 2792 genitricis
1309 2718 1510 2771 Mariae
1542 2716 1772 2770 noviter
1803 2714 1888 2766 in-

223 2816 418 2884 coepta
435 2811 870 2879 instituebatur,
908 2809 1199 2865 humanda
1232 2806 1560 2861 mandavit:
1594 2818 1802 2873 equos,
1836 2803 1892 2855 et

225 2906 445 2956 caetera
468 2917 599 2970 quae
632 2898 943 2967 habebant,
978 2897 1168 2951 eidem
1186 2893 1481 2963 ecclesiae,
1500 2909 1607 2962 pro
1626 2894 1890 2961 ipsorum

226 2990 560 3045 salvatione
582 2987 843 3041 contulit.
863 2986 1220 3057 Agellenses
1240 2985 1433 3054 itaque
1454 2981 1894 3052 cognoscentes

227 3095 337 3150 pro
389 3078 488 3133 tali
540 3080 596 3131 et
638 3075 934 3129 similibus
981 3074 1154 3127 factis
1201 3073 1409 3126 ducem
1453 3086 1590 3125 sese
1632 3068 1895 3140 graviter

230 3167 581 3233 offendisse,
623 3180 824 3234 pacem
855 3164 926 3216 ab
959 3163 1088 3232 ipso
1119 3162 1416 3230 expetunt,
1450 3174 1524 3211 ne
1555 3158 1607 3210 si
1639 3156 1895 3210 rebelles

227 3253 609 3324 persistendo
643 3252 698 3304 vi
729 3253 1101 3320 caperentur,
1137 3249 1211 3301 ab
1246 3247 1332 3300 ira
1364 3245 1521 3315 ejus,
1554 3244 1783 3313 absque
1815 3257 1901 3295 re-

232 3341 574 3396 cordatione
610 3338 864 3408 alicujus
886 3337 1141 3408 pietatis,
1167 3340 1228 3389 ut
1251 3334 1439 3389 meriti
1470 3335 1656 3399 erant,
1692 3345 1899 3384 omnes

232 3431 461 3502 pariter
489 3428 937 3498 perimerentur.
976 3426 1109 3479 Dux
1138 3440 1279 3479 .vero
1310 3421 1583 3492 quamvis
1614 3420 1899 3474 anhelans

234 3523 403 3573 esset
424 3533 574 3586 .cum
612 3516 944 3586 suppliciis,
982 3515 1054 3568 de
1085 3512 1277 3584 ipsius
1298 3511 1578 3565 ultionem
1601 3511 1898 3577 expetere,

236 3612 438 3661 tamen
472 3622 546 3659 ne
590 3605 810 3659 diutius
859 3602 1322 3673 perendinando,
1376 3599 1521 3653 alias
1565 3595 1897 3659 intendens,

238 3695 671 3762 demoraretur,
722 3707 927 3762 pacem
958 3706 1089 3744 cum
1139 3690 1287 3758 ipsis
1320 3676 1478 3755 fecit,
1525 3688 1903 3752 castrumque

240 3783 319 3838 ab
352 3783 442 3837 eis
471 3782 875 3847 deliberatum,
910 3779 968 3831 in
998 3793 1106 3831 sua
1136 3777 1350 3829 virtute
1380 3774 1568 3844 accipi
1598 3787 1705 3842 pro
1735 3771 1905 3824 libitu

242 3887 359 3927 suo
392 3870 705 3941 disposuit.

773 3954 1022 4010 CAPUT
1064 3952 1383 4007 XXXVIII.

573 4045 843 4101 Castrum
875 4043 1025 4115 apud
1060 4041 1471 4112 Petrelegium
1503 4037 1587 4092 ﬁt.

319 4154 536 4208 Comes
550 4165 690 4205 vero
700 4145 1400 4218 Rogerius,acquirendae
1418 4141 1638 4197 Sicitiae
1652 4141 1910 4194 intentus

245 4242 474 4316 quietis
504 4239 816 4309 impatiens
845 4240 988 4305 erat,
1037 4234 1231 4289 omnia
1286 4233 1657 4302 perlustrans
1716 4229 1906 4282 creris

249 4312 701 4386 incursionibus
715 4325 1070 4393 deterrebat,
1088 4324 1491 4391 intentumque
1505 4333 1579 4372 ex
1600 4312 1913 4372 consuetu-

252 4421 391 4475 dine
406 4416 921 4472 laboricontinuus
939 4416 1082 4480 erat,
1104 4416 1163 4466 ut
1176 4409 1632 4474 bincne,hincve
1648 4405 1919 4459 infestior

250 4511 441 4576 esset,
458 4521 567 4560 nec
590 4504 825 4559 caecitas
839 4504 1114 4558 obscura:
1145 4500 1334 4554 noctis
1360 4495 1658 4562 dehortari
1689 4496 1916 4564 posset,

1926 3213 1984 3275 C

1978 1488 2095 1558 ipsi
2125 1488 2315 1542 omnia
2350 1489 2404 1541 in
2437 1504 2544 1542 sua
2575 1490 2788 1543 virtute
2812 1491 3160 1558 potirentur.

2528 1577 2779 1631 CAPUT
2811 1579 3076 1632 XXXIX.

2326 1664 2460 1717 Dux
2488 1665 2996 1735 Montcmpilosum
3029 1667 3282 1721 obsidet.

2053 1753 2192 1806 Inde
2224 1757 2279 1806 et
2312 1753 2607 1807 Robertus
2640 1754 2777 1820 dux,
2801 1755 2902 1824 qui
2925 1771 3046 1823 prae
3068 1756 3299 1809 caeteris
3329 1754 3486 1808 hunc
3520 1768 3642 1807 mo-

1908 1857 2109 1930 Brem
2160 1842 2273 1895 sibi
2318 1841 2741 1910 vindicaverat,
2777 1842 3096 1896 Gauridum
3146 1844 3217 1897 de
3263 1841 3644 1896 Conversana

1985 1933 2257 2001 nepotem
2288 1931 2558 1985 videlicet
2592 1946 2784 1999 suum,
2822 1931 2978 1985 ﬁlius
3011 1932 3224 2001 quippe
3257 1931 3485 1985 sororis
3517 1946 3644 1984 sua)

1988 2022 2129 2087 erat,
2180 2024 2240 2073 ut
2272 2020 2342 2073 de
2374 2020 2762 2088 Montepiloso
2795 2019 2910 2073 sibi
2943 2020 3270 2088 servitium,
3308 2019 3459 2073 sicut
3489 2021 3545 2072 et
3574 2018 3646 2072 de

1991 2109 2224 2162 caeteris
2283 2111 2515 2173 castris,
2570 2125 2701 2178 quae
2733 2109 2981 2177 plurima
3030 2108 3141 2162 sub
3194 2108 3325 2177 ipso
3374 2107 3648 2175 habebat,

1993 2196 2318 2259 exhiberet,
2371 2196 2623 2249 adorsus
2656 2199 2766 2263 est,
2817 2196 3092 2264 quodque
3124 2195 3195 2247 ab
3226 2195 3376 2263 ipso,
3414 2195 3568 2247 sicut
3599 2196 3658 2247 et

1995 2289 2229 2353 caetera,
2251 2284 2486 2337 minime
2502 2286 2827 2352 acceperat,
2855 2283 2960 2336 sed
2985 2298 3091 2335 sua
3116 2282 3481 2350 strenuitate,
3508 2282 3656 2334 duce

1999 2372 2113 2426 sibi
2154 2370 2433 2424 auxilium
2457 2385 2573 2423 non
2597 2369 2841 2435 ferente,
2883 2384 2990 2438 per
3013 2384 3079 2422 se
3102 2368 3172 2422 ab
3197 2368 3368 2422 hoste
3392 2369 3658 2422 lucratus

1999 2460 2207 2514 fuerat.
2242 2459 2303 2512 Id
2335 2459 2529 2512 facere
2582 2460 2884 2525 renuente,
2928 2457 3068 2523 dux,
3106 2457 3338 2511 admoto
3372 2456 3657 2525 exercitu,

1999 2550 2152 2603 idem
2178 2550 2440 2602 castrum
2458 2547 2776 2600 obsessum
2790 2546 2977 2613 vadit;
2999 2545 3315 2615 multisque
3331 2544 3661 2598 militariter

2004 2653 2076 2692 ex
2106 2641 2352 2707 utraque
2383 2638 2546 2704 parte
2578 2634 2953 2705 perpetratis,
2976 2632 3231 2701 tandem,
3266 2636 3328 2687 ut
3358 2632 3428 2686 de
3449 2632 3658 2687 eodem

2006 2729 2223 2795 castro,
2274 2726 2427 2779 sicut
2474 2726 2530 2777 et
2559 2724 2629 2777 de
2663 2723 2900 2777 caeteris
2932 2722 3048 2775 sibi
3079 2721 3386 2775 servitium
3416 2720 3664 2791 promit-

2005 2819 2137 2868 tens
2169 2813 2494 2882 exhiberet,
2529 2811 2826 2881 compulit.

2621 2899 2874 2953 CAPUT
2912 2899 3040 2952 XL.

2471 2990 2607 3043 Dux
2635 2989 2852 3041 Barum
2886 2988 3188 3042 obsidens.

2084 3081 2212 3134 Dux
2250 3079 2446 3149 itaque
2476 3077 2687 3130 videns
2719 3077 2933 3145 omnia,
2966 3091 3097 3145 quae
3130 3075 3258 3129 solo
3293 3075 3555 3145 incoeptu
3586 3077 3671 3130 at-

2010 3170 2289 3237 tentabat,
2348 3168 2583 3222 fortuna
2638 3165 3040 3219 favorabiliter
3071 3165 3386 3233 arridente,
3437 3164 3551 3217 sibl
3611 3165 3673 3217 in

2013 3273 2365 3327 prosperum
2394 3256 2627 3325 cedere,
2660 3253 3125 3308 famosissimam
3153 3253 3378 3319 urbem,
3409 3268 3544 3322 quae
3566 3253 3675 3306 Ba-

2014 3361 2145 3401 rum
2175 3345 2405 3412 dicitur,
2441 3345 2632 3397 adhuc
2664 3341 3306 3410 Constantinopolitano
3339 3340 3676 3411 imperatori

2016 3451 2088 3490 ex
2118 3434 2392 3488 ﬁdelitate
2410 3433 2809 3487 adhterentcm
2843 3429 3011 3499 (161),
3051 3430 3168 3483 sibi
3198 3444 3340 3483 vero
3371 3428 3674 3498 rebellem,

2018 3540 2089 3579 ex
2113 3524 2380 3594 proximo
2406 3521 2556 3575 haud
2576 3520 2751 3591 longe
2775 3537 2805 3573 a
2827 3519 3218 3589 Montepiloso
3241 3517 3470 3571 habens
3502 3513 3674 3588 (162),

2021 3614 2476 3684 quibuscunque
2510 3611 2829 3679 imperator
2847 3610 3101 3678 praeerat
3117 3606 3490 3677 pactionibus
3508 3607 3583 3674 et,
3620 3608 3684 3659 ut

2023 3701 2533 3773 sibifaventiores
2557 3700 2847 3765 redderet,
2880 3697 2951 3751 ad
2983 3695 3487 3767 impugnationem
3521 3694 3683 3765 ejus-

2024 3792 2156 3844 dem
2170 3790 2337 3843 urbis
2353 3803 2558 3842 secum
2580 3786 2809 3841 instans
2823 3783 2990 3854 (163),
3008 3800 3161 3838 anno
3177 3784 3355 3838 Verbi
3388 3781 3685 3836 Incarnati

2026 3876 2162 3932 1067
2206 3877 2464 3946 equitatu
2511 3879 2568 3929 et
2623 3874 2813 3929 navali
2873 3873 3135 3927 exercitu
3187 3886 3316 3926 eam
3364 3872 3686 3926 obsessum

2026 3966 2185 4019 vadit
2217 3965 2385 4033 (164).
2430 3964 2499 4016 Et
2541 3963 2675 4032 quia
2720 3962 2849 4030 ipsa
2880 3961 3110 4029 civitas,
3138 3960 3311 4030 quasi
3342 3961 3402 4013 in
3432 3959 3689 4030 quodam

2031 4054 2247 4126 angulo
2277 4053 2390 4106 sita
2420 4051 2480 4104 in
2509 4065 2672 4103 mare
2710 4048 3048 4119 porrigitur,
3100 4051 3229 4117 ipse
3262 4063 3394 4102 cum
3425 4046 3692 4117 equestri

2032 4144 2296 4200 exercitu
2328 4143 2513 4212 ipsam
2558 4140 2781 4208 partem
2822 4153 2933 4207 qua
2987 4136 3195 4189 civitas
3225 4150 3441 4189 versus
3472 4138 3691 4189 terram

2032 4236 2286 4306 patebat,
2318 4230 2489 4301 quasi
2513 4229 2584 4282 ab
2609 4243 2723 4280 uno
2762 4225 2982 4280 mariin
3003 4225 3158 4278 aliud
3191 4223 3495 4289 claudens,
3530 4223 3690 4276 navi-

2033 4327 2148 4380 bus
2174 4339 2281 4394 per
2296 4335 2456 4374 mare
2475 4316 2761 4384 extensis,
2786 4330 2899 4368 una
2924 4313 2994 4367 ad
3014 4313 3255 4367 alteram
3280 4312 3525 4366 firmiter
3567 4310 3692 4366 fer-

2035 4415 2153 4469 reis
2194 4410 2437 4475 catenis,
2486 4423 2553 4460 ac
2599 4405 2652 4459 si
2683 4419 2883 4473 sepem
2915 4402 3203 4469 faciendo,
3238 4399 3689 4472 compaginatis,

2035 4504 2112 4557 ita
2152 4503 2329 4555 totam
2373 4498 2580 4551 urbem
2632 4493 2813 4548 cinxit
2858 4496 2920 4546 ut
2962 4491 3121 4545 nullo
3154 4490 3337 4544 latere
3383 4491 3576 4544 exitus
3622 4488 3695 4542 ab

253 4560 403 4668 (litin
430 4560 523 4649 Ide
552 4595 682 4648 1°00
730 4594 805 4647 ad
846 4594 1040 4647 locum
1084 4588 1443 4652 ῖιἮηείῙίθηεν
1494 4560 1597 4654 031‘
1626 4560 1920 4652 SB—iPSlmi
1959 4560 2181 4646 Durbe
2213 4583 2633 4659 progrediendi
2663 4585 2906 4652 pateret.
2956 4582 3117 4634 Duos
3175 4594 3411 4650 quoque
3463 4580 3696 4646 pontes,

255 4686 457 4740 omnia
512 4685 838 4751 attentaret,
900 4680 1154 4751 ejusque
1195 4675 1574 4746 praesentiam
1603 4673 1919 4742 plusquam

258 4775 459 4829 omnia
481 4773 688 4827 hostes
711 4769 1127 4835 exhorrebant,
1154 4766 1556 4833 intantumque
1577 4761 1629 4832 ej
1640 4778 1710 4815 us
1731 4759 1925 4814 veloci

256 4862 593 4933 frequentia
624 4858 1067 4914 deterrebantur
1096 4858 1159 4908 ut
1190 4868 1481 4923 nusquam
1515 4852 1737 4904 absens
1767 4852 1927 4918 puta-

257 4956 448 5006 retur.
480 4949 599 5003 Sed
629 4948 763 5018 quia
793 4945 894 4999 ubi
926 4944 1055 4998 suis
1085 4940 1505 5012 praesentibus,
1546 4939 1673 5008 ipse
1706 4939 1925 4992 absens

259 5041 339 5095 ab
362 5039 639 5094 hostibus
658 5031 1232 5105 deprehendebatur,
1260 5029 1355 5083 sui
1372 5028 1571 5082 hostili
1588 5026 1928 5080 incursione

262 5129 566 5183 interdum
609 5124 1025 5197 gravabantur,
1073 5124 1357 5183 castrum,
1408 5132 1525 5187 quo
1558 5131 1645 5184 se,
1681 5115 1732 5168 si
1774 5113 1927 5167 forte

260 5216 603 5272 necessitas
620 5213 1004 5282 incumberet,
1025 5209 1261 5265 facilius
1278 5208 1603 5275 tuerentur,
1629 5206 1685 5258 et
1699 5219 1731 5257 a
1754 5200 1930 5272 cujus

344 5357 496 5427 (157)
535 5355 600 5410 Ο,
632 5356 705 5427 P.
726 5354 930 5427 Ragel.

349 5428 501 5497 (1.58)
540 5426 867 5497 Scotlandi.

377 5494 498 5560 159)
543 5496 870 5551 Gilbertus.

375 5565 501 5623 160)
539 5566 708 5621 Dum.

376 5569 479 5623 160
539 5569 708 5621 Dum.

376 5569 504 5711 161;
541 5637 897 5694 Adhaerens.

2036 4694 2216 4735 unum
2257 4675 2529 4729 videlicet
2551 4672 2622 4726 ab
2649 4686 2996 4742 unaquaque
3019 4669 3145 4738 ripa
3174 4668 3565 4734 constituens,
3598 4665 3701 4736 qui

2037 4766 2276 4839 longius
2327 4766 2384 4817 in
2415 4778 2576 4817 mare
2623 4777 2814 4831 usque
2846 4760 3083 4812 navium
3117 4757 3310 4825 funes,
3346 4754 3418 4809 ab
3449 4758 3701 4824 utraque

2037 4860 2202 4925 parte
2259 4853 2640 4925 attingebant,
2701 4849 2963 4919 porrexit
2997 4864 3007 4901 ;
3043 4851 3104 4900 ut
3136 4847 3189 4898 si
3220 4846 3368 4899 forte
3402 4845 3702 4897 Barenses

2040 4944 2635 5017 aliquemincursum,
2650 4953 2867 4993 versus
2884 4951 3066 4989 naves
3085 4935 3455 5001 attentarent,
3477 4933 3701 4986 directo

2047 5050 2229 5090 cursu
2250 5050 2282 5085 a
2312 5029 2593 5084 militibus
2624 5026 2875 5079 navibus
2909 5023 3241 5093 expeditius
3262 5022 3704 5075 subveniretur.

2051 5125 2347 5177 Bai-enses
2380 5120 2571 5171 autem
2600 5115 2785 5184 primo
2820 5129 2952 5184 quae
2981 5111 3237 5182 agebant
3267 5109 3575 5179 despectui
3606 5109 3707 5163 ha-

2049 5214 2258 5267 bentes
2273 5207 2465 5264 omnia
2482 5203 2862 5274 vilipendere,
2881 5202 3222 5255 ornamenta
3241 5198 3710 5253 suathesaurum

2123 5352 2269 5427 (162)
2314 5350 2492 5427 Quam
2541 5344 2779 5427 habens.
2814 5342 3250 5416 quibuscumque
3285 5347 3525 5414 poterat
3566 5355 3710 5414 ρας.

2052 5421 2313 5479 tionibus
2339 5422 2665 5490 imperator
2694 5421 2892 5470 etiam.

2144 5493 2247 5549 163
2308 5492 2662 5547 Inﬂammas.

2119 5496 2270 5639 E164;
2314 5563 2711 5636 Oppugnatum
2747 5557 2930 5618 vadit.
