4074 6150
462 319 621 384 1147

1183 315 1617 380 GAUFREDI
1662 314 2225 378 MALATERRJE
2269 315 2651 380 MONACHI
2693 314 3128 378 BENEDICT.

3670 324 3805 387 H48

462 532 577 589 que
631 516 893 586 pretiosa
966 514 1354 585 dependentia
1413 516 1729 585 ostentare,
1798 513 2126 569 Guiseardo
2150 514 2353 583 ﬂtur,
2405 515 2633 570 crebris
2690 515 3139 571 incursionibus
3188 517 3379 571 omnia
3409 518 3685 574 hostiliter
3730 536 3841 590 per-

462 606 635 677 plura
663 605 919 661 convitia
949 604 1188 670 inferre,
1216 603 1479 657 turribus
1502 603 1631 656 suis
1662 603 1910 656 ﬁdentes
1933 618 2130 656 rerum

465 696 660 749 exitus
708 694 906 747 minus
950 692 1143 745 metiri
1173 694 1498 761 coeperunt.
1532 690 1673 755 Quae
1704 706 1803 744 res
1852 690 2132 744 Guiscar-

463 784 605 837 dum
654 783 726 836 ab
771 782 1026 850 incoepto
1059 779 1297 850 quidem
1324 794 1443 833 non
1472 778 1823 846 deterrebat,
1860 779 1969 832 sed
1998 779 2128 831 ani-

471 887 605 925 mus
664 869 1003 924 ambitionis
1034 868 1307 937 cupidine
1338 867 1598 936 fervens,
1649 870 1866 937 quanto
1914 867 2127 936 pretio-

470 963 633 1016 siora
663 960 815 1014 infra
845 974 1050 1013 muros
1084 958 1373 1011 contineri
1401 958 1691 1025 dicebant,
1725 959 1882 1010 tanto
1913 957 2128 1009 arden-

473 1050 589 1104 tius
612 1064 719 1118 spe
742 1063 809 1101 ea
829 1046 1117 1115 lucrandi,
1135 1046 1209 1099 ad
1221 1044 1376 1116 quod
1392 1049 1652 1114 coeperat
1666 1044 2126 1113 persistendum,

471 1138 686 1191 mentis
708 1135 1043 1190 instantiam
1079 1133 1318 1205 ﬁgebat,
1344 1133 1706 1187 subridendo
1728 1132 1846 1186 illis
1885 1148 2131 1203 respon-

468 1225 616 1279 dens
642 1240 653 1278 ε
678 1222 839 1292 Quae,
876 1222 1081 1292 inquit,
1127 1221 1436 1275 ostentatis
1488 1235 1618 1274 mea
1652 1225 1812 1290 sunt,
1847 1224 1904 1273 et
1934 1220 2071 1291 quia
2100 1235 2134 1273 a

470 1313 644 1367 vobis
674 1311 1004 1365 voluntarie
1027 1309 1169 1362 mihi
1200 1311 1637 1379 praesentantur
1666 1308 1855 1362 habeo
1878 1312 2129 1379 gratum.

472 1400 676 1456 Estote
736 1399 942 1453 ﬁdeles
999 1399 1072 1452 ad
1128 1401 1361 1466 tempus
1393 1397 1453 1451 in
1483 1396 1915 1452 conservando.
1952 1397 2134 1450 Vobis

472 1489 689 1560 quippe
739 1488 811 1540 de
843 1486 1164 1539 amissione
1215 1484 1550 1539 dolentibus
1599 1483 1735 1536 ﬁam
1784 1483 2135 1554 quandoque

473 1578 684 1648 largus
703 1575 766 1629 in
782 1574 1212 1629 distribuendo.
1228 1572 1443 1643 Sicque
1459 1587 1607 1625 suos
1625 1572 1697 1625 ad
1723 1571 1927 1625 urbem
1946 1571 2140 1625 debel-

474 1666 710 1719 landam
752 1662 1262 1717 exhortationibus
1295 1664 1351 1714 et
1378 1660 1696 1729 promissis
1744 1660 2136 1729 inflammans,

476 1753 700 1808 laboris
715 1752 810 1806 sui
823 1750 1393 1819 renuntiationisque
1406 1749 1715 1818 praemium
1737 1749 1891 1801 infra
1907 1763 2139 1801 murum

476 1844 730 1896 testatur
754 1855 915 1894 esse.
942 1839 1076 1908 Ipse
1099 1838 1313 1891 moenia
1336 1837 1669 1904 circumire,
1695 1851 1952 1908 aggeres
1975 1852 2140 1890 eom-

476 1932 736 2000 portare,
787 1928 996 1981 urbem
1034 1926 1273 1993 vallare,
1308 1925 1524 1979 arietes
1558 1924 1774 1993 facere,
1809 1927 2141 1994 cmteraque

478 2017 969 2083 machinamenta,
992 2031 1123 2084 quae
1142 2015 1279 2067 usui
1295 2013 1596 2083 capiendae
1610 2013 1776 2067 urbis
1798 2013 2145 2067 necessaria

479 2109 665 2175 erant,
701 2119 1077 2174 componere,
1094 2118 1238 2157 suos
1270 2103 1589 2171 instruere,
1607 2101 1812 2155 hostes
1835 2101 2140 2169 infestare,

478 2199 698 2249 metum
740 2192 879 2263 jugi
909 2192 1186 2245 instantia
1219 2190 1495 2244 studebat
1523 2190 1808 2243 incutere.
1844 2190 2142 2244 Bai-enses

479 2298 624 2355 ergo
674 2281 944 2335 videntes
995 2280 1387 2334 constantiam
1426 2278 1601 2333 ducis
1633 2279 1781 2332 ultra
1811 2294 1987 2349 quam
2035 2279 2147 2331 rati

483 2375 666 2441 erant,
699 2370 1058 2424 indivulsam
1090 2368 1436 2438 persistere,
1471 2367 1807 2437 victumque
1855 2366 2011 2419 infra
2042 2382 2144 2419 ur-

481 2462 638 2530 bem,
663 2460 822 2514 nullo
845 2459 917 2511 ad
938 2457 1427 2512 introducendum
1450 2456 1724 2510 hostibus
1747 2456 2144 2525 circumsetis,

485 2551 651 2603 aditu
687 2550 940 2617 patente,
977 2563 1010 2600 a
1039 2546 1407 2599 multitudine
1436 2545 1682 2599 inermis
1716 2544 1902 2615 vulgi,
1936 2544 2147 2598 mulie-

482 2655 611 2692 rum
643 2636 869 2689 scilicet
904 2639 961 2688 et
990 2650 1306 2704 puerorum
1338 2634 1626 2687 inutiliter
1655 2633 1953 2686 devastari
1985 2632 2147 2703 quod

484 2727 545 2779 vi
602 2724 921 2796 nequibant
980 2724 1114 2777 dolo
1174 2724 1307 2776 vitae
1339 2722 1509 2776 ducis
1539 2722 1867 2791 periculum
1920 2725 2147 2791 parant,

487 2813 793 2884 pretioque
834 2812 1181 2880 composito,
1242 2828 1273 2862 a
1326 2810 1580 2881 quodam
1620 2810 1875 2864 levitatis
1907 2812 2056 2879 viro,
2089 2814 2152 2864 ut

487 2903 637 2957 urbe
668 2901 815 2971 (165)
840 2901 1185 2972 digrediens
1208 2900 1368 2952 illum
1402 2900 1630 2968 spiculo
1653 2900 1955 2969 corripere
1976 2903 2154 2952 atten-

488 2994 571 3046 tet
609 2989 778 3061 (166),
827 2994 1183 3044 mercantur.
1234 2989 1556 3042 Amerinus
1597 3003 1743 3059 ergo
1775 2989 2020 3041 avaritia
2051 3003 2152 3040 ca-

490 3081 711 3151 ptionis
744 3080 1016 3149 cupidine
1049 3081 1256 3149 captus
1288 3077 1681 3147 appetendum
1722 3077 1870 3148 (167)
1902 3081 2016 3131 tam
2051 3093 2156 3130 no-

488 3169 628 3239 bile,
654 3172 717 3223 ut
732 3169 848 3223 sibi
863 3169 1191 3236 videbatur,
1220 3167 1451 3221 facinus
1468 3167 1781 3233 accelerat,
1808 3166 2156 3236 spiculopue

489 3238 737 3312 venenis
792 3257 1010 3312 infecto
1042 3256 1115 3310 ab
1147 3256 1533 3310 cdocentibus
1564 3270 1633 3308 se
1671 3259 1846 3309 tantae
1879 3257 2156 3310 versutia;
2193 3238 2247 3304 C

492 3347 759 3403 fraudem
811 3350 1075 3416 accepto,
1112 3346 1259 3398 urbe
1308 3345 1648 3415 digressus,
1695 3346 1868 3414 quasi
1898 3361 2051 3399 unus
2084 3360 2159 3399 ex

501 3437 750 3506 nostris,
774 3436 1005 3505 lapides
1036 3434 1215 3488 funda
1247 3449 1464 3487 versus
1494 3434 1709 3486 hostes
1737 3449 1923 3503 supra
1953 3450 2157 3488 muros

486 3525 785 3597 jaeiendo,
805 3524 1099 3577 adversus
1113 3527 1309 3576 castra
1322 3526 1662 3576 nostrorum
1675 3521 1882 3575 dolose
1897 3523 2161 3591 specula-

497 3619 618 3667 tum
660 3612 1065 3665 circumvenit.
1116 3612 1353 3680 Sicque,
1405 3614 1865 3679 vesperascente
1897 3612 2010 3679 die,
2044 3627 2158 3666 nox

496 3700 892 3755 intercludere
938 3699 1085 3754 solis
1131 3699 1331 3753 radios
1364 3703 1657 3769 properat,
1690 3715 1941 3770 cumque
1972 3716 2158 3755 coenae

498 3789 645 3843 hora
674 3789 929 3843 instante
970 3788 1085 3842 dux
1136 3789 1196 3841 in
1239 3788 1620 3842 tabernaculo
1654 3803 1786 3857 suo,
1822 3805 1897 3843 ex
1928 3789 2160 3845 foliosis

495 3878 776 3933 arborum
829 3876 1010 3930 ramis
1060 3877 1409 3946 composito,
1463 3876 1743 3945 sedisset,
1797 3877 1895 3931 ille
1927 3880 2159 3949 atergo

499 3968 769 4036 veniens,
790 3981 1026 4020 ramoso
1048 3965 1270 4035 pariete
1303 3965 1670 4035 interposito,
1706 3966 1916 4020 ducem
1937 3967 2160 4037 praevio

500 4056 690 4125 oculo,
725 4054 936 4110 deinde
964 4070 1109 4109 aure
1138 4070 1245 4123 per
1267 4069 1473 4107 vocem
1491 4055 1643 4109 bene
1665 4056 1860 4110 visum
1880 4056 2159 4126 credens,

501 4144 818 4215 spiculum,
878 4144 1036 4216 quod
1067 4144 1139 4197 ad
1171 4143 1284 4196 hoc
1313 4146 1641 4212 acceperat,
1675 4143 1906 4198 fortiter
1959 4146 2166 4214 impin-

500 4235 717 4307 gendo,
750 4236 912 4304 parte
932 4233 1186 4288 vestium
1208 4235 1499 4302 correpta,
1528 4232 1635 4286 sed
1653 4232 1774 4287 Deo
1793 4235 2160 4305 protegente,

500 4325 632 4394 ipso
680 4324 870 4378 illmso
902 4327 1299 4393 permanente,
1333 4322 1392 4374 in
1420 4324 1638 4374 terram
1668 4321 1868 4375 deﬁxit
1894 4337 1907 4377 :
1932 4324 2160 4393 sicque,

503 4413 713 4467 ducem
766 4412 979 4466 laesum
1039 4411 1291 4464 credens
1348 4411 1588 4463 incasso
1647 4412 1892 4465 vulnere
1932 4411 2160 4481 spiculo

504 4503 749 4570 amisso,
766 4501 909 4554 nihil
924 4500 1039 4553 sibi
1053 4499 1194 4571 fuga
1208 4499 1410 4552 utilius
1425 4499 1698 4552 crediens
1711 4515 1887 4569 quam
1902 4501 2165 4554 velocius

2240 604 2525 673 lustrans,
2546 604 2619 657 ad
2643 605 2758 658 sibi
2774 604 3147 658 subdendum
3170 621 3323 659 nunc
3340 606 3594 675 praemiis
3612 608 3841 676 pulsans,

2240 692 2413 746 modo
2446 693 2621 746 minis
2652 696 2904 762 terrens,
2941 693 3073 764 jugi
3106 695 3519 748 exercitatione
3546 695 3843 767 plerumque

2243 780 2391 833 alios
2435 779 2665 833 damnis
2696 780 2986 850 afﬁciens,
3033 782 3433 852 intantumque
3464 784 3669 852 quietis
3696 785 3846 851 impa-

2244 867 2399 921 tiens
2428 866 2636 921 hostes
2668 868 3021 923 laeessendo
3063 870 3419 938 deterrebat,
3457 874 3518 923 ut
3539 871 3634 924 vix
3659 871 3712 924 in
3732 873 3849 941 ipsis

2247 956 2693 1025 munitionibus,
2726 972 3020 1026 nusquam
3041 959 3238 1011 autem
3270 957 3415 1011 alias
3446 960 3638 1012 securi
3663 967 3848 1014 essent.

2249 1042 2384 1097 Nox
2403 1043 2496 1097 vel
2517 1044 2667 1113 dies,
2696 1060 2915 1114 vesper
2936 1048 2991 1099 et
3013 1060 3245 1116 aurora,
3268 1062 3410 1100 aura
3430 1046 3580 1100 lenis
3607 1051 3659 1099 et
3680 1062 3849 1117 aspera

2251 1147 2422 1203 sequo
2470 1133 2733 1203 pondere
2772 1134 2989 1189 infesta
3017 1136 3217 1189 timori
3246 1140 3431 1190 erant.
3469 1135 3631 1188 Unde
3658 1142 3709 1189 et
3733 1136 3852 1189 Sici-

2248 1219 2492 1289 lienses,
2518 1223 2767 1276 consilio
2798 1223 2948 1276 intra
2972 1239 3038 1277 se
3070 1224 3289 1292 habito,
3322 1224 3473 1278 mori
3502 1224 3686 1293 potius
3712 1238 3851 1293 quam

2256 1324 2390 1362 cum
2445 1314 2599 1363 tanta
2654 1311 3057 1381 inquietudine
3115 1312 3413 1366 infelicem
3469 1312 3639 1365 vitam
3677 1312 3853 1365 diutius

2254 1398 2550 1464 protelare
2567 1398 2985 1469 deliberantes,
3007 1400 3148 1455 belli
3169 1400 3465 1454 fortunam
3496 1405 3689 1453 contra
3715 1400 3853 1452 comi-

2252 1492 2371 1541 tem
2389 1490 2611 1541 tentare
2634 1492 2857 1557 parant.
2875 1489 3138 1559 Denique
3160 1505 3378 1544 versus
3394 1490 3733 1542 Panormum
3744 1504 3857 1557 pra:-

2251 1575 2448 1630 datum
2466 1576 2885 1645 proﬁciscenti,
2906 1577 3167 1631 exercitu
3188 1576 3620 1645 innumerabili,
3648 1576 3855 1645 undique

2254 1665 2521 1730 conﬂato,
2568 1680 2644 1718 ex
2690 1665 3013 1733 improviso
3055 1666 3208 1734 apud
3242 1665 3570 1718 Michelmir
3594 1668 3857 1718 occurrunt

2251 1768 2405 1807 anno
2449 1753 2735 1806 incarnati
2758 1753 2937 1806 Verbi
2981 1752 3138 1807 1068.
3162 1755 3350 1808 Porro
3381 1769 3489 1808 eos
3521 1754 3735 1807 eminus
3761 1768 3860 1805 con-

2255 1843 2517 1912 Spieiens
2547 1844 2705 1895 totus
2736 1841 3058 1910 infremuit,
3091 1857 3420 1911 omnesque
3471 1857 3614 1896 suos
3642 1843 3695 1894 in
3722 1855 3858 1893 unum

2255 1945 2539 1984 coercens
2571 1929 2932 1984 subridendo
2963 1930 3043 1983 ait
3073 1931 3204 1983 suis
3234 1947 3245 1983 :
3285 1952 3307 1975 α
3350 1929 3474 1996 Eia,
3512 1930 3705 2000 inquit,
3732 1928 3859 1982 nobio

2254 2019 2396 2073 lium
2413 2019 2929 2088 prmdecessorum
2946 2018 3244 2086 nobilitas,
3267 2017 3506 2072 fortuna
3518 2019 3682 2072 vobis
3696 2017 3860 2071 favens

2258 2109 2536 2178 praedam,
2546 2122 2720 2177 quam
2732 2106 2970 2178 longius
2983 2107 3420 2175 disposueratis
3432 2106 3861 2177 quaerere,labori

2259 2200 2462 2250 vestro
2489 2210 2764 2265 parcens,
2792 2196 2940 2249 ultro
2964 2195 3138 2249 vobis
3157 2195 3418 2264 obviam,
3437 2211 3510 2249 ne
3534 2196 3660 2264 plus
3676 2196 3728 2247 in
3753 2210 3862 2247 con-

2261 2285 2513 2338 ﬁciendo
2541 2284 2748 2337 itinere
2780 2283 3122 2354 fatigemini,
3158 2284 3418 2338 adducit.
3474 2283 3624 2337 Ecce
3654 2284 3819 2353 praeda
3840 2298 3864 2334 a

2264 2373 2385 2427 Deo
2404 2372 2578 2426 vobis
2602 2387 2910 2425 concessa.
2927 2372 3169 2426 Auferte
3183 2372 3279 2439 iis,
3298 2374 3403 2442 qui
3429 2388 3501 2426 ea
3517 2373 3728 2443 indigni
3745 2373 3864 2424 sunt.

2265 2462 2510 2516 Utamur
2529 2475 2598 2514 ea
2614 2460 2942 2514 dividentes
2961 2459 3284 2528 apostolico
3304 2476 3495 2530 more,
3520 2464 3685 2531 prout
3702 2460 3867 2528 cuique

2263 2566 2414 2621 opus
2431 2554 2543 2604 est.
2565 2550 2611 2602 Ν
2621 2564 2651 2602 e
2664 2549 3107 2602 exhorrescatis
3119 2548 3494 2619 jamdudum,
3512 2548 3867 2615 multotiesque

2262 2655 2297 2693 a
2317 2641 2490 2693 vobis
2520 2638 2809 2691 devictos.
2833 2638 2895 2690 Si
2915 2637 3124 2690 ducem
3147 2642 3526 2691 mutaverunt
3554 2637 3749 2705 animo,
3778 2649 3867 2688 non

2266 2745 2383 2800 quo
2400 2728 2549 2781 duce
2566 2726 2625 2779 id
2646 2729 3032 2795 prmsumunt,
3067 2725 3343 2795 ejusdem
3374 2726 3648 2794 nationis,
3670 2722 3869 2794 qualita-

2265 2819 2343 2872 tis
2374 2814 2543 2886 (168),
2579 2815 2687 2868 sed
2715 2817 2772 2867 et
2805 2815 3069 2885 regionis
3101 2818 3193 2868 est
3224 2815 3401 2884 (169),
3438 2814 3613 2885 cujus
3642 2816 3692 2867 et
3719 2809 3871 2865 caeteri

2269 2910 2424 2961 sunt.
2460 2905 2618 2957 Deus
2647 2906 2841 2957 autem
2871 2906 3073 2956 noster
3103 2903 3494 2957 immutabilis
3524 2908 3632 2957 est.
3661 2902 3717 2956 Si
3742 2916 3770 2953 a
3792 2915 3871 2952 vo—

2267 2995 2362 3049 bis
2410 3009 2527 3046 non
2575 2996 2833 3045 mutatur
2876 2991 3184 3061 integritas
3234 2991 3434 3045 ﬁdelis
3483 2992 3640 3061 spei,
3683 3003 3777 3042 nec
3818 2987 3870 3039 ab

2269 3084 2400 3152 ipso
2430 3081 2750 3135 mutabitur
2779 3081 3067 3133 sententia
3098 3080 3477 3148 triumphalis
3504 3080 3713 3134 auxilii.
3746 3099 3764 3123 ι
3792 3076 3873 3127 His

2269 3172 2464 3240 dictis,
2526 3172 2768 3239 acieque
2810 3183 3055 3222 suorum
3084 3160 3407 3237 prudenter
3463 3168 3733 3233 ordinata,
3777 3179 3874 3216 cum

2271 3261 2442 3315 hoste
2475 3258 2874 3329 congreditur.
2911 3256 3161 3311 Fortiter
3189 3258 3416 3310 nostris
3445 3256 3742 3328 agentibus
3761 3267 3875 3323 gens

2271 3350 2506 3402 inimica
2540 3349 2598 3400 in
2640 3352 2865 3400 tantum
2893 3346 3239 3415 debellatur,
3273 3351 3337 3399 ut
3366 3348 3471 3399 vix
3501 3361 3574 3398 ex
3603 3348 3744 3398 tanta
3772 3340 3876 3393 mul-

2275 3437 2519 3492 titudide
2550 3438 2897 3505 superesset
2922 3450 3029 3504 per
3058 3449 3233 3504 quem
3264 3436 3351 3488 rei
3380 3440 3628 3488 eventus
3660 3429 3876 3485 Panormi

2276 3526 2728 3581 renuntiaretur.
2779 3524 2982 3579 Nostri
3038 3539 3179 3577 vero
3235 3524 3685 3594 triumphalibus
3713 3517 3874 3588 spoliis

2275 3615 2521 3670 multum
2550 3616 2823 3668 ditantur.

2869 3684 3119 3738 CAPUT
3149 3683 3330 3738 XLII.

2448 3774 2741 3830 Columbae
2771 3774 3057 3828 Panormi
3084 3788 3222 3827 suos
3252 3775 3447 3828 victos
3476 3773 3750 3827 nuntiant.

2349 3866 2533 3919 Moris
2575 3879 2715 3918 vero
2754 3862 3068 3916 Saracenis
3098 3866 3191 3916 est
3220 3865 3281 3916 ut
3306 3863 3613 3917 columbas
3641 3858 3878 3914 frumento

2276 3957 2333 4009 et
2364 3954 2534 4009 melle
2564 3953 2763 4006 infuso
2797 3952 2954 4005 domi
2983 3952 3333 4020 nutrientes,
3386 3968 3521 4005 cum
3574 3951 3878 4020 aliquorsum

2277 4044 2518 4115 longius
2550 4042 2978 4114 digrediuntur,
3016 4040 3316 4095 masculos
3350 4039 3633 4110 Sportulis
3663 4036 3877 4091 inclusos

2279 4148 2486 4188 secum
2538 4133 2727 4185 ferant
2762 4147 2773 4185 :
2809 4135 2872 4183 ut
2901 4146 3035 4183 cum
3092 4129 3314 4199 aliquid
3368 4130 3510 4184 novi
3556 4128 3769 4182 fortuna
3793 4120 3880 4174 illis

2278 4221 2800 4289 administraverit,
2820 4220 2979 4290 quod
3008 4218 3166 4272 domi
3183 4220 3400 4271 scitum
3426 4219 3624 4286 velint,
3648 4210 3879 4269 chartulis

2280 4315 2529 4366 eventus
2577 4325 2724 4364 suos
2752 4313 3043 4377 notantes,
3079 4311 3136 4360 et
3164 4307 3314 4360 collo
3347 4307 3478 4360 avis
3507 4307 3598 4359 vel
3630 4308 3769 4358 certe
3796 4296 3878 4351 sub

2280 4403 2371 4456 ala
2388 4400 2847 4469 suspendentes,
2866 4398 3078 4450 avibus
3101 4397 3371 4450 dimissis
3391 4412 3499 4466 per
3523 4410 3674 4461 aera,
3692 4387 3879 4445 familia:

2280 4491 2436 4544 domi
2469 4489 2758 4553 sollicitae,
2814 4491 3012 4541 utrum
3050 4500 3340 4555 prospere
3397 4500 3541 4556 erga
3586 4477 3878 4552 peregrinos

505 4591 697 4661 potuit
726 4604 909 4643 cursu
939 4603 1077 4642 sese
1110 4589 1263 4641 infra
1294 4587 1499 4641 urbem
1528 4589 1769 4657 recepit.
1805 4589 1987 4642 Ducis
2026 4604 2168 4642 vero
2200 4599 2255 4662 ι)
2281 4581 2504 4633 amicos
2538 4577 2732 4631 omnia
2757 4578 3028 4647 agantur,
3062 4574 3365 4628 notiﬁcare
3410 4573 3745 4662 accelerant.
3767 4564 3877 4662 11γί-

503 4679 760 4733 ministri
807 4679 908 4732 tali
940 4677 1092 4731 facto
1125 4676 1491 4746 expavefacti
1549 4680 1712 4730 extra
1761 4678 2163 4746 prosilientes,

508 4768 643 4823 dolo
662 4769 923 4838 cognito,
943 4767 1135 4821 noctis
1172 4765 1456 4819 excubias
1488 4765 1662 4819 solito
1694 4767 1993 4837 attentius,
2017 4768 2168 4837 vigi-

506 4856 718 4926 lesque
750 4856 907 4908 circa
935 4854 1143 4907 ducem
1176 4853 1473 4921 deputant,
1507 4853 1917 4907 caementarios
1940 4870 2015 4907 ex
2036 4853 2170 4923 ejus

512 4945 703 5000 edicto
722 4944 1122 4999 conducentes
1141 4956 1372 4995 summo
1392 4940 1650 4995 diluculo
1671 4941 1922 5010 primum
1935 4943 2171 4997 domum

514 5033 683 5089 brevi
713 5033 1044 5104 perﬁciunt.

1115 5120 1367 5176 CAPUT
1406 5120 1558 5175 XLI.

644 5212 851 5267 Comes
879 5212 1174 5284 Hogcrius
1205 5226 1332 5264 cum
1362 5210 1690 5265 Saracenis
1714 5209 2050 5281 praeliatur.

566 5296 677 5352 ,Ea
694 5305 1038 5371 tempestate
1055 5316 1256 5356 comes
1282 5300 1580 5372 Rogerius
1611 5300 1670 5354 in
1701 5299 1900 5353 Sicilia
1919 5298 2182 5354 moraba-

591 5438 738 5509 (165)
783 5441 1025 5497 Urbem.

589 5509 736 5586 (166)
773 5516 1127 5586 Attentaret
1154 5521 1561 5572 mercaretur.
1581 5515 1834 5570 Animus
1860 5529 2045 5586 aeger.

586 5579 733 5658 (167)
766 5585 871 5644 Ad
896 5588 1388 5656 perpetrandum.

2282 4670 2415 4723 cula
2432 4668 2589 4722 enim
2620 4665 2933 4720 dulcedine
2981 4664 3153 4735 grani
3186 4663 3408 4732 melliti,
3444 4678 3615 4733 quam
3642 4657 3778 4712 domi
3802 4667 3880 4721 gu-

2287 4762 2443 4813 stare
2476 4756 2699 4826 swpius
2724 4756 3091 4823 assueverat,
3124 4752 3337 4821 illecta,
3360 4752 3608 4806 reditum
3627 4741 3879 4802 accelerat,

2288 4847 2587 4903 chartulas
2645 4859 2867 4898 morem
2915 4858 3089 4897 suum
3148 4842 3479 4896 scientibus
3535 4834 3874 4908 repraesentaL

2290 4935 2643 5007 Hujusmodi
2676 4931 2974 5002 sportulas
3007 4947 3140 4985 cum
3170 4931 3383 4985 avibus
3413 4945 3607 4984 comes
3634 4914 3877 4979 interreli-

2292 5006 2406 5098 qua
2438 5025 2626 5095 spolia
2656 5022 2974 5091 accipiens,
3008 5020 3218 5074 avibus
3249 5035 3384 5072 eum
3400 5017 3625 5072 infectis
3646 5006 3877 5098 sanguine

2290 5115 2575 5169 chartulis
2589 5113 2879 5180 dimissis,
2904 5110 3091 5164 tristis
3109 5110 3363 5163 fortuna;
3381 5112 3620 5161 eventus
3642 5104 3878 5156 Panormi-

2288 5204 2442 5259 tanis
2467 5202 2871 5272 repraesentat.
2896 5199 3052 5253 Urbs
3075 5202 3193 5252 tota
3214 5198 3566 5259 concutitur;
3590 5192 3875 5272 lacrymosa

2246 5278 2472 5348 .voces
2526 5271 2850 5345 liberorum
2905 5290 2962 5343 et
3015 5287 3330 5341 mulierum
3378 5301 3483 5356 per
3538 5296 3663 5337 aera
3711 5271 3875 5330 caelum

2362 5435 2512 5509 (168)
2550 5431 3137 5509 Ejlisdgm_nationis,
3159 5438 3218 5487 et
3240 5428 3540 5503 qualitatis
3563 5431 3775 5487 mutav.,
3791 5416 3874 5469 etc.

2362 5503 2513 5581 (169)
2550 5503 2614 5563 ΟΣ
2649 5505 2710 5559 Ρ.
2744 5503 3097 5577 Religionis.
