4074 6150
186 278 356 340 1149

1319 266 1709 331 HISTORIA
1739 224 2075 330 SICULA.
2098 298 2166 311 —
2201 264 2361 326 LIB.
2396 265 2477 324 Π.

3441 270 3597 332 1450

126 486 495 541 attolluntur.
555 483 843 539 Gaudium
898 480 1141 550 nostris,
1201 479 1322 534 illis
1378 479 1613 534 tristitia
1660 493 1803 548 par-
1835 461 1893 522 Α
1920 479 2083 545 Quod
2116 490 2250 528 cum
2281 492 2313 550 ξι
2347 476 2557 532 comite
2618 478 2978 546 compertum
3011 476 3225 533 fuisset
3267 481 3599 536 acceleran-

128 576 368 630 turitur.

137 662 149 673 ’
711 661 962 717 CAPUT
1018 658 1225 713 XLIII.

277 750 419 805 Dux
454 749 676 804 auxilio
707 748 941 804 comitis
972 745 1220 818 Rogerii
1250 744 1465 799 Barum
1489 744 1666 813 capit.

198 839 661 909 Principahatur
680 841 820 891 tunc
840 835 1119 905 temporis
1154 833 1257 888 ubi
1285 831 1534 885 Barensi
1566 830 1677 884 sub
1701 828 1812 881 im-

127 931 411 996 peratore
461 927 709 981 Graecus
740 925 977 996 quidam
1036 921 1328 992 Argerius
1358 919 1499 986 (1'70)
1555 917 1813 981 nomine,

129 1016 231 1086 qui
267 1032 410 1069 cum
440 1015 678 1069 caeteris
727 1014 942 1067 civilus
990 1028 1095 1081 pro
1130 1014 1395 1079 tempore
1429 1010 1485 1062 et
1526 1007 1657 1061 loco
1689 1020 1823 1074 con_

129 1104 267 1157 silio
307 1104 509 1157 habito
539 1101 710 1172 (1'71),
745 1101 1034 1155 chartulis
1064 1113 1362 1153 aerumnas
1387 1096 1556 1150 urbis
1576 1095 1821 1148 civium-

131 1206 266 1262 que,
310 1191 418 1245 sed
449 1195 504 1245 et
552 1190 813 1245 hostium
855 1188 1292 1243 infestationem
1328 1185 1637 1251 adnotans,
1674 1182 1824 1235 clam

128 1281 197 1334 de
226 1283 409 1335 nocte
434 1295 538 1349 per
571 1278 880 1350 quemdam
913 1278 984 1331 ab
1016 1277 1160 1330 urbe
1193 1273 1627 1344 digredientem
1672 1269 1811 1323 Dio-

132 1385 291 1440 gcno
329 1368 479 1435 ('17'2)
509 1364 1156 1434 Constantinopolitano
1204 1359 1545 1430 imperatori
1585 1357 1823 1428 dirigit:

130 1456 392 1523 urbem,
467 1472 601 1526 qum.
655 1455 781 1508 sola
839 1455 898 1506 in
966 1452 1099 1522 ejus
1150 1450 1426 1504 fidelitate
1493 1446 1827 1517 persistens

132 1545 413 1615 undique
459 1543 659 1596 hostili
696 1542 1037 1595 incursione
1083 1538 1473 1609 quatiebatur,
1505 1534 1620 1589 nisi
1655 1534 1829 1586 citius

131 1633 483 1700 subveniat,
540 1647 606 1684 se
651 1630 987 1684 amissuros
1019 1629 1212 1681 victus
1261 1625 1525 1695 penuria.
1560 1623 1656 1689 Se,
1704 1619 1827 1690 jam

132 1722 312 1774 tertio
372 1736 524 1772 anno
555 1720 810 1771 instante
843 1715 1013 1786 (1'73),
1065 1715 1339 1768 hostibus
1370 1713 1824 1779 circumseptos,

132 1809 319 1879 cujus
380 1808 662 1861 diuturno
698 1806 1046 1869 certamine
1080 1802 1423 1857 deﬁcientes
1472 1798 1827 1853 deditionem

133 1912 353 1966 parare
378 1896 548 1965 (174).
582 1895 714 1948 Nisi
747 1894 937 1962 ipsam
963 1892 1230 1959 retineat,
1257 1904 1422 1959 spem
1438 1887 1654 1941 nullam
1679 1884 1826 1954 (175)

1920 572 2150 627 tissime
2180 575 2401 626 armata
2427 588 2624 639 manu,
2655 570 2906 640 plurimo
2928 585 3064 623 sese
3090 570 3297 641 remigi
3319 570 3592 637 credens,

1921 660 2155 714 obviam
2183 661 2458 715 hostibus
2490 661 2572 714 ire
2605 659 2912 723 accelerat,
2946 674 3097 728 quos
3130 658 3335 711 hostes
3368 658 3597 711 eminus

1920 749 2300 818 aspicientes,
2333 750 2630 803 Barenses
2662 749 2762 818 qui
2794 764 2974 816 supra
2994 764 3115 816 prae
3150 746 3364 816 gaudio
3393 761 3593 800 occur-

1923 841 2121 891 rerent
2178 838 2309 904 rati,
2371 838 2567 891 minus
2609 853 2746 890 sese
2799 836 2869 889 ad
2906 836 3332 889 defensionem
3386 839 3603 903 aptant.

1926 926 2138 980 Comes
2170 941 2310 981 vero
2350 942 2558 979 navem
2591 924 2874 991 Gocelini,
2902 924 3001 993 qui
3034 923 3151 976 dux
3171 923 3427 976 hostium
3454 923 3601 993 erat,

1930 1013 2159 1067 duabus
2226 1014 2508 1067 lanternis
2566 1030 2596 1066 a
2657 1012 2890 1067 caeteris
2964 1011 3301 1065 distinctam
3370 1010 3601 1064 eminus

1934 1118 2328 1172 cognoscens,
2360 1103 2514 1155 illam
2546 1118 2760 1155 versus
2789 1102 3005 1171 impetu
3028 1116 3273 1154 suorum
3304 1100 3608 1153 intendere

1927 1190 2118 1261 jubet.
2142 1190 2406 1260 Dumque
2429 1191 2656 1244 fortiter
2674 1189 3161 1261 congrediuntur,
3196 1191 3356 1242 tanta
3376 1188 3433 1240 vi
3456 1204 3613 1258 quaa-

1936 1279 2067 1332 dam
2108 1294 2179 1332 ex
2212 1278 2433 1332 nostris
2465 1294 2646 1348 super
2675 1294 2880 1332 navem
2924 1278 3158 1331 illorum
3189 1280 3461 1346 grassata
3493 1281 3606 1344 est,

1936 1371 1998 1421 ut
2045 1383 2121 1421 ex
2151 1383 2266 1420 uno
2326 1367 2505 1421 latere
2548 1383 2678 1420 cum
2708 1368 2967 1436 pondere
3027 1382 3324 1420 armorum
3378 1366 3609 1420 incaute

1938 1457 2307 1523 decurrente,
2342 1459 2573 1509 centum
2588 1455 3011 1526 quinquaginta
3039 1455 3267 1508 loricati
3293 1470 3365 1508 ex
3388 1456 3610 1509 nostris

1940 1545 2485 1616 submergerentur.
2502 1543 2713 1597 Comes
2745 1560 2884 1597 vero
2899 1543 3241 1597 Gocelinum
3257 1558 3609 1613 oppugnans

1941 1635 2214 1703 superat:
2242 1632 2669 1703 queminsuam
2692 1647 2898 1685 navem
2914 1633 3268 1684 exarmatam
3292 1631 3608 1699 recipiens,

1941 1738 2073 1776 cum
2102 1722 2397 1790 triumpho
2432 1720 2733 1791 gloriosus
2782 1720 2851 1772 ad
2913 1720 3151 1773 fratrem
3204 1722 3441 1774 remeat.
3484 1719 3614 1771 Dux

1940 1827 2082 1864 vero
2141 1809 2436 1862 amittendi
2490 1809 2697 1861 timore
2731 1808 2802 1860 in‘
2820 1808 3137 1861 certamine
3170 1807 3390 1875 fratris,
3425 1807 3613 1877 pluri-

1941 1915 2099 1953 mum
2128 1899 2475 1969 angebatur,
2493 1897 2705 1967 quippe
2729 1912 2835 1950 nec
2854 1912 3205 1949 succurrere
3224 1900 3474 1964 poterat,
3508 1910 3617 1951 nec

133 1986 206 2039 de
236 1984 695 2052 recuperatione
726 1981 875 2051 (176)
902 1995 1173 2050 pervasae
1206 1979 1299 2056 ab
1319 1975 1593 2030 hostibus
1624 1972 1824 2042 patriae

1944 1988 2141 2053 alium,
2204 1990 2448 2055 excepto
2504 1986 2620 2054 illo,
2683 1986 2915 2039 caeteris
2967 1985 3286 2052 defunctis,
3342 1984 3614 2038 habebat.

137 2073 403 2127 ulterius
457 2070 773 2125 reservari.
836 2071 1095 2139 Legatus
1155 2054 1310 2136 quod
1341 2064 1666 2117 instructus
1703 2062 1829 2114 erat

137 2162 407 2215 ﬁdeliter
427 2160 743 2228 adimplere
778 2161 1082 2228 satagens,
1139 2154 1305 2209 brevi
1336 2167 1611 2222 magnum
1643 2148 1829 2203 conti-

136 2251 312 2303 ciens
345 2251 462 2302 iter
482 2248 824 2318 Byzantium
859 2246 1038 2298 venit.
1076 2245 1366 2310 Acceptas
1398 2238 1683 2308 epistolas
1718 2238 1829 2289 im-

136 2336 412 2408 peratori
451 2338 881 2406 repraesentare
928 2333 1125 2401 vadit;
1186 2328 1455 2399 epistolis
1507 2327 1830 2381 orationem

136 2427 633 2494 exhortatoriam,
670 2429 730 2477 ut
776 2421 1093 2476 subveniat
1122 2419 1300 2472 addit.
1336 2417 1659 2485 Imperator
1687 2429 1829 2466 vero

137 2515 460 2585 susceptis
491 2512 760 2584 epistolis
792 2527 860 2564 ac
878 2509 1178 2579 perlectis,
1224 2505 1538 2558 Duracium
1573 2502 1830 2561 mittens.

141 2606 420 2659 classem
440 2616 650 2673 parare
666 2599 924 2667 facit,cui
941 2596 1284 2651 Gocelinum
1306 2594 1377 2647 de
1396 2590 1666 2645 Oreucho
1686 2587 1835 2657 (ΓΠ)

139 2693 475 2765 quemdam
531 2690 765 2743 natione
799 2688 1246 2746 Nortmannum,
1283 2686 1341 2735 et
1369 2682 1426 2734 in
1461 2679 1672 2750 palatio
1703 2680 1838 2747 post

139 2782 572 2851 imperatorem
599 2776 947 2841 secundum,
971 2773 1177 2844 paucis
1196 2772 1329 2841 quia
1351 2772 1630 2822 strenuus
1655 2768 1836 2820 armis

138 2877 197 2925 et
262 2867 521 2922 consilio
574 2866 798 2919 callens
847 2866 995 2931 erat,
1031 2862 1241 2915 ducem
1281 2872 1662 2928 praeponens,
1705 2869 1837 2907 cum

138 2959 357 3012 multis
419 2955 605 3024 copiis
637 2952 1004 3007 Barensibus
1048 2945 1519 3001 succurrendum
1551 2943 1833 3012 disponit.

139 3049 345 3101 Porro
361 3044 460 3115 qui
478 3043 700 3096 missus
721 3037 955 3109 fuerat,j
966 3053 1147 3092 ussus
1164 3036 1236 3089 ab
1258 3035 1610 3103 imperatore
1624 3030 1838 3083 Barum

139 3132 512 3205 regrediens
544 3130 693 3183 clam
724 3129 931 3182 hostes
960 3125 1187 3191 urbem,
1246 3126 1308 3175 ut
1361 3121 1600 3186 exierat,
1643 3119 1835 3184 intrat,

140 3225 305 3277 Acta
356 3221 558 3288 refert,
619 3220 880 3288 signum,
916 3230 1030 3285 quo
1064 3211 1346 3266 auxilium
1388 3209 1657 3275 veniens,
1693 3205 1840 3259 emi-

140 3327 269 3366 nus
306 3312 693 3381 cognoscant,
729 3307 936 3360 edocet
964 3319 975 3357 :
1012 3307 1073 3356 ut
1104 3301 1295 3354 simile
1328 3299 1567 3369 signum
1587 3296 1659 3349 de
1687 3310 1838 3348 uno-

140 3415 400 3471 quoque
430 3395 874 3467 propugnaculo
911 3394 1114 3446 contra
1156 3388 1541 3442 advenientes
1602 3384 1838 3438 faciant:

140 3490 364 3543 fasr-es
400 3486 626 3539 scilicet
667 3482 1008 3547 accendant,
1053 3495 1127 3533 ne
1158 3495 1187 3531 a
1212 3480 1369 3531 certo
1402 3479 1571 3544 portu
1606 3472 1835 3527 devieut

142 3578 459 3632 admonet.
514 3535 824 3627 Barenses
866 3535 1233 3624 hoc'nuntio
1292 3535 1616 3631 exhilarati,
1704 3561 1836 3630 plus
1873 3535 1923 3596 C

142 3663 511 3721 necessario
544 3662 916 3727 festinantes,
976 3657 1170 3711 animo
1220 3654 1375 3708 enim
1407 3650 1660 3720 cupienti
1692 3648 1836 3701 nihil

145 3754 316 3809 satis
348 3751 680 3818 festinatur,
715 3748 773 3801 in
803 3746 1125 3817 proximam
1160 3746 1391 3797 noctem
1421 3740 1620 3792 fasces
1639 3752 1841 3790 accen-

143 3845 330 3912 dunt,
386 3839 741 3893 clamoribus
799 3840 856 3890 et
915 3834 1105 3888 laudis
1163 3832 1296 3901 plus
1351 3828 1524 3882 solito
1580 3825 1840 3879 lwtitiam

144 3929 511 3987 ostendunt.
543 3926 829 3991 Quidnam
862 3924 921 3975 in
951 3921 1064 3975 hoc
1098 3920 1249 3973 facto
1283 3915 1665 3986 prietendant,
1691 3912 1846 3965 inter

144 4023 413 4075 nostros
443 4015 697 4087 quaestio
729 4013 934 4067 oritur.
968 4010 1059 4063 Fit
1089 4008 1159 4061 de
1192 4006 1460 4075 pluribus
1491 4002 1675 4056 rebus
1708 4015 1844 4053 con-

140 4110 417 4180 jectura,
451 4105 708 4174 undique
758 4100 1220 4172 argumentatur,
1281 4111 1312 4147 a
1358 4088 1844 4162 prudentioribus

146 4179 250 4251 rei
284 4194 528 4261 veritas,
592 4188 1068 4260 deprehenditur,
1105 4183 1388 4238 auxilium
1419 4179 1695 4233 videlicet
1742 4191 1848 4246 per

148 4301 329 4339 mare
392 4282 509 4335 illis
567 4279 867 4333 advenire.
902 4276 1235 4330 Advenerat
1262 4272 1322 4324 in
1354 4268 1635 4324 auxilium
1677 4264 1847 4319 ducis

154 4372 385 4428 fratris
406 4370 658 4440 plurimo
689 4366 912 4438 remige
947 4378 1149 4418 comes
1180 4359 1395 4413 Siciliae
1432 4354 1729 4426 Rogerius
1752 4364 1853 4406 no‘

153 4465 324 4516 viter
360 4476 393 4512 a
416 4459 594 4512 fratre
627 4457 929 4521 invitatus,
953 4452 1247 4506 leoninam
1279 4449 1336 4501 in
1356 4446 1510 4501 omni
1532 4443 1851 4498 certamine

155 4550 402 4605 habens
421 4546 807 4612 ferocitatem,
834 4558 1007 4613 quem
1033 4544 1224 4593 tamen
1255 4535 1564 4607 prudentia
1588 4531 1850 4601 regebat,

156 4645 221 4694 et
254 4636 495 4691 fortuna
541 4634 751 4687 favens
811 4629 1216 4685 comitabatur.
1254 4624 1361 4677 Hic
1411 4621 1619 4676 callide
1650 4620 1709 4672 in
1740 4619 1854 4672 hoc

157 4725 416 4797 negotio
464 4737 673 4794 agens,
726 4719 984 4790 singulis
1042 4714 1317 4769 noctibus
1364 4710 1731 4780 speculatum
1767 4706 1853 4759 ire

154 4815 364 4887 jubet,
399 4812 449 4864 si
483 4810 632 4865 forte
661 4809 893 4862 eminus
923 4821 1028 4875 per
1059 4818 1215 4857 mare
1251 4800 1635 4854 adventantes
1668 4809 1853 4849 naves

162 4884 562 4972 aspiciantur.
595 4898 737 4951 Cum
770 4910 908 4950 ecce
939 4892 1191 4964 quadam
1215 4889 1339 4959 jam
1362 4890 1529 4940 nocte
1562 4884 1853 4937 mediante

163 4969 353 5063 quasi
412 4987 598 5041 stella)
650 4985 929 5038 lanternas
960 4981 1234 5035 ardentes
1264 4978 1324 5030 in
1356 4973 1689 5030 summitate
1716 4969 1854 5022 mali

164 5060 657 5146 uniuscujusque
671 5073 840 5127 navis
855 5072 1084 5126 eminus
1099 5080 1379 5138 apparere
1402 5060 1855 5131 conspiciuntur

250 5219 403 5291 (ΠΟ)
532 5214 1004 5291 Ρηᾼινθθιίί-ιίιιε.

250 5281 406 5360 (ﬁt)
443 5281 817 5360 Concilio,'et
842 5285 969 5360 loco
1016 5281 1238 5337 habito.

252 5357 407 5431 (172)
436 5358 499 5431 C.
534 5359 598 5412 P.
634 5357 937 5431 Diogerio.
1025 5425 1059 5431 __
1249 5421 1260 5431 .
1550 5421 1560 5431 ί

254 5421 811 5501 (173)1nstantibus
873 5425 1147 5481 hostibus
1205 5421 1615 5490 circumsepto,
1695 5421 1861 5467 cives

177 5504 438 5571 diutino,
467 5505 577 5556 ete.

257 5573 410 5650 (1⁸74)
425 5569 748 5628 ’09άίιίοηί
770 5569 1005 5643 parari.

1944 2076 2212 2130 Attamen
2244 2075 2431 2128 victor
2460 2077 2516 2127 et
2546 2074 2857 2127 incolumis
2892 2074 3085 2126 redire
3117 2073 3435 2139 nuntiatur,
3474 2072 3618 2126 nulli

1941 2164 2221 2218 credulus
2253 2162 2377 2216 fieri
2409 2161 2647 2227 asserit,
2693 2161 3027 2214 donecvisu
3052 2161 3165 2213 sibi
3191 2161 3612 2214 satisfaciente.

1940 2253 2147 2305 Utrum
2171 2266 2354 2304 sanus
2384 2253 2546 2302 esset
2568 2248 2885 2301 scrutando
2920 2248 3241 2317 ingeminat
3272 2264 3405 2301 cum
3430 2249 3620 2319 lacry-

1940 2342 2072 2394 mis.
2126 2338 2337 2392 Comes
2370 2352 2509 2390 vero
2559 2336 2900 2390 Gocelinum
2937 2335 3182 2389 mirifice
3212 2335 3418 2390 Graeco
3453 2352 3615 2391 more

1940 2431 2350 2499 praeparatum,
2415 2425 2548 2479 duci
2594 2425 2665 2477 ad
2699 2426 2983 2479 honorem
3014 2427 3403 2494 repraesentat
3432 2427 3618 2494 capti-

1939 2534 2099 2571 vum.
2133 2518 2431 2570 Barenses
2462 2516 2657 2585 itaque
2691 2530 2756 2567 se
2790 2530 2897 2566 sua
2929 2530 3034 2582 spe
3066 2513 3331 2567 frustrati
3370 2513 3619 2568 ulterius

1943 2606 2147 2660 hostes
2208 2605 2363 2657 ferre
2419 2618 2535 2656 non
2595 2603 2878 2668 valentes,
2933 2602 3227 2656 deditione
3269 2601 3437 2670 facta,
3484 2600 3625 2656 duci

1946 2694 2325 2748 fcederan’tur.
2392 2692 2560 2745 Anno
2594 2691 2823 2744 Domini
2854 2688 3012 2758 1070,
3049 2691 3165 2744 dux
3201 2691 3323 2745 voti
3381 2706 3625 2760 compos

1944 2781 2209 2849 effectus,
2245 2779 2409 2833 fratri
2442 2782 2497 2833 et
2529 2783 2739 2832 cuncto
2772 2779 3054 2833 exercitui
3074 2779 3297 2849 gratias
3321 2778 3612 2848 referens,

1945 2871 2091 2925 urbe
2148 2885 2253 2937 pro
2293 2867 2443 2921 velle
2498 2883 2608 2921 suo
2650 2867 2934 2935 ordinata,
2996 2867 3233 2920 fratrem
3268 2867 3326 2920 in
3358 2867 3621 2921 Siciliam

1945 2958 2328 3029 praemittens,
2371 2955 2544 3009 solito
2572 2956 2832 3008 exercitu
2866 2955 3033 3007 brevi
3064 2956 3273 3009 iterum
3305 2956 3623 3024 expeditiO‘

1946 3063 2077 3100 nem
2093 3060 2305 3099 versus
2328 3044 2680 3096 Panormum
2695 3042 3026 3097 submovet.
3045 3043 3187 3096 Toto
3202 3043 3376 3096 Junio
3391 3046 3446 3097 et
3463 3042 3619 3096 Julio

1947 3148 2151 3189 mense
2206 3137 2355 3208 apud
2414 3134 2781 3204 Hydruntum
2840 3136 3102 3186 moratus
3160 3135 3433 3200 montem,
3504 3147 3620 3202 quo

1948 3231 2179 3285 facilius
2213 3234 2545 3283 descensus
2567 3225 2639 3277 ad
2671 3237 2851 3290 mare,
2874 3237 3061 3291 equos
3084 3222 3334 3275 navibus
3356 3220 3621 3274 introdu-

1950 3336 2116 3383 cens,
2156 3319 2339 3385 ﬁeret,
2372 3313 2716 3370 rescindere
2748 3311 2905 3378 facit,
2936 3310 3088 3364 unde
3136 3313 3191 3363 et
3243 3309 3623 3363 Duracenses

1951 3409 2203 3463 maxime
2251 3411 2389 3461 sunt
2419 3404 2624 3471 territi,
2677 3417 2749 3454 ne
2784 3415 2942 3453 mare
2976 3416 3107 3453 cum
3140 3400 3405 3452 exercitu
3424 3401 3622 3453 trans-

1952 3513 2177 3563 means,
2234 3511 2339 3550 eos
2399 3495 2800 3564 impugnatum
2863 3489 3091 3543 veniret
3173 3489 3512 3558 mulumque
3567 3492 3625 3543 et

1957 3603 2172 3658 equum
2202 3586 2274 3653 ei,
2309 3584 2482 3655 quasi
2510 3583 2582 3636 ad
2616 3582 2897 3636 honorem
2917 3578 3282 3647 mandantes,
3304 3578 3416 3632 hac
3450 3593 3626 3632 occa-

1955 3676 2122 3731 sione
2154 3688 2277 3727 rem
2309 3672 2676 3742 speculatum
2707 3670 2958 3723 mittunt.

2541 3759 2791 3813 CAPUT
2825 3759 3025 3812 XLIV.

2336 3848 2600 3920 Scyllam
2634 3847 2769 3900 duci
2789 3846 3232 3899 reconciliatur.

2019 3940 2100 3994 Ea
2158 3940 2500 4007 tempestate
2578 3935 2754 3989 Costa
2821 3934 3240 3999 Condomicita,
3302 3933 3403 4005 qui
3459 3932 3629 4005 Scyl-

1946 4026 2067 4083 lum
2098 4027 2246 4098 (178)
2275 4025 2620 4096 jamdudum
2661 4021 2792 4075 duci
2827 4021 3229 4075 fraudulenter
3276 4022 3625 4092 abstulerat,

1950 4119 2176 4173 veritus
2208 4131 2279 4169 ne
2308 4130 2438 4169 cum
2472 4112 2589 4166 dux
2621 4126 2837 4164 versus
2865 4108 3123 4162 Siciliam
3156 4109 3391 4179 navigio
3421 4113 3619 4164 trans-

1952 4209 2094 4261 itum
2124 4204 2447 4270 simularet,
2481 4200 2736 4271 Scyllum
2759 4197 2908 4267 (179)
2931 4198 3250 4250 obsessum
3274 4197 3619 4264 diverteret,

1952 4296 2084 4350 duci
2147 4292 2561 4348 reconciliatus
2619 4291 2879 4342 castrum
2911 4287 3118 4353 reddit,
3150 4285 3252 4339 tali
3281 4284 3500 4356 injuria
3538 4302 3626 4357 se,

1953 4386 2025 4439 ad
2070 4383 2226 4454 quod
2283 4381 2502 4436 fecerat
2546 4379 2894 4448 conpulsum
2927 4376 3175 4430 dicens:
3212 4376 3343 4430 Dux
3394 4375 3634 4429 Costam

1955 4474 2235 4543 Pelogam
2266 4470 2574 4541 quemdam
2597 4467 2978 4536 Stratigotum
2998 4467 3303 4534 statuerat,
3326 4463 3427 4535 qui
3450 4462 3631 4516 nimia

1957 4561 2268 4616 insolentia
2299 4560 2565 4614 defluens
2588 4572 2858 4628 quosque
2875 4556 3165 4626 ingenuos
3184 4555 3369 4622 viros,
3391 4553 3485 4607 vel
3505 4567 3635 4605 mu-

1955 4651 2154 4714 lieres,
2188 4665 2296 4704 nec
2316 4650 2489 4703 etiam
2520 4663 2646 4701 suae
2678 4644 3172 4717 consanguinitati
3206 4657 3455 4713 parcens
3491 4654 3633 4694 con-

1956 4740 2211 4795 tumeliis
2231 4737 2544 4792 afficiebat.
2582 4736 2857 4789 Hicinter
2887 4736 3103 4787 caetera
3120 4732 3435 4803 quamdam
3465 4729 3631 4800 inge-

1962 4845 2135 4882 uuam
2184 4830 2505 4881 matronam
2565 4825 2799 4877 nomine
2835 4823 3139 4892 Reginam,
3198 4820 3388 4872 aviam
3432 4818 3629 4872 Costa)

1962 4916 2381 4972 Condomicitae
2430 4913 2705 4985 gallinam
2761 4925 3001 4964 auream
3034 4924 3165 4961 cum
3222 4906 3427 4977 pullis,
3459 4922 3645 4976 quam

1879 5038 1935 5100 D
1964 5006 2183 5059 habere
2214 5004 2536 5070 dicebatur,
2571 5002 2643 5054 ab
2672 5016 2739 5055 ea
2768 5002 3119 5067 extorquere
3147 4996 3376 5063 volens,
3415 4995 3647 5052 verbe-

1964 5094 2131 5149 ribus
2162 5094 2431 5147 laniatam
2465 5091 2729 5159 captione
2754 5089 3093 5141 retruserat.
3118 5084 3296 5138 Costa
3318 5084 3673 5147 Condomi-

2037 5181 2181 5251 (ns)

2035 5253 2186 5323 (176)

2221 5181 2400 5237 Nulla
2412 5223 2423 5234 .

2224 5252 2517 5306 Habetur.

2036 5314 2284 5406 (Πύρ.
2312 5325 2374 5377 Ρ.
2401 5320 2741 5406 szelinum
2765 5319 2839 5374 de
2864 5317 3150 5373 Corintho
3192 5314 3499 5389 quemdam
3550 5340 3607 5383 η
3626 5354 3774 5406 ειν

1967 5394 2125 5460 tione
2145 5394 2568 5456 Normandum.

2039 5470 2188 5545 (ηδ)
2228 5470 2390 5545 gr,
2425 5462 2685 5519 Stilium.

2040 5538 2188 5618 (179)
2228 5538 2488 5597 Stilium.
