4074 6150
521 377 553 437 1
565 377 673 438 151

1225 367 1659 432 GAUFREDI
1701 365 2255 430 MALATERRJE
2317 366 2707 430 MONACHI
2763 367 3199 431 BENEDICT.

3759 377 3877 438 1152

520 578 633 632 cita
675 575 737 629 in
764 572 1047 628 famulatu
1077 568 1246 624 ducis
1287 568 1441 638 apud
1470 568 1724 622 insulam
1755 565 2006 621 Crotone
2038 566 2180 621 deti-
2211 546 2269 607 Α
2300 580 2460 635 nare,
2494 565 2770 621 hostibus
2801 566 3185 636 interminari,
3219 567 3346 621 suis
3375 567 3539 637 plura
3573 568 3767 640 largiri,
3790 588 3877 625 am.

516 665 784 720 nebatur.
842 660 947 716 Cui
979 674 1127 713 cum
1154 656 1313 727 quod
1342 655 1635 709 acciderat
1665 654 1912 709 relatum
1946 653 2180 722 fuisset,

517 753 800 825 injuriam
828 750 976 803 aviae
1007 750 1287 816 reputans
1321 760 1511 812 suam,
1532 743 1867 797 inﬁrmitate
1887 742 2181 810 simulata,

518 841 816 895 licentiam
847 835 1003 891 domi
1035 849 1212 888 causa
1241 832 1563 887 curationis
1593 847 1625 885 a
1648 833 1797 886 duce
1828 846 2183 900 exposcens,

518 929 720 1001 vigilia
750 925 975 980 Natalis
1006 922 1237 977 Domini
1266 919 2031 991 Scyllum(180)ingressus
2056 923 2183 973 est:

524 1033 700 1089 quem
754 1014 1110 1084 Stratigotus
1167 1010 1407 1064 venisse
1465 1008 1733 1075 audiens,
1789 1008 2043 1076 piscium
2074 1007 2193 1061 sibi

524 1104 771 1162 enxenia
829 1118 936 1172 per
991 1100 1272 1154 famulum
1313 1098 1502 1165 mittit,
1538 1096 1793 1168 qualiter
1823 1111 1889 1150 se
1918 1111 2019 1150 res
2049 1110 2193 1167 erga

525 1193 735 1249 ducem
763 1190 1037 1258 habebat,
1073 1187 1343 1259 requirit.
1378 1186 1482 1240 Ille
1504 1201 1572 1239 ac
1599 1185 1808 1239 sinihil
1827 1185 1958 1238 mali
1981 1184 2196 1237 machi-

523 1299 693 1350 nans,
726 1282 812 1335 ira
842 1277 1231 1343 dissimulata,
1268 1276 1491 1347 gratias
1522 1273 1859 1327 remandat:
1899 1271 2005 1325 sed
2036 1271 2192 1341 quod

522 1373 715 1427 animo
745 1368 1094 1437 conceperat
1121 1364 1359 1419 minime
1390 1362 1629 1430 oblitus,
1664 1364 1977 1431 postquam
1999 1374 2190 1413 come-

523 1465 677 1515 stum
709 1460 820 1525 est,
853 1454 1279 1526 potentioribus
1299 1451 1466 1506 urbis
1485 1453 1721 1505 secreto
1746 1447 2186 1515 circumventis,

523 1547 593 1603 de
617 1547 734 1602 sibi
757 1545 914 1599 illata
945 1539 1441 1613 aviaequeinjuria
1454 1538 1882 1610 querimoniam
1900 1538 2184 1590 ostentat:

523 1637 742 1709 quibus
775 1631 1276 1703 respondentibus
1308 1628 1514 1682 merito
1548 1627 1665 1681 sibi
1702 1625 1840 1680 talia
1869 1625 2186 1690 accidisse,

522 1722 1010 1781 excusationibus
1029 1718 1265 1773 minime
1284 1732 1454 1784 usus,
1476 1716 1613 1769 facti
1644 1730 1709 1769 se
1724 1714 2007 1783 poenitere
2021 1727 2188 1766 asse-

520 1829 681 1883 rens,
720 1813 807 1867 uti
836 1808 1181 1876 contulerat,
1213 1805 1446 1883 auferre
1492 1805 1848 1857 tantaturum
1881 1801 2181 1872 promittit,

523 1904 576 1957 si
630 1875 1028 1957 tantummodo
1061 1875 1209 1965 ipsis
1248 1875 1499 1962 pétiatur
1526 1890 1871 1945 auxiliariis.
1904 1889 2119 1959 Sicque
2150 1904 2184 1941 a
2215 1881 2267 1942 Β

518 1990 789 2062 pluribus
822 1988 934 2041 fide
961 1986 1218 2053 accepta,
1254 1986 1431 2035 totam
1469 1979 2049 2035 nocteminsomnem
2080 1978 2184 2031 du-

521 2096 688 2147 cens,
746 2089 1134 2148 quoscunque
1181 2074 1376 2141 potest
1405 2069 1519 2123 sibi
1549 2068 1801 2139 allegat;
1834 2082 2185 2137 summoque

520 2165 798 2233 diluculo,
835 2180 966 2218 cum
998 2176 1203 2216 omnes
1243 2160 1343 2229 qui
1374 2157 1554 2228 hujus
1577 2157 1664 2211 rei
1693 2156 1886 2228 ignari
1905 2158 2090 2224 erant,
2124 2160 2188 2210 ut

519 2257 647 2310 dies
679 2254 807 2325 ipsa
838 2252 1128 2316 monebat,
1172 2250 1229 2301 in
1262 2245 1517 2301 ecclesia
1547 2245 1653 2299 Dei
1692 2245 1967 2298 laudibus
1997 2245 2187 2299 inser-

515 2346 722 2413 virent,
756 2343 885 2412 ipse
916 2356 1048 2394 cum
1074 2336 1355 2391 tredecim
1384 2335 1553 2402 virts,
1589 2333 1805 2405 gladiis
1855 2349 1988 2387 cum
2019 2334 2185 2403 capis

516 2432 817 2500 accinctis,
851 2428 1097 2499 reliquis
1146 2426 1321 2496 signo
1373 2423 1526 2491 dato,
1560 2426 1618 2477 et
1646 2438 1679 2475 a
1709 2422 1943 2476 foribus
1975 2438 2186 2491 exspe-

520 2522 836 2586 ctantibus,
871 2518 940 2571 ad
971 2520 1198 2588 portam
1231 2513 1456 2568 castelli
1505 2511 1819 2576 accedens,
1848 2510 2075 2580 janilor
2104 2510 2185 2563 nil

519 2610 858 2679 suspicatus
882 2606 1052 2677 quasi
1083 2606 1217 2659 noto
1231 2602 1436 2671 aperit.
1469 2600 1572 2655 Ille
1588 2615 1722 2654 cum
1738 2600 1922 2653 sociis
1944 2599 2185 2669 ingres-

519 2713 646 2767 sus,
680 2695 999 2765 hospitium
1026 2691 1327 2762 Stratigoti
1359 2690 1552 2756 intrat,
1587 2703 1747 2740 arma
1791 2702 1924 2757 quae
1962 2686 2186 2739 invenit

519 2785 759 2855 corripit
793 2801 804 2839 :
838 2797 1051 2836 versus
1100 2780 1436 2846 ecclesiam,
1470 2776 1853 2847 Stratigotum
1882 2790 2185 2844 praeoccu-

514 2890 656 2947 pare
686 2873 911 2937 volens,
947 2870 1273 2924 citissimus
1306 2866 1506 2920 currit.
1532 2864 1803 2933 Undique
1823 2878 1969 2934 ergo
1987 2862 2185 2916 insur-

515 2967 691 3036 gente
723 2963 997 3028 clamore,
1031 2957 1409 3028 Stratigotus,
1445 2952 1678 3008 insidiis
1706 2952 2044 3021 compertis,
2076 2965 2185 3020 per

514 3053 834 3109 fenestram
858 3048 1197 3121 prosiliens,
1220 3043 1548 3116 praecipitio
1571 3041 1874 3111 delapsus,
1890 3040 2028 3094 dum
2040 3037 2183 3110 fuga

514 3142 810 3214 refugium
838 3141 981 3211 petit
1023 3155 1055 3192 a
1102 3136 1353 3203 civibus,
1401 3132 1619 3203 quibus
1651 3131 1925 3186 omnibus
1958 3143 2179 3182 exosus

2293 654 2479 725 pliora
2510 656 2869 724 promittere,
2910 656 3139 725 primus
3178 658 3236 709 et
3293 655 3637 726 frequentior
3687 658 3872 729 adesse,

2293 744 2437 796 nihil
2465 743 2809 797 intentatum
2838 744 3190 813 relinquere.
3242 743 3702 798 Machinamentis
3731 748 3877 817 itaque

2293 835 2349 885 et
2382 831 2563 885 scalis
2588 832 2659 885 ad
2689 847 2892 886 muros
2924 831 3427 886 transcendendos
3458 833 3877 889 artificiosissime

2295 921 2748 990 compaginatis,
2781 920 2901 974 dux
2930 918 3139 973 hortos
3174 935 3305 973 cum
3353 922 3621 974 trecentis
3657 923 3878 976 militibus

2294 1008 2547 1062 latenter
2597 1009 2915 1079 ingressus
2964 1024 3039 1062 ex
3091 1007 3275 1061 altera
3304 1010 3483 1077 parte,
3538 1024 3643 1078 qua
3670 1010 3885 1063 videlicet

2297 1096 2525 1150 navalis
2556 1097 2856 1151 exercitus
2887 1096 3213 1168 adjacebat,
3248 1095 3453 1150 urbem
3482 1096 3755 1165 infestare,
3794 1097 3877 1151 fra-

2295 1188 2564 1255 tremque
2596 1200 2628 1238 a
2659 1189 2840 1254 parte,
2876 1201 2989 1256 qua
3019 1187 3163 1252 erat,
3181 1183 3337 1237 haud
3369 1199 3715 1256 secusagere
3729 1186 3880 1255 perdo-

2299 1276 2532 1333 cuerat.,
2578 1273 2686 1342 Illi,
2730 1274 2904 1344 signo
2960 1273 3115 1343 dato,
3150 1288 3283 1344 quae
3326 1273 3511 1329 edocti
3559 1276 3723 1342 erant,
3769 1273 3878 1327 haud

2295 1361 2582 1431 perficere
2615 1376 2837 1434 segnes
2865 1377 3079 1433 magno
3111 1364 3307 1419 sonitu
3346 1367 3588 1419 irruunt.
3622 1363 3759 1417 Urbs
3798 1364 3878 1415 tota

2296 1449 2354 1503 in
2383 1465 2544 1503 arma
2572 1465 2775 1518 ruens,
2808 1466 2941 1520 qua:
2975 1453 3223 1521 strepitu
3250 1453 3703 1508 tumultuantium
3718 1466 3875 1504 accur-

2296 1539 2464 1592 rebat
2511 1537 2864 1607 defensioni,
2896 1538 3298 1595 acceleranter
3324 1544 3650 1613 grassatur.
3680 1541 3721 1592 A
3745 1541 3876 1607 parte,

2295 1641 2411 1696 qua
2436 1627 2632 1680 minus
2657 1627 2960 1695 cavebant,
2994 1628 3320 1683 vacillatur.
3350 1630 3399 1683 A
3422 1626 3879 1683 Guiscardensibus

2298 1716 2477 1769 scalis
2509 1715 2795 1784 appositis
2818 1730 3024 1769 murus
3045 1717 3505 1772 transcenditur.
3527 1717 3673 1770 Urbs
3691 1714 3883 1768 exterior

2298 1804 2541 1871 capitur,
2576 1806 2760 1872 portae
2792 1802 2949 1857 ferro
2986 1804 3169 1858 sociis
3224 1806 3296 1859 ad
3340 1804 3759 1876 ingrediendum
3782 1816 3880 1871 ape-

2297 1893 2546 1948 riuntur.
2608 1891 2739 1945 Dux
2799 1894 2856 1945 et
2912 1907 3112 1946 comes
3145 1908 3279 1947 cum
3329 1891 3751 1947 omniexercitu
3775 1889 3880 1942 infra

2295 1997 2501 2037 muros
2532 1980 2924 2050 hospitantur,
2986 1980 3388 2034 Panormitani
3443 1979 3628 2034 delusi
3678 1979 3880 2031 hostesa

2295 2074 2462 2141 tergo
2487 2068 2638 2122 infra
2650 2084 2852 2122 muros
2877 2071 3336 2138 cognoscentes,
3361 2067 3622 2121 interiori
3633 2066 3755 2119 urbe
3770 2063 3879 2117 refu-

2293 2159 2457 2231 gium
2488 2157 2735 2228 petendo
2751 2172 2887 2210 sese
2904 2156 3209 2224 recipiunt.
3237 2155 3369 2209 Nox
3384 2156 3679 2209 tumultum
3694 2152 3879 2206 diremit.

2291 2248 2568 2303 Proximo
2600 2260 2769 2299 mane
2806 2245 3119 2314 primores,
3156 2243 3381 2298 fuadere
3395 2242 3735 2313 interposito,
3758 2241 3879 2294 utris.

2292 2352 2406 2406 que
2440 2323 2724 2388 fratribus
2756 2333 3013 2387 locutum
3048 2333 3361 2395 accedunt,
3407 2333 3597 2403 legem
3625 2346 3766 2384 suam
3795 2327 3879 2380 nul-
3978 2374 3979 2403 1

2292 2425 2525 2477 latenus
2578 2436 2645 2475 se
2705 2420 2909 2474 violari
2968 2419 3061 2473 vel
3104 2420 3445 2490 relinquere
3470 2398 3629 2472 ‘velle
3662 2417 3880 2476 dicentes,
3978 2398 3979 2453 ἒ

2294 2512 2521 2567 scilicet
2553 2510 2604 2564 si
2635 2509 2781 2563 certi
2813 2508 2930 2561 sint
2958 2507 3114 2578 quod
3141 2523 3259 2561 non
3292 2506 3677 2579 coganturvel
3704 2504 3881 2573 injnslls

2292 2606 2348 2658 et
2405 2599 2576 2655 novis
2607 2598 2845 2669 legibus
2874 2611 2992 2650 non
3054 2598 3409 2650 atterantur.
3469 2590 3878 2662 Quandoquidem

2292 2690 2526 2746 fortuna
2548 2685 2827 2757 praesenti
2861 2685 2948 2739 sic
2979 2684 3368 2739 hortabantur
3398 2684 3563 2738 urbis
3601 2682 3882 2736 deditionem

2292 2777 2320 2832 f
2327 2793 2516 2842 acere,
2552 2792 2618 2830 se
2641 2776 2700 2829 in
2732 2773 3064 2828 famulando
3124 2773 3332 2827 fideles
3364 2772 3695 2841 persistere,
3724 2768 3882 2821 tributa

2292 2868 2548 2933 solvere,
2582 2863 2759 2918 ethoc
2778 2862 3111 2933 juramento
3126 2861 3279 2931 legis
3300 2876 3433 2915 suae
3452 2861 3672 2914 ﬁrmare
3684 2870 3883 2927 spopon-

2290 2957 2452 3011 dunt.
2488 2955 2617 3008 Dux
2650 2965 2968 3021 comesque
3016 2949 3366 3020 gaudentes,
3414 2948 3568 3019 quod
3598 2945 3883 3000 offerebatur

2288 3046 2540 3100 libenter
2584 3040 2918 3110 suscipiunt
2976 3053 3127 3091 anno
3159 3038 3485 3091 Dominicae
3534 3030 3882 3089 incarnationis

2289 3132 2601 3187 millesime
2637 3125 3089 3198 septuagesimo
3134 3125 3349 3194 primo.
3384 3124 3590 3193 Adepti
3619 3121 3783 3191 primo
3817 3132 3880 3169 om

515 3204 682 3301 erat:
693 3204 1167 3299 comprehensus
1192 3222 1512 3278 reducitur.
1545 3219 1723 3275 Costa
1753 3216 2175 3282 Condomicita,
2211 3223 2263 3285 ο
2292 3222 2470 3283 nium,
2506 3218 2825 3286 Scriptura)
2858 3214 3062 3267 fideles
3096 3213 3422 3267 imitatores
3467 3210 3700 3265 dicentis
3729 3225 3738 3261 :
3789 3204 3883 3259 Pri-

515 3321 652 3391 quia
682 3315 1167 3387 consanguineus
1198 3311 1332 3383 ejus
1357 3312 1499 3377 erat,
1518 3308 1753 3362 volente
1777 3307 2111 3375 eiparcere,
2147 3323 2179 3359 a

514 3407 729 3477 populo
762 3403 1204 3468 condemnatur,
1238 3399 1443 3467 sicque
1467 3410 1600 3449 cum
1632 3394 1940 3463 suppliciis
1972 3409 2178 3461 poenas

513 3495 708 3563 luens,
740 3509 774 3546 a
822 3491 1039 3563 quibus
1100 3486 1250 3541 mala
1280 3484 1573 3549 intulerat,
1615 3482 1966 3552 perimitur:
2026 3496 2177 3550 quos

514 3584 867 3654 religaverat
922 3578 1266 3643 liberantur,
1326 3589 1359 3626 a
1418 3572 1702 3625 fidelitate
1751 3569 1920 3623 ducis
1987 3568 2180 3637 palam

516 3673 877 3726 avertuntur.
911 3666 1127 3736 Sicque
1156 3677 1263 3733 per
1292 3677 1402 3715 sex
1424 3660 1547 3714 fere
1564 3673 1751 3712 annos
1772 3657 2177 3712 ducirebelles

512 3760 869 3833 perdiversa
899 3757 1029 3810 loca
1058 3751 1345 3808 Calabriae
1377 3750 1449 3803 ab
1481 3748 1628 3817 ipsis
1646 3746 1900 3801 turbatio
1928 3745 2179 3814 plurima

512 3851 665 3905 facta
696 3852 808 3903 est.
865 3844 1028 3900 Istud
1086 3841 1183 3895 hic
1214 3837 1597 3895 inscribimus
1643 3838 1704 3889 ut
1748 3836 1992 3889 caveant
2019 3851 2177 3904 prae-

510 3941 613 3997 lati
640 3938 757 3994 sibi
784 3934 1056 3992 subditos
1081 3931 1283 4003 pravis
1324 3926 1612 3983 ministris
1653 3942 1685 3980 a
1744 3941 1855 3980 sua
1900 3924 2178 3979 ﬁdelitate

513 4029 729 4085 divelli.

1113 4126 1363 4183 CAPUT
1396 4122 1573 4179 XLV.

1038 4238 1370 4293 Panormus
1391 4231 1643 4303 capitur.

582 4353 715 4410 Dux
744 4348 925 4425 igitur
953 4342 1377 4402 commeatibus
1407 4342 1464 4394 et
1492 4335 1728 4392 caeteris
1768 4349 1901 4405 quae
1930 4330 2178 4400 expedi-

510 4446 657 4500 tioni
684 4419 1089 4511 congruebant
1118 4429 1435 4503 apparatis,
1470 4427 1920 4494 fratrem,quem
1940 4419 2179 4511 praemi-

514 4535 693 4601 serat,
727 4510 1108 4587 subsecutus,
1144 4520 1298 4591 apud
1325 4518 1623 4583 Catanam,
1671 4512 1769 4566 ubi
1800 4525 2001 4564 comes
2032 4510 2175 4575 erat,

516 4596 689 4678 venit
712 4620 948 4690 fingens
1007 4627 1074 4667 se
1108 4609 1342 4663 Maltam
1388 4603 1741 4660 debellatum
1765 4601 1872 4668 ire,
1906 4596 2078 4669 quasi
2106 4596 2178 4651 de

511 4715 805 4769 Panormo
837 4702 1145 4764 diffidens;
1177 4697 1283 4752 sed
1302 4712 1336 4750 a
1365 4695 1545 4749 fratre
1578 4690 1938 4754 cohortatus,
1963 4700 2178 4757 magno

512 4802 792 4876 equitatu,
828 4810 961 4849 cum
980 4788 1288 4845 navalibus
1319 4778 1914 4876 peditumquencopiis
1940 4776 2013 4829 ab
2042 4774 2178 4876 inde

511 4864 908 4968 progrediens
937 4883 1294 4935 Panormum
1324 4872 1513 4941 venit,
1564 4870 1636 4924 ab
1694 4869 1927 4968 Oceano
1970 4864 2179 4968 urbem

511 4954 765 5041 navibus
779 4972 1087 5038 obsidens,
1101 4967 1460 5034 fratremque
1479 4959 1753 5015 comitem
1766 4956 1838 5010 ab
1862 4971 1976 5009 uno
1993 4954 2179 5007 latere

514 5076 803 5138 statuens,
862 5064 992 5133 ipse
1048 5058 1120 5113 ab
1179 5054 1360 5109 altero
1410 5064 1596 5104 cornu
1626 5044 2092 5101 Calabrensibus
2125 5044 2182 5097 et

518 5160 726 5230 Apulis
755 5131 959 5210 muros
989 5147 1189 5204 ambit.
1223 5142 1437 5211 Sicque
1464 5137 1721 5209 quinque
1752 5133 2045 5230 mensium
2071 5131 2182 5230 cir-

520 5219 652 5302 culo
663 5247 870 5299 hostes
891 5238 1058 5297 urbis
1074 5230 1441 5290 defensionis
1454 5224 1843 5281 attentissime
1856 5219 2180 5291 pervigiles

518 5336 650 5404 ipse
680 5329 1058 5384 nihilominus
1088 5316 1515 5393 impugnationi
1547 5328 1681 5369 cum
1710 5312 1891 5365 fratre
1920 5308 2179 5362 intentus

519 5397 845 5491 inquietare
898 5412 1248 5486 perstuduit.
1284 5407 1529 5477 Utrique
1557 5401 1683 5474 pari
1705 5397 2180 5491 ardore-inﬂam-

519 5484 662 5569 mati
691 5502 886 5561 omnia
902 5484 1241 5568 circumire,
1282 5511 1429 5552 suos
1447 5494 1762 5560 instruere,
1786 5484 1982 5543 omnia
2011 5484 2176 5541 ordi-

593 5661 1034 5747 (180)Sti1ium.
1070 5645 1083 5652 ’

2291 3326 2442 3364 mum
2459 3307 2643 3379 quaeri
2650 3312 2705 3359 te
2725 3318 2970 3374 regnum
2985 3300 3183 3369 Dei,ct
3197 3301 3392 3355 omnia
3409 3300 3746 3371 adﬁcientur
3767 3292 3884 3347 vobis

2293 3398 2506 3466 (Mati).
2538 3390 3084 3465 v1,33);ecclesiam
3104 3389 3503 3443 sanctissimae
3530 3387 3626 3440 Dei
3647 3380 3881 3456 genitricis

2291 3486 2513 3553 Mariae,
2547 3499 2679 3554 quae
2712 3480 3033 3550 antiquitus
3054 3474 3793 3547 archiepiscopatusfuerat,
3807 3466 3879 3520 sed

2286 3579 2425 3629 tunc
2454 3573 2527 3627 ab
2561 3572 2755 3641 impiis
2776 3567 3088 3623 Saracenis
3119 3566 3332 3619 violata
3363 3564 3637 3634 templum
3658 3557 3882 3629 supersti-

2288 3664 2469 3720 tionis
2527 3677 2730 3716 eorum
2783 3659 2932 3712 facta
2977 3660 3121 3723 erat,
3185 3671 3317 3709 cum
3377 3669 3586 3725 magna
3640 3647 3880 3704 devotione

2290 3750 2576 3806 catholice
2619 3746 3055 3802 reconciliatam
3104 3744 3236 3798 dote
3284 3745 3341 3796 et
3372 3739 3714 3796 ornamentis
3740 3732 3881 3788 eccle-

2289 3838 2551 3895 siasticis
2608 3838 2844 3908 augent.
2909 3832 3457 3901 Archicpiscopum,
3500 3830 3595 3899 qui
3647 3826 3711 3880 ab
3737 3819 3879 3908 impiis

2288 3929 2557 4000 dejectus
2612 3927 2671 3979 in
2700 3907 2982 3994 paupere
3018 3920 3272 3975 ecclesia
3302 3919 3364 3973 S.
3400 3916 3641 3988 Cyriaci,
3670 3907 3879 3984 quamvis

2285 3995 2529 4073 timidus
2551 4014 2783 4069 natione
2795 4012 3042 4065 GNBCUS
3056 4010 3274 4064 cultum
3287 4006 3632 4061 Christianis
3643 3995 3883 4070 religionis

2287 4122 2393 4179 pro
2450 4118 2633 4175 posse
2688 4100 3146 4170 exsequebatur,
3207 4098 3558 4150 revocantes
3610 4085 3880 4145 restituunt.

2293 4194 2513 4219 n-:..,i,.
2545 4206 2684 4219 -.η-η
2716 4188 2957 4219 “nulla
2990 4187 3218 4219 nmmum
3270 4187 3324 4219 ne
3354 4184 3500 4219 mam
3527 4195 3627 4219 nm
3653 4175 3781 4219 velle
3804 4183 3881 4219 suo

2292 4175 2514 4250 Deinde
2545 4206 2686 4246 vero
2715 4188 2958 4243 castello
2990 4187 3240 4254 ﬁrmato,
3270 4187 3326 4239 et
3354 4184 3500 4238 urbe
3526 4195 3627 4251 pro
3653 4175 3781 4231 velle
3804 4183 3881 4224 suo

2291 4285 2413 4338 dux
2443 4297 2569 4337 eam
2600 4281 2659 4334 in
2691 4294 2859 4334 suam
2889 4275 3305 4346 proprietatem
3336 4272 3613 4337 retinens,
3644 4268 3694 4320 et
3723 4260 3879 4315 vallem

2291 4371 2574 4438 Deminaa,
2608 4370 3003 4436 caeteramque
3032 4378 3266 4419 omnem
3292 4360 3548 4415 Siciliam
3579 4350 3877 4438 acquisitauf,

2289 4464 2346 4515 et
2403 4476 2511 4514 suo
2543 4432 2857 4528 adjutorio,
2894 4432 2953 4507 ut
2991 4450 3385 4523 promittebat,
3422 4463 3529 4502 nec
3556 4445 3695 4499 falso
3729 4432 3876 4505 acqui-

2206 4579 2268 4646 D
2292 4548 2556 4615 rendam,
2590 4545 2759 4600 fratri
2786 4544 2857 4598 de
2888 4557 2953 4596 se
2986 4539 3315 4596 habendam
3349 4534 3657 4592 concessit.

2857 4647 3109 4704 CAPUT
3181 4646 3386 4700 XLVI.

2852 4771 3029 4829 Serio
3077 4770 3388 4826 occiditur.

2358 4888 2503 4942 Cum
2550 4885 2663 4939 ista
2710 4883 3015 4954 geruntur,
3049 4876 3218 4932 Serlo
3260 4875 3416 4930 ﬁlius
3446 4867 3708 4933 Serlonis,
3735 4869 3872 4954 neptis

2286 4977 2560 5032 videlicet
2580 4975 2964 5039 utrorumque
2992 4966 3324 5037 principum
3354 4965 3615 5024 istorum,
3669 4952 3809 5021 cujus
3831 4945 3871 4995 in

2287 5061 2765 5139 praecedentibus
2795 5058 3152 5112 mentionem
3177 5054 3446 5119 fecimus,
3467 5047 3611 5119 apud
3629 5044 3871 5139 Ceramum

2288 5125 2626 5212 inorabatur
2662 5150 2732 5204 ad
2760 5147 3037 5203 tuendam
3095 5142 3459 5214 provinciam
3496 5138 3565 5192 ab
3594 5125 3868 5188 incursibus

2289 5245 2695 5307 Arabicorum,
2731 5238 2830 5309 qui
2862 5234 3015 5305 apud
3061 5235 3320 5287 castrum
3359 5226 3595 5284 Joannis
3622 5220 3867 5309 eatempe-

2288 5336 2437 5390 state
2466 5327 2686 5385 morari
2699 5325 3064 5391 dicebantur,
3089 5321 3274 5375 aduce
3292 5321 3349 5374 et
3369 5316 3572 5372 comite
3591 5305 3862 5391 sicjussusi

2466 5424 2523 5476 et
2550 5416 2832 5474 medietas
2865 5386 3291 5468 totiusvSicilies
3304 5423 3379 5462 ex
3393 5386 3865 5461 consensuducise‘

2291 5512 2524 5572 comitis
2547 5523 2675 5565 suae
2706 5503 2874 5575 sorti,
2898 5500 3281 5574 Arisgotique
3310 5497 3382 5553 de
3392 5489 3653 5550 Poteolis.
3679 5482 3863 5538 interse
