4074 6150
151 182 327 242 1153

1235 176 1639 241 HISTORIA
1682 175 2011 240 SICULA.
2047 210 2115 222 —
2150 174 2306 237 LIB.
2354 174 2463 235 III.

3429 175 3586 238 1154

119 375 453 431 dividenda
495 382 754 432 cesserat
786 394 797 432 :
842 393 912 433 eo
963 379 1118 449 quod
1165 377 1261 431 hic
1312 375 1799 447 consanguineus
1834 362 1893 424 A
1923 389 2134 445 quens,
2170 373 2321 428 ultra
2346 373 2596 428 insidias
2627 374 3024 445 progreditur.
3048 374 3151 430 llis
3180 378 3373 430 autem
3402 377 3475 431 ab
3503 378 3586 431 in-

120 480 344 518 eorum
367 469 504 531 erat,
542 469 783 537 uterque
824 470 1016 520 autem
1048 466 1301 521 consilio
1350 468 1407 519 et
1437 465 1619 518 armis
1662 479 1805 534 pro-

119 552 377 607 bissimi
403 554 513 608 viri
530 558 708 609 erant.
742 555 976 609 Arabici
1011 558 1207 608 autem
1237 556 1338 626 qui
1359 554 1511 623 apud
1544 557 1807 607 castrum

116 640 385 695 Joannis
417 644 805 711 morabantur,
839 646 1187 698 strenuitate
1224 642 1512 711 Serlonis,
1549 643 1687 713 quia
1719 642 1808 696 eis

117 729 179 781 in
214 730 427 784 multis
456 731 705 785 infestus
745 734 887 799 erat,
947 732 1266 801 plurimum
1327 731 1806 796 inimicabantur,

110 816 385 888 jugique
418 820 731 873 intentionc
763 820 895 875 dolo
928 821 1021 873 vel
1053 822 1237 874 armis
1270 821 1503 874 ruinam
1529 818 1667 890 ejus
1698 833 1815 871 me-

120 905 304 959 ditari
332 908 679 961 nitebantur.
709 907 1042 963 Saracenus
1065 912 1259 963 autem
1274 909 1352 963 de
1371 908 1810 979 potentioribus

121 997 313 1048 castri
338 994 582 1049 Joannis
613 997 846 1050 nomine
880 997 1115 1051 Brahen
1145 996 1291 1067 (181)
1351 1014 1484 1051 cum
1540 996 1807 1066 Serlone,

116 1086 175 1135 ut
207 1099 359 1136 eum
388 1084 618 1137 facilius
648 1084 961 1154 deciperet,
996 1086 1192 1140 fmdus
1213 1087 1444 1155 inierat,
1471 1102 1793 1157 eorumque

121 1187 293 1225 more
330 1187 438 1242 per
457 1188 655 1226 aurem
685 1173 1022 1243 adoptivum
1053 1175 1316 1246 fratrem,
1359 1176 1508 1228 alter
1554 1174 1807 1230 alterum

123 1259 358 1313 factum
385 1260 653 1315 vicissim
680 1264 1043 1331 susceperat.
1061 1263 1173 1317 Hic
1192 1280 1325 1317 cum
1348 1263 1656 1318 traditione
1681 1280 1814 1318 cum

117 1347 251 1401 suis
307 1349 634 1417 composita
679 1349 909 1404 Serloni
960 1352 1245 1406 salutaria
1277 1352 1633 1407 munuscula
1681 1369 1814 1408 cum

121 1435 543 1490 amicabilibus
572 1439 771 1492 verbis
802 1439 1056 1507 mandat,
1093 1441 1249 1495 inter
1280 1458 1413 1512 quae
1442 1442 1619 1496 etiam
1652 1442 1812 1498 intu-

114 1523 181 1576 lit
213 1525 339 1577 ista
370 1540 383 1578 :
420 1524 575 1579 Sciat
596 1526 932 1581 fraternitas
963 1528 1223 1597 adoptivi
1256 1529 1371 1584 mei
1400 1530 1560 1600 quod
1591 1530 1688 1584 tali
1716 1533 1814 1586 vel

118 1611 218 1664 tali
240 1612 344 1666 die
360 1616 587 1683 septem
610 1617 1008 1671 tantummodo
1032 1617 1272 1672 Arabici
1291 1632 1364 1671 ex
1376 1618 1639 1673 delibera
1652 1620 1805 1675 tione

1922 463 2095 517 sidiis
2116 464 2661 533 prorumpentibus,
2688 479 2819 517 cum
2843 463 3046 518 hostes
3073 481 3102 517 a
3124 467 3293 537 tergo
3316 466 3590 522 horribili

1922 567 2220 606 armorum
2240 551 2477 605 turbine
2501 552 3036 621 deprehenduntur,
3057 551 3222 608 Serlo
3245 554 3587 610 decertandi

1922 641 2131 711 copiis,
2168 640 2274 693 sed
2298 642 2354 692 et
2383 639 2543 711 fugae
2575 640 2856 710 praesidio
2888 641 3185 712 diffidens,
3217 659 3349 697 cum
3376 645 3582 712 paucis

1919 730 2020 800 qui
2051 744 2259 783 secum
2291 730 2473 797 erant,
2505 731 2750 798 petram,
2784 746 2915 800 quae
2946 730 3018 783 ab
3041 730 3172 800 ipso
3206 731 3297 785 die
3319 732 3584 787 Sex-Ionis

1923 817 2079 872 dicta
2111 819 2221 886 est,
2257 831 2439 870 cursu
2470 817 2708 887 expetit.
2741 816 2865 881 Qua
2893 833 3165 888 ascensa,
3196 834 3230 872 a
3273 818 3450 874 dorso
3480 837 3585 889 pro

1918 920 2089 961 muro
2125 904 2257 975 ejus
2289 920 2460 973 usus,
2485 904 2583 957 diu
2611 904 2838 959 fortiter
2858 904 2965 960 sed
2987 906 3144 960 nullo
3173 906 3407 962 aliunde
3424 908 3588 961 auxi-

1918 994 1998 1048 lio
2029 994 2399 1061 adventante,
2446 992 2752 1048 incassum
2794 994 3122 1060 dimicatur;
3172 1011 3307 1049 nam
3353 997 3588 1051 tandem

1920 1082 2240 1137 confossus
2264 1082 2559 1152 occubuit,
2583 1082 2901 1153 nullusque
2919 1098 2994 1136 ex
3025 1083 3299 1159 omnibus
3329 1085 3431 1155 qui
3454 1101 3589 1139 cum

1919 1172 2049 1242 ipso
2081 1173 2265 1236 erant,
2293 1171 2555 1240 exceptis
2578 1172 2810 1226 duobus
2832 1172 2934 1242 qui
2956 1172 3105 1226 inter
3128 1172 3415 1227 cadavera
3431 1190 3588 1229 mor-

1920 1264 2157 1316 tuorum
2217 1260 2608 1329 latitaverant,
2669 1260 2875 1315 evasit.
2932 1259 3176 1315 Serlone
3230 1263 3585 1331 exenterato,

1920 1349 2233 1404 Sarraceni
2274 1363 2377 1402 cor
2425 1348 2758 1403 extrahunt.
2808 1349 2883 1403 Ut
2912 1349 3216 1403 audaciam
3256 1348 3410 1420 ejus,
3453 1366 3586 1420 quae

1920 1438 2100 1493 multa
2129 1437 2339 1506 fuerat,
2370 1437 2766 1506 conciperent,
2793 1437 3129 1491 comedisse
3157 1438 3448 1492 dicuntur.
3480 1437 3587 1491 Ca-

1923 1527 2039 1596 pita
2065 1542 2206 1581 vero
2238 1526 2575 1579 occisorum
2618 1524 2678 1577 in
2708 1526 2970 1579 Africam
3018 1527 3148 1597 regi
3176 1526 3250 1579 ad
3300 1526 3585 1581 honorem

1924 1616 2176 1684 mittunt,
2210 1618 2266 1669 ct
2296 1615 2467 1683 caput
2494 1612 2781 1683 Serlonis,
2816 1614 2997 1683 stipiti
3026 1614 3367 1683 impositum
3397 1616 3452 1669 et
3481 1632 3588 1685 per

115 1699 430 1768 jactantiae
453 1705 663 1756 terram
680 1707 837 1757 tuam
854 1706 1068 1759 debent
1085 1706 1411 1776 praedatum
1432 1708 1616 1762 adire.
1639 1708 1811 1773 Quod
1844 1715 1897 1776 Β
1923 1706 2148 1775 plateas
2170 1703 2336 1758 urbis
2354 1703 2628 1772 delatum,
2654 1718 2685 1755 a
2708 1702 2991 1756 clamante
3014 1705 3106 1757 est
3132 1704 3587 1772 praeconizatum

120 1788 300 1842 Serlo
335 1791 580 1844 audiens
608 1792 852 1847 ridiculo
875 1794 1096 1848 habere
1119 1796 1314 1865 coepit,
1346 1796 1662 1868 minusque
1691 1798 1814 1853 sibi

121 1877 533 1946 prospiciens,
579 1895 651 1933 ex
701 1882 912 1935 vicinis
961 1882 1180 1936 castris
1243 1885 1535 1939 neminem
1587 1886 1703 1938 sibi
1750 1887 1809 1940 in

118 1964 417 2018 auxilium
446 1968 776 2036 arcessivit,
810 1971 916 2024 sed
944 1972 1253 2025 terminato
1290 1972 1383 2026 die
1423 1973 1811 2028 inconsultus

119 2056 411 2105 venatum
441 2056 712 2109 secessit.
743 2057 896 2112 Poro
927 2058 1171 2113 Arabici
1204 2060 1305 2130 qui
1327 2061 1527 2116 dolum
1568 2077 1811 2133 compo-

121 2143 397 2210 suerant,
427 2157 555 2195 cum
576 2145 967 2215 septingentis
997 2148 1283 2203 militibus
1317 2152 1372 2203 et
1403 2149 1640 2205 duobus
1677 2152 1811 2205 mil-

120 2226 285 2281 libus
339 2229 599 2297 peditum
647 2232 717 2286 de
760 2232 967 2289 Castro
1013 2237 1260 2290 Joannis
1313 2238 1603 2309 digressi,
1655 2239 1811 2294 haud

122 2317 337 2384 procul
372 2332 409 2369 a
438 2316 679 2375 Ceramo
710 2320 769 2374 in
802 2321 1015 2377 abditis
1045 2324 1195 2379 locis
1225 2326 1477 2379 insidias
1509 2326 1801 2394 ordinant,

120 2406 358 2473 septem
391 2407 808 2479 tantummodo,
838 2414 900 2464 ut
929 2412 1164 2467 Brahen
1197 2411 1344 2481 (182)
1374 2412 1608 2468 Serloni
1643 2430 1809 2468 man-

119 2490 392 2555 daverat,
440 2495 653 2550 milites
705 2499 1071 2568 mandantes,
1125 2502 1225 2571 qui
1274 2501 1542 2570 Ceramo,
1606 2503 1809 2572 praeda

122 2584 319 2648 capta,
354 2580 661 2638 Sex-Ionem
692 2587 1025 2642 extrahunt.
1052 2589 1314 2659 Insurgit
1334 2590 1577 2659 clamor,
1611 2592 1684 2644 ab
1714 2591 1804 2645 in-

121 2668 276 2722 colis
300 2671 623 2738 provinciae
638 2675 1039 2746 tumultuatur,
1063 2693 1097 2730 a
1117 2677 1381 2748 Serlone,
1407 2679 1507 2733 ubi
1525 2682 1803 2734 venatum

122 2756 298 2824 ierat,
335 2759 755 2816 tumultuantes
786 2764 950 2817 cives
972 2765 1306 2834 audiuntur,
1341 2766 1448 2820 sed
1479 2767 1615 2838 quia
1645 2768 1802 2822 iner-

118 2845 235 2898 mis
274 2852 679 2918 processerat,
712 2851 981 2906 nuntium
1012 2853 1166 2921 apud
1193 2851 1506 2908 Ceramum
1536 2856 1609 2909 ad
1640 2855 1805 2910 defe-

120 2932 313 2986 renda
344 2934 463 2987 sibi
496 2952 657 2990 arma
688 2954 951 3011 suosque
997 2942 1330 2997 invitandos
1359 2944 1621 3011 mittens,
1649 2945 1801 3014 ipse,

1926 1794 2062 1865 ejus
2092 1808 2230 1847 esse
2261 1808 2294 1845 a
2324 1808 2438 1863 quo
2468 1807 2592 1861 prae
2619 1791 2852 1845 caeteris
2882 1791 3081 1845 Sicilia
3108 1791 3583 1862 impugnabatur,

1923 1881 2129 1936 hostes
2150 1880 2415 1935 devictos
2438 1880 2596 1934 nullo
2620 1879 2799 1934 simili
2816 1879 3154 1950 superstite;
3178 1878 3436 1934 Siciliam
3458 1896 3585 1936 suae

1924 1971 2071 2026 sorti
2100 1969 2308 2024 amodo
2339 1969 2539 2023 facere
2560 1968 2709 2038 (188)
2742 1983 3070 2023 cessuram.
3103 1966 3250 2022 Cum
3279 1968 3389 2022 ista
3433 1970 3588 2039 apud

1922 2060 2276 2114 Panormum
2293 2057 2661 2128 principibus
2673 2057 2898 2112 nostris
2912 2057 3270 2125 nuntiantur,
3287 2057 3586 2112 exercitus

1919 2151 2078 2203 totus
2095 2147 2382 2201 turbatur.
2403 2146 2616 2201 Comes
2635 2145 2956 2199 amissione
2978 2145 3210 2214 nepotis
3230 2145 3584 2199 intolerabili

1920 2236 2125 2291 dolore
2143 2235 2490 2305 angebatur,
2513 2233 2633 2287 dux
2650 2248 2790 2287 vero
2809 2249 2839 2285 a
2857 2233 3127 2287 lamentis
3146 2233 3390 2286 fratrem
3409 2248 3584 2301 suum

1921 2339 2196 2379 coercere
2228 2322 2458 2391 volens,
2493 2321 2757 2375 dolorem
2786 2336 2961 2374 suum
2991 2320 3147 2373 virili
3187 2335 3349 2373 more
3380 2320 3583 2373 occul-

1920 2414 2042 2466 tare
2073 2412 2386 2467 nitebatur.
2423 2409 2704 2477 Feminis,
2736 2408 2945 2480 inquit,
2972 2408 3224 2462 lamenta
3253 2407 3583 2477 permittan-

1918 2502 2031 2569 tur,
2083 2516 2194 2555 nos
2244 2502 2436 2554 autem
2483 2499 2545 2553 in
2589 2498 2904 2552 vindictam
2950 2496 3131 2552 armis
3181 2496 3577 2569 accingamur.

1919 2590 2105 2660 Igitur
2133 2588 2269 2659 quia
2301 2588 2616 2659 sejunctim
2668 2587 2741 2641 ad
2792 2586 3044 2641 invicem
3089 2586 3322 2657 utrique
3370 2586 3583 2640 fratres

1918 2679 2174 2749 quisque
2206 2679 2334 2732 suis
2357 2678 2707 2732 utilitatibus
2736 2675 2955 2730 lucrari
2978 2675 3311 2744 studebant,
3336 2676 3582 2743 excepto

1918 2767 2075 2837 quod
2089 2782 2220 2820 cum
2235 2766 2694 2821 necessitatibus
2710 2763 3139 2832 incumberent,
3156 2763 3302 2817 alter
3312 2762 3385 2816 ab
3398 2762 3582 2817 altero

1917 2855 2196 2909 invitatus
2226 2855 2494 2908 vicissim
2543 2854 2661 2909 sibi
2691 2854 2763 2908 ad
2812 2853 3066 2907 invicem
3112 2852 3583 2906 succurrendum

1917 2943 2203 3011 venirent,
2221 2943 2357 2997 huic
2369 2943 2542 3013 libro,
2559 2943 2735 2997 alium
2753 2941 3084 3011 incoapturi,
3102 2941 3276 2994 ﬁnem
3293 2954 3581 3009 ponamus

121 3036 240 3090 quo
263 3022 782 3080 clamorinfestius
801 3030 1069 3100 urgebat,
1088 3030 1502 3085 sciscitaturus
1522 3031 1802 3102 quidnam
1840 3062 1890 3123 Ο
1915 3034 1979 3085 ut
1994 3031 2054 3084 in
2076 3033 2348 3102 sequenti
2370 3033 2441 3086 de
2458 3045 2813 3102 unoquoque
2833 3044 2991 3083 nunc
3013 3027 3327 3099 sejunctim
3343 3028 3581 3081 iterum-

119 3112 314 3175 esset,
331 3112 725 3182 progreditur.
770 3115 843 3169 At
859 3116 997 3171 dum
1015 3134 1045 3171 a
1062 3121 1285 3189 septem
1304 3119 1588 3174 militibus
1606 3120 1807 3189 praeda
1846 3112 1888 3123 ν
1917 3135 2031 3191 que
2063 3120 2442 3191 conjunctim,
2470 3121 2645 3191 prout
2674 3119 2805 3191 ipsa
2830 3133 2932 3173 res
2955 3116 3436 3186 expostulaverit,
3466 3119 3578 3188 sty-

120 3197 347 3251 abduci
373 3197 603 3267 dicitur,
630 3217 792 3256 arma
815 3204 932 3259 sibi
962 3205 1149 3260 delata
1172 3207 1521 3277 corripiens,
1546 3208 1807 3278 adoptivi

120 3284 328 3339 fraudi
379 3288 512 3356 plus
542 3294 888 3348 necessario
919 3295 1200 3350 credulus
1231 3295 1558 3367 improvide
1590 3297 1809 3353 subse-

1915 3209 2039 3264 lum
2067 3209 2449 3264 alternemus.

1459 3685 1726 3757 Explicit
1756 3684 1915 3741 liber
1944 3688 2257 3742 secundus.

1332 3969 1714 4048 LIBER
1795 3969 2383 4048 TERTIUS.

189 4279 487 4344 Quoniam
516 4282 752 4351 quidem
771 4283 989 4338 arduas
1010 4300 1111 4339 res
1134 4284 1445 4353 clarosque
1471 4280 1801 4351 triumphos
1827 4259 1884 4321 D
1914 4295 2016 4337 ces
2046 4281 2312 4353 liquores
2342 4296 2535 4352 usque
2564 4281 3131 4354 degustaturi.Unde
3151 4287 3207 4339 et
3223 4283 3579 4357 lectorquis-

120 4369 386 4422 duorum
406 4385 736 4439 procerum;
749 4372 1059 4427 Guiscardi
1075 4371 1550 4439 videlicetducis,
1567 4369 1805 4424 Siciliae-

119 4472 245 4527 que
267 4458 505 4511 comitis
526 4459 787 4529 Rogerii,
809 4476 963 4514 nunc
982 4460 1322 4531 sejunctim,
1343 4475 1499 4513 nunc
1514 4474 1659 4514 vero
1678 4473 1806 4529 gre-

120 4544 336 4617 gatim,
368 4548 541 4615 prout
571 4544 765 4601 facere
794 4563 904 4603 nos
951 4549 1283 4618 scripturas
1330 4547 1805 4618 repromisimus,

121 4633 428 4701 limpidior
458 4621 698 4703 poetria,
735 4636 789 4689 si
832 4639 993 4690 esset
1025 4637 1179 4690 unde
1211 4636 1581 4691 aestuandum
1633 4636 1802 4705 foret,

122 4725 185 4773 ut
209 4736 313 4773 res
338 4736 469 4790 quae
492 4722 549 4775 in
568 4723 699 4791 ipso
725 4724 906 4777 nobili
928 4725 1210 4778 memoria
1230 4724 1472 4793 clarent,
1496 4723 1804 4779 nobilioris

120 4808 472 4876 philosophi
485 4824 675 4877 penna
690 4798 1335 4882 chirographizaret,ne
1348 4812 1805 4880 limpidissimus

122 4895 491 4966 liquor,dum
505 4898 577 4951 ad
590 4897 979 4953 hauriendum
993 4900 1533 4972 porrigitur,fetore
1546 4900 1807 4954 incultio-

120 4984 213 5037 ris
240 4984 410 5036 vasis
434 4984 604 5037 etiam
626 4985 698 5039 ab
717 4986 867 5056 ipsis
890 4988 1231 5043 sitientibus
1250 4988 1665 5042 abhorreatur.
1690 4986 1808 5041 Sed

121 5072 410 5142 quoniam
441 5086 552 5125 nos
582 5073 781 5128 aureis
812 5074 1029 5130 ﬁstulis
1052 5078 1396 5147 paupertate
1416 5075 1807 5147 prohibemur

122 5159 198 5213 ad
221 5159 565 5230 potandum,
587 5161 808 5216 utimur
829 5164 1120 5220 interdum
1142 5165 1417 5236 plumdea
1438 5164 1657 5235 ﬁstula,
1681 5163 1807 5219 dul-

196 5430 351 5500 (181)
380 5430 445 5485 C.
480 5431 543 5487 P.
578 5432 874 5490 Braclem.

197 5501 352 5572 (182)
381 5501 680 5558 Braclem.

1912 4371 2046 4441 quis
2075 4371 2341 4426 historiaa
2373 4371 2591 4426 seriem
2611 4372 2977 4442 perscrutari
2999 4374 3197 4444 tentat,
3221 4389 3339 4429 non
3368 4374 3573 4431 fallen-

1912 4458 1989 4513 tia
2017 4458 2334 4514 verborum
2367 4462 2713 4530 commenta,
2749 4462 2856 4516 sed
2899 4460 3205 4533 pompales
3246 4461 3576 4534 triumphos

1908 4548 2425 4603 memorandorum
2452 4550 2716 4606 virorum
2744 4553 3018 4608 attendat.
3052 4550 3194 4616 Quae
3226 4553 3379 4607 enim
3410 4550 3576 4607 inse-

1910 4640 2123 4692 runtur
2149 4653 2267 4693 non
2297 4654 2445 4694 meae
2474 4640 2568 4694 vel
2599 4644 2714 4696 tuae
2744 4641 2922 4709 laudi,
2958 4643 3064 4697 sed
3086 4641 3319 4696 illorum
3350 4641 3452 4712 qui
3480 4640 3573 4694 fa-

1911 4726 2119 4782 ciendo
2150 4743 2440 4798 meruere,
2473 4729 2910 4785 subtitulantur.
2961 4730 3248 4796 Quoniam
3276 4744 3351 4784 ex
3380 4728 3572 4784 edicto

1908 4816 2195 4886 principis
2206 4821 2440 4890 tempus
2453 4818 3030 4892 scribendilimminet
3044 4818 3200 4889 quod
3212 4817 3573 4889 negligenda

1909 4914 2197 4968 hactenus
2217 4911 2413 4964 minus
2435 4911 2695 4980 potatum
2712 4911 2822 4977 est,
2842 4909 2915 4962 ad
2937 4910 3157 4964 fontem
3174 4921 3289 4978 quo
3308 4905 3578 4961 hauriam

1910 5001 2063 5056 unde
2085 5000 2386 5070 limpidius
2404 5002 2720 5067 eructetur,
2741 5013 3052 5053 recurrere
3072 4996 3264 5069 ipsius
3286 4995 3582 5067 principis

1909 5106 2136 5164 urgens
2167 5088 2505 5145 festinantia
2532 5087 2824 5158 prohibet.

1941 5505 2087 5580 (183)
2117 5504 2181 5561 C.
2214 5504 2282 5559 P.
2313 5500 2511 5559 facile.
