4074 6150
214 222 377 284 1157

1290 221 1694 283 HISTORIA
1737 222 2066 286 SICULA.
2101 258 2174 269 —
2221 223 2381 287 LIB.
2424 224 2529 290 III.

3476 226 3632 291 1158

186 427 489 479 certamen
529 425 922 493 provocando,
962 425 1099 479 dum
1126 425 1452 479 alternatim
1484 427 1711 481 fortiter
1738 443 1850 482 sae-
1879 411 1938 470 Α
1968 426 2265 498 Rogerius
2295 425 2447 495 apud
2480 424 2739 479 Siciliam
2768 427 2827 479 in
2849 426 3120 481 omnibus
3154 429 3393 481 strenue
3444 441 3633 499 agens

182 528 384 582 peque
418 512 814 581 congreditur,
855 515 1032 569 multa
1059 515 1277 569 militiae
1301 516 1682 586 congruentia
1714 532 1852 585 per-

185 604 422 670 petrata
444 604 599 653 sunt.
641 602 827 654 Porro
859 603 979 655 dux
996 603 1206 656 videns
1240 620 1306 657 se
1334 605 1529 657 minus
1559 605 1617 656 in
1648 605 1855 658 urbem

186 688 507 758 proficere,
530 689 778 742 consilio
811 706 943 743 cum
966 691 1094 743 suis
1119 692 1335 759 habito,
1359 693 1466 745 tria
1490 693 1730 746 castella
1751 693 1855 745 fir-

188 778 396 830 mavit.
420 777 610 830 Unum
635 778 871 849 Hugoni
904 779 1144 848 Faloch,
1176 782 1425 834 alterum
1472 781 1753 835 Rainaldo
1786 782 1857 835 de

186 864 420 918 Simula
467 865 537 917 ad
573 865 776 919 urbem
825 867 1214 921 infestandam
1264 870 1577 940 delegavit,
1620 870 1858 923 tertium

185 957 391 1007 autem
410 952 697 1008 Herberto
713 954 879 1008 fratri
895 956 1251 1025 Hugonis,et
1264 957 1695 1012 Custiuobarbo
1709 956 1859 1027 (188)

189 1042 365 1094 fratri
400 1041 685 1095 llainaldi.
727 1042 940 1113 Sicque
970 1046 1342 1114 expeditione
1382 1048 1573 1100 soluta
1614 1047 1673 1100 in
1703 1048 1860 1117 Apu-

185 1129 335 1182 liam
383 1130 656 1198 secessit,
702 1131 799 1184 ubi
831 1148 947 1185 non
978 1134 1155 1186 multo
1187 1138 1323 1203 post
1352 1136 1502 1204 apud
1533 1138 1768 1205 Cavam,
1803 1136 1861 1188 in

187 1218 452 1288 quodam
484 1234 817 1289 congressu
843 1220 1278 1276 Heremannum
1311 1224 1584 1277 comitem
1616 1224 1861 1277 fratrem

190 1306 557 1376 Abagelardi
580 1308 1107 1379 capiens,Hogerio
1132 1311 1299 1365 fratri
1312 1312 1369 1364 in
1393 1312 1543 1365 turri
1567 1312 1861 1365 Melitensi

190 1395 623 1448 retrudendum
659 1397 845 1450 mittit.
879 1395 987 1460 Qui
1031 1398 1168 1452 dum
1210 1400 1269 1452 in
1316 1401 1571 1454 vinculis
1604 1401 1860 1454 obscuro

192 1498 442 1537 carcere
462 1484 1284 1558 cruciaretur,Abagelardus,
1304 1489 1563 1542 fraterna
1588 1505 1861 1559 compas-

193 1571 369 1624 sione
414 1574 622 1641 tactus,
657 1574 984 1642 pactionem
1032 1591 1164 1628 cum
1212 1578 1360 1630 duce
1395 1580 1457 1630 ut
1505 1578 1714 1632 urbem
1746 1577 1864 1633 sibi

192 1659 463 1714 reddens
494 1660 734 1716 fratrem
779 1664 1044 1732 recipiat,
1094 1664 1253 1719 facit.
1306 1666 1465 1720 Duce
1512 1667 1707 1736 itaque
1752 1667 1862 1719 hac

1964 516 2318 570 morabatur.
2343 514 2549 584 Neque
2581 514 2755 583 enim,
2791 515 2985 585 aliqua
3013 515 3395 569 delectatione
3426 532 3492 570 se
3542 531 3637 570 re-

1961 603 2249 667 trahente,
2302 602 2578 656 hostibus
2608 604 2829 656 absens
2861 602 2991 655 fieri
3021 604 3366 672 patiebatur,
3418 604 3635 674 quippe

1963 708 2137 762 quem
2152 694 2412 762 egestas,
2446 691 2635 759 labor,
2671 692 2843 744 mina)
2866 690 3081 759 hostis,
3115 691 3426 744 imminens
3462 692 3635 763 jugis

1964 779 2559 850 decertatio,vigiliae,
2592 779 2687 833 vel
2708 780 2826 832 vita
2854 780 3123 848 asperior
3138 780 3211 833 ab
3240 781 3490 850 inccrpto
3521 796 3639 834 non

1964 867 2356 933 deterrebant,
2380 867 2485 920 sed
2504 868 2701 937 potius
2719 871 2937 937 quanto
2970 868 3387 937 asperitatibus
3410 868 3637 939 quatie-

1963 958 2137 1010 batur
2165 972 2234 1010 eo
2281 956 2595 1009 ardentiori
2627 956 2959 1010 constantia
2986 956 3137 1026 ipsa,
3187 957 3442 1011 humano
3475 972 3639 1011 more

1968 1045 2161 1098 animo
2194 1060 2303 1098 suo
2342 1044 2557 1106 innata,
2612 1043 3027 1097 dominationis
3060 1045 3354 1114 cupidine,
3401 1044 3641 1115 vincere

1968 1149 2143 1204 quam
2188 1133 2342 1185 vinci
2377 1131 2691 1185 nitebatur.
2728 1131 2798 1185 Et
2849 1132 3120 1201 quamvis
3170 1133 3363 1185 omnia
3392 1134 3639 1201 cupiens

1969 1225 2150 1290 esset,
2177 1221 2505 1290 impensius
2534 1224 2726 1274 tamen
2754 1220 2877 1273 zelo
2899 1221 3161 1289 potiendi
3181 1220 3455 1274 Castrum
3472 1220 3643 1275 Joan-
3702 1288 3707 1293 ι

1970 1311 2061 1364 nis
2090 1308 2442 1380 angebatur.
2488 1308 2655 1372 Quod
2686 1309 2738 1361 si
2775 1309 3022 1377 adeptus
3067 1309 3238 1375 foret,
3300 1309 3526 1362 sciebat
3574 1325 3645 1363 se

1971 1399 2141 1469 quasi
2186 1414 2291 1466 pro
2340 1397 2507 1450 firmo
2557 1397 2705 1465 (189)
2735 1397 2806 1449 ad
2842 1400 3018 1450 totam
3049 1396 3308 1451 Siciliam
3338 1412 3444 1466 pro
3476 1396 3643 1450 libitu

1971 1503 2080 1541 suo
2129 1485 2543 1539 ventilandam.
2595 1484 2721 1537 Tali
2750 1488 3029 1554 tantoque
3078 1484 3312 1556 urgenti
3345 1484 3641 1538 desiderio

1971 1591 2125 1630 anno
2180 1573 2469 1627 Incarnati
2515 1572 2696 1626 Verbi
2742 1572 2879 1626 1074
2925 1574 2984 1626 in
3033 1581 3228 1627 monle
3286 1572 3646 1627 Calataxibet

1975 1667 2234 1718 castrum
2250 1661 2524 1727 ﬁrmavit,
2561 1661 2713 1731 quod
2743 1661 3028 1715 militibus
3046 1664 3102 1715 et
3122 1661 3368 1732 reliquis
3392 1677 3526 1731 qum
3544 1676 3643 1715 ne-

192 1749 517 1803 calliditatc
540 1749 698 1803 illum
720 1751 1051 1806 deludendo
1072 1753 1246 1807 fidem
1268 1754 1459 1822 dante,
1477 1759 1538 1808 ut
1556 1771 1686 1808 cum
1711 1755 1864 1825 apud
1897 1761 1947 1821 Β
1977 1752 2241 1807 cessaria
2270 1752 2441 1804 erant
2458 1749 2750 1819 muniens,
2771 1747 3043 1802 Castrum
3060 1750 3306 1804 Joannis
3324 1748 3646 1804 infestissi-

192 1838 539 1906 Garganum
564 1840 850 1904 venirent,
875 1842 962 1894 sic
985 1842 1141 1895 enim
1179 1845 1441 1896 castrum
1463 1844 1754 1913 quoddam
1773 1844 1864 1897 di-

194 1926 469 1994 cebatur,
489 1927 732 1981 fratrem
756 1929 871 1983 sibi
890 1930 1157 1999 captione
1178 1932 1429 1985 liberum
1452 1932 1743 2001 redderet,
1769 1933 1867 1988 ille

194 2015 499 2080 incautus,
551 2016 729 2070 verba
774 2021 1196 2089 argumentosa
1242 2020 1480 2074 minime
1529 2021 1868 2091 advertens,

194 2103 350 2156 urbe
375 2103 714 2174 digrediens
746 2105 879 2160 duci
901 2121 1030 2160 eam
1050 2108 1322 2179 reddidit,
1352 2109 1558 2179 sicque
1580 2125 1712 2164 cum
1744 2110 1873 2179 ipso

193 2192 632 2263 aliquantisper
657 2200 1055 2250 commoratus
1073 2196 1277 2251 fratris
1300 2198 1685 2253 redditionem
1710 2199 1874 2252 frus-

112 2297 120 2303 ·
197 2284 291 2334 tra
314 2281 753 2349 suspicabatur.
776 2286 850 2338 At
868 2300 1001 2338 cum
1034 2286 1374 2340 Russanum
1388 2290 1623 2342 ventum
1644 2289 1752 2353 est,
1777 2302 1872 2341 as-

195 2369 414 2439 perius
432 2385 562 2422 cum
585 2371 754 2439 duce,
781 2373 939 2442 quod
975 2375 1216 2429 nimium
1239 2375 1705 2444 protraheretur,
1740 2390 1871 2430 ser-

196 2473 444 2512 monem
459 2458 901 2526 habuit,versus
917 2462 1279 2533 Gargantum
1295 2466 1407 2518 iter
1429 2463 1718 2518 acceleret
1740 2464 1875 2517 hor-

197 2547 538 2601 tatur.Tum
556 2564 697 2603 vero
720 2550 839 2603 dux
851 2550 1049 2605 dolum
1066 2552 1270 2621 aperit,
1306 2553 1456 2605 infra
1474 2555 1701 2622 septem
1714 2552 1875 2607 futu-

198 2651 312 2689 ros
344 2651 534 2690 annos
565 2652 630 2690 se
648 2638 789 2692 illuc
805 2655 921 2709 quo
952 2640 1179 2694 dixerat
1197 2657 1310 2695 non
1346 2642 1562 2695 iturum
1594 2640 1871 2695 asseruit.

199 2724 331 2789 Ille,
373 2725 462 2777 sic
495 2725 805 2781 calliditate
835 2728 1002 2782 verbi
1042 2744 1109 2783 se
1141 2729 1600 2784 circumventum
1623 2729 1878 2783 animad-

199 2816 477 2879 vertens,
498 2814 808 2881 plurimum
829 2831 961 2870 cum
975 2816 1124 2872 duce
1150 2818 1487 2884 altercatus,
1514 2820 1663 2873 irato
1681 2818 1873 2872 animo

198 2901 552 2970 discedens,
586 2903 646 2956 in
670 2904 943 2973 Apuliam
985 2909 1180 2960 castro
1217 2906 1277 2961 S.
1306 2906 1517 2977 Agadii
1550 2906 1875 2961 seditiosus

198 3004 352 3044 sese
378 3005 511 3044 cum
541 2991 669 3045 suis
696 2994 938 3062 recepit.

849 3133 1101 3189 CAPUT
1142 3135 1237 3190 Vl.

1977 1857 2135 1896 mum
2165 1838 2448 1895 redditur.

2595 1995 2847 2051 CAPUT
2886 1995 3034 2051 VIII.

2330 2156 2612 2213 Africani
2628 2155 2940 2237 Nicotrum
2965 2155 3298 2211 destruunt.

2050 2318 2311 2374 Africani
2343 2333 2487 2389 ergo
2529 2316 2861 2385 Sarraceni,
2895 2331 2929 2368 a
2959 2313 3175 2368 familia
3225 2313 3386 2385 regis
3419 2313 3649 2367 Tunicii

1981 2425 2053 2464 ex
2082 2409 2215 2480 ejus
2247 2407 2456 2476 edicto,
2496 2406 2748 2460 navibus
2776 2419 2884 2475 per
2929 2419 3090 2458 mare
3138 2402 3455 2473 piratarum
3484 2417 3648 2456 more

1980 2499 2108 2553 vela
2141 2497 2332 2551 ventis
2383 2495 2832 2563 committentes,
2871 2492 3162 2546 maritima
3190 2490 3384 2545 littora
3430 2506 3648 2545 versus

1981 2586 2240 2641 Siciliam
2286 2587 2343 2639 et
2393 2582 2725 2637 Calabriam
2770 2582 3109 2636 insidiatum
3141 2579 3379 2633 vadunt.
3411 2577 3648 2650 Sicque,

1982 2676 2156 2730 Junio
2174 2688 2377 2728 mense
2422 2674 2479 2725 in
2510 2671 2713 2743 vigilia
2747 2671 2812 2723 B.
2848 2669 3027 2738 Petri,
3058 2669 3212 2739 apud
3242 2667 3551 2722 Nicotrum
3581 2665 3654 2720 de

1982 2768 2154 2818 nocte
2183 2762 2416 2833 appulsi
2448 2760 2613 2815 cives
2642 2759 2913 2812 incautos
2932 2762 2989 2812 et
3008 2774 3133 2827 prae
3147 2757 3361 2828 gaudio
3378 2754 3652 2809 instantis

1984 2852 2393 2919 solemnitatis,
2420 2850 2581 2919 vino,
2615 2864 2688 2903 ex
2716 2862 2878 2901 more
2910 2860 3238 2916 somnoque
3260 2846 3538 2916 gravatos
3554 2859 3656 2912 op-

1980 2941 2259 3010 primunt,
2291 2938 2686 2992 semisomnes
2716 2936 2865 3000 alios
2878 2935 3191 3005 perimunt,
3224 2933 3372 2986 alios
3396 2931 3652 3001 capiunt,

1984 3030 2149 3099 ipsos
2179 3028 2351 3082 etiam
2370 3041 2588 3096 pueros
2607 3040 2738 3078 cum
2757 3023 3103 3077 mulieribus
3123 3020 3399 3090 omnique
3417 3019 3656 3089 suppel-

1981 3115 2414 3173 lectilivehibili
2437 3114 2697 3184 praedam
2719 3112 2971 3166 navibus
3019 3110 3323 3177 inducunt,
3359 3110 3655 3162 castrum-

1986 3222 2100 3278 que
2112 3208 2294 3260 totum
2308 3203 2582 3257 inccndio
2601 3202 3070 3268 concremantes,
3095 3197 3319 3269 remige
3332 3196 3657 3250 accelerate

201 3273 353 3327 Dux
391 3274 455 3328 S.
505 3274 860 3330 Severinam
907 3283 1244 3349 recuperat,
1291 3279 1505 3334 Castra
1545 3279 1609 3333 S.
1655 3278 1872 3349 Agadii

1985 3273 2045 3350 in
2076 3296 2254 3348 altum
2285 3291 2587 3346 recedunt.
2622 3289 3033 3343 In'crastinum
3052 3288 3197 3356 ripae
3218 3285 3462 3356 propius
3484 3299 3658 3338 acce-

605 3364 727 3418 dux
748 3365 1192 3438 Abagelardum
1227 3367 1481 3422 obsidet.

290 3523 420 3576 Dux
446 3524 641 3595 itaque
662 3526 863 3581 sciens
880 3526 1045 3583 illum
1066 3529 1139 3582 ad
1162 3528 1274 3582 hoc
1306 3528 1413 3582 niti
1433 3531 1494 3583 ut
1510 3530 1689 3582 totam
1712 3528 1879 3598 Apu-

201 3612 356 3666 liam
381 3628 593 3668 versus
609 3630 694 3684 se,
717 3631 824 3685 pro
842 3633 1044 3687 posse,
1070 3622 1454 3687 commoveat,
1480 3617 1743 3673 exercitu
1776 3632 1881 3671 ex—

206 3700 393 3755 citato
424 3702 587 3757 illum
617 3705 941 3776 insequens
969 3708 1288 3761 obsessum
1316 3707 1477 3761 vadit
1501 3723 1515 3776 ;
1550 3705 1658 3760 sed
1687 3706 1882 3758 castro

205 3793 445 3861 natura,
488 3793 827 3862 munitione,
888 3795 1295 3849 defensalibus
1339 3794 1705 3863 ﬁrmissimo,
1751 3808 1885 3846 cum

208 3879 446 3934 diutius
475 3882 531 3934 in
576 3883 968 3954 oppugnando
1007 3884 1374 3954 persisteret,
1415 3883 1564 3951 ipsis
1604 3882 1704 3952 qui
1733 3883 1886 3936 intra

210 3971 387 4022 erant
407 3968 638 4024 fortiter
656 3971 1132 4043 agentibus,plus
1153 3972 1364 4025 damno
1384 3986 1629 4025 suorum
1649 3972 1885 4039 pertur-
1938 4036 1941 4039 _

210 4056 471 4110 babatur
483 4074 656 4128 quam
670 4075 884 4114 versus
904 4065 1163 4115 castrum
1184 4057 1888 4131 proﬁceret.Abagelardi

213 4148 415 4199 autem
438 4146 507 4199 de
533 4148 857 4202 amissione
887 4149 1087 4203 fratris
1127 4149 1298 4203 dolor
1328 4150 1387 4202 in
1418 4148 1548 4202 dies
1584 4161 1892 4202 excresce-

186 4236 343 4303 .bat,
365 4250 555 4305 neque
577 4237 831 4306 vincula,
862 4238 1078 4308 quibus
1100 4237 1286 4291 frater
1305 4236 1658 4304 arctahatur,
1696 4236 1890 4305 ipsum

218 4322 381 4375 haud
404 4338 584 4377 secus
606 4324 715 4378 hac
737 4325 899 4379 illum
923 4342 998 4381 ex
1017 4326 1426 4380 recordatione
1448 4323 1890 4396 angebant.Un-

217 4410 294 4464 de
319 4413 378 4463 et
396 4410 762 4482 frequentius
787 4429 965 4469 casus
999 4415 1200 4469 fratris
1218 4413 1582 4485 quibuslibet
1602 4411 1886 4482 pactioni-

216 4499 341 4553 bus
365 4500 679 4554 meliorare
697 4504 1117 4571 attentans,vix
1141 4503 1372 4557 tandem
1395 4501 1643 4555 obtinuit
1661 4503 1740 4569 ut,
1766 4515 1892 4552 cas-

1987 3386 2193 3439 dentes
2224 3396 2443 3453 pueros
2475 3384 2531 3435 et
2561 3378 3005 3433 imbecilliorem
3027 3374 3306 3430 familiam
3334 3373 3542 3428 amicis
3568 3387 3659 3427 re-

1986 3474 2208 3528 dimere
2222 3470 2559 3526 volentibus
2567 3469 2794 3539 ,praetio
2809 3473 3071 3537 accepto,
3086 3464 3338 3519 navibus
3353 3461 3662 3533 ejicientes

1983 3564 2195 3634 partim
2222 3560 2622 3616 exonerantur
2645 3573 2658 3627 ;
2690 3556 2976 3627 reliquos,
2998 3554 3100 3627 qui
3115 3551 3371 3622 alicujus
3398 3549 3664 3604 utilitatis

1986 3653 2354 3717 videbantur,
2388 3648 2686 3702 adducunt
2718 3663 2731 3710 ;
2768 3645 2975 3717 sicque
3007 3644 3138 3698 vela
3167 3641 3363 3696 ventis
3396 3638 3666 3694 commit-

1987 3742 2200 3808 tentes,
2260 3737 2484 3807 patrios
2531 3749 2712 3806 agros
2742 3733 2898 3788 unde
2933 3733 3218 3787 venerant
3247 3728 3367 3785 laeti
3399 3726 3666 3783 revisum

1988 3827 2253 3883 tendunt.

2629 3926 2882 3982 CAPUT
2922 3925 3025 3980 IX.

2233 4088 2516 4144 Africani
2546 4086 2698 4158 apud
2725 4083 3058 4141 Mazariam
3086 4082 3419 4136 vincuntur.

2069 4252 2238 4305 Anno
2299 4263 2441 4303 vero
2483 4243 2907 4302 incarnationis
2951 4239 3184 4296 Domini
3229 4235 3386 4303 1075,
3418 4235 3556 4306 quia
3612 4234 3672 4287 in

1997 4339 2361 4412 praecedenti
2393 4351 2545 4391 anno
2575 4350 2680 4405 pro
2702 4333 2872 4387 libitu
2897 4330 3013 4385 sibi
3044 4329 3277 4383 favente
3307 4324 3461 4395 apud
3488 4323 3672 4412 Nico-

2000 4411 2151 4484 trum
2184 4442 2471 4498 prospere
2492 4424 2849 4491 accurrerat,
2868 4420 3006 4492 plus
3022 4415 3369 4473 necessario
3399 4411 3673 4481 cupidine

2003 4518 2263 4572 avaritiae
2284 4515 2631 4583 insolentes,
2657 4512 2850 4567 simile
2881 4510 2999 4564 sibi
3032 4508 3272 4563 evenire
3294 4504 3513 4559 frustra
3540 4498 3672 4567 rati,

220 4592 315 4641 tro
340 4588 833 4655 reddito,fratrem
854 4592 1291 4661 recipiens,quo
1311 4594 1367 4645 et
1387 4590 1501 4644 sibi
1523 4588 1872 4655 liberet,absl

2003 4607 2255 4661 navibus
2270 4604 2542 4658 ascensis
2554 4616 2772 4657 versus
2794 4599 3052 4655 Siciliam
3078 4597 3372 4651 fortunam
3391 4590 3677 4646 tentatum

222 4676 441 4730 cedere
481 4677 927 4748 liceret.Sicque
956 4679 1136 4734 fratre
1174 4682 1413 4748 recepto
1449 4679 1665 4747 pariter
1689 4677 1888 4730 disce-
2003 4696 2303 4767 navigant,
2358 4692 2732 4762 insulamque
2791 4684 3309 4743 circumcurrendo
3361 4678 3674 4744 tentantes,

223 4765 613 4832 dentes,mari
630 4768 1009 4835 transmeato,
1028 4768 1101 4821 ad
1131 4768 1543 4838 imperatorem
1569 4766 1892 4821 Constanti-
1997 4765 2233 4839 tandém
2266 4782 2418 4851 apud
2450 4780 2759 4834 Mammium
2807 4774 3039 4847 appulsi
3086 4774 3242 4827 sunt.
3294 4768 3562 4822 Navibus
3594 4765 3680 4820 di-

224 4853 628 4923 ΠοΡοῙίῑθῐιυῐη
658 4856 985 4909 transeunt-
2000 4873 2203 4945 gressi
2222 4871 2427 4925 urbem
2442 4883 2655 4940 magna
2678 4867 2736 4919 vi
2756 4864 3165 4935 oppugnantes
3183 4856 3535 4927 irrumpunt,
3574 4869 3683 4910 ca-
3776 4902 3789 4927 ,

2001 4966 2190 5015 strum
2216 4963 2429 5027 autem,
2455 4956 2778 5029 quodinfra
2796 4957 2937 5020 erat,
2957 4950 3185 5005 fortiter
3201 4944 3689 5021 repugnantibus
3792 4996 3805 5005 ,

2003 5065 2110 5119 per
2141 5052 2272 5103 octo
2325 5047 2455 5101 dies
2486 5045 2778 5100 obsident.
2814 5041 3027 5095 Comes
3066 5051 3231 5105 vero,
3263 5049 3369 5104 per
3422 5032 3723 5104 legatum

2008 5138 2310 5207 comperto
2343 5138 2601 5189 castrum
2634 5144 2897 5200 suosque
2914 5124 3191 5182 hostibus
3214 5122 3512 5192 infestari,
3544 5128 3749 5196 clam

2005 5228 2076 5282 de
2106 5229 2278 5281 nocte
2308 5226 2527 5277 armata
2558 5235 2734 5274 manu
2763 5220 3023 5272 castrum
3061 5214 3405 5285 ingressus,
3448 5217 3780 5294 Βαιτιωο

2006 5316 2264 5370 diluculo
2282 5327 2388 5382 per
2404 5312 2609 5381 portas
2626 5320 3041 5378 prorumpens.
3062 5317 3191 5355 cum
3221 5300 3392 5393 hoste
3407 5299 3471 5353 in
3496 5297 3830 5393 plaga?

2006 5403 2173 5459 urbis
2225 5375 2357 5455 ante
2404 5375 2714 5453 castellum
2760 5394 3163 5465 congreditur,
3215 5375 3730 5474 fortiterqﬁgv
3775 5375 3885 5466 0+

861 5016 1113 5071 CAPUT
1146 5015 1266 5069 VII.

3776 4902 3789 4927 Ι
4051 4862 4074 5232 Ι

3765 5218 3779 5232 ι

231 5157 444 5212 Comes
477 5156 773 5228 Rogerius
815 5159 876 5212 in
904 5165 1101 5214 monte
1164 5156 1538 5213 Calataxibet
1586 5155 1894 5210 castellum

982 5247 1148 5302 facit.

309 5407 773 5463 Famosissimus
793 5422 937 5479 ergo
952 5408 1168 5462 Siciliae
1190 5407 1555 5477 princeps,et
1576 5404 1898 5461 debellator

304 5567 456 5638 (188)
485 5567 548 5623 C.
581 5569 647 5621 P.
689 5568 982 5623 Tristomo
1009 5567 1229 5624 Barba.

2079 5562 2228 5633 (189)
2267 5560 2331 5616 C.
2373 5558 2439 5613 P.
2483 5556 2608 5613 Pro
2636 5553 2871 5629 ﬂagello
2904 5555 3005 5608 uti.
