4074 6150
444 252 599 319 1159

1212 257 1647 321 GAUFREDI
1680 206 2233 325 M-ALATERRIE
2259 259 2632 325 MONACHI
2663 259 3109 324 BENEDICT.

3694 268 3827 333 1160

443 453 2107 529 moreagendovictorefficitur,pluribusqueperemptis,
2144 442 2191 504 Α
2218 457 2480 512 vindicta
2522 458 2721 511 sanari
2764 457 3005 512 minime
3054 459 3305 527 poterat,
3363 460 3684 529 ampliorem
3722 464 3825 518 vin-

444 539 709 611 reliquos
741 542 1039 613 fugientes
1059 548 1357 598 extremos
1379 561 1647 616 quosque
1690 547 1750 599 in
1779 563 1938 601 mare
1976 563 2110 617 pro-

445 630 732 699 sequitur.
754 631 985 685 Mazara
1005 632 1175 687 ducis
1198 636 1540 688 Strenuitate
1558 636 1629 688 ab
1643 636 1814 689 hoste
1836 636 2103 705 eripitur.

443 715 864 772 Gemebundus
895 736 1097 774 rumor
1126 738 1158 774 a
1186 722 1392 791 paucis
1423 723 1521 792 qui
1553 726 1869 777 evaserunt
1892 723 2107 776 Africae

444 806 763 875 nuntiatur,
803 807 1010 879 sicque
1052 809 1319 864 rotabilis
1356 811 1587 865 fortuna
1620 812 1888 866 homines
1919 812 2107 881 primo

444 895 754 963 prosperis
784 898 1172 951 successibus
1200 899 1509 954 alludendo
1544 900 1770 955 illectos
1801 915 1907 971 spe
1946 900 2108 970 prio—

445 995 576 1035 rum
606 986 917 1038 eventuum
948 986 1227 1055 deceptos
1257 987 1406 1043 risit.

1095 1142 1346 1199 CAPUT
1384 1147 1456 1201 X.

612 1300 780 1372 Hugo
807 1302 881 1356 de
906 1293 1120 1359 Gircea
1143 1305 1293 1376 apud
1326 1305 1604 1361 Catenam
1637 1306 1943 1395 occiditur.

517 1458 731 1514 Comes
752 1477 915 1532 vero,
932 1464 1285 1534 quibusdam
1306 1467 1764 1521 necessitatibus
1785 1481 1850 1519 se
1873 1480 2120 1519 avocan-

448 1545 606 1601 tibus
628 1565 661 1602 a
692 1547 909 1619 Sicilia,
935 1567 1151 1607 versus
1172 1552 1503 1608 Calabriam
1521 1554 1887 1626 digrediens,
1915 1554 2117 1625 Hugo-

445 1649 581 1690 nem
610 1636 755 1707 (190)
788 1637 859 1690 de
876 1638 1126 1708 Gircaea,
1162 1643 1507 1712 cuipropter
1523 1644 1931 1697 strenuitatem
1944 1658 2117 1713 quam

448 1724 721 1793 habebat,
754 1741 887 1780 nam
930 1730 987 1781 ct
1028 1730 1300 1797 praeclari
1330 1732 1573 1801 generis
1618 1748 1649 1784 a
1688 1730 2118 1785 Cenomanensi

2219 548 2432 600 dictam
2463 550 2769 615 expetens,
2802 561 2993 616 usque
3042 547 3116 599 ad
3158 547 3514 615 provinciam
3553 549 3828 607 Notensem

2222 634 2544 705 profectus,
2596 635 2673 688 ita
2706 635 2899 688 omnia
2945 634 3351 689 exterminavit
3401 638 3459 689 ut
3496 638 3655 691 etiam
3698 640 3829 708 ipsas

2223 725 2725 793 messes,tempus
2757 723 2911 775 enim
2944 723 3171 776 triturae
3202 723 3474 793 instabat,
3505 726 3631 794 quia
3657 743 3831 796 aspor-

2230 810 2339 865 tari
2366 826 2485 865 non
2511 815 2797 881 poterant,
2830 811 3064 880 penitus
3096 812 3235 882 igne
3262 812 3671 882 combusserit;
3709 816 3831 884 quod

2228 900 2399 954 etiam
2418 900 2642 969 passim
2659 915 2766 969 per
2795 900 3032 953 diversa
3051 898 3183 953 loca
3199 898 3414 954 Siciliae
3432 900 3619 955 facere
3648 903 3832 958 addens

2225 989 2535 1042 maximam
2580 990 2905 1060 egestatem
2952 988 3086 1057 ipso
3126 1003 3276 1042 anno
3325 989 3516 1043 eidem
3557 990 3834 1045 insulaein-

2226 1076 2413 1131 cussit
2447 1091 2458 1130 :

2295 1165 2575 1221 Nascitur
2604 1180 2749 1236 ergo
2781 1164 2970 1218 fames
3000 1164 3138 1235 quia
3166 1163 3411 1219 sustulit
3440 1165 3576 1220 ultio
3602 1182 3779 1237 panes.

2864 1294 3117 1377 CAPUT
3147 1322 3248 1376 x1.

2358 1482 2608 1537 Trablas
2638 1482 2983 1537 obsessione
3015 1481 3089 1535 ad
3120 1481 3484 1536 deditionem
3515 1484 3740 1555 cogitur.

2226 1644 2395 1697 Anno
2429 1641 2608 1696 Verbi
2642 1640 2929 1694 Incarnati
2962 1643 3265 1694 transacto
3304 1640 3636 1710 millesimo,

2226 1731 2594 1801 Adjectoque
2625 1745 2808 1798 super
2836 1729 2994 1782 mille
3027 1729 3251 1798 septies
3283 1730 3614 1799 undecimo,

448 1814 751 1882 provincia
782 1820 929 1884 erat,
960 1819 1139 1870 totam
1164 1818 1311 1886 (191)
1338 1820 1690 1873 servandam
1724 1820 1981 1873 Siciliam
2012 1819 2117 1873 de-
2144 1815 2193 1877 Β
2227 1817 2677 1888 Expeditionem
2702 1820 2899 1870 movet
2932 1831 3134 1871 comes
3163 1832 3375 1870 mense
3405 1818 3613 1872 Madio.

448 1900 688 1972 legavit,
722 1902 1081 1957 interdicens
1113 1921 1205 1973 ne,
1241 1907 1294 1958 si
1331 1907 1670 1971 Bernarvet,
1714 1908 1851 1977 quia
1886 1908 2118 1961 vicinus

453 1988 569 2042 sibi
590 1987 904 2058 Syracusis
924 1993 1282 2063 morabatur,
1305 1994 1559 2065 aliquem
1582 1996 1887 2050 incursum
1905 2011 2118 2050 versus

451 2091 517 2130 se
549 2076 792 2147 faceret,
819 2079 1061 2134 callidas
1087 2080 1220 2150 ejus
1256 2084 1548 2137 versutias
1564 2099 1802 2150 cavens,
1828 2100 2121 2154 nusquam

450 2164 598 2218 urbe
620 2164 983 2236 digrediens,
1019 2168 1247 2223 hostem
1280 2176 1758 2242 persequeretur.
1806 2172 1921 2226 Sed
1947 2173 2121 2243 juve-

452 2252 590 2307 nilis
620 2253 852 2309 animus
883 2255 1085 2309 militia
1115 2256 1375 2328 fervens,
1402 2263 1457 2313 et
1488 2260 1680 2315 laudis
1713 2262 1939 2327 avidus,
1962 2261 2119 2331 quod

454 2340 571 2395 sibi
617 2341 990 2397 interdictum
1045 2351 1170 2399 erat
1214 2347 1411 2401 minus
1441 2364 1692 2403 servans
1746 2351 1817 2404 ad
1862 2350 1975 2404 hoc
2015 2349 2122 2403 niti

452 2428 839 2500 caepitutante
853 2432 1104 2486 reditum
1130 2436 1362 2489 comitis
1386 2437 1619 2507 aliquod
1648 2438 1841 2492 nobile
1866 2437 2114 2503 facinus,

449 2517 605 2571 unde
623 2518 935 2574 militarem
959 2521 1190 2576 laudem
1209 2526 2120 2596 mereretur,perpetraret.Unde

453 2607 509 2658 et
537 2605 807 2660 Trainam
838 2624 1029 2678 usque
1059 2613 1474 2683 progrediens,
1532 2614 1855 2668 Jordanum
1891 2613 2121 2668 comitis

450 2693 636 2746 ﬁlium
662 2710 794 2748 cum
810 2695 1080 2751 familiari
1099 2699 1301 2753 militia
1332 2701 1563 2755 comitis
1597 2718 1802 2756 secum
1846 2688 2121 2755 Catenam

452 2780 711 2836 adduxit.
732 2784 916 2838 Porro
938 2784 1280 2857 Bernarvet,
1304 2805 1519 2860 magno
1541 2790 1860 2845 electorum
1875 2789 2121 2843 militum

453 2870 715 2924 exercitu
738 2878 1100 2945 congregato
1122 2874 1192 2929 de
1211 2881 1379 2931 nocte
1398 2879 1712 2947 accedens,
1742 2878 1897 2932 haud
1918 2880 2123 2948 procul

452 2974 485 3012 a
505 2957 720 3013 Catena
740 2960 799 3013 in
827 2961 1040 3016 abditis
1070 2963 1218 3018 locis
1237 2965 1472 3020 insidiis
1493 2967 1839 3036 occultatur,
1885 2968 2125 3038 triginta

451 3047 738 3103 militibus
756 3049 1028 3105 Catenam
1053 3068 1242 3124 usque
1272 3056 1604 3123 praemissis
1636 3058 1734 3126 qui
1766 3073 1871 3111 eos
1902 3057 1973 3110 ad
1998 3072 2120 3111 cer-

450 3140 644 3192 tamen
664 3140 948 3194 excitatos
976 3142 1212 3213 longius
1231 3143 1303 3197 ab
1326 3146 1471 3199 urbe
1491 3145 1920 3214 protraherent.
1949 3144 2122 3215 Hugo
2147 3165 2196 3226 ο

2228 1909 2428 1961 Naves
2462 1905 2591 1958 vela
2619 1904 2756 1959 dant
2786 1920 2893 1974 per
2924 1919 3131 1975 aequor
3162 1903 3529 1976 suffragante
3561 1906 3785 1975 zephiro.

2226 1996 2376 2049 ASra
2405 1994 2645 2062 sonant,
2675 1993 3046 2062 buccinando
3077 1996 3297 2062 pontus
3331 1992 3555 2062 plaudit
3573 1994 3758 2064 jubilo.

2226 2083 2455 2140 Classis
2502 2082 2699 2153 magni
2730 2082 3054 2135 Alexandri
3086 2097 3204 2135 non
3233 2080 3388 2150 (192)
3438 2082 3545 2136 hac
3573 2084 3837 2152 pulchrior.

2228 2174 2390 2226 Aura
2419 2170 2570 2225 ridet
2601 2185 2733 2225 cum
2764 2169 3018 2238 fortuna,
3050 2168 3243 2239 pubes
3275 2170 3497 2241 gaudet
3526 2170 3733 2224 bellica.

2228 2260 2582 2314 Citharizant
2609 2259 2683 2313 ad
2717 2259 2831 2313 hoc
2860 2258 3036 2327 docti,
3071 2261 3358 2312 resonant
3390 2265 3447 2312 et
3476 2260 3739 2328 tympana.

2231 2349 2477 2404 Trablas
2533 2346 2683 2417 (193)
2737 2362 2882 2418 ergo
2937 2348 3364 2417 oppugnatum,
3426 2347 3509 2400 nil
3564 2348 3842 2401 tumescunt

3610 2434 3839 2507 [aequora

2229 2525 2345 2580 Sed
2376 2525 2740 2580 transcendit
2763 2525 3031 2595 equitatu
3060 2538 3264 2577 comes
3294 2523 3495 2578 fronte
3513 2523 3722 2591 bellica,

2232 2614 2511 2668 Montium
2546 2614 3002 2683 scopulosorum
3029 2612 3145 2665 ima
3173 2612 3306 2666 sive
3340 2612 3547 2679 ardua,

2231 2702 2543 2756 Bellicosae
2564 2701 2901 2771 juventutis
2932 2700 3112 2755 multa
3142 2700 3331 2754 fultus
3364 2701 3551 2770 cepia.

2231 2791 2483 2861 Clypeos
2516 2806 2659 2844 auro
2689 2789 3008 2861 fulgentes,
3044 2792 3101 2843 et
3140 2788 3528 2858 splendentes
3556 2788 3738 2860 galeas

2229 2879 2329 2934 Sol
2361 2894 2495 2932 cum
2525 2878 2732 2948 tangit,
2766 2880 3095 2931 intuentum
3124 2876 3316 2930 aciem
3349 2876 3697 2930 reverberat.

2233 2968 2462 3021 Montes
2489 2981 2696 3020 omnes
2719 2966 3145 3034 splendescunt
3174 2979 3362 3034 super
3389 2965 3548 3018 clara
3576 2963 3764 3017 sidera.

2231 3056 2381 3126 Equi
2429 3055 2704 3123 fremunt,
2748 3054 2887 3107 dant
2929 3053 3215 3120 hinnitus,
3246 3068 3425 3124 aeque
3474 3051 3617 3121 (194)
3660 3051 3845 3105 montes

3574 3138 3842 3211 [resonant

451 3242 597 3281 vero
616 3229 674 3281 et
704 3228 1021 3300 Jordanus,
1044 3230 1245 3284 militia
1277 3232 1596 3301 ferventes,
1639 3248 1784 3287 suos
1830 3232 1900 3286 ad
1932 3237 2124 3287 certa-
2233 3232 2409 3300 Mille,
2445 3232 2618 3285 ﬂante
2647 3246 2789 3284 aura
2818 3229 2954 3299 levi,
2979 3229 3194 3283 vexilla
3226 3228 3643 3284 subventilant.

455 3329 589 3369 men
621 3315 1005 3388 cohortando,
1067 3320 1214 3373 urbe
1248 3336 1379 3373 cum
1410 3336 1624 3391 magno
1656 3321 1875 3391 impetu
1931 3322 2123 3392 digre-

449 3402 722 3470 diuntur;
754 3405 1112 3477 trigintaque
1130 3408 1355 3461 electos
1387 3407 1604 3462 milites
1642 3409 1890 3462 insidias
1913 3424 2124 3478 specu-

449 3489 631 3545 latum
661 3492 979 3559 mittentes,
1014 3493 1132 3562 ipsi
1166 3494 1459 3548 incautius
1491 3494 1723 3565 insequi
1774 3496 2121 3550 accelerant.

451 3578 639 3633 Porro
671 3580 1040 3648 speculatum
1068 3583 1543 3650 praecedentibus
1565 3584 1757 3637 locum
1780 3583 2128 3639 insidiarum

449 3668 843 3739 transgressi,
876 3668 1013 3723 dum
1047 3685 1080 3723 a
1111 3669 1618 3743 subsequentibus
1648 3688 1842 3743 usque
1871 3686 2127 3743 perven-

450 3757 575 3809 tum
630 3758 742 3825 est,
794 3756 899 3827 illi,
933 3758 1005 3812 ab
1036 3758 1272 3814 insidiis
1321 3764 1793 3831 prorumpentes,
1852 3761 2127 3816 hostibus

451 3841 722 3898 horribili
735 3845 968 3901 turbine
982 3847 1318 3919 insurgunt.
1338 3849 1535 3920 Itaque
1549 3850 1648 3921 qui
1670 3854 2124 3921 praecesserant,

452 3931 705 3987 insidias
735 3948 769 3986 a
799 3935 969 4005 tergo
1003 3926 1292 4006 videntes,
1313 3952 1424 3991 nec
1451 3937 1524 3991 ad
1545 3953 1709 4006 suos,
1736 3938 2011 3993 hostibus
2042 3939 2129 3993 in-

452 4021 780 4091 terpositis,
841 4024 1078 4094 regredi
1121 4040 1325 4095 posse,
1388 4025 1797 4081 Paternionem
1831 4027 2127 4098 fugientes

459 4109 734 4164 evadunt.
769 4110 975 4165 Nostri
1004 4128 1145 4167 vero
1178 4114 1314 4167 dum
1347 4114 1576 4170 fortiter
1623 4116 1907 4186 congredi
1937 4116 2129 4169 nitun-

458 4201 573 4269 tur,
610 4198 788 4271 Hugo
834 4200 1066 4255 comitis
1121 4218 1306 4272 gener
1334 4219 1465 4256 cum
1494 4204 1768 4273 pluribus
1821 4204 2127 4272 occiditur,

457 4284 757 4342 Jordanus
790 4291 1003 4359 autem,
1039 4290 1243 4345 hostes
1268 4292 1427 4346 ferre
1452 4307 1569 4346 non
1589 4293 1815 4361 valens,
1838 4308 1969 4346 cum
1991 4307 2155 4366 pau-‘

461 4376 549 4430 cis
579 4375 857 4431 Catanam
886 4377 1157 4433 elabitur.
1189 4380 1513 4435 Bernarvet
1553 4380 1725 4435 laetus
1758 4397 1890 4435 cum
1922 4381 2131 4451 spoliis

460 4463 843 4536 Syracusiam
871 4468 1226 4539 regreditur.
1250 4468 1464 4525 Comes
1481 4469 1675 4540 itaque
1696 4485 1994 4524 rumorem
2024 4470 2128 4524 hu-

451 4552 795 4624 juscemodi
807 4570 914 4625 per
925 4557 1563 4629 legatumcognoscens
1578 4559 1828 4614 reditum
1842 4559 2135 4613 accelerat

460 4642 1152 4714 exercituqueadversus
1176 4632 1498 4701 Bernarvet
1515 4650 1825 4715 commoto,
1845 4650 2127 4715 castrum,

459 4731 619 4802 quod
641 4732 836 4787 Zotica
868 4733 1189 4804 dicebatur,
1224 4750 1575 4806 oppugnans
1621 4734 1887 4790 funditus
1930 4735 2126 4803 diruit,

458 4820 626 4876 viros
656 4821 907 4892 perimit,
960 4822 1209 4878 feminas
1260 4838 1391 4878 cum
1441 4824 1647 4895 pueris
1703 4825 1764 4877 in
1807 4823 2135 4879 Calabriam

460 4909 763 4965 venditum
813 4911 1001 4982 mittit,
1053 4927 1206 4967 anno
1239 4912 1530 4967 Incarnati
1580 4912 1760 4968 Verbi
1813 4912 1967 4966 10⁵76.
2017 4912 2134 4966 Sed

464 5000 604 5070 quia
634 4998 868 5055 animus
898 5001 1205 5071 principis,
1240 5001 1442 5057 dolore
1471 5002 1676 5073 generi
1715 5000 2028 5070 interfecti,
2062 5000 2135 5054 ad

461 5089 678 5144 mentis
726 5088 1188 5146 debiﬁtationem
1240 5105 1391 5161 pene
1445 5091 1701 5145 infectus
1756 5090 1874 5144 nisi
1926 5089 2137 5161 majori

536 5260 683 5341 (.499)
722 5266 786 5341 (Ξο
822 5268 884 5323 P-
918 5268 1174 5341 Hugoni-

538 5330 704 5413 (.1911).
729 5335 868 5391 Cum
894 5330 1141 5413 minusue
1164 5341 1238 5397 de
1254 5341 1450 5413 priori
1469 5355 1652 5397 uxore
1668 5339 1934 5396 Catinam
1957 5338 2139 5395 dede-

466 5406 584 5475 rat,
601 5405 815 5475 lotam,
852 5412 961 5464 etc.

539 5469 687 5615 (192)
725 5469 886 5533 Ο.Ῥ.
928 5478 1088 5533 Fuit.

563 5540 688 5615 193)
725 5543 867 5602 Itur.

563 5540 688 5620 193)
725 5543 867 5602 1m.

2151 4517 2202 4578 D

2238 3320 2493 3376 Horrido
2540 3321 2783 3389 aspectu
2827 3319 2974 3372 satis
3006 3333 3223 3373 versus
3274 3318 3526 3372 Trablas
3561 3313 3843 3386 properant.

2241 3410 2461 3471 Hostes
2517 3408 2735 3476 vident,
2781 3405 3219 3462 exhorrescunt
3260 3406 3419 3461 hanc
3452 3419 3731 3489 armorum
3765 3414 3845 3454 ne-

3652 3488 3842 3562 [bulam

2239 3585 2420 3639 Terra
2450 3586 2626 3654 ponto
2657 3584 2871 3639 sonant
2899 3583 3078 3652 tubae,
3110 3584 3175 3637 ut
3203 3584 3427 3636 metum
3458 3580 3737 3636 incutiant.

2236 3672 2474 3729 Clamor
2497 3688 2687 3743 usque
2709 3672 2923 3728 cmlum
2942 3671 3159 3743 pulsat;
3184 3670 3396 3725 hostes
3417 3670 3568 3723 infra
3589 3665 3845 3737 trepidant:

2240 3762 2464 3817 Urbem
2511 3761 2728 3815 vallant
2770 3760 2919 3831 (195)
2978 3760 3442 3831 circumquaque
3498 3769 3738 3828 aequore,
3776 3748 3846 3805 vel

3680 3839 3845 3907 (arida.

2239 3938 2448 3993 Nautes
2488 3938 2638 3993 velis
2671 3935 3116 4005 obumbrantur,
3162 3940 3343 3990 terrae
3373 3934 3559 4005 ﬁgunt
3583 3928 3846 3985 anchoras.

2238 4027 2512 4098 Equitum
2543 4042 2682 4096 pars
2726 4025 2954 4081 frontes
2991 4024 3183 4093 cmdit,
3220 4038 3362 4093 pars
3417 4022 3602 4094 ﬁgunt
3623 4014 3847 4073 tentoria.

2239 4115 2460 4170 Crebro
2492 4119 2736 4169 currunt
2778 4114 2852 4168 ad
2882 4117 3198 4181 certamen,
3238 4112 3471 4167 fortiter
3498 4103 3847 4178 congreditur.

2241 4205 2447 4259 Hostis
2461 4204 2633 4258 nisus
2651 4201 3328 4274 repugnare,plurimum
3351 4189 3847 4260 concluditur(196).

2238 4292 2448 4347 Castro
2487 4292 2682 4346 luctus
2712 4294 2849 4361 post
2878 4292 3199 4359 certamen,
3238 4288 3464 4342 nostris
3494 4288 3614 4356 lyra
3639 4280 3849 4336 additur.

2240 4382 2463 4436 Hostes
2492 4380 2722 4434 viribus
2753 4378 2935 4432 difﬁsi
2964 4378 3201 4432 tandem
3232 4392 3439 4447 pacem
3471 4372 3741 4444 expetunt.

2238 4470 2405 4525 Cedit
2434 4484 2656 4537 comes,
2690 4470 2949 4523 castrum
2977 4466 3231 4521 reddunt
3259 4465 3410 4535 (197)
3455 4462 3718 4593 ditionem(
3738 4452 3847 4593 subt-

3721 4558 3812 4593 61111
3834 4580 3843 4591 .

3702 4546 3843 4614 (eunt.

2243 4646 2629 4702 Foederantur
2655 4659 2820 4699 more
2850 4659 2981 4711 suo,
3015 4643 3123 4697 sed
3149 4641 3416 4696 dolentes
3446 4637 3674 4693 faciunt.

2314 4733 2404 4788 Ab
2436 4733 2545 4787 hac
2569 4732 2772 4787 eadem
2793 4730 2939 4786 urbe
2963 4729 3223 4784 strictior
3244 4727 3416 4783 sinus
3444 4728 3612 4781 terrae
3631 4719 3696 4775 ab
3715 4718 3843 4772 utro-

2245 4838 2358 4895 que
2397 4822 2577 4876 latere
2623 4819 2770 4874 mari
2821 4818 2969 4887 (198)
3016 4820 3285 4888 urgente,
3340 4814 3574 4886 longius
3626 4811 3679 4862 in
3717 4814 3842 4895 mare

2250 4890 2594 4982 porrigitur,
2613 4907 2855 4978 pascuis
2873 4905 3193 4960 uberrimis
3206 4898 3617 4959 abundansti
3633 4890 3840 4950 armenta

2248 5003 2304 5055 et
2334 5002 2545 5055 caetera
2566 4998 2734 5052 urbis
2753 4995 3024 5051 animalia
3052 4994 3275 5049 hostilii
3307 4983 3718 5062 temporepasci
3742 4990 3843 5033 con-

2249 5089 2706 5158 sueverant,quo
2720 5101 2852 5140 cum
2869 5100 2946 5139 ex
2966 5099 3128 5139 more
3138 5079 3660 5154 prepterinstantes
3677 5069 3841 5125 hostes

2319 5264 2465 5335 (194)
2495 5262 2683 5335 Epilo-

2320 5330 2467 5403 (195)
2507 5333 2668 5389 Urbs
2701 5330 2974 5386 valletur.

2316 5405 2466 5473 (196)
2499 5403 2834 5459 Colliditur.

2296 5476 2466 5545 ,(197)
2497 5474 2748 5530 Ditioni.

2316 5479 2472 5617 ita?)
2497 5479 2695 5601 $31.1"
