4074 6150
189 339 312 402 1161
1235 327 1632 391 HISTORIA
1672 312 1990 392 SICULA.
2025 358 2101 376 —
2131 326 2287 390 LIB.
2336 328 2442 391 III.
3389 328 3546 393 1162

159 537 320 591 diatim
338 531 565 600 exirent,
587 528 797 598 nostri,
817 527 987 582 brevi
1009 526 1509 596 sinuinterposito
1526 522 1764 593 conspi—
1793 508 1852 582 ι
1882 520 2062 575 liores
2094 522 2393 577 reddebat.
2420 523 2528 578 Hic
2560 525 2810 595 quadam
2833 526 2926 581 die
2958 542 3089 581 cum
3121 527 3542 584 molendinario

159 626 360 689 cientes,
385 621 692 690 cceperunt,
715 623 774 672 ut
799 618 857 670 in
878 616 978 671 tali
1001 619 1177 688 gente
1199 615 1445 684 assolet,
1463 613 1765 681 aviditate,
1886 626 1994 664 suo
2025 609 2228 681 iratus,
2265 616 2397 666 ante
2430 628 2496 667 se
2530 613 2785 667 invitans
2817 615 3168 669 verberibus
3188 616 3540 686 deturpavit.

158 713 198 766 si
217 711 383 780 aliquo
403 712 528 762 astu
545 707 774 777 queant,
796 703 1167 775 adipiscendi
1200 703 1431 775 agitari.
1468 701 1768 756 Jordanus
1884 698 2071 753 Porro
2095 699 2190 753 ille
2224 717 2288 754 se
2309 702 2455 756 adeo
2488 719 2669 774 grave
2694 703 2848 757 ferre
2883 704 3292 771 dissimulans,
3326 706 3385 759 in
3417 705 3541 759 vin-

164 800 291 853 ﬁlius
317 796 551 864 comitis,
584 794 653 848 ad
681 794 740 847 id
775 793 1000 866 negotii
1031 792 1354 864 peragendi
1382 790 1763 844 intentionem
1884 786 2097 841 dictam
2148 790 2319 843 tantae
2373 791 2877 847 dehonestationis
2920 794 3176 847 animum
3209 794 3540 862 intendens,

161 887 342 942 certius
388 898 701 955 apponens,
755 885 818 936 ut
862 883 1014 936 hanc
1045 882 1162 935 sibi
1194 882 1406 935 famam
1439 877 1773 932 militariter
1884 890 2086 930 secum
2148 879 2358 932 tacitus
2401 879 2613 950 agebat
2644 882 2861 951 quibus
2895 882 3122 937 artibus
3181 882 3275 936 vel
3334 881 3543 935 damno

160 992 258 1047 prze
284 974 497 1028 czeteris
529 972 858 1042 acquireret
887 971 1126 1043 agebat.
1155 970 1418 1023 Tandem
1460 968 1676 1037 itaque,
1709 967 1771 1019 ut
1885 982 2080 1018 l‘L“.'II‘.LL
2103 983 2362 1037 suarum,
2388 970 2659 1023 autcerte
2682 970 2926 1024 laesione
2950 971 3221 1039 corporis
3252 970 3547 1025 vicissitu-

158 1066 257 1117 erat
300 1064 381 1115 vir
422 1060 1110 1131 praesumptuosissimus
1170 1062 1227 1113 et
1280 1057 1473 1111 laudis
1535 1054 1765 1122 avidus,
1886 1053 2079 1107 dinem
2140 1059 2635 1126 recampensaret.
2699 1058 2866 1111 Unde
2922 1058 3135 1112 accidit
3190 1060 3253 1112 ut
3291 1059 3547 1129 quodam

158 1167 263 1206 cum
290 1150 393 1204 sibi
423 1149 812 1203 familiaribus
844 1148 1097 1203 consilio
1131 1146 1352 1215 habito,
1387 1144 1639 1216 quodam
1669 1156 1769 1195 ve-
1887 1158 2143 1212 vespere,
2170 1144 2241 1198 de
2272 1144 2721 1215 subjacentibus
2754 1147 3072 1216 complices
3112 1146 3229 1201 sibi
3269 1147 3543 1218 alligans,

158 1254 299 1307 spere
327 1240 546 1292 centum
577 1237 693 1292 sibi
723 1236 940 1290 milites
973 1236 1227 1306 eligens,
1252 1237 1417 1304 patre
1436 1229 1769 1286 inconsulto
1887 1235 2107 1300 petram
2140 1233 2469 1303 quamdam,
2503 1250 2635 1304 quae
2667 1238 2825 1289 omni
2857 1239 3049 1290 castro
3069 1237 3548 1306 supereminebat

154 1340 302 1380 naves
354 1325 632 1396 ascendit,
681 1326 751 1380 de
781 1328 951 1379 nocte
982 1324 1237 1378 insulam
1266 1321 1552 1392 pervadit,
1584 1318 1771 1388 appli-
1888 1320 1944 1371 et
1990 1318 2411 1388 dominabatur,
2448 1322 2783 1392 irrumpens
2813 1323 3136 1393 pervadere
3167 1324 3546 1395 legatumque

154 1430 269 1468 cans
321 1414 560 1468 navibus
611 1414 983 1486 digreditur;
1014 1413 1071 1466 in
1103 1412 1467 1468 concavitate
1522 1407 1773 1479 quadam
1888 1408 2040 1475 apud
2064 1408 2293 1463 Bricam
2325 1411 2519 1464 comiti
2546 1412 2801 1483 mittens,
2836 1412 2895 1464 in
2922 1428 3030 1466 sua
3061 1411 3337 1466 ﬁdelitate
3370 1428 3436 1467 se
3468 1411 3548 1465 ita

154 1502 261 1572 ejus
287 1502 505 1571 insulae,
540 1505 858 1573 antequam
889 1501 1250 1571 illuscescat,
1286 1495 1774 1555 occultaturinsi-
1888 1495 2091 1565 egisse
2123 1500 2176 1551 et
2206 1500 2269 1551 ut
2299 1497 2415 1552 sibi
2448 1514 2799 1554 succurrere
2831 1500 3119 1555 acceleret
3141 1500 3392 1555 mandat.
3420 1500 3547 1555 Hoc

155 1590 264 1644 diis.
310 1592 375 1645 At
415 1593 513 1646 ubi
545 1595 720 1646 nocte
771 1592 1083 1646 recedente
1130 1589 1222 1644 sol
1268 1588 1558 1643 irradians
1600 1585 1776 1640 terris
1887 1585 2089 1638 nuntio
2130 1601 2330 1640 comes
2362 1590 2601 1657 accepto
2631 1588 2946 1657 plurimum
2977 1589 3360 1659 exhilaratus,
3414 1604 3549 1643 cum

152 1678 327 1749 illuxit,
357 1683 471 1735 tota
501 1680 715 1734 civitas
748 1680 1031 1750 praedicta
1062 1676 1211 1748 (199)
1243 1693 1317 1732 ex
1346 1690 1508 1731 more
1536 1675 1683 1728 urbe
1702 1673 1780 1727 di-
1887 1674 2122 1744 quantis
2154 1673 2372 1729 habere
2403 1679 2628 1745 poterat
2646 1676 2973 1731 citissimus
2993 1677 3263 1731 illorsum
3281 1677 3545 1732 intendit.

160 1768 400 1837 grediens
446 1770 734 1838 pascendi
765 1769 955 1841 gratia
988 1768 1177 1837 ipsam
1226 1765 1478 1819 insulam
1521 1761 1780 1834 sparsim
1886 1762 2071 1817 Porro
2104 1763 2339 1817 Bechus
2372 1765 2863 1819 molendinarium
2894 1765 3195 1820 blanditiis
3216 1768 3272 1820 et
3291 1767 3550 1835 promis-

150 1861 500 1928 praaoccupat.
538 1858 727 1913 Porro
762 1856 1085 1924 Jordanus,
1120 1853 1223 1909 ubi
1244 1854 1303 1907 in
1326 1851 1561 1907 insidiis
1593 1847 1783 1905 occul-
1810 1884 1867 1949 Β
1892 1851 2183 1921 sionibus,
2217 1854 2280 1906 ut
2301 1853 2371 1906 ab
2396 1852 2649 1923 incmpto
2672 1853 2987 1923 resipiscat
3017 1854 3135 1909 sibi
3165 1855 3553 1910 reconciliare

147 1944 343 1998 tabatur
367 1946 630 2014 praedam
662 1946 905 2017 longius
939 1945 1011 1998 ab
1051 1943 1198 1997 urbe
1219 1955 1612 2014 progressam
1636 1952 1783 1991 con-
1811 1939 1863 1949 ⁷
1891 1939 2029 1994 dum
2058 1940 2254 1994 minus
2286 1941 2585 2011 praevalet,
2613 1940 2840 1996 frustra
2861 1959 3205 2015 oppugnare
3234 1943 3550 1998 nitebatur.

149 2033 395 2104 spiciens,
431 2035 653 2105 impetu
684 2034 921 2089 leonino
954 2049 986 2087 a
1018 2033 1150 2087 loco
1180 2030 1466 2101 prorupit,
1502 2042 1693 2099 usque
1721 2024 1784 2079 in
1891 2029 2104 2083 Comes
2136 2045 2278 2084 vero
2324 2030 2648 2085 adventans
2692 2031 2936 2101 propius
2993 2032 3235 2099 accedit,
3272 2031 3555 2088 molendi-

149 2124 342 2187 portam
385 2123 551 2177 urbis
592 2123 863 2194 praedam
904 2121 1197 2192 colligens
1227 2118 1480 2189 prosilit,
1532 2114 1785 2169 navibus
1892 2117 2123 2172 narium
2155 2119 2539 2188 amplissimis
2567 2120 3144 2188 promissionibusin
3167 2121 3261 2175 sui
3280 2121 3555 2176 ﬁdelitate

146 2207 599 2265 introducendam
649 2212 924 2266 illorsum
980 2209 1204 2262 minare
1253 2205 1561 2261 accelerat.
1610 2202 1786 2257 Cives

148 2296 332 2369 itaque,
377 2300 633 2354 insulam
676 2302 981 2370 insperato
1012 2297 1291 2351 hostibus
1342 2309 1653 2365 pervasam
1700 2290 1787 2343 vi-

146 2383 342 2457 dentes,
392 2388 449 2442 in
502 2404 669 2443 arma
703 2390 900 2458 ruunt,
934 2387 1188 2441 maximo
1220 2385 1459 2454 impetu,
1492 2397 1683 2452 usque
1716 2380 1789 2433 ad

148 2472 323 2528 decem
350 2477 531 2531 millia
563 2479 637 2533 ab
670 2477 825 2531 urbe
851 2475 1261 2546 prorumpunt,
1286 2473 1512 2541 hostes,
1548 2474 1610 2524 ut
1638 2485 1788 2539 prae-

151 2558 261 2613 dam
288 2564 604 2634 excutiant,
647 2561 987 2617 inconsulte
1017 2560 1478 2630 prosequuntur.
1512 2557 1661 2609 Nam
1689 2554 1790 2609 ubi

140 2646 405 2705 Jordanus
448 2651 703 2723 longius
738 2651 809 2705 ab
842 2650 988 2704 urbe
1039 2664 1144 2703 eos
1200 2661 1563 2719 progressos
1609 2644 1790 2714 videt,

148 2741 321 2804 spreta
348 2740 574 2811 praeda,
609 2740 896 2795 hostibus
918 2738 1153 2792 leonina
1178 2736 1483 2791 ferocitate
1515 2732 1791 2803 occurrit,

145 2840 573 2901 congressuque
627 2830 810 2899 facto,
855 2826 1140 2882 acerrime
1172 2825 1445 2895 utrinque
1476 2824 1792 2892 pugnatur.

143 2911 241 2967 Sed
269 2916 587 2989 Jordanus,
623 2920 690 2972 ut
723 2918 850 2971 erat
878 2917 937 2970 in
969 2913 1402 2986 congressibus
1433 2908 1798 2966 fecundissi-

143 3016 274 3074 mus,
321 3021 469 3061 suos
521 3006 737 3061 verbis
770 3004 1191 3060 exhortatoriis
1220 3000 1619 3072 promptiores
1661 2997 1799 3051 red-

141 3090 289 3161 dens,
320 3094 562 3150 fortiter
588 3094 827 3168 agendo
843 3093 1047 3164 plures
1072 3091 1301 3160 sternit,
1325 3090 1587 3158 reliquos
1610 3085 1797 3157 fugat,

139 3180 308 3236 victor
347 3183 643 3254 efﬁcitur,
678 3197 954 3254 quosque
987 3179 1268 3236 caedendo
1312 3192 1504 3248 usque
1558 3176 1617 3229 in
1660 3190 1801 3245 por-

281 3235 294 3236 νγ
687 3235 944 3254 τη-ιη
1407 3235 1428 3248 .
1660 3235 1681 3245 -

140 3271 237 3323 tam
265 3273 432 3327 urbis
464 3274 888 3343 prosequitur,
925 3271 1132 3341 sicque
1154 3269 1226 3322 ad
1249 3282 1432 3322 naves
1451 3264 1802 3336 regrediens
1839 3235 1895 3302 ο

133 3360 362 3415 maxima
418 3363 647 3433 praeda
676 3361 946 3415 laetanter
975 3356 1123 3429 (200)
1164 3355 1516 3423 introducta,
1577 3354 1648 3407 ad
1697 3368 1805 3423 pa-

131 3450 263 3502 trem
312 3451 560 3521 impune
608 3466 754 3506 cum
783 3446 1328 3517 triumphali’laude
1359 3444 1528 3499 redit.
1566 3442 1689 3496 Hac
1739 3456 1805 3495 re

136 3537 264 3592 urbs
292 3541 469 3610 quasi
502 3540 775 3594 maxime
806 3537 1011 3592 territa
1041 3536 1113 3589 ad
1144 3534 1525 3602 deditionem,
1558 3534 1620 3585 ut
1654 3530 1806 3584 dixi-

131 3640 268 3697 mus,
321 3629 660 3699 compulsa
704 3628 815 3681 est.
871 3623 1085 3680 Comes
1118 3622 1317 3693 itaque
1363 3622 1571 3676 urbem
1600 3621 1809 3674 nactus

129 3728 226 3782 pro
254 3715 426 3772 libitu
457 3734 579 3772 suo
615 3718 820 3769 castro
854 3716 909 3768 et
941 3711 1178 3767 caeteris
1207 3710 1633 3764 munitionibus
1656 3707 1809 3762 ordi-

126 3806 233 3873 nat,
288 3806 597 3861 militibus
636 3806 696 3858 et
726 3819 858 3875 quae
889 3802 963 3856 iis
994 3799 1337 3856 necessaria
1390 3801 1555 3853 erant
1603 3796 1810 3865 munit,

126 3892 383 3949 turribus
440 3898 503 3950 et
562 3891 1044 3966 propugnaculis
1095 3889 1350 3959 undique
1390 3886 1638 3940 vellens.
1698 3884 1814 3938 Sed

128 3982 381 4055 undique
399 3984 476 4039 ad
478 3984 714 4056 jacens
726 3977 1404 4052 provincia,ﬁrmissime
1423 3974 1816 4042 circumsepta

129 4073 537 4127 munitissima
575 4072 712 4126 erat
741 4071 801 4124 et
833 4068 963 4122 ideo
996 4067 1188 4121 adhuc
1219 4064 1605 4120 recalcitrans
1633 4060 1819 4117 rebel-

123 4153 213 4212 lat.
247 4157 478 4215 Comes
514 4158 757 4213 laboris
814 4155 1162 4210 indeficiens
1195 4153 1426 4208 crebris
1460 4150 1817 4206 incursioni-

124 4245 251 4316 bus,
286 4251 352 4302 ut
373 4249 506 4303 sibi
531 4246 744 4305 omnia
766 4245 1128 4312 substernat,
1154 4242 1435 4296 infestare
1456 4240 1819 4312 aggreditur,

1894 2206 2120 2277 arrigit.
2173 2206 2274 2260 Ille
2310 2222 2443 2260 cum
2473 2207 2629 2260 nulla
2663 2223 2737 2261 ex
2764 2211 2927 2278 parte
2959 2209 3151 2262 aditus
3182 2208 3256 2262 ad
3284 2224 3351 2263 se
3382 2223 3556 2263 acce-

1895 2295 2309 2349 dendinostris
2326 2298 2569 2365 pateret,
2586 2296 2724 2351 fune
2746 2297 2940 2351 oblato
2963 2297 3245 2365 demisso,
3268 2297 3559 2367 quosdam

1896 2385 2236 2437 nostrorum
2267 2383 2340 2436 ad
2369 2399 2436 2437 se
2467 2384 2770 2454 pertrahit.
2829 2384 3066 2438 Bechus
3118 2385 3315 2454 itaque
3346 2384 3557 2440 videns

1900 2475 2141 2526 nostros
2172 2488 2204 2525 a
2234 2471 2656 2526 molendinario
2679 2472 2828 2526 infra
2848 2475 3070 2544 petram
3090 2476 3428 2545 susceptos,
3452 2488 3558 2544 spe

1902 2560 2190 2616 retinendi
2223 2561 2401 2614 castri
2432 2562 2655 2615 amissa
2675 2562 2935 2628 territus,
2972 2564 3165 2617 castro
3200 2564 3419 2633 spreto,
3440 2578 3560 2616 om-

1906 2652 1999 2705 nia
2020 2666 2152 2721 quae
2170 2652 2396 2720 poterat
2417 2652 2729 2721 asportans
2751 2649 3000 2722 aufugit,
3018 2651 3180 2705 cives
3195 2667 3328 2706 cum
3350 2650 3563 2706 comite

1905 2756 2111 2811 pacem
2151 2735 2435 2793 facientes
2492 2739 2645 2793 infra
2703 2742 2962 2794 castrum
3002 2740 3315 2811 recipiunt.
3348 2738 3562 2795 Comes

1907 2846 2050 2885 vero
2073 2829 2161 2883 sic
2185 2831 2379 2883 castro
2408 2828 2625 2898 potitus
2648 2844 2753 2898 pro
2777 2829 2925 2883 velle
2960 2844 3071 2898 que
3103 2830 3373 2883 muniens
3404 2829 3565 2884 ordi-

1907 2922 2005 2973 nat
2060 2917 2568 2986 molendinarium,
2602 2920 2663 2971 ut
2694 2918 2948 2987 caeteris,
3007 2918 3080 2971 ad
3128 2918 3357 2972 similes
3398 2921 3566 2972 actus

1909 3007 2327 3078 exsequendos
2359 3007 2689 3076 exemplum
2740 3005 2980 3076 tribuat,
3011 3006 3281 3075 pluribus
3318 3005 3567 3062 benefa-

1910 3096 2043 3167 ctis,
2074 3095 2343 3150 libertate
2375 3094 2550 3148 etiam
2581 3108 2872 3148 concessa
2900 3097 3253 3149 remunerat.

2518 3182 2768 3237 CAPUT
2800 3182 2952 3237 XIII.

2144 3271 2410 3327 Michael
2434 3272 2761 3343 imperator
2790 3272 2865 3326 ad
2893 3272 3097 3327 ducem
3135 3273 3318 3327 venit.

1987 3361 2208 3418 Eodem
2227 3377 2378 3416 anno
2401 3360 2645 3414 Graecus
2667 3360 2904 3431 quidam
2927 3361 3038 3415 sub
3061 3362 3295 3416 nomine
3316 3360 3571 3416 Michae-

1914 3452 1990 3507 lis
2050 3450 2421 3521 imperatoris
2476 3449 3125 3521 Constantinopolitani,
3173 3451 3245 3504 ad
3276 3451 3484 3505 ducem
3514 3449 3577 3504 iu

1918 3542 2188 3611 Apuliam
2214 3541 2387 3608 venit,
2413 3538 2695 3593 auxilium
2714 3542 2994 3609 expetens
3015 3540 3082 3592 ad
3109 3540 3387 3609 palatium
3406 3537 3575 3610 (201),

1922 3647 1954 3684 a
2010 3646 2146 3702 quo,
2204 3631 2267 3683 ut
2323 3628 2574 3697 dicebat,
2620 3627 2826 3681 fraude
2860 3644 3124 3699 suorum,
3159 3630 3220 3682 in
3251 3630 3343 3683 die
3376 3630 3581 3683 sancto

1870 3748 1871 3751 η
1923 3721 2252 3775 Parasceve
2285 3716 2554 3787 dejectus
2586 3715 2793 3785 fuerat,
2828 3718 3271 3788 monachusque
3301 3718 3587 3773 violenter

1923 3808 2048 3862 fieri
2075 3803 2420 3873 compulsus
2441 3802 2551 3856 hoc
2566 3802 2695 3856 solo
2711 3803 2953 3858 crimine
2978 3804 3211 3875 objecto
3227 3806 3380 3875 quod
3407 3806 3589 3858 filiam

1929 3895 2099 3951 ducis
2120 3892 2237 3945 filio
2262 3906 2370 3944 suo
2403 3890 2605 3959 nuptui
2638 3894 2967 3959 acceperat.
2997 3892 3130 3961 Ipse
3152 3908 3388 3963 quoque
3407 3892 3585 3963 filius,

1929 4000 2002 4040 ne
2034 3997 2140 4053 spe
2172 3979 2365 4048 aliqua
2395 3976 2781 4046 recuperandi
2810 3979 3026 4049 palatii,
3046 3979 3139 4032 vel
3171 3980 3435 4036 deductae
3456 3997 3592 4036 uxo-

1930 4074 2016 4126 ris
2071 4066 2461 4141 procurandae
2505 4066 2849 4137 propaginis
2883 4071 3311 4137 reservaretur,
3344 4070 3593 4138 turpiter

1933 4158 2377 4225 eunuchizatus,
2412 4170 2601 4225 usque
2624 4154 2696 4207 ad
2718 4154 2938 4207 exitum
2963 4156 3098 4209 vitae
3119 4155 3329 4209 exsilio
3358 4156 3592 4228 relega-

1932 4254 2030 4307 tus
2062 4250 2172 4316 est,
2200 4246 2312 4300 alio
2344 4246 2402 4298 in
2428 4245 2623 4299 locum
2655 4242 2891 4312 expulsi
2920 4242 2978 4296 in
3009 4244 3223 4313 palatio
3246 4244 3595 4316 subrogato,

125 4333 415 4409 brevique
448 4335 726 4391 termino
756 4348 951 4405 usque
982 4332 1053 4386 ad
1084 4331 1395 4386 duodecim
1424 4324 1824 4383 famosissima

127 4430 316 4481 castra
350 4442 475 4481 8110
514 4423 770 4480 domino
812 4421 1144 4476 Obediendo
1178 4420 1381 4474 SUbil‘e
1433 4418 1647 4489 οοθείῐ,
1693 4432 1826 4487 quae
1937 4444 2067 4483 rum
2085 4427 2240 4481 linea
2257 4423 2399 4477 adid
2418 4420 2931 4491 haereditatisjure
2948 4422 3595 4494 gentiuminvitaverat.

123 4513 414 4570 militibus
470 4515 623 4569 suis
668 4511 1038 4565 distribuens
1074 4525 1206 4564 cum
1237 4508 1513 4563 omnibus
1541 4505 1826 4576 appendi-
1939 4515 2246 4570 Timebant
2297 4514 2550 4583 denique
2594 4511 2786 4566 Graeci
2830 4526 2925 4581 ne,
2961 4511 3015 4565 si
3046 4528 3118 4566 ex
3149 4515 3368 4567 nostrae
3400 4512 3595 4584 gentis

121 4603 225 4657 ciis
258 4605 399 4659 suis
434 4604 519 4658 de
576 4615 653 4655 se
685 4599 955 4653 habenda
999 4598 1311 4670 delegavit.
1363 4596 1461 4651 Sic
1509 4594 1800 4650 exercitum

1921 4615 1925 4620 ’
1942 4621 2126 4661 uxore
2139 4602 2412 4658 haeredes
2424 4601 2717 4672 procreati
2729 4600 2787 4654 in
2802 4601 3013 4671 palatio
3028 4600 3601 4670 successerant(202)

122 4694 408 4747 omnibus
440 4707 573 4763 pro
613 4689 876 4743 exhibito
908 4687 1025 4742 sibi
1050 4686 1293 4741 servitio
1327 4686 1552 4757 gratias
1576 4684 1800 4756 agendo

1944 4694 2180 4751 occasio
2196 4692 2444 4746 liberius
2459 4690 2594 4744 illuc
2618 4689 3177 4763 accedendi|nostrae
3190 4692 3350 4761 genti
3365 4691 3605 4744 daretur

115 4781 394 4855 SOIVGDS,
434 4783 593 4852 ipse
626 4777 863 4831 Bl‘icam
894 4792 926 4830 θ
953 4775 1159 4831 labore
1213 4776 1524 4845 Pansam!“
1557 4773 1832 4828 εθϐθεείί·
1947 4789 2002 4839 et
2032 4799 2182 4856 gens
2213 4781 2442 4835 deliciis
2475 4782 2531 4834 et
2562 4780 2981 4850 voluptatibus,
3032 4780 3409 4850 potiusquam
3466 4777 3606 4831 belli

790 4865 1042 4921 CAPUT
1078 4864 1203 4918 ΧΠ·
1950 4872 2162 4929 studiis
2193 4887 2267 4925 ex
2293 4885 2456 4924 more
2488 4869 2699 4937 dedita,
2734 4872 3077 4922 nostrorum
3107 4867 3448 4921 strenuitate
3467 4865 3607 4920 sub-

392 4961 706 5017 Castrum
738 4955 968 5011 Novum
1002 4953 1203 5008 comiti
1231 4952 1580 5007 laederetur.

1948 4961 2152 5033 jugata
2187 4958 2651 5013 conculcaretur.
2688 4957 2879 5026 Ipsam
2907 4956 3075 5011 ducis
3106 4955 3284 5009 filiam
3315 4956 3611 5009 reclusam

188 5049 275 5105 Ea
324 5050 612 5123 quidem
640 5047 990 5115 tempestate
1031 5043 1269 5114 quidam
1303 5041 1691 5109 Sarracenus,
1726 5038 1800 5091 Be

1957 5049 2225 5120 diligenti
2279 5046 2547 5101 custodia
2602 5046 3019 5113 observabant,
3066 5060 3138 5098 ne
3172 5043 3320 5098 forte
3352 5044 3403 5098 si
3435 5043 3614 5098 alicui

110 5138 268 5196 chus
293 5139 606 5203 nomine,
631 5134 904 5188 Castrum
936 5132 1171 5188 Novum
1200 5129 1540 5201 possidens,
1566 5128 1683 5182 illic
1714 5141 1800 5181 mc

1958 5138 2179 5210 potenti
2226 5137 2494 5205 nuberet,
2530 5136 2664 5205 quia
2694 5132 3019 5187 haereditali
3057 5132 3399 5202 imperatori
3429 5131 3615 5186 semel

110 5230 404 5284 rebatur.
446 5225 617 5281 Erat
637 5224 830 5277 autem
856 5221 1010 5275 idem
1051 5222 1146 5274 vir
1165 5235 1397 5292 magnae
1422 5216 1847 5289 superfluitatis
1960 5228 2020 5281 in
2072 5227 2285 5297 ροιειίο
2343 5227 2619 5279 coronata
2676 5221 2882 5291 fuerat,
2927 5221 3000 5274 ab
3058 5221 3188 5291 ipso
3222 5222 3317 5276 cui
3345 5222 3615 5291 nuberet,

1960 5317 2153 5388 aliqua
2169 5314 2482 5371 haereditas
2495 5328 2604 5383 per
2620 5312 2808 5381 ipsam
2829 5310 2889 5365 in
2906 5309 3119 5379 palatio
3132 5311 3596 5382 proclamaretur
3606 5349 3620 5364 .

1962 5404 2215 5462 Michael
2246 5404 2440 5474 itaque
2470 5420 2504 5458 a
2532 5399 2915 5472 monasterio,
2939 5400 2999 5454 in
3032 5415 3148 5472 quo
3169 5400 3498 5458 monachus
3527 5413 3626 5455 co-

1937 4355 2111 4411 quem
2133 4352 2240 4391 nec
2266 4334 2477 4404 aliqua,
2503 4332 2596 4387 vel
2617 4335 2877 4386 extrema
2895 4333 3271 4404 antiquorum
3292 4333 3599 4403 imperato-

108 5321 165 5373 et
198 5329 577 5391 arrogans,
600 5311 757 5366 unde
784 5313 839 5365 et
857 5311 1025 5381 ipsos
1060 5324 1205 5364 suos
1238 5308 1445 5364 fideles
1475 5306 1709 5362 levitate
1743 5322 1850 5360 sua

105 5407 439 5463 interdum
466 5399 754 5459 diversis
786 5392 1164 5455 contumeliis
1195 5397 1485 5469 afficiens,
1512 5396 1627 5452 sibi
1653 5394 1853 5451 infide-

175 5546 348 5621 (199)
397 5545 497 5621 (ξ.Δ
523 5541 606 5597 Ρ.
641 5547 759 5621 tota
797 5540 1069 5597 civitatis
1081 5539 1395 5614 praedicta.

2034 5548 2184 5621 (201)
2226 5536 2732 5621 ζῖθᾳιιρειοαηᾰιιω.

175 5550 348 5621 (199)
397 5550 480 5602 C.
524 5550 606 5597 Ρ.
641 5550 759 5598 tota
797 5550 1069 5597 civitatis
1081 5550 1395 5614 praedicta.
2058 5550 2184 5621 201)
2226 5550 2732 5619 ιτθοιιρειοαηαιιω,

175 5619 350 5695 (200)
400 5616 748 5675 licente"-
2034 5550 2186 5694 EQOQ)
2226 5609 2755 5677 Subscrescerent.

607 5700 864 5760 PATROL.
908 5700 1159 5762 CXLIX.
2048 5687 2056 5694 ’
2166 5687 2175 5694 ’
3356 5687 3425 5745 3'7
