3982 6164
496 294 651 363 1163

494 503 662 555 actus
694 500 835 567 erat,
870 497 1073 551 habitu
1102 497 1313 568 ejecto,
1355 500 1416 551 ut
1456 497 1707 564 dicebat,
1742 496 2056 567 profugus,
2094 496 2152 549 in

495 589 765 659 Apuliam
782 588 1073 641 veniensa
1093 588 1240 639 duce
1256 587 1542 655 imperiali
1571 586 1792 639 honore
1811 590 2152 655 susceptus,

494 695 602 748 per
634 692 841 730 omnes
873 676 1142 729 civitates
1171 675 1425 744 Apuliae,
1457 675 1585 728 sive
1615 673 1901 729 Calabriae
1925 690 2158 743 proces—

499 767 792 835 sionibus,
818 769 873 818 et
890 764 1294 834 imperialibus
1319 764 1568 832 pompis,
1594 779 1667 817 ex
1681 763 1871 816 edicto
1886 762 2156 833 ejusdem

498 856 670 909 ducis
700 853 1146 907 accuratissime
1188 851 1642 905 obsecundatur.
1678 850 1747 904 Et
1778 851 1888 904 hoc
1920 851 2157 921 quidem

499 946 684 997 totum
731 959 803 997 ex
851 941 1138 995 industria
1189 940 1307 992 dux
1356 939 1628 1007 faciebat,
1682 939 2156 1008 quandoquidem

499 1033 753 1087 animum
806 1027 952 1098 (⁸203)
984 1044 1114 1082 cum
1138 1028 1196 1082 in
1227 1029 1438 1097 palatio
1487 1028 1833 1081 restituendi
1888 1026 2152 1082 haberet.

494 1120 775 1175 Audierat
795 1133 1004 1186 nempe
1024 1132 1308 1186 generum
1331 1132 1503 1169 suum
1519 1116 1983 1185 eunuchizatum,
2001 1115 2155 1168 unde

495 1226 600 1278 spe
646 1206 1045 1276 suscipiendae
1077 1206 1148 1258 de
1178 1205 1297 1258 tilia
1328 1205 1535 1272 prolis,
1571 1204 1664 1256 cui
1696 1204 1977 1273 palatium
2015 1204 2155 1274 jure

492 1295 818 1351 haereditali
862 1296 1239 1363 competeret,
1284 1294 1524 1361 amissa,
1587 1292 1659 1345 ad
1718 1292 1829 1346 hoc
1886 1293 2037 1346 inter
2088 1309 2154 1346 se

491 1386 684 1438 nitens
707 1384 888 1437 tutius
911 1382 1058 1453 (204)
1082 1382 1313 1453 agebat,
1332 1386 1412 1450 ut,
1434 1382 1546 1435 sub
1571 1381 1806 1435 nomine
1824 1381 2150 1448 Michaelis,

491 1473 845 1543 quibusdam
878 1473 993 1525 sibi
1017 1469 1625 1537 favent1bus,Graccis
1648 1468 1881 1522 facilius
1900 1469 2155 1523 debella-

487 1562 586 1630 tis,
636 1577 769 1615 cum
820 1561 888 1613 ad
934 1561 1210 1629 palatium
1257 1574 1446 1628 usque
1488 1561 1835 1627 perventum
1868 1558 2038 1628 foret,
2096 1558 2151 1610 vi

490 1664 768 1703 coronam
814 1665 946 1702 cum
995 1651 1229 1717 sceptro
1264 1651 1318 1700 et
1350 1646 1759 1715 imperialibus
1790 1647 2152 1700 ornamentis

488 1737 841 1806 pervadens,
893 1736 1021 1805 ipse
1062 1737 1378 1803 imperator
1409 1734 1592 1787 ﬁeret.
1630 1733 1988 1787 Promittens
2024 1736 2152 1786 tan-

488 1836 609 1886 tum
656 1846 721 1883 se
766 1828 881 1881 sibi
913 1825 1190 1878 auxilium
1237 1823 1509 1887 laturum,
1560 1836 1666 1889 per
1694 1820 1844 1874 duos
1878 1821 2063 1874 ferme
2096 1824 2153 1875 et

488 1920 742 1989 amplius
790 1930 976 1969 annos
1009 1913 1232 1966 honore
1280 1926 1395 1980 quo
1439 1913 1716 1978 coeperat,
1761 1925 1895 1963 eum
1947 1924 2151 1963 secum

488 2008 752 2073 detinuit,
803 2004 989 2057 donec
1031 2017 1097 2053 ea
1131 2015 1262 2069 quae
1306 2002 1464 2052 tanto
1498 1998 1778 2066 incecptui
1806 1998 2152 2052 necessaria

488 2098 682 2151 forent
739 2090 1190 2162 apparabantur.
1263 2086 1440 2140 Erant
1508 2090 1702 2139 autem
1771 2091 1910 2141 tunc
1977 2086 2151 2140 etiam

487 2186 722 2257 quidam
745 2197 879 2235 cum
902 2180 1073 2245 duce,
1106 2176 1207 2246 qui
1237 2176 1296 2228 in
1322 2175 1535 2244 palatio
1562 2177 1823 2244 tempore
1844 2174 2149 2228 Michaelis

483 2271 860 2342 imperatoris
909 2267 1241 2321 servientes
1297 2263 1505 2317 faciem
1538 2263 1672 2332 ejus
1704 2280 1769 2318 se
1801 2263 2064 2333 novisse,
2095 2267 2150 2317 et

482 2362 641 2416 hunc
694 2359 947 2413 similem
997 2354 1256 2417 minime,
1310 2351 1404 2404 vel
1463 2351 1520 2403 in
1569 2352 1801 2405 modico
1832 2351 2152 2405 assimilari

483 2451 746 2504 dicerent
774 2462 787 2514 ;
817 2444 922 2498 sed
938 2441 1345 2495 fraudulenter
1368 2440 1523 2493 hunc
1547 2456 1652 2509 spe
1675 2439 1930 2509 alicujus
1948 2456 1978 2492 a
2002 2440 2150 2493 duce

489 2535 816 2606 accipiendi
860 2531 1120 2585 muneris
1163 2528 1506 2581 advenisse-
1541 2527 1728 2582 Porro
1759 2528 1899 2595 dux,
1946 2532 2148 2581 uterne

484 2642 557 2679 an
580 2639 684 2693 pro
710 2626 867 2675 certe
886 2623 1049 2673 esset
1073 2616 1517 2687 aequipendcns,
1541 2631 1671 2669 cum
1690 2616 1910 2669 multus
1931 2632 2147 2670 susur-

482 2730 590 2767 rus
624 2713 772 2765 inter
805 2724 949 2763 suos
974 2721 1153 2776 super
1185 2705 1282 2757 tali
1314 2705 1549 2774 negotio
1584 2706 1771 2770 ﬁeret,
1797 2704 1867 2757 ab
1890 2704 2146 2774 inempto

486 2803 721 2856 minime
753 2795 1177 2863 deterrebatur,
1213 2794 1319 2847 sed
1350 2793 1546 2861 potius
1578 2793 1736 2862 quod
1766 2797 2023 2861 coeperat
2054 2809 2149 2846 ex-

486 2907 765 2960 sequens,
801 2902 934 2939 cum
964 2886 1092 2953 ipse
1124 2898 1239 2936 non
1273 2897 1409 2935 esse
1440 2881 1597 2934 hunc
1631 2880 1941 2949 dubitaret,
1976 2880 2145 2934 nilde

484 2981 593 3033 hac
624 2995 688 3032 re
720 2976 987 3029 dubitare
1012 2971 1340 3035 asserebat,
1376 2972 1431 3023 et
1463 2970 1575 3023 hoc
1598 2985 1669 3022 ex
1700 2969 1988 3023 industria
2011 2969 2145 3039 qui-

474 3066 615 3123 'dcm
642 3066 891 3120 laudans
916 3078 1062 3117 suos
1096 3059 1361 3123 faciebat,
1399 3073 1469 3111 ne
1501 3058 1574 3112 ab
1606 3058 1754 3128 ipsis
1787 3058 1858 3111 ab
1891 3057 2143 3126 incoepto

484 3158 912 3211 dehortaretur.

1083 3237 1333 3292 CAPUT
1384 3236 1536 3289 XIV.

697 3332 833 3383 Dux
870 3326 1119 3381 classem
1159 3328 1318 3394 aptat
1366 3337 1572 3376 versus
1614 3320 1924 3374 Graeciam.

483 3436 643 3493 Talia
675 3437 1021 3505 disponens,
1056 3431 1227 3484 tacita
1254 3428 1362 3482 sed
1393 3430 1583 3480 mente
1617 3442 1939 3496 reponens,

481 3525 826 3595 Sumptibus
860 3521 1112 3587 insudat,
1146 3534 1261 3587 quo
1294 3515 1635 3585 Bysantium
1665 3515 1779 3567 sibi
1807 3514 1985 3569 ludat.

362 3622 381 3637 ί
484 3614 755 3682 Undique
790 3616 1075 3663 terrarum
1102 3606 1309 3676 quaerit
1341 3619 1507 3673 spem
1537 3604 1933 3656 materiarum.

480 3702 656 3755 Nulla
690 3698 1078 3763 remittuntur,
1103 3710 1211 3747 nec
1243 3693 1463 3747 rustica
1494 3692 1923 3760 despiciuntur.

480 3790 598 3845 Sed
627 3788 917 3859 prodesse
949 3786 1169 3854 queunt
1199 3797 1330 3851 quae
1359 3780 1481 3851 jam
1514 3780 1793 3849 despecta
1824 3779 2080 3834 fuerunt.

481 3877 653 3949 Ligni
686 3890 949 3930 cmsores
975 3872 1320 3926 mandantur
1355 3870 1413 3921 in
1444 3871 1566 3922 arte
1599 3869 1850 3938 priores.

481 3968 755 4036 Undique
786 3968 1073 4018 terrarum
1105 3959 1452 4014 conducitur
1481 3973 1579 4011 ars
1610 3958 1959 4011 tabularum.

482 4056 720 4110 Robora
753 4067 912 4106 caesa
944 4049 1175 4116 cadunt,
1214 4049 1580 4113 resecantur,
1611 4050 1892 4116 sectaque
1927 4046 2139 4100 radunt

477 4144 752 4199 Artifices
781 4140 946 4211 ligni.
974 4137 1218 4191 Ferrum
1252 4134 1418 4189 faber
1449 4134 1702 4205 applicat
1732 4134 1876 4205 igni.

476 4232 751 4287 Anchora
782 4228 1087 4293 conflatur,
1122 4226 1424 4279 clavorum
1456 4223 1642 4277 forma
1672 4226 1928 4292 paratur.

476 4321 774 4390 Compago
805 4316 975 4371 navis
1008 4315 1221 4369 texitur
1243 4313 1390 4381 ("205)
1424 4312 1799 4382 superaddita
1831 4311 2037 4366 clavis.

474 4409 786 4465 Obducunt
812 4406 960 4458 imas
990 4404 1087 4457 alii
1120 4402 1395 4473 lanugine
1425 4401 1626 4465 rimas,

473 4498 670 4569 Atque
695 4496 887 4564 picem
918 4492 1196 4563 liquidam
1227 4492 1543 4560 properant
1570 4489 1967 4558 superaddere
2000 4489 2136 4561 qui-

1958 4556 2133 4649 ldem.
2161 4556 2212 4621 Β

470 4676 614 4731 Vela
645 4676 823 4728 suunt
856 4670 974 4739 isti,
1010 4668 1269 4723 studium
1301 4666 1437 4720 dant
1468 4665 1710 4720 funibus
1743 4666 1860 4720 isti.

469 4766 700 4820 Classis
729 4762 1050 4830 adaptatur,
1087 4773 1202 4811 non
1232 4755 1400 4809 navis
1432 4755 1558 4809 sola
1589 4757 1848 4824 paratur.

470 4854 713 4908 Crescat
746 4854 806 4905 ut
834 4850 893 4903 in
922 4860 1202 4902 numeros
1235 4844 1541 4899 studiosus
1564 4843 1824 4898 imminet
1855 4844 2035 4899 heros

469 4942 754 4997 Omnibus
787 4937 1017 5008 aptatis,
1053 4938 1107 4989 et
1136 4933 1390 4988 navibus
1423 4937 1546 4987 arte
1576 4934 1819 5003 paratis,

470 5030 585 5084 Per
612 5027 899 5099 liquidum
928 5027 1170 5094 pontum
1192 5021 1409 5075 classis
1433 5022 1718 5075 conflatur
1737 5021 2132 5091 Hydruntum.

1089 5128 1339 5183 CAPUT
1380 5128 1505 5181 XV.

807 5222 1014 5276 Comes
1055 5217 1496 5272 Tauromenium
1528 5216 1782 5271 obsidet.

539 5310 776 5366 Interim
824 5311 964 5364 dum
1006 5309 1120 5361 ista
1164 5309 1418 5378 aguntur
1467 5321 1618 5359 anno
1665 5305 1920 5359 instante
1968 5302 2127 5373 1078,

537 5452 687 5523 (203)
727 5452 870 5523 Non,
895 5451 1044 5523 quod
1076 5450 1350 5522 animum,
1385 5449 1495 5504 etc.

536 5520 685 5595 (204)
736 5520 990 5595 Tacitus.

534 5593 684 5668 (20:3)
723 5593 787 5668 <9-
823 5593 886 5648 Ρ.
921 5594 1163 5668 agitur.

534 5663 681 5743 (206)
722 5663 1070 5740 Scrupibus.

1233 294 1667 360 GAUFREDI
1711 286 2256 375 MALATERRzE
2301 294 2695 361 MONACHI
2741 296 3182 362 BENEDICT.

3710 308 3831 371 1165

2183 481 2234 541 Α
2274 513 2473 552 comes
2488 498 2940 553 Tauromenium
2955 498 3240 553 obsidens
3252 499 3450 570 viginti
3460 501 3661 555 duobus
3676 505 3831 559 castel-

2267 586 2343 639 lis
2375 587 2638 651 vallavit;
2674 588 2748 640 ita
2780 588 2851 641 ab
2883 604 2998 642 uno
3042 588 3105 641 in
3136 588 3374 642 alterum
3404 589 3622 659 sepibus
3645 596 3691 645 et
3714 595 3830 646 stro-

2268 675 2443 743 pibus
2474 673 2622 744 (206)
2656 675 2958 745 claudens,
2990 676 3097 730 sed
3127 678 3183 730 et
3211 678 3505 731 navalibus
3526 679 3833 749 copiisapro-

2271 763 2465 817 cinctu
2496 765 2676 817 maris
2709 765 2978 836 cingens,
2999 768 3059 819 ut
3081 765 3241 818 nullo
3273 765 3443 819 latere
3470 770 3665 834 pateret
3688 768 3833 823 aditus

2270 852 2343 905 ad
2362 856 2619 906 castrum
2636 853 2969 908 volentibus
2989 853 3262 907 hostibus
3289 853 3835 923 aliquidintroducendi

2274 940 2367 994 vel
2397 941 2706 996 educendi.
2740 944 2814 995 At
2840 943 2976 996 dum
3008 943 3258 1013 quadam
3289 942 3379 996 die
3409 942 3474 995 de
3505 948 3673 996 castro
3700 945 3746 997 in
3770 960 3834 997 ca-

2274 1032 2462 1083 strum
2481 1045 2588 1099 per
2607 1032 2930 1100 praecipitia
2953 1031 3256 1101 scopulosi
3278 1031 3483 1085 montis
3503 1047 3678 1085 comes
3691 1033 3835 1086 visum

2274 1119 2549 1172 transiret
2573 1136 2705 1173 cum
2724 1122 2950 1188 paucis,
2968 1136 3107 1190 pars
3125 1120 3391 1191 qumdam
3411 1118 3716 1174 Sclavorum
3730 1120 3837 1189 (207)

2269 1206 2421 1260 inter
2449 1208 2754 1277 myrtetica
2780 1208 3036 1280 virgulta
3074 1209 3311 1263 latitans
3341 1210 3400 1262 in
3428 1208 3656 1279 quodam
3680 1210 3835 1261 aratio-

2271 1296 2356 1348 ris
2404 1296 2688 1350 transitus
2740 1299 2871 1351 loco
2903 1313 3295 1367 prorumpens
3327 1297 3507 1351 irruit.
3538 1296 3601 1349 Et
3625 1297 3721 1350 nisi
3743 1295 3838 1349 Evi-

2270 1384 2492 1439 sandus
2537 1386 2793 1455 quidam,
2829 1386 3060 1440 natione
3102 1386 3283 1455 Brito,
3318 1386 3507 1440 audito
3538 1386 3747 1454 strepitu
3767 1402 3835 1438 ar-

2271 1487 2521 1540 morum,
2555 1488 2692 1526 sese
2724 1475 2921 1527 comiti
2952 1478 3007 1529 et
3038 1475 3311 1529 hostibus
3343 1474 3765 1544 interposuisset,
3789 1474 3837 1527 de

2267 1569 2397 1638 ipso
2428 1568 2741 1635 comite,ut
2769 1564 2951 1632 aiunt,
2976 1562 3834 1633 hostibustriumphuscessisset.

2265 1657 2383 1712 Sed
2406 1656 2671 1711 cordium
2693 1655 2861 1709 solus
2879 1653 3203 1722 inspector,
3227 1653 3409 1719 Deus,
3432 1649 3838 1707 bonamintentio-
3948 1649 3949 1722 ξ

2265 1762 2397 1800 nem
2416 1744 2702 1814 principis
2723 1744 2783 1796 in
2801 1741 3216 1812 praecedentia,
3240 1742 3373 1795 sive
3384 1739 3839 1810 subsequentiaper

2183 1846 2230 1907 Β
2267 1851 2400 1888 eum
2440 1833 2635 1889 futura
2678 1833 2829 1886 bene
2861 1834 3219 1901 praenotans,
3257 1829 3430 1883 aliter
3457 1844 3618 1899 quam
3643 1825 3761 1896 (£08)
3784 1824 3838 1877 illi

2266 1924 2657 1978 moliebantur
2697 1937 2822 1975 rem
2862 1919 3178 1973 transtulit.
3212 1917 3507 1987 Scriptum
3533 1917 3717 1986 quippe
3742 1917 3838 1967 est:

2264 2013 2396 2067 Non
2428 2018 2520 2065 est
2546 2009 2859 2081 sapientia,
2891 2024 3002 2062 nou
3035 2014 3126 2061 est
3149 2006 3488 2077 prudentia,
3521 2020 3622 2059 non
3649 2009 3723 2057 est
3747 2017 3839 2055 con-

2265 2100 2463 2155 silium
2492 2106 2694 2153 contra
2724 2097 3029 2151 Dominum
3059 2096 3257 2165 (Prov.
3292 2112 3417 2164 xxx,
3448 2092 3554 2163 30).

2868 2185 3118 2239 CAPUT
3167 2184 3323 2237 XVI.

2548 2276 2895 2332 Evisandus
2928 2290 3037 2345 pro
3074 2274 3286 2328 comite
3329 2271 3626 2327 occiditur.

2336 2367 2633 2421 Evisando
2663 2368 2858 2435 itaque
2890 2365 2947 2417 in
2979 2362 3199 2418 domini
3228 2361 3506 2415 fidelitate
3538 2356 3846 2413 taliterinter-

2265 2456 2439 2525 fec-to,
2474 2456 2611 2509 dum
2639 2455 2827 2508 nostri
2848 2454 2905 2505 in
2936 2467 3100 2505 arma
3132 2454 3329 2519 ruunt,
3355 2450 3558 2503 hostes
3578 2464 3671 2517 per
3686 2443 3845 2515 praeci-

2262 2546 2399 2615 pitia
2415 2543 2721 2613 scopulosi
2735 2542 2947 2595 montis
2970 2539 3154 2609 elapsi
3174 2543 3334 2593 sunt.
3352 2538 3449 2592 Sic
3468 2552 3616 2591 mors
3630 2530 3845 2587 Evisandi

2262 2635 2393 2687 vice
2438 2630 2586 2701 (209)
2634 2630 2866 2685 comitis
2914 2629 3027 2684 sub
3071 2629 3177 2682 Dei
3219 2627 3501 2696 praesidio
3532 2625 3648 2678 fuit.
3690 2622 3847 2676 Comes

2263 2724 2455 2775 autem
2498 2720 2837 2774 fidelitatem
2880 2717 3013 2788 ejus
3061 2717 3313 2770 honeste
3348 2726 3725 2779 remunerans,
3751 2723 3848 2761 cor-

2258 2824 2402 2878 pore
2450 2808 2685 2861 humato
2730 2807 3026 2873 decenter,
3074 2804 3254 2857 multa
3298 2801 3586 2857 beneﬁcia
3620 2797 3790 2869 egenis
3810 2797 3849 2846 et

2261 2897 2455 2951 sacris
2487 2897 2637 2951 locis
2652 2912 2756 2967 pro
2788 2894 3186 2963 redemptione
3200 2892 3416 2946 animae
3430 2892 3579 2961 ejus,
3600 2886 3850 2942 necimme

2259 2988 2369 3041 rite
2419 2985 2683 3040 contulit.
2719 2984 3003 3038 Montium
3033 2984 3225 3035 autem
3252 2980 3556 3034 cacumina
3601 2991 3718 3030 cum
3742 2972 3848 3043 ipsis

2261 3076 2514 3129 vallibus
2554 3073 2951 3144 perlustrans,
2984 3070 3249 3140 peditum
3291 3069 3484 3138 copiis
3533 3069 3634 3120 iter
3660 3064 3847 3125 faciens,

2257 3184 2289 3219 a
2323 3166 2517 3218 monte
2549 3163 2651 3233 qui
2681 3162 2753 3215 ab
2785 3159 2996 3215 incolis
3025 3157 3192 3212 Gibel
3219 3157 3569 3227 appellatur,
3598 3168 3748 3224 quem
3770 3162 3849 3202 nos

2258 3255 2466 3308 Etnam
2496 3252 2768 3321 dicimus,
2797 3264 2986 3320 usque
3017 3248 3290 3300 Traiuam
3326 3246 3615 3300 neminem
3643 3238 3852 3312 ejusdem

2256 3340 2698 3413 superstitionis
2728 3338 3075 3407 impunitum
3105 3335 3351 3389 dimisit.

2256 3432 2540 3486 Militibus
2572 3428 2790 3483 multus
2819 3428 3090 3497 planctus
3113 3424 3221 3478 fuit
3248 3424 3368 3477 iste
3405 3422 3684 3493 sepultus.

2256 3523 2405 3576 Nam
2437 3536 2548 3575 suo
2576 3518 2782 3573 merito
2806 3516 3023 3569 charus
3045 3514 3153 3568 fuit
3182 3513 3449 3583 undique
3478 3512 3650 3565 Brito.

2254 3611 2370 3664 Pro
2401 3610 2609 3664 merito
2631 3607 2770 3661 ﬁdei
2799 3608 3021 3660 sortem
3051 3602 3242 3673 capiat
3272 3600 3526 3672 requiei.

2252 3698 2356 3753 Cui
2390 3714 2521 3752 cum
2554 3696 2632 3750 sit
2659 3696 2736 3748 ita
2766 3709 2947 3763 mors,
2982 3694 3074 3745 est
3105 3689 3300 3744 comiti
3333 3690 3467 3743 data
3497 3689 3628 3741 vita.

2325 3790 2375 3842 A
2404 3787 2556 3841 Juda
2591 3785 2783 3839 discat
2809 3783 2979 3853 (210),
3011 3796 3187 3851 quem
3220 3782 3381 3833 tanta
3413 3778 3562 3832 ﬁdes
3594 3773 3700 3829 sibi
3723 3769 3853 3825 dicat.

2256 3878 2358 3931 Ille
2392 3876 2576 3930 Deum
2605 3872 2893 3941 vendens,
2924 3870 3137 3940 laqueo
3170 3884 3237 3923 se
3266 3871 3481 3937 postea
3508 3864 3750 3936 pendens

2253 3965 2501 4019 Mortem
2531 3963 2849 4029 mercatur,
2883 3974 3016 4012 cum
3046 3958 3358 4011 traditione
3391 3958 3648 4018 notatur;

2253 4051 2467 4107 Hostili
2500 4048 2686 4104 cultro
2716 4062 2858 4116 spes
2890 4045 3073 4116 hujus
3105 4060 3173 4098 se
3203 4043 3367 4097 dedit
3397 4043 3571 4111 ultro,

2252 4143 2329 4197 Ut
2361 4140 2660 4196 dominum
2692 4137 2894 4190 servet
2924 4134 3313 4202 meritumque
3346 4132 3466 4185 sibi
3496 4127 3794 4186 coacervet.

2251 4231 2384 4285 Non
2413 4229 2628 4283 virtute
2651 4224 2779 4297 pari
2808 4224 3021 4277 debent
3042 4222 3081 4275 ii
3113 4221 3475 4276 subtitulari.

2249 4319 2520 4374 Traditor
2551 4318 2695 4371 alter
2725 4317 2870 4384 erat,
2904 4316 2966 4366 ut
2998 4312 3185 4366 salvet
3214 4315 3270 4366 et
3301 4311 3454 4365 alter
3483 4308 3721 4364 anhelat.

2248 4408 2595 4480 Angelicam
2625 4419 2875 4475 pennam
2905 4401 3094 4472 capiet
3125 4401 3241 4470 hic,
3276 4400 3375 4456 ille
3408 4400 3745 4472 gehennam.

2844 4491 3095 4545 CAPUT
3134 4489 3316 4544 XVII.

2340 4585 2572 4642 Golafri
2603 4583 2677 4638 ab
2703 4580 2918 4637 Africa
2949 4579 3059 4634 sub
3100 4578 3491 4633 Tauromenio
3529 4577 3640 4632 risi
3664 4576 3797 4629 sunt.

2319 4673 2773 4742 Quatuordecim
2820 4686 2964 4742 ergo
2989 4683 3195 4739 naves,
3230 4683 3383 4738 quas
3406 4666 3674 4722 Golafros
3699 4655 3857 4730 appel-

2245 4769 2387 4835 lant,
2436 4764 2509 4819 ab
2557 4761 2760 4815 Africa
2790 4759 2955 4830 regis
2986 4756 3212 4811 Tunicii
3244 4758 3571 4826 piratarum
3600 4766 3747 4807 more
3782 4760 3860 4817 per

2245 4871 2407 4913 mare
2442 4853 2709 4925 palantes
2760 4848 2873 4903 sub
2913 4845 3302 4901 Tauromenio
3334 4845 3624 4915 appulsa,
3655 4837 3857 4925 quodam

2247 4921 2505 5000 diluculo
2553 4957 2586 4995 a
2629 4937 2852 4993 nostris
2903 4937 2966 4989 in
2996 4935 3145 4988 mari
3183 4934 3339 4988 haud
3398 4934 3579 5005 longe
3630 4921 3858 4985 anchoris

2246 5035 2381 5089 fixis
2428 5028 2894 5101 conspiciuntur.
2946 5024 3183 5079 Nostrae
3213 5027 3411 5077 autem
3451 5035 3632 5076 naves
3661 5008 3855 5071 armatis

2247 5123 2537 5195 expositis
2595 5120 2792 5173 minus
2838 5117 3004 5171 erant
3052 5113 3121 5167 ad
3180 5109 3627 5182 exsequendum
3660 5106 3854 5179 param.

2245 5187 2459 5269 Comes
2510 5212 2703 5263 autem
2742 5206 3049 5272 latronem,
3098 5201 3335 5271 quinam
3392 5201 3533 5269 sint,
3586 5209 3757 5269 quave
3803 5187 3856 5240 d8

2174 3197 2224 3264 Ο

2246 5318 2427 5358 causa
2471 5300 2565 5353 vel
2617 5296 2791 5365 unde,
2843 5294 3050 5348 hostes
3094 5305 3168 5345 ne
3215 5305 3290 5344 an
3335 5304 3548 5359 pacem
3602 5280 3856 5359 portantes
3948 5316 3949 5323 η

2312 5444 2460 5515 (207)
2500 5438 2903 5515 Scalanorum.

2332 5514 2458 5586 208)
2495 5515 2578 5586 Et
2608 5528 2799 5585 qnam,
2830 5514 2942 5582 etc,

2332 5582 2457 5658 209)
2509 5582 2674 5658 vita.

2331 5656 2457 5734 210)
2496 5657 2715 5714 Distat.
