3982 6164
169 356 330 417 1165

1272 340 1674 409 HISTORIA
1692 337 2019 409 SICULA.
2053 378 2126 388 —
2159 339 2319 406 LIB.
2368 342 2479 408 III.

3419 354 3575 421 1166

143 550 506 618 advenerint,
541 549 910 604 sciscitatum
938 548 1129 603 mittit.
1191 545 1628 602 lnterminando
1662 544 1808 599 sub-
1835 526 1890 581 Α
1916 542 2195 599 Piscibus
2228 545 2479 611 obsedit,
2514 546 2783 603 fervente
2812 550 3010 607 Leone
3045 555 3285 610 recedit.

134 640 336 712 junxit
364 639 419 693 si
444 639 503 692 in
526 642 682 692 tanto
715 638 810 692 sui
832 637 992 708 juris
1025 636 1118 690 vel
1150 635 1444 691 modicum
1480 634 1620 705 quid
1649 633 1811 704 inju-

143 729 249 782 riae
279 727 373 781 vel
404 726 711 795 fecissent,
736 726 832 780 vel
864 725 1059 780 facere
1080 727 1363 779 attentare
1382 725 1816 793 praesumerent

143 831 440 886 nusquam
472 814 792 885 impunitos
822 829 855 867 a
886 829 953 868 se
984 813 1240 867 evadere
1261 813 1559 882 posse.Ac
1579 812 1716 865 dum
1734 810 1815 864 nil

147 903 283 958 mali
317 903 611 957 adversus
643 918 712 956 ea
742 917 876 972 quae
899 901 1034 972 ejus
1058 900 1215 971 juris
1246 904 1412 954 erant
1430 900 1542 955 sub
1566 914 1817 954 excusa-

145 993 305 1047 tione
338 995 393 1046 et
424 991 816 1046 obtestatione
861 990 1015 1061 legis
1048 1006 1175 1044 suae
1224 989 1549 1044 machinari
1602 1003 1815 1042 renun-

147 1082 385 1149 tiantur,
419 1096 485 1133 se
515 1079 711 1151 potius
753 1094 829 1133 ex
858 1079 1050 1133 edicto
1080 1078 1246 1148 regis
1277 1077 1526 1145 Tunicii,
1568 1079 1631 1130 ut
1660 1075 1816 1129 infe-

145 1174 278 1223 stos
309 1167 533 1237 piratas
579 1184 611 1222 a
642 1168 812 1237 mari,
855 1167 906 1221 si
938 1166 1363 1234 invenirentur,
1397 1164 1813 1233 propellerent,

147 1257 395 1325 missos,
431 1254 566 1326 ejus
599 1255 921 1324 famulatui,
956 1254 1007 1307 si
1038 1268 1289 1311 necesse
1322 1254 1491 1321 foret,
1526 1252 1817 1306 inservire

148 1344 586 1415 paratos,primi
611 1342 907 1414 cujusque
922 1343 1092 1396 navis
1105 1342 1178 1396 ad
1199 1342 1448 1395 amicum
1463 1340 1818 1410 colloquium

147 1433 493 1499 invitantur,
521 1434 581 1486 ut
596 1432 652 1485 si
675 1431 768 1485 vel
789 1431 1066 1500 victu,vel
1089 1431 1221 1484 aliis
1244 1429 1610 1500 quibuslibet
1633 1428 1818 1482 rebus

151 1521 351 1575 minus
369 1519 738 1574 sufﬁcientes
761 1522 983 1586 essent,
1007 1518 1141 1589 ejus
1172 1517 1568 1571 muniﬁcentia
1581 1516 1817 1587 supple-

152 1611 379 1671 rentur;
415 1608 517 1679 qui
571 1608 708 1662 dum
767 1607 1093 1661 invitationi
1140 1607 1534 1661 assentientes
1593 1605 1817 1659 fmdere

154 1699 436 1766 suscepto
469 1696 748 1750 advenire
796 1699 1168 1765 appararent,
1222 1710 1365 1748 aura
1403 1693 1698 1748 contraria
1732 1694 1816 1746 in-

55 1787 66 1798 '
150 1788 458 1855 surgente,
495 1799 680 1837 naves
739 1799 872 1837 cum
928 1784 1078 1852 ipsis
1121 1798 1229 1852 per
1256 1797 1495 1852 aaquora
1523 1781 1712 1848 pulse
1742 1782 1815 1835 ab

153 1874 364 1927 intuitu
393 1876 732 1928 nostrorum
761 1871 1030 1941 protinus
1057 1874 1193 1925 sunt
1223 1871 1448 1925 avulsae
1483 1885 1495 1924 :

149 1960 250 2015 Sic
282 1976 436 2032 quos
468 1957 690 2029 invitat,
724 1961 943 2014 boreas
973 1959 1261 2013 accedere
1290 1960 1451 2013 vitat.

152 2049 222 2102 Et
244 2049 403 2120 quod
436 2049 709 2118 promisit
738 2048 900 2113 dare,
930 2062 1002 2102 ne
1034 2047 1200 2101 daret
1229 2062 1370 2102 aura
1402 2047 1627 2101 recisit.

737 2135 990 2190 (‘APUT
1035 2134 1241 2189 XVIII.

622 2224 1067 2279 Tauromenium
1099 2225 1349 2295 capitur.

152 2314 224 2367 At
256 2328 460 2368 comes
492 2314 750 2368 intentus
784 2314 975 2367 fuerat
1006 2312 1226 2383 quibus
1254 2315 1387 2366 ante
1410 2315 1673 2368 retentus
1700 2329 1711 2368 :

152 2402 401 2457 Obsidet
430 2406 487 2457 et
518 2405 761 2474 pugnat,
797 2404 1059 2457 castrum
1090 2418 1194 2471 pro
1229 2416 1409 2471 posse
1439 2406 1746 2475 repugnat.

152 2489 469 2545 Certamen
522 2492 694 2545 datur
740 2487 910 2559 (211);
946 2505 1147 2545 comes
1178 2489 1294 2543 huc
1324 2493 1592 2559 perstare
1642 2506 1823 2545 cona-

1439 2577 1554 2649 [tur
1579 2577 1748 2649 (212).

155 2665 444 2732 Quamvis
475 2682 619 2721 cura
650 2666 811 2737 ligat,
845 2669 1039 2722 tamen
1062 2667 1219 2721 hunc
1250 2682 1350 2721 res
1389 2668 1547 2721 nulla
1596 2667 1820 2738 fatigat.

155 2755 368 2822 Instat,
402 2758 457 2808 et
486 2754 774 2822 hortatur,
809 2755 1016 2809 hostes
1047 2756 1262 2809 virtute
1299 2756 1571 2810 minatur.

156 2844 290 2908 Dat;
325 2842 463 2896 dare
484 2842 787 2912 promittit;
819 2844 898 2896 nil
932 2859 1047 2897 non
1072 2844 1348 2898 tentando
1374 2845 1631 2899 remittit.

157 2931 249 2985 Ad
282 2931 443 3001 quod
473 2930 819 2985 adhortatur
847 2932 1067 3002 socios,
1100 2932 1265 3001 prior
1294 2948 1432 2988 esse
1452 2934 1736 3003 probatur

157 3019 311 3073 Cum
343 3019 421 3073 sit
470 3022 785 3087 certamen,
832 3023 886 3072 et
938 3018 1220 3073 fratribus
1279 3036 1416 3075 esse
1464 3022 1751 3091 levamen,

158 3110 314 3161 Ante
346 3122 494 3161 suos
526 3107 729 3176 fertur,
765 3123 896 3160 cum
928 3109 1261 3177 posteriore
1284 3109 1559 3165 refertur.

158 3197 406 3250 Primus
435 3195 509 3248 ad
540 3195 822 3249 excubias
841 3195 1109 3250 Othonus
1139 3197 1309 3267 (213),
1347 3199 1493 3253 alter
1524 3199 1684 3253 Elias

159 3284 405 3339 Tertius
439 3283 778 3354 Arisgotus,
820 3284 1119 3338 Jordanus
1150 3285 1362 3340 abinde
1393 3292 1653 3344 remotus

160 3371 322 3426 Esse
352 3372 671 3440 recusavit,
706 3372 907 3426 socios
935 3372 1063 3427 haec
1094 3389 1192 3427 ars
1224 3375 1519 3431 animavit.

161 3459 326 3513 Exiit
358 3460 635 3526 edictum,
671 3459 916 3515 liceatne
947 3477 1216 3531 quaerere
1238 3464 1477 3518 victum.

164 3549 265 3603 Sic
300 3547 717 3617 devincuntur,
741 3549 929 3602 nostri
959 3551 1209 3605 statione
1238 3552 1535 3609 fruuntur.

168 3636 215 3689 A
250 3637 477 3690 montis
526 3651 741 3707 magno
794 3636 1182 3706 prohibentur
1210 3640 1569 3712 abundique;
1600 3645 1834 3715 stagno.

165 3727 214 3778 Α
246 3724 415 3778 nullo
449 3723 784 3779 subduntur
814 3722 981 3794 (214);
1039 3730 1175 3796 post
1219 3726 1367 3798 (215)
1398 3730 1593 3784 addita
1649 3732 1838 3786 demi-

1465 3818 1764 3889 [nuuntur.

166 3901 347 3957 Unde
374 3901 564 3955 fames
593 3901 797 3969 crevit,
850 3917 1222 3974 congressus
1281 3905 1354 3960 ab
1395 3906 1567 3961 hoste
1597 3910 1837 3979 quievit.

165 3989 486 4046 Decrescit
516 3988 724 4055 virtus,
761 3989 937 4044 habet
968 3991 1159 4046 hostis
1182 3991 1308 4064 jam
1339 4010 1521 4066 pr0pe
1553 3996 1766 4053 victus.

164 4078 314 4134 Solo
351 4092 627 4145 securus,
661 4078 818 4147 quod
858 4079 1042 4151 cingit
1069 4079 1405 4154 abundique
1436 4101 1661 4141 murus.

170 4167 252 4221 Ut
284 4165 389 4220 det
417 4180 812 4237 congressum
844 4163 1013 4238 (216),
1057 4172 1225 4224 cavet
1255 4174 1418 4226 extra
1450 4173 1635 4246 ﬁgere
1669 4192 1843 4247 gres-

170 4344 391 4399 Deﬁcit
417 4346 482 4397 ut
511 4342 703 4413 panis,
736 4345 990 4415 p0pulus
1020 4351 1333 4417 superatur
1362 4351 1575 4408 inanis.
1598 4263 1773 4335 [sum

170 4431 272 4486 Sic
300 4447 509 4485 comes
532 4433 773 4502 accitur,
807 4436 1005 4489 castro
1038 4450 1144 4504 pro
1176 4439 1326 4492 velle
1357 4441 1594 4508 potitur.

172 4520 413 4574 Arbore
443 4519 557 4573 sub
588 4521 737 4575 lauri
768 4525 1088 4577 curvantur
1109 4525 1321 4580 moenia
1353 4527 1550 4585 Tauri.

174 4606 434 4662 Foedere
467 4607 754 4671 confecto,
790 4610 946 4664 dolet
969 4610 1160 4666 hostis
1190 4616 1249 4667 in
1279 4615 1448 4672 hoste
1470 4622 1736 4692 recepto;

169 4696 293 4751 Sed
321 4697 594 4766 quamvis
625 4696 836 4767 doleat,
871 4714 987 4752 non
1017 4700 1449 4760 dissimulando
1474 4709 1717 4779 revelat,

185 4783 312 4838 Cur
335 4783 532 4838 doleat
561 4787 808 4855 nostris,
841 4787 979 4857 quia
1007 4787 1179 4844 laetus
1203 4794 1325 4845 erat
1346 4809 1493 4848 suus
1525 4795 1737 4854 hostis.

172 4871 241 4927 Si
274 4873 368 4926 sic
402 4870 638 4927 fortuna
667 4873 908 4929 diversa
936 4875 1019 4946 ﬁt,
1053 4881 1144 4931 est
1172 4880 1365 4935 tamen
1394 4898 1527 4939 una.

176 4960 309 5014 Illis
341 4959 421 5014 sit
454 4960 664 5031 tristis,
698 4963 967 5033 gaudens
1000 4968 1385 5037 cognoscitur
1417 4970 1571 5028 istis.

174 5047 404 5104 Sextus
435 5052 561 5103 erat
590 5052 814 5105 mensis
842 5067 960 5122 quo
992 5053 1260 5112 fervidus
1293 5059 1510 5116 eminet
1540 5064 1727 5120 ensis.

281 5261 416 5331 211)
438 5262 502 5318 C.
535 5264 602 5319 P.
637 5263 833 5321 durat.

286 5332 416 5404 212)
448 5334 802 5393 Persistere
833 5346 1020 5397 curet.

284 5405 416 5473 218)
452 5404 785 5462 Cretonius.

260 5474 418 5617 (214g
445 5475 622 5531 Nulla
644 5479 754 5534 sub
786 5480 1102 5541 adduntur.

263 5545 395 5617 (215
447 5546 652 5604 Prius.

263 5545 419 5760 ἓὲἶὲζ
447 5546 652 5675 ’ἐξέξξέ

291 5686 420 5760 211)
448 5687 514 5746 ο.
549 5690 615 5747 P.
649 5733 652 5747 ε

448 5659 976 5757 ⁴Ἰςίᾜιιιᾱίοελτειεκ

1917 631 2100 686 Tanto
2131 633 2245 686 sibi
2276 633 2616 704 adjumento
2640 636 2925 693 collocato
2958 640 3261 712 divinitus,

1916 719 2004 774 Ne
2035 724 2312 790 appareat
2339 722 2610 793 ingratus
2632 724 3003 795 vilipendens
3043 730 3359 802 Rogerius,

1915 807 2129 870 Secum
2165 810 2341 879 coepit
2371 811 2650 879 deputare
2681 813 2821 884 quid
2851 815 3043 870 litaret
3073 820 3291 887 potius.

1916 894 2342 951 Cmmentarios
2374 900 2715 955 conducens
2737 902 3147 975 undecumque
3180 912 3486 980 aggregat;

1918 983 2139 1053 Templi
2168 985 2309 1043 ,‘m'ii
2350 986 2723 1043 fundamenta
2763 990 2823 1044 in
2851 993 3000 1046 urbe
3035 993 3292 1050 Tainica.

1920 1072 2008 1125 Ad
2038 1074 2193 1143 quod
2225 1079 2500 1142 perstans
2535 1077 2681 1145 (217)
2714 1094 2841 1133 aevo
2872 1080 3040 1134 brevi
3068 1088 3328 1152 superat.

1919 1160 2248 1231 Laquearia
2276 1165 2563 1218 tectorum
2585 1166 2840 1236 ligantur
2871 1168 3166 1235 ecclesiis;

1918 1250 2181 1305 Parietes
2205 1250 2603 1322 depinguntur
2632 1254 2871 1321 diverso
2900 1256 3206 1329 bitumine;

1917 1336 2315 1394 Consecratur
2343 1342 2400 1393 in
2431 1341 2655 1397 honore
2686 1344 2951 1415 Virginis
2982 1362 3312 1420 puerperae,

1918 1426 2097 1481 Multa
2119 1428 2253 1482 dote
2283 1433 2713 1499 augmentatur,
2748 1434 2943 1502 terris,
2980 1436 3107 1489 sive
3130 1438 3397 1503 decimis;

1917 1513 2291 1569 Ornamentis
2320 1517 2611 1588 palliatur,
2646 1523 2702 1573 et
2729 1520 2987 1575 diversis
3022 1525 3228 1593 copiis.

1917 1600 2206 1656 Cathedra
2226 1604 2601 1673 pontiﬁcatus
2633 1608 2986 1663 sublimatur
3013 1611 3238 1682 infulis;

1918 1690 2100 1746 Sacer
2121 1692 2320 1747 clerus
2343 1698 2774 1764 augmentatur,
2802 1702 2975 1766 prout
3007 1705 3277 1769 sumptus
3299 1707 3576 1777 suppetit,

1920 1779 2140 1834 Altaris
2174 1795 2337 1848 vasa,
2370 1782 2465 1834 vel
2494 1784 2684 1838 vestis
2710 1786 3025 1856 plusquam
3057 1790 3215 1844 clero
3248 1791 3487 1865 sufﬁcit,

1843 1898 1889 1954 Ο
1920 1867 2305 1937 Candelabra,
2332 1884 2563 1935 cruces,
2599 1875 2797 1927 textus
2818 1889 2887 1929 ac
2920 1877 3307 1933 cerafumbuli
3337 1881 3506 1952 (218).

1922 1956 2008 2009 Ex
2038 1957 2274 2011 metallo
2303 1958 2474 2028 signa
2506 1959 2651 2014 ﬁunt
2677 1961 2908 2031 plebem
2937 1966 3261 2038 invitantis;

1923 2045 2236 2100 Melodiam
2292 2046 2524 2102 dulcem
2586 2049 2858 2121 reddunt,
2930 2055 3176 2123 pulchre
3254 2073 3583 2116 consonan-

3235 2145 3507 2219 [tia(219).

1927 2222 2233 2276 Melodizat
2261 2238 2435 2278 sacer
2459 2226 2657 2281 clerus
2688 2227 2939 2297 hymnos
2962 2233 3153 2287 sacris
3184 2235 3479 2303 laudibus;

1924 2310 2153 2363 l’raasul
2181 2311 2364 2365 verba
2386 2328 2576 2366 sacrm
2607 2314 2761 2385 legis
2792 2319 3042 2373 seminat
3074 2322 3129 2374 in
3164 2325 3463 2393 gentibus.

1931 2397 2179 2452 Divinus
2201 2400 2395 2454 cultus
2425 2403 2752 2457 arcessitur
2780 2405 3048 2473 pluribus
3082 2412 3459 2468 credentibus

1927 2486 2033 2539 Cui
2065 2487 2277 2541 debent
2306 2488 2435 2542 hinc
2466 2491 2686 2544 ascribi
2708 2493 2823 2546 nisi
2852 2497 3010 2550 tanto
3040 2499 3337 2569 principi?

1926 2574 2035 2638 Qui
2068 2576 2299 2629 reduxit
2328 2593 2559 2631 sacram
2589 2579 2803 2650 legem,
2836 2584 2992 2639 unde
3012 2588 3178 2655 prius
3202 2592 3440 2647 corruit.

1927 2662 2115 2753 Cujus
2139 2679 2247 2733 ope
2270 2664 2332 2717 fit
2361 2664 2474 2720 hoc
2496 2669 2698 2738 totum,
2733 2671 2790 2723 et
2819 2670 2969 2726 hanc
3000 2675 3192 2747 legem
3206 2678 3386 2736 edidit
3414 2682 3583 2753 (220).

1928 2751 2176 2806 Textum
2212 2753 2350 2806 libri
2377 2770 2806 2825 persequamur
2837 2775 2850 2813 :
2883 2777 3015 2816 nam
3048 2765 3160 2820 ista
3193 2769 3513 2828 sufﬁciunt.

1930 2839 2136 2931 Cermo
2166 2842 2344 2901 nimis
2373 2842 2702 2900 inculcatus
2732 2848 3024 2905 interdum
3058 2854 3120 2908 ﬁt
3149 2856 3407 2931 taedium,

1929 2928 2317 2999 Subsequens
2364 2933 2554 3002 stylus
2586 2936 2863 3006 narrabit,
2889 2940 2940 2993 si
2971 2943 3111 3011 quid
3141 2951 3232 3000 est
3263 2928 3587 3007 residuum.

1933 3017 2092 3071 Urbs
2142 3018 2354 3072 Traina
2402 3019 2543 3073 felix
2594 3023 2807 3093 gaude,
2868 3026 2937 3079 da
2996 3030 3207 3102 dignas
3264 3036 3470 3093 laudes
3516 3043 3585 3094 ti-

2182 3194 2191 3203 .
2535 3201 2542 3203 _
2670 3201 2706 3203 υ
3175 3121 3317 3194 [tulo
3348 3126 3515 3199 (221).

1937 3193 2000 3283 In
2026 3196 2081 3247 te
2103 3194 2293 3262 primo
2317 3201 2624 3265 reparatur
2653 3201 2850 3257 divina
2871 3205 3028 3278 legio
3052 3208 3226 3283 (222).

1860 3320 1908 3374 Β
1935 3282 2212 3337 Messana
2243 3286 2579 3341 consociata
2599 3290 2727 3357 pari
2759 3296 2942 3349 servit
2972 3282 3198 3368 clypeo.

2536 3375 2796 3435 CAPUT
2834 3385 2989 3441 XIX.

2149 3461 2437 3517 Jacenses
2466 3471 2523 3519 et
2557 3466 2627 3521 Ci
2639 3485 2850 3526 venses
2898 3491 3094 3534 comes
3122 3482 3378 3542 obsidet.

2008 3549 2298 3604 Incarnati
2345 3552 2525 3608 Verbi
2581 3572 2733 3613 anno
2791 3563 3101 3623 millesimo
3157 3578 3596 3649 septuagesimo

1939 3652 2095 3692 nono
2126 3639 2413 3695 Jacenses
2462 3647 2669 3699 natura
2715 3653 2930 3707 montis
2978 3655 3036 3709 in
3078 3674 3193 3730 quo
3226 3639 3595 3739 habitabant,

1941 3740 2262 3829 numerpsa
2275 3730 2641 3789 multitudine
2658 3753 2900 3794 suorum
2918 3742 3015 3797 ﬁsi
3038 3746 3225 3815 (erant
3243 3755 3396 3808 enim
3409 3730 3599 3829 usque

1943 3814 2326 3916 ad‘tredecim
2356 3814 3157 3916 milliafamiliarum),jugum
3170 3845 3389 3897 nostrae
3404 3814 3601 3916 gentis

1944 3901 2336 3958 abhorrentes
2369 3910 2646 3965 statutum
2679 3901 3346 3991 servitium,etcensum
3376 3901 3603 4002 pcrsol-

1943 4005 2085 4083 vere
2107 3994 2461 4049 renuntiant.
2486 3996 2698 4054 Comes
2717 4018 2858 4059 vero
2875 4023 2983 4076 per
3001 4010 3232 4083 legatos
3256 4034 3361 4075 eos
3376 3994 3602 4080 conve-

1947 4079 2137 4150 niens,
2158 4097 2319 4147 nunc.
2336 4083 2753 4144 blandimentis
2776 4107 2881 4149 eos
2895 4079 3227 4173 mulcenda,
3252 4124 3408 4164 nunc
3426 4079 3604 4169 minis

1949 4170 2282 4265 attentando
2304 4187 2378 4225 ne
2400 4177 2598 4229 contra
2618 4192 2684 4231 se
2702 4170 3259 4258 insurgerent,neve
3281 4212 3386 4265 per
3402 4200 3611 4257 vitium

1948 4254 2096 4327 (223)
2143 4259 2535 4332 incurrerent,
2569 4280 2720 4321 neve
2778 4254 2911 4325 eum
2959 4254 3240 4335 irritando
3281 4254 3607 4345 .contrais'e‘

1948 4348 2294 4418 excitarent,
2327 4351 2398 4405 ab
2436 4352 2689 4424 incmpto
2719 4358 3027 4419 detrahere
3057 4368 3369 4429 nitebatur.
3406 4376 3477 4430 At
3507 4379 3609 4435 ubi

1948 4436 2145 4528 minus
2176 4439 2426 4509 proiicit,
2448 4444 2710 4498 exercitu
2743 4447 2994 4522 admoto,
3029 4472 3180 4528 quos
3202 4461 3500 4521 blanditiis
3516 4469 3609 4524 vel

1950 4527 2126 4625 minis
2148 4528 2369 4625 nequit,
2390 4530 2951 4625 vii~tuteattentando
2982 4527 3220 4605 flectere
3244 4557 3606 4625 aggreditur.

1952 4615 2124 4669 Mons
2171 4619 2365 4671 autem
2396 4635 2569 4689 quem
2600 4623 3002 4686 inhabitabant
3033 4634 3110 4689 ita
3140 4638 3212 4692 ab
3244 4615 3398 4696 oinvni
3430 4645 3611 4703 latere

1872 4714 1928 4776 ι)
1956 4706 2275 4775 scOpuloso
2306 4710 2634 4806 praecipitio
2652 4718 2777 4770 erat
2792 4721 3071 4794 munitus,
3097 4729 3159 4781 ut
3178 4743 3252 4783 ex
3272 4733 3430 4788 nulla
3449 4740 3614 4806 parte

1957 4800 2539 4898 ascensusmpateret,
2597 4808 2843 4875 excepto
2875 4825 2991 4866 uno
3023 4814 3153 4870 solo
3184 4800 3616 4898 arcto,ai'teque

1955 4884 2158 4981 exciso
2189 4884 2369 4981 aditu,
2402 4902 2517 4981 quo
2542 4891 2772 4949 civibus
2795 4899 3138 4967 egrediendi
3161 4912 3216 4961 et
3245 4884 3615 4981 ingrediendi

1956 4972 2068 5061 iter
2098 4974 2535 5048 porrigebatur,
2579 4983 2635 5033 et
2684 4983 2798 5038 hoc
2834 4986 2889 5039 in
2938 4991 3252 5049 excelsiori
3309 4972 3615 5061 cacumine

1956 5060 2228 5132 ejusdem
2254 5080 2549 5123 ascensus
2578 5074 2765 5143 porta,
2798 5090 3122 5152 murusque
3148 5098 3220 5139 ex
3248 5089 3498 5164 utroque
3527 5060 3616 5151 la-

2052 5272 2178 5350 21§)
2199 5276 2454 5350 40erra,
2482 5282 2796 5343 tburibuli.

2053 5345 2179 5419 219)
2216 5345 2492 5407 Pulchrae
2520 5360 2935 5419 consonantiae.

2055 5417 2183 5478 220)
2211 5420 2487 5478 Addidit.

2214 5491 2411 5566 [gigas
2440 5493 2635 5553 laudis
2665 5502 2854 5566 titulo.

2214 5556 2463 5635 ﬁeiigio.

2058 5628 2186 5704 228)
2218 5628 2370 5707 Peri
2372 5637 2468 5692 uri
2472 5655 2580 5703 um.

2034 5490 2057 5705 ἓ
