4074 6150
480 285 641 347 1167

1201 279 1628 344 GAUFREDI
1670 268 2216 343 MALATERRJE
2255 240 2649 341 MONACHI
2721 275 3160 340 BENEDICT.

3698 277 3827 344 1168

478 488 605 539 tere
636 484 695 537 in
724 483 967 553 longum
997 483 1305 550 porrectus
1336 482 1621 537 munibat.
1677 482 1771 549 At,
1805 480 1941 551 quia
1971 494 2142 544 mons
2164 456 2223 520 Α
2250 480 2445 546 tatem,
2467 493 2599 546 quae
2630 476 2702 531 de
2732 477 2865 545 ipso
2897 474 3285 544 referebatur,
3313 473 3544 544 legatos
3563 470 3856 547 dignos,qui

480 572 576 627 hic
594 571 855 641 spaciosi
868 570 1124 623 ambitus
1138 570 1333 623 minus
1349 571 1539 623 claudi
1558 569 1884 624 obsidendo
1898 571 2145 637 poterat,

480 660 600 714 illis
617 660 991 729 potissimum
1012 658 1069 710 in
1086 657 1235 711 locis
1267 659 1365 712 ubi
1384 658 1749 712 infestiorem
1781 672 1847 710 se
1867 657 2145 710 hostibus

486 748 809 817 ﬁeriposse
828 747 1331 813 existimat,sedes
1350 748 1531 816 ponit.
1564 748 1752 801 Porro
1786 747 2073 800 Jacences
2086 760 2154 798 ac

491 837 546 889 si
572 851 684 906 pro
710 836 827 889 vita
860 838 1101 902 certare,
1128 835 1368 903 instare,
1392 836 1585 888 omnia
1603 834 1935 901 circumire,
1961 834 2042 887 nil
2062 849 2155 886 re-

490 924 966 994 mittere,quibus
994 924 1258 992 partibus
1295 924 1429 993 plus
1456 923 1740 977 timebant
1761 923 1888 976 loca
1907 922 2153 990 munire,

491 1012 627 1067 inde
660 1011 1060 1082 infatigabiles
1092 1011 1305 1064 adesse
1337 1012 1609 1083 vigilanti
1648 1026 1789 1065 cura
1819 1010 2153 1065 studebant.

495 1100 566 1153 Et
596 1099 732 1169 quia
762 1102 1026 1152 armenta
1075 1114 1202 1168 sua,
1245 1104 1300 1153 et
1333 1114 1549 1168 pecora
1581 1115 1786 1153 secum
1834 1099 1893 1152 in
1941 1097 2157 1152 abditis

498 1188 767 1259 ejusdem
795 1188 1036 1257 montis,
1069 1188 1534 1258 cavernosisque
1557 1188 1707 1242 locis
1738 1203 1769 1240 a
1800 1187 2159 1257 pervasione

498 1276 697 1330 hostili
728 1278 848 1330 tuta
877 1276 1264 1347 aggerebant,
1300 1279 1355 1330 et
1384 1277 1579 1329 minus
1602 1277 1674 1329 ab
1706 1276 1980 1329 hostibus
2003 1291 2070 1329 ea
2083 1275 2163 1329 di-

497 1366 612 1436 ripi
642 1367 989 1433 metuentes,
1025 1365 1435 1419 obduratiores
1492 1368 1677 1420 erant.
1723 1365 1936 1419 Comes
1968 1366 2163 1419 autem

501 1454 715 1524 quanto
735 1468 837 1506 eos
866 1454 927 1506 in
959 1453 1053 1506 sui
1073 1453 1419 1507 defensione
1450 1455 1728 1508 attentius
1763 1453 1984 1506 instare
2000 1453 2163 1507 vide-

502 1543 621 1611 bat,
674 1543 831 1594 tanto
877 1540 1068 1594 altiori
1125 1541 1211 1595 ira
1265 1540 1756 1611 inflammabatur,
1812 1555 1928 1611 quo
1959 1555 2025 1594 se
2057 1554 2161 1594 eos

503 1630 700 1684 minus
729 1628 947 1683 laedere
977 1645 1157 1698 posse
1190 1630 1612 1700 cognoscebat.
1648 1630 1782 1683 Non
1812 1629 1883 1682 ab
1907 1628 2162 1697 incoepta

390 1754 397 1758 ι
506 1716 932 1785 deterrebatur,
957 1718 1065 1771 sed
1096 1732 1165 1771 eo
1196 1717 1511 1771 instantius
1545 1733 1660 1788 quo
1680 1717 2164 1787 praevaleretom-

490 1808 588 1862 nia
608 1806 875 1862 conando
889 1806 1203 1860 nitebatur.
1221 1804 1569 1860 Sicilienses
1588 1821 1733 1876 ergo
1754 1804 1969 1858 milites
1993 1820 2160 1875 suos,

493 1895 711 1967 quibus
740 1894 863 1965 jam
894 1894 1251 1963 impcrtierat
1274 1894 1699 1963 possessiones
1731 1894 2162 1964 insulae,quan-

492 1986 618 2039 tum
644 1983 1091 2054 subjugaverat,
1118 1983 1272 2052 apud
1304 1983 1741 2052 Parthenicum,
1795 1985 1850 2037 et
1878 1983 2162 2036 Cortitum

495 2073 643 2144 (224)
686 2072 1006 2138 dimittens,
1041 2072 1400 2125 Jacensibus
1428 2072 1681 2125 infestos
1713 2070 2160 2140 fieripraacepit;

498 2160 627 2231 ipse
651 2176 785 2214 cum
814 2159 1277 2214 Calabrensibus
1295 2159 1579 2228 Ciuisum,
1607 2160 1705 2230 qui
1736 2159 2160 2214 similitercon-

497 2252 587 2304 tra
618 2265 684 2303 se
717 2250 1141 2317 rccalcitrabat,
1201 2250 1520 2303 obsessum
1546 2249 1723 2302 vadit.
1756 2248 1971 2318 Sicque
2018 2263 2156 2315 uno,

498 2340 823 2409 eodemque
842 2341 1104 2407 tempore
1135 2354 1250 2392 uno
1280 2339 1341 2392 in
1372 2338 1627 2392 confinio
1661 2338 1813 2391 duas
1839 2336 2160 2391 obsessio-

497 2444 630 2493 nes,
648 2432 703 2481 et
725 2444 756 2481 a
788 2444 853 2481 se
876 2427 1101 2481 divisas
1125 2442 1373 2495 ponens,
1394 2431 1676 2496 utrasque
1691 2425 2050 2480 fortisssime
2073 2426 2161 2478 te-

498 2516 645 2583 nuit,
681 2517 852 2584 atque
905 2516 976 2568 de
1033 2530 1149 2567 una
1206 2515 1279 2567 ad
1321 2514 1495 2567 aliam
1529 2515 1865 2583 saepissime
1896 2514 2160 2585 migrans

500 2603 747 2669 hortari,
794 2603 1036 2669 instare,
1072 2618 1175 2670 per
1203 2617 1270 2655 se
1304 2602 1496 2671 ipsum
1527 2603 1720 2655 omnia
1752 2604 2035 2655 attentare
2065 2601 2163 2656 ho-

501 2689 967 2744 stibusinfestus
1001 2690 1235 2758 adesse,
1269 2705 1423 2744 nunc
1455 2691 1651 2759 minis,
1685 2705 1841 2744 nunc
1871 2690 2163 2745 incursio-

501 2779 678 2832 nibus
708 2782 953 2848 terrere,
989 2778 1119 2832 suis
1150 2776 1299 2847 (225)
1330 2778 1605 2847 blandiri,
1635 2778 1885 2848 plurima
1934 2778 2158 2849 largiri,

499 2867 785 2936 ampliora
828 2867 1047 2937 largire
1092 2864 1261 2936 (226),
1293 2867 1352 2919 in
1385 2867 1479 2921 sui
1509 2867 1846 2921 fidelitatem
1874 2868 2158 2939 arrigere,

500 2956 775 3011 hostibus
807 2956 1060 3011 infestos
1093 2955 1345 3009 reddere
1375 2971 1495 3010 non
1525 2956 1870 3012 desistebat.

1123 3044 1373 3099 CAPUT
1415 3044 1543 3098 XX.

1091 3132 1348 3187 Eosdem
1382 3133 1560 3203 capit.

500 3221 725 3278 Mensis
758 3226 881 3277 erat
911 3224 1119 3277 sextus
1142 3222 1288 3291 (227)
1323 3238 1335 3276 :
1371 3223 1644 3276 sextilem
1672 3223 1908 3277 denotat
1930 3225 2158 3294 aestus;

496 3312 620 3366 Illic
645 3313 840 3365 studet
868 3314 930 3365 ut
959 3311 1153 3379 laedat,
1189 3310 1385 3364 studet
1415 3311 1563 3364 alter
1594 3312 1654 3364 ut
1681 3310 1778 3364 ille
1808 3312 2065 3366 recedat.

500 3401 769 3470 Laedunt,
802 3400 1112 3467 laeduntur,
1133 3399 1222 3452 sic
1254 3399 1593 3452 alternando
1614 3402 1958 3467 premuntur

500 3487 598 3541 Sic
630 3487 877 3555 paribus
908 3486 1064 3539 votis
1098 3501 1215 3539 non
1246 3485 1443 3539 deficit
1466 3485 1740 3540 hostibus
1772 3486 1985 3541 hostis.

498 3574 755 3641 Tempus
787 3576 911 3626 erat
931 3574 1174 3641 messis;
1206 3574 1389 3626 armis
1412 3577 1669 3628 macerat
1697 3575 1776 3627 ita
1807 3574 2013 3630 fessis.

497 3661 762 3714 Uruntur
782 3676 1038 3729 messes,
1072 3661 1266 3715 turbat
1296 3676 1396 3715 res
1418 3662 1531 3715 ista
1565 3662 1872 3719 Jacenses.

502 3748 784 3820 Quodque
812 3748 933 3819 jam
965 3747 1112 3819 (228)
1141 3749 1301 3804 laedit
1319 3749 1677 3806 Cinensibus
1703 3752 1859 3806 haud
1882 3752 2034 3808 bene
2061 3769 2165 3809 ce-

1964 3840 2088 3914 [dit.

503 3925 825 3980 Consilium
859 3929 1109 3997 captant,
1145 3942 1502 3982 succurrere
1533 3929 1839 3984 messibus
1870 3933 2085 4000 aptant.

504 4013 618 4069 Sed
647 4030 779 4068 cum
809 4015 867 4068 vi
898 4019 1214 4085 nequeunt,
1235 4016 1346 4070 hoc
1369 4016 1599 4071 artibus
1616 4017 1834 4072 addere
1865 4021 2158 4088 quaerunt.

502 4103 870 4158 Conveniunt
902 4104 1192 4171 comitem,
1242 4107 1464 4159 tentant
1494 4106 1610 4160 sibi
1657 4106 1908 4160 reddere
1937 4108 2157 4180 mitem,

500 4189 746 4247 Foedera
776 4197 1150 4263 componunt;
1176 4192 1400 4259 fraudis
1451 4194 1807 4249 munimenta
1838 4200 2153 4265 reponunt.

504 4279 734 4353 Fruges
765 4282 1085 4352 salvantur,
1121 4283 1436 4353 comitique
1467 4284 1946 4339 reconciliantur.

1111 4370 1364 4424 CAPUT
1395 4370 1550 4424 XXI.

614 4458 822 4512 Comes
853 4457 1031 4511 ﬁliam
1063 4475 1224 4512 suam
1265 4460 1466 4513 comiti
1493 4459 1837 4514 Provinciae
1867 4461 2052 4515 dedit.

572 4546 762 4618 Igitur
790 4561 943 4599 anno
987 4547 1307 4601 Dominicae
1361 4548 1785 4603 Incarnationis
1836 4547 1993 4619 1080,
2029 4549 2164 4604 Bai-

2248 583 2282 620 a
2314 569 2470 620 tanto
2503 566 2575 619 ad
2611 569 2829 619 tantum
2861 564 3272 635 dirigerentur,
3300 563 3534 617 mittens
3573 562 3856 618 Mathildim

2249 655 2647 724 filiamuam,
2701 669 2876 724 quam
2925 653 2997 706 de
3027 652 3214 722 prima
3242 666 3427 706 uxore
3451 651 3738 705 admodum
3778 653 3858 708 ho-

2249 746 2437 798 nestae
2470 742 2642 797 faciei
2673 742 2926 812 puellam
2953 739 3227 810 habebat,
3252 740 3370 795 sibi
3401 741 3459 793 in
3485 741 3858 796 matrimonium

2250 832 2639 902 copulandam
2662 830 3018 900 expostulat.
3038 830 3204 894 Quod
3229 844 3363 883 cum
3391 844 3425 882 a
3443 829 3644 883 comite
3665 844 3862 884 conces-

2250 936 2405 987 sum,
2437 920 2772 973 renuntiant
2795 917 2944 988 (229)
2975 933 2988 971 :
3025 933 3140 988 qua
3162 918 3233 972 de
3262 933 3327 972 re
3362 917 3459 971 ille
3488 932 3598 972 non
3616 917 3865 973 minimum

2249 1008 2522 1080 gavisus;
2552 1010 2677 1061 erat
2711 1007 2888 1075 enim,
2927 1009 3171 1076 propter
3197 1006 3619 1061 formositatem
3651 1022 3797 1077 quam
3811 1007 3864 1062 de

2251 1096 2381 1166 ipsa
2427 1097 2709 1164 audierat,
2760 1095 2917 1148 illam
2950 1095 3376 1151 ardentissimo
3428 1110 3622 1150 amore
3648 1098 3868 1166 cupiens;

2251 1185 2447 1238 audito
2470 1185 2719 1238 termino
2750 1182 3108 1254 nuptiarum,
3128 1198 3234 1254 per
3261 1199 3330 1239 se
3363 1184 3558 1254 ipsum
3578 1184 3634 1237 in
3655 1184 3862 1239 Siciliam

2253 1273 2616 1341 accedendo,
2658 1272 2813 1326 diem
2857 1273 3190 1341 praevenire
3226 1272 3541 1342 accelerat,
3588 1273 3862 1328 venientem

2254 1375 2453 1415 comes
2484 1360 2709 1414 honore
2738 1359 3037 1431 condigne
3057 1361 3291 1430 excipit,
3321 1362 3624 1430 pactiones
3637 1377 3865 1416 renovan-

2251 1452 2347 1503 tur
2375 1448 2662 1519 (230),dos
2694 1447 2910 1519 puellae
2943 1449 3056 1503 sub
3078 1452 3436 1504 testamento
3462 1449 3868 1522 chirographiza-

2252 1539 2348 1591 tur
2384 1535 2553 1606 (231);
2618 1537 2924 1607 sponsalia
2978 1538 3387 1607 praesentibus
3438 1539 3691 1609 utrisque
3729 1539 3865 1608 parti-

2253 1625 2367 1680 bus
2399 1623 2861 1695 (232),precibus
2893 1627 2966 1680 ab
2988 1626 3291 1697 episcOpis
3326 1629 3387 1680 et
3406 1627 3596 1681 sacris
3618 1627 3864 1682 ordinibus

2256 1714 2543 1767 catholica
2589 1714 2981 1769 celebrantur.
3036 1713 3147 1779 Qui
3186 1714 3545 1785 jamdudum
3574 1716 3714 1771 inter
3731 1716 3865 1785 juve-

2255 1817 2388 1856 nem
2436 1805 2492 1855 et
2521 1803 2778 1872 puellam
2808 1803 3088 1872 paulatim
3119 1803 3489 1872 adoleverat,
3522 1804 3692 1874 prima
3718 1809 3864 1873 nocte,

2265 1893 2327 1945 ut
2355 1891 2597 1957 assolet,
2638 1892 2991 1946 immensum
3011 1892 3325 1947 excrescit.
3360 1891 3678 1948 Celebratis
3702 1893 3865 1964 itaque,

2268 1981 2325 2033 et
2351 1994 2471 2033 non
2498 1980 2627 2034 sine
2654 1995 3003 2050 magnarum
3029 1996 3439 2051 expensarum
3465 1982 3769 2051 sumptibus
3786 1997 3867 2035 nu-

2264 2068 2423 2138 ptiis,
2459 2084 2632 2123 socer
2661 2084 2947 2140 generum
2978 2085 3155 2124 suum
3184 2069 3535 2141 aliquandiu
3570 2086 3752 2125 secum
3774 2071 3872 2124 reti-

2244 2172 2435 2227 nens,
2459 2157 2695 2211 tandem
2724 2157 3143 2212 muniﬁcentiis
3172 2158 3557 2226 benevolum,
3590 2160 3647 2213 ut
3673 2174 3758 2212 res
3774 2158 3870 2228 ipsa

2265 2244 2716 2314 expostulabat,
2738 2244 2973 2316 factum,
2997 2247 3105 2301 sed
3135 2249 3192 2300 et
3211 2247 3285 2301 iis
3301 2248 3410 2317 qui
3442 2262 3571 2301 cum
3601 2246 3716 2317 ipso
3734 2245 3869 2299 adve-

2266 2336 2472 2387 nerant
2502 2333 2760 2405 singulis
2793 2334 3231 2406 singula,prout
3260 2351 3561 2407 quemque
3590 2350 3715 2389 esse
3760 2333 3872 2388 scie-

2264 2421 2381 2489 bat,
2435 2423 2718 2493 largiens,
2751 2423 3004 2476 navibus
3034 2424 3340 2493 apparatis
3374 2424 3605 2494 placido
3630 2436 3826 2494 aequore
3847 2436 3869 2473 a

2266 2525 2332 2564 se
2359 2525 2493 2563 cum
2524 2511 2642 2565 tilia
2664 2511 2904 2565 dimisit.
2941 2510 3030 2565 Illi
3060 2516 3255 2566 autem
3285 2513 3387 2567 vel
3418 2528 3451 2566 a
3476 2512 3662 2567 ventis
3688 2526 3872 2565 accura-
3986 2540 3987 2559 ξ

2266 2596 3376 2671 tissime(233)committentes,zephvro
3400 2597 3872 2673 suﬂ'ragante(23~l),

2265 2688 2433 2742 brevi
2462 2690 2727 2758 tempore
2758 2688 2912 2743 unde
2963 2692 3271 2759 venerant,
3306 2705 3452 2745 cum
3508 2704 3717 2760 sponsa
3739 2687 3873 2743 redu-

2270 2778 2409 2831 cunt
2433 2774 2601 2847 (235).

2870 2864 3122 2921 CAPUT
3139 2867 3323 2922 XXII.

2638 2952 2876 3008 Castam
2908 2954 3239 3028 coniugium
3260 2955 3571 3011 laudatur.

2268 3042 2504 3113 Spernit
2530 3045 2665 3097 nata
2711 3046 2956 3113 patrem,
2988 3044 3194 3115 puduit
3251 3060 3365 3100 nec
3423 3046 3741 3117 relinquere
3765 3039 3872 3113 (236')
3986 3044 3987 3119 1

3732 3147 3821 3186 em.

2266 3218 2521 3276 Externo
2554 3221 2751 3275 comiti
2782 3222 3043 3276 sociatur
3069 3221 3355 3277 delectari
3386 3133 3729 3295 (2.‘3‘7).[matr

2188 3298 2242 3366 Ο
2268 3308 2316 3362 Α
2355 3325 2471 3379 quo
2503 3309 2761 3365 nutritur
2788 3312 2969 3380 caret,
3031 3310 3125 3365 hic
3173 3312 3485 3384 alteroque
3514 3309 3661 3383 (238)
3688 3309 3872 3380 potitur.
3986 3298 3987 3321 ῖ

2265 3398 2445 3452 Pcena
2475 3398 2710 3469 quidem
2766 3399 2945 3453 multa
3003 3414 3135 3454 cum
3193 3400 3401 3455 nutrix
3450 3394 3617 3471 (239),
3675 3415 3786 3453 cum
3820 3395 3874 3448 sit

3649 3486 3828 3560 [adulta

2267 3573 2392 3628 Nec
2420 3589 2552 3645 quae
2582 3574 2732 3647 (240)
2763 3576 3016 3630 nutritur
3043 3575 3270 3631 lascivo
3301 3576 3492 3633 fratre
3519 3578 3740 3648 potitur:

2268 3661 2411 3717 Plus
2439 3666 2746 3717 externum
2776 3679 2951 3734 quam
2981 3679 3155 3736 quem
3185 3665 3263 3720 sit
3282 3664 3427 3735 jure
3451 3669 3756 3736 paternum.

2269 3750 2393 3805 Nec
2422 3751 2600 3805 minis
2631 3751 2745 3806 hoc
2776 3753 2968 3823 culpo,
3003 3754 3274 3824 quamvis
3296 3754 3399 3808 hic
3429 3754 3566 3808 talia
3596 3753 3797 3824 scalpe.

2269 3838 2394 3893 Nec
2422 3839 2746 3909 prohibens
2773 3840 2918 3911 vito,
2940 3856 3074 3895 cum
3104 3840 3222 3912 ﬂat,
3255 3842 3443 3897 invita
3475 3841 3620 3913 (241)
3652 3840 3826 3895 marito

2270 3927 2488 3999 Diligat
2517 3930 2574 3982 et
2598 3927 2761 3999 juste
2791 3928 2986 3983 foedus
3010 3930 3304 3984 servando
3335 3934 3611 3986 venuste.

2271 4015 2422 4069 Nam
2452 4031 2604 4087 quos
2633 4016 2733 4070 lex
2756 4015 2975 4088 jungit,
3002 4018 3294 4072 sententia
3320 4019 3486 4073 nulla
3518 4017 3787 4090 repungit.

2273 4104 2350 4157 Ut
2381 4104 2622 4159 soboles
2646 4109 2898 4172 crescat,
2923 4121 2996 4160 ne
3021 4106 3350 4161 deiicienda
3377 4108 3657 4163 tabescat.

2270 4193 2466 4248 Prima
2493 4193 2702 4266 virago
2733 4194 2925 4265 datur,
2949 4195 3255 4265 primoque
3283 4195 3417 4251 viro
3437 4197 3707 4251 sociatur.

2270 4283 2395 4336 Tali
2424 4283 2660 4337 fortuna
2690 4283 2805 4338 duo
2823 4282 2941 4337 sint
2960 4286 3022 4337 ut
3051 4299 3229 4338 carne
3255 4285 3371 4340 sub
3405 4301 3540 4340 una.

2270 4372 2397 4425 Lex
2430 4372 2508 4426 ita
2537 4372 2734 4426 divina
2754 4372 3060 4442 praecepit,
3093 4388 3211 4427 non
3238 4374 3580 4446 peregrina.

2267 4460 2465 4514 Pinxit
2485 4459 2788 4529 Scriptura
2817 4475 2950 4531 quae
2976 4463 3117 4514 sunt
3137 4459 3409 4516 facienda
3431 4461 3623 4516 futura
3651 4476 3661 4513 :

2268 4548 2592 4618 Postponat
2618 4550 2865 4618 patrem,
2897 4549 3213 4618 postponat
3257 4549 3515 4622 denique
3545 4552 3767 4603 matrem

501 4636 759 4690 mundus
791 4634 1233 4690 famosissimus
1265 4652 1465 4691 comes
1494 4637 1920 4692 Provinciarun
1951 4637 2162 4692 famam
2268 4636 2551 4707 Quisquis
2583 4638 2640 4690 et
2668 4636 2839 4692 uxori
2864 4636 3155 4708 jungatur
3173 4652 3377 4694 amore
3409 4639 3609 4709 priori,

505 4724 754 4797 Rogerii
769 4723 1103 4779 Siculorum
1121 4725 1352 4779 comitis
1374 4726 1640 4797 audiens,
1648 4729 1891 4797 propter
1910 4728 2163 4782 strenui-

573 4864 724 4937 (224)
762 4865 829 4920 C.
861 4866 927 4920 P.
964 4866 1307 4921 Cornilium.

573 4937 722 5005 (225)
755 4937 926 4992 Suos.

574 5007 725 5079 (226)
742 5009 1134 5064 Permittere.

576 5081 723 5149 (227)
747 5082 810 5135 C.
842 5082 908 5135 P.
944 5080 1185 5139 hostilis
1213 5079 1474 5135 detonat.

576 5151 724 5219 (228)
743 5152 961 5205 Jacam.

579 5216 723 5295 (223)
737 5222 817 5295 Et
849 5222 922 5277 ab
938 5223 1203 5295 utrisque
1209 5221 1490 5295 partibus
1511 5222 1947 5295 exsequendum
1961 5237 2167 5295 sacrae

510 5290 726 5341 mentis
747 5291 1037 5365 ﬁrmatum
1056 5290 1291 5363 fuisset,
1328 5293 1426 5347 die
1448 5290 1781 5363 nuptiarum
1799 5297 2037 5365 statuto,
2073 5293 2171 5365 qui

517 5366 803 5436 venerant
814 5363 1089 5429 pluribus
1105 5362 1375 5420 donariis
1387 5380 1418 5436 a
1432 5362 1643 5436 comite
1656 5362 2170 5435 muniﬁcati,festi-

510 5434 681 5552 inor:
709 5444 923 5551 gfessu
951 5436 1183 5490 domino
1212 5451 1317 5491 suo
1363 5434 1487 5490 sibi
1516 5450 1898 5508 congressum
1941 5434 2166 5491 renun-

537 5512 637 5552 ian
671 5537 682 5552 .
718 5513 749 5552 e
777 5514 827 5552 c.

537 5512 682 5563 iant,
718 5512 827 5553 etc.

581 5566 730 5642 (230)
766 5568 1090 5649 Utriusque
1112 5579 1311 5644 partis
1330 5577 1710 5651 proceribus.

2268 4726 2302 4780 J
2309 4741 2415 4780 ure
2446 4724 2697 4779 maritali
2719 4727 2994 4781 servatur
3021 4724 3176 4782 linea
3204 4725 3323 4781 tali.

2362 4866 2489 4940 231)
2522 4866 3002 4940 thrografatur.

2364 4936 2489 5013 232)
2520 4936 2733 5013 Partis
2752 4939 3140 5013 praesulibus,
3175 4939 3251 4995 ab
3273 4940 3440 5013 ipsis.

2365 5008 2489 5078 233)
2519 5008 2963 5067 Attentissime.

2361 5080 2486 5153 28ft)
2520 5080 2949 5153 Sufflagrante.

2359 5150 2486 5220 235)
2518 5150 2847 5207 Redefunt.

2360 5220 2487 5296 230)
2616 5224 2682 5296 Ρ.
2714 5223 3005 5296 linquere.

2358 5290 2485 5350 237)
2513 5290 2866 5349 Delectatur
2900 5294 3140 5350 sociari.

2336 5363 2484 5437 (233)
2514 5363 2604 5437 Ac
2632 5365 2923 5437 alterque.

2361 5434 2484 5505 239)
2510 5436 2752 5491 Matris.

2361 5438 2484 5505 239)
2510 5438 2745 5491 Matris.

2336 5438 2485 5651 ita
2516 5505 2745 5637 es...
