4074 6150
211 243 389 321 1169

779 441 1031 496 CAPUT
1070 441 1279 501 XXIII.

674 530 811 587 Dux
838 531 1178 586 Romaniam
1215 532 1395 587 vadit.

260 622 455 692 Igitur
495 620 939 674 famosissimas
970 620 1296 689 Apulorum
1328 623 1385 674 et
1424 619 1714 677 Calabriae
1747 624 1867 678 dux

184 710 522 778 Robertus,
556 708 755 763 dietim
786 708 1105 780 instigante
1135 725 1200 762 se
1235 709 1520 764 Michaele
1563 712 1661 781 qui
1695 712 1765 765 ad
1796 730 1863 766 se

178 798 687 868 transfugerat,ut
701 800 980 867 coeperat,
999 814 1216 853 versus
1242 799 1585 853 Romaniam
1605 800 1862 855 animum

176 886 688 953 intendens,anno
711 886 1031 941 Dominicis
1045 888 1475 944 Incarnationis
1491 888 1621 943 1081
1634 906 1859 958 ,mense

179 975 347 1030 Maio
367 975 526 1045 apud
555 976 930 1045 Hydruntum
961 976 1141 1045 venit,
1157 977 1571 1048 apparatisque
1592 994 1698 1047 pro
1719 995 1857 1047 pro-

176 1080 373 1119 cessu
406 1065 742 1134 sumptibus
770 1067 932 1119 tanto
962 1064 1244 1134 incoeptui
1272 1066 1491 1137 dignis,
1526 1066 1857 1143 quindecim

166 1167 376 1208 naves
408 1155 571 1207 trans
623 1168 784 1207 mare
832 1154 1086 1223 aliquam
1133 1154 1341 1208 urbem
1382 1158 1855 1225 praeoccupatum

171 1241 380 1306 mittit,
408 1245 487 1310 ut,
514 1257 647 1296 cum
667 1242 799 1312 ipse
829 1258 962 1297 cum
990 1241 1219 1314 reliquo
1244 1243 1507 1298 exercitu
1535 1244 1856 1315 subseque-

172 1334 375 1401 retur,
400 1330 696 1385 imbecille
714 1332 952 1403 vulgus,
979 1331 1154 1403 cujus
1175 1348 1316 1402 pars
1329 1333 1579 1387 maxima
1609 1333 1668 1389 in
1685 1349 1856 1405 expe-

171 1419 432 1489 ditione,
464 1423 608 1489 erat,
633 1436 751 1491 quo
784 1436 851 1475 se
882 1420 954 1475 ab
984 1420 1184 1476 hostili
1216 1421 1484 1491 incursu,
1516 1422 1570 1475 si
1599 1438 1851 1479 necesse

170 1507 360 1575 foret,
386 1512 667 1578 tueretur,
695 1509 956 1565 haberet.
1000 1510 1087 1564 Illi
1116 1525 1260 1566 vero
1295 1510 1427 1564 vela
1463 1512 1657 1565 ventis
1688 1527 1851 1566 com-

170 1597 487 1655 mittentes
510 1598 580 1653 de
604 1602 775 1655 nocte
814 1599 967 1670 apud
1002 1598 1260 1655 Corofon
1295 1600 1604 1669 applicant.
1635 1600 1853 1655 Insula-

168 1703 295 1760 que
327 1689 404 1743 de
432 1688 582 1742 mari
601 1688 1571 1757 eminusinspecta,mulﬁtudinem
1593 1689 1851 1744 hostium

168 1794 361 1852 quam
410 1779 765 1833 invenerunt
806 1778 1214 1847 abhorrentes,
1258 1778 1496 1833 minime
1534 1795 1568 1832 a
1597 1779 1849 1834 navibus

1296 237 1702 318 als'rORIA
1740 238 2065 319 SICULA.
2119 273 2191 288 —
2237 240 2395 303 LIB.
2442 241 2548 306 III.

3501 252 3655 317 H7O

1894 426 1946 483 Α
1989 445 2204 503 Herico
2236 449 2470 505 dicitur.
2517 453 2661 508 Post
2690 456 2880 510 autem
2928 457 3032 511 ubi
3059 459 3274 515 ﬂuvius
3324 460 3557 533 Baiosae
3588 464 3649 521 in

1986 551 2149 591 mare
2183 539 2399 607 deﬂuit,
2446 541 2676 609 placido
2718 543 2893 598 littori
2924 546 3297 603 transfertur.
3332 551 3466 605 Dux
3497 568 3642 624 ergo

1984 642 2090 695 pro
2112 626 2278 681 libitu
2308 645 2416 682 suo
2438 631 2667 700 placido
2699 632 2890 687 littore
2912 637 3153 704 potitus,
3172 638 3422 694 navibus
3441 641 3643 711 digre-

1985 713 2192 783 diens,
2252 732 2387 772 mox
2444 722 2506 771 ut
2548 723 2761 774 terram
2813 723 3065 790 pedibus
3102 726 3318 795 attigit,
3378 728 3643 797 inspecta

1980 804 2313 859 amoenitate
2362 806 2597 876 situque
2644 808 2929 879 locorum,
2977 812 3104 866 suis
3136 813 3362 868 dixisse
3405 816 3635 872 fertur:

1979 892 2026 947 Ο
2056 892 2365 948 fortissimi
2387 896 2624 965 milites,
2650 899 2705 950 et
2725 898 2969 953 honoris
2991 902 3507 969 praedecessorum
3524 922 3639 963 non

1978 981 2308 1053 degeneres
2335 983 2626 1052 haeredes,
2663 986 2789 1040 haec
2814 991 2904 1041 est
2935 990 3088 1042 enim
3118 991 3437 1047 haereditas
3463 996 3635 1050 vobis

1979 1075 2339 1139 competens.
2371 1073 2486 1125 Pro
2527 1074 2635 1127 hac
2683 1075 3065 1145 adipiscenda
3110 1080 3290 1133 armis
3331 1078 3632 1138 decertan-

1975 1159 2112 1212 dum
2142 1161 2253 1214 est.
2287 1160 2418 1214 Non
2465 1177 2575 1215 vos
2623 1166 2873 1218 eterreat
2901 1165 3181 1235 ignobilis
3213 1168 3396 1239 vulgi,
3434 1173 3490 1223 et
3519 1173 3632 1225 im-

1973 1248 2204 1318 becilis,
2240 1249 2509 1318 quamvis
2552 1266 2907 1323 numerosae,
2931 1255 3318 1310 multitudinis
3347 1259 3630 1327 strepitus

1972 1335 2252 1407 hostium,
2279 1338 2386 1392 sed
2403 1339 2743 1394 adhortatur
2761 1343 2994 1411 species
3018 1348 3074 1397 et
3094 1344 3421 1400 fecunditas
3443 1347 3630 1402 hosti-

1970 1427 2045 1481 lis
2095 1427 2459 1497 adipiscendi
2504 1429 2921 1486 haereditaliter
2966 1434 3111 1504 agri,
3179 1438 3531 1508 speciesque
3573 1442 3630 1495 et

1969 1515 2324 1570 abundantia
2351 1520 2488 1587 post
2520 1523 2836 1589 certamen,
2870 1523 2922 1574 si
2955 1526 3192 1577 strenue
3220 1526 3416 1595 agitis,
3451 1527 3624 1582 vobis

1971 1604 2297 1660 debitarum
2324 1621 2542 1661 rerum.
2579 1608 2721 1662 Haec
2752 1607 2975 1680 dicens,
3010 1617 3291 1681 castrum,
3324 1616 3479 1686 quod
3511 1616 3622 1670 Ca-

1970 1693 2195 1762 sopolis
2226 1695 2439 1749 dicitur
2467 1696 2527 1750 in
2555 1696 2749 1751 insula
2776 1700 2965 1754 Caroﬁ
2991 1716 3339 1773 oppugnans
3371 1705 3540 1775 capit,
3569 1708 3627 1759 et

1968 1783 2125 1837 aliud
2160 1787 2437 1854 castrum,
2489 1787 2641 1856 quod
2690 1802 2762 1841 ex
2806 1790 3038 1844 nomine
3095 1790 3306 1846 insulae
3335 1791 3629 1848 Caroﬁum

169 1867 473 1938 progredi
489 1867 992 1937 prmsumunt,sed
1008 1867 1257 1922 reditum
1271 1869 1693 1937 accelerantes,
1714 1868 1850 1921 duci
1883 1888 1930 1941 Β
1968 1887 2182 1927 nomen
2218 1866 2461 1942 accepit,
2485 1889 2617 1928 cum
2648 1878 2766 1929 tota
2791 1876 2985 1930 insula
3026 1894 3152 1933 suae
3173 1881 3464 1951 mancipat
3495 1898 3626 1936 ser-

168 1956 504 2026 placidum,
554 1956 727 2011 etiam
758 1957 815 2011 si
851 1956 1044 2028 major
1072 1962 1237 2011 esset
1275 1958 1599 2027 exercitus,
1634 1973 1848 2013 renun-

168 2043 488 2099 tiant.Dux
516 2045 710 2116 itaque
730 2045 1047 2115 plurimum
1072 2047 1434 2103 exhilaratus
1466 2046 1653 2117 copiis
1682 2047 1850 2101 navi-

165 2132 293 2188 bus
304 2134 663 2188 introductis
680 2134 934 2190 festinus
948 2151 1079 2190 cum
1094 2137 1252 2191 omni
1265 2135 1459 2190 classe
1473 2135 1853 2190 transfretare

168 2223 499 2293 accelerat,
516 2224 790 2293 pluribus
813 2240 885 2279 ex
914 2225 1355 2281 remanentibus
1386 2225 1850 2295 amicis,quibus

170 2313 458 2383 Apuliam
514 2312 958 2386 Calabriamque
1007 2317 1384 2385 procuratum
1443 2315 1843 2384 delegaverat,

168 2402 399 2457 timore
434 2418 589 2471 eum,
641 2405 697 2456 et
741 2405 843 2475 qui
899 2419 1031 2458 cum
1071 2404 1203 2473 ipso
1235 2404 1491 2473 abibant,
1524 2403 1844 2473 amittendi,

164 2507 375 2563 usque
415 2493 489 2546 ad
516 2493 648 2562 ipsa
690 2493 1080 2565 lacrymarum
1128 2493 1363 2562 indicia,
1411 2507 1560 2563 quas
1601 2491 1846 2546 affectus

169 2582 420 2652 pietatis
446 2581 815 2651 exprimebat
834 2582 1190 2642 dolentibus;
1226 2583 1579 2653 quibusdam
1609 2597 1751 2637 vero
1775 2597 1847 2636 ex

166 2671 246 2725 iis
283 2671 390 2740 qui
419 2686 551 2724 cum
576 2671 708 2741 ipso
730 2671 1261 2741 proficiscebantur
1291 2672 1502 2726 timore
1522 2675 1635 2724 tam
1654 2670 1846 2725 horri—

166 2758 307 2828 bili,
357 2760 431 2814 ad
465 2759 620 2829 quod
672 2759 1009 2814 intendebat
1052 2761 1366 2829 incmptus,
1400 2776 1466 2815 ac
1507 2760 1562 2813 si
1591 2759 1845 2814 febrium

164 2850 313 2920 typo
352 2851 762 2919 gravarentur,
811 2848 1097 2904 militibus
1134 2838 1396 2903 demisse
1433 2849 1841 2904 trementibus.

165 2937 331 2991 Nam
374 2940 607 3007 quantae
657 2937 938 3007 audaciae,
986 2937 1237 3009 cujusve
1275 2938 1544 2992 militaris
1594 2939 1845 2993 strenui-

159 3026 313 3080 tatis
344 3026 467 3079 dux
495 3024 608 3081 iste
639 3025 833 3095 fuerit,
877 3042 1009 3081 cum
1040 3042 1146 3097 per
1173 3028 1354 3082 multa
1382 3027 1664 3081 exercitia
1697 3027 1843 3082 satis

156 3114 525 3186 abundeque
556 3114 822 3184 clarerat,
856 3114 1029 3169 etiam
1086 3116 1140 3170 si
1206 3117 1455 3187 reliqua
1512 3116 1705 3170 omnia
1759 3116 1845 3170 si-
1880 3101 1925 3156 Ο

158 3206 362 3273 leant,
416 3218 490 3258 ex
542 3204 656 3258 hoc
695 3204 1071 3274 potissimum
1128 3204 1527 3260 indubitanter
1573 3204 1846 3259 adnotari

162 3295 406 3365 potest,
478 3292 637 3364 quod
716 3308 849 3347 cum
917 3295 1034 3346 tam
1102 3294 1455 3364 populosam
1513 3295 1841 3364 imperium,

164 3385 416 3453 tamque
437 3381 744 3452 capiosum
764 3382 1363 3451 imperatorem,totve
1385 3383 1564 3437 millia
1585 3382 1845 3438 hostium

161 3488 369 3543 pauca
380 3487 555 3526 manu
578 3486 684 3542 spe
706 3470 1067 3543 subjugandi
1082 3470 1237 3526 bello
1251 3472 1551 3526 lacessere
1562 3474 1844 3527 tentatum

162 3564 264 3617 ire
284 3560 705 3632 praesumebat,
731 3561 860 3630 ipse
881 3563 1121 3615 armatae
1142 3560 1364 3615 militiae
1385 3576 1502 3615 non
1530 3561 1844 3631 plusquam

163 3650 340 3707 mille
364 3652 662 3705 trecentos
691 3649 907 3705 milites
938 3664 1143 3705 secum
1171 3650 1476 3719 habuisse,
1508 3649 1579 3705 ab
1611 3650 1720 3720 eis,
1745 3650 1846 3721 qui

163 3741 373 3797 eidem
394 3739 631 3811 negotio
654 3740 1070 3809 interfuerunt,
1091 3742 1414 3794 attestatur.
1434 3740 1619 3793 Porro
1642 3739 1844 3808 copias

161 3832 252 3900 ei,
287 3829 568 3900 viresque
599 3843 748 3899 quas
780 3843 879 3883 res
908 3830 1042 3900 ipsa
1070 3830 1443 3899 tempusque,
1469 3832 1747 3899 quantum
1775 3828 1846 3881 ad

163 3932 513 3987 numerum,
548 3916 854 3971 oculorum
883 3915 1093 3972 intuitu
1124 3917 1319 3971 minus
1351 3915 1717 3971 sufficienter
1741 3916 1847 3969 ad-

162 4006 572 4074 ministrabat,
601 4005 730 4075 ipsa
749 4004 883 4077 ejus
916 4005 1108 4059 animo
1130 4005 1325 4059 innata
1347 4004 1617 4059 militaris
1638 4005 1847 4058 feroci-

160 4101 289 4165 tas,
312 4111 383 4149 ac
405 4095 459 4149 si
474 4094 609 4164 plus
629 4094 778 4165 ipsis
800 4094 1073 4149 hostibus
1088 4094 1447 4149 necessariis
1467 4094 1656 4164 copiis
1674 4093 1851 4148 abun-

167 4186 366 4253 daret,
414 4182 784 4239 sufﬁcienter
814 4199 1113 4255 supraque
1153 4198 1285 4237 eum
1316 4183 1535 4238 habere
1568 4184 1628 4237 in
1657 4184 1851 4237 mente

164 4272 676 4346 repraesentabat;
712 4287 1076 4344 suorumque
1102 4272 1333 4327 animos
1353 4288 1476 4342 prae
1506 4272 1715 4326 timore
1746 4272 1852 4325 mi-

166 4380 293 4420 nus
315 4362 563 4431 hilares,
593 4362 794 4416 laetum
824 4361 1046 4415 vultum
1069 4360 1453 4430 ostendendo,
1472 4361 1657 4433 largis
1686 4360 1855 4433 ejus-
1885 4386 1934 4439 Ι)

165 4454 310 4509 dem
334 4451 606 4524 regionis
637 4450 1094 4521 possessionum
1118 4451 1674 4521 thesaurorumque,
1713 4467 1780 4505 ac
1804 4452 1860 4506 si

162 4542 294 4614 jam
316 4540 760 4607 debellavisset,
784 4539 1288 4612 promissionibus
1306 4540 1647 4613 recreando,
1670 4555 1777 4612 spe
1793 4555 1862 4596 ea

167 4634 234 4686 in
262 4631 575 4701 posterum
606 4628 1023 4699 recipiendi,si
1046 4632 1285 4684 strenue
1323 4644 1528 4684 secum
1552 4645 1733 4703 agere
1765 4644 1863 4685 vo-

166 4722 325 4790 lunt,
355 4717 736 4802 adOmilitaris
760 4718 1060 4773 exercitus
1095 4718 1359 4787 pericula
1396 4719 1694 4789 tentanda,
1726 4735 1858 4789 quae

168 4807 567 4865 formidolosa
613 4808 927 4861 aestimatio
976 4806 1415 4877 dehortabatur,
1457 4809 1857 4878 promptiores

168 4897 487 4953 reddebat.
530 4896 733 4965 Copiis
777 4897 975 4967 itaque
1006 4898 1164 4951 tanto
1196 4896 1477 4966 incoeptui
1510 4897 1708 4969 dignis
1749 4913 1856 4967 pro

170 5002 285 5059 spe
318 4984 641 5058 apparatis,
663 4985 801 5040 dum
818 5001 1002 5040 naves
1025 5000 1131 5055 per
1167 5000 1409 5057 aequora
1437 4986 1723 5056 prudente
1755 5002 1854 5041 re-

166 5076 338 5147 mige
368 5076 684 5146 reguntur,
706 5090 848 5128 aura
879 5073 999 5129 leni
1033 5076 1421 5145 prosperante
1443 5077 1689 5130 ventosa
1721 5091 1854 5130 car-

164 5166 547 5235 basa,usque
566 5163 640 5217 ad
660 5168 893 5233 portum
912 5163 1161 5233 placidae
1186 5163 1593 5233 applicationis
1612 5164 1851 5235 impune

165 5252 568 5329 recipiuntur,
588 5267 849 5325 parsque
873 5251 1090 5307 classis
1113 5252 1365 5324 applicat
1384 5253 1441 5307 in
1465 5256 1716 5326 portum,
1750 5254 1853 5326 qui

245 5393 398 5465 (242)
427 5393 492 5450 C.
526 5395 593 5451 P.
625 5393 916 5449 Avalona.

246 5466 400 5535 (243)
427 5465 764 5521 Amathios.

246 5536 400 5607 (244)
436 5535 609 5593 Urbi.
820 5606 825 5607 ί
1032 5585 1045 5599 .

246 5540 378 5607 (244
436 5540 609 5593 Urbi.
1032 5585 1045 5599 .

244 5540 400 5682 (245)
428 5608 642 5666 Secum
679 5606 828 5682 quod
862 5607 1081 5667 Canam
1120 5608 1436 5668 dicebatur
1466 5623 1561 5667 ex.

1966 1961 2156 2015 vituti.
2189 1961 2327 2015 Inde
2344 1964 2736 2033 progrediens
2761 1966 2984 2035 urbem,
3009 1982 3141 2036 quae
3168 1969 3451 2024 Avolucia
3481 1969 3630 2039 (242)

1970 2049 2210 2119 dicitur,
2231 2049 2401 2119 juxta
2430 2052 2778 2107 Pemachios
2815 2054 2963 2123 (243)
2990 2071 3229 2126 campos
3256 2060 3393 2128 quia
3441 2060 3627 2114 confi-

1970 2139 2066 2192 nio
2081 2155 2196 2209 quo
2218 2139 2577 2208 applicuerat
2600 2141 2881 2211 adjacens
2904 2146 3042 2209 erat,
3069 2162 3203 2199 mox
3227 2152 3627 2218 oppugnatum

1966 2228 2143 2281 vadit.
2175 2228 2356 2282 Porro
2381 2228 2541 2282 cives
2565 2230 2734 2282 ducis
2764 2231 3018 2285 adventu
3038 2234 3254 2302 audito,
3275 2237 3625 2304 praesentia-

1966 2331 2080 2386 que
2092 2316 2333 2370 nimium
2346 2317 2790 2386 territi,viribus
2813 2320 2940 2373 suis
2958 2320 3250 2391 ignaviter
3265 2321 3621 2395 diffidentes,

1965 2405 2259 2459 deditione
2290 2421 2322 2458 a
2354 2420 2420 2459 se
2452 2406 2601 2475 ipsis
2632 2407 2783 2460 facta
2807 2408 2940 2477 ejus
2958 2409 3455 2481 ditionicumipsa
3476 2415 3624 2469 urbe

1965 2493 2317 2547 subdantur.
2377 2492 2651 2549 Castrum
2709 2497 2881 2550 etiam
2922 2499 3216 2567 quoddam
3272 2501 3416 2555 urbe
3474 2502 3622 2573 (244)

1963 2582 2117 2636 haud
2149 2584 2352 2652 procul
2392 2584 2589 2653 situm,
2623 2586 2779 2655 quod
2815 2586 3010 2641 Canna
3047 2588 3350 2644 dicebatur
3404 2607 3437 2644 a
3475 2590 3623 2662 (245)

1960 2672 2278 2742 praesentia
2327 2672 2496 2726 ducis
2527 2673 2735 2729 timore
2768 2675 3127 2747 languidum,
3181 2681 3236 2731 et
3276 2694 3343 2733 eo
3375 2680 3624 2734 maxime

1962 2760 2118 2831 quod
2150 2760 2469 2815 Avalonem
2499 2761 2667 2832 (246),
2699 2779 2831 2834 quae
2861 2763 3095 2819 bellicis
3128 2768 3314 2837 cOpiis
3349 2784 3414 2823 se
3441 2769 3623 2823 abun—

1961 2849 2191 2903 dantior
2219 2852 2363 2919 erat,
2406 2850 2759 2906 deditionem
2789 2852 3007 2908 fecerat
3047 2854 3214 2926 (247),
3252 2858 3404 2914 haud
3445 2874 3622 2914 secus

1963 2938 2253 2993 subditur.

2538 3027 2791 3083 CAPUT
2824 3032 3031 3085 XXIV.

2403 3116 2539 3170 Dux
2563 3117 2879 3173 Duracium
2912 3120 3165 3175 obsidet.

2068 3221 2386 3276 Fortunam
2418 3222 2528 3278 sibi
2566 3224 2685 3278 dux
2714 3226 2861 3280 satis
2889 3209 3043 3280 bene
3074 3227 3286 3284 cedere

2069 3310 2475 3383 Cognoscens,
2506 3313 2710 3387 adjicit
2740 3314 2987 3383 plurima
3018 3316 3215 3371 visere

2066 3400 2282 3454 Duraci
2312 3402 2526 3455 moenia
2558 3402 2791 3457 obsidet
2818 3404 3079 3475 undique

2136 3490 2373 3544 Armata
2400 3490 2600 3560 populi
2630 3506 2825 3546 manu.

2065 3578 2163 3633 Sic
2194 3579 2338 3633 urbs
2371 3581 2718 3635 contremuit
2750 3581 3025 3637 hostibus
3060 3583 3271 3653 obsita,

2065 3667 2351 3722 Difﬁdunt
2379 3669 2495 3722 sibi
2520 3668 2644 3740 jam
2674 3670 2845 3724 fortia
2875 3672 3109 3743 moenia,

2066 3755 2350 3809 Insistunt
2373 3757 2605 3812 civibus
2635 3758 2751 3813 tela
2780 3761 3065 3815 minantia

2171 3842 2372 3897 Altera
2382 3848 2479 3898 ant
2510 3845 2627 3899 sibi
2655 3846 2885 3901 funera.

2072 3930 2188 3986 Sed
2208 3932 2342 4002 plus
2375 3933 2642 3987 atteritur
2671 3936 3092 4004 asperitatibus

2071 4020 2413 4075 Graecorum
2442 4020 2697 4090 p0pulus
2727 4023 2969 4078 territus
3001 4025 3298 4100 hostibus,

2075 4109 2199 4165 Nec
2230 4108 2423 4163 reddit
2451 4109 2689 4164 timidus
2720 4127 2931 4180 asPcra
2962 4114 3205 4169 vulnera
3238 4134 3249 4171 :

2183 4198 2358 4252 Vires
2388 4198 2713 4253 abstulerat
2742 4200 2933 4254 timor.

2078 4287 2643 4357 Constantinopolim
2675 4288 2938 4343 chartula
2969 4290 3214 4348 mittitur

2084 4377 2304 4432 Hostes
2334 4375 2392 4430 in
2423 4377 2626 4447 praelio
2649 4378 2853 4432 adfore
2886 4379 3118 4437 dicitur.

2086 4466 2365 4537 Ereptum
2398 4467 2633 4521 veniant
2664 4484 2796 4522 cum
2825 4471 3012 4539 pretio
3043 4471 3191 4544 (248)
3221 4476 3522 4549 quaeritur,

2191 4555 2281 4610 Ne
2312 4555 2641 4610 subdantur
2670 4558 2742 4611 ab
2771 4557 3067 4616 hostibus.

2572 4680 2823 4738 CAPUT
2852 4685 3039 4741 XXV.

2311 4771 2448 4825 Dux
2476 4787 2603 4825 cum
2646 4771 2990 4828 Venatianis
3017 4776 3296 4833 bellatur.

2052 4879 2373 4948 Imperator
2400 4878 2617 4948 itaque,
2654 4880 2725 4933 de
2754 4882 3069 4949 praesentia
3105 4882 3363 4939 hostium
3393 4889 3639 4947 sinistro

1977 4967 2182 5022 nuntio
2202 4969 2443 5037 accepto
2466 4968 2753 5023 chartulis
2785 4972 3218 5040 expeditionem
3247 4975 3637 5051 submonens,

1976 5059 2160 5112 totum
2181 5055 2491 5125 imperium
2509 5057 2787 5112 sollicitat
2804 5059 3119 5129 multisque
3140 5062 3639 5136 millibus,paucis

1976 5161 2223 5201 numero
2253 5145 2550 5216 hostibus,
2583 5146 2689 5200 sed
2721 5147 3064 5203 strenuitate
3081 5151 3639 5231 abundantioribus,

1976 5250 2294 5291 occurrere
2324 5237 2509 5304 parat.
2552 5234 2930 5306 Credensque
2959 5253 2990 5291 a
3022 5240 3387 5300 multitudine
3399 5260 3646 5304 suorum

1973 5340 2079 5382 eos
2101 5324 2274 5379 facile
2287 5322 2779 5394 occupariposse,
2800 5325 3144 5385 Venetianis
3173 5332 3410 5390 mandat
3424 5338 3486 5391 ut
3503 5333 3639 5405 plu-

2041 5466 2188 5537 (246)
2216 5466 2268 5521 A
2282 5463 2566 5537 valonam.

2039 5536 2188 5610 (247)
2219 5536 2539 5610 Qeditione
2566 5536 2724 5594 facta
2755 5553 2879 5601 sua.

2042 5607 2191 5682 (248)
2219 5607 2436 5665 Prece.
