4074 6150
493 303 647 367 1171

1218 295 1653 363 GAUFREDI
1699 268 2242 359 MALATERRZE
2285 291 2665 359 MONACHI
2697 291 3137 359 BENEDICT.

3705 299 3828 363 1172

497 496 645 551 rima
675 492 872 549 classe
901 493 1053 564 apud
1084 492 1401 546 Duracium
1431 491 1545 545 sibi
1578 494 1979 561 occurrant,ut
2001 492 2054 545 si
2075 491 2158 546 ibi
2184 473 2238 539 Α
2274 489 2505 560 vit.Ipsi
2523 491 2581 544 in
2594 492 2827 560 portum
2840 490 3191 559 urbis,unde
3205 488 3857 560 exierant,regrediuntur;

500 585 651 639 forte
681 583 872 637 nostri
919 582 1076 636 bello
1107 581 1179 635 ab
1230 581 1361 651 ipso
1409 580 1642 647 devicti,
1697 580 1994 651 fugientes
2057 595 2163 650 per

502 687 663 726 mare
686 671 935 725 evadere
972 671 1314 737 niterentur,
1342 669 1413 723 ab
1448 668 1598 738 ipsis
1621 668 1813 723 navali
1848 669 2164 723 certamine

500 759 810 831 praeventi,
832 758 1065 812 facilius
1085 757 1388 826 intercepti
1403 757 1849 827 perimerentur.
1863 756 1971 821 Qui
1988 756 2166 827 jussa

504 834 756 901 ﬁdeliter
779 845 1141 914 complentes
1184 844 1439 897 classem
1471 844 1821 912 accelerant,
1856 843 2166 913 triduoque

507 936 640 989 ante
659 934 773 987 sibi
795 932 1102 1001 prmﬁxum
1132 933 1204 985 ab
1227 933 1578 1002 imperatore
1595 932 1927 998 terminum,
1952 947 2167 986 versus

510 1022 825 1076 Duracium
850 1021 1163 1074 adventare
1192 1035 1225 1072 a
1256 1020 1479 1073 nostris
1509 1020 1738 1074 eminus
1770 1021 1828 1073 in
1860 1020 2009 1073 mari
2040 1035 2171 1073 con-

512 1109 861 1179 Spiciuntur.
883 1109 970 1162 Ad
988 1124 1241 1178 quorum
1258 1107 1527 1161 intuitum
1545 1108 1731 1162 nostri
1747 1109 1804 1160 in
1822 1124 1985 1161 arma
2005 1123 2171 1162 ruen-

512 1201 625 1264 tes,
650 1197 841 1250 navali
864 1211 1199 1267 congressu
1222 1195 1550 1249 dimicaturi
1570 1196 1843 1250 hostibus
1864 1196 2178 1265 promptis-

516 1284 666 1338 simc
700 1300 1016 1339 occurrere
1037 1283 1386 1338 accelerant.
1429 1283 1643 1354 Sicque
1673 1299 1781 1354 per
1810 1287 1985 1338 totam
2021 1284 2176 1338 diem

514 1374 790 1443 utrinque
808 1373 1130 1427 accerrime
1154 1388 1548 1443 congressum
1566 1375 1676 1427 est.
1697 1374 1770 1426 At
1789 1388 1919 1427 cum
1932 1372 2054 1444 jam
2082 1373 2175 1426 die

514 1461 907 1533 refrigerante
930 1461 1021 1514 sol
1040 1462 1114 1514 ad
1137 1476 1415 1515 occasum
1430 1476 1690 1532 vergens
1711 1461 1966 1531 liquidas
1989 1461 2176 1515 undas

517 1550 734 1606 Oceani
752 1550 921 1619 quasi
943 1549 1278 1602 subintrare
1300 1548 1980 1618 videretur,praavalente
2001 1549 2180 1603 hosti-

518 1642 635 1696 bus
682 1637 1028 1692 strenuitate
1066 1639 1425 1704 nostrorum,
1460 1636 1768 1691 Venetiani
1813 1638 2040 1692 viribus
2082 1653 2180 1691 ex-

520 1728 739 1795 hausti,
765 1725 1116 1779 deditionem
1148 1725 1515 1794 pollicentes,
1554 1741 1758 1794 pacem
1797 1726 2182 1796 induciasque

522 1831 716 1886 usque
746 1814 807 1867 in
828 1814 1355 1905 crastinumtquos
1386 1813 1521 1867 duci
1546 1829 1652 1883 pro
1678 1814 1845 1868 libitu
1874 1830 1981 1868 suo
2006 1814 2183 1868 fmde-
2218 1848 2228 1905 ἰ
2254 1858 2257 1862 .

525 1906 729 1957 rentur
749 1902 1143 1970 expostulent.
1160 1900 1395 1971 Sicque,
1416 1902 1638 1955 nostris
1660 1903 1817 1973 quod
1838 1903 2189 1972 expetebant

525 1989 861 2045 inconsulte
884 1988 1366 2057 concedentibus,
1392 1992 1688 2044 certamen
1704 1991 1812 2044 hac
1828 1992 1955 2045 vice
1978 1991 2192 2045 scindi-

529 2081 623 2133 tur
667 2077 855 2131 nostri
912 2076 972 2129 in
1018 2079 1247 2145 portum
1302 2093 1477 2131 suum
1542 2083 1937 2133 revertuntur.
1989 2079 2193 2134 Nostri

528 2168 748 2236 itaque,
791 2164 1105 2218 deditionis
1151 2164 1299 2218 falsa
1346 2166 1762 2234 pollicitatione
1806 2167 2025 2237 delusi,
2084 2182 2194 2237 per

533 2257 709 2309 totam
739 2257 989 2322 noctem,
1022 2254 1193 2323 quasi
1235 2252 1358 2323 jam
1408 2254 1612 2308 hostes
1643 2255 2189 2326 triumphavissent,

532 2342 877 2414 gloriantes,
904 2342 1041 2395 dum
1065 2356 1254 2411 usque
1280 2342 1337 2394 in
1361 2343 1686 2396 crastinum
1707 2344 1981 2398 securius
2014 2346 2192 2399 susti-

533 2434 690 2498 nent,
702 2429 1004 2484 Venetiani
1018 2445 1202 2484 naves
1216 2446 1359 2485 suas
1380 2431 1648 2500 pluribus
1662 2434 2085 2489 commeatibus
2099 2450 2196 2506 ag-

534 2521 839 2590 gregatas,
861 2523 1149 2572 nocturno
1180 2519 1412 2573 silentio
1445 2522 1818 2575 exonerando
1840 2522 2191 2593 levigantes,

536 2609 594 2660 et
623 2606 683 2660 in
731 2607 1063 2660 summitate
1093 2607 1228 2659 mali
1259 2608 1734 2679 uniuscujusque
1782 2611 1952 2663 navis
1985 2612 2198 2665 solium

539 2694 810 2763 duorum,
862 2695 955 2749 vel
1000 2694 1177 2749 trium
1226 2696 1527 2751 hominum
1585 2700 1708 2767 arte
1756 2701 2195 2767 componentes,

536 2782 952 2853 lapidibusque
965 2786 1021 2838 et
1038 2784 1173 2853 pilis
1196 2785 1266 2839 ad
1280 2785 1598 2855 jacendum
1623 2788 1953 2842 munientes
1972 2804 2110 2842 sese
2129 2788 2201 2841 ad

539 2871 945 2926 defensionem
1000 2873 1192 2942 potius
1242 2889 1414 2943 quam
1463 2874 1533 2927 ad
1584 2874 1938 2930 deditionem
1982 2879 2198 2945 aptant.

540 2960 671 3014 Dux
690 2975 857 3029 vero,
882 2959 999 3013 doli
1018 2961 1282 3031 ignarus,
1308 2977 1538 3015 summo
1564 2962 1819 3018 diluculo
1841 2964 2203 3034 potentiores

539 3048 834 3103 exercitus
858 3048 951 3102 sui
970 3049 1070 3118 qui
1093 3065 1196 3103 eos
1219 3064 1285 3103 se
1307 3049 1474 3119 ipsos
1506 3051 1661 3105 sicut
1682 3052 2075 3121 promiserant
2106 3052 2202 3105 de-

539 3137 747 3191 dentes
771 3138 1164 3207 susciperent,
1184 3138 1441 3208 mittens,
1466 3140 1653 3193 salvis
1676 3125 1951 3195 omnibus
1967 3157 2099 3211 quae
2121 3142 2205 3210 ip-

539 3240 743 3280 sorum
772 3230 957 3291 erant,
994 3243 1184 3297 usque
1231 3228 1303 3280 ad
1334 3243 1401 3281 se
1434 3228 1728 3283 deducere
1767 3230 2055 3299 praecipit.
2088 3229 2204 3284 Sed

538 3314 990 3370 advenientibus
1017 3316 1325 3369 Venetiani
1345 3332 1506 3370 arma
1526 3317 1722 3386 potius
1756 3333 1929 3386 quam
1962 3317 2205 3372 deditio-

541 3419 674 3458 nem
705 3407 1093 3471 ostentantes,
1127 3405 1264 3457 dum
1294 3420 1509 3475 magno
1537 3405 1757 3474 impetu
1792 3420 2006 3459 versus
2038 3406 2205 3475 ipsos

540 3494 914 3564 grassantur,
937 3492 1326 3561 nostris,quia
1344 3492 1753 3561 imparatiores
1765 3496 2203 3563 processerant,

542 3582 839 3634 certamen
856 3579 1313 3649 declinantibus,
1346 3580 1462 3649 ipsi
1478 3581 1537 3634 in
1554 3584 1788 3649 portum
1806 3580 2208 3635 Duracensem

542 3668 615 3721 ad
655 3667 1034 3737 ignominiam
1057 3668 1453 3739 damnumque
1473 3672 1815 3724 nostrorum
1838 3670 2075 3738 impune
2111 3685 2209 3739 ap—

540 3754 779 3826 plicant,
832 3756 1038 3826 sicque
1078 3756 1410 3812 facultatem
1459 3758 1707 3812 liberam
1755 3758 1967 3812 urbem
2011 3758 2207 3829 ingre-

542 3843 739 3899 diendi
759 3844 1066 3915 habentes,
1095 3846 1367 3900 vicissim
1384 3849 1577 3900 nautae
1597 3846 2019 3901 urbicensibus
2037 3850 2092 3901 et
2115 3862 2207 3900 ur-

541 3933 823 3988 bicenses
845 3934 1040 3989 nautis
1064 3936 1502 4003 consociantur,
1527 3936 1901 4006 invicemque
1917 3937 2212 4005 pertotam

544 4026 780 4077 noctem
822 4026 880 4078 et
918 4023 1071 4078 diem
1122 4024 1438 4078 consilium
1488 4027 1789 4094 captantes
1831 4025 1966 4094 plus
2017 4023 2211 4078 minus

544 4127 579 4165 a
590 4111 899 4167 medietate
912 4113 1105 4167 noctis
1119 4112 1541 4185 transactalsub
1555 4114 1778 4184 pallore
1817 4114 1973 4168 lunae
1989 4128 2215 4167 arman-

544 4202 661 4267 tur,
698 4200 1071 4272 navibusque
1100 4201 1295 4256 littore
1326 4202 1495 4257 ocius
1526 4203 1759 4271 amotis,
1791 4203 2062 4257 buccinis
2085 4218 2217 4257 con-

548 4289 843 4359 crepando
875 4291 1099 4344 nostris
1141 4293 1440 4345 certamen
1473 4289 1685 4346 oﬁ‘erre
1736 4291 2214 4362 progrediuntur,

551 4377 770 4447 quibus
795 4378 986 4431 nostri
1006 4379 1272 4432 certatim
1303 4383 1688 4433 occurrentes
1722 4379 2008 4433 acerrime
2042 4380 2221 4433 utrin-

550 4480 664 4535 que
697 4466 1097 4536 congreditur.
1132 4466 1249 4520 Sed
1294 4466 1376 4520 illi
1429 4468 1751 4522 artiﬁciose
1791 4468 2010 4536 ignem,
2045 4483 2220 4538 quem

2278 579 2465 633 nostri
2497 594 2661 646 vero,
2686 579 2787 633 ubi
2816 578 2988 649 prius
3016 578 3433 647 applicuerant,
3463 577 3772 648 persistunt.

2861 665 3114 720 CAPUT
3146 667 3352 720 XXVI.

2583 755 2720 808 Dux
2748 770 2873 808 cum
2912 756 3275 825 imperatore
3298 755 3616 825 praeliatur.
3759 825 3762 828 ῃ

2354 843 2542 897 Porro
2584 843 2644 895 in
2688 844 2947 897 crastino
2995 858 3225 897 summo
3248 843 3498 897 diluculo
3527 842 3860 913 illucescente,

2285 945 2489 984 mense
2518 930 2757 984 Octobri
2785 932 3059 999 instante,
3092 931 3231 985 dum
3260 946 3397 999 pars
3426 931 3699 985 exercitus
3724 932 3866 985 nostri

2287 1018 2564 1088 pabulum
2607 1019 2921 1089 quaesitum
2971 1020 3055 1073 ire
3113 1021 3476 1088 appararent,
3529 1020 3867 1088 imperatorem

2287 1122 2420 1161 cum
2443 1107 2971 1161 innumerabilibus
3004 1108 3192 1177 copiis
3214 1107 3525 1161 adventare
3544 1122 3640 1177 per
3666 1107 3805 1177 signa
3826 1107 3867 1160 in

2290 1195 2728 1249 summitatibus
2760 1195 3059 1249 hastilium
3081 1196 3313 1249 eminus
3335 1195 3687 1249 eventilantia
3711 1194 3870 1264 depre-

2290 1283 2570 1338 hendunt.
2606 1283 2695 1337 Fit
2726 1298 3057 1338 concursus
3087 1288 3143 1338 et
3171 1283 3457 1352 strepitus
3482 1284 3538 1336 in
3558 1282 3779 1351 castris;
3801 1282 3871 1335 alii

2291 1373 2607 1441 terrentur,
2660 1372 2759 1424 alii
2813 1373 3007 1426 animo
3053 1372 3467 1441 promptiores,
3527 1372 3703 1424 minus
3735 1370 3869 1424 fortes

2294 1460 2694 1529 exhortantes,
2718 1460 3042 1514 recreando
3063 1461 3435 1514 robustiores
3453 1459 3606 1513 ﬁunt.
3638 1459 3747 1512 Dux
3771 1473 3872 1512 vero

2292 1548 2502 1602 videns
2525 1548 2641 1601 sibi
2661 1548 2800 1602 belli
2821 1552 3119 1603 certamen
3138 1548 3467 1616 imminere,
3490 1553 3550 1602 ut
3568 1548 3685 1601 suis
3702 1562 3873 1600 omnem

2293 1651 2461 1705 spem
2484 1635 2643 1706 fugas
2662 1636 2980 1691 auferendo
3013 1636 3087 1690 ad
3110 1635 3521 1690 defensionem
3539 1636 3625 1689 sui
3641 1634 3873 1688 ardentius

2292 1724 2698 1793 inflammaret,
2731 1740 2917 1779 naves
2938 1740 3081 1779 suas
3103 1740 3137 1777 a
3158 1726 3307 1777 mari
3342 1726 3629 1793 protectas
3646 1722 3769 1791 (249)
3786 1737 3873 1775 om.

2295 1828 2403 1867 nes
2426 1813 2775 1882 combussit,
2801 1829 2875 1867 ne
2893 1812 3046 1867 forte
3067 1829 3200 1866 cum
3222 1813 3425 1866 acrius
3446 1811 3696 1882 praalium
3713 1809 3874 1865 nostris

2295 1901 2644 1970 immineret,
2668 1901 2857 1955 timidi
2896 1904 3192 1955 certamen
3222 1900 3588 1967 declinando,
3619 1915 3712 1968 spe
3735 1904 3875 1952 tiens-

2297 1991 2529 2043 meandi
2553 1990 2821 2044 illorsum
2841 1989 3211 2060 aufugerent.
3233 1991 3553 2059 Imperator
3578 2003 3704 2042 vero
3721 2000 3878 2055 appro-

2299 2079 2591 2148 pinquans
2614 2079 2770 2133 haud
2791 2079 2995 2148 procul
3018 2094 3049 2131 a
3069 2078 3286 2132 castris
3304 2073 3879 2145 nostrorum,sedquasi

2302 2167 2512 2221 stadiis
2532 2169 2784 2236 quatuor
2800 2167 3185 2236 interpositis,
3212 2168 3684 2229 castrametatur;
3711 2160 3880 2217 exerci-

2302 2258 2400 2309 tus
2420 2255 2492 2308 ab
2518 2255 2770 2325 undique
2792 2254 2921 2324 ipse
2946 2254 3081 2309 facit
3114 2253 3285 2323 (250),
3324 2254 3555 2310 nemine
3577 2253 3802 2323 ipsorum
3814 2247 3882 2301 ad-

2304 2358 2549 2398 versum
2579 2347 2840 2410 nostros,
2883 2343 2991 2397 sed
3038 2358 3229 2412 neque
3273 2356 3352 2396 ex
3381 2342 3601 2396 nostris
3643 2340 3883 2393 adversum

2304 2434 2473 2502 ipsos
2507 2432 2636 2501 ipsa
2663 2432 2755 2485 die
2786 2432 3006 2501 aliquid
3030 2432 3451 2500 praesumente.
3491 2427 3741 2499 Sequenti
3763 2427 3883 2480 nocte

2307 2522 2426 2576 dux
2444 2521 2664 2590 primas
2683 2521 2874 2574 noctis
2889 2520 3027 2573 facit
3045 2519 3356 2589 excubias;
3375 2514 3887 2584 secundas,videlicet

2308 2627 2340 2664 a
2386 2608 2576 2664 media
2622 2611 2813 2677 nocte,
2863 2609 3052 2663 donec
3092 2608 3340 2675 diescat,
3391 2604 3740 2660 Boamundus
3774 2601 3885 2655 ﬁlius

2309 2696 2676 2751 ducis.Mane
2698 2700 2891 2751 autem
2916 2695 3088 2759 facto,
3126 2696 3245 2749 dux
3265 2695 3401 2765 ipse
3423 2695 3570 2749 lucis
3592 2688 3885 2761 crepusculo,

2311 2800 2635 2856 omnesque
2667 2784 2856 2839 nostri
2887 2787 3208 2855 surgentes
3239 2799 3376 2837 cum
3409 2796 3629 2837 summa
3656 2777 3886 2833 devotione

2310 2874 2560 2944 hymnos
2591 2874 2715 2939 Dei,
2751 2888 2885 2927 cum
2914 2873 3236 2926 missarum
3269 2871 3656 2925 celebratione
3678 2866 3888 2929 audiunt;

2310 2961 2679 3032 presbyteris
2711 2960 3118 3029 compunctive
3151 2960 3506 3014 confitentes
3553 2960 3777 3027 peccata,
3806 2966 3888 3006 mu-

2312 3052 2478 3105 niunt
2494 3050 2653 3104 sacri
2675 3049 2869 3103 viatici
2894 3047 3493 3117 ministeriis.Sicque
3515 3045 3767 3100 ordinatis
3780 3040 3889 3095 acie-

2252 3192 2289 3218 Ἴ
2310 3141 2427 3194 bus
2439 3139 2512 3192 ad
2530 3142 2824 3192 certamen
2842 3136 3131 3208 gradatim
3148 3139 3205 3191 et
3227 3135 3367 3207 conj
3376 3134 3713 3197 unctissime,
3720 3141 3893 3218 progra-

2240 3201 2289 3256 υ
2313 3228 2570 3283 diuntur.
2599 3201 2920 3296 Imperator
2954 3240 3097 3279 vero
3125 3224 3242 3279 sibi
3263 3201 3587 3279 occurrens
3605 3222 3741 3275 tanta
3758 3215 3892 3271 multi-

2311 3316 2514 3371 tudine
2546 3315 2802 3385 undique
2821 3314 3202 3383 conspicatur
3222 3312 3394 3383 (251),
3432 3315 3493 3366 ut
3512 3309 3713 3366 nullius
3740 3303 3892 3360 montis

2315 3419 2608 3460 ascensus
2625 3402 2700 3456 ad
2732 3402 3232 3471 supervidendum
3253 3400 3665 3455 extremitatem
3683 3396 3789 3467 ejus
3805 3390 3891 3446 sui-

2318 3494 2495 3547 ﬁcere
2526 3492 2845 3546 videretur.
2866 3490 3043 3562 Angli
3058 3506 3220 3558 vero,
3257 3504 3414 3560 quos
3438 3488 3735 3557 Waringos
3752 3478 3886 3551 appel-

2317 3581 2534 3650 lant,ab
2555 3580 2910 3650 imperatore
2927 3579 3217 3649 primitias
3231 3592 3599 3649 congressus
3615 3571 3893 3644 expetentes,

2322 3668 2638 3723 certamine
2682 3668 2841 3736 inito,
2890 3666 3157 3721 caudatis
3215 3666 3576 3734 bidentibus,
3616 3661 3796 3733 quibus
3820 3656 3895 3708 hoc

2322 3773 2515 3828 genus
2540 3756 2837 3811 hominum
2859 3756 3234 3826 potissimum
3252 3748 3805 3823 utitur,infestissime
3820 3743 3897 3795 ins-

2324 3847 2535 3914 tantes,
2586 3844 2807 3899 nostris
2862 3843 3180 3898 admodum
3237 3841 3553 3913 importuni
3606 3839 3767 3908 primo
3801 3841 3895 3886 esse

2325 3938 2647 4004 cmperunt,
2682 3948 2812 3986 cum
2846 3946 2984 3985 ecce
3033 3931 3305 4002 quaedam
3335 3930 3499 3985 acies
3536 3929 3718 3983 nostra
3751 3937 3807 3975 ex
3828 3916 3897 3971 ad-

2324 4038 2502 4077 verso
2524 4022 2644 4075 illis
2671 4021 2784 4075 sub
2806 4020 2963 4075 nudo
3004 4021 3188 4074 latere
3222 4032 3630 4090 prorumpens,
3662 4010 3773 4067 forti
3799 4020 3898 4061 con-

2324 4125 2546 4182 gressu
2586 4108 2903 4171 sauciatos,
2929 4109 2986 4160 et
3008 4106 3081 4159 ab
3102 4106 3356 4175 incoepto
3376 4103 3675 4160 deterritos
3692 4100 3743 4152 in
3760 4094 3900 4165 fugam

2329 4199 2507 4269 cogit,
2527 4197 2625 4268 qui
2648 4210 2861 4251 versus
2879 4195 3197 4249 ecclesiam
3222 4194 3283 4249 S.
3306 4192 3552 4261 Nicolai,
3584 4204 3701 4261 quae
3722 4184 3784 4239 ibi
3800 4194 3899 4235 con-

2325 4287 2488 4358 tigua
2536 4288 2679 4356 erat,
2723 4285 2858 4339 vitm
2911 4282 3197 4337 auxilium
3246 4281 3395 4351 (252)
3438 4280 3767 4350 expetentes,
3806 4269 3899 4322 dum

2329 4357 2445 4446 alii,
2472 4376 2752 4446 quantum
2784 4373 3078 4443 capacitas
3117 4371 3514 4441 permittebat,
3557 4357 3898 4421 subintrabani,

2330 4465 2427 4518 alii
2460 4466 2618 4517 tanta
2658 4461 3029 4517 multitudine
3050 4463 3202 4515 tecta
3231 4456 3706 4529 superscandunt,
3730 4453 3779 4503 ut
3806 4456 3901 4515 1100‘

549 4531 842 4609 Graecum.
855 4554 1166 4624 appellant,
1199 4556 1297 4626 qui
1337 4572 1446 4610 nec
1478 4571 1630 4627 aqua
1670 4531 2089 4628 exstinguitur,
2123 4571 2221 4611 oc-
2246 4538 2306 4609 1)
2332 4554 2471 4608 dere
2495 4552 2624 4623 ipsa
2648 4554 2797 4606 tecta
2829 4550 3119 4605 dissoluta
3146 4547 3615 4603 consubruantur
3641 4537 3781 4611 (253),
3809 4531 3900 4628 illos

552 4642 730 4697 cultis
776 4638 1107 4697 ﬁstularum
1155 4644 1446 4699 meatibus
1508 4645 1621 4698 sub
1666 4645 1856 4699 undas
1905 4644 2219 4714 perﬂantes

554 4731 867 4803 quamdam
915 4747 1126 4786 navem
1156 4732 1227 4786 de
1256 4733 1505 4802 nostris,
1541 4749 1717 4803 quam
1763 4732 1991 4787 Cattum
2028 4733 2221 4787 nomi-

554 4825 716 4888 nant,
741 4820 949 4875 dolose
978 4820 1313 4890 interipsas
1339 4822 1544 4891 liquidi
1567 4823 1829 4892 aequoris
1854 4823 2044 4875 undas
2067 4836 2222 4875 com-

556 4910 795 4964 burunt.
821 4909 937 4964 Sed
961 4910 1151 4964 nostri
1167 4910 1299 4965 dolo
1331 4912 1593 4982 cognito,
1618 4910 1772 4963 facto
1808 4910 2026 4979 impetu
2053 4909 2222 4963 aliam

558 5013 770 5054 navem
799 4998 871 5053 de
909 4999 1039 5053 suis
1069 5013 1185 5053 non
1217 4999 1465 5053 minoris
1494 4999 1663 5068 pretii
1694 4999 1929 5068 penitus
1976 4998 2034 5051 in
2064 5012 2225 5052 mare

561 5087 971 5159 submergunt,
1002 5088 1210 5157 sicque
1230 5088 1443 5142 damno
1467 5091 1671 5142 contra
1693 5088 1967 5141 damnum
1991 5100 2225 5156 compo-

566 5175 698 5243 sito,
731 5177 858 5243 pari
888 5178 1108 5231 ultione
1131 5177 1365 5231 facilius
1400 5176 1606 5244 fertur,
1643 5176 1986 5245 nostrisque
2012 5175 2227 5229 exhor-

563 5264 936 5319 rescentibus
967 5265 1168 5320 dolum
1191 5267 1479 5337 ipsorum,
1510 5265 1662 5335 ipsis
1694 5268 1886 5318 autem
1917 5263 2225 5318 strennita-

564 5350 682 5405 tem
703 5354 1064 5424 nostrorum,
1088 5358 1384 5411 certamen
1403 5353 1677 5425 utrinque
1695 5352 2046 5423 diremptum
2072 5352 2230 5425 quie-

635 5508 789 5585 (249)
821 5505 1077 5585 fati”?

627 5575 784 5661 (πρ)
925 5576 1127 5661 Papex:
1154 5586 1339 5640 ιαοίιί.

621 5646 786 5742 (251)
822 5646 1222 5718 Constipatur.

2332 4642 2431 4713 qui
2478 4621 2972 4708 subintraverant,
3026 4636 3428 4707 opprimentes
3460 4628 3708 4688 conclusi
3731 4621 3901 4714 pariter

2335 4711 2762 4785 sufforarentur
2778 4728 2946 4799 (254).
2969 4726 3153 4780 Porro
3174 4725 3491 4795 imperator
3517 4719 3710 4773 videns
3729 4711 3901 4799 Wauu-

2337 4833 2469 4891 gos,
2501 4818 2557 4871 in
2588 4792 2805 4887 quibus
2848 4815 2966 4869 sibi
3013 4813 3266 4868 maxima
3298 4827 3439 4881 spes
3487 4805 3722 4862 victoriae
3748 4792 3897 4891 ΐιιςεηίι

2337 4883 2631 4961 enerviter
2659 4906 2993 4975 superatos,
3026 4906 3081 4956 et
3109 4903 3351 4956 nostros
3384 4894 3736 4967 insequentes
3759 4883 3901 4939 adver

2339 5010 2471 5051 sum
2502 5009 2569 5049 se
2594 4993 2930 5061 adventare,
2949 4989 3192 5045 territus
3212 4989 3411 5060 fugam
3433 4985 3619 5056 potius
3643 4991 3787 5051 quam
3810 4982 3900 5061 ctr-

2338 5088 2530 5139 tamen
2549 5082 2730 5153 eligit,
2757 5059 3066 5149 omnisque
3084 5059 3384 5132 exercitus
3410 5074 3737 5131 Graecorum,
3764 5059 3899 5153 thB‘O'

2340 5173 2447 5227 riis
2494 5149 2827 5225 cum'omni
2874 5166 3265 5237 suppellectili
3296 5180 3404 5218 sua
3451 5158 3676 5224 relictis,
3715 5149 3898 5240 quisque

2341 5262 2505 5332 prior
2536 5261 2695 5331 fugae
2725 5257 2854 5312 ﬁeri
2896 5255 3202 5311 accelerat.
3236 5250 3438 5307 Nostri
3466 5252 3646 5317 itaque
3673 5240 3900 5332 victoriae

2342 5316 2568 5420 adepti,
2603 5316 2777 5402 "duce
2834 5361 2939 5400 eos
3015 5342 3415 5413 reprimente,
3476 5316 3619 5391 haud
3662 5332 3802 5396 longe
3843 5316 3900 5370 ίιι·

2413 5509 2561 5579 (95⁵3)
2590 5507 2840 5563 Asilum.
2977 5575 3014 5579 Η
3129 5572 3144 5579 _
3196 5578 3199 5579 ν
3500 5567 3513 5579 ⁹
3539 5565 3572 5576 η
3615 5563 3623 5574 ⁸

2414 5564 2563 5649 (953)
2594 5579 2727 5649 Ipso
2756 5581 2922 5649 certo
2951 5572 3240 5649 dissoluto
3266 5588 3391 5627 cum
3419 5564 3783 5639 subjiciuntur.

2414 5647 2563 5729 (2541’)
2595 5647 2747 5706 Galli
2773 5647 3158 5714 suﬂ‘ocantur,
3191 5647 3303 5700 etc.
