3982 6164
264 314 424 377 1173

208 514 443 586 gientes
499 513 797 584 persecuti
874 516 1030 582 sunt,
1101 514 1210 568 sed
1265 515 1339 568 ad
1399 516 1595 569 castra
1677 530 1883 570 eorum
1924 502 1969 560 Α

206 602 499 673 regressi,
534 602 653 655 dux
684 602 742 655 in
774 602 1041 655 tentoriis
1074 602 1475 672 imperatoriis
1507 603 1877 673 hospitatur;

210 692 414 745 caeteri
446 691 545 761 qui
580 691 807 759 priores
829 691 1207 759 accedebant,
1241 691 1597 760 pretiosiora
1632 692 1888 762 hospitia

212 795 348 833 cum
382 779 594 849 spoliis
640 781 944 849 usurpant.
998 780 1128 832 Dux
1184 794 1327 849 ergo
1374 780 1585 833 videns
1635 779 1886 833 hiemem

208 868 325 921 sibi
388 868 715 934 imminere,
776 869 1004 921 mensis
1036 867 1191 920 enim
1246 869 1370 919 erat
1399 866 1693 935 Octobris,
1748 868 1883 922 inde

205 972 575 1029 progressus
597 971 782 1024 super
812 955 1051 1008 ﬂuvium
1082 955 1516 1008 Daemoniorum
1537 959 1797 1009 castrum
1810 956 1881 1009 ad

207 1043 600 1099 mstivandum
635 1043 781 1113 (255)
800 1044 1149 1110 construxit,
1174 1044 1329 1113 quod
1351 1060 1423 1098 ex
1440 1060 1549 1098 suo
1568 1044 1879 1115 agnomine

205 1148 452 1200 vocans,
478 1131 733 1185 Montem
751 1131 1061 1185 Guiscardi
1092 1132 1425 1201 appellavit,
1474 1148 1505 1185 a
1543 1148 1659 1203 quo
1706 1132 1878 1186 etiam

206 1222 409 1276 diatim
466 1235 656 1290 usque
726 1220 1041 1274 Duracium
1108 1222 1327 1273 armata
1394 1235 1567 1273 manu
1631 1236 1881 1291 progre-

206 1311 404 1378 diens,
466 1308 723 1362 diversis
761 1308 1209 1369 incursionibus
1261 1308 1473 1362 crebro
1523 1308 1878 1362 lacessebat-

206 1401 417 1454 Castra
447 1412 593 1450 vero
611 1396 848 1449 diversa
868 1396 1136 1467 ejusdem
1151 1397 1472 1465 provinciae
1486 1396 1618 1466 ejus
1635 1396 1875 1451 infesta-

204 1490 428 1542 tionem
447 1486 602 1540 ferre
624 1501 741 1538 non
768 1486 1053 1554 valentes,
1072 1485 1292 1539 foedere
1323 1501 1455 1538 cum
1472 1485 1601 1554 ipso
1634 1501 1872 1555 compo-

207 1577 346 1645 sito,
382 1574 736 1630 deditionem
756 1573 1040 1629 facientes
1072 1574 1189 1627 sibi
1219 1573 1622 1627 conciliantur.

776 1716 1027 1770 CAPUT
1074 1715 1307 1769 XXVII.

707 1804 841 1858 Dux
874 1805 1190 1859 Duracium
1222 1803 1376 1874 capit

274 1951 419 2004 Erat
447 1953 639 2004 autem
678 1963 745 2001 ea
775 1948 1119 2017 tempestate
1150 1946 1301 2015 apud
1334 1945 1649 2000 Duracium
1679 1945 1875 2000 Vene—

201 2041 406 2094 tianus
457 2038 712 2108 quidam,
746 2036 979 2090 nomine
1011 2035 1372 2103 Dominicus,
1410 2033 1591 2087 nobili
1627 2050 1870 2105 genere,

201 2127 385 2199 cujus
399 2126 784 2197 providentiae
801 2124 1181 2195 majorturris
1213 2123 1282 2176 ad
1304 2124 1580 2177 tuendum
1605 2123 1873 2193 delegata

201 2220 351 2273 erat.
387 2215 583 2286 Hujus
600 2213 858 2267 animum
888 2213 1025 2280 dux,
1059 2212 1307 2283 quadam
1339 2211 1725 2265 collocutione
1763 2211 1871 2265 ha-

200 2306 327 2359 bita
382 2305 536 2358 inter
578 2317 644 2355 se
702 2301 912 2355 frivola
953 2301 1298 2372 quantisper
1342 2299 1726 2371 dignoscens,
1760 2300 1870 2353 ali-

200 2394 463 2466 quando,
500 2391 604 2445 sed
636 2391 829 2444 rarius
859 2405 966 2459 per
994 2404 1080 2458 se,
1116 2388 1428 2458 aliquando
1460 2403 1565 2457 per
1594 2389 1760 2451 alios,
1796 2404 1867 2442 ne

200 2484 357 2538 forte
370 2482 533 2535 fraus
557 2481 628 2534 ab
647 2480 777 2533 aliis
808 2480 961 2532 inter
981 2478 1145 2546 ipsos
1168 2478 1436 2546 componi
1468 2478 1867 2547 deprehende-

196 2576 387 2638 retur,
415 2572 701 2623 attentans
733 2566 1069 2621 diversisin
1103 2565 1613 2633 conventionibus,
1646 2567 1716 2619 de
1747 2570 1867 2621 tra-

197 2659 426 2714 ditione
446 2657 609 2712 urbis
623 2656 943 2710 sollicitare
963 2655 1157 2723 cmpit.
1175 2654 1424 2707 Animus
1442 2670 1582 2708 vero
1597 2655 1866 2724 cupidine

198 2764 389 2820 aeger,
414 2751 527 2801 uta
542 2744 1021 2816 promittentibus
1044 2743 1305 2797 avaritiae
1324 2743 1554 2796 luxuria
1572 2743 1866 2799 admisce-

195 2842 318 2907 tur,
354 2836 525 2890 facile
555 2836 888 2904 eorruptus,
922 2848 955 2885 a
984 2832 1139 2886 bono
1169 2832 1538 2902 honestoque
1564 2834 1866 2902 proposito

194 2925 486 2997 proclivis
540 2925 598 2977 in
656 2922 915 2976 deterius
948 2921 1212 2989 dilapsus
1265 2923 1374 2974 est.
1438 2921 1569 2972 Dux
1615 2920 1867 2992 denique

197 3018 439 3085 neptem
471 3012 764 3083 speciosae
786 3011 991 3065 formae
1006 3008 1252 3077 habens,
1273 3008 1448 3062 filiam
1461 3008 1733 3062 videlicet
1750 3009 1868 3064 fra-

196 3105 273 3158 tri
309 3103 408 3157 sui
448 3100 739 3156 Guilielmi
778 3099 1141 3169 principatus
1172 3098 1425 3167 comitis,
1479 3100 1541 3150 ut
1574 3098 1626 3151 ei
1657 3099 1713 3150 in
1744 3114 1869 3152 ma-

195 3191 545 3246 trimonium
576 3204 708 3243 cum
744 3187 1083 3242 haereditate
1114 3186 1328 3256 puellze
1384 3188 1733 3255 competenti
1765 3202 1867 3241 so—
1901 3215 1954 3283 Ο

196 3280 476 3337 ciandum
511 3294 577 3333 se
632 3278 770 3330 dare
803 3276 1134 3346 spopondit,
1167 3291 1276 3343 pro
1308 3276 1473 3327 libitu
1505 3291 1614 3328 suo
1665 3276 1864 3330 favore

194 3384 378 3436 usus,
413 3365 799 3421 sacramentis
820 3365 892 3418 ab
912 3364 1177 3433 utrisque
1196 3364 1462 3433 partibus
1487 3363 1659 3433 datis,
1687 3364 1784 3418 illo
1806 3368 1868 3418 ut

193 3458 414 3511 urbem
433 3456 637 3524 tradat,
684 3455 797 3507 isto
820 3455 882 3506 ut
901 3456 1131 3522 neptem
1184 3450 1445 3505 conferat
1459 3451 1717 3521 jurante,
1753 3469 1870 3506 nox

194 3563 307 3616 per
325 3544 696 3599 traditionem
718 3542 923 3596 urbem
947 3539 1316 3594 subintrandi
1346 3540 1708 3594 terminatur.
1737 3541 1869 3595 Dux

194 3635 270 3689 de
306 3632 702 3687 nanciscenda
725 3630 869 3683 urbe
894 3633 1110 3698 certus,
1132 3629 1327 3682 scalas
1345 3628 1416 3682 ad
1436 3630 1867 3684 transcenden-

195 3726 345 3778 dum
368 3721 515 3791 (256)
530 3735 732 3774 muros
748 3719 994 3790 exligno
1008 3718 1319 3786 componit.
1344 3717 1705 3772 Venetianus
1721 3712 1870 3787 (25⁵7)

193 3812 470 3866 autemin
484 3808 840 3879 adjutorium
862 3806 1032 3860 ducis
1052 3822 1122 3860 ex
1135 3804 1377 3860 funibus
1391 3822 1495 3876 per
1522 3807 1689 3860 Iexas
1723 3806 1869 3878 (258)

192 3898 654 3955 advenientibus
676 3896 952 3950 hostibus
974 3895 1044 3949 de
1066 3910 1233 3948 muro
1257 3894 1655 3963 dependentes
1673 3896 1869 3964 porri-

194 3988 390 4062 git.Et
420 3986 553 4058 quia
586 3985 674 4038 sic
706 3985 854 4053 (259)
875 3984 1160 4053 scriptum
1194 3986 1310 4037 est:
1336 3982 1869 4054 Nulluspernicio-

195 4075 538 4132 siorhostis
560 4074 739 4128 estad
760 4072 1079 4127 nocendum
1120 4087 1285 4143 quam
1309 4070 1628 4125 familiaris
1664 4072 1867 4125 inimi-

195 4181 328 4235 cus;
344 4164 418 4217 ab
432 4164 561 4234 ipso
575 4163 672 4233 qui
687 4162 743 4214 vi
757 4160 906 4215 tueri
920 4161 1219 4229 debuerat,
1235 4160 1419 4213 libera
1451 4145 1721 4214 facultate
1763 4177 1872 4214 ur-

194 4255 338 4309 bem
354 4250 773 4322 prorumpendi
814 4250 1086 4303 hostibus
1129 4264 1437 4318 concessa,
1481 4249 1593 4303 sub
1634 4251 1870 4305 nomine

194 4341 516 4398 Guiscardi
533 4341 775 4395 sinistro
789 4339 1043 4393 clamore
1058 4338 1279 4407 saepius
1294 4339 1348 4391 in
1358 4339 1873 4409 geminato,bucci-

196 4433 297 4486 nis
333 4429 828 4500 concrepantibus
851 4428 995 4481 urbs
1018 4430 1134 4481 tota
1150 4426 1689 4482 turbatur.Civesin
1710 4444 1872 4482 arma

194 4523 469 4587 ruentes,
498 4516 688 4589 ignari
710 4516 864 4588 quod
877 4514 1219 4587 hostesjam
1241 4531 1444 4569 secum
1470 4515 1618 4569 infra
1642 4532 1865 4587 muros,

198 4613 258 4663 et
290 4609 352 4661 in
386 4606 575 4661 altiori
605 4606 753 4659 turri
784 4607 987 4659 essent
1016 4605 1319 4658 incassum
1361 4619 1692 4675 repugnare
1718 4604 1866 4675 (260)

200 4697 491 4751 nituntur.
526 4694 743 4748 Triduo
771 4696 965 4747 tamen
995 4708 1101 4763 pro
1131 4708 1312 4763 posse
1344 4690 1511 4761 (261),
1567 4693 1671 4747 sed
1710 4693 1865 4748 frus-

198 4789 293 4839 tra
317 4784 642 4839 renitentes
670 4783 904 4837 tandem
935 4783 988 4834 vi
1021 4781 1227 4850 coacti,
1256 4780 1476 4835 fmdere
1519 4782 1865 4853 composito,

201 4873 566 4929 deditionem
598 4872 747 4942 ipsis
770 4871 1120 4926 facientibus
1143 4867 1311 4941 (262),
1338 4869 1538 4924 ditioni
1564 4870 1732 4925 ducis
1752 4872 1868 4926 col-

199 4962 260 5018 la
292 4960 644 5017 submittunt
672 4959 841 5029 (263).

277 5342 430 5413 (255)
468 5344 532 5413 (ξ.
569 5341 631 5394 I’.
666 5340 1058 5413 liiemandum.

303 5410 430 5482 256)
478 5410 1025 5466 Transcendendos.

304 5486 430 5552 257)
483 5482 844 5537 Venitianus.

284 5556 434 5623 (258)
471 5552 827 5623 Perplexas.

306 5624 433 5696 259)
473 5623 557 5696 Et
588 5624 719 5696 quia
755 5623 952 5696 sicuti.

308 5692 436 5767 260)
477 5693 545 5749 In
576 5692 779 5750 altiori
806 5697 990 5750 terrae
1042 5696 1215 5751 erant
1261 5692 1557 5749 incassum
1579 5704 1866 5765 pugnare.

1368 311 1776 379 HISTORIA
1818 313 2147 380 SICULA.
2180 348 2259 363 —
2290 315 2449 377 LIB.
2478 314 2595 381 ΙΙΙ.

3516 315 3673 381 11⁸74

2561 513 2811 571 CAPUT
2848 518 3105 573 XXVIII.

2484 605 2623 658 Dux
2645 604 2973 659 Castoriam
3006 608 3178 677 capit.

2075 693 2261 763 Igitur
2291 693 2409 747 dux
2438 693 2586 746 urbe
2616 694 2855 761 potitus,
2890 710 2995 763 pro
3029 695 3177 748 velle
3210 711 3319 750 suo
3360 697 3662 768 ordinans,

2003 780 2240 835 Fortino
2283 782 2353 835 de
2390 782 2626 835 Rosana
2675 782 3100 849 procurandum
3134 784 3446 854 delegavit.
3507 786 3662 857 Ipse,

2004 885 2135 923 cum
2168 870 2428 923 exercitu
2461 871 2608 923 ultra
2640 870 3054 940 progrediens,
3091 873 3269 924 totam
3300 874 3663 940 provinciam

2001 949 2349 1012 debellando
2406 958 2522 1011 sibi
2572 958 2956 1028 subjugatum
2989 960 3164 1012 vadit.
3224 960 3390 1013 Unde
3425 962 3481 1014 et
3509 962 3663 1030 apud

1999 1046 2226 1115 urbem,
2243 1063 2375 1116 quae
2397 1046 2661 1099 Castoria
2681 1047 2909 1113 dicitur,
2946 1048 3214 1116 veniens,
3232 1047 3366 1117 quia
3384 1048 3662 1103 ditionem

2000 1134 2132 1205 ejus
2164 1135 2365 1188 subire
2422 1135 2739 1198 recusavit,
2778 1134 3086 1188 obsidione
3127 1136 3473 1204 composita,
3532 1152 3661 1191 eam

1999 1222 2253 1293 undique
2294 1223 2550 1290 vallavit,
2594 1222 2887 1292 minisque
2935 1224 3207 1277 terrendo
3264 1227 3319 1277 et
3365 1224 3660 1278 interdum

1996 1310 2408 1365 blandimentis
2442 1310 2769 1379 mulcenda,
2796 1312 3091 1380 aliquanto
3113 1314 3375 1380 tempore
3400 1311 3657 1365 infestus

1996 1400 2351 1468 persistens,
2373 1399 2686 1469 plurimum
2706 1401 3027 1454 lacessivit.
3057 1400 3328 1454 Trecenti
3346 1401 3500 1453 enim
3520 1400 3658 1453 Wa-

1995 1488 2150 1558 ringi
2181 1489 2239 1541 in
2270 1488 2471 1542 eadem
2491 1489 2635 1542 urbe
2670 1488 3024 1557 habitabant,
3052 1490 3331 1543 custodes
3362 1489 3434 1541 ab
3466 1488 3654 1557 impe-

1993 1581 2186 1630 ratore
2209 1578 2482 1646 deputati,
2507 1593 2753 1647 quorum
2774 1578 3073 1645 praesidio,
3095 1581 3149 1629 et
3167 1592 3343 1645 opere
3376 1593 3492 1629 non
3541 1577 3652 1628 mi-

1989 1665 2211 1719 nimum
2225 1665 2663 1719 defensabatur.
2685 1668 2757 1718 At
2771 1682 2901 1719 cum
2922 1669 3161 1719 nostros
3183 1665 3243 1718 in
3257 1664 3651 1735 oppugnando

1985 1754 2381 1823 persistentes
2413 1754 2633 1821 vident,
2690 1754 3177 1821 machinamenta,
3234 1754 3451 1823 quibus
3502 1753 3653 1805 urbs

1987 1843 2220 1896 facilius
2239 1841 2762 1909 debeatdebellari,
2807 1844 2863 1894 et
2894 1841 3101 1894 debeat
3118 1857 3404 1910 apparere
3435 1841 3649 1893 timen-

1986 1935 2096 1999 tes,
2121 1933 2360 1999 etcapta
2378 1931 2523 1983 urbe
2544 1929 2717 1999 pejus
2740 1929 2934 1982 foedus
2960 1929 3127 1995 inire,
3160 1929 3274 1981 sibi
3298 1930 3355 1981 in
3387 1929 3649 1983 futurum

1983 2021 2413 2089 praecaventes,
2449 2017 2667 2071 faedere
2701 2016 2991 2084 confecto,
3024 2016 3380 2069 deditionem
3403 2017 3645 2071 faciunt.

1984 2108 2191 2179 sicque
2223 2107 2368 2161 urbe
2423 2106 2762 2176 subjugata,
2800 2121 2963 2159 emes
3018 2106 3477 2174 circumquaque
3507 2121 3648 2173 pro-

1982 2196 2194 2250 vinciae
2223 2212 2358 2249 cum
2391 2195 2652 2248 finitimis
2688 2195 2901 2247 castris
2925 2192 3057 2262 ejus
3089 2193 3291 2246 ditioni
3320 2192 3648 2263 subjugan-

1984 2289 2094 2338 tur.
2132 2285 2264 2354 Ipse
2322 2284 2535 2354 quippe
2569 2298 2772 2335 omnes
2804 2283 2901 2351 qui
2943 2282 3014 2334 ad
3056 2297 3121 2334 se
3156 2281 3649 2335 convertebantur

1983 2388 2115 2426 cum
2148 2388 2376 2426 summa
2408 2371 2855 2425 honorificentia
2878 2370 3151 2437 habebat,
3172 2370 3517 2422 muneribus
3546 2386 3647 2423 au-

1992 2462 2188 2533 gebat,
2220 2476 2421 2515 eorum
2442 2460 2687 2513 consilio
2714 2459 2772 2511 in
2795 2458 2868 2511 iis
2891 2474 3022 2527 quae
3047 2457 3310 2510 facienda
3328 2463 3492 2509 erant
3512 2458 3646 2525 plu-

1988 2551 2198 2603 rimum
2232 2549 2520 2602 utebatur.
2556 2547 2625 2599 Et
2655 2547 2766 2599 hoc
2798 2563 2868 2599 ex
2913 2546 3222 2613 industria,
3256 2548 3317 2596 ut
3360 2545 3477 2611 alii,
3512 2560 3646 2598 cum

1986 2638 2095 2690 ista
2127 2638 2413 2703 audirent,
2441 2635 2673 2689 facilius
2693 2634 2807 2687 sibi
2828 2634 3277 2702 applicarentur,
3298 2633 3527 2701 agebat.
3549 2632 3645 2684 Ti-

1984 2742 2114 2779 mor
2142 2730 2333 2778 autem
2366 2723 2498 2794 ejus
2529 2727 2710 2776 totum
2772 2722 3099 2792 imperium,
3134 2736 3323 2790 usque
3354 2719 3427 2772 ad
3454 2720 3646 2790 ipsam

1984 2815 2209 2885 regiam
2238 2813 2442 2866 urbem
2474 2816 2727 2866 tremore
2759 2810 3027 2863 faciebat.

2568 2900 2818 2953 CAPUT
2857 2899 3063 2951 XXIX.

1986 2995 2287 3048 Benarvet
2315 2990 2637 3045 traditione
2671 2968 2949 3043 (.Jatanam
2981 2987 3190 3054 intrat,
3226 2992 3283 3039 et
3309 2986 3479 3057 paulo
3512 2990 3647 3057 post

2444 3096 2474 3132 a
2508 3079 2733 3132 nostris
2764 3081 3173 3147 recuperatur.

2053 3175 2198 3227 Cum
2229 3172 2341 3224 ista
2372 3169 2524 3238 apud
2556 3166 2897 3220 Romaniam
2916 3181 2947 3217 a
2970 3164 3119 3216 duce
3134 3163 3465 3232 agerentur,
3492 3161 3646 3215 Sici-

1982 3263 2156 3317 liensi
2189 3259 2398 3314 comite
2434 3256 2689 3326 ltogerio
2721 3256 2874 3323 apud
2905 3251 3232 3305 Calabriam
3265 3253 3320 3304 et
3374 3249 3645 3319 Apuliam

1982 3350 2260 3405 fraternis
2292 3346 2567 3418 negotiis,
2590 3344 2673 3397 uti
2713 3343 2841 3395 suis
2885 3342 3126 3408 intento,
3152 3340 3458 3405 Benarvet,
3494 3339 3648 3407 apud

1983 3440 2244 3493 Siciliam
2283 3435 2617 3489 Christiano
2648 3431 2870 3485 nomini
2900 3428 3175 3497 infestus,
3206 3427 3388 3480 multa
3416 3427 3645 3480 incom-

1986 3528 2156 3582 moda
2188 3524 2498 3579 inferebat.
2522 3518 3091 3574 Eratcallidissimus
3124 3519 3179 3569 et
3209 3514 3446 3568 militari
3474 3530 3648 3568 exer-

1988 3616 2123 3670 citio
2155 3615 2407 3680 deditus,
2440 3610 2651 3675 audax,
2685 3606 2996 3673 subdolus,
3031 3604 3188 3659 aliud
3217 3604 3419 3674 lingua
3449 3602 3648 3672 profe-

1984 3721 2145 3773 rens,
2177 3702 2332 3756 aliud
2350 3700 2524 3754 tacito
2551 3699 2787 3767 pectore
2819 3693 3169 3747 occultando
3203 3707 3440 3763 gerens,
3466 3691 3648 3761 Syra-

1984 3792 2114 3847 cusi
2145 3794 2200 3845 et
2232 3790 2367 3843 Noti
2387 3789 2701 3857 princeps;
2735 3783 2908 3852 cujus
2941 3781 3188 3835 consilio
3220 3796 3426 3834 omnes
3445 3779 3647 3833 Sarra-

1985 3880 2112 3935 ceni
2123 3922 2135 3946 ,
2152 3880 2253 3950 qui
2265 3878 2455 3931 adhuc
2469 3877 2528 3928 in
2541 3874 2739 3927 Sicilia
2754 3871 3010 3925 rebelles
3024 3874 3209 3934 erant,
3227 3868 3646 3922 innitebantur.

1986 3970 2096 4022 Hic
2144 3966 2455 4037 quemdam
2487 3976 2800 4033 paganum,
2835 3960 3069 4013 nomine
3102 3956 3441 4010 Bencimine
3472 3954 3643 4025 (264),

1985 4071 2159 4127 quem
2190 4069 2390 4108 comes
2413 4050 2566 4121 apud
2583 4050 2857 4103 Catenam
2888 4047 3174 4117 majorem
3203 4045 3335 4098 urbi
3364 4044 3645 4113 praefece-

1983 4148 2089 4213 rat,
2125 4142 2353 4197 callidis
2387 4135 2990 4194 circuuiventionibus
3022 4133 3406 4204 aggrediens,
3438 4133 3512 4185 ad
3534 4135 3646 4185 tra-

1984 4233 2232 4288 dendam
2263 4231 2467 4285 urbem
2500 4225 2696 4280 multis
2756 4237 3064 4277 munerum
3113 4220 3645 4289 possessionumve

1982 4320 2353 4392 pactionibus
2385 4314 2755 4370 sollicitabat.
2786 4312 3064 4381 Paganus
3096 4323 3236 4362 vero
3258 4306 3515 4361 nominis
3549 4308 3644 4359 sui

1985 4413 2324 4477 competens
2378 4405 2653 4469 imitator,
2687 4400 2930 4453 avaritia
2960 4400 3237 4466 caecatus,
3271 4394 3407 4449 fidei
3438 4410 3642 4448 sacra-

1983 4502 2431 4565 mentorumque
2490 4507 2621 4562 qum
2653 4488 2849 4543 comiti
2880 4487 3119 4541 dederat
3154 4484 3391 4553 oblitus,
3426 4486 3641 4538 statuto

1904 4558 1963 4628 θ
1981 4587 2254 4654 termino,
2277 4558 2427 4637 infra
2458 4558 2606 4650 (265)
2628 4579 2832 4633 urbem
2874 4577 3036 4631 illum
3061 4591 3192 4629 cum
3215 4574 3467 4627 maxima
3488 4572 3642 4625 mul-

1986 4676 2227 4731 titudine
2284 4685 2528 4727 suorum
2560 4666 2964 4722 fraudulenter
2992 4665 3063 4717 de
3107 4666 3275 4718 nocte
3319 4662 3639 4732 accipiens,

1979 4761 2311 4819 traditionis
2324 4774 2537 4813 nomen
2551 4756 2667 4811 sibi
2688 4754 3103 4826 perpetualiter
3123 4751 3459 4805 vindicavit.
3476 4748 3643 4813 Quod

1984 4853 2203 4907 factum
2234 4864 2364 4905 cum
2387 4863 2492 4917 per
2521 4847 2698 4899 totam
2729 4844 2979 4897 insulam
3010 4839 3443 4911 personuisset,
3474 4837 3643 4891 Chri-

1992 4940 2161 4995 stiani
2194 4937 2431 5009 quidem
2444 4951 2513 4990 eo
2538 4933 2691 5004 quod
2705 4935 2821 4985 tam
2843 4931 3093 4985 nefanda
3109 4930 3269 4982 fraus
3298 4928 3451 4981 inter
3474 4927 3640 4997 ipsos

1988 5030 2219 5099 reperta
2268 5026 2361 5090 sit,
2388 5024 2698 5094 plurimum
2717 5018 3175 5085 erubescebant;
3208 5016 3518 5070 Sarraceni
3540 5031 3639 5069 au-

1984 5121 2100 5172 tem
2128 5115 2355 5187 passim
2386 5113 2456 5167 de
2487 5114 2642 5165 tanta
2686 5106 3005 5164 Christiani
3033 5105 3287 5159 nominis
3318 5104 3640 5176 ignominia

2073 5330 2198 5385 261)
2238 5328 2611 5383 Hetinentes.

2074 5390 2199 5466 262)
2236 5400 2561 5465 Fecerunt,
2595 5396 2896 5466 ipsumque
2912 5390 3290 5447 facientibus.

2054 5471 2200 5541 (263)
2238 5469 2696 5541 Submittuntur.

2075 5538 2200 5611 264)
2240 5542 2302 5595 C.
2336 5540 2401 5593 Ρ.
2434 5538 2813 5606 Betclmmne,

2075 5544 2200 5611 264)
2240 5544 2302 5595 C.
2336 5544 2401 5593 P.

2052 5544 2199 5683 (265)
2239 5612 2424 5667 Intra.
