  <div class='ocr_page' id='page_1' title='image "/cluster/home/n/w/nwhite01/storage/ocr_20150623/149/hvd.32044054760079/593.png"; bbox 0 0 4074 6150; ppageno 0'>
   <div class='ocr_carea' id='block_1_1' title="bbox 449 205 605 267">
    <p class='ocr_par' dir='ltr' id='par_1_1' title="bbox 449 205 605 267">
     <span class='ocr_line' id='line_1_1' title="bbox 449 205 605 267; baseline -0.019 0"><span class='ocrx_word' id='word_1_1' title='bbox 449 205 605 267; x_wconf 82' lang='grc'>1175</span> 
     </span>
    </p>
   </div>
   <div class='ocr_carea' id='block_1_2' title="bbox 1228 170 2151 281">
    <p class='ocr_par' dir='ltr' id='par_1_2' title="bbox 1228 170 2151 269">
     <span class='ocr_line' id='line_1_2' title="bbox 1228 170 2151 269; baseline 0.003 -5"><span class='ocrx_word' id='word_1_2' title='bbox 1228 170 1655 267; x_wconf 70' lang='grc' dir='ltr'>(ΞΑΠΕἪΕΒΙ</span> <span class='ocrx_word' id='word_1_3' title='bbox 1697 201 2151 269; x_wconf 84' lang='lat' dir='ltr'>MALATERR</span> 
     </span>
    </p>
   </div>
   <div class='ocr_carea' id='block_1_3' title="bbox 2264 170 3126 281">
    <p class='ocr_par' dir='ltr' id='par_1_3' title="bbox 2284 200 3126 281">
     <span class='ocr_line' id='line_1_3' title="bbox 2284 200 3126 281; baseline -0.004 -16"><span class='ocrx_word' id='word_1_4' title='bbox 2284 200 2675 281; x_wconf 72' lang='lat' dir='ltr'>MONACHf</span> <span class='ocrx_word' id='word_1_5' title='bbox 2717 200 3126 265; x_wconf 81' lang='lat' dir='ltr'>BENEDICT</span> 
     </span>
    </p>
   </div>
   <div class='ocr_carea' id='block_1_4' title="bbox 3702 206 3829 281">
    <p class='ocr_par' dir='ltr' id='par_1_4' title="bbox 3702 206 3829 281">
     <span class='ocr_line' id='line_1_4' title="bbox 3702 206 3829 281; baseline -0.008 -12"><span class='ocrx_word' id='word_1_6' title='bbox 3702 206 3829 281; x_wconf 76' lang='lat'>1176</span> 
     </span>
    </p>
   </div>
   <div class='ocr_carea' id='block_1_5' title="bbox 452 374 3846 473">
    <p class='ocr_par' dir='ltr' id='par_1_5' title="bbox 452 374 3846 473">
     <span class='ocr_line' id='line_1_5' title="bbox 452 374 3846 473; baseline 0 -15"><span class='ocrx_word' id='word_1_7' title='bbox 452 403 875 459; x_wconf 89' lang='lat' dir='ltr'>subsannando</span> <span class='ocrx_word' id='word_1_8' title='bbox 910 402 1409 457; x_wconf 87' lang='lat' dir='ltr'>exhilarabantur.</span> <span class='ocrx_word' id='word_1_9' title='bbox 1437 403 1624 456; x_wconf 87' lang='lat' dir='ltr'>Porro</span> <span class='ocrx_word' id='word_1_10' title='bbox 1644 402 1943 456; x_wconf 83' lang='lat' dir='ltr'>Jordanus</span> <span class='ocrx_word' id='word_1_11' title='bbox 1966 402 2125 456; x_wconf 99' lang='lat' dir='ltr'>ﬁlius</span> <span class='ocrx_word' id='word_1_12' title='bbox 2151 400 2208 464; x_wconf 60' lang='grc' dir='ltr'>,Β</span> <span class='ocrx_word' id='word_1_13' title='bbox 2240 401 2354 455; x_wconf 86' lang='lat' dir='ltr'>sibi</span> <span class='ocrx_word' id='word_1_14' title='bbox 2385 401 2707 471; x_wconf 91' lang='lat' dir='ltr'>attrahens,</span> <span class='ocrx_word' id='word_1_15' title='bbox 2743 403 2800 455; x_wconf 86' lang='lat' dir='ltr'>et</span> <span class='ocrx_word' id='word_1_16' title='bbox 2842 402 3229 457; x_wconf 76' lang='lat' dir='ltr'>sacramentis</span> <span class='ocrx_word' id='word_1_17' title='bbox 3258 403 3415 456; x_wconf 90' lang='lat' dir='ltr'>datis</span> <span class='ocrx_word' id='word_1_18' title='bbox 3446 406 3500 456; x_wconf 91' lang='lat' dir='ltr'>et</span> <span class='ocrx_word' id='word_1_19' title='bbox 3529 404 3758 473; x_wconf 73' lang='lat' dir='ltr'>acceptis</span> <span class='ocrx_word' id='word_1_20' title='bbox 3804 406 3846 458; x_wconf 89' lang='lat' dir='ltr'>in</span> 
     </span>
    </p>
   </div>
   <div class='ocr_carea' id='block_1_6' title="bbox 456 489 2125 561">
    <p class='ocr_par' dir='ltr' id='par_1_6' title="bbox 456 489 2125 561">
     <span class='ocr_line' id='line_1_6' title="bbox 456 489 2125 561; baseline -0.002 -14"><span class='ocrx_word' id='word_1_21' title='bbox 456 492 710 561; x_wconf 87' lang='lat' dir='ltr'>comitis,</span> <span class='ocrx_word' id='word_1_22' title='bbox 732 494 788 546; x_wconf 90' lang='lat' dir='ltr'>et</span> <span class='ocrx_word' id='word_1_23' title='bbox 807 493 1105 546; x_wconf 80' lang='lat' dir='ltr'>Robertus</span> <span class='ocrx_word' id='word_1_24' title='bbox 1131 492 1201 544; x_wconf 92' lang='lat' dir='ltr'>de</span> <span class='ocrx_word' id='word_1_25' title='bbox 1230 490 1421 544; x_wconf 88' lang='lat' dir='ltr'>Surda</span> <span class='ocrx_word' id='word_1_26' title='bbox 1450 489 1623 560; x_wconf 82' lang='lat' dir='ltr'>valle,</span> <span class='ocrx_word' id='word_1_27' title='bbox 1653 492 1709 543; x_wconf 91' lang='lat' dir='ltr'>et</span> <span class='ocrx_word' id='word_1_28' title='bbox 1737 490 1897 544; x_wconf 91' lang='lat' dir='ltr'>Elias</span> <span class='ocrx_word' id='word_1_29' title='bbox 1920 490 2125 545; x_wconf 85' lang='lat' dir='ltr'>Carto-</span> 
     </span>
    </p>
   </div>
   <div class='ocr_carea' id='block_1_7' title="bbox 454 578 2125 651">
    <p class='ocr_par' dir='ltr' id='par_1_7' title="bbox 454 578 2125 651">
     <span class='ocr_line' id='line_1_7' title="bbox 454 578 2125 651; baseline -0.003 -16"><span class='ocrx_word' id='word_1_30' title='bbox 454 580 680 635; x_wconf 89' lang='lat' dir='ltr'>mensis</span> <span class='ocrx_word' id='word_1_31' title='bbox 728 578 897 651; x_wconf 78' lang='lat'>(266),</span> <span class='ocrx_word' id='word_1_32' title='bbox 951 580 1051 651; x_wconf 86' lang='lat' dir='ltr'>qui</span> <span class='ocrx_word' id='word_1_33' title='bbox 1084 595 1157 633; x_wconf 87' lang='lat' dir='ltr'>ex</span> <span class='ocrx_word' id='word_1_34' title='bbox 1209 579 1553 632; x_wconf 88' lang='lat' dir='ltr'>Sarracenis</span> <span class='ocrx_word' id='word_1_35' title='bbox 1592 579 1665 631; x_wconf 93' lang='lat' dir='ltr'>ad</span> <span class='ocrx_word' id='word_1_36' title='bbox 1705 578 1878 632; x_wconf 89' lang='lat' dir='ltr'>ﬁdem</span> <span class='ocrx_word' id='word_1_37' title='bbox 1907 578 2125 632; x_wconf 79' lang='lat' dir='ltr'>Christi</span> 
     </span>
    </p>
   </div>
   <div class='ocr_carea' id='block_1_8' title="bbox 457 667 2122 739">
    <p class='ocr_par' dir='ltr' id='par_1_8' title="bbox 457 667 2122 739">
     <span class='ocr_line' id='line_1_8' title="bbox 457 667 2122 739; baseline -0.002 -14"><span class='ocrx_word' id='word_1_38' title='bbox 457 684 813 739; x_wconf 88' lang='lat' dir='ltr'>conversus,</span> <span class='ocrx_word' id='word_1_39' title='bbox 828 672 1033 738; x_wconf 89' lang='lat' dir='ltr'>postea</span> <span class='ocrx_word' id='word_1_40' title='bbox 1052 668 1204 737; x_wconf 89' lang='lat' dir='ltr'>apud</span> <span class='ocrx_word' id='word_1_41' title='bbox 1221 667 1488 722; x_wconf 80' lang='lat' dir='ltr'>Castrum</span> <span class='ocrx_word' id='word_1_42' title='bbox 1507 667 1752 720; x_wconf 85' lang='lat' dir='ltr'>Joannis</span> <span class='ocrx_word' id='word_1_43' title='bbox 1775 684 1804 720; x_wconf 89' lang='lat' dir='ltr'>a</span> <span class='ocrx_word' id='word_1_44' title='bbox 1820 683 1926 721; x_wconf 90' lang='lat' dir='ltr'>sua</span> <span class='ocrx_word' id='word_1_45' title='bbox 1950 671 2122 737; x_wconf 84' lang='lat' dir='ltr'>gente</span> 
     </span>
    </p>
   </div>
   <div class='ocr_carea' id='block_1_9' title="bbox 457 756 2126 827">
    <p class='ocr_par' dir='ltr' id='par_1_9' title="bbox 457 756 2126 827">
     <span class='ocr_line' id='line_1_9' title="bbox 457 756 2126 827; baseline -0.002 -14"><span class='ocrx_word' id='word_1_46' title='bbox 457 758 753 813; x_wconf 80' lang='lat' dir='ltr'>hostiliter</span> <span class='ocrx_word' id='word_1_47' title='bbox 800 757 1181 827; x_wconf 91' lang='lat' dir='ltr'>interceptus,</span> <span class='ocrx_word' id='word_1_48' title='bbox 1218 757 1354 827; x_wconf 85' lang='lat' dir='ltr'>quia</span> <span class='ocrx_word' id='word_1_49' title='bbox 1393 756 1663 827; x_wconf 87' lang='lat' dir='ltr'>negando</span> <span class='ocrx_word' id='word_1_50' title='bbox 1694 759 1955 827; x_wconf 88' lang='lat' dir='ltr'>apostata</span> <span class='ocrx_word' id='word_1_51' title='bbox 2000 756 2126 810; x_wconf 90' lang='lat' dir='ltr'>ﬁeri</span> 
     </span>
    </p>
   </div>
   <div class='ocr_carea' id='block_1_10' title="bbox 459 844 2127 916">
    <p class='ocr_par' dir='ltr' id='par_1_10' title="bbox 459 844 2127 916">
     <span class='ocr_line' id='line_1_10' title="bbox 459 844 2127 916; baseline -0.003 -14"><span class='ocrx_word' id='word_1_52' title='bbox 459 846 664 916; x_wconf 87' lang='lat' dir='ltr'>noluit,</span> <span class='ocrx_word' id='word_1_53' title='bbox 698 846 977 916; x_wconf 78' lang='lat' dir='ltr'>martyrio</span> <span class='ocrx_word' id='word_1_54' title='bbox 1014 846 1191 899; x_wconf 87' lang='lat' dir='ltr'>vitam</span> <span class='ocrx_word' id='word_1_55' title='bbox 1212 844 1580 899; x_wconf 89' lang='lat' dir='ltr'>laudabiliter</span> <span class='ocrx_word' id='word_1_56' title='bbox 1609 845 1817 915; x_wconf 90' lang='lat' dir='ltr'>ﬁnivit,</span> <span class='ocrx_word' id='word_1_57' title='bbox 1867 845 2127 898; x_wconf 89' lang='lat' dir='ltr'>exercitu</span> 
     </span>
    </p>
   </div>
   <div class='ocr_carea' id='block_1_11' title="bbox 461 933 2131 989">
    <p class='ocr_par' dir='ltr' id='par_1_11' title="bbox 461 933 2131 989">
     <span class='ocr_line' id='line_1_11' title="bbox 461 933 2131 989; baseline -0.001 0"><span class='ocrx_word' id='word_1_58' title='bbox 461 936 692 989; x_wconf 90' lang='lat' dir='ltr'>admoto</span> <span class='ocrx_word' id='word_1_59' title='bbox 754 949 970 987; x_wconf 88' lang='lat' dir='ltr'>versus</span> <span class='ocrx_word' id='word_1_60' title='bbox 1003 935 1276 987; x_wconf 85' lang='lat' dir='ltr'>Catanam</span> <span class='ocrx_word' id='word_1_61' title='bbox 1324 934 1435 987; x_wconf 87' lang='lat' dir='ltr'>iter</span> <span class='ocrx_word' id='word_1_62' title='bbox 1463 933 1788 987; x_wconf 90' lang='lat' dir='ltr'>intendunt.</span> <span class='ocrx_word' id='word_1_63' title='bbox 1841 934 2131 988; x_wconf 80' lang='lat' dir='ltr'>Benarvet</span> 
     </span>
    </p>
   </div>
   <div class='ocr_carea' id='block_1_12' title="bbox 460 1022 2131 1092">
    <p class='ocr_par' dir='ltr' id='par_1_12' title="bbox 460 1022 2131 1092">
     <span class='ocr_line' id='line_1_12' title="bbox 460 1022 2131 1092; baseline -0.001 -15"><span class='ocrx_word' id='word_1_64' title='bbox 460 1039 606 1078; x_wconf 85' lang='lat' dir='ltr'>vero</span> <span class='ocrx_word' id='word_1_65' title='bbox 626 1038 730 1077; x_wconf 92' lang='lat' dir='ltr'>eos</span> <span class='ocrx_word' id='word_1_66' title='bbox 753 1022 1030 1076; x_wconf 86' lang='lat' dir='ltr'>advenire</span> <span class='ocrx_word' id='word_1_67' title='bbox 1058 1038 1163 1091; x_wconf 89' lang='lat' dir='ltr'>per</span> <span class='ocrx_word' id='word_1_68' title='bbox 1192 1023 1600 1091; x_wconf 86' lang='lat' dir='ltr'>speculatores</span> <span class='ocrx_word' id='word_1_69' title='bbox 1634 1038 1798 1092; x_wconf 91' lang='lat' dir='ltr'>suos,</span> <span class='ocrx_word' id='word_1_70' title='bbox 1824 1038 1974 1092; x_wconf 89' lang='lat' dir='ltr'>quos</span> <span class='ocrx_word' id='word_1_71' title='bbox 2019 1037 2131 1075; x_wconf 90' lang='lat' dir='ltr'>un-</span> 
     </span>
    </p>
   </div>
   <div class='ocr_carea' id='block_1_13' title="bbox 464 1109 2133 1182">
    <p class='ocr_par' dir='ltr' id='par_1_13' title="bbox 464 1109 2133 1182">
     <span class='ocr_line' id='line_1_13' title="bbox 464 1109 2133 1182; baseline -0.002 -16"><span class='ocrx_word' id='word_1_72' title='bbox 464 1112 641 1182; x_wconf 86' lang='lat' dir='ltr'>dique</span> <span class='ocrx_word' id='word_1_73' title='bbox 697 1110 893 1164; x_wconf 85' lang='lat' dir='ltr'>omnia</span> <span class='ocrx_word' id='word_1_74' title='bbox 941 1109 1137 1163; x_wconf 90' lang='lat' dir='ltr'>visum</span> <span class='ocrx_word' id='word_1_75' title='bbox 1193 1110 1601 1180; x_wconf 81' lang='lat' dir='ltr'>praemittebat,</span> <span class='ocrx_word' id='word_1_76' title='bbox 1648 1111 1916 1180; x_wconf 90' lang='lat' dir='ltr'>audiens,</span> <span class='ocrx_word' id='word_1_77' title='bbox 1970 1112 2133 1163; x_wconf 85' lang='lat' dir='ltr'>extra</span> 
     </span>
    </p>
   </div>
   <div class='ocr_carea' id='block_1_14' title="bbox 464 1198 2133 1269">
    <p class='ocr_par' dir='ltr' id='par_1_14' title="bbox 464 1198 2133 1269">
     <span class='ocr_line' id='line_1_14' title="bbox 464 1198 2133 1269; baseline -0.002 -15"><span class='ocrx_word' id='word_1_78' title='bbox 464 1201 673 1255; x_wconf 88' lang='lat' dir='ltr'>urbem</span> <span class='ocrx_word' id='word_1_79' title='bbox 714 1198 941 1268; x_wconf 90' lang='lat' dir='ltr'>copiam</span> <span class='ocrx_word' id='word_1_80' title='bbox 1000 1214 1244 1253; x_wconf 90' lang='lat' dir='ltr'>suorum</span> <span class='ocrx_word' id='word_1_81' title='bbox 1289 1199 1360 1252; x_wconf 89' lang='lat' dir='ltr'>ad</span> <span class='ocrx_word' id='word_1_82' title='bbox 1408 1199 1793 1269; x_wconf 67' lang='lat' dir='ltr'>praeliandum</span> <span class='ocrx_word' id='word_1_83' title='bbox 1853 1199 2133 1252; x_wconf 88' lang='lat' dir='ltr'>ordinans</span> 
     </span>
    </p>
   </div>
   <div class='ocr_carea' id='block_1_15' title="bbox 467 1287 2138 1359">
    <p class='ocr_par' dir='ltr' id='par_1_15' title="bbox 467 1287 2138 1359">
     <span class='ocr_line' id='line_1_15' title="bbox 467 1287 2138 1359; baseline -0.002 -17"><span class='ocrx_word' id='word_1_84' title='bbox 467 1288 857 1343; x_wconf 90' lang='lat' dir='ltr'>dimicaturus</span> <span class='ocrx_word' id='word_1_85' title='bbox 888 1288 1167 1341; x_wconf 91' lang='lat' dir='ltr'>occurrit.</span> <span class='ocrx_word' id='word_1_86' title='bbox 1198 1288 1435 1341; x_wconf 84' lang='lat' dir='ltr'>Pedites</span> <span class='ocrx_word' id='word_1_87' title='bbox 1466 1288 1703 1359; x_wconf 89' lang='lat' dir='ltr'>quidem</span> <span class='ocrx_word' id='word_1_88' title='bbox 1734 1303 1923 1358; x_wconf 91' lang='lat' dir='ltr'>usque</span> <span class='ocrx_word' id='word_1_89' title='bbox 1956 1288 2024 1341; x_wconf 89' lang='lat' dir='ltr'>ad</span> <span class='ocrx_word' id='word_1_90' title='bbox 2059 1287 2138 1339; x_wconf 91' lang='lat' dir='ltr'>vi-</span> 
     </span>
    </p>
   </div>
   <div class='ocr_carea' id='block_1_16' title="bbox 466 1375 2137 1449">
    <p class='ocr_par' dir='ltr' id='par_1_16' title="bbox 466 1375 2137 1449">
     <span class='ocr_line' id='line_1_16' title="bbox 466 1375 2137 1449; baseline 0 -20"><span class='ocrx_word' id='word_1_91' title='bbox 466 1377 613 1449; x_wconf 87' lang='lat' dir='ltr'>ginti</span> <span class='ocrx_word' id='word_1_92' title='bbox 635 1376 817 1430; x_wconf 87' lang='lat' dir='ltr'>millia</span> <span class='ocrx_word' id='word_1_93' title='bbox 847 1376 1051 1431; x_wconf 80' lang='lat' dir='ltr'>dextro</span> <span class='ocrx_word' id='word_1_94' title='bbox 1080 1378 1261 1431; x_wconf 88' lang='lat' dir='ltr'>latere</span> <span class='ocrx_word' id='word_1_95' title='bbox 1302 1392 1410 1431; x_wconf 93' lang='lat' dir='ltr'>suo</span> <span class='ocrx_word' id='word_1_96' title='bbox 1443 1377 1502 1429; x_wconf 89' lang='lat' dir='ltr'>in</span> <span class='ocrx_word' id='word_1_97' title='bbox 1532 1392 1846 1431; x_wconf 89' lang='lat' dir='ltr'>occursum</span> <span class='ocrx_word' id='word_1_98' title='bbox 1878 1375 2137 1430; x_wconf 91' lang='lat' dir='ltr'>hostium</span> 
     </span>
    </p>
   </div>
   <div class='ocr_carea' id='block_1_17' title="bbox 466 1465 2139 1538">
    <p class='ocr_par' dir='ltr' id='par_1_17' title="bbox 466 1465 2139 1538">
     <span class='ocr_line' id='line_1_17' title="bbox 466 1465 2139 1538; baseline -0.001 -18"><span class='ocrx_word' id='word_1_99' title='bbox 466 1468 773 1538; x_wconf 87' lang='lat' dir='ltr'>paulisper</span> <span class='ocrx_word' id='word_1_100' title='bbox 803 1469 1185 1536; x_wconf 83' lang='lat' dir='ltr'>anteponens,</span> <span class='ocrx_word' id='word_1_101' title='bbox 1220 1465 1349 1534; x_wconf 90' lang='lat' dir='ltr'>ipse</span> <span class='ocrx_word' id='word_1_102' title='bbox 1373 1482 1503 1520; x_wconf 92' lang='lat' dir='ltr'>cum</span> <span class='ocrx_word' id='word_1_103' title='bbox 1536 1468 1799 1536; x_wconf 88' lang='lat' dir='ltr'>equestri</span> <span class='ocrx_word' id='word_1_104' title='bbox 1820 1466 2054 1537; x_wconf 84' lang='lat' dir='ltr'>legione</span> <span class='ocrx_word' id='word_1_105' title='bbox 2080 1466 2139 1518; x_wconf 93' lang='lat' dir='ltr'>in</span> 
     </span>
    </p>
   </div>
   <div class='ocr_carea' id='block_1_18' title="bbox 468 1554 2136 1624">
    <p class='ocr_par' dir='ltr' id='par_1_18' title="bbox 468 1554 2136 1624">
     <span class='ocr_line' id='line_1_18' title="bbox 468 1554 2136 1624; baseline -0.001 -14"><span class='ocrx_word' id='word_1_106' title='bbox 468 1555 711 1610; x_wconf 89' lang='lat' dir='ltr'>sinistro</span> <span class='ocrx_word' id='word_1_107' title='bbox 761 1570 948 1609; x_wconf 83' lang='lat' dir='ltr'>cornu</span> <span class='ocrx_word' id='word_1_108' title='bbox 996 1555 1151 1609; x_wconf 89' lang='lat' dir='ltr'>ﬁxus</span> <span class='ocrx_word' id='word_1_109' title='bbox 1181 1570 1447 1623; x_wconf 89' lang='lat' dir='ltr'>manens,</span> <span class='ocrx_word' id='word_1_110' title='bbox 1506 1554 1709 1609; x_wconf 87' lang='lat' dir='ltr'>hostes</span> <span class='ocrx_word' id='word_1_111' title='bbox 1739 1554 2136 1624; x_wconf 81' lang='lat' dir='ltr'>praestolatur.</span> 
     </span>
    </p>
   </div>
   <div class='ocr_carea' id='block_1_19' title="bbox 467 1643 2141 1715">
    <p class='ocr_par' dir='ltr' id='par_1_19' title="bbox 467 1643 2141 1715">
     <span class='ocr_line' id='line_1_19' title="bbox 467 1643 2141 1715; baseline -0.001 -17"><span class='ocrx_word' id='word_1_112' title='bbox 467 1643 675 1699; x_wconf 87' lang='lat' dir='ltr'>Nostri</span> <span class='ocrx_word' id='word_1_113' title='bbox 732 1646 927 1698; x_wconf 90' lang='lat' dir='ltr'>autem</span> <span class='ocrx_word' id='word_1_114' title='bbox 963 1659 1097 1697; x_wconf 91' lang='lat' dir='ltr'>cum</span> <span class='ocrx_word' id='word_1_115' title='bbox 1128 1645 1361 1697; x_wconf 89' lang='lat' dir='ltr'>centum</span> <span class='ocrx_word' id='word_1_116' title='bbox 1395 1645 1701 1715; x_wconf 82' lang='lat' dir='ltr'>sexaginta</span> <span class='ocrx_word' id='word_1_117' title='bbox 1737 1643 2141 1697; x_wconf 88' lang='lat' dir='ltr'>tantummodo</span> 
     </span>
    </p>
   </div>
   <div class='ocr_carea' id='block_1_20' title="bbox 467 1730 2141 1800">
    <p class='ocr_par' dir='ltr' id='par_1_20' title="bbox 467 1730 2141 1800">
     <span class='ocr_line' id='line_1_20' title="bbox 467 1730 2141 1800; baseline -0.002 -13"><span class='ocrx_word' id='word_1_118' title='bbox 467 1733 687 1788; x_wconf 89' lang='lat' dir='ltr'>milites</span> <span class='ocrx_word' id='word_1_119' title='bbox 738 1734 963 1800; x_wconf 89' lang='lat' dir='ltr'>essent,</span> <span class='ocrx_word' id='word_1_120' title='bbox 1010 1730 1090 1784; x_wconf 90' lang='lat' dir='ltr'>nil</span> <span class='ocrx_word' id='word_1_121' title='bbox 1123 1732 1419 1800; x_wconf 88' lang='lat' dir='ltr'>remorati,</span> <span class='ocrx_word' id='word_1_122' title='bbox 1457 1734 1773 1799; x_wconf 86' lang='lat' dir='ltr'>certamen,</span> <span class='ocrx_word' id='word_1_123' title='bbox 1806 1731 1993 1785; x_wconf 91' lang='lat' dir='ltr'>Deum</span> <span class='ocrx_word' id='word_1_124' title='bbox 2023 1731 2141 1785; x_wconf 91' lang='lat' dir='ltr'>sibi</span> 
     </span>
    </p>
   </div>
   <div class='ocr_carea' id='block_1_21' title="bbox 467 1820 2139 1892">
    <p class='ocr_par' dir='ltr' id='par_1_21' title="bbox 467 1820 2139 1892">
     <span class='ocr_line' id='line_1_21' title="bbox 467 1820 2139 1892; baseline -0.002 -16"><span class='ocrx_word' id='word_1_125' title='bbox 467 1822 787 1892; x_wconf 88' lang='lat' dir='ltr'>prepitium</span> <span class='ocrx_word' id='word_1_126' title='bbox 830 1821 1195 1889; x_wconf 85' lang='lat' dir='ltr'>invocantes,</span> <span class='ocrx_word' id='word_1_127' title='bbox 1229 1821 1449 1873; x_wconf 92' lang='lat' dir='ltr'>ineunt.</span> <span class='ocrx_word' id='word_1_128' title='bbox 1484 1820 1797 1890; x_wconf 89' lang='lat' dir='ltr'>Tcrtioque</span> <span class='ocrx_word' id='word_1_129' title='bbox 1829 1835 2010 1889; x_wconf 90' lang='lat' dir='ltr'>super</span> <span class='ocrx_word' id='word_1_130' title='bbox 2034 1835 2139 1889; x_wconf 92' lang='lat' dir='ltr'>pe-</span> 
     </span>
    </p>
   </div>
   <div class='ocr_carea' id='block_1_22' title="bbox 471 1908 2142 1978">
    <p class='ocr_par' dir='ltr' id='par_1_22' title="bbox 471 1908 2142 1978">
     <span class='ocr_line' id='line_1_22' title="bbox 471 1908 2142 1978; baseline -0.001 -14"><span class='ocrx_word' id='word_1_131' title='bbox 471 1908 624 1964; x_wconf 87' lang='lat' dir='ltr'>dites</span> <span class='ocrx_word' id='word_1_132' title='bbox 665 1911 884 1978; x_wconf 90' lang='lat' dir='ltr'>impetu</span> <span class='ocrx_word' id='word_1_133' title='bbox 933 1908 1107 1977; x_wconf 88' lang='lat' dir='ltr'>facto,</span> <span class='ocrx_word' id='word_1_134' title='bbox 1161 1923 1294 1961; x_wconf 92' lang='lat' dir='ltr'>cum</span> <span class='ocrx_word' id='word_1_135' title='bbox 1343 1908 1719 1962; x_wconf 90' lang='lat' dir='ltr'>immobiliter</span> <span class='ocrx_word' id='word_1_136' title='bbox 1747 1908 2142 1977; x_wconf 86' lang='lat' dir='ltr'>persistentes</span> 
     </span>
    </p>
   </div>
   <div class='ocr_carea' id='block_1_23' title="bbox 467 1995 2144 2068">
    <p class='ocr_par' dir='ltr' id='par_1_23' title="bbox 467 1995 2144 2068">
     <span class='ocr_line' id='line_1_23' title="bbox 467 1995 2144 2068; baseline 0.001 -18"><span class='ocrx_word' id='word_1_137' title='bbox 467 1996 708 2051; x_wconf 79' lang='lat' dir='ltr'>flectere</span> <span class='ocrx_word' id='word_1_138' title='bbox 755 1997 1072 2065; x_wconf 90' lang='lat' dir='ltr'>nequeunt,</span> <span class='ocrx_word' id='word_1_139' title='bbox 1107 1995 1467 2049; x_wconf 89' lang='lat' dir='ltr'>declinantes</span> <span class='ocrx_word' id='word_1_140' title='bbox 1499 2010 1623 2064; x_wconf 88' lang='lat' dir='ltr'>eos,</span> <span class='ocrx_word' id='word_1_141' title='bbox 1688 2012 1867 2067; x_wconf 89' lang='lat' dir='ltr'>super</span> <span class='ocrx_word' id='word_1_142' title='bbox 1910 1998 2144 2068; x_wconf 91' lang='lat' dir='ltr'>equites</span> 
     </span>
    </p>
   </div>
   <div class='ocr_carea' id='block_1_24' title="bbox 470 2083 2143 2157">
    <p class='ocr_par' dir='ltr' id='par_1_24' title="bbox 470 2083 2143 2157">
     <span class='ocr_line' id='line_1_24' title="bbox 470 2083 2143 2157; baseline 0.001 -17"><span class='ocrx_word' id='word_1_143' title='bbox 470 2084 722 2153; x_wconf 89' lang='lat' dir='ltr'>irruunt,</span> <span class='ocrx_word' id='word_1_144' title='bbox 747 2083 1092 2154; x_wconf 87' lang='lat' dir='ltr'>fortiterque</span> <span class='ocrx_word' id='word_1_145' title='bbox 1110 2084 1562 2154; x_wconf 88' lang='lat' dir='ltr'>congredientes</span> <span class='ocrx_word' id='word_1_146' title='bbox 1575 2085 1753 2139; x_wconf 91' lang='lat' dir='ltr'>multa</span> <span class='ocrx_word' id='word_1_147' title='bbox 1768 2089 1966 2157; x_wconf 86' lang='lat' dir='ltr'>strage</span> <span class='ocrx_word' id='word_1_148' title='bbox 1989 2087 2143 2141; x_wconf 86' lang='lat' dir='ltr'>facta</span> 
     </span>
    </p>
   </div>
   <div class='ocr_carea' id='block_1_25' title="bbox 466 2173 2145 2244">
    <p class='ocr_par' dir='ltr' id='par_1_25' title="bbox 466 2173 2145 2244">
     <span class='ocr_line' id='line_1_25' title="bbox 466 2173 2145 2244; baseline 0.001 -16"><span class='ocrx_word' id='word_1_149' title='bbox 466 2173 527 2228; x_wconf 90' lang='lat' dir='ltr'>in</span> <span class='ocrx_word' id='word_1_150' title='bbox 558 2173 761 2244; x_wconf 89' lang='lat' dir='ltr'>fugam</span> <span class='ocrx_word' id='word_1_151' title='bbox 793 2174 1047 2240; x_wconf 90' lang='lat' dir='ltr'>vertunt,</span> <span class='ocrx_word' id='word_1_152' title='bbox 1107 2188 1258 2243; x_wconf 90' lang='lat' dir='ltr'>quos</span> <span class='ocrx_word' id='word_1_153' title='bbox 1315 2173 1703 2243; x_wconf 90' lang='lat' dir='ltr'>insequentes</span> <span class='ocrx_word' id='word_1_154' title='bbox 1751 2176 1807 2228; x_wconf 88' lang='lat' dir='ltr'>et</span> <span class='ocrx_word' id='word_1_155' title='bbox 1846 2178 2145 2231; x_wconf 89' lang='lat' dir='ltr'>extremos</span> 
     </span>
    </p>
   </div>
   <div class='ocr_carea' id='block_1_26' title="bbox 467 2262 2143 2334">
    <p class='ocr_par' dir='ltr' id='par_1_26' title="bbox 467 2262 2143 2334">
     <span class='ocr_line' id='line_1_26' title="bbox 467 2262 2143 2334; baseline 0 -17"><span class='ocrx_word' id='word_1_156' title='bbox 467 2277 740 2334; x_wconf 87' lang='lat' dir='ltr'>quosque</span> <span class='ocrx_word' id='word_1_157' title='bbox 765 2262 1084 2331; x_wconf 84' lang='lat' dir='ltr'>caedentes,</span> <span class='ocrx_word' id='word_1_158' title='bbox 1108 2276 1299 2331; x_wconf 91' lang='lat' dir='ltr'>usque</span> <span class='ocrx_word' id='word_1_159' title='bbox 1330 2262 1389 2315; x_wconf 90' lang='lat' dir='ltr'>in</span> <span class='ocrx_word' id='word_1_160' title='bbox 1412 2263 1639 2331; x_wconf 88' lang='lat' dir='ltr'>portam</span> <span class='ocrx_word' id='word_1_161' title='bbox 1662 2262 1913 2317; x_wconf 90' lang='lat' dir='ltr'>civitatis</span> <span class='ocrx_word' id='word_1_162' title='bbox 1936 2264 2143 2334; x_wconf 90' lang='lat' dir='ltr'>impel-</span> 
     </span>
    </p>
   </div>
   <div class='ocr_carea' id='block_1_27' title="bbox 476 2349 2149 2423">
    <p class='ocr_par' dir='ltr' id='par_1_27' title="bbox 476 2349 2149 2423">
     <span class='ocr_line' id='line_1_27' title="bbox 476 2349 2149 2423; baseline -0.001 -17"><span class='ocrx_word' id='word_1_163' title='bbox 476 2350 626 2406; x_wconf 90' lang='lat' dir='ltr'>lunt.</span> <span class='ocrx_word' id='word_1_164' title='bbox 642 2350 937 2404; x_wconf 89' lang='lat' dir='ltr'>Benarvet</span> <span class='ocrx_word' id='word_1_165' title='bbox 958 2364 1102 2404; x_wconf 90' lang='lat' dir='ltr'>vero</span> <span class='ocrx_word' id='word_1_166' title='bbox 1121 2349 1208 2403; x_wconf 92' lang='lat' dir='ltr'>sic</span> <span class='ocrx_word' id='word_1_167' title='bbox 1226 2366 1330 2419; x_wconf 90' lang='lat' dir='ltr'>per</span> <span class='ocrx_word' id='word_1_168' title='bbox 1348 2350 1549 2422; x_wconf 88' lang='lat' dir='ltr'>fugam</span> <span class='ocrx_word' id='word_1_169' title='bbox 1568 2351 1668 2404; x_wconf 90' lang='lat' dir='ltr'>vix</span> <span class='ocrx_word' id='word_1_170' title='bbox 1684 2352 1885 2422; x_wconf 91' lang='lat' dir='ltr'>elapso</span> <span class='ocrx_word' id='word_1_171' title='bbox 1905 2352 1976 2407; x_wconf 92' lang='lat' dir='ltr'>de</span> <span class='ocrx_word' id='word_1_172' title='bbox 1987 2352 2149 2423; x_wconf 88' lang='lat' dir='ltr'>pedi-</span> 
     </span>
    </p>
   </div>
   <div class='ocr_carea' id='block_1_28' title="bbox 478 2437 2153 2509">
    <p class='ocr_par' dir='ltr' id='par_1_28' title="bbox 478 2437 2153 2509">
     <span class='ocr_line' id='line_1_28' title="bbox 478 2437 2153 2509; baseline 0 -14"><span class='ocrx_word' id='word_1_173' title='bbox 478 2440 641 2495; x_wconf 87' lang='lat' dir='ltr'>tibus</span> <span class='ocrx_word' id='word_1_174' title='bbox 661 2440 917 2493; x_wconf 86' lang='lat' dir='ltr'>maxima</span> <span class='ocrx_word' id='word_1_175' title='bbox 937 2440 1171 2509; x_wconf 88' lang='lat' dir='ltr'>strages</span> <span class='ocrx_word' id='word_1_176' title='bbox 1197 2437 1350 2492; x_wconf 88' lang='lat' dir='ltr'>facta</span> <span class='ocrx_word' id='word_1_177' title='bbox 1382 2442 1491 2493; x_wconf 89' lang='lat' dir='ltr'>est.</span> <span class='ocrx_word' id='word_1_178' title='bbox 1514 2440 1719 2494; x_wconf 90' lang='lat' dir='ltr'>Nostri</span> <span class='ocrx_word' id='word_1_179' title='bbox 1739 2456 1882 2495; x_wconf 91' lang='lat' dir='ltr'>vero</span> <span class='ocrx_word' id='word_1_180' title='bbox 1905 2444 2037 2495; x_wconf 90' lang='lat' dir='ltr'>ante</span> <span class='ocrx_word' id='word_1_181' title='bbox 2061 2458 2153 2496; x_wconf 89' lang='lat' dir='ltr'>ur-</span> 
     </span>
    </p>
   </div>
   <div class='ocr_carea' id='block_1_29' title="bbox 478 2527 2145 2602">
    <p class='ocr_par' dir='ltr' id='par_1_29' title="bbox 478 2527 2145 2602">
     <span class='ocr_line' id='line_1_29' title="bbox 478 2527 2145 2602; baseline -0.001 -17"><span class='ocrx_word' id='word_1_182' title='bbox 478 2527 617 2585; x_wconf 83' lang='lat' dir='ltr'>bem</span> <span class='ocrx_word' id='word_1_183' title='bbox 645 2527 895 2582; x_wconf 88' lang='lat' dir='ltr'>tentoria</span> <span class='ocrx_word' id='word_1_184' title='bbox 926 2527 1178 2599; x_wconf 88' lang='lat' dir='ltr'>ﬁgentes</span> <span class='ocrx_word' id='word_1_185' title='bbox 1209 2527 1627 2583; x_wconf 89' lang='lat' dir='ltr'>obsessionem</span> <span class='ocrx_word' id='word_1_186' title='bbox 1672 2530 2145 2602; x_wconf 59' lang='lat' dir='ltr'>praegravabant</span> 
     </span>
    </p>
   </div>
   <div class='ocr_carea' id='block_1_30' title="bbox 481 2614 2153 2689">
    <p class='ocr_par' dir='ltr' id='par_1_30' title="bbox 481 2614 2153 2689">
     <span class='ocr_line' id='line_1_30' title="bbox 481 2614 2153 2689; baseline 0.001 -18"><span class='ocrx_word' id='word_1_187' title='bbox 481 2615 602 2672; x_wconf 91' lang='lat' dir='ltr'>Sed</span> <span class='ocrx_word' id='word_1_188' title='bbox 632 2617 927 2670; x_wconf 88' lang='lat' dir='ltr'>Benarvet</span> <span class='ocrx_word' id='word_1_189' title='bbox 959 2614 1108 2668; x_wconf 91' lang='lat' dir='ltr'>clam</span> <span class='ocrx_word' id='word_1_190' title='bbox 1139 2616 1210 2669; x_wconf 93' lang='lat' dir='ltr'>de</span> <span class='ocrx_word' id='word_1_191' title='bbox 1240 2620 1411 2670; x_wconf 91' lang='lat' dir='ltr'>nocte</span> <span class='ocrx_word' id='word_1_192' title='bbox 1443 2618 1591 2671; x_wconf 91' lang='lat' dir='ltr'>urbe</span> <span class='ocrx_word' id='word_1_193' title='bbox 1624 2618 1968 2689; x_wconf 86' lang='lat' dir='ltr'>digrediens</span> <span class='ocrx_word' id='word_1_194' title='bbox 2019 2634 2153 2672; x_wconf 89' lang='lat' dir='ltr'>cum</span> 
     </span>
    </p>
   </div>
   <div class='ocr_carea' id='block_1_31' title="bbox 480 2704 2152 2779">
    <p class='ocr_par' dir='ltr' id='par_1_31' title="bbox 480 2704 2152 2779">
     <span class='ocr_line' id='line_1_31' title="bbox 480 2704 2152 2779; baseline 0.002 -20"><span class='ocrx_word' id='word_1_195' title='bbox 480 2720 716 2777; x_wconf 88' lang='lat' dir='ltr'>pagano</span> <span class='ocrx_word' id='word_1_196' title='bbox 746 2704 1026 2758; x_wconf 88' lang='lat' dir='ltr'>traditore</span> <span class='ocrx_word' id='word_1_197' title='bbox 1046 2704 1284 2775; x_wconf 86' lang='lat' dir='ltr'>fugiens</span> <span class='ocrx_word' id='word_1_198' title='bbox 1298 2705 1576 2775; x_wconf 73' lang='lat' dir='ltr'>Syracusi</span> <span class='ocrx_word' id='word_1_199' title='bbox 1593 2722 1658 2760; x_wconf 92' lang='lat' dir='ltr'>se</span> <span class='ocrx_word' id='word_1_200' title='bbox 1674 2708 1916 2776; x_wconf 87' lang='lat' dir='ltr'>recepit.</span> <span class='ocrx_word' id='word_1_201' title='bbox 1938 2707 2152 2779; x_wconf 90' lang='lat' dir='ltr'>Sicque</span> 
     </span>
    </p>
   </div>
   <div class='ocr_carea' id='block_1_32' title="bbox 481 2792 2154 2866">
    <p class='ocr_par' dir='ltr' id='par_1_32' title="bbox 481 2792 2154 2866">
     <span class='ocr_line' id='line_1_32' title="bbox 481 2792 2154 2866; baseline 0.001 -18"><span class='ocrx_word' id='word_1_202' title='bbox 481 2794 632 2849; x_wconf 91' lang='lat' dir='ltr'>urbs</span> <span class='ocrx_word' id='word_1_203' title='bbox 654 2809 686 2846; x_wconf 91' lang='lat' dir='ltr'>a</span> <span class='ocrx_word' id='word_1_204' title='bbox 717 2792 942 2847; x_wconf 88' lang='lat' dir='ltr'>nostris</span> <span class='ocrx_word' id='word_1_205' title='bbox 962 2796 1362 2862; x_wconf 89' lang='lat' dir='ltr'>recuperatur.</span> <span class='ocrx_word' id='word_1_206' title='bbox 1392 2796 1670 2866; x_wconf 89' lang='lat' dir='ltr'>Paganus</span> <span class='ocrx_word' id='word_1_207' title='bbox 1708 2795 1953 2850; x_wconf 88' lang='lat' dir='ltr'>traditor</span> <span class='ocrx_word' id='word_1_208' title='bbox 1981 2812 2014 2849; x_wconf 90' lang='lat' dir='ltr'>a</span> <span class='ocrx_word' id='word_1_209' title='bbox 2046 2796 2154 2850; x_wconf 91' lang='lat' dir='ltr'>Be-</span> 
     </span>
    </p>
   </div>
   <div class='ocr_carea' id='block_1_33' title="bbox 482 2881 2149 2956">
    <p class='ocr_par' dir='ltr' id='par_1_33' title="bbox 482 2881 2149 2956">
     <span class='ocr_line' id='line_1_33' title="bbox 482 2881 2149 2956; baseline 0 -17"><span class='ocrx_word' id='word_1_210' title='bbox 482 2883 693 2939; x_wconf 87' lang='lat' dir='ltr'>narvet</span> <span class='ocrx_word' id='word_1_211' title='bbox 723 2896 796 2935; x_wconf 92' lang='lat' dir='ltr'>ne</span> <span class='ocrx_word' id='word_1_212' title='bbox 827 2881 1199 2952; x_wconf 72' lang='lat' dir='ltr'>Syracusam,</span> <span class='ocrx_word' id='word_1_213' title='bbox 1217 2883 1372 2936; x_wconf 91' lang='lat' dir='ltr'>sicut</span> <span class='ocrx_word' id='word_1_214' title='bbox 1388 2883 1662 2937; x_wconf 90' lang='lat' dir='ltr'>Catanam</span> <span class='ocrx_word' id='word_1_215' title='bbox 1675 2884 1917 2956; x_wconf 87' lang='lat' dir='ltr'>fecerat,</span> <span class='ocrx_word' id='word_1_216' title='bbox 1941 2885 2149 2956; x_wconf 87' lang='lat' dir='ltr'>tradat,</span> 
     </span>
    </p>
   </div>
   <div class='ocr_carea' id='block_1_34' title="bbox 485 2970 1831 3042">
    <p class='ocr_par' dir='ltr' id='par_1_34' title="bbox 485 2970 1831 3042">
     <span class='ocr_line' id='line_1_34' title="bbox 485 2970 1831 3042; baseline 0.001 -16"><span class='ocrx_word' id='word_1_217' title='bbox 485 2971 625 3026; x_wconf 91' lang='lat' dir='ltr'>dum</span> <span class='ocrx_word' id='word_1_218' title='bbox 655 2970 899 3042; x_wconf 86' lang='lat' dir='ltr'>praemia</span> <span class='ocrx_word' id='word_1_219' title='bbox 928 2970 1185 3040; x_wconf 91' lang='lat' dir='ltr'>pollicita</span> <span class='ocrx_word' id='word_1_220' title='bbox 1209 2971 1476 3042; x_wconf 89' lang='lat' dir='ltr'>requirit,</span> <span class='ocrx_word' id='word_1_221' title='bbox 1510 2973 1831 3028; x_wconf 86' lang='lat' dir='ltr'>truncatur.</span> 
     </span>
    </p>
   </div>
   <div class='ocr_carea' id='block_1_35' title="bbox 1081 3059 1558 3116">
    <p class='ocr_par' dir='ltr' id='par_1_35' title="bbox 1081 3059 1558 3116">
     <span class='ocr_line' id='line_1_35' title="bbox 1081 3059 1558 3116; baseline 0.004 -2"><span class='ocrx_word' id='word_1_222' title='bbox 1081 3059 1330 3115; x_wconf 82' lang='lat' dir='ltr'>CAPUT</span> <span class='ocrx_word' id='word_1_223' title='bbox 1369 3061 1558 3116; x_wconf 91' lang='lat' dir='ltr'><strong>XXX.</strong></span> 
     </span>
    </p>
   </div>
   <div class='ocr_carea' id='block_1_36' title="bbox 584 3148 2050 3223">
    <p class='ocr_par' dir='ltr' id='par_1_36' title="bbox 584 3148 2050 3223">
     <span class='ocr_line' id='line_1_36' title="bbox 584 3148 2050 3223; baseline 0 -18"><span class='ocrx_word' id='word_1_224' title='bbox 584 3148 982 3223; x_wconf 85' lang='lat' dir='ltr'>Angelmarus</span> <span class='ocrx_word' id='word_1_225' title='bbox 1011 3150 1163 3222; x_wconf 83' lang='lat' dir='ltr'>apud</span> <span class='ocrx_word' id='word_1_226' title='bbox 1194 3150 1509 3223; x_wconf 84' lang='lat' dir='ltr'>Geracium</span> <span class='ocrx_word' id='word_1_227' title='bbox 1545 3157 1749 3206; x_wconf 81' lang='lat' dir='ltr'>contra</span> <span class='ocrx_word' id='word_1_228' title='bbox 1780 3152 2050 3207; x_wconf 82' lang='lat' dir='ltr'>comitem</span> 
     </span>
    </p>
   </div>
   <div class='ocr_carea' id='block_1_37' title="bbox 1177 3222 1460 3295">
    <p class='ocr_par' dir='ltr' id='par_1_37' title="bbox 1177 3222 1460 3295">
     <span class='ocr_line' id='line_1_37' title="bbox 1177 3222 1460 3295; baseline 0.007 -20"><span class='ocrx_word' id='word_1_229' title='bbox 1177 3222 1460 3295; x_wconf 81' lang='lat' dir='ltr'>insurgit.</span> 
     </span>
    </p>
   </div>
   <div class='ocr_carea' id='block_1_38' title="bbox 559 3309 2157 3385">
    <p class='ocr_par' dir='ltr' id='par_1_38' title="bbox 559 3309 2157 3385">
     <span class='ocr_line' id='line_1_38' title="bbox 559 3309 2157 3385; baseline -0.002 -18"><span class='ocrx_word' id='word_1_230' title='bbox 559 3309 890 3385; x_wconf 90' lang='lat' dir='ltr'>Gregarius</span> <span class='ocrx_word' id='word_1_231' title='bbox 931 3315 1124 3366; x_wconf 89' lang='lat' dir='ltr'>autem</span> <span class='ocrx_word' id='word_1_232' title='bbox 1160 3312 1333 3366; x_wconf 88' lang='lat' dir='ltr'>miles</span> <span class='ocrx_word' id='word_1_233' title='bbox 1385 3311 1641 3382; x_wconf 87' lang='lat' dir='ltr'>quidam,</span> <span class='ocrx_word' id='word_1_234' title='bbox 1676 3312 1910 3365; x_wconf 91' lang='lat' dir='ltr'>nomine</span> <span class='ocrx_word' id='word_1_235' title='bbox 1938 3311 2157 3383; x_wconf 84' lang='lat' dir='ltr'>Angel-</span> 
     </span>
    </p>
   </div>
   <div class='ocr_carea' id='block_1_39' title="bbox 486 3399 2155 3470">
    <p class='ocr_par' dir='ltr' id='par_1_39' title="bbox 486 3399 2155 3470">
     <span class='ocr_line' id='line_1_39' title="bbox 486 3399 2155 3470; baseline -0.002 -13"><span class='ocrx_word' id='word_1_236' title='bbox 486 3417 690 3457; x_wconf 88' lang='lat' dir='ltr'>marus</span> <span class='ocrx_word' id='word_1_237' title='bbox 722 3399 888 3470; x_wconf 78' lang='lat'>(267),</span> <span class='ocrx_word' id='word_1_238' title='bbox 930 3400 1125 3455; x_wconf 89' lang='lat' dir='ltr'>comiti</span> <span class='ocrx_word' id='word_1_239' title='bbox 1156 3400 1255 3453; x_wconf 91' lang='lat' dir='ltr'>diu</span> <span class='ocrx_word' id='word_1_240' title='bbox 1305 3400 1614 3469; x_wconf 87' lang='lat' dir='ltr'>servierat,</span> <span class='ocrx_word' id='word_1_241' title='bbox 1647 3401 1741 3454; x_wconf 91' lang='lat' dir='ltr'>cui</span> <span class='ocrx_word' id='word_1_242' title='bbox 1771 3400 1900 3469; x_wconf 91' lang='lat' dir='ltr'>ipse</span> <span class='ocrx_word' id='word_1_243' title='bbox 1934 3415 2155 3469; x_wconf 88' lang='lat' dir='ltr'>comes,</span> 
     </span>
    </p>
   </div>
   <div class='ocr_carea' id='block_1_40' title="bbox 489 3488 2159 3563">
    <p class='ocr_par' dir='ltr' id='par_1_40' title="bbox 489 3488 2159 3563">
     <span class='ocr_line' id='line_1_40' title="bbox 489 3488 2159 3563; baseline -0.002 -18"><span class='ocrx_word' id='word_1_244' title='bbox 489 3490 762 3563; x_wconf 90' lang='lat' dir='ltr'>quamvis</span> <span class='ocrx_word' id='word_1_245' title='bbox 780 3489 1092 3542; x_wconf 89' lang='lat' dir='ltr'>inﬁmioris</span> <span class='ocrx_word' id='word_1_246' title='bbox 1109 3489 1352 3559; x_wconf 89' lang='lat' dir='ltr'>generis</span> <span class='ocrx_word' id='word_1_247' title='bbox 1382 3492 1563 3554; x_wconf 84' lang='lat' dir='ltr'>esset,</span> <span class='ocrx_word' id='word_1_248' title='bbox 1589 3492 1831 3559; x_wconf 86' lang='lat' dir='ltr'>propter</span> <span class='ocrx_word' id='word_1_249' title='bbox 1846 3488 2159 3542; x_wconf 89' lang='lat' dir='ltr'>militarem</span> 
     </span>
    </p>
   </div>
   <div class='ocr_carea' id='block_1_41' title="bbox 490 3576 2160 3646">
    <p class='ocr_par' dir='ltr' id='par_1_41' title="bbox 490 3576 2160 3646">
     <span class='ocr_line' id='line_1_41' title="bbox 490 3576 2160 3646; baseline -0.002 -12"><span class='ocrx_word' id='word_1_250' title='bbox 490 3582 688 3634; x_wconf 88' lang='lat' dir='ltr'>tamen</span> <span class='ocrx_word' id='word_1_251' title='bbox 720 3577 1144 3646; x_wconf 90' lang='lat' dir='ltr'>strenuitatem,</span> <span class='ocrx_word' id='word_1_252' title='bbox 1197 3592 1370 3646; x_wconf 89' lang='lat' dir='ltr'>quam</span> <span class='ocrx_word' id='word_1_253' title='bbox 1426 3577 1486 3631; x_wconf 93' lang='lat' dir='ltr'>in</span> <span class='ocrx_word' id='word_1_254' title='bbox 1523 3592 1590 3631; x_wconf 92' lang='lat' dir='ltr'>eo</span> <span class='ocrx_word' id='word_1_255' title='bbox 1639 3576 1892 3645; x_wconf 88' lang='lat' dir='ltr'>videbat,</span> <span class='ocrx_word' id='word_1_256' title='bbox 1951 3577 2160 3631; x_wconf 91' lang='lat' dir='ltr'>volens</span> 
     </span>
    </p>
   </div>
   <div class='ocr_carea' id='block_1_42' title="bbox 496 3664 2158 3736">
    <p class='ocr_par' dir='ltr' id='par_1_42' title="bbox 496 3664 2158 3736">
     <span class='ocr_line' id='line_1_42' title="bbox 496 3664 2158 3736; baseline -0.001 -15"><span class='ocrx_word' id='word_1_257' title='bbox 496 3666 805 3721; x_wconf 85' lang='lat' dir='ltr'>servitium</span> <span class='ocrx_word' id='word_1_258' title='bbox 827 3680 1000 3719; x_wconf 90' lang='lat' dir='ltr'>suum</span> <span class='ocrx_word' id='word_1_259' title='bbox 1034 3665 1300 3732; x_wconf 89' lang='lat' dir='ltr'>honeste,</span> <span class='ocrx_word' id='word_1_260' title='bbox 1334 3667 1397 3718; x_wconf 90' lang='lat' dir='ltr'>ut</span> <span class='ocrx_word' id='word_1_261' title='bbox 1437 3664 1552 3718; x_wconf 89' lang='lat' dir='ltr'>sibi</span> <span class='ocrx_word' id='word_1_262' title='bbox 1598 3680 1836 3735; x_wconf 91' lang='lat' dir='ltr'>semper</span> <span class='ocrx_word' id='word_1_263' title='bbox 1863 3679 1994 3719; x_wconf 90' lang='lat' dir='ltr'>mos</span> <span class='ocrx_word' id='word_1_264' title='bbox 2030 3664 2158 3736; x_wconf 88' lang='lat' dir='ltr'>fuit,</span> 
     </span>
    </p>
   </div>
   <div class='ocr_carea' id='block_1_43' title="bbox 495 3754 2159 3826">
    <p class='ocr_par' dir='ltr' id='par_1_43' title="bbox 495 3754 2159 3826">
     <span class='ocr_line' id='line_1_43' title="bbox 495 3754 2159 3826; baseline -0.001 -15"><span class='ocrx_word' id='word_1_265' title='bbox 495 3770 899 3826; x_wconf 90' lang='lat' dir='ltr'>remunerare,</span> <span class='ocrx_word' id='word_1_266' title='bbox 952 3768 1199 3809; x_wconf 90' lang='lat' dir='ltr'>uxorem</span> <span class='ocrx_word' id='word_1_267' title='bbox 1250 3754 1480 3824; x_wconf 88' lang='lat' dir='ltr'>nepotis</span> <span class='ocrx_word' id='word_1_268' title='bbox 1538 3755 1632 3809; x_wconf 92' lang='lat' dir='ltr'>sui</span> <span class='ocrx_word' id='word_1_269' title='bbox 1678 3754 1943 3810; x_wconf 87' lang='lat' dir='ltr'>Serlonis</span> <span class='ocrx_word' id='word_1_270' title='bbox 1991 3754 2159 3826; x_wconf 77' lang='lat'>(268),</span> 
     </span>
    </p>
   </div>
   <div class='ocr_carea' id='block_1_44' title="bbox 496 3842 2163 3914">
    <p class='ocr_par' dir='ltr' id='par_1_44' title="bbox 496 3842 2163 3914">
     <span class='ocr_line' id='line_1_44' title="bbox 496 3842 2163 3914; baseline 0 -15"><span class='ocrx_word' id='word_1_271' title='bbox 496 3845 775 3900; x_wconf 90' lang='lat' dir='ltr'>videlicet</span> <span class='ocrx_word' id='word_1_272' title='bbox 823 3844 978 3914; x_wconf 89' lang='lat' dir='ltr'>apud</span> <span class='ocrx_word' id='word_1_273' title='bbox 1033 3843 1294 3898; x_wconf 91' lang='lat' dir='ltr'>Siciliam</span> <span class='ocrx_word' id='word_1_274' title='bbox 1338 3860 1372 3897; x_wconf 89' lang='lat' dir='ltr'>a</span> <span class='ocrx_word' id='word_1_275' title='bbox 1402 3842 1747 3898; x_wconf 89' lang='lat' dir='ltr'>Sarracenis</span> <span class='ocrx_word' id='word_1_276' title='bbox 1777 3844 2163 3914; x_wconf 88' lang='lat' dir='ltr'>interemptus</span> 
     </span>
    </p>
   </div>
   <div class='ocr_carea' id='block_1_45' title="bbox 497 3932 2165 4004">
    <p class='ocr_par' dir='ltr' id='par_1_45' title="bbox 497 3932 2165 4004">
     <span class='ocr_line' id='line_1_45' title="bbox 497 3932 2165 4004; baseline -0.001 -15"><span class='ocrx_word' id='word_1_277' title='bbox 497 3935 710 4004; x_wconf 87' lang='lat' dir='ltr'>fuerat,</span> <span class='ocrx_word' id='word_1_278' title='bbox 737 3949 870 3988; x_wconf 90' lang='lat' dir='ltr'>cum</span> <span class='ocrx_word' id='word_1_279' title='bbox 891 3933 1047 3988; x_wconf 90' lang='lat' dir='ltr'>omni</span> <span class='ocrx_word' id='word_1_280' title='bbox 1078 3932 1223 4003; x_wconf 88' lang='lat'>(269)</span> <span class='ocrx_word' id='word_1_281' title='bbox 1239 3932 1352 3987; x_wconf 91' lang='lat' dir='ltr'>sibi</span> <span class='ocrx_word' id='word_1_282' title='bbox 1377 3933 1748 4003; x_wconf 86' lang='lat' dir='ltr'>competenti,</span> <span class='ocrx_word' id='word_1_283' title='bbox 1770 3933 1899 4003; x_wconf 88' lang='lat' dir='ltr'>ipsa</span> <span class='ocrx_word' id='word_1_284' title='bbox 1920 3935 2165 3988; x_wconf 89' lang='lat' dir='ltr'>multum</span> 
     </span>
    </p>
   </div>
   <div class='ocr_carea' id='block_1_46' title="bbox 498 4021 2167 4093">
    <p class='ocr_par' dir='ltr' id='par_1_46' title="bbox 498 4021 2167 4093">
     <span class='ocr_line' id='line_1_46' title="bbox 498 4021 2167 4093; baseline -0.002 -14"><span class='ocrx_word' id='word_1_285' title='bbox 498 4025 809 4092; x_wconf 88' lang='lat' dir='ltr'>renitente,</span> <span class='ocrx_word' id='word_1_286' title='bbox 824 4023 884 4076; x_wconf 91' lang='lat' dir='ltr'>in</span> <span class='ocrx_word' id='word_1_287' title='bbox 901 4021 1334 4076; x_wconf 89' lang='lat' dir='ltr'>matrimonium</span> <span class='ocrx_word' id='word_1_288' title='bbox 1347 4021 1462 4075; x_wconf 89' lang='lat' dir='ltr'>sibi</span> <span class='ocrx_word' id='word_1_289' title='bbox 1476 4022 1792 4092; x_wconf 89' lang='lat' dir='ltr'>concessit,</span> <span class='ocrx_word' id='word_1_290' title='bbox 1807 4026 1870 4076; x_wconf 90' lang='lat' dir='ltr'>ut</span> <span class='ocrx_word' id='word_1_291' title='bbox 1892 4037 1997 4092; x_wconf 91' lang='lat' dir='ltr'>per</span> <span class='ocrx_word' id='word_1_292' title='bbox 2010 4039 2167 4093; x_wconf 64' lang='lat' dir='ltr'>prai-</span> 
     </span>
    </p>
   </div>
   <div class='ocr_carea' id='block_1_47' title="bbox 503 4110 2172 4185">
    <p class='ocr_par' dir='ltr' id='par_1_47' title="bbox 503 4110 2172 4185">
     <span class='ocr_line' id='line_1_47' title="bbox 503 4110 2172 4185; baseline -0.002 -18"><span class='ocrx_word' id='word_1_293' title='bbox 503 4113 649 4167; x_wconf 90' lang='lat' dir='ltr'>clari</span> <span class='ocrx_word' id='word_1_294' title='bbox 671 4113 911 4185; x_wconf 85' lang='lat' dir='ltr'>generis</span> <span class='ocrx_word' id='word_1_295' title='bbox 928 4113 1255 4180; x_wconf 89' lang='lat' dir='ltr'>mulierem,</span> <span class='ocrx_word' id='word_1_296' title='bbox 1284 4114 1407 4166; x_wconf 90' lang='lat' dir='ltr'>erat</span> <span class='ocrx_word' id='word_1_297' title='bbox 1437 4110 1591 4165; x_wconf 90' lang='lat' dir='ltr'>enim</span> <span class='ocrx_word' id='word_1_298' title='bbox 1634 4111 1751 4164; x_wconf 89' lang='lat' dir='ltr'>ﬁlia</span> <span class='ocrx_word' id='word_1_299' title='bbox 1799 4110 2029 4165; x_wconf 81' lang='lat' dir='ltr'>Radulﬁ</span> <span class='ocrx_word' id='word_1_300' title='bbox 2063 4112 2172 4164; x_wconf 89' lang='lat' dir='ltr'>Ba-</span> 
     </span>
    </p>
   </div>
   <div class='ocr_carea' id='block_1_48' title="bbox 442 4200 2172 4277">
    <p class='ocr_par' dir='ltr' id='par_1_48' title="bbox 442 4200 2172 4277">
     <span class='ocr_line' id='line_1_48' title="bbox 442 4200 2172 4277; baseline -0.003 -19"><span class='ocrx_word' id='word_1_301' title='bbox 442 4260 453 4269; x_wconf 37' lang='lat'>\</span> <span class='ocrx_word' id='word_1_302' title='bbox 493 4203 771 4277; x_wconf 86' lang='lat' dir='ltr'>janensis</span> <span class='ocrx_word' id='word_1_303' title='bbox 808 4201 1060 4270; x_wconf 91' lang='lat' dir='ltr'>comitis,</span> <span class='ocrx_word' id='word_1_304' title='bbox 1094 4200 1295 4255; x_wconf 90' lang='lat' dir='ltr'>militis</span> <span class='ocrx_word' id='word_1_305' title='bbox 1326 4200 1700 4271; x_wconf 88' lang='lat' dir='ltr'>generositas</span> <span class='ocrx_word' id='word_1_306' title='bbox 1750 4200 1902 4255; x_wconf 90' lang='lat' dir='ltr'>inter</span> <span class='ocrx_word' id='word_1_307' title='bbox 1933 4200 2172 4255; x_wconf 89' lang='lat' dir='ltr'>sodales</span> 
     </span>
    </p>
   </div>
   <div class='ocr_carea' id='block_1_49' title="bbox 504 4289 2172 4359">
    <p class='ocr_par' dir='ltr' id='par_1_49' title="bbox 504 4289 2172 4359">
     <span class='ocr_line' id='line_1_49' title="bbox 504 4289 2172 4359; baseline -0.003 -12"><span class='ocrx_word' id='word_1_308' title='bbox 504 4292 719 4348; x_wconf 89' lang='lat' dir='ltr'>clarior</span> <span class='ocrx_word' id='word_1_309' title='bbox 750 4291 933 4345; x_wconf 88' lang='lat' dir='ltr'>ﬁeret.</span> <span class='ocrx_word' id='word_1_310' title='bbox 959 4290 1061 4344; x_wconf 91' lang='lat' dir='ltr'>Ille</span> <span class='ocrx_word' id='word_1_311' title='bbox 1093 4305 1235 4344; x_wconf 91' lang='lat' dir='ltr'>vero</span> <span class='ocrx_word' id='word_1_312' title='bbox 1266 4289 1415 4359; x_wconf 89' lang='lat' dir='ltr'>apud</span> <span class='ocrx_word' id='word_1_313' title='bbox 1444 4289 1774 4357; x_wconf 91' lang='lat' dir='ltr'>Geracium,</span> <span class='ocrx_word' id='word_1_314' title='bbox 1808 4289 1983 4359; x_wconf 80' lang='lat' dir='ltr'>cujus</span> <span class='ocrx_word' id='word_1_315' title='bbox 2032 4304 2172 4359; x_wconf 90' lang='lat' dir='ltr'>qua-</span> 
     </span>
    </p>
   </div>
   <div class='ocr_carea' id='block_1_50' title="bbox 505 4377 2175 4447">
    <p class='ocr_par' dir='ltr' id='par_1_50' title="bbox 505 4377 2175 4447">
     <span class='ocr_line' id='line_1_50' title="bbox 505 4377 2175 4447; baseline -0.004 -10"><span class='ocrx_word' id='word_1_316' title='bbox 505 4383 686 4437; x_wconf 91' lang='lat' dir='ltr'>drans</span> <span class='ocrx_word' id='word_1_317' title='bbox 717 4398 791 4436; x_wconf 89' lang='lat' dir='ltr'>ex</span> <span class='ocrx_word' id='word_1_318' title='bbox 822 4381 953 4434; x_wconf 88' lang='lat' dir='ltr'>dote</span> <span class='ocrx_word' id='word_1_319' title='bbox 975 4379 1243 4433; x_wconf 89' lang='lat' dir='ltr'>mulieris</span> <span class='ocrx_word' id='word_1_320' title='bbox 1279 4378 1394 4433; x_wconf 92' lang='lat' dir='ltr'>sibi</span> <span class='ocrx_word' id='word_1_321' title='bbox 1426 4378 1809 4447; x_wconf 89' lang='lat' dir='ltr'>competebat,</span> <span class='ocrx_word' id='word_1_322' title='bbox 1826 4377 2044 4447; x_wconf 89' lang='lat' dir='ltr'>nuptiis</span> <span class='ocrx_word' id='word_1_323' title='bbox 2072 4392 2175 4430; x_wconf 94' lang='lat' dir='ltr'>so-</span> 
     </span>
    </p>
   </div>
   <div class='ocr_carea' id='block_1_51' title="bbox 501 4466 2267 4544">
    <p class='ocr_par' dir='ltr' id='par_1_51' title="bbox 501 4466 2267 4544">
     <span class='ocr_line' id='line_1_51' title="bbox 501 4466 2267 4544; baseline -0.005 -18"><span class='ocrx_word' id='word_1_324' title='bbox 501 4472 780 4528; x_wconf 88' lang='lat' dir='ltr'>lemniter</span> <span class='ocrx_word' id='word_1_325' title='bbox 824 4468 1159 4535; x_wconf 89' lang='lat' dir='ltr'>celebratis,</span> <span class='ocrx_word' id='word_1_326' title='bbox 1192 4482 1306 4521; x_wconf 91' lang='lat' dir='ltr'>non</span> <span class='ocrx_word' id='word_1_327' title='bbox 1350 4466 1476 4537; x_wconf 88' lang='lat' dir='ltr'>jam</span> <span class='ocrx_word' id='word_1_328' title='bbox 1516 4467 1860 4520; x_wconf 89' lang='lat' dir='ltr'>humilitatis</span> <span class='ocrx_word' id='word_1_329' title='bbox 1891 4466 2172 4522; x_wconf 89' lang='lat' dir='ltr'>honorem</span> <span class='ocrx_word' id='word_1_330' title='bbox 2205 4474 2267 4544; x_wconf 70' lang='grc' dir='ltr'>ι)</span> 
     </span>
    </p>
   </div>
   <div class='ocr_carea' id='block_1_52' title="bbox 507 4554 2175 4629">
    <p class='ocr_par' dir='ltr' id='par_1_52' title="bbox 507 4554 2175 4629">
     <span class='ocr_line' id='line_1_52' title="bbox 507 4554 2175 4629; baseline -0.005 -13"><span class='ocrx_word' id='word_1_331' title='bbox 507 4574 783 4629; x_wconf 89' lang='lat' dir='ltr'>servans,</span> <span class='ocrx_word' id='word_1_332' title='bbox 804 4558 874 4612; x_wconf 89' lang='lat' dir='ltr'>ad</span> <span class='ocrx_word' id='word_1_333' title='bbox 894 4558 988 4613; x_wconf 92' lang='lat' dir='ltr'>sui</span> <span class='ocrx_word' id='word_1_334' title='bbox 1005 4556 1243 4628; x_wconf 84' lang='lat' dir='ltr'>generis</span> <span class='ocrx_word' id='word_1_335' title='bbox 1266 4554 1621 4610; x_wconf 88' lang='lat' dir='ltr'>debilitatem</span> <span class='ocrx_word' id='word_1_336' title='bbox 1652 4559 1905 4609; x_wconf 91' lang='lat' dir='ltr'>mentem</span> <span class='ocrx_word' id='word_1_337' title='bbox 1922 4555 2175 4608; x_wconf 90' lang='lat' dir='ltr'>reduce-</span> 
     </span>
    </p>
   </div>
   <div class='ocr_carea' id='block_1_53' title="bbox 505 4641 2175 4720">
    <p class='ocr_par' dir='ltr' id='par_1_53' title="bbox 505 4641 2175 4720">
     <span class='ocr_line' id='line_1_53' title="bbox 505 4641 2175 4720; baseline -0.007 -14"><span class='ocrx_word' id='word_1_338' title='bbox 505 4652 626 4720; x_wconf 87' lang='lat' dir='ltr'>bat,</span> <span class='ocrx_word' id='word_1_339' title='bbox 663 4649 769 4705; x_wconf 91' lang='lat' dir='ltr'>sed</span> <span class='ocrx_word' id='word_1_340' title='bbox 792 4648 998 4702; x_wconf 82' lang='lat' dir='ltr'>uxoris</span> <span class='ocrx_word' id='word_1_341' title='bbox 1017 4646 1472 4717; x_wconf 89' lang='lat' dir='ltr'>generositatem</span> <span class='ocrx_word' id='word_1_342' title='bbox 1505 4644 1564 4698; x_wconf 92' lang='lat' dir='ltr'>in</span> <span class='ocrx_word' id='word_1_343' title='bbox 1595 4644 1787 4697; x_wconf 90' lang='lat' dir='ltr'>animo</span> <span class='ocrx_word' id='word_1_344' title='bbox 1822 4643 1939 4697; x_wconf 90' lang='lat' dir='ltr'>sibi</span> <span class='ocrx_word' id='word_1_345' title='bbox 1980 4641 2175 4697; x_wconf 91' lang='lat' dir='ltr'>vindi-</span> 
     </span>
    </p>
   </div>
   <div class='ocr_carea' id='block_1_54' title="bbox 511 4732 2175 4810">
    <p class='ocr_par' dir='ltr' id='par_1_54' title="bbox 511 4732 2175 4810">
     <span class='ocr_line' id='line_1_54' title="bbox 511 4732 2175 4810; baseline -0.007 -14"><span class='ocrx_word' id='word_1_346' title='bbox 511 4755 674 4810; x_wconf 87' lang='lat' dir='ltr'>cans,</span> <span class='ocrx_word' id='word_1_347' title='bbox 702 4738 989 4810; x_wconf 85' lang='lat' dir='ltr'>aequalem</span> <span class='ocrx_word' id='word_1_348' title='bbox 1007 4750 1093 4803; x_wconf 92' lang='lat' dir='ltr'>se,</span> <span class='ocrx_word' id='word_1_349' title='bbox 1120 4736 1175 4789; x_wconf 90' lang='lat' dir='ltr'>et</span> <span class='ocrx_word' id='word_1_350' title='bbox 1198 4749 1436 4806; x_wconf 87' lang='lat' dir='ltr'>genere,</span> <span class='ocrx_word' id='word_1_351' title='bbox 1463 4735 1520 4787; x_wconf 89' lang='lat' dir='ltr'>et</span> <span class='ocrx_word' id='word_1_352' title='bbox 1557 4733 1837 4804; x_wconf 90' lang='lat' dir='ltr'>dignitate</span> <span class='ocrx_word' id='word_1_353' title='bbox 1888 4732 1970 4785; x_wconf 92' lang='lat' dir='ltr'>illi</span> <span class='ocrx_word' id='word_1_354' title='bbox 2002 4732 2175 4803; x_wconf 89' lang='lat' dir='ltr'>cujus</span> 
     </span>
    </p>
   </div>
   <div class='ocr_carea' id='block_1_55' title="bbox 511 4819 2177 4894">
    <p class='ocr_par' dir='ltr' id='par_1_55' title="bbox 511 4819 2177 4894">
     <span class='ocr_line' id='line_1_55' title="bbox 511 4819 2177 4894; baseline -0.007 -9"><span class='ocrx_word' id='word_1_355' title='bbox 511 4833 681 4885; x_wconf 89' lang='lat' dir='ltr'>antea</span> <span class='ocrx_word' id='word_1_356' title='bbox 700 4843 850 4882; x_wconf 86' lang='lat' dir='ltr'>uxor</span> <span class='ocrx_word' id='word_1_357' title='bbox 879 4822 1344 4894; x_wconf 89' lang='lat' dir='ltr'>fuerat,jactans</span> <span class='ocrx_word' id='word_1_358' title='bbox 1389 4826 1662 4892; x_wconf 89' lang='lat' dir='ltr'>proterve</span> <span class='ocrx_word' id='word_1_359' title='bbox 1708 4821 2031 4891; x_wconf 88' lang='lat' dir='ltr'>appetebat.</span> <span class='ocrx_word' id='word_1_360' title='bbox 2066 4819 2177 4873; x_wconf 90' lang='lat' dir='ltr'>Hic</span> 
     </span>
    </p>
   </div>
   <div class='ocr_carea' id='block_1_56' title="bbox 513 4908 2176 4993">
    <p class='ocr_par' dir='ltr' id='par_1_56' title="bbox 513 4908 2176 4993">
     <span class='ocr_line' id='line_1_56' title="bbox 513 4908 2176 4993; baseline -0.009 -17"><span class='ocrx_word' id='word_1_361' title='bbox 513 4916 1015 4993; x_wconf 89' lang='lat' dir='ltr'>apudGeracium,</span> <span class='ocrx_word' id='word_1_362' title='bbox 1048 4914 1153 4968; x_wconf 90' lang='lat' dir='ltr'>ubi</span> <span class='ocrx_word' id='word_1_363' title='bbox 1190 4928 1389 4968; x_wconf 90' lang='lat' dir='ltr'>eomes</span> <span class='ocrx_word' id='word_1_364' title='bbox 1418 4911 1628 4965; x_wconf 87' lang='lat' dir='ltr'>turrim</span> <span class='ocrx_word' id='word_1_365' title='bbox 1680 4910 2034 4978; x_wconf 88' lang='lat' dir='ltr'>ﬁrmaverat,</span> <span class='ocrx_word' id='word_1_366' title='bbox 2071 4908 2176 4962; x_wconf 93' lang='lat' dir='ltr'>de-</span> 
     </span>
    </p>
   </div>
   <div class='ocr_carea' id='block_1_57' title="bbox 513 4996 2177 5071">
    <p class='ocr_par' dir='ltr' id='par_1_57' title="bbox 513 4996 2177 5071">
     <span class='ocr_line' id='line_1_57' title="bbox 513 4996 2177 5071; baseline -0.01 -4"><span class='ocrx_word' id='word_1_367' title='bbox 513 5025 677 5066; x_wconf 89' lang='lat' dir='ltr'>mum</span> <span class='ocrx_word' id='word_1_368' title='bbox 706 5003 1133 5063; x_wconf 89' lang='lat' dir='ltr'>defensabilem</span> <span class='ocrx_word' id='word_1_369' title='bbox 1153 5001 1460 5071; x_wconf 88' lang='lat' dir='ltr'>incipiens,</span> <span class='ocrx_word' id='word_1_370' title='bbox 1494 4998 1769 5069; x_wconf 89' lang='lat' dir='ltr'>paulatim</span> <span class='ocrx_word' id='word_1_371' title='bbox 1797 4996 2177 5068; x_wconf 89' lang='lat' dir='ltr'>provehendo</span> 
     </span>
    </p>
   </div>
   <div class='ocr_carea' id='block_1_58' title="bbox 518 5084 2174 5156">
    <p class='ocr_par' dir='ltr' id='par_1_58' title="bbox 518 5084 2174 5156">
     <span class='ocr_line' id='line_1_58' title="bbox 518 5084 2174 5156; baseline -0.011 0"><span class='ocrx_word' id='word_1_372' title='bbox 518 5100 878 5156; x_wconf 88' lang='lat' dir='ltr'>etinterdum</span> <span class='ocrx_word' id='word_1_373' title='bbox 890 5091 1320 5152; x_wconf 89' lang='lat' dir='ltr'>dissimulando</span> <span class='ocrx_word' id='word_1_374' title='bbox 1336 5089 1719 5145; x_wconf 81' lang='lat' dir='ltr'>fortissimam</span> <span class='ocrx_word' id='word_1_375' title='bbox 1740 5087 1946 5142; x_wconf 88' lang='lat' dir='ltr'>turrim</span> <span class='ocrx_word' id='word_1_376' title='bbox 1964 5084 2174 5156; x_wconf 82' lang='lat' dir='ltr'>effecit,</span> 
     </span>
    </p>
   </div>
   <div class='ocr_carea' id='block_1_59' title="bbox 519 5175 2179 5246">
    <p class='ocr_par' dir='ltr' id='par_1_59' title="bbox 519 5175 2179 5246">
     <span class='ocr_line' id='line_1_59' title="bbox 519 5175 2179 5246; baseline -0.009 -3"><span class='ocrx_word' id='word_1_377' title='bbox 519 5187 892 5246; x_wconf 88' lang='lat' dir='ltr'>Geracenses</span> <span class='ocrx_word' id='word_1_378' title='bbox 921 5198 1128 5243; x_wconf 89' lang='lat' dir='ltr'>omnes</span> <span class='ocrx_word' id='word_1_379' title='bbox 1159 5181 1289 5237; x_wconf 90' lang='lat' dir='ltr'>suis</span> <span class='ocrx_word' id='word_1_380' title='bbox 1324 5178 1758 5235; x_wconf 90' lang='lat' dir='ltr'>adulationibus</span> <span class='ocrx_word' id='word_1_381' title='bbox 1791 5180 1846 5231; x_wconf 91' lang='lat' dir='ltr'>et</span> <span class='ocrx_word' id='word_1_382' title='bbox 1876 5175 2179 5230; x_wconf 87' lang='lat' dir='ltr'>favoribus</span> 
     </span>
    </p>
   </div>
   <div class='ocr_carea' id='block_1_60' title="bbox 617 5343 1420 5415">
    <p class='ocr_par' dir='ltr' id='par_1_60' title="bbox 617 5343 1420 5415">
     <span class='ocr_line' id='line_1_60' title="bbox 617 5343 1420 5415; baseline -0.004 -15"><span class='ocrx_word' id='word_1_383' title='bbox 617 5345 742 5415; x_wconf 91' lang='lat'>266)</span> <span class='ocrx_word' id='word_1_384' title='bbox 782 5347 845 5400; x_wconf 87' lang='lat' dir='ltr'>C.</span> <span class='ocrx_word' id='word_1_385' title='bbox 885 5348 952 5399; x_wconf 91' lang='lat' dir='ltr'>P.</span> <span class='ocrx_word' id='word_1_386' title='bbox 999 5343 1420 5401; x_wconf 76' lang='lat' dir='ltr'>Crotoniensis.</span> 
     </span>
    </p>
   </div>
   <div class='ocr_carea' id='block_1_61' title="bbox 594 5349 1198 5496">
    <p class='ocr_par' dir='ltr' id='par_1_61' title="bbox 594 5349 1198 5496">
     <span class='ocr_line' id='line_1_61' title="bbox 617 5349 1198 5415; baseline -0.002 -15"><span class='ocrx_word' id='word_1_387' title='bbox 617 5349 742 5415; x_wconf 91' lang='lat'>266)</span> <span class='ocrx_word' id='word_1_388' title='bbox 782 5349 845 5400; x_wconf 77' lang='grc' dir='ltr'>Ο.</span> <span class='ocrx_word' id='word_1_389' title='bbox 885 5349 952 5399; x_wconf 84' lang='grc' dir='ltr'>Ρ.</span> <span class='ocrx_word' id='word_1_390' title='bbox 999 5349 1198 5401; x_wconf 70' lang='lat' dir='ltr'>Croto:</span> 
     </span>
     <span class='ocr_line' id='line_1_62' title="bbox 594 5349 1198 5496; baseline 0.007 -28"><span class='ocrx_word' id='word_1_391' title='bbox 784 5415 1198 5496; x_wconf 50' lang='lat' dir='ltr'>Englemurus.</span> 
     </span>
    </p>
   </div>
   <div class='ocr_carea' id='block_1_62' title="bbox 617 5484 917 5555">
    <p class='ocr_par' dir='ltr' id='par_1_62' title="bbox 617 5484 917 5555">
     <span class='ocr_line' id='line_1_63' title="bbox 617 5484 917 5555; baseline -0.01 -15"><span class='ocrx_word' id='word_1_392' title='bbox 617 5484 741 5555; x_wconf 88' lang='lat'>268)</span> <span class='ocrx_word' id='word_1_393' title='bbox 786 5484 917 5549; x_wconf 86' lang='lat' dir='ltr'>Qui.</span> 
     </span>
    </p>
   </div>
   <div class='ocr_carea' id='block_1_63' title="bbox 594 5488 956 5631">
    <p class='ocr_par' dir='ltr' id='par_1_63' title="bbox 594 5488 956 5631">
     <span class='ocr_line' id='line_1_64' title="bbox 617 5488 917 5555; baseline -0.01 -15"><span class='ocrx_word' id='word_1_394' title='bbox 617 5488 741 5555; x_wconf 88' lang='grc'>268)</span> <span class='ocrx_word' id='word_1_395' title='bbox 786 5488 917 5549; x_wconf 86' lang='lat' dir='ltr'>Qui.</span> 
     </span>
     <span class='ocr_line' id='line_1_65' title="bbox 594 5488 956 5631; baseline -0.019 -17"><span class='ocrx_word' id='word_1_396' title='bbox 594 5488 744 5631; x_wconf 52' lang='grc'>(269)</span> <span class='ocrx_word' id='word_1_397' title='bbox 782 5555 956 5611; x_wconf 83' lang='lat' dir='ltr'>Dote.</span> 
     </span>
    </p>
   </div>
   <div class='ocr_carea' id='block_1_64' title="bbox 2176 1773 2228 1838">
    <p class='ocr_par' dir='ltr' id='par_1_64' title="bbox 2176 1773 2228 1838">
     <span class='ocr_line' id='line_1_66' title="bbox 2176 1773 2228 1838; baseline 0 0"><span class='ocrx_word' id='word_1_398' title='bbox 2176 1773 2228 1838; x_wconf 88' lang='grc' dir='ltr'>Β</span> 
     </span>
    </p>
   </div>
   <div class='ocr_carea' id='block_1_65' title="bbox 2240 489 3849 556">
    <p class='ocr_par' dir='ltr' id='par_1_65' title="bbox 2240 489 3849 556">
     <span class='ocr_line' id='line_1_67' title="bbox 2240 489 3849 556; baseline 0.002 -12"><span class='ocrx_word' id='word_1_399' title='bbox 2240 489 2496 544; x_wconf 87' lang='lat' dir='ltr'>amicitia</span> <span class='ocrx_word' id='word_1_400' title='bbox 2527 490 2966 545; x_wconf 88' lang='lat' dir='ltr'>confoederans.</span> <span class='ocrx_word' id='word_1_401' title='bbox 3014 491 3179 556; x_wconf 90' lang='lat' dir='ltr'>Quod</span> <span class='ocrx_word' id='word_1_402' title='bbox 3220 508 3353 546; x_wconf 90' lang='lat' dir='ltr'>cum</span> <span class='ocrx_word' id='word_1_403' title='bbox 3382 492 3574 546; x_wconf 89' lang='lat' dir='ltr'>comiti</span> <span class='ocrx_word' id='word_1_404' title='bbox 3601 493 3849 547; x_wconf 84' lang='lat' dir='ltr'>renuntia-</span> 
     </span>
    </p>
   </div>
   <div class='ocr_carea' id='block_1_66' title="bbox 2241 578 3848 650">
    <p class='ocr_par' dir='ltr' id='par_1_66' title="bbox 2241 578 3848 650">
     <span class='ocr_line' id='line_1_68' title="bbox 2241 578 3848 650; baseline 0.001 -17"><span class='ocrx_word' id='word_1_405' title='bbox 2241 583 2363 633; x_wconf 89' lang='lat' dir='ltr'>tum</span> <span class='ocrx_word' id='word_1_406' title='bbox 2396 578 2632 649; x_wconf 90' lang='lat' dir='ltr'>fuisset,</span> <span class='ocrx_word' id='word_1_407' title='bbox 2664 579 3037 634; x_wconf 90' lang='lat' dir='ltr'>insolentiam</span> <span class='ocrx_word' id='word_1_408' title='bbox 3075 580 3210 650; x_wconf 88' lang='lat' dir='ltr'>ejus</span> <span class='ocrx_word' id='word_1_409' title='bbox 3238 581 3714 649; x_wconf 87' lang='lat' dir='ltr'>animadvertens,</span> <span class='ocrx_word' id='word_1_410' title='bbox 3739 586 3785 635; x_wconf 88' lang='lat' dir='ltr'>et</span> <span class='ocrx_word' id='word_1_411' title='bbox 3808 584 3848 635; x_wconf 90' lang='lat' dir='ltr'>in</span> 
     </span>
    </p>
   </div>
   <div class='ocr_carea' id='block_1_67' title="bbox 2246 666 3849 739">
    <p class='ocr_par' dir='ltr' id='par_1_67' title="bbox 2246 666 3849 739">
     <span class='ocr_line' id='line_1_69' title="bbox 2246 666 3849 739; baseline 0.002 -19"><span class='ocrx_word' id='word_1_412' title='bbox 2246 666 2506 721; x_wconf 87' lang='lat' dir='ltr'>futurum</span> <span class='ocrx_word' id='word_1_413' title='bbox 2538 670 2756 722; x_wconf 79' lang='lat' dir='ltr'>timens</span> <span class='ocrx_word' id='word_1_414' title='bbox 2788 685 2861 722; x_wconf 91' lang='lat' dir='ltr'>ne</span> <span class='ocrx_word' id='word_1_415' title='bbox 2896 668 3046 722; x_wconf 90' lang='lat' dir='ltr'>forte</span> <span class='ocrx_word' id='word_1_416' title='bbox 3080 668 3290 722; x_wconf 88' lang='lat' dir='ltr'>ﬁducia</span> <span class='ocrx_word' id='word_1_417' title='bbox 3338 668 3518 723; x_wconf 89' lang='lat' dir='ltr'>turris</span> <span class='ocrx_word' id='word_1_418' title='bbox 3565 669 3621 723; x_wconf 91' lang='lat' dir='ltr'>in</span> <span class='ocrx_word' id='word_1_419' title='bbox 3665 668 3849 739; x_wconf 86' lang='lat' dir='ltr'>aliquod</span> 
     </span>
    </p>
   </div>
   <div class='ocr_carea' id='block_1_68' title="bbox 2248 755 3853 827">
    <p class='ocr_par' dir='ltr' id='par_1_68' title="bbox 2248 755 3853 827">
     <span class='ocr_line' id='line_1_70' title="bbox 2248 755 3853 827; baseline 0.001 -19"><span class='ocrx_word' id='word_1_420' title='bbox 2248 755 2508 809; x_wconf 90' lang='lat' dir='ltr'>deterius</span> <span class='ocrx_word' id='word_1_421' title='bbox 2541 756 2856 811; x_wconf 90' lang='lat' dir='ltr'>consilium</span> <span class='ocrx_word' id='word_1_422' title='bbox 2901 760 3318 827; x_wconf 88' lang='lat' dir='ltr'>reverteretur,</span> <span class='ocrx_word' id='word_1_423' title='bbox 3352 757 3557 810; x_wconf 89' lang='lat' dir='ltr'>turrim</span> <span class='ocrx_word' id='word_1_424' title='bbox 3586 757 3639 810; x_wconf 91' lang='lat' dir='ltr'>in</span> <span class='ocrx_word' id='word_1_425' title='bbox 3667 758 3853 812; x_wconf 87' lang='lat' dir='ltr'>modum</span> 
     </span>
    </p>
   </div>
   <div class='ocr_carea' id='block_1_69' title="bbox 2249 844 3856 916">
    <p class='ocr_par' dir='ltr' id='par_1_69' title="bbox 2249 844 3856 916">
     <span class='ocr_line' id='line_1_71' title="bbox 2249 844 3856 916; baseline 0.002 -19"><span class='ocrx_word' id='word_1_426' title='bbox 2249 844 2462 898; x_wconf 91' lang='lat' dir='ltr'>domus</span> <span class='ocrx_word' id='word_1_427' title='bbox 2489 845 2825 899; x_wconf 87' lang='lat' dir='ltr'>habitabilis</span> <span class='ocrx_word' id='word_1_428' title='bbox 2857 845 3153 915; x_wconf 88' lang='lat' dir='ltr'>deponere</span> <span class='ocrx_word' id='word_1_429' title='bbox 3185 846 3484 900; x_wconf 87' lang='lat' dir='ltr'>humiliter</span> <span class='ocrx_word' id='word_1_430' title='bbox 3499 844 3673 916; x_wconf 89' lang='lat' dir='ltr'>jubet,</span> <span class='ocrx_word' id='word_1_431' title='bbox 3702 845 3856 900; x_wconf 84' lang='lat' dir='ltr'>incre-</span> 
     </span>
    </p>
   </div>
   <div class='ocr_carea' id='block_1_70' title="bbox 2248 933 3859 1005">
    <p class='ocr_par' dir='ltr' id='par_1_70' title="bbox 2248 933 3859 1005">
     <span class='ocr_line' id='line_1_72' title="bbox 2248 933 3859 1005; baseline 0.001 -20"><span class='ocrx_word' id='word_1_432' title='bbox 2248 948 2398 1003; x_wconf 89' lang='lat' dir='ltr'>pans</span> <span class='ocrx_word' id='word_1_433' title='bbox 2430 948 2561 997; x_wconf 83' lang='lat' dir='ltr'>cum</span> <span class='ocrx_word' id='word_1_434' title='bbox 2585 933 2741 1003; x_wconf 89' lang='lat' dir='ltr'>quod</span> <span class='ocrx_word' id='word_1_435' title='bbox 2766 949 2832 988; x_wconf 92' lang='lat' dir='ltr'>se</span> <span class='ocrx_word' id='word_1_436' title='bbox 2855 933 3189 988; x_wconf 90' lang='lat' dir='ltr'>inconsulto</span> <span class='ocrx_word' id='word_1_437' title='bbox 3211 935 3324 988; x_wconf 86' lang='lat' dir='ltr'>tale</span> <span class='ocrx_word' id='word_1_438' title='bbox 3349 933 3487 1005; x_wconf 89' lang='lat' dir='ltr'>quid</span> <span class='ocrx_word' id='word_1_439' title='bbox 3501 935 3859 1003; x_wconf 71' lang='lat' dir='ltr'>praesumpsis-</span> 
     </span>
    </p>
   </div>
   <div class='ocr_carea' id='block_1_71' title="bbox 2253 1020 3969 1093">
    <p class='ocr_par' dir='ltr' id='par_1_71' title="bbox 2253 1020 3969 1093">
     <span class='ocr_line' id='line_1_73' title="bbox 2253 1020 3969 1093; baseline 0.001 -19"><span class='ocrx_word' id='word_1_440' title='bbox 2253 1023 2362 1074; x_wconf 89' lang='lat' dir='ltr'>set.</span> <span class='ocrx_word' id='word_1_441' title='bbox 2394 1020 2498 1075; x_wconf 89' lang='lat' dir='ltr'>llle</span> <span class='ocrx_word' id='word_1_442' title='bbox 2528 1037 2693 1091; x_wconf 88' lang='lat' dir='ltr'>vero,</span> <span class='ocrx_word' id='word_1_443' title='bbox 2714 1038 2846 1075; x_wconf 90' lang='lat' dir='ltr'>cum</span> <span class='ocrx_word' id='word_1_444' title='bbox 2871 1022 3315 1077; x_wconf 90' lang='lat' dir='ltr'>Geracensibus</span> <span class='ocrx_word' id='word_1_445' title='bbox 3336 1022 3645 1076; x_wconf 90' lang='lat' dir='ltr'>consilium</span> <span class='ocrx_word' id='word_1_446' title='bbox 3658 1021 3856 1091; x_wconf 83' lang='lat' dir='ltr'>habens,</span> <span class='ocrx_word' id='word_1_447' title='bbox 3968 1032 3969 1093; x_wconf 39' lang='grc' dir='ltr'><em>ξ</em></span> 
     </span>
    </p>
   </div>
   <div class='ocr_carea' id='block_1_72' title="bbox 2249 1109 3969 1180">
    <p class='ocr_par' dir='ltr' id='par_1_72' title="bbox 2249 1109 3969 1180">
     <span class='ocr_line' id='line_1_74' title="bbox 2249 1109 3969 1180; baseline 0 -17"><span class='ocrx_word' id='word_1_448' title='bbox 2249 1125 2429 1180; x_wconf 89' lang='lat' dir='ltr'>prave</span> <span class='ocrx_word' id='word_1_449' title='bbox 2451 1109 2691 1164; x_wconf 87' lang='lat' dir='ltr'>deﬁnito</span> <span class='ocrx_word' id='word_1_450' title='bbox 2714 1111 2864 1180; x_wconf 89' lang='lat' dir='ltr'>ipsis</span> <span class='ocrx_word' id='word_1_451' title='bbox 2888 1126 2954 1165; x_wconf 89' lang='lat' dir='ltr'>se</span> <span class='ocrx_word' id='word_1_452' title='bbox 2979 1111 3124 1180; x_wconf 86' lang='grc'>(270)</span> <span class='ocrx_word' id='word_1_453' title='bbox 3169 1112 3284 1165; x_wconf 89' lang='lat' dir='ltr'>sibi</span> <span class='ocrx_word' id='word_1_454' title='bbox 3322 1112 3546 1165; x_wconf 88' lang='lat' dir='ltr'>laturos</span> <span class='ocrx_word' id='word_1_455' title='bbox 3573 1112 3859 1180; x_wconf 89' lang='lat' dir='ltr'>promitten—</span> <span class='ocrx_word' id='word_1_456' title='bbox 3968 1142 3969 1147; x_wconf 61' lang='grc' dir='ltr'><strong>η</strong></span> 
     </span>
    </p>
   </div>
   <div class='ocr_carea' id='block_1_73' title="bbox 2253 1197 3858 1270">
    <p class='ocr_par' dir='ltr' id='par_1_73' title="bbox 2253 1197 3858 1270">
     <span class='ocr_line' id='line_1_75' title="bbox 2253 1197 3858 1270; baseline 0.001 -19"><span class='ocrx_word' id='word_1_457' title='bbox 2253 1197 2432 1267; x_wconf 89' lang='lat' dir='ltr'>tibus,</span> <span class='ocrx_word' id='word_1_458' title='bbox 2483 1198 2757 1252; x_wconf 86' lang='lat' dir='ltr'>beneﬁcii</span> <span class='ocrx_word' id='word_1_459' title='bbox 2789 1199 2905 1253; x_wconf 91' lang='lat' dir='ltr'>sibi</span> <span class='ocrx_word' id='word_1_460' title='bbox 2935 1199 3149 1267; x_wconf 89' lang='lat' dir='ltr'>collati,</span> <span class='ocrx_word' id='word_1_461' title='bbox 3184 1202 3247 1253; x_wconf 91' lang='lat' dir='ltr'>ut</span> <span class='ocrx_word' id='word_1_462' title='bbox 3275 1200 3506 1253; x_wconf 87' lang='lat' dir='ltr'>assolet</span> <span class='ocrx_word' id='word_1_463' title='bbox 3534 1198 3676 1253; x_wconf 90' lang='lat' dir='ltr'>inter</span> <span class='ocrx_word' id='word_1_464' title='bbox 3718 1199 3858 1270; x_wconf 78' lang='lat' dir='ltr'>dege-</span> 
     </span>
    </p>
   </div>
   <div class='ocr_carea' id='block_1_74' title="bbox 2253 1286 3861 1356">
    <p class='ocr_par' dir='ltr' id='par_1_74' title="bbox 2253 1286 3861 1356">
     <span class='ocr_line' id='line_1_76' title="bbox 2253 1286 3861 1356; baseline -0.001 -16"><span class='ocrx_word' id='word_1_465' title='bbox 2253 1302 2450 1355; x_wconf 84' lang='lat' dir='ltr'>neres,</span> <span class='ocrx_word' id='word_1_466' title='bbox 2477 1286 2696 1341; x_wconf 91' lang='lat' dir='ltr'>oblitus</span> <span class='ocrx_word' id='word_1_467' title='bbox 2727 1291 2929 1341; x_wconf 89' lang='lat' dir='ltr'>contra</span> <span class='ocrx_word' id='word_1_468' title='bbox 2960 1289 3229 1342; x_wconf 91' lang='lat' dir='ltr'>comitem</span> <span class='ocrx_word' id='word_1_469' title='bbox 3263 1287 3654 1355; x_wconf 89' lang='lat' dir='ltr'>recalcitrare,</span> <span class='ocrx_word' id='word_1_470' title='bbox 3681 1287 3861 1356; x_wconf 82' lang='lat' dir='ltr'>potius-</span> 
     </span>
    </p>
   </div>
   <div class='ocr_carea' id='block_1_75' title="bbox 2253 1374 3861 1449">
    <p class='ocr_par' dir='ltr' id='par_1_75' title="bbox 2253 1374 3861 1449">
     <span class='ocr_line' id='line_1_77' title="bbox 2253 1374 3861 1449; baseline 0 -22"><span class='ocrx_word' id='word_1_471' title='bbox 2253 1391 2428 1446; x_wconf 89' lang='lat' dir='ltr'>quam</span> <span class='ocrx_word' id='word_1_472' title='bbox 2469 1374 2709 1429; x_wconf 88' lang='lat' dir='ltr'>obedire</span> <span class='ocrx_word' id='word_1_473' title='bbox 2764 1376 3105 1431; x_wconf 89' lang='lat' dir='ltr'>indecenter</span> <span class='ocrx_word' id='word_1_474' title='bbox 3136 1376 3315 1449; x_wconf 89' lang='lat' dir='ltr'>elegit</span> <span class='ocrx_word' id='word_1_475' title='bbox 3362 1375 3531 1445; x_wconf 85' lang='grc'>(271).</span> <span class='ocrx_word' id='word_1_476' title='bbox 3578 1374 3725 1440; x_wconf 87' lang='lat' dir='ltr'>Quod</span> <span class='ocrx_word' id='word_1_477' title='bbox 3764 1390 3861 1427; x_wconf 85' lang='lat' dir='ltr'>cum</span> 
     </span>
    </p>
   </div>
   <div class='ocr_carea' id='block_1_76' title="bbox 2256 1463 3861 1536">
    <p class='ocr_par' dir='ltr' id='par_1_76' title="bbox 2256 1463 3861 1536">
     <span class='ocr_line' id='line_1_78' title="bbox 2256 1463 3861 1536; baseline -0.001 -19"><span class='ocrx_word' id='word_1_478' title='bbox 2256 1463 2450 1518; x_wconf 90' lang='lat' dir='ltr'>comiti</span> <span class='ocrx_word' id='word_1_479' title='bbox 2483 1467 2846 1533; x_wconf 91' lang='lat' dir='ltr'>compertum</span> <span class='ocrx_word' id='word_1_480' title='bbox 2888 1465 3124 1536; x_wconf 84' lang='lat' dir='ltr'>fuisset,</span> <span class='ocrx_word' id='word_1_481' title='bbox 3157 1463 3600 1519; x_wconf 88' lang='lat' dir='ltr'>Geracensibus</span> <span class='ocrx_word' id='word_1_482' title='bbox 3624 1466 3680 1517; x_wconf 92' lang='lat' dir='ltr'>ut</span> <span class='ocrx_word' id='word_1_483' title='bbox 3706 1463 3861 1516; x_wconf 85' lang='lat' dir='ltr'>turrim</span> 
     </span>
    </p>
   </div>
   <div class='ocr_carea' id='block_1_77' title="bbox 2253 1552 3857 1625">
    <p class='ocr_par' dir='ltr' id='par_1_77' title="bbox 2253 1552 3857 1625">
     <span class='ocr_line' id='line_1_79' title="bbox 2253 1552 3857 1625; baseline -0.001 -20"><span class='ocrx_word' id='word_1_484' title='bbox 2253 1552 2557 1606; x_wconf 90' lang='lat' dir='ltr'>destruant</span> <span class='ocrx_word' id='word_1_485' title='bbox 2588 1556 2643 1607; x_wconf 88' lang='lat' dir='ltr'>et</span> <span class='ocrx_word' id='word_1_486' title='bbox 2674 1554 3101 1625; x_wconf 87' lang='lat' dir='ltr'>Angelmarum</span> <span class='ocrx_word' id='word_1_487' title='bbox 3131 1552 3281 1625; x_wconf 88' lang='grc'>(272)</span> <span class='ocrx_word' id='word_1_488' title='bbox 3313 1553 3572 1623; x_wconf 89' lang='lat' dir='ltr'>captioni</span> <span class='ocrx_word' id='word_1_489' title='bbox 3600 1568 3712 1605; x_wconf 82' lang='lat' dir='ltr'>suae</span> <span class='ocrx_word' id='word_1_490' title='bbox 3737 1566 3857 1603; x_wconf 87' lang='lat' dir='ltr'>man-</span> 
     </span>
    </p>
   </div>
   <div class='ocr_carea' id='block_1_78' title="bbox 2252 1638 3859 1713">
    <p class='ocr_par' dir='ltr' id='par_1_78' title="bbox 2252 1638 3859 1713">
     <span class='ocr_line' id='line_1_80' title="bbox 2252 1638 3859 1713; baseline -0.001 -18"><span class='ocrx_word' id='word_1_491' title='bbox 2252 1641 2390 1696; x_wconf 90' lang='lat' dir='ltr'>dent</span> <span class='ocrx_word' id='word_1_492' title='bbox 2408 1642 2691 1711; x_wconf 88' lang='lat' dir='ltr'>imperat;</span> <span class='ocrx_word' id='word_1_493' title='bbox 2725 1642 2944 1713; x_wconf 88' lang='lat' dir='ltr'>quibus</span> <span class='ocrx_word' id='word_1_494' title='bbox 2965 1658 3083 1698; x_wconf 91' lang='lat' dir='ltr'>non</span> <span class='ocrx_word' id='word_1_495' title='bbox 3116 1644 3235 1697; x_wconf 90' lang='lat' dir='ltr'>tam</span> <span class='ocrx_word' id='word_1_496' title='bbox 3258 1642 3538 1696; x_wconf 87' lang='lat' dir='ltr'>ﬁdelitate</span> <span class='ocrx_word' id='word_1_497' title='bbox 3566 1638 3859 1712; x_wconf 84' lang='lat' dir='ltr'>Angelmari,</span> 
     </span>
    </p>
   </div>
   <div class='ocr_carea' id='block_1_79' title="bbox 2252 1730 3861 1803">
    <p class='ocr_par' dir='ltr' id='par_1_79' title="bbox 2252 1730 3861 1803">
     <span class='ocr_line' id='line_1_81' title="bbox 2252 1730 3861 1803; baseline -0.002 -20"><span class='ocrx_word' id='word_1_498' title='bbox 2252 1730 2357 1783; x_wconf 90' lang='lat' dir='ltr'>sed</span> <span class='ocrx_word' id='word_1_499' title='bbox 2381 1730 2517 1800; x_wconf 88' lang='lat' dir='ltr'>quia</span> <span class='ocrx_word' id='word_1_500' title='bbox 2533 1745 2705 1785; x_wconf 92' lang='lat' dir='ltr'>omne</span> <span class='ocrx_word' id='word_1_501' title='bbox 2723 1746 2914 1802; x_wconf 84' lang='lat' dir='ltr'>genus</span> <span class='ocrx_word' id='word_1_502' title='bbox 2932 1735 3151 1786; x_wconf 86' lang='lat' dir='ltr'>nostrae</span> <span class='ocrx_word' id='word_1_503' title='bbox 3171 1730 3861 1803; x_wconf 86' lang='lat' dir='ltr'>gentisillisinvisumerat,</span> 
     </span>
    </p>
   </div>
   <div class='ocr_carea' id='block_1_80' title="bbox 2255 1816 3862 1890">
    <p class='ocr_par' dir='ltr' id='par_1_80' title="bbox 2255 1816 3862 1890">
     <span class='ocr_line' id='line_1_82' title="bbox 2255 1816 3862 1890; baseline -0.002 -18"><span class='ocrx_word' id='word_1_504' title='bbox 2255 1822 2311 1872; x_wconf 89' lang='lat' dir='ltr'>et</span> <span class='ocrx_word' id='word_1_505' title='bbox 2332 1818 2522 1889; x_wconf 88' lang='lat' dir='ltr'>magis</span> <span class='ocrx_word' id='word_1_506' title='bbox 2546 1819 2879 1873; x_wconf 87' lang='lat' dir='ltr'>discordias</span> <span class='ocrx_word' id='word_1_507' title='bbox 2911 1821 3065 1873; x_wconf 90' lang='lat' dir='ltr'>inter</span> <span class='ocrx_word' id='word_1_508' title='bbox 3085 1822 3333 1874; x_wconf 89' lang='lat' dir='ltr'>nostros</span> <span class='ocrx_word' id='word_1_509' title='bbox 3355 1834 3533 1890; x_wconf 89' lang='lat' dir='ltr'>quam</span> <span class='ocrx_word' id='word_1_510' title='bbox 3557 1832 3739 1888; x_wconf 88' lang='lat' dir='ltr'>pacem</span> <span class='ocrx_word' id='word_1_511' title='bbox 3772 1816 3862 1870; x_wconf 82' lang='lat' dir='ltr'>ﬁeri</span> 
     </span>
    </p>
   </div>
   <div class='ocr_carea' id='block_1_81' title="bbox 2254 1904 3863 1978">
    <p class='ocr_par' dir='ltr' id='par_1_81' title="bbox 2254 1904 3863 1978">
     <span class='ocr_line' id='line_1_83' title="bbox 2254 1904 3863 1978; baseline -0.004 -17"><span class='ocrx_word' id='word_1_512' title='bbox 2254 1906 2631 1976; x_wconf 84' lang='lat' dir='ltr'>exoptabant,</span> <span class='ocrx_word' id='word_1_513' title='bbox 2651 1908 2723 1960; x_wconf 89' lang='lat' dir='ltr'>ad</span> <span class='ocrx_word' id='word_1_514' title='bbox 2754 1907 2812 1961; x_wconf 91' lang='lat' dir='ltr'>id</span> <span class='ocrx_word' id='word_1_515' title='bbox 2845 1907 3287 1978; x_wconf 88' lang='lat' dir='ltr'>recusantibus,</span> <span class='ocrx_word' id='word_1_516' title='bbox 3316 1923 3539 1973; x_wconf 86' lang='lat' dir='ltr'>comes,</span> <span class='ocrx_word' id='word_1_517' title='bbox 3579 1904 3863 1977; x_wconf 85' lang='lat' dir='ltr'>legalitatem</span> 
     </span>
    </p>
   </div>
   <div class='ocr_carea' id='block_1_82' title="bbox 2257 1990 3865 2067">
    <p class='ocr_par' dir='ltr' id='par_1_82' title="bbox 2257 1990 3865 2067">
     <span class='ocr_line' id='line_1_84' title="bbox 2257 1990 3865 2067; baseline -0.002 -19"><span class='ocrx_word' id='word_1_518' title='bbox 2257 2011 2424 2049; x_wconf 91' lang='lat' dir='ltr'>suam</span> <span class='ocrx_word' id='word_1_519' title='bbox 2461 2011 2735 2067; x_wconf 88' lang='lat' dir='ltr'>servans,</span> <span class='ocrx_word' id='word_1_520' title='bbox 2771 1996 3057 2051; x_wconf 89' lang='lat' dir='ltr'>hactenus</span> <span class='ocrx_word' id='word_1_521' title='bbox 3082 1996 3313 2052; x_wconf 89' lang='lat' dir='ltr'>homini</span> <span class='ocrx_word' id='word_1_522' title='bbox 3336 2011 3451 2050; x_wconf 92' lang='lat' dir='ltr'>suo</span> <span class='ocrx_word' id='word_1_523' title='bbox 3475 1993 3809 2049; x_wconf 86' lang='lat' dir='ltr'>difﬁdentiam</span> <span class='ocrx_word' id='word_1_524' title='bbox 3825 1990 3865 2045; x_wconf 91' lang='lat' dir='ltr'>in</span> 
     </span>
    </p>
   </div>
   <div class='ocr_carea' id='block_1_83' title="bbox 2258 2084 3862 2157">
    <p class='ocr_par' dir='ltr' id='par_1_83' title="bbox 2258 2084 3862 2157">
     <span class='ocr_line' id='line_1_85' title="bbox 2258 2084 3862 2157; baseline -0.003 -20"><span class='ocrx_word' id='word_1_525' title='bbox 2258 2087 2562 2153; x_wconf 89' lang='lat' dir='ltr'>posterum</span> <span class='ocrx_word' id='word_1_526' title='bbox 2593 2085 2848 2153; x_wconf 87' lang='lat' dir='ltr'>mandat,</span> <span class='ocrx_word' id='word_1_527' title='bbox 2871 2085 3078 2157; x_wconf 92' lang='lat' dir='ltr'>sicque</span> <span class='ocrx_word' id='word_1_528' title='bbox 3126 2086 3366 2140; x_wconf 91' lang='lat' dir='ltr'>admoto</span> <span class='ocrx_word' id='word_1_529' title='bbox 3400 2084 3655 2139; x_wconf 86' lang='lat' dir='ltr'>exercitu</span> <span class='ocrx_word' id='word_1_530' title='bbox 3701 2096 3862 2136; x_wconf 84' lang='lat' dir='ltr'>versus</span> 
     </span>
    </p>
   </div>
   <div class='ocr_carea' id='block_1_84' title="bbox 2258 2171 3863 2246">
    <p class='ocr_par' dir='ltr' id='par_1_84' title="bbox 2258 2171 3863 2246">
     <span class='ocr_line' id='line_1_86' title="bbox 2258 2171 3863 2246; baseline -0.002 -21"><span class='ocrx_word' id='word_1_531' title='bbox 2258 2171 2567 2227; x_wconf 89' lang='lat' dir='ltr'>Geracium</span> <span class='ocrx_word' id='word_1_532' title='bbox 2599 2173 2917 2227; x_wconf 90' lang='lat' dir='ltr'>obsessum</span> <span class='ocrx_word' id='word_1_533' title='bbox 2947 2174 3163 2245; x_wconf 88' lang='lat' dir='ltr'>pergit.</span> <span class='ocrx_word' id='word_1_534' title='bbox 3186 2173 3588 2246; x_wconf 64' lang='lat' dir='ltr'>,Angelmarus</span> <span class='ocrx_word' id='word_1_535' title='bbox 3610 2186 3749 2239; x_wconf 86' lang='lat' dir='ltr'>vero,</span> <span class='ocrx_word' id='word_1_536' title='bbox 3770 2172 3863 2222; x_wconf 87' lang='lat' dir='ltr'>astu</span> 
     </span>
    </p>
   </div>
   <div class='ocr_carea' id='block_1_85' title="bbox 2259 2259 3863 2331">
    <p class='ocr_par' dir='ltr' id='par_1_85' title="bbox 2259 2259 3863 2331">
     <span class='ocr_line' id='line_1_87' title="bbox 2259 2259 3863 2331; baseline -0.002 -18"><span class='ocrx_word' id='word_1_537' title='bbox 2259 2259 2685 2315; x_wconf 87' lang='lat' dir='ltr'>Geracensium</span> <span class='ocrx_word' id='word_1_538' title='bbox 2708 2261 2938 2315; x_wconf 89' lang='lat' dir='ltr'>animos</span> <span class='ocrx_word' id='word_1_539' title='bbox 2957 2261 3303 2317; x_wconf 90' lang='lat' dir='ltr'>demulcens</span> <span class='ocrx_word' id='word_1_540' title='bbox 3320 2304 3333 2331; x_wconf 91' lang='lat'>,</span> <span class='ocrx_word' id='word_1_541' title='bbox 3365 2262 3863 2331; x_wconf 85' lang='lat' dir='ltr'>aliquantotempore</span> 
     </span>
    </p>
   </div>
   <div class='ocr_carea' id='block_1_86' title="bbox 2262 2348 3969 2425">
    <p class='ocr_par' dir='ltr' id='par_1_86' title="bbox 2262 2348 3969 2425">
     <span class='ocr_line' id='line_1_88' title="bbox 2262 2348 3969 2425; baseline -0.004 -22"><span class='ocrx_word' id='word_1_542' title='bbox 2262 2364 2388 2403; x_wconf 86' lang='lat' dir='ltr'>suae</span> <span class='ocrx_word' id='word_1_543' title='bbox 2408 2349 2642 2418; x_wconf 87' lang='lat' dir='ltr'>ineptiae</span> <span class='ocrx_word' id='word_1_544' title='bbox 2664 2350 2985 2420; x_wconf 89' lang='lat' dir='ltr'>eomplices</span> <span class='ocrx_word' id='word_1_545' title='bbox 3003 2350 3267 2405; x_wconf 91' lang='lat' dir='ltr'>detinuit.</span> <span class='ocrx_word' id='word_1_546' title='bbox 3308 2351 3384 2404; x_wconf 83' lang='lat' dir='ltr'>At</span> <span class='ocrx_word' id='word_1_547' title='bbox 3413 2351 3549 2404; x_wconf 90' lang='lat' dir='ltr'>dum</span> <span class='ocrx_word' id='word_1_548' title='bbox 3576 2348 3751 2402; x_wconf 86' lang='lat' dir='ltr'>vident</span> <span class='ocrx_word' id='word_1_549' title='bbox 3771 2360 3820 2399; x_wconf 86' lang='lat' dir='ltr'>se</span> <span class='ocrx_word' id='word_1_550' title='bbox 3841 2360 3863 2396; x_wconf 79' lang='lat' dir='ltr'><strong>a</strong></span> <span class='ocrx_word' id='word_1_551' title='bbox 3968 2412 3969 2425; x_wconf 13' lang='grc' dir='ltr'>χ</span> 
     </span>
    </p>
   </div>
   <div class='ocr_carea' id='block_1_87' title="bbox 2261 2436 3864 2511">
    <p class='ocr_par' dir='ltr' id='par_1_87' title="bbox 2261 2436 3864 2511">
     <span class='ocr_line' id='line_1_89' title="bbox 2261 2436 3864 2511; baseline -0.004 -20"><span class='ocrx_word' id='word_1_552' title='bbox 2261 2438 2471 2493; x_wconf 89' lang='lat' dir='ltr'>comite</span> <span class='ocrx_word' id='word_1_553' title='bbox 2497 2438 2760 2493; x_wconf 88' lang='lat' dir='ltr'>exterius</span> <span class='ocrx_word' id='word_1_554' title='bbox 2804 2439 3170 2510; x_wconf 90' lang='lat' dir='ltr'>interiusque</span> <span class='ocrx_word' id='word_1_555' title='bbox 3200 2438 3586 2511; x_wconf 68' lang='lat' dir='ltr'>praegravari,</span> <span class='ocrx_word' id='word_1_556' title='bbox 3630 2436 3864 2505; x_wconf 61' lang='lat' dir='ltr'>ceperunt</span> 
     </span>
    </p>
   </div>
   <div class='ocr_carea' id='block_1_88' title="bbox 2260 2519 3864 2597">
    <p class='ocr_par' dir='ltr' id='par_1_88' title="bbox 2260 2519 3864 2597">
     <span class='ocr_line' id='line_1_90' title="bbox 2260 2519 3864 2597; baseline -0.006 -15"><span class='ocrx_word' id='word_1_557' title='bbox 2260 2529 2318 2582; x_wconf 92' lang='lat' dir='ltr'>et</span> <span class='ocrx_word' id='word_1_558' title='bbox 2345 2527 2461 2596; x_wconf 90' lang='lat' dir='ltr'>ipsi</span> <span class='ocrx_word' id='word_1_559' title='bbox 2481 2542 2514 2579; x_wconf 90' lang='lat' dir='ltr'><strong>a</strong></span> <span class='ocrx_word' id='word_1_560' title='bbox 2538 2526 2717 2581; x_wconf 91' lang='lat' dir='ltr'>stulto</span> <span class='ocrx_word' id='word_1_561' title='bbox 2748 2528 3053 2597; x_wconf 91' lang='lat' dir='ltr'>proposito</span> <span class='ocrx_word' id='word_1_562' title='bbox 3097 2527 3357 2582; x_wconf 87' lang='lat' dir='ltr'>deﬁcere</span> <span class='ocrx_word' id='word_1_563' title='bbox 3391 2531 3449 2581; x_wconf 85' lang='lat' dir='ltr'>et</span> <span class='ocrx_word' id='word_1_564' title='bbox 3477 2524 3712 2596; x_wconf 87' lang='lat' dir='ltr'>fatigari.</span> <span class='ocrx_word' id='word_1_565' title='bbox 3749 2519 3864 2585; x_wconf 85' lang='lat' dir='ltr'>Quod</span> 
     </span>
    </p>
   </div>
   <div class='ocr_carea' id='block_1_89' title="bbox 2261 2609 3865 2686">
    <p class='ocr_par' dir='ltr' id='par_1_89' title="bbox 2261 2609 3865 2686">
     <span class='ocr_line' id='line_1_91' title="bbox 2261 2609 3865 2686; baseline -0.006 -17"><span class='ocrx_word' id='word_1_566' title='bbox 2261 2614 2664 2686; x_wconf 87' lang='lat' dir='ltr'>Angelmarus</span> <span class='ocrx_word' id='word_1_567' title='bbox 2688 2615 3030 2685; x_wconf 88' lang='lat' dir='ltr'>advertens,</span> <span class='ocrx_word' id='word_1_568' title='bbox 3063 2617 3307 2670; x_wconf 90' lang='lat' dir='ltr'>territus</span> <span class='ocrx_word' id='word_1_569' title='bbox 3341 2631 3415 2669; x_wconf 86' lang='lat' dir='ltr'>ne</span> <span class='ocrx_word' id='word_1_570' title='bbox 3448 2615 3519 2669; x_wconf 88' lang='lat' dir='ltr'>ab</span> <span class='ocrx_word' id='word_1_571' title='bbox 3569 2612 3703 2682; x_wconf 90' lang='lat' dir='ltr'>ipsis</span> <span class='ocrx_word' id='word_1_572' title='bbox 3726 2609 3865 2664; x_wconf 88' lang='lat' dir='ltr'>comiti</span> 
     </span>
    </p>
   </div>
   <div class='ocr_carea' id='block_1_90' title="bbox 2262 2692 3969 2774">
    <p class='ocr_par' dir='ltr' id='par_1_90' title="bbox 2262 2692 3969 2774">
     <span class='ocr_line' id='line_1_92' title="bbox 2262 2692 3969 2774; baseline -0.005 -17"><span class='ocrx_word' id='word_1_573' title='bbox 2262 2704 2590 2758; x_wconf 89' lang='lat' dir='ltr'>traderetur</span> <span class='ocrx_word' id='word_1_574' title='bbox 2606 2705 2662 2758; x_wconf 90' lang='lat' dir='ltr'>et</span> <span class='ocrx_word' id='word_1_575' title='bbox 2681 2704 2797 2773; x_wconf 90' lang='lat' dir='ltr'>ipsi</span> <span class='ocrx_word' id='word_1_576' title='bbox 2817 2703 3653 2774; x_wconf 88' lang='lat' dir='ltr'>reconciliarentur,profugus</span> <span class='ocrx_word' id='word_1_577' title='bbox 3668 2711 3863 2769; x_wconf 81' lang='lat' dir='ltr'>evagans</span> 
     </span>
    </p>
   </div>
   <div class='ocr_carea' id='block_1_91' title="bbox 2262 2789 3863 2863">
    <p class='ocr_par' dir='ltr' id='par_1_91' title="bbox 2262 2789 3863 2863">
     <span class='ocr_line' id='line_1_93' title="bbox 2262 2789 3863 2863; baseline -0.006 -17"><span class='ocrx_word' id='word_1_578' title='bbox 2262 2791 2564 2846; x_wconf 87' lang='lat' dir='ltr'>discessit.</span> <span class='ocrx_word' id='word_1_579' title='bbox 2599 2792 2768 2847; x_wconf 86' lang='lat' dir='ltr'>Uxor</span> <span class='ocrx_word' id='word_1_580' title='bbox 2796 2794 2991 2847; x_wconf 89' lang='lat' dir='ltr'>autem</span> <span class='ocrx_word' id='word_1_581' title='bbox 3022 2792 3179 2863; x_wconf 90' lang='lat' dir='ltr'>ejus,</span> <span class='ocrx_word' id='word_1_582' title='bbox 3208 2793 3281 2846; x_wconf 90' lang='lat' dir='ltr'>ad</span> <span class='ocrx_word' id='word_1_583' title='bbox 3312 2789 3752 2846; x_wconf 89' lang='lat' dir='ltr'>misericordiam</span> <span class='ocrx_word' id='word_1_584' title='bbox 3793 2799 3863 2838; x_wconf 63' lang='grc' dir='ltr'>σον</span> 
     </span>
    </p>
   </div>
   <div class='ocr_carea' id='block_1_92' title="bbox 2263 2877 3867 2951">
    <p class='ocr_par' dir='ltr' id='par_1_92' title="bbox 2263 2877 3867 2951">
     <span class='ocr_line' id='line_1_94' title="bbox 2263 2877 3867 2951; baseline -0.006 -16"><span class='ocrx_word' id='word_1_585' title='bbox 2263 2881 2423 2935; x_wconf 90' lang='lat' dir='ltr'>mitis</span> <span class='ocrx_word' id='word_1_586' title='bbox 2455 2880 2730 2950; x_wconf 86' lang='lat' dir='ltr'>veniens,</span> <span class='ocrx_word' id='word_1_587' title='bbox 2760 2881 2858 2950; x_wconf 89' lang='lat' dir='ltr'>pia</span> <span class='ocrx_word' id='word_1_588' title='bbox 2881 2881 3292 2936; x_wconf 88' lang='lat' dir='ltr'>recordatione</span> <span class='ocrx_word' id='word_1_589' title='bbox 3323 2880 3555 2951; x_wconf 88' lang='lat' dir='ltr'>nepotis</span> <span class='ocrx_word' id='word_1_590' title='bbox 3588 2877 3738 2947; x_wconf 85' lang='lat' dir='ltr'>cujus</span> <span class='ocrx_word' id='word_1_591' title='bbox 3761 2888 3867 2928; x_wconf 81' lang='lat' dir='ltr'>uxor</span> 
     </span>
    </p>
   </div>
   <div class='ocr_carea' id='block_1_93' title="bbox 2264 2963 3865 3041">
    <p class='ocr_par' dir='ltr' id='par_1_93' title="bbox 2264 2963 3865 3041">
     <span class='ocr_line' id='line_1_95' title="bbox 2264 2963 3865 3041; baseline -0.006 -17"><span class='ocrx_word' id='word_1_592' title='bbox 2264 2970 2472 3041; x_wconf 85' lang='lat' dir='ltr'>fuerat,</span> <span class='ocrx_word' id='word_1_593' title='bbox 2520 2969 2704 3024; x_wconf 91' lang='lat' dir='ltr'>salvis</span> <span class='ocrx_word' id='word_1_594' title='bbox 2746 2969 3020 3025; x_wconf 91' lang='lat' dir='ltr'>omnibus</span> <span class='ocrx_word' id='word_1_595' title='bbox 3055 2986 3188 3041; x_wconf 85' lang='lat' dir='ltr'>quae</span> <span class='ocrx_word' id='word_1_596' title='bbox 3221 2970 3498 3039; x_wconf 89' lang='lat' dir='ltr'>habebat,</span> <span class='ocrx_word' id='word_1_597' title='bbox 3553 2967 3623 3021; x_wconf 91' lang='lat' dir='ltr'>ad</span> <span class='ocrx_word' id='word_1_598' title='bbox 3662 2963 3865 3018; x_wconf 85' lang='lat' dir='ltr'>maritum</span> 
     </span>
    </p>
   </div>
   <div class='ocr_carea' id='block_1_94' title="bbox 2265 3050 3865 3128">
    <p class='ocr_par' dir='ltr' id='par_1_94' title="bbox 2265 3050 3865 3128">
     <span class='ocr_line' id='line_1_96' title="bbox 2265 3050 3865 3128; baseline -0.008 -15"><span class='ocrx_word' id='word_1_599' title='bbox 2265 3059 2619 3113; x_wconf 89' lang='lat' dir='ltr'>conductum</span> <span class='ocrx_word' id='word_1_600' title='bbox 2674 3059 2933 3128; x_wconf 87' lang='lat' dir='ltr'>meruit;</span> <span class='ocrx_word' id='word_1_601' title='bbox 2995 3074 3197 3114; x_wconf 90' lang='lat' dir='ltr'>eomes</span> <span class='ocrx_word' id='word_1_602' title='bbox 3245 3073 3394 3114; x_wconf 89' lang='lat' dir='ltr'>vero</span> <span class='ocrx_word' id='word_1_603' title='bbox 3428 3050 3865 3112; x_wconf 87' lang='lat' dir='ltr'>reconciliantibus</span> 
     </span>
    </p>
   </div>
   <div class='ocr_carea' id='block_1_95' title="bbox 2190 3125 3096 3218">
    <p class='ocr_par' dir='ltr' id='par_1_95' title="bbox 2190 3125 3096 3218">
     <span class='ocr_line' id='line_1_97' title="bbox 2190 3125 3096 3218; baseline 0 -16"><span class='ocrx_word' id='word_1_604' title='bbox 2190 3125 2244 3192; x_wconf 69' lang='grc' dir='ltr'>Ο</span> <span class='ocrx_word' id='word_1_605' title='bbox 2263 3146 2490 3203; x_wconf 87' lang='lat' dir='ltr'>Graecis</span> <span class='ocrx_word' id='word_1_606' title='bbox 2522 3146 2834 3202; x_wconf 89' lang='lat' dir='ltr'>Geracium</span> <span class='ocrx_word' id='word_1_607' title='bbox 2851 3125 3096 3218; x_wconf 89' lang='lat' dir='ltr'>recepit.</span> 
     </span>
    </p>
   </div>
   <div class='ocr_carea' id='block_1_96' title="bbox 2846 3252 3360 3309">
    <p class='ocr_par' dir='ltr' id='par_1_96' title="bbox 2846 3252 3360 3309">
     <span class='ocr_line' id='line_1_98' title="bbox 2846 3252 3360 3309; baseline 0.002 -1"><span class='ocrx_word' id='word_1_608' title='bbox 2846 3252 3099 3309; x_wconf 86' lang='lat' dir='ltr'>CAPUT</span> <span class='ocrx_word' id='word_1_609' title='bbox 3138 3253 3360 3309; x_wconf 88' lang='lat' dir='ltr'><strong>XXXI.</strong></span> 
     </span>
    </p>
   </div>
   <div class='ocr_carea' id='block_1_97' title="bbox 2663 3359 3562 3417">
    <p class='ocr_par' dir='ltr' id='par_1_97' title="bbox 2663 3359 3562 3417">
     <span class='ocr_line' id='line_1_99' title="bbox 2663 3359 3562 3417; baseline 0.001 -4"><span class='ocrx_word' id='word_1_610' title='bbox 2663 3359 2953 3415; x_wconf 82' lang='lat' dir='ltr'>Turribus</span> <span class='ocrx_word' id='word_1_611' title='bbox 2968 3361 3249 3417; x_wconf 85' lang='lat' dir='ltr'>Messana</span> <span class='ocrx_word' id='word_1_612' title='bbox 3271 3360 3562 3416; x_wconf 78' lang='lat' dir='ltr'>firmatur.</span> 
     </span>
    </p>
   </div>
   <div class='ocr_carea' id='block_1_98' title="bbox 2342 3444 3854 3521">
    <p class='ocr_par' dir='ltr' id='par_1_98' title="bbox 2342 3444 3854 3521">
     <span class='ocr_line' id='line_1_100' title="bbox 2342 3444 3854 3521; baseline -0.005 -18"><span class='ocrx_word' id='word_1_613' title='bbox 2342 3447 2566 3503; x_wconf 89' lang='lat' dir='ltr'>Eodem</span> <span class='ocrx_word' id='word_1_614' title='bbox 2598 3464 2751 3503; x_wconf 90' lang='lat' dir='ltr'>anno</span> <span class='ocrx_word' id='word_1_615' title='bbox 2778 3449 2934 3504; x_wconf 89' lang='lat' dir='ltr'>idem</span> <span class='ocrx_word' id='word_1_616' title='bbox 2955 3464 3177 3516; x_wconf 86' lang='lat' dir='ltr'>comes,</span> <span class='ocrx_word' id='word_1_617' title='bbox 3203 3450 3540 3521; x_wconf 89' lang='lat' dir='ltr'>sumptibus</span> <span class='ocrx_word' id='word_1_618' title='bbox 3560 3444 3788 3518; x_wconf 89' lang='lat' dir='ltr'>pluribus</span> <span class='ocrx_word' id='word_1_619' title='bbox 3806 3455 3854 3508; x_wconf 84' lang='lat' dir='ltr'>ap</span> 
     </span>
    </p>
   </div>
   <div class='ocr_carea' id='block_1_99' title="bbox 2273 3536 3969 3610">
    <p class='ocr_par' dir='ltr' id='par_1_99' title="bbox 2273 3536 3969 3610">
     <span class='ocr_line' id='line_1_101' title="bbox 2273 3536 3969 3610; baseline -0.007 -17"><span class='ocrx_word' id='word_1_620' title='bbox 2273 3539 2514 3610; x_wconf 89' lang='lat' dir='ltr'>paratis,</span> <span class='ocrx_word' id='word_1_621' title='bbox 2576 3538 2968 3610; x_wconf 89' lang='lat' dir='ltr'>undecunque</span> <span class='ocrx_word' id='word_1_622' title='bbox 2999 3541 3290 3594; x_wconf 88' lang='lat' dir='ltr'>terrarum</span> <span class='ocrx_word' id='word_1_623' title='bbox 3320 3536 3652 3594; x_wconf 84' lang='lat' dir='ltr'>artiﬁciosis</span> <span class='ocrx_word' id='word_1_624' title='bbox 3685 3543 3869 3588; x_wconf 41' lang='lat' dir='ltr'>carmen.</span> <span class='ocrx_word' id='word_1_625' title='bbox 3968 3536 3969 3610; x_wconf 35' lang='grc' dir='ltr'>ᾗ</span> 
     </span>
    </p>
   </div>
   <div class='ocr_carea' id='block_1_100' title="bbox 2277 3627 3867 3699">
    <p class='ocr_par' dir='ltr' id='par_1_100' title="bbox 2277 3627 3867 3699">
     <span class='ocr_line' id='line_1_102' title="bbox 2277 3627 3867 3699; baseline -0.004 -17"><span class='ocrx_word' id='word_1_626' title='bbox 2277 3627 2442 3682; x_wconf 90' lang='lat' dir='ltr'>tariis</span> <span class='ocrx_word' id='word_1_627' title='bbox 2491 3627 2821 3697; x_wconf 91' lang='lat' dir='ltr'>conductis,</span> <span class='ocrx_word' id='word_1_628' title='bbox 2875 3627 3276 3699; x_wconf 86' lang='lat' dir='ltr'>fundamenta,</span> <span class='ocrx_word' id='word_1_629' title='bbox 3332 3627 3570 3683; x_wconf 87' lang='lat' dir='ltr'>castella</span> <span class='ocrx_word' id='word_1_630' title='bbox 3625 3627 3867 3687; x_wconf 75' lang='lat' dir='ltr'>turresque</span> 
     </span>
    </p>
   </div>
   <div class='ocr_carea' id='block_1_101' title="bbox 2278 3705 3969 3788">
    <p class='ocr_par' dir='ltr' id='par_1_101' title="bbox 2278 3705 3969 3788">
     <span class='ocr_line' id='line_1_103' title="bbox 2278 3705 3969 3788; baseline -0.002 -17"><span class='ocrx_word' id='word_1_631' title='bbox 2278 3717 2430 3787; x_wconf 89' lang='lat' dir='ltr'>apud</span> <span class='ocrx_word' id='word_1_632' title='bbox 2460 3716 2796 3771; x_wconf 89' lang='lat' dir='ltr'>Messanam</span> <span class='ocrx_word' id='word_1_633' title='bbox 2847 3717 3054 3772; x_wconf 88' lang='lat' dir='ltr'>urbem</span> <span class='ocrx_word' id='word_1_634' title='bbox 3099 3717 3360 3788; x_wconf 84' lang='lat' dir='ltr'>jaciens,</span> <span class='ocrx_word' id='word_1_635' title='bbox 3405 3715 3679 3772; x_wconf 85' lang='lat' dir='ltr'>aediﬁcare</span> <span class='ocrx_word' id='word_1_636' title='bbox 3706 3705 3870 3776; x_wconf 61' lang='lat' dir='ltr'>coepit;</span> <span class='ocrx_word' id='word_1_637' title='bbox 3968 3710 3969 3788; x_wconf 55' lang='grc' dir='ltr'>ξ</span> 
     </span>
    </p>
   </div>
   <div class='ocr_carea' id='block_1_102' title="bbox 2281 3798 3969 3891">
    <p class='ocr_par' dir='ltr' id='par_1_102' title="bbox 2281 3798 3969 3891">
     <span class='ocr_line' id='line_1_104' title="bbox 2281 3798 3969 3891; baseline -0.008 -31"><span class='ocrx_word' id='word_1_638' title='bbox 2281 3805 2376 3860; x_wconf 93' lang='lat' dir='ltr'>cui</span> <span class='ocrx_word' id='word_1_639' title='bbox 2407 3805 2570 3876; x_wconf 92' lang='lat' dir='ltr'>operi</span> <span class='ocrx_word' id='word_1_640' title='bbox 2604 3805 2911 3860; x_wconf 89' lang='lat' dir='ltr'>studiosos</span> <span class='ocrx_word' id='word_1_641' title='bbox 2941 3805 3355 3877; x_wconf 88' lang='lat' dir='ltr'>magistratus,</span> <span class='ocrx_word' id='word_1_642' title='bbox 3389 3805 3488 3876; x_wconf 91' lang='lat' dir='ltr'>qui</span> <span class='ocrx_word' id='word_1_643' title='bbox 3516 3798 3767 3873; x_wconf 87' lang='lat' dir='ltr'>operariis</span> <span class='ocrx_word' id='word_1_644' title='bbox 3789 3805 3869 3847; x_wconf 87' lang='lat' dir='ltr'>non</span> <span class='ocrx_word' id='word_1_645' title='bbox 3968 3814 3969 3891; x_wconf 29' lang='grc' dir='ltr'><strong>ᾗ</strong></span> 
     </span>
    </p>
   </div>
   <div class='ocr_carea' id='block_1_103' title="bbox 2280 3883 3868 3964">
    <p class='ocr_par' dir='ltr' id='par_1_103' title="bbox 2280 3883 3868 3964">
     <span class='ocr_line' id='line_1_105' title="bbox 2280 3883 3868 3964; baseline -0.003 -16"><span class='ocrx_word' id='word_1_646' title='bbox 2280 3894 2580 3963; x_wconf 88' lang='lat' dir='ltr'>deessent,</span> <span class='ocrx_word' id='word_1_647' title='bbox 2616 3893 2925 3963; x_wconf 91' lang='lat' dir='ltr'>deputans,</span> <span class='ocrx_word' id='word_1_648' title='bbox 2961 3894 3255 3948; x_wconf 87' lang='lat' dir='ltr'>interdum</span> <span class='ocrx_word' id='word_1_649' title='bbox 3286 3895 3420 3964; x_wconf 92' lang='lat' dir='ltr'>ipse</span> <span class='ocrx_word' id='word_1_650' title='bbox 3463 3892 3644 3946; x_wconf 83' lang='lat' dir='ltr'>visum</span> <span class='ocrx_word' id='word_1_651' title='bbox 3667 3883 3868 3944; x_wconf 59' lang='lat' dir='ltr'>veniens,</span> 
     </span>
    </p>
   </div>
   <div class='ocr_carea' id='block_1_104' title="bbox 2282 3971 3866 4053">
    <p class='ocr_par' dir='ltr' id='par_1_104' title="bbox 2282 3971 3866 4053">
     <span class='ocr_line' id='line_1_106' title="bbox 2282 3971 3866 4053; baseline -0.009 -18"><span class='ocrx_word' id='word_1_652' title='bbox 2282 3983 2447 4053; x_wconf 89' lang='lat' dir='ltr'>ipsos</span> <span class='ocrx_word' id='word_1_653' title='bbox 2501 3996 2608 4051; x_wconf 90' lang='lat' dir='ltr'>per</span> <span class='ocrx_word' id='word_1_654' title='bbox 2645 3983 3030 4051; x_wconf 90' lang='lat' dir='ltr'>semetipsum</span> <span class='ocrx_word' id='word_1_655' title='bbox 3079 3982 3467 4051; x_wconf 89' lang='lat' dir='ltr'>cohortando,</span> <span class='ocrx_word' id='word_1_656' title='bbox 3512 3971 3866 4034; x_wconf 85' lang='lat' dir='ltr'>festinantiores</span> 
     </span>
    </p>
   </div>
   <div class='ocr_carea' id='block_1_105' title="bbox 2281 4054 3869 4141">
    <p class='ocr_par' dir='ltr' id='par_1_105' title="bbox 2281 4054 3869 4141">
     <span class='ocr_line' id='line_1_107' title="bbox 2281 4054 3869 4141; baseline -0.004 -16"><span class='ocrx_word' id='word_1_657' title='bbox 2281 4071 2562 4141; x_wconf 90' lang='lat' dir='ltr'>reddens,</span> <span class='ocrx_word' id='word_1_658' title='bbox 2593 4070 2760 4125; x_wconf 90' lang='lat' dir='ltr'>brevi</span> <span class='ocrx_word' id='word_1_659' title='bbox 2789 4073 3052 4140; x_wconf 90' lang='lat' dir='ltr'>tempore</span> <span class='ocrx_word' id='word_1_660' title='bbox 3082 4071 3356 4125; x_wconf 89' lang='lat' dir='ltr'>turribus</span> <span class='ocrx_word' id='word_1_661' title='bbox 3387 4073 3443 4126; x_wconf 90' lang='lat' dir='ltr'>et</span> <span class='ocrx_word' id='word_1_662' title='bbox 3483 4054 3869 4138; x_wconf 73' lang='lat' dir='ltr'>propugnaculis</span> 
     </span>
    </p>
   </div>
   <div class='ocr_carea' id='block_1_106' title="bbox 2282 4144 3871 4229">
    <p class='ocr_par' dir='ltr' id='par_1_106' title="bbox 2282 4144 3871 4229">
     <span class='ocr_line' id='line_1_108' title="bbox 2282 4144 3871 4229; baseline -0.011 -15"><span class='ocrx_word' id='word_1_663' title='bbox 2282 4160 2588 4214; x_wconf 84' lang='lat' dir='ltr'>immensae</span> <span class='ocrx_word' id='word_1_664' title='bbox 2617 4158 2944 4214; x_wconf 90' lang='lat' dir='ltr'>altitudinis</span> <span class='ocrx_word' id='word_1_665' title='bbox 2956 4160 3204 4213; x_wconf 89' lang='lat' dir='ltr'>miriﬁco</span> <span class='ocrx_word' id='word_1_666' title='bbox 3225 4174 3405 4229; x_wconf 91' lang='lat' dir='ltr'>opere</span> <span class='ocrx_word' id='word_1_667' title='bbox 3436 4144 3871 4213; x_wconf 79' lang='lat' dir='ltr'>eonsummavit,et</span> 
     </span>
    </p>
   </div>
   <div class='ocr_carea' id='block_1_107' title="bbox 2282 4244 3869 4319">
    <p class='ocr_par' dir='ltr' id='par_1_107' title="bbox 2282 4244 3869 4319">
     <span class='ocr_line' id='line_1_109' title="bbox 2282 4244 3869 4319; baseline -0.008 -16"><span class='ocrx_word' id='word_1_668' title='bbox 2282 4249 2419 4319; x_wconf 88' lang='lat' dir='ltr'>quia</span> <span class='ocrx_word' id='word_1_669' title='bbox 2448 4248 2621 4315; x_wconf 91' lang='lat' dir='ltr'>hanc,</span> <span class='ocrx_word' id='word_1_670' title='bbox 2637 4247 3050 4318; x_wconf 88' lang='lat' dir='ltr'>quasiclavem</span> <span class='ocrx_word' id='word_1_671' title='bbox 3070 4247 3294 4302; x_wconf 68' lang='lat' dir='ltr'>Siciliae</span> <span class='ocrx_word' id='word_1_672' title='bbox 3327 4244 3642 4303; x_wconf 67' lang='lat' dir='ltr'>mstimabat</span> <span class='ocrx_word' id='word_1_673' title='bbox 3662 4251 3763 4309; x_wconf 70' lang='lat' dir='ltr'>prae</span> <span class='ocrx_word' id='word_1_674' title='bbox 3786 4246 3869 4285; x_wconf 56' lang='lat' dir='ltr'>cat-</span> 
     </span>
    </p>
   </div>
   <div class='ocr_carea' id='block_1_108' title="bbox 2284 4319 3867 4407">
    <p class='ocr_par' dir='ltr' id='par_1_108' title="bbox 2284 4319 3867 4407">
     <span class='ocr_line' id='line_1_110' title="bbox 2284 4319 3867 4407; baseline -0.011 -15"><span class='ocrx_word' id='word_1_675' title='bbox 2284 4337 2429 4392; x_wconf 90' lang='lat' dir='ltr'>teris</span> <span class='ocrx_word' id='word_1_676' title='bbox 2451 4336 2700 4391; x_wconf 88' lang='lat' dir='ltr'>urbibus</span> <span class='ocrx_word' id='word_1_677' title='bbox 2723 4352 2871 4407; x_wconf 87' lang='lat' dir='ltr'>quas</span> <span class='ocrx_word' id='word_1_678' title='bbox 2904 4335 3179 4405; x_wconf 89' lang='lat' dir='ltr'>habebat,</span> <span class='ocrx_word' id='word_1_679' title='bbox 3216 4335 3492 4390; x_wconf 87' lang='lat' dir='ltr'>ﬁdelibus</span> <span class='ocrx_word' id='word_1_680' title='bbox 3524 4327 3772 4386; x_wconf 85' lang='lat' dir='ltr'>tutoribus</span> <span class='ocrx_word' id='word_1_681' title='bbox 3795 4319 3867 4373; x_wconf 83' lang='lat' dir='ltr'>de-</span> 
     </span>
    </p>
   </div>
   <div class='ocr_carea' id='block_1_109' title="bbox 2284 4408 3863 4496">
    <p class='ocr_par' dir='ltr' id='par_1_109' title="bbox 2284 4408 3863 4496">
     <span class='ocr_line' id='line_1_111' title="bbox 2284 4408 3863 4496; baseline -0.01 -15"><span class='ocrx_word' id='word_1_682' title='bbox 2284 4426 2501 4496; x_wconf 89' lang='lat' dir='ltr'>putatis</span> <span class='ocrx_word' id='word_1_683' title='bbox 2520 4424 2758 4479; x_wconf 89' lang='lat' dir='ltr'>arctiori</span> <span class='ocrx_word' id='word_1_684' title='bbox 2771 4425 3040 4479; x_wconf 89' lang='lat' dir='ltr'>custodia</span> <span class='ocrx_word' id='word_1_685' title='bbox 3054 4418 3731 4479; x_wconf 86' lang='lat' dir='ltr'>observabat.Ecclesiam</span> <span class='ocrx_word' id='word_1_686' title='bbox 3742 4408 3863 4466; x_wconf 81' lang='lat' dir='ltr'>etiam</span> 
     </span>
    </p>
   </div>
   <div class='ocr_carea' id='block_1_110' title="bbox 2288 4507 3866 4569">
    <p class='ocr_par' dir='ltr' id='par_1_110' title="bbox 2288 4507 3866 4569">
     <span class='ocr_line' id='line_1_112' title="bbox 2288 4507 3866 4569; baseline -0.01 0"><span class='ocrx_word' id='word_1_687' title='bbox 2288 4515 2348 4569; x_wconf 89' lang='lat' dir='ltr'>in</span> <span class='ocrx_word' id='word_1_688' title='bbox 2405 4514 2627 4569; x_wconf 88' lang='lat' dir='ltr'>honore</span> <span class='ocrx_word' id='word_1_689' title='bbox 2675 4512 2736 4567; x_wconf 92' lang='lat' dir='ltr'>S.</span> <span class='ocrx_word' id='word_1_690' title='bbox 2789 4512 3022 4569; x_wconf 88' lang='lat' dir='ltr'>Nicolai</span> <span class='ocrx_word' id='word_1_691' title='bbox 3050 4513 3110 4567; x_wconf 90' lang='lat' dir='ltr'>in</span> <span class='ocrx_word' id='word_1_692' title='bbox 3142 4513 3349 4567; x_wconf 89' lang='lat' dir='ltr'>eadem</span> <span class='ocrx_word' id='word_1_693' title='bbox 3379 4511 3522 4568; x_wconf 89' lang='lat' dir='ltr'>urbe</span> <span class='ocrx_word' id='word_1_694' title='bbox 3562 4520 3677 4562; x_wconf 89' lang='lat' dir='ltr'>cum</span> <span class='ocrx_word' id='word_1_695' title='bbox 3699 4507 3866 4556; x_wconf 70' lang='lat' dir='ltr'>summa</span> 
     </span>
    </p>
   </div>
   <div class='ocr_carea' id='block_1_111' title="bbox 2290 4585 3865 4679">
    <p class='ocr_par' dir='ltr' id='par_1_111' title="bbox 2290 4585 3865 4679">
     <span class='ocr_line' id='line_1_113' title="bbox 2290 4585 3865 4679; baseline -0.012 -20"><span class='ocrx_word' id='word_1_696' title='bbox 2290 4601 2741 4659; x_wconf 90' lang='lat' dir='ltr'>honoriﬁcentia</span> <span class='ocrx_word' id='word_1_697' title='bbox 2757 4605 3112 4656; x_wconf 89' lang='lat' dir='ltr'>construens</span> <span class='ocrx_word' id='word_1_698' title='bbox 3127 4604 3183 4655; x_wconf 90' lang='lat' dir='ltr'>et</span> <span class='ocrx_word' id='word_1_699' title='bbox 3197 4602 3453 4656; x_wconf 87' lang='lat' dir='ltr'>diversis</span> <span class='ocrx_word' id='word_1_700' title='bbox 3465 4585 3865 4679; x_wconf 65' lang='lat' dir='ltr'>possessionibus</span> 
     </span>
    </p>
   </div>
   <div class='ocr_carea' id='block_1_112' title="bbox 2294 4674 3865 4763">
    <p class='ocr_par' dir='ltr' id='par_1_112' title="bbox 2294 4674 3865 4763">
     <span class='ocr_line' id='line_1_114' title="bbox 2294 4674 3865 4763; baseline -0.01 -17"><span class='ocrx_word' id='word_1_701' title='bbox 2294 4691 2563 4763; x_wconf 90' lang='lat' dir='ltr'>augendo</span> <span class='ocrx_word' id='word_1_702' title='bbox 2596 4691 2827 4760; x_wconf 91' lang='lat' dir='ltr'>dotans,</span> <span class='ocrx_word' id='word_1_703' title='bbox 2863 4689 3098 4744; x_wconf 90' lang='lat' dir='ltr'>clericis</span> <span class='ocrx_word' id='word_1_704' title='bbox 3130 4690 3202 4744; x_wconf 90' lang='lat' dir='ltr'>ad</span> <span class='ocrx_word' id='word_1_705' title='bbox 3233 4688 3597 4744; x_wconf 89' lang='lat' dir='ltr'>serviendum</span> <span class='ocrx_word' id='word_1_706' title='bbox 3628 4674 3865 4747; x_wconf 58' lang='lat' dir='ltr'>deputans.</span> 
     </span>
    </p>
   </div>
   <div class='ocr_carea' id='block_1_113' title="bbox 2293 4763 3863 4851">
    <p class='ocr_par' dir='ltr' id='par_1_113' title="bbox 2293 4763 3863 4851">
     <span class='ocr_line' id='line_1_115' title="bbox 2293 4763 3863 4851; baseline -0.015 -14"><span class='ocrx_word' id='word_1_707' title='bbox 2293 4778 2613 4851; x_wconf 84' lang='lat' dir='ltr'>pontiﬁcali</span> <span class='ocrx_word' id='word_1_708' title='bbox 2633 4779 2776 4834; x_wconf 92' lang='lat' dir='ltr'>sede</span> <span class='ocrx_word' id='word_1_709' title='bbox 2798 4779 3035 4849; x_wconf 89' lang='lat' dir='ltr'>aptavit,</span> <span class='ocrx_word' id='word_1_710' title='bbox 3061 4778 3169 4833; x_wconf 90' lang='lat' dir='ltr'>sed</span> <span class='ocrx_word' id='word_1_711' title='bbox 3199 4793 3329 4833; x_wconf 90' lang='lat' dir='ltr'>eam</span> <span class='ocrx_word' id='word_1_712' title='bbox 3361 4791 3491 4832; x_wconf 90' lang='lat' dir='ltr'>cum</span> <span class='ocrx_word' id='word_1_713' title='bbox 3518 4763 3779 4827; x_wconf 87' lang='lat' dir='ltr'>Trainensi</span> <span class='ocrx_word' id='word_1_714' title='bbox 3800 4772 3863 4811; x_wconf 84' lang='lat' dir='ltr'>ca-</span> 
     </span>
    </p>
   </div>
   <div class='ocr_carea' id='block_1_114' title="bbox 2295 4866 2732 4923">
    <p class='ocr_par' dir='ltr' id='par_1_114' title="bbox 2295 4866 2732 4923">
     <span class='ocr_line' id='line_1_116' title="bbox 2295 4866 2732 4923; baseline -0.009 0"><span class='ocrx_word' id='word_1_715' title='bbox 2295 4868 2500 4923; x_wconf 87' lang='lat' dir='ltr'>thedra</span> <span class='ocrx_word' id='word_1_716' title='bbox 2530 4866 2732 4922; x_wconf 89' lang='lat' dir='ltr'>univit.</span> 
     </span>
    </p>
   </div>
   <div class='ocr_carea' id='block_1_115' title="bbox 2861 4971 3396 5026">
    <p class='ocr_par' dir='ltr' id='par_1_115' title="bbox 2861 4971 3396 5026">
     <span class='ocr_line' id='line_1_117' title="bbox 2861 4971 3396 5026; baseline -0.002 0"><span class='ocrx_word' id='word_1_717' title='bbox 2861 4971 3112 5026; x_wconf 87' lang='lat' dir='ltr'>CAPUT</span> <span class='ocrx_word' id='word_1_718' title='bbox 3157 4971 3396 5025; x_wconf 84' lang='lat' dir='ltr'><strong>XXXII.</strong></span> 
     </span>
    </p>
   </div>
   <div class='ocr_carea' id='block_1_116' title="bbox 2407 5070 3783 5151">
    <p class='ocr_par' dir='ltr' id='par_1_116' title="bbox 2407 5070 3783 5151">
     <span class='ocr_line' id='line_1_118' title="bbox 2407 5070 3783 5151; baseline -0.014 -14"><span class='ocrx_word' id='word_1_719' title='bbox 2407 5082 2543 5137; x_wconf 81' lang='lat' dir='ltr'>Dux</span> <span class='ocrx_word' id='word_1_720' title='bbox 2571 5096 2602 5134; x_wconf 89' lang='lat' dir='ltr'>a</span> <span class='ocrx_word' id='word_1_721' title='bbox 2637 5079 2929 5151; x_wconf 80' lang='lat' dir='ltr'>Gregorio</span> <span class='ocrx_word' id='word_1_722' title='bbox 2952 5094 3100 5150; x_wconf 85' lang='lat' dir='ltr'>papa</span> <span class='ocrx_word' id='word_1_723' title='bbox 3131 5093 3162 5131; x_wconf 85' lang='lat' dir='ltr'>a</span> <span class='ocrx_word' id='word_1_724' title='bbox 3202 5077 3480 5132; x_wconf 72' lang='lat' dir='ltr'>Romanis</span> <span class='ocrx_word' id='word_1_725' title='bbox 3508 5070 3783 5127; x_wconf 77' lang='lat' dir='ltr'>revocatur.</span> 
     </span>
    </p>
   </div>
   <div class='ocr_carea' id='block_1_117' title="bbox 2372 5154 3858 5243">
    <p class='ocr_par' dir='ltr' id='par_1_117' title="bbox 2372 5154 3858 5243">
     <span class='ocr_line' id='line_1_119' title="bbox 2372 5154 3858 5243; baseline -0.007 -18"><span class='ocrx_word' id='word_1_726' title='bbox 2372 5172 2556 5243; x_wconf 89' lang='lat' dir='ltr'>Igitur</span> <span class='ocrx_word' id='word_1_727' title='bbox 2578 5167 3021 5223; x_wconf 88' lang='lat' dir='ltr'>famosissimus</span> <span class='ocrx_word' id='word_1_728' title='bbox 3054 5167 3173 5221; x_wconf 87' lang='lat' dir='ltr'>dux</span> <span class='ocrx_word' id='word_1_729' title='bbox 3200 5165 3499 5235; x_wconf 87' lang='lat' dir='ltr'>Calabriae,</span> <span class='ocrx_word' id='word_1_730' title='bbox 3514 5154 3858 5231; x_wconf 64' lang='lat' dir='ltr'>Apulorum‘lua</span> 
     </span>
    </p>
   </div>
   <div class='ocr_carea' id='block_1_118' title="bbox 2396 5397 2770 5469">
    <p class='ocr_par' dir='ltr' id='par_1_118' title="bbox 2396 5397 2770 5469">
     <span class='ocr_line' id='line_1_120' title="bbox 2396 5397 2770 5469; baseline -0.011 -15"><span class='ocrx_word' id='word_1_731' title='bbox 2396 5397 2521 5469; x_wconf 65' lang='lat'>274)</span> <span class='ocrx_word' id='word_1_732' title='bbox 2559 5397 2770 5469; x_wconf 70' lang='lat' dir='ltr'>Eligit.</span> 
     </span>
    </p>
   </div>
   <div class='ocr_carea' id='block_1_119' title="bbox 2374 5324 3437 5469">
    <p class='ocr_par' dir='ltr' id='par_1_119' title="bbox 2374 5324 3437 5469">
     <span class='ocr_line' id='line_1_121' title="bbox 2394 5324 3437 5398; baseline -0.003 -15"><span class='ocrx_word' id='word_1_733' title='bbox 2394 5329 2498 5383; x_wconf 89' lang='grc'>270</span> <span class='ocrx_word' id='word_1_734' title='bbox 2560 5325 2833 5382; x_wconf 76' lang='lat' dir='ltr'>Difﬁm‘to</span> <span class='ocrx_word' id='word_1_735' title='bbox 2861 5326 3013 5398; x_wconf 86' lang='lat' dir='ltr'>ipsis</span> <span class='ocrx_word' id='word_1_736' title='bbox 3041 5341 3109 5383; x_wconf 87' lang='lat' dir='ltr'>se</span> <span class='ocrx_word' id='word_1_737' title='bbox 3140 5324 3437 5382; x_wconf 80' lang='lat' dir='ltr'>auxilium.</span> 
     </span>
     <span class='ocr_line' id='line_1_122' title="bbox 2374 5330 2770 5469; baseline -0.01 -15"><span class='ocrx_word' id='word_1_738' title='bbox 2374 5330 2521 5469; x_wconf 46' lang='grc'>(271)</span> <span class='ocrx_word' id='word_1_739' title='bbox 2559 5397 2770 5469; x_wconf 66' lang='lat' dir='ltr'>Eligit.</span> 
     </span>
    </p>
   </div>
   <div class='ocr_carea' id='block_1_120' title="bbox 2374 5330 2975 5541">
    <p class='ocr_par' dir='ltr' id='par_1_120' title="bbox 2374 5330 2975 5541">
     <span class='ocr_line' id='line_1_123' title="bbox 2394 5330 2975 5398; baseline -0.003 -15"><span class='ocrx_word' id='word_1_740' title='bbox 2394 5330 2498 5383; x_wconf 85' lang='grc'>270</span> <span class='ocrx_word' id='word_1_741' title='bbox 2560 5330 2833 5382; x_wconf 75' lang='lat' dir='ltr'>Difﬁuito</span> <span class='ocrx_word' id='word_1_742' title='bbox 2861 5330 2975 5398; x_wconf 82' lang='lat' dir='ltr'>ipsi</span> 
     </span>
     <span class='ocr_line' id='line_1_124' title="bbox 2374 5330 2770 5541; baseline -0.008 -87"><span class='ocrx_word' id='word_1_743' title='bbox 2374 5330 2522 5541; x_wconf 42' lang='lat'>£271:</span> <span class='ocrx_word' id='word_1_744' title='bbox 2559 5397 2770 5469; x_wconf 84' lang='lat' dir='ltr'>Eligit.</span> 
     </span>
     <span class='ocr_line' id='line_1_125' title="bbox 2374 5467 2975 5541; baseline 0 -18"><span class='ocrx_word' id='word_1_745' title='bbox 2374 5468 2499 5541; x_wconf 86' lang='grc'>(272</span> <span class='ocrx_word' id='word_1_746' title='bbox 2559 5467 2975 5540; x_wconf 82' lang='lat' dir='ltr'>Angelmarus.</span> 
     </span>
    </p>
   </div>
  </div>
