4074 6150
189 206 351 283 117⁷

155 408 428 480 princeps
461 405 759 460 Robertus
789 404 1175 472 Guiscardus,
1203 406 1356 476 apud
1375 405 1670 478 Bulgaros
1696 404 1817 460 for-
1857 400 1917 457 A-

159 498 291 551 titer
321 494 513 549 omnia
543 495 659 549 sibi
697 493 1076 566 subjugando
1107 510 1313 566 agens,
1350 511 1502 549 anno
1535 496 1822 549 incarnati

157 585 330 639 Verbi
360 583 519 653 1082,
579 600 610 636 a
642 584 924 638 Romanae
957 584 1121 637 sedis
1155 584 1483 653 apostolico
1515 585 1644 639 viro
1679 585 1822 639 Gre-

161 675 326 747 gorio
350 673 560 727 litteris
574 672 1011 727 continentibus
1029 674 1365 745 angustiam
1380 690 1549 727 suam
1563 674 1823 745 acceptis

158 766 217 817 ut
238 763 295 816 in
326 761 682 832 adjutorium
714 762 774 816 S.
813 763 1089 816 Romanae
1124 762 1409 817 Ecclesia:
1443 764 1694 818 reditum
1727 779 1823 817 ac-

160 851 394 920 celeret,
412 851 611 905 multis
626 850 908 920 precibus
923 851 1283 906 cohortatur.
1315 852 1640 922 Imperator
1661 868 1821 906 nam-

159 956 269 1011 que
299 940 755 994 Alamannorum
770 939 1084 999 Henricus,
1101 940 1456 1011 quibusdam
1479 943 1824 995 controver-

161 1030 266 1083 siis
323 1029 479 1084 inter
533 1044 600 1083 se
655 1029 800 1083 ortis
844 1030 1089 1084 Romam
1120 1046 1250 1084 cum
1285 1030 1546 1084 exercitu
1579 1030 1824 1085 veniens

158 1118 410 1172 obsessa
444 1117 664 1172 diutius
708 1118 878 1186 urbe,
906 1118 1170 1172 eamdem
1198 1117 1430 1173 fortuna
1459 1117 1824 1190 suffragante

157 1206 466 1277 irruperat,
520 1207 921 1278 Romanisque
978 1207 1408 1277 potentioribus
1464 1208 1580 1262 sibi
1628 1208 1823 1279 injun-

150 1295 345 1367 gendo
366 1294 512 1364 (273)
537 1295 971 1366 confaederatis,
999 1297 1195 1366 ipsum
1217 1297 1610 1367 apostolicum
1626 1297 1823 1351 virum

156 1384 212 1438 in
240 1384 392 1438 turri
412 1384 682 1455 quadam,
714 1400 847 1454 quae
878 1385 1210 1439 Crescentii
1243 1385 1476 1454 dicitur,
1519 1386 1823 1441 reclusum

156 1472 492 1541 obsederat,
524 1473 818 1543 aliumque
848 1474 1056 1529 inloco
1090 1473 1245 1544 ejus,
1281 1474 1821 1545 archiepiscopum,

152 1561 432 1617 videlicet
462 1562 882 1633 Ravennatem,
918 1563 1265 1618 Umbertum
1278 1564 1531 1634 nomine,
1549 1580 1611 1617 re
1631 1563 1823 1618 indis-

155 1666 356 1720 cussa,
377 1653 580 1705 contra
594 1654 833 1705 sanctos
848 1667 1127 1722 canones,
1146 1653 1302 1723 quod
1315 1652 1483 1707 nefas
1498 1654 1589 1706 est
1602 1653 1821 1723 dicere,

1233 202 1632 275 HISTORIA
1699 204 2030 283 SICULA.
2090 240 2163 251 —
2212 205 2371 270 LIB.
2418 207 2526 270 111.

3465 214 3624 278 1178

2503 405 2754 463 CAPUT
2809 410 3053 465 XXXIV

1931 495 2069 550 Dux
2097 494 2295 551 fratre
2355 497 2647 552 arcessito
2691 515 2872 578 super
2909 500 3242 570 Capuanum
3266 503 3603 578 principem

2689 570 2870 625 vadit.
3266 570 3315 605 ὀ

2004 656 2186 711 Porro
2219 656 2357 724 dux,
2392 655 2574 711 fratre
2612 661 2826 713 comite
2856 676 2889 713 a
2924 660 3123 715 Sicilia
3151 664 3464 735 arcessito,
3499 668 3601 722 ad-

1938 746 2094 798 moto
2141 744 2392 814 plurimo
2434 746 2716 816 exercitu,
2752 763 2935 817 super
2964 750 3289 804 Jordanum
3329 759 3601 823 nepotem

1939 849 2115 887 suum
2166 833 2492 904 principem
2521 834 2772 890 Aversae
2799 853 3034 891 messes
3082 842 3373 894 vastatum
3422 843 3598 897 vadit.

1942 921 2090 975 Nam
2121 937 2255 976 cum
2300 925 2469 977 antea
2500 923 2655 978 inter
2684 926 2850 995 ipsos
2884 927 3140 983 diversis
3172 932 3601 987 controversiis

1940 1010 2259 1065 inimicitiae
2283 1010 2718 1082 efferbuissent,
2749 1014 2860 1068 hoc
2884 1015 2970 1068 ira
2987 1016 3046 1069 in
3067 1017 3394 1088 principem
3416 1020 3604 1090 pluri-

1940 1115 2098 1153 mum
2121 1099 2540 1169 incalescebat,
2559 1101 2715 1171 quod
2745 1102 3047 1157 noviterin
3077 1105 3351 1160 damnum
3378 1112 3608 1178 aposto-

1941 1188 2060 1257 lici,
2103 1188 2480 1257 imperatoris
2513 1189 2806 1244 hominem
2857 1192 3054 1261 ipsum
3086 1191 3378 1263 effectum,
3403 1200 3459 1250 et
3487 1200 3611 1251 ter-

1940 1291 2068 1330 ram
2087 1292 2256 1330 suam
2288 1278 2400 1331 sub
2420 1278 2549 1349 ipso
2569 1279 3023 1334 deserviendam
3042 1283 3390 1352 suscepisse
3412 1286 3610 1341 audie-

1937 1368 2045 1419 rat.
2080 1365 2342 1420 Veniens
2373 1367 2567 1437 itaque
2609 1383 2742 1422 eum
2788 1370 3052 1423 exercitu
3082 1373 3215 1425 ante
3246 1372 3453 1427 urbem
3481 1374 3594 1429 (Ζει-

1936 1470 2207 1524 puanam,
2268 1458 2324 1508 et
2381 1454 2649 1510 Castrum
2709 1458 2864 1527 quod
2922 1459 3152 1512 Aversa
3196 1459 3428 1531 dicitur,
3462 1462 3594 1534 ipso

1933 1542 2137 1614 invito,
2168 1558 2277 1597 nec
2316 1546 2667 1615 propulsare
2695 1547 2946 1618 valente,
2980 1564 3085 1618 per
3132 1552 3262 1602 octo
3290 1552 3346 1603 et
3375 1565 3444 1605 eo
3477 1567 3604 1607 am-

1934 1631 2091 1701 plius
2121 1632 2249 1687 dies
2290 1648 2683 1705 commorans,
2718 1635 2898 1690 multa
2927 1636 3384 1706 depopulatione
3432 1642 3611 1696 totam

154 1739 453 1794 cathedrae
490 1740 647 1794 beati
672 1740 828 1794 Petri
860 1722 1314 1812 subrogaverat.
1346 1741 1482 1812 Ipse
1512 1757 1654 1795 vero
1668 1722 1822 1814 tanta

1938 1722 2299 1791 provinciam
2328 1722 2651 1776 lacessivit.
2687 1724 2802 1778 Sed
2832 1724 2966 1796 quia
2984 1725 3114 1795 ipse
3141 1725 3450 1783 Joadanus
3481 1729 3607 1785 ele-

1945 1810 2328 1832 _-_LE-_!_..___
2382 1811 2550 1832 _:1--
2618 1815 2733 1832 -_-L
2796 1815 2842 1832 ,ι
2881 1813 3303 1832 -1-.-,.A',,',,,

152 1829 466 1884 obsidione
493 1827 985 1899 prmgravabatur
999 1832 1059 1882 ut
1073 1844 1263 1900 neque
1279 1829 1393 1883 sibi
1424 1845 1677 1901 usquam
1690 1846 1824 1899 pro-

152 1917 467 1990 grediendi
488 1917 640 1972 liber
665 1918 950 1972 transitus
976 1920 1219 1987 pateret.
1254 1919 1387 1987 Dux
1416 1934 1579 1989 vero,
1614 1934 1824 1990 quam-

150 2008 242 2060 vis
263 2005 417 2061 adid
440 2006 596 2077 quod
637 2009 894 2076 coeperat
922 2006 1225 2061 intendere
1249 2007 1526 2062 omnibus
1556 2007 1821 2061 utilitati-

151 2095 266 2149 bus
297 2094 363 2148 in
395 2095 584 2149 animo
615 2094 878 2165 praefert,
938 2098 1134 2149 tamen
1184 2096 1571 2150 calamitatem
1601 2099 1823 2151 sanctae

153 2184 443 2237 Romanae
483 2182 770 2237 Ecclesiae
801 2182 1070 2254 audiens,
1097 2186 1153 2238 et
1179 2184 1478 2261 dominum
1507 2200 1683 2238 suum
1706 2184 1819 2239 sub

150 2288 268 2344 quo
301 2271 501 2326 omnia
532 2288 663 2342 quae
693 2272 948 2326 habebat
974 2272 1287 2342 possidere
1321 2288 1387 2327 se
1419 2272 1824 2343 cognoscebat

146 2360 207 2414 in
263 2363 490 2415 tantum
521 2361 846 2433 angustari,
903 2361 1078 2415 fidem
1133 2362 1344 2430 datam,
1381 2364 1437 2415 et
1466 2361 1823 2433 Iegalitatem

148 2465 324 2505 suam
357 2465 608 2504 servans
648 2450 849 2505 maluit
886 2466 1015 2521 sua,
1048 2450 1319 2522 quamvis
1352 2450 1552 2521 chara,
1585 2450 1657 2504 ad
1680 2452 1825 2505 tem-

147 2554 267 2608 pus
297 2553 540 2608 ponere,
583 2542 639 2593 et
655 2544 876 2593 sancta:
907 2538 1015 2594 Dei
1036 2538 1344 2610 Ecclesiae,
1371 2538 1463 2593 vel
1494 2539 1713 2593 domini
1729 2544 1823 2597 sui

146 2628 615 2682 necessitatibus
648 2629 959 2683 inservire.
975 2628 1190 2701 Sicque
1204 2629 1324 2684 ﬁlio
1358 2644 1469 2683 suo
1483 2628 1822 2683 Boamundo

148 2717 577 2772 strenuissimo
628 2717 793 2771 militi
825 2734 958 2789 quae
990 2722 1248 2788 coeperat
1268 2718 1821 2789 exsequendacom-

145 2805 415 2873 mittens,
458 2804 643 2874 cepiis
675 2806 951 2860 omnibus
998 2806 1115 2860 sibi
1145 2806 1453 2876 delegatis,
1512 2807 1642 2875 ipse
1691 2822 1824 2861 cum

144 2895 365 2965 paucis
392 2893 622 2964 placido
654 2893 882 2967 remige
913 2910 1131 2950 versus
1148 2895 1437 2965 Apuliam,
1456 2910 1672 2950 versus
1704 2895 1823 2967 Hy-

146 2974 434 3039 druntum
456 2983 723 3054 applicat.
1283 2990 1293 2997 '

687 3125 938 3181 CAPUT
1008 3124 1281 3181 XXXIII.

259 3268 425 3324 Duce
452 3272 804 3325 revertente
826 3267 995 3324 fraus
1027 3267 1366 3341 papulorum
1395 3268 1711 3341 premitur.

216 3409 309 3465 Ea
346 3410 691 3480 tempestate
711 3411 935 3482 plures,
970 3412 1123 3482 apud
1154 3412 1422 3482 Apuliam
1453 3413 1692 3483 propter
1721 3410 1822 3465 ab-

136 3500 403 3557 sentiam
433 3499 602 3554 ducis
635 3500 982 3571 insolentes,
1018 3501 1310 3556 adversus
1342 3517 1477 3556 eum
1510 3501 1821 3570 conspira-

141 3592 387 3659 verant,
418 3588 685 3644 volentes
717 3605 786 3644 ea
814 3606 946 3661 quae
979 3590 1113 3661 ejus
1134 3590 1296 3661 juris
1327 3594 1820 3660 erantusurpare,

139 3680 431 3751 putantes
463 3694 596 3733 eum
625 3677 934 3733 altioribus
965 3679 1220 3751 negotiis
1258 3680 1543 3734 intentum
1572 3678 1822 3733 ulterius

140 3766 534 3840 regrediendi
565 3767 706 3822 illuc
729 3783 847 3823 non
879 3783 1107 3822 curare.
1129 3768 1297 3823 Unde
1328 3769 1385 3823 et
1404 3766 1723 3821 Gaufridus
1750 3767 1822 3820 de

141 3858 539 3912 Conversana
580 3858 735 3926 apud
791 3857 1018 3927 urbem,
1054 3873 1185 3928 quin
1215 3857 1351 3911 Oria
1376 3855 1628 3927 idicitur,
1666 3854 1825 3908 haud

136 3946 333 4017 longe
389 3960 423 3998 a
454 3945 759 4014 provincia
816 3945 1130 4000 Tarentina
1159 3945 1530 4000 obsidionem
1567 3957 1820 4014 ponens,

136 4035 473 4107 plurimum
502 4033 853 4089 lacessendo
885 4035 1317 4089 infestissimus
1340 4037 1481 4088 erat.
1516 4034 1645 4087 Dux
1678 4048 1822 4087 vero

137 4123 307 4194 apud
333 4122 703 4194 Hydruntum
718 4124 1042 4193 applicans,
1077 4123 1271 4177 audito
1297 4123 1432 4176 urbi
1449 4121 1823 4176 obsidionem

136 4211 482 4280 imminere,
516 4211 788 4265 illorsum
818 4228 950 4266 cum
978 4213 1184 4283 paucis
1207 4211 1555 4282 appropiare
1591 4209 1820 4265 accele—

136 4303 256 4355 rat.
322 4300 506 4354 Porro
565 4300 648 4353 illi
697 4301 799 4371 qui
827 4301 1160 4356 obsidionis
1189 4300 1457 4370 primarii
1494 4301 1683 4368 erant,
1716 4314 1841 4375 per,

135 4390 412 4461 legatum
452 4389 662 4443 ducem
698 4389 1110 4444 adventantem
1166 4391 1628 4463 cognoscentes,
1664 4403 1819 4457 prae-

1936 1810 2330 1881 gantissimus
2381 1811 2553 1865 miles
2613 1815 2736 1866 erat
2789 1815 2845 1867 et
2874 1813 3353 1885 elegantissimos
3402 1833 3608 1873 secum

1937 1898 2209 1969 habebat,
2269 1900 2448 1954 multa
2505 1900 2835 1956 militariter
2864 1902 3121 1957 diversis
3168 1906 3603 1976 congressibus

1936 1987 2211 2058 utrinque
2242 1991 2570 2058 perpetrata
2601 1994 2758 2044 sunt.
2792 1990 2931 2045 Inde
2961 1991 3176 2063 itaque,
3230 1993 3469 2048 rediens
3501 2011 3613 2066 per

1934 2078 2116 2131 totam
2142 2077 2416 2147 Apuliam
2433 2081 2488 2132 et
2506 2078 2856 2147 Calabriam,
2883 2080 3203 2134 exercitum
3224 2083 3610 2151 perscribens

1937 2165 2270 2236 submonet,
2304 2169 2366 2220 ut
2420 2166 2687 2236 proxima
2718 2168 2966 2221 ventura
2996 2171 3199 2223 aestate
3232 2185 3439 2224 secum
3482 2172 3606 2227 Ro-

1936 2269 2090 2307 mam
2112 2269 2294 2324 super
2322 2254 2737 2324 imperatorem
2767 2255 2901 2310 ituri
2926 2271 3219 2326 expensas
3241 2262 3604 2316 commeatus

1943 2345 2224 2413 aptarent.

2504 2414 2757 2469 CAPUT
2786 2415 3030 2470 XXXV.

2220 2502 2517 2558 Jordanus
2545 2508 2750 2557 contra
2790 2509 3027 2575 patrem
3056 2506 3319 2579 insurgit

2008 2608 2239 2678 Comes,
2300 2625 2333 2663 a
2386 2608 2567 2664 fratre
2596 2610 2828 2665 noviter
2873 2626 2907 2664 a
2960 2612 3239 2684 Bulgaria
3272 2619 3604 2674 revertente

1936 2698 2235 2767 invitatus,
2271 2698 2387 2754 sibi
2435 2714 2752 2754 occurrere
2801 2715 3018 2755 versus
3076 2703 3351 2772 Apuliam
3414 2707 3605 2762 inten-

1936 2788 2106 2859 dens,
2140 2788 2401 2843 Jordano
2433 2788 2551 2842 filio
2585 2804 2694 2843 suo
2718 2787 2978 2843 Siciliam
2991 2794 3419 2859 procurandum
3447 2795 3603 2851 dele-

1933 2879 2053 2949 gat,
2111 2877 2473 2931 interdicens
2536 2877 2811 2931 omnibus
2842 2894 2915 2933 ne
2956 2879 3058 2950 qui
3086 2880 3144 2932 in
3174 2881 3251 2934 iis
3282 2898 3415 2955 quae
3445 2901 3604 2954 prae-

1936 2965 2156 3036 ciperet
2199 2965 2316 3020 sibi
2346 2966 2680 3021 contrarius
2708 2982 2846 3021 esse
2875 2973 3285 3040 praesumeret,
3322 2971 3460 3026 Erat
3490 2989 3602 3028 au-

1932 3058 2046 3109 tem
2104 3054 2403 3108 Jordanus
2463 3070 2537 3109 ex
2567 3056 2917 3126 concubina,
2948 3059 3143 3111 tamen
3187 3074 3419 3131 magnae
3450 3061 3600 3117 viris

1854 3134 1905 3197 Ο
1932 3141 2081 3215 (274)
2100 3144 2278 3197 animi
2305 3146 2361 3198 et
2374 3144 2658 3214 corporis,
2684 3146 2740 3199 et
2759 3160 3107 3217 magnarum
3126 3162 3326 3202 rerum
3348 3149 3586 3221 gloriae,

1934 3249 2061 3287 suae
2093 3232 2507 3288 dominationis
2539 3234 2828 3303 appetitor
2859 3251 2872 3299 ;
2908 3233 3322 3305 etjamdudum
3346 3238 3602 3294 consilio

1924 3337 2240 3392 pravorum
2294 3322 2409 3377 sibi
2464 3322 2891 3377 adhaerentium
2932 3322 3222 3394 juvenum
3252 3327 3429 3381 tacito
3468 3327 3586 3383 sub

1933 3414 2173 3483 pectore
2212 3428 2387 3482 usus,
2417 3412 2771 3484 insurgendi
2796 3413 3299 3483 conspirationem
3321 3431 3576 3471 versans

1935 3502 2024 3556 sic
2056 3502 2397 3556 discedente
2414 3503 2600 3571 patre,
2618 3501 2815 3555 locum
2827 3518 2953 3557 suae
2965 3519 3165 3572 pravae
3187 3503 3603 3574 dispositionis

1932 3593 1997 3644 ut
2040 3591 2156 3645 sibi
2215 3590 2538 3659 dicebatur,
2584 3593 2816 3660 nactus,
2857 3591 3061 3662 plures
3107 3592 3316 3647 callide
3348 3591 3604 3649 circum-

1933 3680 2243 3749 veniendo,
2302 3680 2477 3734 ﬁdem
2508 3680 2764 3745 illorum,
2799 3680 3052 3736 necdum
3084 3682 3325 3754 negotio
3380 3686 3602 3755 aperto,

1935 3769 2068 3820 astu
2107 3767 2395 3821 abstrahit
2450 3770 2511 3820 ut
2543 3783 2912 3839 quaecunque
2944 3768 3092 3838 (275)
3126 3771 3255 3839 ipse
3284 3770 3447 3839 prior
3467 3771 3606 3826 inci-

1932 3856 2118 3923 peret,
2176 3854 2291 3923 ipsi
2324 3854 2646 3925 complices
2685 3857 2744 3908 in
2781 3856 3141 3925 perﬁciendo
3192 3858 3602 3927 persisterent.

1936 3943 2178 3997 Talibus
2239 3943 2434 4012 itaque
2483 3941 2630 4013 (276)
2691 3944 2974 4013 deceptis,
3008 3946 3245 4000 tandem
3276 3948 3474 4003 dolum
3503 3949 3605 4004 diu

1937 4032 2289 4102 dispositum
2302 4032 2508 4101 aperit.
2523 4030 2669 4086 Cum
2683 4034 3043 4104 quibusdam
3059 4034 3428 4104 displicuerit
3447 4036 3598 4106 (277)

1933 4121 2207 4193 pluribus
2239 4121 2449 4190 placet,
2481 4118 2709 4184 Quibus
2731 4118 2882 4190 (278)
2913 4122 3169 4192 quisque
3202 4120 3351 4189 (279)
3382 4123 3602 4178 talibus

1937 4209 2231 4265 assentire
2317 4209 2580 4263 renitens
2663 4208 2928 4279 improbe
2965 4209 3113 4279 (280)
3187 4209 3457 4264 hortatur
3522 4226 3596 4265 ne

1934 4300 2110 4354 fidem
2139 4299 2330 4353 datam
2360 4296 2592 4352 mentiri
2612 4298 2772 4366 velit,
2807 4300 3174 4353 sacramenta
3194 4297 3343 4369 patri
3374 4298 3602 4353 exhibi-

1934 4392 1989 4442 ta
2048 4388 2109 4442 in
2158 4388 2271 4441 hoc
2317 4386 2484 4441 salva
2532 4386 2677 4456 fore,
2711 4387 2866 4458 quod
2891 4386 3281 4457 proﬁciscens
3313 4388 3601 4460 quidquid

135 4479 402 4533 sentiam
434 4478 567 4549 ejus
599 4478 1095 4534 exhorrescentes
1126 4478 1197 4533 ab
1229 4480 1486 4549 inceepto
1530 4476 1817 4547 deterriti,
1849 4495 1899 4555 ο
1934 4475 2234 4531 Jordanus
2265 4474 2442 4529 vellet
2469 4474 2563 4529 vel
2602 4476 2973 4545 praeciperet,
3025 4477 3299 4532 omnibus
3360 4475 3600 4532 obedire

138 4582 285 4621 cum
318 4565 522 4635 plures
555 4571 777 4637 essent,
829 4568 1137 4623 obsidione
1193 4568 1365 4621 solita
1421 4567 1675 4638 quisque
1731 4565 1823 4619 fu-

140 4671 290 4727 gam
317 4654 665 4710 accelerans
697 4657 755 4710 in
800 4672 907 4711 sua
938 4656 1234 4710 dilabitur.
1278 4655 1456 4710 Cives
1484 4658 1698 4723 autem,
1733 4654 1823 4709 sic

142 4742 516 4799 obsessione
572 4760 687 4815 qua
724 4744 1255 4816 prae-gravabantur
1285 4744 1455 4813 eruti,
1489 4743 1821 4798 advenienti

139 4832 290 4888 duci
347 4848 664 4887 occurrere
724 4834 1092 4904 accelerant;
1146 4848 1278 4887 cum
1320 4832 1535 4903 gaudio
1581 4836 1637 4886 et
1663 4832 1820 4886 omni

139 4921 447 4992 obsequio
484 4921 801 4992 excipiunt.
849 4922 964 4977 Sed
1009 4938 1115 4992 per
1143 4922 1484 4976 universam
1546 4920 1821 4991 Apuliam

136 5010 481 5066 seditiones
521 5026 671 5080 quas
726 5011 1042 5066 infidelitas
1073 5011 1433 5079 turbaverat;
1478 5026 1512 5063 a
1564 5024 1820 5080 praesen-

134 5099 227 5153 tia
289 5097 427 5168 ejus
457 5098 677 5153 sedatae
735 5100 794 5154 in
825 5103 1149 5172 conspectu
1177 5099 1334 5172 ejus;
1369 5099 1493 5154 acsi
1522 5113 1819 5170 nunquam

134 5188 434 5256 fuissent,
478 5187 788 5243 siluerunt.

245 5293 377 5364 273)
417 5292 819 5418 Βαξιιρεζηάο.

245 5364 376 5418 274)
416 5363 478 5418 C.
565 5407 578 5418 .
626 5382 738 5418 V18.

244 5364 376 5422 274)
416 5363 478 5419 C.
511 5363 578 5420 1⁵.
611 5363 738 5422 ris.

244 5369 352 5418 274
416 5369 478 5419 G.
511 5369 578 5420 P.
626 5369 738 5422 vis.

412 5433 673 5561 ﬁgracto
710 5438 884 5493 hastu
904 5439 1154 5495 attrahit
1179 5443 1237 5495 ut
1263 5439 1604 5512 quicunque.

218 5295 243 5577 ἓ

1934 4566 2150 4621 debere
2215 4565 2626 4635 imperaverat.
2685 4565 2945 4620 Jordano
2992 4566 3160 4637 plura
3201 4565 3598 4636 promittente,

1936 4656 2024 4710 sic
2056 4654 2225 4725 pravi
2255 4653 2488 4709 consilii
2520 4669 2813 4709 assensus
2860 4654 3014 4709 inter
3042 4655 3245 4725 plures
3271 4671 3304 4708 a
3342 4653 3600 4709 Jordano

1936 4746 1995 4800 in
2023 4745 2099 4799 iis
2130 4760 2263 4816 quae
2283 4744 2468 4814 patris
2501 4747 2685 4813 erant,
2718 4744 2870 4798 ultra
2899 4759 3073 4814 quam
3105 4743 3359 4813 deceret,
3400 4741 3495 4798 vel
3525 4742 3599 4797 ab

1935 4835 2065 4905 ipso
2096 4837 2261 4906 patre
2285 4847 2641 4888 concessum
2674 4835 2816 4900 erat,
2848 4832 3248 4903 praesumitur.
3282 4831 3431 4885 Nam
3470 4847 3601 4886 cas-

1934 4926 2090 4978 trum
2111 4923 2310 4978 Sancti
2342 4921 2524 4976 Marci
2563 4924 2619 4976 et
2638 4922 2961 4976 Mistretam
2994 4921 3111 4975 sibi
3139 4935 3461 4991 usurpans,
3493 4920 3599 4976 de-

1934 5016 2086 5069 tecta
2130 5012 2356 5081 fraude,
2418 5009 2649 5081 praedas
2705 5026 2813 5080 per
2866 5012 3045 5064 totam
3097 5009 3466 5080 provinciam
3486 5009 3597 5066 ibi-

1932 5103 2065 5158 dem
2120 5100 2458 5169 introducit,
2492 5099 2610 5152 Sed
2638 5102 2691 5151 et
2720 5114 2937 5152 versus
2996 5098 3273 5153 Trainam
3303 5098 3597 5154 hostiliter

1929 5192 2243 5260 accedens,
2275 5189 2461 5260 patris
2489 5188 2824 5259 thesauros,
2859 5187 2962 5259 qui
3002 5186 3144 5245 illuc
3172 5189 3585 5257 servabantur,

2020 5298 2147 5371 277)
2183 5298 2320 5371 Etc_.

2020 5364 2146 5440 278)
2185 5371 2249 5425 C.
2280 5364 2619 5438 PJprobus.

2022 5442 2149 5511 279)
2186 5440 2537 5511 Ειορςξδέέεά

2000 5507 2148 5585 (280)
2187 5507 2478 5587 Improbe.
