4074 6150
234 253 391 317 4181
1317 250 1702 315 HISTORIA
1746 250 2077 316 SICULA.
2124 285 2203 301 --
2249 252 2402 317 LIB.
2450 255 2561 321 III.
3494 262 3649 329 1182

192 460 593 513 Romanorum
623 456 890 513 fraudem
912 459 1212 515 declinare
1234 460 1403 529 (289),
1430 476 1605 532 quam
1634 460 1714 514 ibi
1737 476 1863 530 per—
1890 438 1952 500 Α
1978 476 2179 532 garos,
2218 462 2321 517 ubi
2350 479 2383 516 a
2422 465 2587 532 patre
2618 462 2866 517 relictus
2923 465 3063 527 erat,
3107 465 3348 520 strenue
3390 480 3633 538 gerens,

190 546 458 601 sistendo
490 549 547 600 et
576 546 765 601 libera
799 548 1070 602 facultate
1103 548 1192 602 eis
1212 564 1502 603 concessa
1532 549 1605 603 de
1637 564 1702 603 se
1733 550 1862 620 ipso
1975 550 2160 618 patris
2200 551 2365 606 vices
2412 551 2566 604 haud
2598 552 2865 622 graviter
2912 553 3364 625 exsequebatur,
3404 556 3643 611 urbem-

191 636 521 707 periculum
543 636 814 690 faciendo
838 640 1029 690 utrum
1045 652 1112 690 ea
1135 653 1266 707 quae
1287 639 1701 706 promittebant
1722 638 1861 692 fide-
1974 654 2107 709 que,
2153 656 2285 710 quae
2319 640 2456 694 Arta
2488 640 2636 711 (299)
2686 640 2917 709 dicitur,
2970 641 3274 711 obsidens,
3327 645 3643 713 plurimum

192 726 329 780 liter
356 740 430 777 an
460 740 576 778 non
608 729 989 779 servarentur
1026 728 1250 780 tentare
1274 767 1288 793 ,
1323 727 1431 780 sed
1463 743 1596 781 cum
1627 728 1775 781 duce
1806 744 1866 781 in
1974 727 2229 782 infestus
2261 729 2658 798 persistendo,
2696 745 2910 799 capere
2933 732 3209 785 omnibus
3233 734 3459 787 artibus
3489 735 3642 788 nite-

190 813 463 882 Apuliam
494 813 786 867 secedens
820 813 971 883 apud
1001 814 1401 869 Beneventum
1434 816 1622 880 venit;
1659 816 1864 887 sicque

190 903 249 955 in
280 900 512 970 Apuliae
534 901 800 971 partibus
835 917 1023 973 usque
1045 903 1119 956 ad
1150 906 1478 958 extremum
1510 905 1647 959 vitm
1682 906 1865 959 Roma

192 990 385 1045 invisa
415 991 757 1059 permansit.

727 1098 978 1152 CAPUT
1023 1100 1324 1155 XXXVII.

620 1186 870 1240 Romani
889 1188 1433 1258 reprehenduntur.

192 1293 378 1346 Roma
412 1291 707 1362 quondam
736 1292 1089 1362 bellipotens
1120 1296 1239 1348 toto
1274 1294 1420 1348 orbe
1454 1294 1682 1361 florida,

190 1380 351 1436 Colla
385 1380 780 1450 superborum
812 1381 1060 1436 domans
1091 1382 1502 1452 perlustrabas
1536 1384 1790 1454 climata,

194 1471 391 1541 Leges
424 1469 630 1537 dabas,
657 1474 712 1523 et
746 1469 994 1524 habenis
1026 1472 1398 1542 temperabas
1428 1472 1643 1526 omnia.

193 1560 338 1612 Ante
369 1561 428 1612 te
460 1557 788 1613 tremebant
825 1558 1030 1628 duces,
1066 1560 1387 1629 principes,
1422 1561 1686 1632 imperia,

190 1646 606 1701 Curvabantur
636 1647 786 1701 colla
816 1662 1027 1719 regum
1059 1649 1205 1703 loris
1234 1648 1354 1704 tuis
1386 1650 1624 1705 domita.

190 1736 282 1788 Nil
315 1735 581 1805 superba
610 1735 989 1803 resistebant,
1023 1752 1167 1791 ense
1197 1741 1297 1792 tuo
1329 1739 1549 1792 territa.

188 1797 523 1877 Ordinabas
554 1824 709 1895 quod
733 1822 884 1894 (290)
905 1797 1148 1879 volebas
1173 1842 1187 1895 ;
1211 1826 1394 1881 duces
1417 1828 1545 1881 sive
1562 1828 1862 1899 principes
1895 1797 1947 1859 Β

189 1912 547 1982 Deponebas
565 1910 712 1982 (291)
730 1929 883 1983 quos
906 1914 1151 1967 volebas
1175 1930 1389 1969 servos
1413 1916 1560 1970 dans
1584 1917 1858 1973 humiles.

192 2000 439 2054 Artibus
466 1999 615 2070 (292)
646 2002 969 2055 exercuisti
994 2002 1197 2072 justos
1229 2003 1456 2059 habens
1476 2004 1735 2075 judices.

193 2090 466 2159 Dumque
491 2088 656 2159 justa
686 2091 1035 2158 sectaberis,
1070 2091 1366 2146 fruebaris
1398 2095 1727 2164 prosperis.

191 2178 392 2249 Leges
424 2194 455 2230 a
486 2180 539 2231 te
574 2178 957 2248 requirebant
987 2195 1195 2234 omnes
1227 2198 1407 2253 reges
1438 2183 1665 2238 saeculi.

190 2266 495 2319 Sententia
523 2282 631 2336 per
662 2269 719 2321 te
751 2267 883 2321 data
915 2269 1169 2322 indivisa
1203 2272 1478 2340 perstitit.

190 2356 483 2426 Tempore
515 2355 671 2409 haud
693 2357 871 2428 longo
896 2358 1111 2413 talibus
1144 2360 1357 2413 studiis
1382 2360 1528 2429 (293)

190 2444 525 2513 Implicaris
559 2444 764 2499 fraude
795 2450 890 2499 tua
922 2448 1198 2517 turpibus
1231 2449 1527 2520 negotiis;

188 2530 424 2587 Fraude
467 2537 565 2587 tua
615 2534 983 2588 clarescente
1014 2552 1234 2591 moeros
1266 2536 1413 2608 (9.94)
1454 2538 1859 2608 deSpicabilis.

188 2622 265 2676 Te
292 2621 425 2692 jam
456 2621 598 2676 nulli
628 2623 1072 2693 pertimescunt,
1106 2628 1273 2697 terga
1303 2626 1541 2696 praebes
1564 2627 1859 2682 omnibus.

194 2711 375 2764 Arma
408 2713 505 2764 tua
536 2711 807 2766 hebetata
838 2715 1039 2768 carent
1060 2715 1450 2770 acuminibus.

189 2799 391 2872 Leges
423 2806 535 2853 ture
567 2800 909 2870 depravatae
942 2802 1136 2872 plenae
1166 2802 1560 2873 falsitatibus,

190 2888 252 2941 In
292 2895 359 2943 te
402 2894 610 2942 cuncta
632 2905 826 2958 prava
866 2897 1086 2961 Vigent,
1113 2891 1306 2963 luxus,
1342 2893 1620 2961 avaritia,

185 2977 386 3033 Fides
426 2977 602 3047 nulla,
642 2977 838 3033 nullus
875 2979 1054 3045 ordo;
1078 2981 1275 3051 pestis
1306 2981 1640 3037 Simoniaca

190 3065 307 3121 Gra
320 3073 426 3121 vat
456 3082 658 3121 omnes
685 3066 838 3122 lines
865 3084 1003 3123 suos
1022 3088 1042 3133 ;
1067 3076 1271 3124 cuncta
1294 3078 1431 3125 sunt
1469 3071 1718 3127 venalia.

184 3157 311 3212 Per
349 3163 411 3211 te
439 3157 563 3210 ruit
592 3172 766 3211 sacer
796 3157 956 3223 ordo,
985 3174 1128 3229 aqua
1152 3159 1408 3229 primum
1434 3162 1683 3232 prodiit.
1708 3160 1853 3233 (9.95)
1884 3170 1933 3231 Ο

186 3245 316 3300 Non
346 3244 573 3299 sufﬁcit
600 3260 748 3315 papa
780 3261 955 3313 unus,
986 3247 1144 3301 binis
1176 3248 1401 3318 gaudes
1434 3250 1658 3305 infulis.

185 3333 374 3389 Fides
403 3336 499 3387 tua
529 3333 816 3387 solidatur
845 3335 1181 3404 sumptibus
1212 3337 1514 3392 exhibitis.

188 3423 340 3477 Dum
377 3421 471 3475 dat
500 3422 633 3490 iste,
669 3422 875 3491 pulsas
899 3422 1081 3491 illum,
1115 3425 1227 3478 hoc
1261 3429 1535 3482 cessante
1582 3445 1850 3485 revocas.

184 3511 289 3566 1110
331 3511 513 3564 istum
543 3510 866 3580 minitaris,
904 3513 992 3566 sic
1020 3512 1231 3584 imples
1255 3517 1604 3587 marsupias,

183 3600 416 3656 Cuncto
441 3600 566 3654 orbi
587 3600 734 3654 dans
755 3617 1019 3655 errorem
1038 3602 1167 3657 haec
1184 3604 1487 3659 miscendo
1508 3606 1850 3663 schismata.

184 3689 253 3742 Ni
298 3690 655 3743 cessassent
682 3688 853 3742 bonae
885 3690 1028 3743 artis
1051 3690 1110 3743 in
1133 3694 1187 3744 te
1210 3691 1393 3760 prima
1426 3694 1640 3765 studia,

184 3779 353 3834 Nulli
387 3777 511 3850 regi
545 3777 616 3832 de
648 3780 702 3832 te
732 3778 1025 3833 cessisset
1055 3777 1181 3849 (296
1213 3779 1478 3836 victoria.

1568 3871 1855 3943 [superat,

182 3957 365 4013 Miles
394 3956 631 4028 quidem
666 3958 775 4011 iste
804 3956 952 4029 (297)
979 3956 1380 4029 Normannus,
1416 3960 1515 4031 qui
1548 3964 1603 4015 te
1647 3962 1860 4017 victam

184 4048 320 4103 Non
358 4050 535 4101 terret
565 4048 619 4100 te
651 4046 1053 4116 apostolorum
1085 4062 1257 4101 sacra
1278 4050 1614 4118 praesentia.

182 4137 311 4192 Nec
330 4138 609 4190 revocant
622 4137 694 4191 ab
708 4135 982 4206 inemptis
998 4140 1051 4192 te
1065 4136 1214 4207 (298)
1235 4141 1572 4194 sanctorum
1589 4140 1856 4213 pignora.

185 4225 354 4281 Fons
366 4225 656 4297 quondam
692 4226 872 4279 totius
893 4225 1104 4296 laudis,
1143 4243 1294 4281 nunc
1316 4244 1381 4282 es
1410 4227 1646 4283 fraudis
1662 4228 1856 4300 fovea,

183 4314 467 4370 Moribus
498 4330 563 4369 es
584 4315 908 4386 depravata
943 4315 1231 4370 exhausta
1263 4316 1583 4387 nobilibus,

185 4403 424 4458 Pravis
454 4403 676 4457 studiis
704 4404 1001 4471 iuservis,
1038 4420 1148 4458 nec
1178 4411 1271 4459 est
1311 4405 1500 4475 pudor
1533 4405 1854 4463 frontibus.

185 4492 573 4563 SurgePetre
606 4506 836 4545 summe
865 4494 1086 4563 pastor,
1121 4493 1295 4547 finem
1328 4509 1478 4564 pone
1512 4496 1748 4551 talibus.

721 4596 971 4651 CAPUT
1013 4597 1332 4653 XXXVIII.

292 4685 677 4743 Boamundus
716 4686 1135 4757 imperatorem
1176 4695 1418 4758 superat
1450 4697 1709 4747 certa/io.

189 4798 358 4851 Duce
396 4795 593 4865 itaque
638 4794 791 4862 apud
844 4794 1089 4848 Romam
1136 4796 1481 4863 apostolicis
1528 4800 1858 4853 necessita-

186 4886 355 4940 tibus
386 4882 771 4951 inserviente,
804 4882 1188 4938 Boamundus
1218 4883 1379 4939 ﬁlius
1410 4884 1544 4955 ejus
1559 4888 1713 4956 apud
1734 4887 1863 4942 Bul-

259 5024 507 5099 (9.8918.
544 5026 607 5099 P.
650 5034 707 5080 et
740 5025 800 5078 in
833 5025 1192 5081 monasterio
1226 5024 1575 5081 Cassinensi
1586 5029 1865 5099 pontifex

188 5095 294 5153 diu
333 5095 650 5151 habitavit.

264 5169 421 5235 (290)
455 5166 627 5232 Quos.

263 5238 418 5309 (291)
450 5236 775 5309 Superbos.

262 5308 415 5379 (999)
445 5307 576 5363 His.

264 5381 418 5454 (293)
445 5379 569 5454 Hoc
597 5382 771 5454 longe
801 5381 1021 5438 talibus
1050 5399 1082 5438 a
1113 5383 1351 5439 studiis.

265 5451 415 5521 (294)
444 5450 581 5506 ΟΡ.
613 5450 865 5509 marces.

266 5522 416 5596 (295)
444 5521 507 5596 C_.
540 5523 612 5596 P.
636 5524 901 5596 parmina
923 5525 1035 5579 ista
1071 5526 1438 5596 supplentur,
1469 5529 1534 5580 ut
1561 5527 1785 5581 monuit
1801 5528 1861 5583 in

193 5593 691 5668 suaAPraefatione
719 5595 1031 5668 Carusius,
1066 5593 1205 5668 pari
1233 5597 1642 5654 characterum
1674 5598 1860 5655 forma

191 5666 596 5739 distinguens.
629 5666 864 5725 Manu.

1971 814 2165 871 batur.
2216 818 2402 872 Porro
2435 818 2751 887 imperator
2799 819 3046 873 audiens
3095 820 3301 874 urbem
3351 822 3442 873 sui
3486 823 3642 892 juris

1970 906 2245 960 hostibus
2309 906 2695 977 praegravari,
2721 907 3070 978 ducemque,
3121 924 3295 979 quem
3321 910 3639 979 plurimum

1973 996 2446 1064 pertimescebat,
2483 997 2839 1063 recessisse,
2859 996 3129 1050 absentia
3148 996 3283 1067 ejus
3304 999 3533 1053 viribus
3550 1014 3643 1054 re-

1972 1085 2520 1153 sumptis,exercitu
2543 1085 2936 1153 admoto,urbi
2957 1087 3426 1140 succurrendum
3442 1088 3643 1142 multis

1972 1173 2159 1242 ecpiis
2203 1178 2389 1242 parat.
2424 1172 2539 1227 Sed
2570 1174 2829 1227 venienti
2861 1174 3240 1227 Boamundus
3274 1189 3602 1229 occurrens
3625 1218 3638 1243 ,

1972 1263 2290 1316 certamine
2340 1263 2500 1331 inito,
2542 1263 2763 1317 bellum
2814 1264 3098 1332 comperit
3127 1263 3293 1332 (300).
3341 1264 3407 1317 In
3448 1266 3637 1332 primo

1974 1366 2327 1422 congressu,
2377 1351 2475 1420 qui
2516 1352 2766 1420 primum
2805 1352 2953 1420 (301)
3001 1356 3400 1421 accesserant,
3449 1352 3640 1407 collisi

1974 1442 2337 1507 sternuntur,
2371 1440 2811 1509 subsequentes
2836 1441 2970 1494 visu
2993 1444 3285 1495 terrentur
3304 1440 3472 1509 (302),
3498 1441 3641 1511 fuga

1973 1528 2172 1581 initur.
2206 1528 2528 1597 Imperator
2549 1545 2680 1582 cum
2711 1530 2920 1598 primis
2942 1529 3310 1600 fugientibus
3344 1545 3482 1583 esse
3498 1529 3640 1583 utile

1975 1617 2153 1670 ducit.
2187 1616 2545 1686 Imperatore
2585 1617 2788 1688 fugato
2836 1611 2990 1686 (303)
3028 1618 3412 1672 Boamundus
3453 1618 3641 1672 victor

1975 1705 2251 1760 efficitur.

2537 1794 2792 1849 CAPUT
2820 1797 3088 1850 XXXIX.

2330 1884 2470 1937 Dux
2487 1884 2664 1938 Roma
2674 1885 2827 1939 niam
2844 1886 3061 1939 iterum
3098 1887 3279 1940 vadit.

2043 1972 2208 2037 Quod
2240 1989 2373 2027 cum
2418 1973 2553 2027 duci
2603 1989 2735 2028 cum
2778 1968 3113 2044 triumphali
3143 1975 3334 2046 gloria
3365 1992 3398 2029 a
3454 1976 3640 2030 Roma

1968 2062 2285 2116 revertenti
2315 2063 2707 2116 renuntiatum
2743 2062 2979 2132 fuisset,
3013 2063 3196 2117 filium
3228 2080 3259 2117 a
3287 2078 3354 2117 se
3384 2080 3502 2117 non
3532 2065 3638 2119 de-

1970 2166 2263 2222 generare
2286 2166 2664 2222 cognoscens
2689 2157 2743 2205 et
2774 2154 2832 2205 in
2858 2153 2968 2205 hoc
2999 2154 3248 2206 maxime
3264 2153 3419 2223 quod
3444 2169 3559 2207 uno
3577 2153 3637 2207 in

1967 2242 2229 2307 tempore
2306 2240 2554 2293 duorum
2604 2240 3024 2308 imperatorum
3090 2240 3233 2310 fuga
3292 2241 3636 2309 triumphali

1966 2326 2156 2397 gloria
2188 2328 2315 2381 laus
2349 2327 2465 2381 sibi
2515 2327 2763 2397 suisque
2799 2343 3089 2382 concessa
3121 2330 3216 2397 sit,
3271 2329 3520 2382 veniens
3574 2328 3633 2381 in

1966 2414 2236 2483 Apuliam
2281 2416 2587 2470 ministros
2621 2432 2766 2471 suos
2810 2418 3200 2488 undecunque
3250 2431 3587 2471 convocans
3615 2458 3629 2485 ,

1967 2504 2242 2558 omnibus
2311 2506 2440 2559 suis
2486 2505 2925 2561 ordinatissime
2965 2506 3274 2576 dispositis
3317 2548 3330 2575 ,
3378 2506 3632 2576 plurimo

1966 2593 2233 2647 exercitu
2250 2609 2468 2648 versus
2488 2595 2799 2665 Graeciam,
2820 2612 2953 2667 quae
2976 2600 3254 2666 coeperat,
3285 2599 3632 2650 exsecutum

1966 2684 2301 2738 accelerare
2316 2684 2593 2754 disponit.
2613 2686 2879 2739 Navibus
2893 2685 3146 2757 denique
3161 2701 3363 2739 mense
3376 2686 3633 2754 Septem-

1968 2771 2055 2825 bri
2091 2789 2123 2826 a
2152 2774 2268 2827 tota
2305 2773 2534 2843 Apulia,
2567 2774 2869 2843 Calabria,
2915 2774 3045 2828 sive
3073 2774 3273 2829 Sicilia
3319 2774 3473 2845 apud
3508 2773 3631 2843 Hy-

1966 2859 2239 2913 druntum
2274 2862 2563 2928 conﬂatis,
2600 2863 2905 2933 copiisque
2952 2862 3315 2917 necessariis
3362 2862 3630 2917 introdu-

1968 2948 2099 3015 ctis,
2133 2964 2417 3017 prospera
2449 2964 2591 3002 aura
2618 2948 3001 3020 suffragante,
3027 2952 3220 3018 optato
3250 2952 3423 3018 portu
3454 2950 3632 3019 appli-

1967 3051 2111 3090 cans
2134 3037 2317 3089 filium
2340 3040 2395 3091 et
2418 3051 2572 3107 quos
2601 3052 2734 3092 cum
2761 3039 2894 3107 ipso
2926 3038 3079 3105 apud
3107 3040 3400 3091 extremas
3427 3040 3628 3106 partes

1963 3125 2267 3182 dimiserat
2306 3128 2378 3181 de
2410 3129 2600 3184 reditu
2646 3144 2755 3182 suo
2788 3127 3160 3182 sollicitando
3192 3126 3460 3193 anhelos,
3495 3127 3629 3195 plu-

1962 3214 2175 3270 rimum
2225 3218 2444 3272 laetitiae
2479 3234 2545 3273 se
2586 3218 2781 3287 ipsum
2811 3214 3295 3286 repraesentando
3355 3214 3626 3269 reddidit.

1956 3302 2172 3375 Sicque
2190 3307 2260 3359 ad
2289 3308 2446 3377 quod
2462 3311 2705 3361 venerat
2728 3321 3090 3375 exsequens,
3126 3319 3357 3359 omnem
3380 3304 3629 3373 patriam

1954 3407 2064 3446 suo
2088 3394 2280 3449 reditu
2295 3395 2848 3461 turbabat,urbibus
2864 3395 3143 3462 infestus,
3165 3392 3629 3446 obsessionibus

1954 3482 2298 3538 indefessus
2330 3483 2498 3552 (304),
2526 3483 2962 3554 congressibus
2992 3482 3175 3551 prior,
3202 3481 3473 3535 excubiis
3490 3496 3632 3534 nus-

1955 3589 2128 3643 quam
2161 3573 2401 3635 absens,
2450 3588 2607 3627 nunc
2639 3572 2816 3626 minis
2852 3571 3151 3640 terrendo,
3183 3586 3340 3624 nunc
3404 3568 3640 3623 blandi-

1957 3662 2170 3715 mentis
2201 3650 2515 3716 mulcendo
2539 3662 2850 3731 imperium
2872 3660 3197 3715 sollicitum
3216 3660 3473 3715 reddens
3499 3661 3633 3713 ante

1958 3766 2024 3803 se
2057 3753 2305 3804 tremere
2336 3749 2609 3805 faciebat.

2580 3838 2834 3891 CAPUT
2858 3839 2984 3892 XL.

1958 3926 2386 3997 Eclipsissolis
2418 3925 2503 3979 Iit.
2536 3925 2696 3997 Papa
2730 3926 3004 3997 moritur,
3042 3933 3100 3982 et
3121 3928 3260 3995 dux,
3297 3932 3355 3981 et
3387 3942 3503 3981 rex
3520 3927 3638 3982 Au-

2671 3996 2922 4067 glorum.

1963 4085 2230 4140 Mirabile
2284 4085 2579 4157 quoddam
2623 4086 3034 4155 praesagium,
3088 4085 3246 4155 quod
3294 4102 3399 4155 per
3455 4088 3636 4140 totam

1962 4175 2252 4245 Apuliam,
2296 4174 2625 4229 Calabriam
2668 4176 2795 4229 sive
2825 4174 3087 4228 Siciliam
3105 4173 3301 4226 visum
3329 4176 3451 4240 est,
3496 4173 3634 4228 huic

1965 4264 2132 4333 operi
2162 4265 2429 4319 inserere
2473 4265 2720 4336 dignum
2765 4264 3064 4333 duximus,
3109 4261 3358 4316 maxime
3390 4262 3545 4332 quod
3565 4277 3637 4317 ea

1967 4368 2101 4423 quae
2137 4353 2249 4407 tale
2296 4354 2534 4425 signum
2582 4352 2991 4424 portendebat,
3034 4367 3145 4408 nos
3194 4367 3269 4405 ex
3311 4354 3636 4420 parte-non

1968 4443 2210 4513 igorarc
2253 4446 2547 4512 putamus.
2591 4443 2761 4496 Anno
2811 4440 3065 4513 denique
3107 4441 3394 4495 incarnati
3441 4438 3640 4494 Salva-

1886 4519 1940 4580 D
1970 4532 2116 4585 toris
2148 4529 2305 4600 1084,
2331 4534 2500 4585 sexto
2536 4531 2628 4585 die
2661 4530 2971 4585 Februarii
3000 4531 3151 4584 inter
3181 4531 3409 4584 sextam
3439 4532 3494 4583 et
3523 4542 3634 4582 no-

1969 4636 2103 4674 nam
2134 4620 2224 4675 sol
2240 4621 2596 4675 obscuratus
2628 4624 2719 4675 est
2737 4635 2842 4690 per
2861 4620 3113 4690 spatium
3136 4619 3311 4673 trium
3333 4619 3629 4683 horarum,

1968 4708 2028 4762 in
2060 4711 2281 4764 tantum
2312 4712 2373 4764 ut
2405 4711 2503 4781 qui
2546 4710 2698 4763 infra
2734 4710 2942 4764 domos
2972 4708 3148 4762 alicui
3177 4706 3340 4777 operi
3395 4705 3634 4759 insuda-

1969 4797 2129 4866 bant,
2162 4815 2278 4855 non
2306 4799 2424 4853 nisi
2446 4800 2767 4854 luminibus
2792 4798 3068 4852 accensis
3090 4796 3323 4850 interim
3361 4810 3494 4865 qum
3513 4809 3635 4848 coe-

1971 4892 2196 4958 perant,
2230 4888 2480 4959 exsequi
2508 4892 2791 4958 possent:
2818 4887 2917 4957 qui
2948 4900 3091 4940 vero
3120 4884 3193 4938 de
3222 4882 3396 4939 domo
3426 4882 3499 4937 ad
3522 4882 3631 4938 do-

2043 5030 2190 5098 (296)
2221 5029 2459 5085 Posset.

2041 5102 2191 5169 (297)
2226 5100 2471 5166 Quidam
2495 5107 2609 5156 est.

2041 5104 2166 5169 (297
2226 5104 2351 5166 Qui:

2041 5104 2191 5243 (298)
2228 5171 2351 5227 Tot.

2040 5243 2187 5314 (299)
2219 5244 2399 5297 Arse.

2041 5313 2190 5385 (300)
2216 5313 2513 5385 Conserit.

2040 5384 2190 5455 (301)
2221 5384 2436 5439 Primi.

2040 5456 2186 5529 (302)
2218 5455 2336 5529 S_ua
2369 5458 2689 5526 sequenter
2739 5472 2861 5529 vis};
2896 5459 3229 5529 tenuatur.

2222 5522 2686 5606 fugam'capere
2717 5525 2902 5605 dicit_;
2927 5522 3292 5606 _quo_fugato.

1964 5632 1969 5639 -
2039 5594 2188 5671 (304)
2216 5597 2280 5653 C.
2311 5594 2378 5650 P.
2413 5594 2691 5651 assiduus
2707 5594 3111 5669 persistenrh.
