4074 6150
502 305 661 374 1188

502 522 661 562 mum
705 506 1130 577 transmigrare
1177 504 1455 561 volebant
1498 504 1784 559 lanternis
1832 508 1888 560 et
1936 504 2171 561 facibus
2198 487 2250 565 Α

503 598 827 652 uterentur.
844 595 959 651 Sed
978 598 1287 665 antequam
1308 610 1498 650 annus
1522 596 1966 665 pertransisset,
1986 595 2173 666 signi-

501 686 694 742 ﬁcatio
724 685 858 739 talis
891 685 1136 753 eclipsis
1169 685 1225 737 in
1258 689 1539 755 quantum
1554 700 1662 737 nos
1694 690 1970 753 putamus
1986 685 2171 753 pluri-

502 776 617 830 bus
652 791 787 829 cum
824 774 1076 827 maxime
1118 774 1329 827 damno
1360 774 1720 843 praeclaruit.
1773 774 1922 827 Nam
1967 775 2174 829 eodem

504 881 656 920 anno
696 863 1060 918 venerabilis
1102 878 1249 932 papa
1289 863 1640 932 Gregorius,
1666 862 1858 932 icujus
1894 864 2173 933 superius

504 954 721 1009 mentio
757 953 905 1008 festa
938 957 1049 1019 est,
1085 952 1439 1006 inﬁrmitatis
1459 968 1585 1005 sum
1609 968 1640 1004 a
1659 952 1905 1007 medicis
1929 953 2177 1007 medica-

505 1047 765 1098 mentum
797 1046 1117 1111 expetens,
1158 1040 1457 1095 frustratis
1489 1041 1976 1095 medicaminibus
2010 1042 2171 1097 obiit.

508 1133 661 1200 Dux,
677 1132 834 1185 Julio
847 1146 1071 1199 mense,
1093 1134 1150 1184 et
1164 1130 1605 1184 famosissimus
1640 1145 1743 1183 rex
1766 1131 2096 1200 Anglorum
2120 1134 2177 1185 et

508 1223 1004 1277 Nortmannorum
1036 1220 1156 1274 dux
1186 1218 1551 1287 Guilielmus,
1588 1234 1741 1273 nono
1770 1219 1862 1273 die
1903 1219 2172 1289 Septem-

506 1310 656 1379 bris,
685 1310 1035 1365 moriuntur.
1075 1308 1256 1362 Ducis
1286 1323 1428 1363 vero
1461 1308 1782 1379 exsequias
1813 1324 1963 1363 uxor
1993 1309 2176 1379 Gayta

508 1400 656 1471 (305)
689 1415 822 1454 cum
851 1399 972 1453 tilio
1025 1398 1304 1469 Rogerio,
1336 1398 1435 1468 qui
1485 1400 1621 1450 tunc
1654 1413 1785 1451 cum
1834 1398 1965 1467 ipso
2022 1397 2173 1467 apud

505 1489 801 1560 Bulgaros
834 1489 1189 1556 morabatur,
1224 1489 1282 1541 et
1313 1486 1512 1540 caeteri
1543 1487 1799 1541 barones
1814 1486 1946 1556 ejus
1979 1486 2175 1540 debito

506 1578 750 1646 honore,
785 1593 903 1633 non
936 1582 1128 1632 tamen
1160 1576 1289 1630 sine
1315 1575 1543 1646 justitia
1568 1574 1716 1645 (306)
1749 1578 2174 1646 exsequentes,

506 1667 685 1723 funus
714 1670 1137 1722 transmeatum
1167 1665 1495 1720 Venusium
1528 1664 1829 1719 humatum
1848 1665 2173 1734 perferunt.

1242 302 1676 367 GAUFREDI
1722 304 2283 377 MALATERRIE
2325 305 2712 371 MONACHI
2756 306 3201 373 BENEDICT.

3736 316 3859 385 1184

2876 506 3129 563 CAPUT
3167 508 3344 564 XLII.

2731 596 3030 668 Rogerius
3059 598 3182 653 dux
3210 597 3488 653 efﬁcitur.

2350 686 2480 740 Jam
2521 684 2670 755 (307)
2698 686 2983 741 fratribus
3019 687 3278 758 Rogerio
3310 691 3365 741 et
3392 688 3735 759 Boamundo,
3764 698 3879 750 utro-

2282 792 2394 848 que
2410 777 2684 830 ducatum
2708 777 3200 846 appetente,inter
3217 793 3284 831 se
3313 777 3721 835 dissidentibus
3740 784 3883 853 etpla-

2279 865 2448 919 ribus
2478 880 2633 918 nunc
2666 864 2737 918 ab
2769 863 2907 932 isto,
2939 881 3094 918 nunc
3131 865 3204 919 ab
3238 865 3336 919 illo
3366 866 3711 921 incrementa
3745 885 3881 941 expc-

2280 953 2478 1022 tendo,
2512 954 2742 1008 lucrum
2772 968 2948 1007 suum
2965 955 3883 1028 quaerentibus,multorumApulo-

2281 1058 2409 1096 rum
2427 1042 2575 1095 ﬁdes
2593 1042 2793 1112 quanti
2808 1041 2985 1095 fuerit
2995 1043 3400 1111 experimento
3414 1043 3881 1115 claruit.Rogerius

2281 1131 2513 1185 tandem
2559 1130 2853 1201 adjutorio
2891 1132 3168 1184 avunculi
3212 1132 3307 1185 sui
3335 1131 3657 1186 Siculorum
3697 1136 3879 1189 comitis

2284 1220 2551 1291 Rogerii,
2596 1220 2695 1289 qui
2724 1218 2958 1272 vivente
3004 1218 3208 1289 fratre,
3241 1219 3397 1273 idem
3429 1220 3544 1274 sibi
3572 1224 3877 1291 promiserat,

2281 1309 2401 1361 dux
2431 1307 2705 1362 efﬁcitur.
2738 1306 2945 1360 Omnia
2975 1306 3219 1361 castella
3239 1306 3525 1362 Calabriae
3542 1324 3765 1379 quorum
3780 1326 3883 1366 nec-

2282 1397 2418 1451 dum
2460 1396 2578 1449 nisi
2624 1394 2955 1449 medietatis
3004 1395 3360 1466 cujusquam
3390 1411 3591 1451 comes
3646 1398 3880 1469 Roget-ius

2283 1485 2553 1553 habebat,
2588 1501 2619 1538 a
2650 1487 2860 1553 nepote
2891 1484 2963 1538 ad
3011 1484 3248 1553 plenum
3278 1485 3397 1538 sibi
3429 1501 3704 1541 concessa
3732 1489 3882 1543 consi-

2284 1577 2559 1647 gnantur.
2596 1573 2982 1644 Nuncitaque
3003 1575 3141 1643 quia
3172 1589 3452 1643 suprema
3477 1574 3603 1629 dies
3632 1576 3883 1645 tantiprin-

2284 1664 2434 1733 cipis
2465 1662 2749 1733 loquendi
2792 1663 2863 1716 de
2889 1662 3041 1731 ipso,
3076 1664 3358 1732 quantum
3403 1662 3477 1716 ad
3507 1662 3711 1717 librum
3756 1663 3881 1718 tinem

507 1757 737 1845 Graecia
768 1755 1499 1845 hostibusrecedentibus
1528 1844 1531 1845 ν
1559 1753 1741 1808 libera
1776 1754 1906 1808 laeta
1935 1754 2177 1825 quievit,
2207 1792 2253 1845 Β
2284 1753 2443 1822 facit,
2475 1751 2612 1806 ﬁnis
2643 1767 2902 1845 quoque,
2948 1752 3012 1805 ut
3040 1749 3190 1804 mihi
3218 1751 3474 1820 videtur,
3508 1751 3682 1822 hujus
3706 1752 3785 1805 hic
3806 1768 3881 1821 po-

507 1844 718 1916 Apulia
747 1848 864 1899 tota
885 1844 1012 1898 sive
1041 1842 1311 1898 Calabria
1342 1844 1634 1898 turbatur.

2284 1842 2517 1897 nendus
2549 1842 2641 1895 est
2668 1839 2823 1909 libri,
2855 1843 2921 1894 ut
2949 1840 3022 1894 de
3069 1854 3224 1894 novo
3254 1840 3408 1894 duce
3431 1840 3650 1894 mixtim
3677 1855 3787 1895 cum
3810 1855 3880 1894 co-

2279 1933 2417 1986 mite
2440 1932 2775 2002 loquentes,
2818 1944 3036 1985 novum
3066 1928 3286 1983 librum
3317 1930 3725 2001 obsequemur.

1845 2056 2112 2129 Explicit
2152 2058 2313 2114 liber
2354 2057 2592 2113 tertius.

1344 2190 1866 2304 INCIPIT
1932 2195 2343 2306 LIBER
2423 2187 3085 2333 QUARTUS

464 2434 467 2441 λ
576 2391 636 2445 Si
666 2388 849 2460 :esset
900 2388 1054 2443 unde
1089 2404 1241 2443 nova
1283 2394 1338 2441 et
1380 2388 1708 2459 elegantior
1763 2387 1993 2457 poetria
2023 2385 2172 2456 (308)

506 2494 661 2535 novo
693 2478 828 2532 duci
860 2477 1193 2531 adhibenda
1251 2480 1445 2544 esset,
1479 2479 1543 2530 ut
1579 2475 1890 2530 facundior
1921 2490 2118 2530 sermo
2141 2490 2175 2527 a

501 2568 724 2639 juvene
751 2582 1057 2632 novorum,
1084 2569 1147 2620 ut
1168 2566 1225 2619 in
1247 2566 1346 2620 tali
1379 2569 1549 2619 aetate
1572 2566 1815 2633 assolet,
1849 2564 2174 2634 appetitore

508 2656 677 2725 (309),
712 2671 865 2709 novo
897 2655 1049 2725 style
1090 2670 1279 2709 novos
1312 2653 1550 2708 favores
1586 2669 1695 2707 suo
1735 2654 1942 2708 merito
1974 2655 2173 2708 extor-

507 2747 737 2816 queret.
766 2744 882 2797 Sed
912 2760 986 2797 ne
1032 2744 1247 2813 stylum
1286 2743 1562 2797 mutando
1602 2742 1714 2796 hoc
1747 2742 1917 2813 quasi
1968 2742 2173 2795 adula-

509 2834 665 2889 tione
695 2833 890 2888 faecre
928 2833 1212 2902 dicamur,
1251 2833 1467 2901 prioris
1500 2832 1743 2901 poctriaa
1787 2828 1937 2901 (310)
1969 2830 2172 2885 ordine

509 2926 765 2994 servato,
792 2922 1077 2979 orationis
1106 2921 1326 2976 seriem
1358 2936 1774 2991 exsequamur.

1031 3028 1283 3083 CAPUT
1321 3027 1648 3083 PRIMUM.

860 3120 1168 3174 Benarvet
1226 3118 1537 3173 Nicotrum
1601 3122 1810 3171 vastat.

578 3226 765 3301 Igitur
788 3226 1049 3298 Rogerio
1069 3223 1279 3278 comite
1298 3222 1530 3292 nepotis
1552 3221 1924 3291 utilitatibus,
1958 3223 2021 3274 ut
2041 3235 2173 3274 eum

503 3316 737 3389 plenius
769 3316 828 3370 in
865 3314 1080 3369 ducatu
1100 3312 1463 3375 Calabrensi,
1498 3311 1592 3365 vel
1645 3313 1802 3365 certe
1850 3311 1909 3363 in
1950 3308 2172 3379 princi—

504 3411 643 3477 patu
704 3408 759 3459 et
818 3403 1213 3458 dominatione
1264 3400 1493 3495 Apuliae
1550 3401 1756 3453 contra
1815 3398 2173 3495 voluntatem
2209 3440 2254 3495 Ο

505 3495 855 3550 aemulorum
906 3507 1152 3545 suorum
1207 3487 1489 3543 solidaret
1536 3485 1892 3542 intendendo
1940 3500 2173 3555 praeoc-

507 3587 738 3653 cupato,
772 3582 1063 3635 Benarvet
1092 3576 1373 3647 Syracusi
1396 3577 1634 3647 navigio
1656 3578 1954 3644 apparate,
1981 3573 2174 3627 navali

507 3670 771 3727 exercitu
789 3668 941 3739 apud
956 3668 1261 3721 Nicotrum
1282 3666 1589 3733 veniens,a
1602 3664 1800 3718 radice
1816 3662 2174 3717 destruendo

508 3760 793 3813 devastat.
848 3756 1108 3826 Direptis
1153 3753 1428 3808 omnibus
1473 3769 1605 3824 quae
1643 3752 1848 3823 potuit,
1910 3751 2072 3805 viros
2120 3753 2178 3806 et

507 3848 788 3904 mulieres
822 3846 1087 3917 captivos
1125 3845 1409 3914 asportet.
1452 3842 1668 3913 Sicque
1712 3844 1845 3897 ante
1879 3841 2176 3912 Rhegium

505 3938 776 4008 veniens,
836 3935 1154 3991 ecclesiam
1210 3932 1366 3986 haud
1416 3933 1593 4003 longe
1653 3932 1712 3984 in
1748 3931 1972 3985 honore
2019 3929 2177 3983 beati

506 4027 759 4095 Nicolai,
792 4029 849 4080 et
879 4024 1049 4078 aliam
1078 4025 1139 4077 in
1168 4022 1323 4078 beati
1359 4021 1599 4092 Georgii
1631 4021 1804 4075 sitam
1837 4020 2173 4089 depopulat,

509 4132 715 4173 sacras
746 4113 1035 4187 imagines
1067 4112 1429 4182 deturpando
1459 4109 1783 4178 conculcet,
1812 4123 2018 4162 sacras
2066 4123 2173 4163 ve-

509 4209 655 4275 stes,
678 4204 772 4260 vel
794 4219 955 4271 vasa,
984 4217 1230 4257 suorum
1250 4200 1463 4255 usibus
1477 4197 1726 4270 aptando
1744 4196 2174 4267 aSportatJnde

506 4309 872 4368 progressus
904 4292 1215 4363 quamdam
1249 4287 1781 4344 sanctimonialium
1810 4285 2175 4341 abbatiamin

508 4386 733 4440 honore
764 4385 985 4436 sanctae
1014 4381 1119 4435 Dei
1148 4378 1468 4434 Genitricis
1492 4380 1548 4432 et
1579 4376 1847 4447 Virginis
1879 4375 2084 4430 Mariae
2116 4374 2175 4428 in

510 4472 763 4530 conﬁnio
795 4470 1203 4541 Scyllaciensi,
1240 4467 1370 4522 loco
1408 4467 1509 4538 qui
1541 4467 1705 4520 Roca
1742 4465 1913 4519 Asini
1964 4465 2179 4519 dicitur

509 4562 678 4635 (311),
703 4560 1109 4615 consecratam
1140 4555 1503 4628 aggrediens
1531 4554 1814 4619 devastat,
1855 4553 2176 4608 sanctimo-

509 4652 699 4709 niales
731 4648 1017 4705 abductas
1049 4646 1203 4716 turpi
1233 4646 1440 4715 stupro
1471 4643 1887 4698 debonestatas
1918 4642 2173 4697 abducit.

1166 4750 1417 4806 CAPUT
1449 4750 1519 4804 ll.

772 4845 981 4901 Comes
1002 4859 1128 4899 cum
1157 4842 1465 4897 Benarvet
1495 4839 1902 4912 congreditur.

581 4974 708 5041 Qua
738 4973 811 5027 de
840 4987 905 5025 re
928 4971 1143 5024 comes
1173 4966 1454 5021 divinitus
1494 4966 1581 5019 ira
1619 4964 1753 5035 plus
1785 4963 1958 5019 solito
1994 4963 2177 5033 inspi-

510 5068 696 5133 ratus,
730 5063 792 5118 in
818 5061 1101 5116 ultionem
1122 5060 1298 5111 tantae
1330 5056 1451 5110 Deo
1484 5054 1659 5109 illata
1690 5053 1928 5125 injuriae
1960 5054 2175 5108 arden-

511 5153 743 5208 tissime
801 5148 1079 5219 insurgit,
1115 5147 1510 5217 classemque,
1563 5154 1679 5216 qu'a
1736 5142 1896 5199 illum
1944 5142 2176 5198 facilius

609 5293 735 5361 305)
764 5293 828 5349 C.
852 5293 920 5346 P.
952 5289 1357 5361 Sichelgayta.

612 5364 736 5418 306)
769 5364 1030 5418 Justitio.

589 5368 715 5431 (306
769 5368 939 5418 Jusm

589 5368 736 5504 («307;
767 5433 939 5504 Nam-

590 5501 737 5572 (308)
768 5502 1004 5572 Pioema.

590 5507 716 5572 (308
768 5507 1004 5558 Poema.
2118 5516 2127 5522 -

554 5651 576 5703 ι
579 5507 738 5703 ((1339)
770 5571 1069 5631 Novarum
1090 5587 1293 5630 rerum
1323 5577 1383 5629 ιιι
1419 5572 1650 5633 vilitate
1698 5569 1939 5641 assolet,
1985 5576 2045 5628 et
2067 5586 2177 5645 pe-

517 5662 703 5705 οιονθ.

584 5718 733 5796 (310)
755 5714 996 5776 Ροθωα.

2204 4743 2251 4795 D

2282 2386 2799 2441 circumveniendo
2869 2386 3160 2457 opprimat
3195 2424 3211 2451 ,
3269 2385 3469 2457 primo
3544 2387 3634 2440 die
3705 2384 3883 2439 Octobri

2280 2478 2478 2545 aptare
2499 2476 2813 2546 incipiens,
2839 2475 3125 2529 vicesimo
3149 2475 3244 2530 die
3269 2475 3453 2529 Medii
3470 2475 3707 2546 perﬁcit;
3735 2475 3887 2545 sicque

2281 2579 2419 2619 sese
2450 2564 2791 2635 afﬂigendo,
2817 2579 3048 2617 summa
3078 2563 3397 2618 devotione
3439 2564 3501 2617 in
3527 2562 3888 2633 litaniis,nudis

2279 2653 2551 2723 pedibus,
2578 2668 2688 2723 per
2718 2652 2991 2707 diversas
3024 2652 3314 2707 ecclesias
3332 2653 3741 2723 processiones
3757 2666 3886 2707 exse-
3990 2692 3991 2723 ξ

2279 2756 2490 2811 quens,
2526 2740 2707 2794 multa
2736 2739 3027 2794 beneﬁcia
3062 2740 3284 2811 indigis
3314 2739 3595 2811 largitus,
3627 2739 3792 2794 navali
3812 2753 3885 2807 pe-

2279 2829 2467 2883 riculo
2494 2844 2634 2883 sese
2665 2828 3059 2894 committens,
3096 2843 3312 2883 versus
3339 2828 3691 2899 Syracusam
3709 2827 3815 2881 vela
3835 2825 3889 2880 di-
3990 2825 3991 2897 l

2278 2918 2437 2989 rigit.
2485 2917 2811 2971 Jordanum
2849 2932 2995 2972 vero
3055 2916 3241 2971 lilium
3272 2933 3457 2971 suum
3512 2934 3639 2973 cum
3686 2915 3885 2987 equestri

2279 3006 2543 3062 exercitu
2601 3005 2739 3060 illuc
2788 3006 2907 3060 sibi
2939 3006 3180 3060 obvium
3239 3005 3371 3059 ﬁeri
3406 3007 3688 3077 pracipit,
3732 3004 3886 3057 videns

2278 3111 2464 3150 naves
2496 3096 2639 3150 nutu
2674 3094 2779 3148 Dei
2831 3096 2947 3168 agi,
2983 3097 3040 3149 et
3078 3094 3239 3149 nulla
3270 3110 3420 3149 aura
3450 3096 3546 3150 vel
3577 3096 3775 3165 remige
3808 3093 3885 3145 im-

2278 3186 2580 3258 pingente,
2625 3184 2864 3254 rapidas
2926 3198 3233 3255 aequorum
3261 3184 3461 3239 undas
3517 3200 3549 3239 e
3593 3187 3738 3238 recte
3782 3179 3885 3247 (812)

2282 3274 2539 3343 sulcare,
2572 3276 2634 3327 ut
2666 3272 2839 3327 facile
2890 3272 3279 3343 perpenderet
3318 3272 3480 3327 hanc
3528 3272 3887 3342 expeditionem

2281 3362 2387 3418 Dei
2417 3363 2682 3417 favorem
2712 3361 2859 3431 (313)
2905 3361 3193 3431 comitari,
3228 3364 3285 3414 et
3316 3361 3595 3417 hostibus
3631 3359 3886 3431 praevalere

2281 3452 2520 3506 debere.
2552 3452 2768 3504 Comes
2794 3450 2998 3522 igitur,
3031 3449 3325 3505 honsione
3355 3450 3510 3520 (31-1)
3539 3451 3608 3505 de
3636 3446 3885 3505 obtinenda

2279 3540 2527 3594 victoria
2549 3540 2766 3594 certior
2795 3538 3010 3605 factus,
3038 3538 3230 3608 prima
3260 3541 3440 3594 nocte
3460 3533 3886 3603 Turoneum(315)

2281 3629 2567 3699 applicat;
2628 3628 2893 3682 secunda
2943 3643 3084 3683 vero
3129 3627 3284 3698 apud
3343 3627 3717 3701 Longmvam,
3767 3623 3888 3680 tertia

2284 3716 2599 3772 Resesalix
2656 3714 2823 3787 (316).
2895 3716 3005 3769 Hic
3050 3716 3350 3771 Jordanus
3402 3716 3561 3772 illius
3605 3731 3753 3783 suus,
3793 3726 3887 3766 cum

2281 3806 2544 3861 exercitu
2584 3805 2851 3877 equestri
2897 3805 3018 3860 sibi
3065 3806 3279 3859 obvius
3317 3805 3537 3875 factus,
3570 3806 3734 3861 multa
3777 3803 3885 3856 inter

2282 3909 2350 3948 se
2385 3894 2456 3948 de
2482 3894 2559 3948 iis
2582 3910 2715 3965 qua:
2746 3893 3014 3947 facienda
3048 3895 3211 3947 erant
3235 3894 3492 3949 concilio
3534 3893 3716 3948 habito
3735 3888 3887 3945 conie-

2283 3985 2504 4051 rentes,
2538 3982 2875 4052 Philippum
2915 3981 3100 4037 filium
3121 3983 3363 4054 Georgii
3396 3982 3589 4053 patrui
3618 3979 3766 4051 (317),
3791 3991 3888 4032 cum

2281 4071 2661 4126 velocissima
2684 4071 2934 4142 sagetia,
2957 4086 3176 4125 versus
3198 4070 3561 4142 Syracusam
3579 4084 3784 4124 omnem
3798 4080 3888 4120 rem
3988 4080 3989 4093 ι

2283 4160 2649 4230 exploratum
2681 4159 2977 4213 mandant.
3009 4159 3337 4229 Qui,jussa
3366 4160 3619 4216 ﬁdeliter
3646 4155 3887 4227 complens
3988 4155 3989 4230 ς

2284 4249 2355 4302 de
2386 4251 2557 4302 nocte
2580 4248 2732 4302 inter
2758 4248 3018 4303 classem
3035 4247 3520 4318 Sarracenorum,
3554 4263 3619 4301 ac
3641 4247 3690 4301 si
3704 4256 3887 4299 unusex

2284 4338 2436 4407 ipsis
2467 4338 3131 4408 essetcircumnavigat;
3151 4352 3285 4391 nam
3309 4342 3365 4391 et
3384 4338 3585 4409 lingua
3600 4331 3887 4403 eorumipse

2284 4428 2341 4480 et
2373 4429 2565 4480 nautae
2589 4440 2797 4481 omnes
2828 4425 2930 4496 qui
2949 4441 3083 4479 eum
3111 4425 3242 4494 ipso
3272 4426 3685 4495 processerant
3707 4419 3885 4494 peritis-

2286 4515 2421 4569 simi
2455 4517 2621 4569 erant
2680 4514 3073 4583 omnibusque
3120 4513 3451 4584 prudenter
3480 4506 3883 4581 circumspectis,

2286 4604 2523 4659 rediens
2573 4607 2871 4658 certamen
2909 4604 3176 4672 paratum
3204 4603 3501 4657 renuntiat
3545 4602 3659 4655 Deo
3691 4593 3885 4669 propitio

2286 4692 2429 4747 nihil
2459 4692 2707 4763 periculi
2743 4691 3070 4746 imminere.
3106 4690 3397 4746 Hostibus
3427 4691 3696 4746 audacter
3719 4698 3884 4741 occur-

2285 4783 2534 4838 rendum
2578 4782 2884 4851 hortatur;
2927 4783 3051 4835 erat
3097 4783 3294 4836 autem
3347 4780 3678 4835 Sabbatum.
3718 4774 3883 4829 Comes

2284 4874 2479 4926 autem
2516 4887 2663 4927 suos
2694 4885 3077 4926 commoneas
3107 4871 3296 4939 prima
3344 4870 3477 4924 luce
3532 4863 3883 4923 illuseeseenle

2285 4962 2539 5032 hymnos
2556 4960 2875 5015 matutinos
2894 4975 3028 5013 eum
3047 4959 3370 5013 missarum
3380 4973 3555 5013 sacra
3566 4949 3882 5012 exsecutione

2285 5052 2527 5107 audivit.
2568 5050 2947 5122 Presbyteris
2991 5048 3363 5115 conﬁtentur,
3399 5045 3591 5101 sacris
3641 5035 3880 5112 mysteriis

2286 5141 2609 5211 initiantur,
2655 5155 2764 5210 per
2809 5140 2988 5193 totam
3018 5138 3173 5193 diem
3221 5135 3441 5191 ibidem
3486 5134 3775 5189 morantur.
3799 5123 3880 5180 Se-

2357 5284 2506 5355 (311)
2535 5282 2697 5355 CnP.
2732 5281 2922 5355 Rocca
2954 5280 3191 5355 dicitur.

2359 5349 2507 5425 (812)
2539 5353 2835 5426 quuoris
2867 5352 3054 5407 undas
3080 5349 3314 5406 directo
3344 5363 3537 5404 cursu.

2358 5427 2508 5497 (313)
2538 5425 2791 5481 Furore.

2360 5494 2507 5567 (314)
2539 5498 2603 5552 Ο.
2635 5497 2701 5551 Ρ.
2727 5494 3085 5551 ostensione.

2359 5568 2507 5639 (315)
2548 5567 3016 5624 Tauromentnm.

2359 5631 2510 5710 (316)
2541 5638 2886 5710 Longinam,
2922 5635 3101 5710 tertia
3120 5631 3391 5710 Beselap.

2362 5705 2510 5784 (311)
2538 5710 2604 5769 Ο.
2634 5705 2702 5767 P'.
2726 5705 3011 5783 Gregorii
3032 5705 3299 5782 patricii.
