  <div class='ocr_page' id='page_1' title='image "/cluster/home/n/w/nwhite01/storage/ocr_20150623/149/hvd.32044054760079/598.png"; bbox 0 0 3982 6164; ppageno 0'>
   <div class='ocr_carea' id='block_1_1' title="bbox 154 329 314 396">
    <p class='ocr_par' dir='ltr' id='par_1_1' title="bbox 154 329 314 396">
     <span class='ocr_line' id='line_1_1' title="bbox 154 329 314 396; baseline -0.006 -1"><span class='ocrx_word' id='word_1_1' title='bbox 154 329 314 396; x_wconf 82' lang='grc'><strong>1185</strong></span> 
     </span>
    </p>
   </div>
   <div class='ocr_carea' id='block_1_2' title="bbox 1246 315 2510 386">
    <p class='ocr_par' dir='ltr' id='par_1_2' title="bbox 1246 315 2510 386">
     <span class='ocr_line' id='line_1_2' title="bbox 1246 315 2510 386; baseline -0.006 0"><span class='ocrx_word' id='word_1_2' title='bbox 1246 321 1662 386; x_wconf 80' lang='lat' dir='ltr'><strong>HISTORIA</strong></span> <span class='ocrx_word' id='word_1_3' title='bbox 1705 315 2042 384; x_wconf 45' lang='lat' dir='ltr'><strong>SICULA&#39;.‘</strong></span> <span class='ocrx_word' id='word_1_4' title='bbox 2091 351 2162 363; x_wconf 83' lang='lat'><strong>--</strong></span> <span class='ocrx_word' id='word_1_5' title='bbox 2204 315 2359 378; x_wconf 87' lang='lat' dir='ltr'><strong>LIB.</strong></span> <span class='ocrx_word' id='word_1_6' title='bbox 2399 315 2510 378; x_wconf 80' lang='lat' dir='ltr'><strong>IV.</strong></span> 
     </span>
    </p>
   </div>
   <div class='ocr_carea' id='block_1_3' title="bbox 3440 315 3599 380">
    <p class='ocr_par' dir='ltr' id='par_1_3' title="bbox 3440 315 3599 380">
     <span class='ocr_line' id='line_1_3' title="bbox 3440 315 3599 380; baseline 0.013 -2"><span class='ocrx_word' id='word_1_7' title='bbox 3440 315 3599 380; x_wconf 83' lang='lat'><strong>1186</strong></span> 
     </span>
    </p>
   </div>
   <div class='ocr_carea' id='block_1_4' title="bbox 137 510 3603 604">
    <p class='ocr_par' dir='ltr' id='par_1_4' title="bbox 137 510 3603 604">
     <span class='ocr_line' id='line_1_4' title="bbox 137 510 3603 604; baseline -0.004 -18"><span class='ocrx_word' id='word_1_8' title='bbox 137 532 338 604; x_wconf 89' lang='lat' dir='ltr'><strong>quenti</strong></span> <span class='ocrx_word' id='word_1_9' title='bbox 371 531 542 584; x_wconf 89' lang='lat' dir='ltr'><strong>nocte</strong></span> <span class='ocrx_word' id='word_1_10' title='bbox 573 526 886 593; x_wconf 82' lang='lat' dir='ltr'><strong>mediante,</strong></span> <span class='ocrx_word' id='word_1_11' title='bbox 922 538 1162 595; x_wconf 85' lang='lat' dir='ltr'><strong>aequore</strong></span> <span class='ocrx_word' id='word_1_12' title='bbox 1195 522 1474 577; x_wconf 82' lang='lat' dir='ltr'><strong>anchoris</strong></span> <span class='ocrx_word' id='word_1_13' title='bbox 1499 520 1804 590; x_wconf 80' lang='lat' dir='ltr'><strong>extractis,</strong></span> <span class='ocrx_word' id='word_1_14' title='bbox 1835 510 1894 574; x_wconf 66' lang='grc' dir='ltr'>Α</span> <span class='ocrx_word' id='word_1_15' title='bbox 1936 519 2068 572; x_wconf 85' lang='lat' dir='ltr'><strong>vide</strong></span> <span class='ocrx_word' id='word_1_16' title='bbox 2117 517 2330 589; x_wconf 79' lang='lat' dir='ltr'><strong>agebat</strong></span> <span class='ocrx_word' id='word_1_17' title='bbox 2352 516 3161 589; x_wconf 83' lang='lat' dir='ltr'><strong>:etquamvisjuveniliaetate</strong></span> <span class='ocrx_word' id='word_1_18' title='bbox 3185 519 3364 586; x_wconf 90' lang='lat' dir='ltr'><strong>esset,</strong></span> <span class='ocrx_word' id='word_1_19' title='bbox 3387 533 3603 572; x_wconf 79' lang='lat' dir='ltr'><strong>secun-</strong></span> 
     </span>
    </p>
   </div>
   <div class='ocr_carea' id='block_1_5' title="bbox 140 611 1810 687">
    <p class='ocr_par' dir='ltr' id='par_1_5' title="bbox 140 611 1810 687">
     <span class='ocr_line' id='line_1_5' title="bbox 140 611 1810 687; baseline -0.007 -11"><span class='ocrx_word' id='word_1_20' title='bbox 140 637 275 676; x_wconf 90' lang='lat' dir='ltr'><strong>cum</strong></span> <span class='ocrx_word' id='word_1_21' title='bbox 298 618 532 674; x_wconf 88' lang='lat' dir='ltr'><strong>silentio</strong></span> <span class='ocrx_word' id='word_1_22' title='bbox 552 616 964 687; x_wconf 82' lang='lat' dir='ltr'><strong>procedentes,</strong></span> <span class='ocrx_word' id='word_1_23' title='bbox 985 614 1122 668; x_wconf 88' lang='lat' dir='ltr'><strong>luna</strong></span> <span class='ocrx_word' id='word_1_24' title='bbox 1142 613 1544 667; x_wconf 86' lang='lat' dir='ltr'><strong>illucescente.</strong></span> <span class='ocrx_word' id='word_1_25' title='bbox 1560 611 1810 680; x_wconf 69' lang='lat' dir='ltr'><strong>Syracu-</strong></span> 
     </span>
    </p>
   </div>
   <div class='ocr_carea' id='block_1_6' title="bbox 144 702 1808 777">
    <p class='ocr_par' dir='ltr' id='par_1_6' title="bbox 144 702 1808 777">
     <span class='ocr_line' id='line_1_6' title="bbox 144 702 1808 777; baseline -0.007 -14"><span class='ocrx_word' id='word_1_26' title='bbox 144 726 293 777; x_wconf 87' lang='lat' dir='ltr'><strong>sam,</strong></span> <span class='ocrx_word' id='word_1_27' title='bbox 321 708 420 762; x_wconf 90' lang='lat' dir='ltr'><strong>ubi</strong></span> <span class='ocrx_word' id='word_1_28' title='bbox 436 707 723 761; x_wconf 89' lang='lat' dir='ltr'><strong>Benarvet</strong></span> <span class='ocrx_word' id='word_1_29' title='bbox 746 703 1037 758; x_wconf 78' lang='lat' dir='ltr'><strong>acerrime</strong></span> <span class='ocrx_word' id='word_1_30' title='bbox 1060 719 1193 756; x_wconf 92' lang='lat' dir='ltr'><strong>cum</strong></span> <span class='ocrx_word' id='word_1_31' title='bbox 1217 703 1411 756; x_wconf 92' lang='lat' dir='ltr'><strong>classe</strong></span> <span class='ocrx_word' id='word_1_32' title='bbox 1434 717 1541 756; x_wconf 87' lang='lat' dir='ltr'><strong>sua</strong></span> <span class='ocrx_word' id='word_1_33' title='bbox 1562 702 1808 770; x_wconf 76' lang='lat' dir='ltr'><strong>praesto-</strong></span> 
     </span>
    </p>
   </div>
   <div class='ocr_carea' id='block_1_7' title="bbox 142 788 1810 863">
    <p class='ocr_par' dir='ltr' id='par_1_7' title="bbox 142 788 1810 863">
     <span class='ocr_line' id='line_1_7' title="bbox 142 788 1810 863; baseline -0.007 -14"><span class='ocrx_word' id='word_1_34' title='bbox 142 795 408 863; x_wconf 89' lang='lat' dir='ltr'><strong>labatur,</strong></span> <span class='ocrx_word' id='word_1_35' title='bbox 490 795 815 859; x_wconf 89' lang='lat' dir='ltr'><strong>venerunt,</strong></span> <span class='ocrx_word' id='word_1_36' title='bbox 883 794 1179 844; x_wconf 87' lang='lat' dir='ltr'><strong>certamen</strong></span> <span class='ocrx_word' id='word_1_37' title='bbox 1235 790 1469 856; x_wconf 81' lang='lat' dir='ltr'><strong>ineunt;</strong></span> <span class='ocrx_word' id='word_1_38' title='bbox 1538 788 1810 856; x_wconf 88' lang='lat' dir='ltr'><strong>utrinque</strong></span> 
     </span>
    </p>
   </div>
   <div class='ocr_carea' id='block_1_8' title="bbox 145 877 1812 956">
    <p class='ocr_par' dir='ltr' id='par_1_8' title="bbox 145 877 1812 956">
     <span class='ocr_line' id='line_1_8' title="bbox 145 877 1812 956; baseline -0.007 -18"><span class='ocrx_word' id='word_1_39' title='bbox 145 883 551 956; x_wconf 82' lang='lat' dir='ltr'><strong>congreditur.</strong></span> <span class='ocrx_word' id='word_1_40' title='bbox 586 882 878 935; x_wconf 88' lang='lat' dir='ltr'><strong>Benarvet</strong></span> <span class='ocrx_word' id='word_1_41' title='bbox 905 879 1186 933; x_wconf 91' lang='lat' dir='ltr'><strong>instinctu</strong></span> <span class='ocrx_word' id='word_1_42' title='bbox 1219 878 1471 946; x_wconf 90' lang='lat' dir='ltr'><strong>diaboli,</strong></span> <span class='ocrx_word' id='word_1_43' title='bbox 1504 877 1602 946; x_wconf 91' lang='lat' dir='ltr'><strong>qui</strong></span> <span class='ocrx_word' id='word_1_44' title='bbox 1634 877 1812 929; x_wconf 89' lang='lat' dir='ltr'><strong>vitam</strong></span> 
     </span>
    </p>
   </div>
   <div class='ocr_carea' id='block_1_9' title="bbox 147 967 1816 1044">
    <p class='ocr_par' dir='ltr' id='par_1_9' title="bbox 147 967 1816 1044">
     <span class='ocr_line' id='line_1_9' title="bbox 147 967 1816 1044; baseline -0.007 -17"><span class='ocrx_word' id='word_1_45' title='bbox 147 973 198 1044; x_wconf 90' lang='lat' dir='ltr'><strong>ej</strong></span> <span class='ocrx_word' id='word_1_46' title='bbox 212 990 282 1027; x_wconf 93' lang='lat' dir='ltr'><strong>us</strong></span> <span class='ocrx_word' id='word_1_47' title='bbox 302 973 426 1044; x_wconf 90' lang='lat' dir='ltr'><strong>jam</strong></span> <span class='ocrx_word' id='word_1_48' title='bbox 441 972 660 1026; x_wconf 88' lang='lat' dir='ltr'><strong>misera</strong></span> <span class='ocrx_word' id='word_1_49' title='bbox 679 973 866 1023; x_wconf 89' lang='lat' dir='ltr'><strong>morte</strong></span> <span class='ocrx_word' id='word_1_50' title='bbox 887 969 1198 1024; x_wconf 88' lang='lat' dir='ltr'><strong>terminare</strong></span> <span class='ocrx_word' id='word_1_51' title='bbox 1213 967 1462 1035; x_wconf 89' lang='lat' dir='ltr'><strong>volebat,</strong></span> <span class='ocrx_word' id='word_1_52' title='bbox 1479 981 1594 1036; x_wconf 92' lang='lat' dir='ltr'><strong>quo</strong></span> <span class='ocrx_word' id='word_1_53' title='bbox 1609 980 1816 1019; x_wconf 91' lang='lat' dir='ltr'><strong>navem</strong></span> 
     </span>
    </p>
   </div>
   <div class='ocr_carea' id='block_1_10' title="bbox 145 1057 1813 1130">
    <p class='ocr_par' dir='ltr' id='par_1_10' title="bbox 145 1057 1813 1130">
     <span class='ocr_line' id='line_1_10' title="bbox 145 1057 1813 1130; baseline -0.006 -13"><span class='ocrx_word' id='word_1_54' title='bbox 145 1062 382 1117; x_wconf 90' lang='lat' dir='ltr'><strong>comitis</strong></span> <span class='ocrx_word' id='word_1_55' title='bbox 412 1062 644 1116; x_wconf 89' lang='lat' dir='ltr'><strong>eminus</strong></span> <span class='ocrx_word' id='word_1_56' title='bbox 676 1059 917 1129; x_wconf 82' lang='lat' dir='ltr'><strong>agnovit</strong></span> <span class='ocrx_word' id='word_1_57' title='bbox 945 1101 959 1128; x_wconf 96' lang='lat'><strong>,</strong></span> <span class='ocrx_word' id='word_1_58' title='bbox 1007 1073 1223 1130; x_wconf 89' lang='lat' dir='ltr'><strong>magno</strong></span> <span class='ocrx_word' id='word_1_59' title='bbox 1266 1057 1488 1126; x_wconf 87' lang='lat' dir='ltr'><strong>impetu</strong></span> <span class='ocrx_word' id='word_1_60' title='bbox 1519 1070 1813 1127; x_wconf 89' lang='lat' dir='ltr'><strong>grassans</strong></span> 
     </span>
    </p>
   </div>
   <div class='ocr_carea' id='block_1_11' title="bbox 141 1144 1812 1217">
    <p class='ocr_par' dir='ltr' id='par_1_11' title="bbox 141 1144 1812 1217">
     <span class='ocr_line' id='line_1_11' title="bbox 141 1144 1812 1217; baseline -0.005 -13"><span class='ocrx_word' id='word_1_61' title='bbox 141 1152 417 1206; x_wconf 90' lang='lat' dir='ltr'><strong>illorsum</strong></span> <span class='ocrx_word' id='word_1_62' title='bbox 451 1150 640 1217; x_wconf 88' lang='lat' dir='ltr'><strong>irruit,</strong></span> <span class='ocrx_word' id='word_1_63' title='bbox 675 1148 891 1202; x_wconf 90' lang='lat' dir='ltr'><strong>acriter</strong></span> <span class='ocrx_word' id='word_1_64' title='bbox 910 1146 1194 1211; x_wconf 91' lang='lat' dir='ltr'><strong>bellatur;</strong></span> <span class='ocrx_word' id='word_1_65' title='bbox 1228 1145 1335 1200; x_wconf 89' lang='lat' dir='ltr'><strong>sed</strong></span> <span class='ocrx_word' id='word_1_66' title='bbox 1359 1144 1557 1198; x_wconf 91' lang='lat' dir='ltr'><strong>acrius</strong></span> <span class='ocrx_word' id='word_1_67' title='bbox 1583 1144 1812 1212; x_wconf 87' lang='lat' dir='ltr'><strong>excipi-</strong></span> 
     </span>
    </p>
   </div>
   <div class='ocr_carea' id='block_1_12' title="bbox 142 1233 1819 1306">
    <p class='ocr_par' dir='ltr' id='par_1_12' title="bbox 142 1233 1819 1306">
     <span class='ocr_line' id='line_1_12' title="bbox 142 1233 1819 1306; baseline -0.005 -13"><span class='ocrx_word' id='word_1_68' title='bbox 142 1243 260 1293; x_wconf 85' lang='lat' dir='ltr'><strong>tur.</strong></span> <span class='ocrx_word' id='word_1_69' title='bbox 286 1239 438 1292; x_wconf 87' lang='lat' dir='ltr'><strong>Nam</strong></span> <span class='ocrx_word' id='word_1_70' title='bbox 457 1253 489 1290; x_wconf 90' lang='lat' dir='ltr'><strong>a</strong></span> <span class='ocrx_word' id='word_1_71' title='bbox 514 1237 742 1306; x_wconf 90' lang='lat' dir='ltr'><strong>Lupino</strong></span> <span class='ocrx_word' id='word_1_72' title='bbox 771 1235 1027 1306; x_wconf 91' lang='lat' dir='ltr'><strong>quodam</strong></span> <span class='ocrx_word' id='word_1_73' title='bbox 1061 1235 1314 1305; x_wconf 89' lang='lat' dir='ltr'><strong>primum</strong></span> <span class='ocrx_word' id='word_1_74' title='bbox 1341 1233 1540 1304; x_wconf 90' lang='lat' dir='ltr'><strong>jaculo</strong></span> <span class='ocrx_word' id='word_1_75' title='bbox 1575 1233 1819 1286; x_wconf 88' lang='lat' dir='ltr'><strong>confos-</strong></span> 
     </span>
    </p>
   </div>
   <div class='ocr_carea' id='block_1_13' title="bbox 149 1320 1819 1394">
    <p class='ocr_par' dir='ltr' id='par_1_13' title="bbox 149 1320 1819 1394">
     <span class='ocr_line' id='line_1_13' title="bbox 149 1320 1819 1394; baseline -0.006 -12"><span class='ocrx_word' id='word_1_76' title='bbox 149 1343 280 1394; x_wconf 92' lang='lat' dir='ltr'><strong>sus,</strong></span> <span class='ocrx_word' id='word_1_77' title='bbox 307 1326 445 1380; x_wconf 92' lang='lat' dir='ltr'><strong>dum</strong></span> <span class='ocrx_word' id='word_1_78' title='bbox 469 1342 500 1378; x_wconf 92' lang='lat' dir='ltr'><strong>a</strong></span> <span class='ocrx_word' id='word_1_79' title='bbox 529 1325 738 1378; x_wconf 91' lang='lat' dir='ltr'><strong>comite</strong></span> <span class='ocrx_word' id='word_1_80' title='bbox 783 1324 883 1394; x_wconf 89' lang='lat' dir='ltr'><strong>qui</strong></span> <span class='ocrx_word' id='word_1_81' title='bbox 915 1324 1111 1377; x_wconf 81' lang='lat' dir='ltr'><strong>navim</strong></span> <span class='ocrx_word' id='word_1_82' title='bbox 1142 1322 1275 1393; x_wconf 88' lang='lat' dir='ltr'><strong>ejus</strong></span> <span class='ocrx_word' id='word_1_83' title='bbox 1299 1321 1586 1375; x_wconf 90' lang='lat' dir='ltr'><strong>insilierat</strong></span> <span class='ocrx_word' id='word_1_84' title='bbox 1609 1320 1819 1374; x_wconf 86' lang='lat' dir='ltr'><strong>minaci</strong></span> 
     </span>
    </p>
   </div>
   <div class='ocr_carea' id='block_1_14' title="bbox 149 1408 1825 1486">
    <p class='ocr_par' dir='ltr' id='par_1_14' title="bbox 149 1408 1825 1486">
     <span class='ocr_line' id='line_1_14' title="bbox 149 1408 1825 1486; baseline -0.005 -16"><span class='ocrx_word' id='word_1_85' title='bbox 149 1431 295 1470; x_wconf 89' lang='lat' dir='ltr'><strong>ense</strong></span> <span class='ocrx_word' id='word_1_86' title='bbox 327 1413 729 1486; x_wconf 84' lang='lat' dir='ltr'><strong>persequitur,</strong></span> <span class='ocrx_word' id='word_1_87' title='bbox 753 1412 883 1482; x_wconf 90' lang='lat' dir='ltr'><strong>ipse</strong></span> <span class='ocrx_word' id='word_1_88' title='bbox 910 1413 1234 1481; x_wconf 80' lang='lat' dir='ltr'><strong>proximam</strong></span> <span class='ocrx_word' id='word_1_89' title='bbox 1257 1426 1466 1464; x_wconf 90' lang='lat' dir='ltr'><strong>navem</strong></span> <span class='ocrx_word' id='word_1_90' title='bbox 1498 1411 1567 1463; x_wconf 90' lang='lat' dir='ltr'><strong>dc</strong></span> <span class='ocrx_word' id='word_1_91' title='bbox 1601 1409 1727 1462; x_wconf 89' lang='lat' dir='ltr'><strong>suis</strong></span> <span class='ocrx_word' id='word_1_92' title='bbox 1751 1408 1825 1461; x_wconf 89' lang='lat' dir='ltr'><strong>ad</strong></span> 
     </span>
    </p>
   </div>
   <div class='ocr_carea' id='block_1_15' title="bbox 149 1497 1821 1575">
    <p class='ocr_par' dir='ltr' id='par_1_15' title="bbox 149 1497 1821 1575">
     <span class='ocr_line' id='line_1_15' title="bbox 149 1497 1821 1575; baseline -0.005 -17"><span class='ocrx_word' id='word_1_93' title='bbox 149 1503 503 1575; x_wconf 89' lang='lat' dir='ltr'><strong>fugiendum</strong></span> <span class='ocrx_word' id='word_1_94' title='bbox 553 1502 706 1556; x_wconf 91' lang='lat' dir='ltr'><strong>saltu</strong></span> <span class='ocrx_word' id='word_1_95' title='bbox 751 1504 1064 1571; x_wconf 82' lang='lat' dir='ltr'><strong>appetens,</strong></span> <span class='ocrx_word' id='word_1_96' title='bbox 1116 1502 1174 1554; x_wconf 90' lang='lat' dir='ltr'><strong>in</strong></span> <span class='ocrx_word' id='word_1_97' title='bbox 1206 1515 1368 1554; x_wconf 87' lang='lat' dir='ltr'><strong>mare</strong></span> <span class='ocrx_word' id='word_1_98' title='bbox 1401 1514 1531 1552; x_wconf 93' lang='lat' dir='ltr'><strong>cum</strong></span> <span class='ocrx_word' id='word_1_99' title='bbox 1562 1497 1821 1568; x_wconf 91' lang='lat' dir='ltr'><strong>pondere</strong></span> 
     </span>
    </p>
   </div>
   <div class='ocr_carea' id='block_1_16' title="bbox 151 1589 1824 1662">
    <p class='ocr_par' dir='ltr' id='par_1_16' title="bbox 151 1589 1824 1662">
     <span class='ocr_line' id='line_1_16' title="bbox 151 1589 1824 1662; baseline -0.004 -15"><span class='ocrx_word' id='word_1_100' title='bbox 151 1593 296 1648; x_wconf 88' lang='lat' dir='ltr'><strong>ferri</strong></span> <span class='ocrx_word' id='word_1_101' title='bbox 323 1591 709 1662; x_wconf 87' lang='lat' dir='ltr'><strong>demergitur,</strong></span> <span class='ocrx_word' id='word_1_102' title='bbox 745 1591 952 1659; x_wconf 88' lang='lat' dir='ltr'><strong>sicque</strong></span> <span class='ocrx_word' id='word_1_103' title='bbox 985 1589 1283 1660; x_wconf 88' lang='lat' dir='ltr'><strong>injuriam,</strong></span> <span class='ocrx_word' id='word_1_104' title='bbox 1307 1604 1481 1659; x_wconf 90' lang='lat' dir='ltr'><strong>quam</strong></span> <span class='ocrx_word' id='word_1_105' title='bbox 1513 1589 1632 1640; x_wconf 91' lang='lat' dir='ltr'><strong>Deo</strong></span> <span class='ocrx_word' id='word_1_106' title='bbox 1664 1602 1824 1640; x_wconf 87' lang='lat' dir='ltr'><strong>arro-</strong></span> 
     </span>
    </p>
   </div>
   <div class='ocr_carea' id='block_1_17' title="bbox 154 1676 1826 1754">
    <p class='ocr_par' dir='ltr' id='par_1_17' title="bbox 154 1676 1826 1754">
     <span class='ocr_line' id='line_1_17' title="bbox 154 1676 1826 1754; baseline -0.005 -18"><span class='ocrx_word' id='word_1_107' title='bbox 154 1685 372 1754; x_wconf 83' lang='lat' dir='ltr'><strong>ganter</strong></span> <span class='ocrx_word' id='word_1_108' title='bbox 394 1682 603 1749; x_wconf 86' lang='lat' dir='ltr'><strong>intulit,</strong></span> <span class='ocrx_word' id='word_1_109' title='bbox 630 1680 827 1733; x_wconf 90' lang='lat' dir='ltr'><strong>divino</strong></span> <span class='ocrx_word' id='word_1_110' title='bbox 845 1679 1076 1750; x_wconf 88' lang='lat' dir='ltr'><strong>judicio</strong></span> <span class='ocrx_word' id='word_1_111' title='bbox 1112 1678 1403 1749; x_wconf 86' lang='lat' dir='ltr'><strong>condigna</strong></span> <span class='ocrx_word' id='word_1_112' title='bbox 1425 1677 1644 1731; x_wconf 89' lang='lat' dir='ltr'><strong>ultione</strong></span> <span class='ocrx_word' id='word_1_113' title='bbox 1673 1676 1826 1728; x_wconf 92' lang='lat' dir='ltr'><strong>mul-</strong></span> 
     </span>
    </p>
   </div>
   <div class='ocr_carea' id='block_1_18' title="bbox 148 1765 1820 1838">
    <p class='ocr_par' dir='ltr' id='par_1_18' title="bbox 148 1765 1820 1838">
     <span class='ocr_line' id='line_1_18' title="bbox 148 1765 1820 1838; baseline -0.005 -15"><span class='ocrx_word' id='word_1_114' title='bbox 148 1773 308 1823; x_wconf 85' lang='lat' dir='ltr'><strong>tatur</strong></span> <span class='ocrx_word' id='word_1_115' title='bbox 339 1784 544 1838; x_wconf 70' lang='lat' dir='ltr'><strong>pmnas</strong></span> <span class='ocrx_word' id='word_1_116' title='bbox 574 1767 811 1836; x_wconf 87' lang='lat' dir='ltr'><strong>luendo,</strong></span> <span class='ocrx_word' id='word_1_117' title='bbox 847 1783 1196 1837; x_wconf 90' lang='lat' dir='ltr'><strong>perpessus.</strong></span> <span class='ocrx_word' id='word_1_118' title='bbox 1236 1767 1473 1836; x_wconf 78' lang='lat' dir='ltr'><strong>Reliqui</strong></span> <span class='ocrx_word' id='word_1_119' title='bbox 1506 1780 1649 1820; x_wconf 88' lang='lat' dir='ltr'><strong>vero</strong></span> <span class='ocrx_word' id='word_1_120' title='bbox 1681 1765 1820 1817; x_wconf 92' lang='lat' dir='ltr'><strong>dum</strong></span> 
     </span>
    </p>
   </div>
   <div class='ocr_carea' id='block_1_19' title="bbox 1936 605 3598 678">
    <p class='ocr_par' dir='ltr' id='par_1_19' title="bbox 1936 605 3598 678">
     <span class='ocr_line' id='line_1_19' title="bbox 1936 605 3598 678; baseline -0.001 -16"><span class='ocrx_word' id='word_1_121' title='bbox 1936 609 2073 662; x_wconf 91' lang='lat' dir='ltr'><strong>dum</strong></span> <span class='ocrx_word' id='word_1_122' title='bbox 2109 608 2265 677; x_wconf 89' lang='lat' dir='ltr'><strong>quod</strong></span> <span class='ocrx_word' id='word_1_123' title='bbox 2295 608 2528 678; x_wconf 82' lang='lat' dir='ltr'><strong>agebat,</strong></span> <span class='ocrx_word' id='word_1_124' title='bbox 2561 623 2694 660; x_wconf 91' lang='lat' dir='ltr'><strong>eum</strong></span> <span class='ocrx_word' id='word_1_125' title='bbox 2731 605 3306 676; x_wconf 88' lang='lat' dir='ltr'><strong>nonjamjuvenem,</strong></span> <span class='ocrx_word' id='word_1_126' title='bbox 3335 607 3439 660; x_wconf 92' lang='lat' dir='ltr'><strong>scd</strong></span> <span class='ocrx_word' id='word_1_127' title='bbox 3471 623 3598 660; x_wconf 86' lang='lat' dir='ltr'><strong>mo-</strong></span> 
     </span>
    </p>
   </div>
   <div class='ocr_carea' id='block_1_20' title="bbox 1939 699 3596 772">
    <p class='ocr_par' dir='ltr' id='par_1_20' title="bbox 1939 699 3596 772">
     <span class='ocr_line' id='line_1_20' title="bbox 1939 699 3596 772; baseline -0.001 -16"><span class='ocrx_word' id='word_1_128' title='bbox 1939 703 2107 758; x_wconf 89' lang='lat' dir='ltr'><strong>ribus</strong></span> <span class='ocrx_word' id='word_1_129' title='bbox 2123 701 2788 772; x_wconf 86' lang='lat' dir='ltr'><strong>senissimumjudicare</strong></span> <span class='ocrx_word' id='word_1_130' title='bbox 2805 717 3038 770; x_wconf 86' lang='lat' dir='ltr'><strong>posses.</strong></span> <span class='ocrx_word' id='word_1_131' title='bbox 3059 700 3277 754; x_wconf 52' lang='lat' dir='ltr'><strong>Militia</strong></span> <span class='ocrx_word' id='word_1_132' title='bbox 3294 699 3596 771; x_wconf 88' lang='lat' dir='ltr'><strong>assiduus,</strong></span> 
     </span>
    </p>
   </div>
   <div class='ocr_carea' id='block_1_21' title="bbox 1939 785 3597 864">
    <p class='ocr_par' dir='ltr' id='par_1_21' title="bbox 1939 785 3597 864">
     <span class='ocr_line' id='line_1_21' title="bbox 1939 785 3597 864; baseline -0.003 -19"><span class='ocrx_word' id='word_1_133' title='bbox 1939 793 2330 864; x_wconf 83' lang='lat' dir='ltr'><strong>frequentiam</strong></span> <span class='ocrx_word' id='word_1_134' title='bbox 2391 789 2635 843; x_wconf 88' lang='lat' dir='ltr'><strong>militum</strong></span> <span class='ocrx_word' id='word_1_135' title='bbox 2698 804 2922 852; x_wconf 84' lang='lat' dir='ltr'><strong>amans,</strong></span> <span class='ocrx_word' id='word_1_136' title='bbox 2983 787 3274 856; x_wconf 89' lang='lat' dir='ltr'><strong>colloquio</strong></span> <span class='ocrx_word' id='word_1_137' title='bbox 3325 785 3597 856; x_wconf 70' lang='lat' dir='ltr'><strong>affabilis,</strong></span> 
     </span>
    </p>
   </div>
   <div class='ocr_carea' id='block_1_22' title="bbox 1939 876 3598 950">
    <p class='ocr_par' dir='ltr' id='par_1_22' title="bbox 1939 876 3598 950">
     <span class='ocr_line' id='line_1_22' title="bbox 1939 876 3598 950; baseline -0.005 -14"><span class='ocrx_word' id='word_1_138' title='bbox 1939 881 2287 936; x_wconf 87' lang='lat' dir='ltr'><strong>muneribus</strong></span> <span class='ocrx_word' id='word_1_139' title='bbox 2337 880 2566 950; x_wconf 85' lang='lat' dir='ltr'><strong>largus,</strong></span> <span class='ocrx_word' id='word_1_140' title='bbox 2611 878 2799 930; x_wconf 83' lang='lat' dir='ltr'><strong>labori</strong></span> <span class='ocrx_word' id='word_1_141' title='bbox 2842 877 3184 947; x_wconf 90' lang='lat' dir='ltr'><strong>vigiliisque</strong></span> <span class='ocrx_word' id='word_1_142' title='bbox 3231 876 3598 944; x_wconf 84' lang='lat' dir='ltr'><strong>indeficiens,</strong></span> 
     </span>
    </p>
   </div>
   <div class='ocr_carea' id='block_1_23' title="bbox 1941 965 3605 1036">
    <p class='ocr_par' dir='ltr' id='par_1_23' title="bbox 1941 965 3605 1036">
     <span class='ocr_line' id='line_1_23' title="bbox 1941 965 3605 1036; baseline -0.005 -12"><span class='ocrx_word' id='word_1_143' title='bbox 1941 970 2344 1024; x_wconf 85' lang='lat' dir='ltr'><strong>Ecclesiarum</strong></span> <span class='ocrx_word' id='word_1_144' title='bbox 2401 967 2710 1036; x_wconf 85' lang='lat' dir='ltr'><strong>defensor,</strong></span> <span class='ocrx_word' id='word_1_145' title='bbox 2759 981 3082 1035; x_wconf 82' lang='lat' dir='ltr'><strong>pauperum</strong></span> <span class='ocrx_word' id='word_1_146' title='bbox 3133 970 3188 1018; x_wconf 93' lang='lat' dir='ltr'><strong>et</strong></span> <span class='ocrx_word' id='word_1_147' title='bbox 3235 965 3605 1018; x_wconf 81' lang='lat' dir='ltr'><strong>maerentium</strong></span> 
     </span>
    </p>
   </div>
   <div class='ocr_carea' id='block_1_24' title="bbox 1942 1053 3604 1128">
    <p class='ocr_par' dir='ltr' id='par_1_24' title="bbox 1942 1053 3604 1128">
     <span class='ocr_line' id='line_1_24' title="bbox 1942 1053 3604 1128; baseline -0.004 -14"><span class='ocrx_word' id='word_1_148' title='bbox 1942 1059 2299 1127; x_wconf 90' lang='lat' dir='ltr'><strong>consolator,</strong></span> <span class='ocrx_word' id='word_1_149' title='bbox 2335 1059 2463 1111; x_wconf 91' lang='lat' dir='ltr'><strong>suis</strong></span> <span class='ocrx_word' id='word_1_150' title='bbox 2508 1057 2772 1128; x_wconf 76' lang='lat' dir='ltr'><strong>clypeus,</strong></span> <span class='ocrx_word' id='word_1_151' title='bbox 2825 1055 3099 1108; x_wconf 86' lang='lat' dir='ltr'><strong>hostibus</strong></span> <span class='ocrx_word' id='word_1_152' title='bbox 3142 1055 3405 1124; x_wconf 89' lang='lat' dir='ltr'><strong>aculeus,</strong></span> <span class='ocrx_word' id='word_1_153' title='bbox 3443 1053 3604 1124; x_wconf 85' lang='lat' dir='ltr'><strong>juste</strong></span> 
     </span>
    </p>
   </div>
   <div class='ocr_carea' id='block_1_25' title="bbox 1936 1144 3604 1219">
    <p class='ocr_par' dir='ltr' id='par_1_25' title="bbox 1936 1144 3604 1219">
     <span class='ocr_line' id='line_1_25' title="bbox 1936 1144 3604 1219; baseline -0.002 -17"><span class='ocrx_word' id='word_1_154' title='bbox 1936 1147 2213 1219; x_wconf 82' lang='lat' dir='ltr'><strong>judicans</strong></span> <span class='ocrx_word' id='word_1_155' title='bbox 2246 1148 2470 1215; x_wconf 89' lang='lat' dir='ltr'><strong>omnia,</strong></span> <span class='ocrx_word' id='word_1_156' title='bbox 2527 1147 2773 1215; x_wconf 86' lang='lat' dir='ltr'><strong>excepto</strong></span> <span class='ocrx_word' id='word_1_157' title='bbox 2807 1144 2962 1214; x_wconf 89' lang='lat' dir='ltr'><strong>quod</strong></span> <span class='ocrx_word' id='word_1_158' title='bbox 2993 1145 3226 1214; x_wconf 86' lang='lat' dir='ltr'><strong>pietatis</strong></span> <span class='ocrx_word' id='word_1_159' title='bbox 3261 1144 3472 1198; x_wconf 82' lang='lat' dir='ltr'><strong>affectu</strong></span> <span class='ocrx_word' id='word_1_160' title='bbox 3504 1145 3604 1198; x_wconf 88' lang='lat' dir='ltr'><strong>ob-</strong></span> 
     </span>
    </p>
   </div>
   <div class='ocr_carea' id='block_1_26' title="bbox 1947 1233 3609 1307">
    <p class='ocr_par' dir='ltr' id='par_1_26' title="bbox 1947 1233 3609 1307">
     <span class='ocr_line' id='line_1_26' title="bbox 1947 1233 3609 1307; baseline -0.003 -16"><span class='ocrx_word' id='word_1_161' title='bbox 1947 1239 2138 1291; x_wconf 89' lang='lat' dir='ltr'><strong>viante</strong></span> <span class='ocrx_word' id='word_1_162' title='bbox 2183 1238 2242 1290; x_wconf 89' lang='lat' dir='ltr'><strong>in</strong></span> <span class='ocrx_word' id='word_1_163' title='bbox 2288 1237 2484 1307; x_wconf 88' lang='lat' dir='ltr'><strong>rigore</strong></span> <span class='ocrx_word' id='word_1_164' title='bbox 2521 1235 2773 1305; x_wconf 85' lang='lat' dir='ltr'><strong>justitiae</strong></span> <span class='ocrx_word' id='word_1_165' title='bbox 2822 1233 3247 1303; x_wconf 90' lang='lat' dir='ltr'><strong>aliquantulum</strong></span> <span class='ocrx_word' id='word_1_166' title='bbox 3295 1233 3609 1286; x_wconf 88' lang='lat' dir='ltr'><strong>remissior</strong></span> 
     </span>
    </p>
   </div>
   <div class='ocr_carea' id='block_1_27' title="bbox 1945 1320 3607 1380">
    <p class='ocr_par' dir='ltr' id='par_1_27' title="bbox 1945 1320 3607 1380">
     <span class='ocr_line' id='line_1_27' title="bbox 1945 1320 3607 1380; baseline -0.003 0"><span class='ocrx_word' id='word_1_167' title='bbox 1945 1329 2090 1380; x_wconf 89' lang='lat' dir='ltr'><strong>erat.</strong></span> <span class='ocrx_word' id='word_1_168' title='bbox 2113 1325 2221 1378; x_wconf 85' lang='lat' dir='ltr'><strong>His</strong></span> <span class='ocrx_word' id='word_1_169' title='bbox 2236 1325 2462 1379; x_wconf 84' lang='lat' dir='ltr'><strong>artibus</strong></span> <span class='ocrx_word' id='word_1_170' title='bbox 2481 1324 2541 1377; x_wconf 90' lang='lat' dir='ltr'><strong>in</strong></span> <span class='ocrx_word' id='word_1_171' title='bbox 2555 1339 2620 1377; x_wconf 92' lang='lat' dir='ltr'><strong>se</strong></span> <span class='ocrx_word' id='word_1_172' title='bbox 2639 1322 3122 1377; x_wconf 87' lang='lat' dir='ltr'><strong>accrescentibus</strong></span> <span class='ocrx_word' id='word_1_173' title='bbox 3141 1320 3400 1375; x_wconf 58' lang='lat' dir='ltr'><strong>omnium</strong></span> <span class='ocrx_word' id='word_1_174' title='bbox 3416 1321 3607 1376; x_wconf 90' lang='lat' dir='ltr'><strong>bono-</strong></span> 
     </span>
    </p>
   </div>
   <div class='ocr_carea' id='block_1_28' title="bbox 1946 1411 3609 1468">
    <p class='ocr_par' dir='ltr' id='par_1_28' title="bbox 1946 1411 3609 1468">
     <span class='ocr_line' id='line_1_28' title="bbox 1946 1411 3609 1468; baseline -0.002 0"><span class='ocrx_word' id='word_1_175' title='bbox 1946 1431 2078 1468; x_wconf 90' lang='lat' dir='ltr'><strong>rum</strong></span> <span class='ocrx_word' id='word_1_176' title='bbox 2098 1415 2360 1467; x_wconf 81' lang='lat' dir='ltr'><strong>favorem</strong></span> <span class='ocrx_word' id='word_1_177' title='bbox 2378 1414 2543 1467; x_wconf 86' lang='lat' dir='ltr'><strong>brevi</strong></span> <span class='ocrx_word' id='word_1_178' title='bbox 2559 1412 2827 1467; x_wconf 87' lang='lat' dir='ltr'><strong>obtinuit.</strong></span> <span class='ocrx_word' id='word_1_179' title='bbox 2847 1411 2954 1463; x_wconf 85' lang='lat' dir='ltr'><strong>Hic</strong></span> <span class='ocrx_word' id='word_1_180' title='bbox 2974 1411 3353 1464; x_wconf 88' lang='lat' dir='ltr'><strong>Boamundus</strong></span> <span class='ocrx_word' id='word_1_181' title='bbox 3369 1411 3609 1464; x_wconf 82' lang='lat' dir='ltr'><strong>fratrem</strong></span> 
     </span>
    </p>
   </div>
   <div class='ocr_carea' id='block_1_29' title="bbox 1947 1499 3610 1570">
    <p class='ocr_par' dir='ltr' id='par_1_29' title="bbox 1947 1499 3610 1570">
     <span class='ocr_line' id='line_1_29' title="bbox 1947 1499 3610 1570; baseline -0.004 -13"><span class='ocrx_word' id='word_1_182' title='bbox 1947 1519 2122 1558; x_wconf 91' lang='lat' dir='ltr'><strong>suum</strong></span> <span class='ocrx_word' id='word_1_183' title='bbox 2140 1502 2452 1556; x_wconf 87' lang='lat' dir='ltr'><strong>ambitione</strong></span> <span class='ocrx_word' id='word_1_184' title='bbox 2478 1504 2727 1556; x_wconf 87' lang='lat' dir='ltr'><strong>ducatus</strong></span> <span class='ocrx_word' id='word_1_185' title='bbox 2751 1517 2782 1554; x_wconf 92' lang='lat' dir='ltr'><strong>a</strong></span> <span class='ocrx_word' id='word_1_186' title='bbox 2799 1517 2871 1555; x_wconf 89' lang='lat' dir='ltr'><strong>se</strong></span> <span class='ocrx_word' id='word_1_187' title='bbox 2894 1500 3346 1567; x_wconf 87' lang='lat' dir='ltr'><strong>desciscentem,</strong></span> <span class='ocrx_word' id='word_1_188' title='bbox 3372 1499 3610 1570; x_wconf 89' lang='lat' dir='ltr'><strong>quijam</strong></span> 
     </span>
    </p>
   </div>
   <div class='ocr_carea' id='block_1_30' title="bbox 1947 1589 3609 1661">
    <p class='ocr_par' dir='ltr' id='par_1_30' title="bbox 1947 1589 3609 1661">
     <span class='ocr_line' id='line_1_30' title="bbox 1947 1589 3609 1661; baseline -0.003 -15"><span class='ocrx_word' id='word_1_189' title='bbox 1947 1592 2174 1661; x_wconf 90' lang='lat' dir='ltr'><strong>urbem,</strong></span> <span class='ocrx_word' id='word_1_190' title='bbox 2213 1607 2346 1661; x_wconf 83' lang='lat' dir='ltr'><strong>quae</strong></span> <span class='ocrx_word' id='word_1_191' title='bbox 2368 1592 2504 1644; x_wconf 82' lang='lat' dir='ltr'><strong>Uria</strong></span> <span class='ocrx_word' id='word_1_192' title='bbox 2537 1591 2769 1658; x_wconf 84' lang='lat' dir='ltr'><strong>dicitur,</strong></span> <span class='ocrx_word' id='word_1_193' title='bbox 2789 1591 3100 1644; x_wconf 88' lang='lat' dir='ltr'><strong>traditione</strong></span> <span class='ocrx_word' id='word_1_194' title='bbox 3125 1589 3340 1642; x_wconf 91' lang='lat' dir='ltr'><strong>civium</strong></span> <span class='ocrx_word' id='word_1_195' title='bbox 3361 1589 3609 1657; x_wconf 89' lang='lat' dir='ltr'><strong>adeptus</strong></span> 
     </span>
    </p>
   </div>
   <div class='ocr_carea' id='block_1_31' title="bbox 1949 1678 3611 1752">
    <p class='ocr_par' dir='ltr' id='par_1_31' title="bbox 1949 1678 3611 1752">
     <span class='ocr_line' id='line_1_31' title="bbox 1949 1678 3611 1752; baseline -0.005 -14"><span class='ocrx_word' id='word_1_196' title='bbox 1949 1685 2092 1752; x_wconf 89' lang='lat' dir='ltr'><strong>erat,</strong></span> <span class='ocrx_word' id='word_1_197' title='bbox 2128 1697 2232 1750; x_wconf 88' lang='lat' dir='ltr'><strong>per</strong></span> <span class='ocrx_word' id='word_1_198' title='bbox 2267 1697 2439 1752; x_wconf 90' lang='lat' dir='ltr'><strong>quam</strong></span> <span class='ocrx_word' id='word_1_199' title='bbox 2462 1681 2828 1751; x_wconf 88' lang='lat' dir='ltr'><strong>provinciam</strong></span> <span class='ocrx_word' id='word_1_200' title='bbox 2845 1680 3216 1733; x_wconf 86' lang='lat' dir='ltr'><strong>Tarentinam</strong></span> <span class='ocrx_word' id='word_1_201' title='bbox 3249 1682 3303 1732; x_wconf 84' lang='lat' dir='ltr'><strong>et</strong></span> <span class='ocrx_word' id='word_1_202' title='bbox 3335 1678 3611 1748; x_wconf 69' lang='lat' dir='ltr'><strong>Hydrun—</strong></span> 
     </span>
    </p>
   </div>
   <div class='ocr_carea' id='block_1_32' title="bbox 1951 1767 3612 1840">
    <p class='ocr_par' dir='ltr' id='par_1_32' title="bbox 1951 1767 3612 1840">
     <span class='ocr_line' id='line_1_32' title="bbox 1951 1767 3612 1840; baseline -0.004 -16"><span class='ocrx_word' id='word_1_203' title='bbox 1951 1772 2127 1825; x_wconf 89' lang='lat' dir='ltr'><strong>tinam</strong></span> <span class='ocrx_word' id='word_1_204' title='bbox 2150 1786 2256 1840; x_wconf 79' lang='lat' dir='ltr'><strong>spe</strong></span> <span class='ocrx_word' id='word_1_205' title='bbox 2273 1771 2490 1839; x_wconf 59' lang='lat' dir='ltr'><strong>praedae</strong></span> <span class='ocrx_word' id='word_1_206' title='bbox 2513 1770 2900 1838; x_wconf 88' lang='lat' dir='ltr'><strong>complicibus</strong></span> <span class='ocrx_word' id='word_1_207' title='bbox 2927 1769 3319 1839; x_wconf 89' lang='lat' dir='ltr'><strong>undequaque</strong></span> <span class='ocrx_word' id='word_1_208' title='bbox 3342 1767 3458 1821; x_wconf 87' lang='lat' dir='ltr'><strong>sibi</strong></span> <span class='ocrx_word' id='word_1_209' title='bbox 3479 1767 3612 1819; x_wconf 89' lang='lat' dir='ltr'><strong>alli-</strong></span> 
     </span>
    </p>
   </div>
   <div class='ocr_carea' id='block_1_33' title="bbox 155 1853 3612 1949">
    <p class='ocr_par' dir='ltr' id='par_1_33' title="bbox 155 1853 3612 1949">
     <span class='ocr_line' id='line_1_33' title="bbox 155 1853 3612 1949; baseline -0.005 -38"><span class='ocrx_word' id='word_1_210' title='bbox 155 1859 368 1928; x_wconf 88' lang='lat' dir='ltr'><strong>fugere</strong></span> <span class='ocrx_word' id='word_1_211' title='bbox 401 1857 687 1924; x_wconf 89' lang='lat' dir='ltr'><strong>nituntur,</strong></span> <span class='ocrx_word' id='word_1_212' title='bbox 739 1871 772 1908; x_wconf 89' lang='lat' dir='ltr'><strong>a</strong></span> <span class='ocrx_word' id='word_1_213' title='bbox 802 1857 1029 1910; x_wconf 91' lang='lat' dir='ltr'><strong>nostris</strong></span> <span class='ocrx_word' id='word_1_214' title='bbox 1063 1857 1236 1909; x_wconf 88' lang='lat' dir='ltr'><strong>citato</strong></span> <span class='ocrx_word' id='word_1_215' title='bbox 1268 1856 1494 1925; x_wconf 87' lang='lat' dir='ltr'><strong>remige</strong></span> <span class='ocrx_word' id='word_1_216' title='bbox 1524 1853 1826 1923; x_wconf 88' lang='lat' dir='ltr'><strong>persecuti</strong></span> <span class='ocrx_word' id='word_1_217' title='bbox 1857 1887 1906 1949; x_wconf 85' lang='grc' dir='ltr'>Β</span> <span class='ocrx_word' id='word_1_218' title='bbox 1951 1861 2105 1931; x_wconf 71' lang='lat' dir='ltr'><strong>gatis</strong></span> <span class='ocrx_word' id='word_1_219' title='bbox 2137 1859 2472 1922; x_wconf 64' lang='lat' dir='ltr'><strong>infestabat,</strong></span> <span class='ocrx_word' id='word_1_220' title='bbox 2508 1859 2704 1912; x_wconf 74' lang='lat' dir='ltr'><strong>minus</strong></span> <span class='ocrx_word' id='word_1_221' title='bbox 2737 1859 3056 1912; x_wconf 58' lang='lat' dir='ltr'><strong>adversum</strong></span> <span class='ocrx_word' id='word_1_222' title='bbox 3104 1872 3169 1909; x_wconf 74' lang='lat' dir='ltr'><strong>so</strong></span> <span class='ocrx_word' id='word_1_223' title='bbox 3200 1857 3488 1925; x_wconf 63' lang='lat' dir='ltr'><strong>proficere</strong></span> <span class='ocrx_word' id='word_1_224' title='bbox 3521 1856 3612 1908; x_wconf 69' lang='lat' dir='ltr'><strong>vi-</strong></span> 
     </span>
    </p>
   </div>
   <div class='ocr_carea' id='block_1_34' title="bbox 152 1943 1821 2014">
    <p class='ocr_par' dir='ltr' id='par_1_34' title="bbox 152 1943 1821 2014">
     <span class='ocr_line' id='line_1_34' title="bbox 152 1943 1821 2014; baseline -0.005 -15"><span class='ocrx_word' id='word_1_225' title='bbox 152 1944 595 2000; x_wconf 88' lang='lat' dir='ltr'><strong>truncantur.Si</strong></span> <span class='ocrx_word' id='word_1_226' title='bbox 611 1945 908 1998; x_wconf 87' lang='lat' dir='ltr'><strong>Jordanus</strong></span> <span class='ocrx_word' id='word_1_227' title='bbox 928 1944 1160 1998; x_wconf 89' lang='lat' dir='ltr'><strong>interim</strong></span> <span class='ocrx_word' id='word_1_228' title='bbox 1175 1944 1378 1998; x_wconf 90' lang='lat' dir='ltr'><strong>urbem</strong></span> <span class='ocrx_word' id='word_1_229' title='bbox 1395 1943 1821 2014; x_wconf 83' lang='lat' dir='ltr'><strong>oppugnasset,</strong></span> 
     </span>
    </p>
   </div>
   <div class='ocr_carea' id='block_1_35' title="bbox 154 2032 1830 2104">
    <p class='ocr_par' dir='ltr' id='par_1_35' title="bbox 154 2032 1830 2104">
     <span class='ocr_line' id='line_1_35' title="bbox 154 2032 1830 2104; baseline -0.004 -15"><span class='ocrx_word' id='word_1_230' title='bbox 154 2035 426 2104; x_wconf 87' lang='lat' dir='ltr'><strong>profecto</strong></span> <span class='ocrx_word' id='word_1_231' title='bbox 459 2033 628 2086; x_wconf 82' lang='lat' dir='ltr'><strong>facile</strong></span> <span class='ocrx_word' id='word_1_232' title='bbox 668 2033 956 2087; x_wconf 88' lang='lat' dir='ltr'><strong>debellata</strong></span> <span class='ocrx_word' id='word_1_233' title='bbox 1002 2033 1460 2101; x_wconf 86' lang='lat' dir='ltr'><strong>succubuissct;</strong></span> <span class='ocrx_word' id='word_1_234' title='bbox 1510 2032 1616 2086; x_wconf 91' lang='lat' dir='ltr'><strong>sed</strong></span> <span class='ocrx_word' id='word_1_235' title='bbox 1664 2032 1830 2099; x_wconf 84' lang='lat' dir='ltr'><strong>pater</strong></span> 
     </span>
    </p>
   </div>
   <div class='ocr_carea' id='block_1_36' title="bbox 156 2119 1828 2193">
    <p class='ocr_par' dir='ltr' id='par_1_36' title="bbox 156 2119 1828 2193">
     <span class='ocr_line' id='line_1_36' title="bbox 156 2119 1828 2193; baseline -0.004 -16"><span class='ocrx_word' id='word_1_236' title='bbox 156 2124 359 2177; x_wconf 89' lang='lat' dir='ltr'><strong>minus</strong></span> <span class='ocrx_word' id='word_1_237' title='bbox 393 2123 634 2193; x_wconf 89' lang='lat' dir='ltr'><strong>provide</strong></span> <span class='ocrx_word' id='word_1_238' title='bbox 667 2123 1053 2176; x_wconf 82' lang='lat' dir='ltr'><strong>interdixerat</strong></span> <span class='ocrx_word' id='word_1_239' title='bbox 1092 2121 1208 2175; x_wconf 91' lang='lat' dir='ltr'><strong>sibi</strong></span> <span class='ocrx_word' id='word_1_240' title='bbox 1257 2138 1328 2176; x_wconf 92' lang='lat' dir='ltr'><strong>ne</strong></span> <span class='ocrx_word' id='word_1_241' title='bbox 1375 2122 1559 2175; x_wconf 84' lang='lat' dir='ltr'><strong>fieret.</strong></span> <span class='ocrx_word' id='word_1_242' title='bbox 1596 2120 1642 2172; x_wconf 77' lang='grc' dir='ltr'><strong>Α</strong></span> <span class='ocrx_word' id='word_1_243' title='bbox 1675 2119 1828 2172; x_wconf 87' lang='lat' dir='ltr'><strong>Maio</strong></span> 
     </span>
    </p>
   </div>
   <div class='ocr_carea' id='block_1_37' title="bbox 158 2208 1824 2283">
    <p class='ocr_par' dir='ltr' id='par_1_37' title="bbox 158 2208 1824 2283">
     <span class='ocr_line' id='line_1_37' title="bbox 158 2208 1824 2283; baseline -0.002 -19"><span class='ocrx_word' id='word_1_244' title='bbox 158 2213 347 2283; x_wconf 88' lang='lat' dir='ltr'><strong>igitur</strong></span> <span class='ocrx_word' id='word_1_245' title='bbox 396 2227 584 2281; x_wconf 87' lang='lat' dir='ltr'><strong>usque</strong></span> <span class='ocrx_word' id='word_1_246' title='bbox 629 2211 688 2264; x_wconf 91' lang='lat' dir='ltr'><strong>in</strong></span> <span class='ocrx_word' id='word_1_247' title='bbox 717 2211 1031 2266; x_wconf 91' lang='lat' dir='ltr'><strong>Octobrem</strong></span> <span class='ocrx_word' id='word_1_248' title='bbox 1063 2211 1417 2265; x_wconf 89' lang='lat' dir='ltr'><strong>obsessione</strong></span> <span class='ocrx_word' id='word_1_249' title='bbox 1449 2209 1578 2263; x_wconf 91' lang='lat' dir='ltr'><strong>urbi</strong></span> <span class='ocrx_word' id='word_1_250' title='bbox 1612 2208 1824 2277; x_wconf 88' lang='lat' dir='ltr'><strong>dedita,</strong></span> 
     </span>
    </p>
   </div>
   <div class='ocr_carea' id='block_1_38' title="bbox 158 2298 1830 2370">
    <p class='ocr_par' dir='ltr' id='par_1_38' title="bbox 158 2298 1830 2370">
     <span class='ocr_line' id='line_1_38' title="bbox 158 2298 1830 2370; baseline -0.004 -16"><span class='ocrx_word' id='word_1_251' title='bbox 158 2302 295 2370; x_wconf 87' lang='lat' dir='ltr'><strong>ipsa</strong></span> <span class='ocrx_word' id='word_1_252' title='bbox 312 2301 562 2354; x_wconf 89' lang='lat' dir='ltr'><strong>multum</strong></span> <span class='ocrx_word' id='word_1_253' title='bbox 593 2300 1022 2368; x_wconf 88' lang='lat' dir='ltr'><strong>recalcitrante,</strong></span> <span class='ocrx_word' id='word_1_254' title='bbox 1049 2299 1298 2368; x_wconf 88' lang='lat' dir='ltr'><strong>plurima</strong></span> <span class='ocrx_word' id='word_1_255' title='bbox 1322 2298 1618 2351; x_wconf 88' lang='lat' dir='ltr'><strong>infestatio</strong></span> <span class='ocrx_word' id='word_1_256' title='bbox 1643 2298 1830 2350; x_wconf 90' lang='lat' dir='ltr'><strong>utrin-</strong></span> 
     </span>
    </p>
   </div>
   <div class='ocr_carea' id='block_1_39' title="bbox 160 2387 1830 2460">
    <p class='ocr_par' dir='ltr' id='par_1_39' title="bbox 160 2387 1830 2460">
     <span class='ocr_line' id='line_1_39' title="bbox 160 2387 1830 2460; baseline -0.002 -18"><span class='ocrx_word' id='word_1_257' title='bbox 160 2405 278 2460; x_wconf 88' lang='lat' dir='ltr'><strong>que</strong></span> <span class='ocrx_word' id='word_1_258' title='bbox 310 2389 462 2442; x_wconf 90' lang='lat' dir='ltr'><strong>facta</strong></span> <span class='ocrx_word' id='word_1_259' title='bbox 493 2392 602 2443; x_wconf 90' lang='lat' dir='ltr'><strong>est.</strong></span> <span class='ocrx_word' id='word_1_260' title='bbox 647 2389 822 2443; x_wconf 83' lang='lat' dir='ltr'><strong>Cives</strong></span> <span class='ocrx_word' id='word_1_261' title='bbox 856 2404 1017 2452; x_wconf 88' lang='lat' dir='ltr'><strong>vero,</strong></span> <span class='ocrx_word' id='word_1_262' title='bbox 1052 2388 1428 2441; x_wconf 90' lang='lat' dir='ltr'><strong>Christianos</strong></span> <span class='ocrx_word' id='word_1_263' title='bbox 1459 2388 1744 2456; x_wconf 90' lang='lat' dir='ltr'><strong>plurimos</strong></span> <span class='ocrx_word' id='word_1_264' title='bbox 1773 2387 1830 2438; x_wconf 92' lang='lat' dir='ltr'><strong>in</strong></span> 
     </span>
    </p>
   </div>
   <div class='ocr_carea' id='block_1_40' title="bbox 162 2475 1830 2548">
    <p class='ocr_par' dir='ltr' id='par_1_40' title="bbox 162 2475 1830 2548">
     <span class='ocr_line' id='line_1_40' title="bbox 162 2475 1830 2548; baseline -0.002 -17"><span class='ocrx_word' id='word_1_265' title='bbox 162 2479 437 2548; x_wconf 89' lang='lat' dir='ltr'><strong>captione</strong></span> <span class='ocrx_word' id='word_1_266' title='bbox 483 2478 634 2531; x_wconf 86' lang='lat' dir='ltr'><strong>infra</strong></span> <span class='ocrx_word' id='word_1_267' title='bbox 664 2478 872 2532; x_wconf 91' lang='lat' dir='ltr'><strong>urbem</strong></span> <span class='ocrx_word' id='word_1_268' title='bbox 912 2477 1234 2542; x_wconf 87' lang='lat' dir='ltr'><strong>habentes,</strong></span> <span class='ocrx_word' id='word_1_269' title='bbox 1288 2477 1516 2530; x_wconf 91' lang='lat' dir='ltr'><strong>solutos</strong></span> <span class='ocrx_word' id='word_1_270' title='bbox 1560 2475 1633 2528; x_wconf 89' lang='lat' dir='ltr'><strong>ab</strong></span> <span class='ocrx_word' id='word_1_271' title='bbox 1686 2476 1830 2529; x_wconf 90' lang='lat' dir='ltr'><strong>urbe</strong></span> 
     </span>
    </p>
   </div>
   <div class='ocr_carea' id='block_1_41' title="bbox 161 2564 1828 2638">
    <p class='ocr_par' dir='ltr' id='par_1_41' title="bbox 161 2564 1828 2638">
     <span class='ocr_line' id='line_1_41' title="bbox 161 2564 1828 2638; baseline -0.001 -18"><span class='ocrx_word' id='word_1_272' title='bbox 161 2566 415 2638; x_wconf 87' lang='lat' dir='ltr'><strong>ejiciunt</strong></span> <span class='ocrx_word' id='word_1_273' title='bbox 451 2569 560 2620; x_wconf 88' lang='lat' dir='ltr'><strong>rati</strong></span> <span class='ocrx_word' id='word_1_274' title='bbox 586 2569 824 2620; x_wconf 91' lang='lat' dir='ltr'><strong>nostros</strong></span> <span class='ocrx_word' id='word_1_275' title='bbox 848 2565 935 2619; x_wconf 92' lang='lat' dir='ltr'><strong>sic</strong></span> <span class='ocrx_word' id='word_1_276' title='bbox 962 2565 1130 2621; x_wconf 84' lang='lat' dir='ltr'><strong>facile</strong></span> <span class='ocrx_word' id='word_1_277' title='bbox 1151 2565 1222 2618; x_wconf 89' lang='lat' dir='ltr'><strong>ab</strong></span> <span class='ocrx_word' id='word_1_278' title='bbox 1248 2564 1396 2618; x_wconf 88' lang='lat' dir='ltr'><strong>urbe</strong></span> <span class='ocrx_word' id='word_1_279' title='bbox 1415 2579 1828 2634; x_wconf 89' lang='lat' dir='ltr'><strong>processuros.</strong></span> 
     </span>
    </p>
   </div>
   <div class='ocr_carea' id='block_1_42' title="bbox 162 2653 1834 2724">
    <p class='ocr_par' dir='ltr' id='par_1_42' title="bbox 162 2653 1834 2724">
     <span class='ocr_line' id='line_1_42' title="bbox 162 2653 1834 2724; baseline -0.002 -16"><span class='ocrx_word' id='word_1_280' title='bbox 162 2656 238 2708; x_wconf 79' lang='lat' dir='ltr'><strong>At</strong></span> <span class='ocrx_word' id='word_1_281' title='bbox 260 2656 400 2708; x_wconf 90' lang='lat' dir='ltr'><strong>dum</strong></span> <span class='ocrx_word' id='word_1_282' title='bbox 423 2654 806 2708; x_wconf 91' lang='lat' dir='ltr'><strong>nihilominus</strong></span> <span class='ocrx_word' id='word_1_283' title='bbox 825 2654 1151 2724; x_wconf 88' lang='lat' dir='ltr'><strong>persistere</strong></span> <span class='ocrx_word' id='word_1_284' title='bbox 1175 2653 1393 2722; x_wconf 88' lang='lat' dir='ltr'><strong>vident,</strong></span> <span class='ocrx_word' id='word_1_285' title='bbox 1437 2669 1590 2707; x_wconf 80' lang='lat' dir='ltr'><strong>uxor</strong></span> <span class='ocrx_word' id='word_1_286' title='bbox 1609 2653 1834 2706; x_wconf 86' lang='lat' dir='ltr'><strong>Benar—</strong></span> 
     </span>
    </p>
   </div>
   <div class='ocr_carea' id='block_1_43' title="bbox 161 2741 1832 2810">
    <p class='ocr_par' dir='ltr' id='par_1_43' title="bbox 161 2741 1832 2810">
     <span class='ocr_line' id='line_1_43' title="bbox 161 2741 1832 2810; baseline -0.001 -14"><span class='ocrx_word' id='word_1_287' title='bbox 161 2748 263 2798; x_wconf 92' lang='lat' dir='ltr'><strong>vet</strong></span> <span class='ocrx_word' id='word_1_288' title='bbox 289 2760 420 2798; x_wconf 91' lang='lat' dir='ltr'><strong>cum</strong></span> <span class='ocrx_word' id='word_1_289' title='bbox 443 2744 562 2798; x_wconf 82' lang='lat' dir='ltr'><strong>ﬁlio</strong></span> <span class='ocrx_word' id='word_1_290' title='bbox 585 2746 641 2798; x_wconf 90' lang='lat' dir='ltr'><strong>et</strong></span> <span class='ocrx_word' id='word_1_291' title='bbox 661 2742 1008 2797; x_wconf 86' lang='lat' dir='ltr'><strong>melioribus</strong></span> <span class='ocrx_word' id='word_1_292' title='bbox 1027 2742 1214 2810; x_wconf 90' lang='lat' dir='ltr'><strong>urbis,</strong></span> <span class='ocrx_word' id='word_1_293' title='bbox 1238 2742 1489 2794; x_wconf 87' lang='lat' dir='ltr'><strong>navibus</strong></span> <span class='ocrx_word' id='word_1_294' title='bbox 1512 2741 1742 2795; x_wconf 87' lang='lat' dir='ltr'><strong>duabus</strong></span> <span class='ocrx_word' id='word_1_295' title='bbox 1763 2742 1832 2795; x_wconf 92' lang='lat' dir='ltr'><strong>de</strong></span> 
     </span>
    </p>
   </div>
   <div class='ocr_carea' id='block_1_44' title="bbox 163 2830 1834 2902">
    <p class='ocr_par' dir='ltr' id='par_1_44' title="bbox 163 2830 1834 2902">
     <span class='ocr_line' id='line_1_44' title="bbox 163 2830 1834 2902; baseline -0.002 -14"><span class='ocrx_word' id='word_1_296' title='bbox 163 2836 341 2888; x_wconf 90' lang='lat' dir='ltr'><strong>nocte</strong></span> <span class='ocrx_word' id='word_1_297' title='bbox 364 2848 471 2902; x_wconf 91' lang='lat' dir='ltr'><strong>per</strong></span> <span class='ocrx_word' id='word_1_298' title='bbox 489 2833 713 2887; x_wconf 90' lang='lat' dir='ltr'><strong>medias</strong></span> <span class='ocrx_word' id='word_1_299' title='bbox 735 2847 918 2886; x_wconf 89' lang='lat' dir='ltr'><strong>naves</strong></span> <span class='ocrx_word' id='word_1_300' title='bbox 942 2836 1181 2885; x_wconf 86' lang='lat' dir='ltr'><strong>nostras</strong></span> <span class='ocrx_word' id='word_1_301' title='bbox 1206 2830 1584 2900; x_wconf 88' lang='lat' dir='ltr'><strong>rapidissimo</strong></span> <span class='ocrx_word' id='word_1_302' title='bbox 1608 2830 1834 2900; x_wconf 88' lang='lat' dir='ltr'><strong>remige</strong></span> 
     </span>
    </p>
   </div>
   <div class='ocr_carea' id='block_1_45' title="bbox 164 2919 1833 2990">
    <p class='ocr_par' dir='ltr' id='par_1_45' title="bbox 164 2919 1833 2990">
     <span class='ocr_line' id='line_1_45' title="bbox 164 2919 1833 2990; baseline -0.002 -14"><span class='ocrx_word' id='word_1_303' title='bbox 164 2922 493 2977; x_wconf 86' lang='lat' dir='ltr'><strong>evadentes</strong></span> <span class='ocrx_word' id='word_1_304' title='bbox 525 2936 662 2976; x_wconf 92' lang='lat' dir='ltr'><strong>sese</strong></span> <span class='ocrx_word' id='word_1_305' title='bbox 708 2921 926 2976; x_wconf 81' lang='lat' dir='ltr'><strong>Notum</strong></span> <span class='ocrx_word' id='word_1_306' title='bbox 971 2920 1284 2990; x_wconf 89' lang='lat' dir='ltr'><strong>recipiunt.</strong></span> <span class='ocrx_word' id='word_1_307' title='bbox 1337 2919 1570 2989; x_wconf 77' lang='lat' dir='ltr'><strong>Reliqui</strong></span> <span class='ocrx_word' id='word_1_308' title='bbox 1610 2919 1833 2972; x_wconf 87' lang='lat' dir='ltr'><strong>foedere</strong></span> 
     </span>
    </p>
   </div>
   <div class='ocr_carea' id='block_1_46' title="bbox 163 3007 1830 3081">
    <p class='ocr_par' dir='ltr' id='par_1_46' title="bbox 163 3007 1830 3081">
     <span class='ocr_line' id='line_1_46' title="bbox 163 3007 1830 3081; baseline -0.002 -17"><span class='ocrx_word' id='word_1_309' title='bbox 163 3011 500 3081; x_wconf 90' lang='lat' dir='ltr'><strong>composito</strong></span> <span class='ocrx_word' id='word_1_310' title='bbox 549 3009 842 3064; x_wconf 91' lang='lat' dir='ltr'><strong>deditione</strong></span> <span class='ocrx_word' id='word_1_311' title='bbox 895 3025 961 3064; x_wconf 91' lang='lat' dir='ltr'><strong>se</strong></span> <span class='ocrx_word' id='word_1_312' title='bbox 1009 3013 1064 3063; x_wconf 90' lang='lat' dir='ltr'><strong>et</strong></span> <span class='ocrx_word' id='word_1_313' title='bbox 1114 3007 1323 3062; x_wconf 90' lang='lat' dir='ltr'><strong>urbem</strong></span> <span class='ocrx_word' id='word_1_314' title='bbox 1365 3007 1634 3076; x_wconf 90' lang='lat' dir='ltr'><strong>reddunt,</strong></span> <span class='ocrx_word' id='word_1_315' title='bbox 1679 3022 1830 3061; x_wconf 90' lang='lat' dir='ltr'><strong>anno</strong></span> 
     </span>
    </p>
   </div>
   <div class='ocr_carea' id='block_1_47' title="bbox 168 3097 1838 3168">
    <p class='ocr_par' dir='ltr' id='par_1_47' title="bbox 168 3097 1838 3168">
     <span class='ocr_line' id='line_1_47' title="bbox 168 3097 1838 3168; baseline -0.002 -14"><span class='ocrx_word' id='word_1_316' title='bbox 168 3099 520 3154; x_wconf 71' lang='lat' dir='ltr'><strong>Dominicize</strong></span> <span class='ocrx_word' id='word_1_317' title='bbox 587 3098 1016 3153; x_wconf 87' lang='lat' dir='ltr'><strong>Incarnationis</strong></span> <span class='ocrx_word' id='word_1_318' title='bbox 1084 3097 1399 3151; x_wconf 91' lang='lat' dir='ltr'><strong>millesimo</strong></span> <span class='ocrx_word' id='word_1_319' title='bbox 1471 3097 1838 3168; x_wconf 86' lang='lat' dir='ltr'><strong>octogesimo</strong></span> 
     </span>
    </p>
   </div>
   <div class='ocr_carea' id='block_1_48' title="bbox 168 3189 398 3260">
    <p class='ocr_par' dir='ltr' id='par_1_48' title="bbox 168 3189 398 3260">
     <span class='ocr_line' id='line_1_48' title="bbox 168 3189 398 3260; baseline -0.004 -17"><span class='ocrx_word' id='word_1_320' title='bbox 168 3189 398 3260; x_wconf 86' lang='lat' dir='ltr'><strong>quinto.</strong></span> 
     </span>
    </p>
   </div>
   <div class='ocr_carea' id='block_1_49' title="bbox 811 3257 1194 3312">
    <p class='ocr_par' dir='ltr' id='par_1_49' title="bbox 811 3257 1194 3312">
     <span class='ocr_line' id='line_1_49' title="bbox 811 3257 1194 3312; baseline 0 0"><span class='ocrx_word' id='word_1_321' title='bbox 811 3257 1064 3312; x_wconf 83' lang='lat' dir='ltr'>CAPUT</span> <span class='ocrx_word' id='word_1_322' title='bbox 1097 3257 1194 3312; x_wconf 91' lang='lat' dir='ltr'><strong>III.</strong></span> 
     </span>
    </p>
   </div>
   <div class='ocr_carea' id='block_1_50' title="bbox 173 3363 1841 3436">
    <p class='ocr_par' dir='ltr' id='par_1_50' title="bbox 173 3363 1841 3436">
     <span class='ocr_line' id='line_1_50' title="bbox 173 3363 1841 3436; baseline -0.002 -16"><span class='ocrx_word' id='word_1_323' title='bbox 173 3363 392 3420; x_wconf 73' lang='lat' dir='ltr'><strong>Pisam&quot;</strong></span> <span class='ocrx_word' id='word_1_324' title='bbox 423 3363 694 3420; x_wconf 79' lang='lat' dir='ltr'><strong>Africam</strong></span> <span class='ocrx_word' id='word_1_325' title='bbox 733 3370 1094 3436; x_wconf 73' lang='lat' dir='ltr'><strong>oppugnant,</strong></span> <span class='ocrx_word' id='word_1_326' title='bbox 1140 3370 1197 3419; x_wconf 89' lang='lat' dir='ltr'><strong>et</strong></span> <span class='ocrx_word' id='word_1_327' title='bbox 1231 3365 1431 3418; x_wconf 88' lang='lat' dir='ltr'><strong>comiti</strong></span> <span class='ocrx_word' id='word_1_328' title='bbox 1467 3363 1841 3418; x_wconf 81' lang='lat' dir='ltr'><strong>retinendam</strong></span> 
     </span>
    </p>
   </div>
   <div class='ocr_carea' id='block_1_51' title="bbox 874 3434 1149 3490">
    <p class='ocr_par' dir='ltr' id='par_1_51' title="bbox 874 3434 1149 3490">
     <span class='ocr_line' id='line_1_51' title="bbox 874 3434 1149 3490; baseline -0.004 -1"><span class='ocrx_word' id='word_1_329' title='bbox 874 3434 1149 3490; x_wconf 66' lang='lat' dir='ltr'><strong>offerunt.</strong></span> 
     </span>
    </p>
   </div>
   <div class='ocr_carea' id='block_1_52' title="bbox 240 3524 1830 3595">
    <p class='ocr_par' dir='ltr' id='par_1_52' title="bbox 240 3524 1830 3595">
     <span class='ocr_line' id='line_1_52' title="bbox 240 3524 1830 3595; baseline -0.001 -16"><span class='ocrx_word' id='word_1_330' title='bbox 240 3525 392 3579; x_wconf 92' lang='lat' dir='ltr'><strong>Cum</strong></span> <span class='ocrx_word' id='word_1_331' title='bbox 418 3525 529 3579; x_wconf 88' lang='lat' dir='ltr'><strong>ista</strong></span> <span class='ocrx_word' id='word_1_332' title='bbox 561 3527 862 3595; x_wconf 88' lang='lat' dir='ltr'><strong>geruntur,</strong></span> <span class='ocrx_word' id='word_1_333' title='bbox 886 3525 1091 3578; x_wconf 88' lang='lat' dir='ltr'><strong>Pisani</strong></span> <span class='ocrx_word' id='word_1_334' title='bbox 1120 3524 1220 3593; x_wconf 86' lang='lat' dir='ltr'><strong>qui</strong></span> <span class='ocrx_word' id='word_1_335' title='bbox 1249 3525 1403 3594; x_wconf 89' lang='lat' dir='ltr'><strong>apud</strong></span> <span class='ocrx_word' id='word_1_336' title='bbox 1435 3524 1692 3577; x_wconf 82' lang='lat' dir='ltr'><strong>Africam</strong></span> <span class='ocrx_word' id='word_1_337' title='bbox 1721 3539 1830 3577; x_wconf 85' lang='lat' dir='ltr'><strong>ne-</strong></span> 
     </span>
    </p>
   </div>
   <div class='ocr_carea' id='block_1_53' title="bbox 173 3612 1840 3686">
    <p class='ocr_par' dir='ltr' id='par_1_53' title="bbox 173 3612 1840 3686">
     <span class='ocr_line' id='line_1_53' title="bbox 173 3612 1840 3686; baseline -0.003 -17"><span class='ocrx_word' id='word_1_338' title='bbox 173 3613 459 3686; x_wconf 81' lang='lat' dir='ltr'><strong>gotiando</strong></span> <span class='ocrx_word' id='word_1_339' title='bbox 489 3613 1042 3683; x_wconf 78' lang='lat' dir='ltr'><strong>proficiscebantur,</strong></span> <span class='ocrx_word' id='word_1_340' title='bbox 1067 3612 1354 3684; x_wconf 82' lang='lat' dir='ltr'><strong>quaedam</strong></span> <span class='ocrx_word' id='word_1_341' title='bbox 1377 3612 1630 3682; x_wconf 85' lang='lat' dir='ltr'><strong>injurias</strong></span> <span class='ocrx_word' id='word_1_342' title='bbox 1651 3613 1840 3682; x_wconf 88' lang='lat' dir='ltr'><strong>passi,</strong></span> 
     </span>
    </p>
   </div>
   <div class='ocr_carea' id='block_1_54' title="bbox 172 3701 1848 3772">
    <p class='ocr_par' dir='ltr' id='par_1_54' title="bbox 172 3701 1848 3772">
     <span class='ocr_line' id='line_1_54' title="bbox 172 3701 1848 3772; baseline -0.002 -14"><span class='ocrx_word' id='word_1_343' title='bbox 172 3703 448 3758; x_wconf 80' lang='lat' dir='ltr'><strong>exercitu</strong></span> <span class='ocrx_word' id='word_1_344' title='bbox 491 3703 883 3772; x_wconf 88' lang='lat' dir='ltr'><strong>congregato,</strong></span> <span class='ocrx_word' id='word_1_345' title='bbox 937 3703 1143 3755; x_wconf 89' lang='lat' dir='ltr'><strong>urbem</strong></span> <span class='ocrx_word' id='word_1_346' title='bbox 1192 3701 1356 3771; x_wconf 88' lang='lat' dir='ltr'><strong>regis</strong></span> <span class='ocrx_word' id='word_1_347' title='bbox 1403 3701 1618 3754; x_wconf 88' lang='lat' dir='ltr'><strong>Tunitii</strong></span> <span class='ocrx_word' id='word_1_348' title='bbox 1670 3717 1848 3771; x_wconf 88' lang='lat' dir='ltr'><strong>oppu-</strong></span> 
     </span>
    </p>
   </div>
   <div class='ocr_carea' id='block_1_55' title="bbox 175 3788 1850 3863">
    <p class='ocr_par' dir='ltr' id='par_1_55' title="bbox 175 3788 1850 3863">
     <span class='ocr_line' id='line_1_55' title="bbox 175 3788 1850 3863; baseline -0.002 -18"><span class='ocrx_word' id='word_1_349' title='bbox 175 3795 460 3863; x_wconf 86' lang='lat' dir='ltr'><strong>gnantes,</strong></span> <span class='ocrx_word' id='word_1_350' title='bbox 476 3806 667 3860; x_wconf 90' lang='lat' dir='ltr'><strong>usque</strong></span> <span class='ocrx_word' id='word_1_351' title='bbox 692 3789 763 3842; x_wconf 87' lang='lat' dir='ltr'><strong>ad</strong></span> <span class='ocrx_word' id='word_1_352' title='bbox 784 3789 1071 3859; x_wconf 87' lang='lat' dir='ltr'><strong>majorem</strong></span> <span class='ocrx_word' id='word_1_353' title='bbox 1095 3789 1301 3843; x_wconf 90' lang='lat' dir='ltr'><strong>turrim</strong></span> <span class='ocrx_word' id='word_1_354' title='bbox 1320 3805 1431 3859; x_wconf 91' lang='lat' dir='ltr'><strong>qua</strong></span> <span class='ocrx_word' id='word_1_355' title='bbox 1449 3804 1554 3842; x_wconf 79' lang='lat' dir='ltr'><strong>rex</strong></span> <span class='ocrx_word' id='word_1_356' title='bbox 1571 3788 1850 3842; x_wconf 88' lang='lat' dir='ltr'><strong>defende-</strong></span> 
     </span>
    </p>
   </div>
   <div class='ocr_carea' id='block_1_56' title="bbox 174 3877 1851 3949">
    <p class='ocr_par' dir='ltr' id='par_1_56' title="bbox 174 3877 1851 3949">
     <span class='ocr_line' id='line_1_56' title="bbox 174 3877 1851 3949; baseline -0.002 -15"><span class='ocrx_word' id='word_1_357' title='bbox 174 3881 358 3934; x_wconf 90' lang='lat' dir='ltr'><strong>batur</strong></span> <span class='ocrx_word' id='word_1_358' title='bbox 379 3879 635 3949; x_wconf 89' lang='lat' dir='ltr'><strong>capiunt.</strong></span> <span class='ocrx_word' id='word_1_359' title='bbox 681 3878 796 3931; x_wconf 92' lang='lat' dir='ltr'><strong>Sed</strong></span> <span class='ocrx_word' id='word_1_360' title='bbox 820 3878 956 3948; x_wconf 89' lang='lat' dir='ltr'><strong>quia</strong></span> <span class='ocrx_word' id='word_1_361' title='bbox 981 3893 1088 3932; x_wconf 87' lang='lat' dir='ltr'><strong>sua</strong></span> <span class='ocrx_word' id='word_1_362' title='bbox 1111 3877 1493 3932; x_wconf 77' lang='lat' dir='ltr'><strong>virtute-urbe</strong></span> <span class='ocrx_word' id='word_1_363' title='bbox 1515 3881 1851 3948; x_wconf 84' lang='lat' dir='ltr'><strong>expugnata</strong></span> 
     </span>
    </p>
   </div>
   <div class='ocr_carea' id='block_1_57' title="bbox 175 3964 1852 4038">
    <p class='ocr_par' dir='ltr' id='par_1_57' title="bbox 175 3964 1852 4038">
     <span class='ocr_line' id='line_1_57' title="bbox 175 3964 1852 4038; baseline -0.003 -16"><span class='ocrx_word' id='word_1_364' title='bbox 175 3969 433 4038; x_wconf 86' lang='lat' dir='ltr'><strong>patriam</strong></span> <span class='ocrx_word' id='word_1_365' title='bbox 466 3969 718 4022; x_wconf 88' lang='lat' dir='ltr'><strong>retinere</strong></span> <span class='ocrx_word' id='word_1_366' title='bbox 758 3967 955 4021; x_wconf 89' lang='lat' dir='ltr'><strong>minus</strong></span> <span class='ocrx_word' id='word_1_367' title='bbox 1006 3967 1408 4035; x_wconf 77' lang='lat' dir='ltr'><strong>sufficientes,</strong></span> <span class='ocrx_word' id='word_1_368' title='bbox 1459 3966 1655 4020; x_wconf 92' lang='lat' dir='ltr'><strong>comiti</strong></span> <span class='ocrx_word' id='word_1_369' title='bbox 1705 3964 1852 4019; x_wconf 89' lang='lat' dir='ltr'><strong>Sici-</strong></span> 
     </span>
    </p>
   </div>
   <div class='ocr_carea' id='block_1_58' title="bbox 175 4055 1848 4128">
    <p class='ocr_par' dir='ltr' id='par_1_58' title="bbox 175 4055 1848 4128">
     <span class='ocr_line' id='line_1_58' title="bbox 175 4055 1848 4128; baseline -0.003 -17"><span class='ocrx_word' id='word_1_370' title='bbox 175 4057 382 4124; x_wconf 90' lang='lat' dir='ltr'><strong>liensi,</strong></span> <span class='ocrx_word' id='word_1_371' title='bbox 399 4071 573 4126; x_wconf 88' lang='lat' dir='ltr'><strong>quem</strong></span> <span class='ocrx_word' id='word_1_372' title='bbox 587 4056 802 4110; x_wconf 88' lang='lat' dir='ltr'><strong>talibus</strong></span> <span class='ocrx_word' id='word_1_373' title='bbox 822 4056 1204 4125; x_wconf 71' lang='lat' dir='ltr'><strong>praevalidum</strong></span> <span class='ocrx_word' id='word_1_374' title='bbox 1221 4055 1682 4128; x_wconf 88' lang='lat' dir='ltr'><strong>cognoscebant,</strong></span> <span class='ocrx_word' id='word_1_375' title='bbox 1700 4070 1848 4122; x_wconf 91' lang='lat' dir='ltr'><strong>eam,</strong></span> 
     </span>
    </p>
   </div>
   <div class='ocr_carea' id='block_1_59' title="bbox 175 4143 1848 4214">
    <p class='ocr_par' dir='ltr' id='par_1_59' title="bbox 175 4143 1848 4214">
     <span class='ocr_line' id='line_1_59' title="bbox 175 4143 1848 4214; baseline -0.002 -15"><span class='ocrx_word' id='word_1_376' title='bbox 175 4146 232 4199; x_wconf 91' lang='lat' dir='ltr'><strong>si</strong></span> <span class='ocrx_word' id='word_1_377' title='bbox 263 4145 536 4214; x_wconf 92' lang='lat' dir='ltr'><strong>recipere</strong></span> <span class='ocrx_word' id='word_1_378' title='bbox 569 4145 744 4213; x_wconf 86' lang='lat' dir='ltr'><strong>velit,</strong></span> <span class='ocrx_word' id='word_1_379' title='bbox 797 4159 905 4214; x_wconf 89' lang='lat' dir='ltr'><strong>per</strong></span> <span class='ocrx_word' id='word_1_380' title='bbox 955 4145 1184 4214; x_wconf 87' lang='lat' dir='ltr'><strong>legatos</strong></span> <span class='ocrx_word' id='word_1_381' title='bbox 1230 4145 1546 4198; x_wconf 88' lang='lat' dir='ltr'><strong>invitantes</strong></span> <span class='ocrx_word' id='word_1_382' title='bbox 1577 4143 1848 4197; x_wconf 83' lang='lat' dir='ltr'><strong>offerunt.</strong></span> 
     </span>
    </p>
   </div>
   <div class='ocr_carea' id='block_1_60' title="bbox 178 4231 1854 4304">
    <p class='ocr_par' dir='ltr' id='par_1_60' title="bbox 178 4231 1854 4304">
     <span class='ocr_line' id='line_1_60' title="bbox 178 4231 1854 4304; baseline -0.003 -16"><span class='ocrx_word' id='word_1_383' title='bbox 178 4235 375 4288; x_wconf 81' lang='lat' dir='ltr'><strong>Porro</strong></span> <span class='ocrx_word' id='word_1_384' title='bbox 411 4233 508 4287; x_wconf 91' lang='lat' dir='ltr'><strong>ille</strong></span> <span class='ocrx_word' id='word_1_385' title='bbox 538 4234 671 4303; x_wconf 89' lang='lat' dir='ltr'><strong>quia</strong></span> <span class='ocrx_word' id='word_1_386' title='bbox 709 4234 839 4304; x_wconf 88' lang='lat' dir='ltr'><strong>regi</strong></span> <span class='ocrx_word' id='word_1_387' title='bbox 860 4233 1076 4287; x_wconf 90' lang='lat' dir='ltr'><strong>Tunitii</strong></span> <span class='ocrx_word' id='word_1_388' title='bbox 1098 4231 1247 4301; x_wconf 85' lang='grc'><strong>(318)</strong></span> <span class='ocrx_word' id='word_1_389' title='bbox 1271 4232 1583 4286; x_wconf 87' lang='lat' dir='ltr'><strong>amicitiam</strong></span> <span class='ocrx_word' id='word_1_390' title='bbox 1616 4247 1680 4285; x_wconf 90' lang='lat' dir='ltr'><strong>se</strong></span> <span class='ocrx_word' id='word_1_391' title='bbox 1717 4246 1854 4284; x_wconf 91' lang='lat' dir='ltr'><strong>ser-</strong></span> 
     </span>
    </p>
   </div>
   <div class='ocr_carea' id='block_1_61' title="bbox 179 4321 1855 4392">
    <p class='ocr_par' dir='ltr' id='par_1_61' title="bbox 179 4321 1855 4392">
     <span class='ocr_line' id='line_1_61' title="bbox 179 4321 1855 4392; baseline 0 -18"><span class='ocrx_word' id='word_1_392' title='bbox 179 4326 461 4376; x_wconf 86' lang='lat' dir='ltr'><strong>vaturum</strong></span> <span class='ocrx_word' id='word_1_393' title='bbox 477 4321 724 4389; x_wconf 84' lang='lat' dir='ltr'><strong>dixerat,</strong></span> <span class='ocrx_word' id='word_1_394' title='bbox 740 4322 1098 4392; x_wconf 90' lang='lat' dir='ltr'><strong>legalitatem</strong></span> <span class='ocrx_word' id='word_1_395' title='bbox 1118 4337 1286 4375; x_wconf 91' lang='lat' dir='ltr'><strong>suam</strong></span> <span class='ocrx_word' id='word_1_396' title='bbox 1301 4337 1552 4374; x_wconf 90' lang='lat' dir='ltr'><strong>servans</strong></span> <span class='ocrx_word' id='word_1_397' title='bbox 1567 4321 1624 4373; x_wconf 90' lang='lat' dir='ltr'><strong>in</strong></span> <span class='ocrx_word' id='word_1_398' title='bbox 1643 4321 1855 4374; x_wconf 90' lang='lat' dir='ltr'><strong>damno</strong></span> 
     </span>
    </p>
   </div>
   <div class='ocr_carea' id='block_1_62' title="bbox 181 4407 1850 4478">
    <p class='ocr_par' dir='ltr' id='par_1_62' title="bbox 181 4407 1850 4478">
     <span class='ocr_line' id='line_1_62' title="bbox 181 4407 1850 4478; baseline -0.001 -15"><span class='ocrx_word' id='word_1_399' title='bbox 181 4411 352 4463; x_wconf 88' lang='lat' dir='ltr'><strong>illius</strong></span> <span class='ocrx_word' id='word_1_400' title='bbox 393 4410 686 4462; x_wconf 89' lang='lat' dir='ltr'><strong>assentire</strong></span> <span class='ocrx_word' id='word_1_401' title='bbox 718 4409 961 4463; x_wconf 90' lang='lat' dir='ltr'><strong>distulit.</strong></span> <span class='ocrx_word' id='word_1_402' title='bbox 1017 4410 1142 4462; x_wconf 79' lang='lat' dir='ltr'><strong>Rex</strong></span> <span class='ocrx_word' id='word_1_403' title='bbox 1189 4425 1331 4462; x_wconf 91' lang='lat' dir='ltr'><strong>vero</strong></span> <span class='ocrx_word' id='word_1_404' title='bbox 1377 4409 1651 4462; x_wconf 87' lang='lat' dir='ltr'><strong>Tunitius</strong></span> <span class='ocrx_word' id='word_1_405' title='bbox 1680 4407 1850 4478; x_wconf 79' lang='lat'>(3‘19),</span> 
     </span>
    </p>
   </div>
   <div class='ocr_carea' id='block_1_63' title="bbox 188 4498 1857 4568">
    <p class='ocr_par' dir='ltr' id='par_1_63' title="bbox 188 4498 1857 4568">
     <span class='ocr_line' id='line_1_63' title="bbox 188 4498 1857 4568; baseline -0.001 -16"><span class='ocrx_word' id='word_1_406' title='bbox 188 4515 327 4552; x_wconf 81' lang='lat' dir='ltr'><strong>cum</strong></span> <span class='ocrx_word' id='word_1_407' title='bbox 354 4498 634 4551; x_wconf 89' lang='lat' dir='ltr'><strong>certando</strong></span> <span class='ocrx_word' id='word_1_408' title='bbox 653 4499 935 4551; x_wconf 90' lang='lat' dir='ltr'><strong>resistere</strong></span> <span class='ocrx_word' id='word_1_409' title='bbox 959 4498 1180 4568; x_wconf 86' lang='lat' dir='ltr'><strong>nequit,</strong></span> <span class='ocrx_word' id='word_1_410' title='bbox 1205 4498 1394 4567; x_wconf 90' lang='lat' dir='ltr'><strong>pretio</strong></span> <span class='ocrx_word' id='word_1_411' title='bbox 1413 4513 1614 4566; x_wconf 89' lang='lat' dir='ltr'><strong>pacem</strong></span> <span class='ocrx_word' id='word_1_412' title='bbox 1634 4513 1857 4551; x_wconf 89' lang='lat' dir='ltr'><strong>merca-</strong></span> 
     </span>
    </p>
   </div>
   <div class='ocr_carea' id='block_1_64' title="bbox 186 4583 1856 4656">
    <p class='ocr_par' dir='ltr' id='par_1_64' title="bbox 186 4583 1856 4656">
     <span class='ocr_line' id='line_1_64' title="bbox 186 4583 1856 4656; baseline -0.002 -15"><span class='ocrx_word' id='word_1_413' title='bbox 186 4592 324 4655; x_wconf 89' lang='lat' dir='ltr'><strong>tus,</strong></span> <span class='ocrx_word' id='word_1_414' title='bbox 362 4602 514 4656; x_wconf 90' lang='lat' dir='ltr'><strong>quos</strong></span> <span class='ocrx_word' id='word_1_415' title='bbox 563 4583 711 4654; x_wconf 81' lang='grc'>(320)</span> <span class='ocrx_word' id='word_1_416' title='bbox 742 4587 922 4638; x_wconf 89' lang='lat' dir='ltr'><strong>armis</strong></span> <span class='ocrx_word' id='word_1_417' title='bbox 963 4585 1158 4638; x_wconf 89' lang='lat' dir='ltr'><strong>minus</strong></span> <span class='ocrx_word' id='word_1_418' title='bbox 1203 4585 1568 4653; x_wconf 83' lang='lat' dir='ltr'><strong>sufﬁciebat,</strong></span> <span class='ocrx_word' id='word_1_419' title='bbox 1610 4585 1856 4654; x_wconf 89' lang='lat' dir='ltr'><strong>pecunia</strong></span> 
     </span>
    </p>
   </div>
   <div class='ocr_carea' id='block_1_65' title="bbox 188 4672 1857 4744">
    <p class='ocr_par' dir='ltr' id='par_1_65' title="bbox 188 4672 1857 4744">
     <span class='ocr_line' id='line_1_65' title="bbox 188 4672 1857 4744; baseline -0.003 -14"><span class='ocrx_word' id='word_1_420' title='bbox 188 4677 393 4730; x_wconf 88' lang='lat' dir='ltr'><strong>classe</strong></span> <span class='ocrx_word' id='word_1_421' title='bbox 409 4674 558 4742; x_wconf 77' lang='lat'>(3‘21)</span> <span class='ocrx_word' id='word_1_422' title='bbox 582 4674 730 4727; x_wconf 80' lang='lat' dir='ltr'><strong>fines</strong></span> <span class='ocrx_word' id='word_1_423' title='bbox 744 4672 1064 4728; x_wconf 85' lang='lat' dir='ltr'><strong>Christiani</strong></span> <span class='ocrx_word' id='word_1_424' title='bbox 1088 4674 1343 4728; x_wconf 88' lang='lat' dir='ltr'><strong>nominis</strong></span> <span class='ocrx_word' id='word_1_425' title='bbox 1367 4689 1687 4744; x_wconf 90' lang='lat' dir='ltr'><strong>pervasum</strong></span> <span class='ocrx_word' id='word_1_426' title='bbox 1709 4672 1857 4744; x_wconf 73' lang='grc'>(322)</span> 
     </span>
    </p>
   </div>
   <div class='ocr_carea' id='block_1_66' title="bbox 191 4762 1858 4834">
    <p class='ocr_par' dir='ltr' id='par_1_66' title="bbox 191 4762 1858 4834">
     <span class='ocr_line' id='line_1_66' title="bbox 191 4762 1858 4834; baseline -0.001 -16"><span class='ocrx_word' id='word_1_427' title='bbox 191 4765 446 4818; x_wconf 90' lang='lat' dir='ltr'><strong>ulterius</strong></span> <span class='ocrx_word' id='word_1_428' title='bbox 469 4765 711 4832; x_wconf 89' lang='lat' dir='ltr'><strong>tentare,</strong></span> <span class='ocrx_word' id='word_1_429' title='bbox 729 4765 784 4817; x_wconf 91' lang='lat' dir='ltr'><strong>et</strong></span> <span class='ocrx_word' id='word_1_430' title='bbox 801 4778 949 4833; x_wconf 90' lang='lat' dir='ltr'><strong>quos</strong></span> <span class='ocrx_word' id='word_1_431' title='bbox 972 4762 1242 4834; x_wconf 89' lang='lat' dir='ltr'><strong>ejusdem</strong></span> <span class='ocrx_word' id='word_1_432' title='bbox 1267 4762 1578 4834; x_wconf 89' lang='lat' dir='ltr'><strong>religionis</strong></span> <span class='ocrx_word' id='word_1_433' title='bbox 1593 4762 1858 4833; x_wconf 87' lang='lat' dir='ltr'><strong>captivos</strong></span> 
     </span>
    </p>
   </div>
   <div class='ocr_carea' id='block_1_67' title="bbox 191 4852 1194 4908">
    <p class='ocr_par' dir='ltr' id='par_1_67' title="bbox 191 4852 1194 4908">
     <span class='ocr_line' id='line_1_67' title="bbox 191 4852 1194 4908; baseline 0.001 -2"><span class='ocrx_word' id='word_1_434' title='bbox 191 4853 435 4908; x_wconf 90' lang='lat' dir='ltr'><strong>tenebat</strong></span> <span class='ocrx_word' id='word_1_435' title='bbox 467 4854 708 4907; x_wconf 90' lang='lat' dir='ltr'><strong>coactus</strong></span> <span class='ocrx_word' id='word_1_436' title='bbox 739 4855 829 4906; x_wconf 91' lang='lat' dir='ltr'><strong>est</strong></span> <span class='ocrx_word' id='word_1_437' title='bbox 862 4852 1194 4907; x_wconf 88' lang='lat' dir='ltr'><strong>absolvere.</strong></span> 
     </span>
    </p>
   </div>
   <div class='ocr_carea' id='block_1_68' title="bbox 837 4975 1218 5030">
    <p class='ocr_par' dir='ltr' id='par_1_68' title="bbox 837 4975 1218 5030">
     <span class='ocr_line' id='line_1_68' title="bbox 837 4975 1218 5030; baseline 0 -1"><span class='ocrx_word' id='word_1_438' title='bbox 837 4975 1088 5030; x_wconf 85' lang='lat' dir='ltr'><strong>CAPUT</strong></span> <span class='ocrx_word' id='word_1_439' title='bbox 1125 4976 1218 5029; x_wconf 84' lang='lat' dir='ltr'><strong>IV.</strong></span> 
     </span>
    </p>
   </div>
   <div class='ocr_carea' id='block_1_69' title="bbox 193 5079 1862 5204">
    <p class='ocr_par' dir='ltr' id='par_1_69' title="bbox 193 5079 1862 5204">
     <span class='ocr_line' id='line_1_69' title="bbox 193 5079 1862 5204; baseline -0.001 -68"><span class='ocrx_word' id='word_1_440' title='bbox 193 5079 499 5153; x_wconf 79' lang='lat' dir='ltr'><strong>Rogerius</strong></span> <span class='ocrx_word' id='word_1_441' title='bbox 537 5080 660 5134; x_wconf 80' lang='lat' dir='ltr'><strong>dux</strong></span> <span class='ocrx_word' id='word_1_442' title='bbox 689 5085 747 5136; x_wconf 83' lang='lat' dir='ltr'><strong>et</strong></span> <span class='ocrx_word' id='word_1_443' title='bbox 785 5080 1160 5204; x_wconf 44' lang='lat' dir='ltr'><strong>Boajnundus</strong></span> <span class='ocrx_word' id='word_1_444' title='bbox 1206 5082 1332 5153; x_wconf 74' lang='lat' dir='ltr'><strong>eius</strong></span> <span class='ocrx_word' id='word_1_445' title='bbox 1369 5081 1566 5137; x_wconf 76' lang='lat' dir='ltr'><strong>frater</strong></span> <span class='ocrx_word' id='word_1_446' title='bbox 1594 5081 1862 5136; x_wconf 86' lang='lat' dir='ltr'><strong>reconci-</strong></span> 
     </span>
     <span class='ocr_line' id='line_1_70' title="bbox 936 5160 1149 5204; baseline 0 0"><span class='ocrx_word' id='word_1_447' title='bbox 936 5160 1149 5204; x_wconf 68' lang='lat' dir='ltr'><strong>lantur.</strong></span> 
     </span>
    </p>
   </div>
   <div class='ocr_carea' id='block_1_70' title="bbox 936 5160 1149 5207">
    <p class='ocr_par' dir='ltr' id='par_1_70' title="bbox 936 5160 1149 5207">
     <span class='ocr_line' id='line_1_71' title="bbox 936 5160 1149 5207; baseline 0.009 -2"><span class='ocrx_word' id='word_1_448' title='bbox 936 5160 1149 5207; x_wconf 71' lang='lat' dir='ltr'><strong>tantur.</strong></span> 
     </span>
    </p>
   </div>
   <div class='ocr_carea' id='block_1_71' title="bbox 271 5239 1861 5313">
    <p class='ocr_par' dir='ltr' id='par_1_71' title="bbox 271 5239 1861 5313">
     <span class='ocr_line' id='line_1_72' title="bbox 271 5239 1861 5313; baseline -0.001 -18"><span class='ocrx_word' id='word_1_449' title='bbox 271 5241 403 5295; x_wconf 84' lang='lat' dir='ltr'><strong>Dux</strong></span> <span class='ocrx_word' id='word_1_450' title='bbox 425 5241 619 5294; x_wconf 89' lang='lat' dir='ltr'><strong>autem</strong></span> <span class='ocrx_word' id='word_1_451' title='bbox 652 5239 947 5311; x_wconf 78' lang='lat' dir='ltr'><strong>Rogerius</strong></span> <span class='ocrx_word' id='word_1_452' title='bbox 977 5242 1129 5311; x_wconf 90' lang='lat' dir='ltr'><strong>apud</strong></span> <span class='ocrx_word' id='word_1_453' title='bbox 1162 5242 1432 5313; x_wconf 85' lang='lat' dir='ltr'><strong>Apuliam</strong></span> <span class='ocrx_word' id='word_1_454' title='bbox 1453 5246 1508 5296; x_wconf 92' lang='lat' dir='ltr'><strong>et</strong></span> <span class='ocrx_word' id='word_1_455' title='bbox 1529 5241 1861 5296; x_wconf 88' lang='lat' dir='ltr'><strong>Calabriam</strong></span> 
     </span>
    </p>
   </div>
   <div class='ocr_carea' id='block_1_72' title="bbox 197 5328 1862 5401">
    <p class='ocr_par' dir='ltr' id='par_1_72' title="bbox 197 5328 1862 5401">
     <span class='ocr_line' id='line_1_73' title="bbox 197 5328 1862 5401; baseline -0.001 -16"><span class='ocrx_word' id='word_1_456' title='bbox 197 5345 310 5386; x_wconf 83' lang='lat' dir='ltr'><strong>sua</strong></span> <span class='ocrx_word' id='word_1_457' title='bbox 331 5329 632 5400; x_wconf 88' lang='lat' dir='ltr'><strong>sapienter</strong></span> <span class='ocrx_word' id='word_1_458' title='bbox 648 5328 993 5400; x_wconf 87' lang='lat' dir='ltr'><strong>disponens,</strong></span> <span class='ocrx_word' id='word_1_459' title='bbox 1015 5330 1072 5385; x_wconf 90' lang='lat' dir='ltr'><strong>in</strong></span> <span class='ocrx_word' id='word_1_460' title='bbox 1094 5332 1368 5386; x_wconf 90' lang='lat' dir='ltr'><strong>omnibus</strong></span> <span class='ocrx_word' id='word_1_461' title='bbox 1391 5334 1630 5386; x_wconf 89' lang='lat' dir='ltr'><strong>strenue</strong></span> <span class='ocrx_word' id='word_1_462' title='bbox 1654 5334 1710 5385; x_wconf 88' lang='lat' dir='ltr'><strong>et</strong></span> <span class='ocrx_word' id='word_1_463' title='bbox 1729 5346 1862 5401; x_wconf 80' lang='lat' dir='ltr'><strong>pro-</strong></span> 
     </span>
    </p>
   </div>
   <div class='ocr_carea' id='block_1_73' title="bbox 273 5468 764 5540">
    <p class='ocr_par' dir='ltr' id='par_1_73' title="bbox 273 5468 764 5540">
     <span class='ocr_line' id='line_1_74' title="bbox 273 5468 764 5540; baseline 0.004 -16"><span class='ocrx_word' id='word_1_464' title='bbox 273 5468 423 5540; x_wconf 83' lang='grc'><strong>(318)</strong></span> <span class='ocrx_word' id='word_1_465' title='bbox 466 5469 764 5526; x_wconf 80' lang='lat' dir='ltr'><strong>7humino.</strong></span> 
     </span>
    </p>
   </div>
   <div class='ocr_carea' id='block_1_74' title="bbox 276 5539 800 5610">
    <p class='ocr_par' dir='ltr' id='par_1_74' title="bbox 276 5539 800 5610">
     <span class='ocr_line' id='line_1_75' title="bbox 276 5539 800 5610; baseline 0.004 -16"><span class='ocrx_word' id='word_1_466' title='bbox 276 5539 424 5610; x_wconf 88' lang='grc'><strong>(319)</strong></span> <span class='ocrx_word' id='word_1_467' title='bbox 465 5541 800 5596; x_wconf 76' lang='lat' dir='ltr'><strong>Thummus.</strong></span> 
     </span>
    </p>
   </div>
   <div class='ocr_carea' id='block_1_75' title="bbox 277 5612 1104 5757">
    <p class='ocr_par' dir='ltr' id='par_1_75' title="bbox 277 5612 1104 5757">
     <span class='ocr_line' id='line_1_76' title="bbox 277 5612 1104 5685; baseline 0.005 -20"><span class='ocrx_word' id='word_1_468' title='bbox 277 5612 405 5674; x_wconf 83' lang='grc'><strong>(320</strong></span> <span class='ocrx_word' id='word_1_469' title='bbox 458 5612 784 5683; x_wconf 86' lang='lat' dir='ltr'><strong>Mercatus,</strong></span> <span class='ocrx_word' id='word_1_470' title='bbox 821 5614 1104 5685; x_wconf 84' lang='lat' dir='ltr'><strong>quamvis.</strong></span> 
     </span>
     <span class='ocr_line' id='line_1_77' title="bbox 278 5615 1104 5757; baseline 0.007 -20"><span class='ocrx_word' id='word_1_471' title='bbox 278 5615 427 5757; x_wconf 60' lang='grc'>(321)</span> <span class='ocrx_word' id='word_1_472' title='bbox 440 5682 762 5740; x_wconf 83' lang='lat' dir='ltr'><strong>C.P.Fim’b</strong></span> <span class='ocrx_word' id='word_1_473' title='bbox 770 5685 974 5742; x_wconf 87' lang='lat' dir='ltr'><strong>ussuis</strong></span> <span class='ocrx_word' id='word_1_474' title='bbox 989 5701 1104 5743; x_wconf 65' lang='grc' dir='ltr'><strong>ενοι</strong></span> 
     </span>
    </p>
   </div>
   <div class='ocr_carea' id='block_1_76' title="bbox 278 5682 1863 5760">
    <p class='ocr_par' dir='ltr' id='par_1_76' title="bbox 278 5682 1863 5760">
     <span class='ocr_line' id='line_1_78' title="bbox 278 5682 1863 5760; baseline 0.003 -22"><span class='ocrx_word' id='word_1_475' title='bbox 278 5682 427 5759; x_wconf 81' lang='grc'>(321)</span> <span class='ocrx_word' id='word_1_476' title='bbox 440 5682 974 5742; x_wconf 73' lang='lat' dir='ltr'><strong>C.P.Finibussuis</strong></span> <span class='ocrx_word' id='word_1_477' title='bbox 989 5690 1173 5757; x_wconf 85' lang='lat' dir='ltr'><strong>arcet,</strong></span> <span class='ocrx_word' id='word_1_478' title='bbox 1181 5685 1380 5760; x_wconf 82' lang='lat' dir='ltr'><strong>promi</strong></span> <span class='ocrx_word' id='word_1_479' title='bbox 1383 5689 1542 5743; x_wconf 82' lang='lat' dir='ltr'><strong>tteus</strong></span> <span class='ocrx_word' id='word_1_480' title='bbox 1559 5686 1736 5745; x_wconf 80' lang='lat' dir='ltr'><strong>etiam</strong></span> <span class='ocrx_word' id='word_1_481' title='bbox 1752 5684 1863 5742; x_wconf 86' lang='lat' dir='ltr'><strong>sub</strong></span> 
     </span>
    </p>
   </div>
   <div class='ocr_carea' id='block_1_77' title="bbox 1870 3247 1922 3314">
    <p class='ocr_par' dir='ltr' id='par_1_77' title="bbox 1870 3247 1922 3314">
     <span class='ocr_line' id='line_1_79' title="bbox 1870 3247 1922 3314; baseline 0 0"><span class='ocrx_word' id='word_1_482' title='bbox 1870 3247 1922 3314; x_wconf 80' lang='lat' dir='ltr'><strong>O</strong></span> 
     </span>
    </p>
   </div>
   <div class='ocr_carea' id='block_1_78' title="bbox 1951 1945 3614 2018">
    <p class='ocr_par' dir='ltr' id='par_1_78' title="bbox 1951 1945 3614 2018">
     <span class='ocr_line' id='line_1_80' title="bbox 1951 1945 3614 2018; baseline -0.003 -16"><span class='ocrx_word' id='word_1_483' title='bbox 1951 1949 2122 2016; x_wconf 90' lang='lat' dir='ltr'><strong>dens,</strong></span> <span class='ocrx_word' id='word_1_484' title='bbox 2142 1964 2260 2002; x_wconf 91' lang='lat' dir='ltr'><strong>non</strong></span> <span class='ocrx_word' id='word_1_485' title='bbox 2283 1949 2438 2018; x_wconf 89' lang='lat' dir='ltr'><strong>quod</strong></span> <span class='ocrx_word' id='word_1_486' title='bbox 2463 1949 2633 2002; x_wconf 92' lang='lat' dir='ltr'><strong>miles</strong></span> <span class='ocrx_word' id='word_1_487' title='bbox 2652 1947 3135 2018; x_wconf 91' lang='lat' dir='ltr'><strong>elegantissimus</strong></span> <span class='ocrx_word' id='word_1_488' title='bbox 3159 1961 3274 1999; x_wconf 90' lang='lat' dir='ltr'><strong>non</strong></span> <span class='ocrx_word' id='word_1_489' title='bbox 3293 1945 3485 2014; x_wconf 87' lang='lat' dir='ltr'><strong>fuerit,</strong></span> <span class='ocrx_word' id='word_1_490' title='bbox 3508 1945 3614 1998; x_wconf 91' lang='lat' dir='ltr'><strong>sed</strong></span> 
     </span>
    </p>
   </div>
   <div class='ocr_carea' id='block_1_79' title="bbox 1955 2035 3617 2107">
    <p class='ocr_par' dir='ltr' id='par_1_79' title="bbox 1955 2035 3617 2107">
     <span class='ocr_line' id='line_1_81' title="bbox 1955 2035 3617 2107; baseline -0.004 -16"><span class='ocrx_word' id='word_1_491' title='bbox 1955 2037 2092 2107; x_wconf 90' lang='lat' dir='ltr'><strong>quia</strong></span> <span class='ocrx_word' id='word_1_492' title='bbox 2114 2041 2387 2105; x_wconf 89' lang='lat' dir='ltr'><strong>sumptus</strong></span> <span class='ocrx_word' id='word_1_493' title='bbox 2410 2037 2482 2090; x_wconf 88' lang='lat' dir='ltr'><strong>ad</strong></span> <span class='ocrx_word' id='word_1_494' title='bbox 2505 2037 2559 2090; x_wconf 92' lang='lat' dir='ltr'><strong>id</strong></span> <span class='ocrx_word' id='word_1_495' title='bbox 2584 2037 2806 2107; x_wconf 88' lang='lat' dir='ltr'><strong>negotii</strong></span> <span class='ocrx_word' id='word_1_496' title='bbox 2828 2035 3154 2089; x_wconf 88' lang='lat' dir='ltr'><strong>necessarii</strong></span> <span class='ocrx_word' id='word_1_497' title='bbox 3175 2036 3370 2088; x_wconf 91' lang='lat' dir='ltr'><strong>minus</strong></span> <span class='ocrx_word' id='word_1_498' title='bbox 3403 2048 3617 2102; x_wconf 88' lang='lat' dir='ltr'><strong>suppe-</strong></span> 
     </span>
    </p>
   </div>
   <div class='ocr_carea' id='block_1_80' title="bbox 1954 2123 3616 2195">
    <p class='ocr_par' dir='ltr' id='par_1_80' title="bbox 1954 2123 3616 2195">
     <span class='ocr_line' id='line_1_82' title="bbox 1954 2123 3616 2195; baseline -0.003 -15"><span class='ocrx_word' id='word_1_499' title='bbox 1954 2127 2172 2195; x_wconf 89' lang='lat' dir='ltr'><strong>tebant,</strong></span> <span class='ocrx_word' id='word_1_500' title='bbox 2208 2125 2462 2179; x_wconf 84' lang='lat' dir='ltr'><strong>fraterna</strong></span> <span class='ocrx_word' id='word_1_501' title='bbox 2506 2127 2718 2195; x_wconf 90' lang='lat' dir='ltr'><strong>pietate</strong></span> <span class='ocrx_word' id='word_1_502' title='bbox 2759 2126 3107 2192; x_wconf 89' lang='lat' dir='ltr'><strong>commotus,</strong></span> <span class='ocrx_word' id='word_1_503' title='bbox 3135 2124 3424 2178; x_wconf 86' lang='lat' dir='ltr'><strong>arcessito</strong></span> <span class='ocrx_word' id='word_1_504' title='bbox 3446 2123 3517 2175; x_wconf 90' lang='lat' dir='ltr'><strong>ad</strong></span> <span class='ocrx_word' id='word_1_505' title='bbox 3549 2136 3616 2175; x_wconf 87' lang='lat' dir='ltr'><strong>se</strong></span> 
     </span>
    </p>
   </div>
   <div class='ocr_carea' id='block_1_81' title="bbox 1953 2211 3615 2284">
    <p class='ocr_par' dir='ltr' id='par_1_81' title="bbox 1953 2211 3615 2284">
     <span class='ocr_line' id='line_1_83' title="bbox 1953 2211 3615 2284; baseline -0.003 -15"><span class='ocrx_word' id='word_1_506' title='bbox 1953 2217 2011 2270; x_wconf 88' lang='lat' dir='ltr'><strong>et</strong></span> <span class='ocrx_word' id='word_1_507' title='bbox 2029 2215 2430 2282; x_wconf 88' lang='lat' dir='ltr'><strong>reconciliato,</strong></span> <span class='ocrx_word' id='word_1_508' title='bbox 2449 2217 2670 2284; x_wconf 88' lang='lat' dir='ltr'><strong>partem</strong></span> <span class='ocrx_word' id='word_1_509' title='bbox 2690 2218 2948 2282; x_wconf 85' lang='lat' dir='ltr'><strong>paternae</strong></span> <span class='ocrx_word' id='word_1_510' title='bbox 2966 2213 3328 2266; x_wconf 86' lang='lat' dir='ltr'><strong>haereditatis</strong></span> <span class='ocrx_word' id='word_1_511' title='bbox 3351 2211 3615 2279; x_wconf 90' lang='lat' dir='ltr'><strong>contulit,</strong></span> 
     </span>
    </p>
   </div>
   <div class='ocr_carea' id='block_1_82' title="bbox 1955 2303 3614 2373">
    <p class='ocr_par' dir='ltr' id='par_1_82' title="bbox 1955 2303 3614 2373">
     <span class='ocr_line' id='line_1_84' title="bbox 1955 2303 3614 2373; baseline -0.003 -16"><span class='ocrx_word' id='word_1_512' title='bbox 1955 2319 2226 2359; x_wconf 89' lang='lat' dir='ltr'><strong>annuens</strong></span> <span class='ocrx_word' id='word_1_513' title='bbox 2272 2305 2324 2357; x_wconf 89' lang='lat' dir='ltr'><strong>ei</strong></span> <span class='ocrx_word' id='word_1_514' title='bbox 2356 2303 2544 2373; x_wconf 88' lang='lat' dir='ltr'><strong>ipsam</strong></span> <span class='ocrx_word' id='word_1_515' title='bbox 2573 2303 2767 2356; x_wconf 89' lang='lat' dir='ltr'><strong>Oriam</strong></span> <span class='ocrx_word' id='word_1_516' title='bbox 2800 2303 3005 2356; x_wconf 86' lang='lat' dir='ltr'><strong>urbem</strong></span> <span class='ocrx_word' id='word_1_517' title='bbox 3047 2318 3220 2372; x_wconf 90' lang='lat' dir='ltr'><strong>quam</strong></span> <span class='ocrx_word' id='word_1_518' title='bbox 3250 2303 3614 2370; x_wconf 87' lang='lat' dir='ltr'><strong>pervaserat,</strong></span> 
     </span>
    </p>
   </div>
   <div class='ocr_carea' id='block_1_83' title="bbox 1957 2388 3619 2462">
    <p class='ocr_par' dir='ltr' id='par_1_83' title="bbox 1957 2388 3619 2462">
     <span class='ocr_line' id='line_1_85' title="bbox 1957 2388 3619 2462; baseline -0.002 -17"><span class='ocrx_word' id='word_1_519' title='bbox 1957 2393 2249 2462; x_wconf 84' lang='lat' dir='ltr'><strong>adjiciens</strong></span> <span class='ocrx_word' id='word_1_520' title='bbox 2287 2392 2602 2445; x_wconf 88' lang='lat' dir='ltr'><strong>Tarentum</strong></span> <span class='ocrx_word' id='word_1_521' title='bbox 2635 2393 2692 2444; x_wconf 89' lang='lat' dir='ltr'><strong>et</strong></span> <span class='ocrx_word' id='word_1_522' title='bbox 2723 2391 3112 2459; x_wconf 75' lang='lat' dir='ltr'><strong>Hydruntum,</strong></span> <span class='ocrx_word' id='word_1_523' title='bbox 3149 2389 3276 2443; x_wconf 90' lang='lat' dir='ltr'><strong>sive</strong></span> <span class='ocrx_word' id='word_1_524' title='bbox 3309 2388 3619 2458; x_wconf 91' lang='lat' dir='ltr'><strong>Galipolim</strong></span> 
     </span>
    </p>
   </div>
   <div class='ocr_carea' id='block_1_84' title="bbox 1959 2476 3618 2547">
    <p class='ocr_par' dir='ltr' id='par_1_84' title="bbox 1959 2476 3618 2547">
     <span class='ocr_line' id='line_1_86' title="bbox 1959 2476 3618 2547; baseline -0.002 -14"><span class='ocrx_word' id='word_1_525' title='bbox 1959 2496 2091 2535; x_wconf 92' lang='lat' dir='ltr'><strong>cum</strong></span> <span class='ocrx_word' id='word_1_526' title='bbox 2111 2478 2385 2534; x_wconf 89' lang='lat' dir='ltr'><strong>omnibus</strong></span> <span class='ocrx_word' id='word_1_527' title='bbox 2408 2478 2775 2547; x_wconf 91' lang='lat' dir='ltr'><strong>appendiciis</strong></span> <span class='ocrx_word' id='word_1_528' title='bbox 2807 2481 2862 2532; x_wconf 92' lang='lat' dir='ltr'><strong>et</strong></span> <span class='ocrx_word' id='word_1_529' title='bbox 2893 2477 3176 2547; x_wconf 86' lang='lat' dir='ltr'><strong>quidquid</strong></span> <span class='ocrx_word' id='word_1_530' title='bbox 3196 2476 3515 2531; x_wconf 87' lang='lat' dir='ltr'><strong>Gaufridus</strong></span> <span class='ocrx_word' id='word_1_531' title='bbox 3547 2476 3618 2529; x_wconf 89' lang='lat' dir='ltr'><strong>de</strong></span> 
     </span>
    </p>
   </div>
   <div class='ocr_carea' id='block_1_85' title="bbox 1959 2565 3618 2636">
    <p class='ocr_par' dir='ltr' id='par_1_85' title="bbox 1959 2565 3618 2636">
     <span class='ocr_line' id='line_1_87' title="bbox 1959 2565 3618 2636; baseline -0.002 -13"><span class='ocrx_word' id='word_1_532' title='bbox 1959 2569 2342 2623; x_wconf 86' lang='lat' dir='ltr'><strong>Conversana</strong></span> <span class='ocrx_word' id='word_1_533' title='bbox 2357 2568 2468 2622; x_wconf 89' lang='lat' dir='ltr'><strong>sub</strong></span> <span class='ocrx_word' id='word_1_534' title='bbox 2483 2567 2612 2636; x_wconf 88' lang='lat' dir='ltr'><strong>ipso</strong></span> <span class='ocrx_word' id='word_1_535' title='bbox 2625 2566 3022 2620; x_wconf 87' lang='lat' dir='ltr'><strong>habebatcum</strong></span> <span class='ocrx_word' id='word_1_536' title='bbox 3037 2565 3315 2619; x_wconf 90' lang='lat' dir='ltr'><strong>famulatu</strong></span> <span class='ocrx_word' id='word_1_537' title='bbox 3329 2565 3618 2636; x_wconf 88' lang='lat' dir='ltr'><strong>ejusdem.</strong></span> 
     </span>
    </p>
   </div>
   <div class='ocr_carea' id='block_1_86' title="bbox 1963 2654 3622 2727">
    <p class='ocr_par' dir='ltr' id='par_1_86' title="bbox 1963 2654 3622 2727">
     <span class='ocr_line' id='line_1_88' title="bbox 1963 2654 3622 2727; baseline -0.002 -16"><span class='ocrx_word' id='word_1_538' title='bbox 1963 2658 2249 2727; x_wconf 79' lang='lat' dir='ltr'><strong>Reliquos</strong></span> <span class='ocrx_word' id='word_1_539' title='bbox 2268 2672 2429 2721; x_wconf 89' lang='lat' dir='ltr'><strong>vero,</strong></span> <span class='ocrx_word' id='word_1_540' title='bbox 2457 2656 2508 2708; x_wconf 93' lang='lat' dir='ltr'><strong>si</strong></span> <span class='ocrx_word' id='word_1_541' title='bbox 2532 2655 2631 2725; x_wconf 88' lang='lat' dir='ltr'><strong>qui</strong></span> <span class='ocrx_word' id='word_1_542' title='bbox 2653 2654 2982 2709; x_wconf 89' lang='lat' dir='ltr'><strong>adversarii</strong></span> <span class='ocrx_word' id='word_1_543' title='bbox 3009 2657 3191 2722; x_wconf 88' lang='lat' dir='ltr'><strong>erant,</strong></span> <span class='ocrx_word' id='word_1_544' title='bbox 3227 2670 3335 2708; x_wconf 91' lang='lat' dir='ltr'><strong>sua</strong></span> <span class='ocrx_word' id='word_1_545' title='bbox 3362 2655 3622 2709; x_wconf 90' lang='lat' dir='ltr'><strong>strenui-</strong></span> 
     </span>
    </p>
   </div>
   <div class='ocr_carea' id='block_1_87' title="bbox 1964 2743 3622 2815">
    <p class='ocr_par' dir='ltr' id='par_1_87' title="bbox 1964 2743 3622 2815">
     <span class='ocr_line' id='line_1_89' title="bbox 1964 2743 3622 2815; baseline -0.001 -16"><span class='ocrx_word' id='word_1_546' title='bbox 1964 2749 2075 2800; x_wconf 89' lang='lat' dir='ltr'><strong>tate</strong></span> <span class='ocrx_word' id='word_1_547' title='bbox 2110 2745 2441 2810; x_wconf 90' lang='lat' dir='ltr'><strong>sternebat;</strong></span> <span class='ocrx_word' id='word_1_548' title='bbox 2483 2744 2585 2800; x_wconf 89' lang='lat' dir='ltr'><strong>ubi</strong></span> <span class='ocrx_word' id='word_1_549' title='bbox 2629 2759 2771 2800; x_wconf 89' lang='lat' dir='ltr'><strong>vero</strong></span> <span class='ocrx_word' id='word_1_550' title='bbox 2802 2744 2999 2798; x_wconf 88' lang='lat' dir='ltr'><strong>minus</strong></span> <span class='ocrx_word' id='word_1_551' title='bbox 3029 2759 3136 2814; x_wconf 91' lang='lat' dir='ltr'><strong>per</strong></span> <span class='ocrx_word' id='word_1_552' title='bbox 3167 2760 3233 2797; x_wconf 92' lang='lat' dir='ltr'><strong>se</strong></span> <span class='ocrx_word' id='word_1_553' title='bbox 3266 2743 3622 2815; x_wconf 81' lang='lat' dir='ltr'><strong>sufﬁciebat,</strong></span> 
     </span>
    </p>
   </div>
   <div class='ocr_carea' id='block_1_88' title="bbox 1962 2832 3627 2906">
    <p class='ocr_par' dir='ltr' id='par_1_88' title="bbox 1962 2832 3627 2906">
     <span class='ocr_line' id='line_1_90' title="bbox 1962 2832 3627 2906; baseline -0.001 -17"><span class='ocrx_word' id='word_1_554' title='bbox 1962 2834 2262 2890; x_wconf 88' lang='lat' dir='ltr'><strong>Siciliensi</strong></span> <span class='ocrx_word' id='word_1_555' title='bbox 2298 2835 2529 2904; x_wconf 88' lang='lat' dir='ltr'><strong>comite,</strong></span> <span class='ocrx_word' id='word_1_556' title='bbox 2555 2835 2726 2906; x_wconf 91' lang='lat' dir='ltr'><strong>quasi</strong></span> <span class='ocrx_word' id='word_1_557' title='bbox 2752 2849 2856 2903; x_wconf 87' lang='lat' dir='ltr'><strong>pro</strong></span> <span class='ocrx_word' id='word_1_558' title='bbox 2878 2833 3125 2888; x_wconf 89' lang='lat' dir='ltr'><strong>verbere</strong></span> <span class='ocrx_word' id='word_1_559' title='bbox 3149 2833 3222 2886; x_wconf 92' lang='lat' dir='ltr'><strong>ad</strong></span> <span class='ocrx_word' id='word_1_560' title='bbox 3247 2832 3394 2887; x_wconf 91' lang='lat' dir='ltr'><strong>alios</strong></span> <span class='ocrx_word' id='word_1_561' title='bbox 3418 2832 3627 2904; x_wconf 88' lang='lat' dir='ltr'><strong>subju-</strong></span> 
     </span>
    </p>
   </div>
   <div class='ocr_carea' id='block_1_89' title="bbox 1964 2922 3629 2996">
    <p class='ocr_par' dir='ltr' id='par_1_89' title="bbox 1964 2922 3629 2996">
     <span class='ocr_line' id='line_1_91' title="bbox 1964 2922 3629 2996; baseline -0.002 -18"><span class='ocrx_word' id='word_1_562' title='bbox 1964 2925 2193 2996; x_wconf 84' lang='lat' dir='ltr'><strong>gandos</strong></span> <span class='ocrx_word' id='word_1_563' title='bbox 2214 2925 2508 2994; x_wconf 90' lang='lat' dir='ltr'><strong>utebatur,</strong></span> <span class='ocrx_word' id='word_1_564' title='bbox 2531 2925 2707 2994; x_wconf 88' lang='lat' dir='ltr'><strong>cujus</strong></span> <span class='ocrx_word' id='word_1_565' title='bbox 2727 2923 2943 2977; x_wconf 87' lang='lat' dir='ltr'><strong>virtute</strong></span> <span class='ocrx_word' id='word_1_566' title='bbox 2973 2922 3244 2991; x_wconf 91' lang='lat' dir='ltr'><strong>pluribus</strong></span> <span class='ocrx_word' id='word_1_567' title='bbox 3274 2923 3496 2977; x_wconf 90' lang='lat' dir='ltr'><strong>territis</strong></span> <span class='ocrx_word' id='word_1_568' title='bbox 3513 2922 3592 2976; x_wconf 90' lang='lat' dir='ltr'><strong>mi</strong></span> <span class='ocrx_word' id='word_1_569' title='bbox 3610 2952 3629 2962; x_wconf 94' lang='lat'><strong>-</strong></span> 
     </span>
    </p>
   </div>
   <div class='ocr_carea' id='block_1_90' title="bbox 1967 3012 2891 3083">
    <p class='ocr_par' dir='ltr' id='par_1_90' title="bbox 1967 3012 2891 3083">
     <span class='ocr_line' id='line_1_92' title="bbox 1967 3012 2891 3083; baseline -0.001 -16"><span class='ocrx_word' id='word_1_570' title='bbox 1967 3029 2080 3068; x_wconf 90' lang='lat' dir='ltr'><strong>nus</strong></span> <span class='ocrx_word' id='word_1_571' title='bbox 2113 3014 2399 3069; x_wconf 84' lang='lat' dir='ltr'><strong>resistere</strong></span> <span class='ocrx_word' id='word_1_572' title='bbox 2429 3012 2891 3083; x_wconf 67' lang='lat' dir='ltr'><strong>praesumebant.</strong></span> 
     </span>
    </p>
   </div>
   <div class='ocr_carea' id='block_1_91' title="bbox 2613 3137 2977 3192">
    <p class='ocr_par' dir='ltr' id='par_1_91' title="bbox 2613 3137 2977 3192">
     <span class='ocr_line' id='line_1_93' title="bbox 2613 3137 2977 3192; baseline -0.005 0"><span class='ocrx_word' id='word_1_573' title='bbox 2613 3137 2864 3192; x_wconf 81' lang='lat' dir='ltr'><strong>CAPUT</strong></span> <span class='ocrx_word' id='word_1_574' title='bbox 2907 3137 2957 3190; x_wconf 83' lang='lat' dir='ltr'><strong>V</strong></span> <span class='ocrx_word' id='word_1_575' title='bbox 2967 3180 2977 3191; x_wconf 93' lang='lat'><strong>.</strong></span> 
     </span>
    </p>
   </div>
   <div class='ocr_carea' id='block_1_92' title="bbox 2202 3243 3396 3316">
    <p class='ocr_par' dir='ltr' id='par_1_92' title="bbox 2202 3243 3396 3316">
     <span class='ocr_line' id='line_1_94' title="bbox 2202 3243 3396 3316; baseline 0 -16"><span class='ocrx_word' id='word_1_576' title='bbox 2202 3245 2410 3301; x_wconf 85' lang='lat' dir='ltr'><strong>Comes</strong></span> <span class='ocrx_word' id='word_1_577' title='bbox 2438 3244 2834 3316; x_wconf 82' lang='lat' dir='ltr'><strong>Agrigentum</strong></span> <span class='ocrx_word' id='word_1_578' title='bbox 2867 3243 3100 3299; x_wconf 78' lang='lat' dir='ltr'><strong>obsidet</strong></span> <span class='ocrx_word' id='word_1_579' title='bbox 3132 3249 3191 3299; x_wconf 87' lang='lat' dir='ltr'><strong>et</strong></span> <span class='ocrx_word' id='word_1_580' title='bbox 3223 3245 3396 3316; x_wconf 87' lang='lat' dir='ltr'><strong>capit.</strong></span> 
     </span>
    </p>
   </div>
   <div class='ocr_carea' id='block_1_93' title="bbox 2039 3349 3632 3424">
    <p class='ocr_par' dir='ltr' id='par_1_93' title="bbox 2039 3349 3632 3424">
     <span class='ocr_line' id='line_1_95' title="bbox 2039 3349 3632 3424; baseline -0.002 -18"><span class='ocrx_word' id='word_1_581' title='bbox 2039 3353 2252 3408; x_wconf 82' lang='lat' dir='ltr'><strong>Comes</strong></span> <span class='ocrx_word' id='word_1_582' title='bbox 2283 3368 2426 3424; x_wconf 88' lang='lat' dir='ltr'><strong>ergo</strong></span> <span class='ocrx_word' id='word_1_583' title='bbox 2446 3352 2765 3423; x_wconf 79' lang='lat' dir='ltr'><strong>Rogerius,</strong></span> <span class='ocrx_word' id='word_1_584' title='bbox 2787 3366 2994 3406; x_wconf 90' lang='lat' dir='ltr'><strong>omnes</strong></span> <span class='ocrx_word' id='word_1_585' title='bbox 3023 3352 3385 3421; x_wconf 87' lang='lat' dir='ltr'><strong>potentiores</strong></span> <span class='ocrx_word' id='word_1_586' title='bbox 3415 3349 3632 3404; x_wconf 81' lang='lat' dir='ltr'><strong>Siciliae</strong></span> 
     </span>
    </p>
   </div>
   <div class='ocr_carea' id='block_1_94' title="bbox 1969 3438 3634 3512">
    <p class='ocr_par' dir='ltr' id='par_1_94' title="bbox 1969 3438 3634 3512">
     <span class='ocr_line' id='line_1_96' title="bbox 1969 3438 3634 3512; baseline -0.004 -14"><span class='ocrx_word' id='word_1_587' title='bbox 1969 3462 2002 3498; x_wconf 90' lang='lat' dir='ltr'><strong>a</strong></span> <span class='ocrx_word' id='word_1_588' title='bbox 2034 3461 2101 3500; x_wconf 90' lang='lat' dir='ltr'><strong>se</strong></span> <span class='ocrx_word' id='word_1_589' title='bbox 2133 3442 2461 3498; x_wconf 89' lang='lat' dir='ltr'><strong>debellatos</strong></span> <span class='ocrx_word' id='word_1_590' title='bbox 2492 3441 2780 3512; x_wconf 86' lang='lat' dir='ltr'><strong>gaudens,</strong></span> <span class='ocrx_word' id='word_1_591' title='bbox 2831 3444 2883 3494; x_wconf 90' lang='lat' dir='ltr'><strong>et</strong></span> <span class='ocrx_word' id='word_1_592' title='bbox 2916 3441 3167 3504; x_wconf 88' lang='lat' dir='ltr'><strong>nemine,</strong></span> <span class='ocrx_word' id='word_1_593' title='bbox 3203 3443 3447 3510; x_wconf 76' lang='lat' dir='ltr'><strong>excepto</strong></span> <span class='ocrx_word' id='word_1_594' title='bbox 3477 3438 3634 3492; x_wconf 87' lang='lat' dir='ltr'><strong>Cha-</strong></span> 
     </span>
    </p>
   </div>
   <div class='ocr_carea' id='block_1_95' title="bbox 1971 3525 3635 3600">
    <p class='ocr_par' dir='ltr' id='par_1_95' title="bbox 1971 3525 3635 3600">
     <span class='ocr_line' id='line_1_97' title="bbox 1971 3525 3635 3600; baseline -0.005 -14"><span class='ocrx_word' id='word_1_595' title='bbox 1971 3536 2152 3599; x_wconf 90' lang='lat' dir='ltr'><strong>muto,</strong></span> <span class='ocrx_word' id='word_1_596' title='bbox 2193 3529 2536 3600; x_wconf 89' lang='lat' dir='ltr'><strong>superstite,</strong></span> <span class='ocrx_word' id='word_1_597' title='bbox 2576 3528 2650 3580; x_wconf 88' lang='lat' dir='ltr'><strong>ad</strong></span> <span class='ocrx_word' id='word_1_598' title='bbox 2680 3527 2790 3581; x_wconf 93' lang='lat' dir='ltr'><strong>hoc</strong></span> <span class='ocrx_word' id='word_1_599' title='bbox 2823 3527 3066 3581; x_wconf 89' lang='lat' dir='ltr'><strong>assidua</strong></span> <span class='ocrx_word' id='word_1_600' title='bbox 3095 3527 3517 3581; x_wconf 88' lang='lat' dir='ltr'><strong>deliberatione</strong></span> <span class='ocrx_word' id='word_1_601' title='bbox 3548 3525 3635 3578; x_wconf 91' lang='lat' dir='ltr'><strong>in-</strong></span> 
     </span>
    </p>
   </div>
   <div class='ocr_carea' id='block_1_96' title="bbox 1973 3616 3636 3689">
    <p class='ocr_par' dir='ltr' id='par_1_96' title="bbox 1973 3616 3636 3689">
     <span class='ocr_line' id='line_1_98' title="bbox 1973 3616 3636 3689; baseline -0.005 -14"><span class='ocrx_word' id='word_1_602' title='bbox 1973 3621 2156 3675; x_wconf 89' lang='lat' dir='ltr'><strong>tendit</strong></span> <span class='ocrx_word' id='word_1_603' title='bbox 2206 3623 2268 3674; x_wconf 90' lang='lat' dir='ltr'><strong>ut</strong></span> <span class='ocrx_word' id='word_1_604' title='bbox 2315 3619 2447 3689; x_wconf 91' lang='lat' dir='ltr'><strong>ipso</strong></span> <span class='ocrx_word' id='word_1_605' title='bbox 2495 3616 3010 3670; x_wconf 91' lang='lat' dir='ltr'><strong>circumveniendo</strong></span> <span class='ocrx_word' id='word_1_606' title='bbox 3057 3616 3344 3669; x_wconf 89' lang='lat' dir='ltr'><strong>debellato</strong></span> <span class='ocrx_word' id='word_1_607' title='bbox 3403 3629 3636 3669; x_wconf 89' lang='lat' dir='ltr'><strong>omnem</strong></span> 
     </span>
    </p>
   </div>
   <div class='ocr_carea' id='block_1_97' title="bbox 1976 3703 3638 3763">
    <p class='ocr_par' dir='ltr' id='par_1_97' title="bbox 1976 3703 3638 3763">
     <span class='ocr_line' id='line_1_99' title="bbox 1976 3703 3638 3763; baseline -0.004 -1"><span class='ocrx_word' id='word_1_608' title='bbox 1976 3710 2094 3762; x_wconf 90' lang='lat' dir='ltr'><strong>sibi</strong></span> <span class='ocrx_word' id='word_1_609' title='bbox 2125 3709 2195 3763; x_wconf 92' lang='lat' dir='ltr'><strong>de</strong></span> <span class='ocrx_word' id='word_1_610' title='bbox 2224 3711 2440 3762; x_wconf 62' lang='lat' dir='ltr'><strong>caetero</strong></span> <span class='ocrx_word' id='word_1_611' title='bbox 2473 3706 2733 3759; x_wconf 88' lang='lat' dir='ltr'><strong>Siciliam</strong></span> <span class='ocrx_word' id='word_1_612' title='bbox 2765 3705 2997 3759; x_wconf 87' lang='lat' dir='ltr'><strong>subdat.</strong></span> <span class='ocrx_word' id='word_1_613' title='bbox 3040 3704 3208 3758; x_wconf 90' lang='lat' dir='ltr'><strong>Unde</strong></span> <span class='ocrx_word' id='word_1_614' title='bbox 3238 3705 3501 3758; x_wconf 80' lang='lat' dir='ltr'><strong>exercitu</strong></span> <span class='ocrx_word' id='word_1_615' title='bbox 3531 3703 3638 3756; x_wconf 90' lang='lat' dir='ltr'><strong>ad-</strong></span> 
     </span>
    </p>
   </div>
   <div class='ocr_carea' id='block_1_98' title="bbox 1975 3793 3640 3866">
    <p class='ocr_par' dir='ltr' id='par_1_98' title="bbox 1975 3793 3640 3866">
     <span class='ocr_line' id='line_1_100' title="bbox 1975 3793 3640 3866; baseline -0.004 -16"><span class='ocrx_word' id='word_1_616' title='bbox 1975 3801 2153 3865; x_wconf 91' lang='lat' dir='ltr'><strong>moto,</strong></span> <span class='ocrx_word' id='word_1_617' title='bbox 2187 3797 2317 3866; x_wconf 87' lang='lat' dir='ltr'><strong>ipso</strong></span> <span class='ocrx_word' id='word_1_618' title='bbox 2351 3796 2500 3864; x_wconf 89' lang='lat' dir='ltr'><strong>apud</strong></span> <span class='ocrx_word' id='word_1_619' title='bbox 2525 3794 2797 3848; x_wconf 86' lang='lat' dir='ltr'><strong>Castrum</strong></span> <span class='ocrx_word' id='word_1_620' title='bbox 2817 3793 3064 3848; x_wconf 88' lang='lat' dir='ltr'><strong>Joannis</strong></span> <span class='ocrx_word' id='word_1_621' title='bbox 3086 3793 3452 3861; x_wconf 88' lang='lat' dir='ltr'><strong>immorante,</strong></span> <span class='ocrx_word' id='word_1_622' title='bbox 3487 3807 3640 3846; x_wconf 84' lang='lat' dir='ltr'><strong>uxo-</strong></span> 
     </span>
    </p>
   </div>
   <div class='ocr_carea' id='block_1_99' title="bbox 1976 3880 3642 3954">
    <p class='ocr_par' dir='ltr' id='par_1_99' title="bbox 1976 3880 3642 3954">
     <span class='ocr_line' id='line_1_101' title="bbox 1976 3880 3642 3954; baseline -0.003 -15"><span class='ocrx_word' id='word_1_623' title='bbox 1976 3901 2102 3939; x_wconf 91' lang='lat' dir='ltr'><strong>rem</strong></span> <span class='ocrx_word' id='word_1_624' title='bbox 2134 3884 2266 3954; x_wconf 88' lang='lat' dir='ltr'><strong>ejus</strong></span> <span class='ocrx_word' id='word_1_625' title='bbox 2297 3900 2365 3937; x_wconf 90' lang='lat' dir='ltr'><strong>ac</strong></span> <span class='ocrx_word' id='word_1_626' title='bbox 2395 3883 2619 3937; x_wconf 90' lang='lat' dir='ltr'><strong>liberos</strong></span> <span class='ocrx_word' id='word_1_627' title='bbox 2643 3883 2794 3951; x_wconf 88' lang='lat' dir='ltr'><strong>apud</strong></span> <span class='ocrx_word' id='word_1_628' title='bbox 2823 3881 3269 3952; x_wconf 78' lang='lat' dir='ltr'><strong>Agrigentinam</strong></span> <span class='ocrx_word' id='word_1_629' title='bbox 3296 3881 3501 3934; x_wconf 88' lang='lat' dir='ltr'><strong>urbem</strong></span> <span class='ocrx_word' id='word_1_630' title='bbox 3529 3880 3642 3934; x_wconf 88' lang='lat' dir='ltr'><strong>ob-</strong></span> 
     </span>
    </p>
   </div>
   <div class='ocr_carea' id='block_1_100' title="bbox 1980 3968 3644 4039">
    <p class='ocr_par' dir='ltr' id='par_1_100' title="bbox 1980 3968 3644 4039">
     <span class='ocr_line' id='line_1_102' title="bbox 1980 3968 3644 4039; baseline -0.003 -12"><span class='ocrx_word' id='word_1_631' title='bbox 1980 3989 2220 4029; x_wconf 93' lang='lat' dir='ltr'><strong>sessum</strong></span> <span class='ocrx_word' id='word_1_632' title='bbox 2254 3973 2430 4039; x_wconf 89' lang='lat' dir='ltr'><strong>vadit,</strong></span> <span class='ocrx_word' id='word_1_633' title='bbox 2466 3987 2616 4024; x_wconf 91' lang='lat' dir='ltr'><strong>anno</strong></span> <span class='ocrx_word' id='word_1_634' title='bbox 2648 3969 2969 4026; x_wconf 71' lang='lat' dir='ltr'><strong>Dominica:</strong></span> <span class='ocrx_word' id='word_1_635' title='bbox 2991 3969 3419 4023; x_wconf 87' lang='lat' dir='ltr'><strong>Incarnationis</strong></span> <span class='ocrx_word' id='word_1_636' title='bbox 3451 3968 3644 4022; x_wconf 90' lang='lat' dir='ltr'><strong>mille-</strong></span> 
     </span>
    </p>
   </div>
   <div class='ocr_carea' id='block_1_101' title="bbox 1981 4057 3645 4131">
    <p class='ocr_par' dir='ltr' id='par_1_101' title="bbox 1981 4057 3645 4131">
     <span class='ocr_line' id='line_1_103' title="bbox 1981 4057 3645 4131; baseline -0.004 -14"><span class='ocrx_word' id='word_1_637' title='bbox 1981 4065 2130 4117; x_wconf 92' lang='lat' dir='ltr'><strong>simo</strong></span> <span class='ocrx_word' id='word_1_638' title='bbox 2163 4060 2530 4131; x_wconf 90' lang='lat' dir='ltr'><strong>octogesimo</strong></span> <span class='ocrx_word' id='word_1_639' title='bbox 2565 4061 2756 4124; x_wconf 83' lang='lat' dir='ltr'><strong>sexto,</strong></span> <span class='ocrx_word' id='word_1_640' title='bbox 2794 4057 2979 4126; x_wconf 88' lang='lat' dir='ltr'><strong>prima</strong></span> <span class='ocrx_word' id='word_1_641' title='bbox 3029 4058 3121 4110; x_wconf 86' lang='lat' dir='ltr'><strong>die</strong></span> <span class='ocrx_word' id='word_1_642' title='bbox 3170 4058 3429 4126; x_wconf 85' lang='lat' dir='ltr'><strong>Aprilis;</strong></span> <span class='ocrx_word' id='word_1_643' title='bbox 3469 4073 3645 4127; x_wconf 89' lang='lat' dir='ltr'><strong>quam</strong></span> 
     </span>
    </p>
   </div>
   <div class='ocr_carea' id='block_1_102' title="bbox 1983 4145 3646 4222">
    <p class='ocr_par' dir='ltr' id='par_1_102' title="bbox 1983 4145 3646 4222">
     <span class='ocr_line' id='line_1_104' title="bbox 1983 4145 3646 4222; baseline -0.004 -17"><span class='ocrx_word' id='word_1_644' title='bbox 1983 4152 2240 4222; x_wconf 90' lang='lat' dir='ltr'><strong>undique</strong></span> <span class='ocrx_word' id='word_1_645' title='bbox 2273 4148 2534 4202; x_wconf 77' lang='lat' dir='ltr'><strong>exercitu</strong></span> <span class='ocrx_word' id='word_1_646' title='bbox 2577 4147 2828 4214; x_wconf 89' lang='lat' dir='ltr'><strong>vallans,</strong></span> <span class='ocrx_word' id='word_1_647' title='bbox 2875 4145 3094 4198; x_wconf 86' lang='lat' dir='ltr'><strong>diutina</strong></span> <span class='ocrx_word' id='word_1_648' title='bbox 3127 4146 3518 4213; x_wconf 87' lang='lat' dir='ltr'><strong>oppressione</strong></span> <span class='ocrx_word' id='word_1_649' title='bbox 3557 4147 3646 4198; x_wconf 93' lang='lat' dir='ltr'><strong>la-</strong></span> 
     </span>
    </p>
   </div>
   <div class='ocr_carea' id='block_1_103' title="bbox 1984 4232 3646 4308">
    <p class='ocr_par' dir='ltr' id='par_1_103' title="bbox 1984 4232 3646 4308">
     <span class='ocr_line' id='line_1_105' title="bbox 1984 4232 3646 4308; baseline -0.005 -14"><span class='ocrx_word' id='word_1_650' title='bbox 1984 4241 2247 4308; x_wconf 90' lang='lat' dir='ltr'><strong>cessivit,</strong></span> <span class='ocrx_word' id='word_1_651' title='bbox 2267 4237 2579 4306; x_wconf 89' lang='lat' dir='ltr'><strong>studioque</strong></span> <span class='ocrx_word' id='word_1_652' title='bbox 2600 4233 3088 4288; x_wconf 87' lang='lat' dir='ltr'><strong>machinamentis</strong></span> <span class='ocrx_word' id='word_1_653' title='bbox 3103 4233 3174 4286; x_wconf 90' lang='lat' dir='ltr'><strong>ad</strong></span> <span class='ocrx_word' id='word_1_654' title='bbox 3197 4234 3399 4286; x_wconf 88' lang='lat' dir='ltr'><strong>urbem</strong></span> <span class='ocrx_word' id='word_1_655' title='bbox 3413 4232 3646 4302; x_wconf 88' lang='lat' dir='ltr'><strong>capien-</strong></span> 
     </span>
    </p>
   </div>
   <div class='ocr_carea' id='block_1_104' title="bbox 1983 4319 3649 4398">
    <p class='ocr_par' dir='ltr' id='par_1_104' title="bbox 1983 4319 3649 4398">
     <span class='ocr_line' id='line_1_106' title="bbox 1983 4319 3649 4398; baseline -0.007 -14"><span class='ocrx_word' id='word_1_656' title='bbox 1983 4331 2116 4384; x_wconf 91' lang='lat' dir='ltr'><strong>dam</strong></span> <span class='ocrx_word' id='word_1_657' title='bbox 2166 4328 2458 4398; x_wconf 88' lang='lat' dir='ltr'><strong>apparatis</strong></span> <span class='ocrx_word' id='word_1_658' title='bbox 2487 4367 2500 4393; x_wconf 93' lang='lat'><strong>,</strong></span> <span class='ocrx_word' id='word_1_659' title='bbox 2553 4325 2787 4379; x_wconf 86' lang='lat' dir='ltr'><strong>tandem</strong></span> <span class='ocrx_word' id='word_1_660' title='bbox 2827 4321 3108 4375; x_wconf 85' lang='lat' dir='ltr'><strong>vicesima</strong></span> <span class='ocrx_word' id='word_1_661' title='bbox 3148 4321 3350 4392; x_wconf 89' lang='lat' dir='ltr'><strong>quinta</strong></span> <span class='ocrx_word' id='word_1_662' title='bbox 3382 4323 3474 4374; x_wconf 89' lang='lat' dir='ltr'><strong>die</strong></span> <span class='ocrx_word' id='word_1_663' title='bbox 3507 4319 3649 4376; x_wconf 83' lang='lat' dir='ltr'><strong>Julii</strong></span> 
     </span>
    </p>
   </div>
   <div class='ocr_carea' id='block_1_105' title="bbox 1985 4410 3648 4480">
    <p class='ocr_par' dir='ltr' id='par_1_105' title="bbox 1985 4410 3648 4480">
     <span class='ocr_line' id='line_1_107' title="bbox 1985 4410 3648 4480; baseline -0.005 -9"><span class='ocrx_word' id='word_1_664' title='bbox 1985 4419 2215 4472; x_wconf 89' lang='lat' dir='ltr'><strong>viribus</strong></span> <span class='ocrx_word' id='word_1_665' title='bbox 2274 4417 2563 4470; x_wconf 88' lang='lat' dir='ltr'><strong>exhausta</strong></span> <span class='ocrx_word' id='word_1_666' title='bbox 2609 4411 3052 4466; x_wconf 91' lang='lat' dir='ltr'><strong>imminentibus</strong></span> <span class='ocrx_word' id='word_1_667' title='bbox 3092 4411 3370 4465; x_wconf 89' lang='lat' dir='ltr'><strong>hostibus</strong></span> <span class='ocrx_word' id='word_1_668' title='bbox 3427 4410 3648 4480; x_wconf 84' lang='lat' dir='ltr'><strong>patuit;</strong></span> 
     </span>
    </p>
   </div>
   <div class='ocr_carea' id='block_1_106' title="bbox 1985 4499 3650 4568">
    <p class='ocr_par' dir='ltr' id='par_1_106' title="bbox 1985 4499 3650 4568">
     <span class='ocr_line' id='line_1_108' title="bbox 1985 4499 3650 4568; baseline -0.007 -6"><span class='ocrx_word' id='word_1_669' title='bbox 1985 4523 2136 4562; x_wconf 81' lang='lat' dir='ltr'><strong>uxor</strong></span> <span class='ocrx_word' id='word_1_670' title='bbox 2153 4505 2420 4560; x_wconf 81' lang='lat' dir='ltr'><strong>Chamuti</strong></span> <span class='ocrx_word' id='word_1_671' title='bbox 2440 4519 2572 4557; x_wconf 90' lang='lat' dir='ltr'><strong>cum</strong></span> <span class='ocrx_word' id='word_1_672' title='bbox 2592 4502 2799 4555; x_wconf 90' lang='lat' dir='ltr'><strong>liberis</strong></span> <span class='ocrx_word' id='word_1_673' title='bbox 2823 4500 3054 4554; x_wconf 90' lang='lat' dir='ltr'><strong>comitis</strong></span> <span class='ocrx_word' id='word_1_674' title='bbox 3074 4501 3308 4554; x_wconf 87' lang='lat' dir='ltr'><strong>inventa</strong></span> <span class='ocrx_word' id='word_1_675' title='bbox 3327 4503 3419 4553; x_wconf 90' lang='lat' dir='ltr'><strong>est</strong></span> <span class='ocrx_word' id='word_1_676' title='bbox 3439 4499 3650 4568; x_wconf 88' lang='lat' dir='ltr'><strong>captio-</strong></span> 
     </span>
    </p>
   </div>
   <div class='ocr_carea' id='block_1_107' title="bbox 1985 4588 3650 4665">
    <p class='ocr_par' dir='ltr' id='par_1_107' title="bbox 1985 4588 3650 4665">
     <span class='ocr_line' id='line_1_109' title="bbox 1985 4588 3650 4665; baseline -0.007 -13"><span class='ocrx_word' id='word_1_677' title='bbox 1985 4598 2080 4653; x_wconf 90' lang='lat' dir='ltr'><strong>nis</strong></span> <span class='ocrx_word' id='word_1_678' title='bbox 2121 4593 2290 4665; x_wconf 82' lang='grc'>(323).</span> <span class='ocrx_word' id='word_1_679' title='bbox 2343 4595 2554 4648; x_wconf 86' lang='lat' dir='ltr'><strong>Comes</strong></span> <span class='ocrx_word' id='word_1_680' title='bbox 2596 4592 2810 4660; x_wconf 87' lang='lat' dir='ltr'><strong>itaque,</strong></span> <span class='ocrx_word' id='word_1_681' title='bbox 2857 4589 2916 4642; x_wconf 92' lang='lat' dir='ltr'><strong>in</strong></span> <span class='ocrx_word' id='word_1_682' title='bbox 2963 4589 3108 4643; x_wconf 86' lang='lat' dir='ltr'><strong>urbe</strong></span> <span class='ocrx_word' id='word_1_683' title='bbox 3167 4604 3272 4658; x_wconf 90' lang='lat' dir='ltr'><strong>pro</strong></span> <span class='ocrx_word' id='word_1_684' title='bbox 3332 4588 3500 4642; x_wconf 86' lang='lat' dir='ltr'><strong>libitu</strong></span> <span class='ocrx_word' id='word_1_685' title='bbox 3539 4602 3650 4640; x_wconf 92' lang='lat' dir='ltr'><strong>suo</strong></span> 
     </span>
    </p>
   </div>
   <div class='ocr_carea' id='block_1_108' title="bbox 1985 4678 3650 4759">
    <p class='ocr_par' dir='ltr' id='par_1_108' title="bbox 1985 4678 3650 4759">
     <span class='ocr_line' id='line_1_110' title="bbox 1985 4678 3650 4759; baseline -0.008 -17"><span class='ocrx_word' id='word_1_686' title='bbox 1985 4689 2236 4759; x_wconf 89' lang='lat' dir='ltr'><strong>positus,</strong></span> <span class='ocrx_word' id='word_1_687' title='bbox 2261 4699 2505 4739; x_wconf 83' lang='lat' dir='ltr'><strong>uxorem</strong></span> <span class='ocrx_word' id='word_1_688' title='bbox 2527 4679 2796 4734; x_wconf 90' lang='lat' dir='ltr'><strong>Chamuti</strong></span> <span class='ocrx_word' id='word_1_689' title='bbox 2815 4678 2974 4733; x_wconf 90' lang='lat' dir='ltr'><strong>omni</strong></span> <span class='ocrx_word' id='word_1_690' title='bbox 3001 4678 3486 4731; x_wconf 88' lang='lat' dir='ltr'><strong>dehonestatione</strong></span> <span class='ocrx_word' id='word_1_691' title='bbox 3509 4691 3650 4746; x_wconf 89' lang='lat' dir='ltr'><strong>pro-</strong></span> 
     </span>
    </p>
   </div>
   <div class='ocr_carea' id='block_1_109' title="bbox 1987 4766 3652 4836">
    <p class='ocr_par' dir='ltr' id='par_1_109' title="bbox 1987 4766 3652 4836">
     <span class='ocr_line' id='line_1_111' title="bbox 1987 4766 3652 4836; baseline -0.008 -5"><span class='ocrx_word' id='word_1_692' title='bbox 1987 4777 2166 4831; x_wconf 89' lang='lat' dir='ltr'><strong>hibita</strong></span> <span class='ocrx_word' id='word_1_693' title='bbox 2202 4774 2330 4828; x_wconf 93' lang='lat' dir='ltr'><strong>suis</strong></span> <span class='ocrx_word' id='word_1_694' title='bbox 2363 4768 2809 4826; x_wconf 90' lang='lat' dir='ltr'><strong>custodiendam</strong></span> <span class='ocrx_word' id='word_1_695' title='bbox 2841 4767 3148 4836; x_wconf 87' lang='lat' dir='ltr'><strong>deliberat,</strong></span> <span class='ocrx_word' id='word_1_696' title='bbox 3175 4767 3374 4820; x_wconf 89' lang='lat' dir='ltr'><strong>sciens</strong></span> <span class='ocrx_word' id='word_1_697' title='bbox 3395 4766 3652 4818; x_wconf 86' lang='lat' dir='ltr'><strong>Chamu-</strong></span> 
     </span>
    </p>
   </div>
   <div class='ocr_carea' id='block_1_110' title="bbox 1985 4853 3653 4924">
    <p class='ocr_par' dir='ltr' id='par_1_110' title="bbox 1985 4853 3653 4924">
     <span class='ocr_line' id='line_1_112' title="bbox 1985 4853 3653 4924; baseline -0.008 -5"><span class='ocrx_word' id='word_1_698' title='bbox 1985 4868 2107 4919; x_wconf 90' lang='lat' dir='ltr'><strong>tum</strong></span> <span class='ocrx_word' id='word_1_699' title='bbox 2140 4863 2254 4917; x_wconf 91' lang='lat' dir='ltr'><strong>sibi</strong></span> <span class='ocrx_word' id='word_1_700' title='bbox 2287 4860 2522 4914; x_wconf 87' lang='lat' dir='ltr'><strong>facilius</strong></span> <span class='ocrx_word' id='word_1_701' title='bbox 2549 4857 2943 4924; x_wconf 90' lang='lat' dir='ltr'><strong>reconciliari,</strong></span> <span class='ocrx_word' id='word_1_702' title='bbox 2981 4856 3032 4908; x_wconf 91' lang='lat' dir='ltr'><strong>si</strong></span> <span class='ocrx_word' id='word_1_703' title='bbox 3064 4871 3192 4910; x_wconf 89' lang='lat' dir='ltr'><strong>eam</strong></span> <span class='ocrx_word' id='word_1_704' title='bbox 3224 4855 3449 4923; x_wconf 88' lang='lat' dir='ltr'><strong>absque</strong></span> <span class='ocrx_word' id='word_1_705' title='bbox 3481 4853 3653 4906; x_wconf 69' lang='lat' dir='ltr'><strong>deho~</strong></span> 
     </span>
    </p>
   </div>
   <div class='ocr_carea' id='block_1_111' title="bbox 1982 4944 3653 5020">
    <p class='ocr_par' dir='ltr' id='par_1_111' title="bbox 1982 4944 3653 5020">
     <span class='ocr_line' id='line_1_113' title="bbox 1982 4944 3653 5020; baseline -0.008 -13"><span class='ocrx_word' id='word_1_706' title='bbox 1982 4952 2307 5007; x_wconf 90' lang='lat' dir='ltr'><strong>nestatione</strong></span> <span class='ocrx_word' id='word_1_707' title='bbox 2330 4948 2677 5020; x_wconf 88' lang='lat' dir='ltr'><strong>cognoverit</strong></span> <span class='ocrx_word' id='word_1_708' title='bbox 2708 4945 3024 4998; x_wconf 88' lang='lat' dir='ltr'><strong>attractari.</strong></span> <span class='ocrx_word' id='word_1_709' title='bbox 3053 4945 3273 4998; x_wconf 90' lang='lat' dir='ltr'><strong>Urbem</strong></span> <span class='ocrx_word' id='word_1_710' title='bbox 3308 4944 3500 5012; x_wconf 86' lang='lat' dir='ltr'><strong>itaque</strong></span> <span class='ocrx_word' id='word_1_711' title='bbox 3545 4956 3653 5011; x_wconf 77' lang='lat' dir='ltr'><strong>pro</strong></span> 
     </span>
    </p>
   </div>
   <div class='ocr_carea' id='block_1_112' title="bbox 1988 5029 3655 5105">
    <p class='ocr_par' dir='ltr' id='par_1_112' title="bbox 1988 5029 3655 5105">
     <span class='ocr_line' id='line_1_114' title="bbox 1988 5029 3655 5105; baseline -0.006 -11"><span class='ocrx_word' id='word_1_712' title='bbox 1988 5041 2137 5096; x_wconf 90' lang='lat' dir='ltr'><strong>velle</strong></span> <span class='ocrx_word' id='word_1_713' title='bbox 2170 5055 2280 5094; x_wconf 91' lang='lat' dir='ltr'><strong>suo</strong></span> <span class='ocrx_word' id='word_1_714' title='bbox 2305 5038 2610 5105; x_wconf 90' lang='lat' dir='ltr'><strong>ordinans,</strong></span> <span class='ocrx_word' id='word_1_715' title='bbox 2634 5034 2878 5088; x_wconf 92' lang='lat' dir='ltr'><strong>castello</strong></span> <span class='ocrx_word' id='word_1_716' title='bbox 2904 5033 3246 5086; x_wconf 79' lang='lat' dir='ltr'><strong>firmissimo</strong></span> <span class='ocrx_word' id='word_1_717' title='bbox 3270 5031 3470 5094; x_wconf 87' lang='lat' dir='ltr'><strong>munit,</strong></span> <span class='ocrx_word' id='word_1_718' title='bbox 3502 5029 3655 5084; x_wconf 89' lang='lat' dir='ltr'><strong>vallo</strong></span> 
     </span>
    </p>
   </div>
   <div class='ocr_carea' id='block_1_113' title="bbox 1987 5119 3660 5202">
    <p class='ocr_par' dir='ltr' id='par_1_113' title="bbox 1987 5119 3660 5202">
     <span class='ocr_line' id='line_1_115' title="bbox 1987 5119 3660 5202; baseline -0.005 -20"><span class='ocrx_word' id='word_1_719' title='bbox 1987 5132 2157 5202; x_wconf 69' lang='lat' dir='ltr'><strong>gyrat</strong></span> <span class='ocrx_word' id='word_1_720' title='bbox 2181 5170 2194 5197; x_wconf 95' lang='lat'><strong>,</strong></span> <span class='ocrx_word' id='word_1_721' title='bbox 2248 5127 2514 5182; x_wconf 87' lang='lat' dir='ltr'><strong>turribus</strong></span> <span class='ocrx_word' id='word_1_722' title='bbox 2565 5129 2619 5178; x_wconf 93' lang='lat' dir='ltr'><strong>et</strong></span> <span class='ocrx_word' id='word_1_723' title='bbox 2651 5121 3115 5193; x_wconf 87' lang='lat' dir='ltr'><strong>propugnaculis</strong></span> <span class='ocrx_word' id='word_1_724' title='bbox 3146 5120 3217 5172; x_wconf 93' lang='lat' dir='ltr'><strong>ad</strong></span> <span class='ocrx_word' id='word_1_725' title='bbox 3251 5119 3660 5173; x_wconf 85' lang='lat' dir='ltr'><strong>defensionem</strong></span> 
     </span>
    </p>
   </div>
   <div class='ocr_carea' id='block_1_114' title="bbox 1987 5208 3661 5291">
    <p class='ocr_par' dir='ltr' id='par_1_114' title="bbox 1987 5208 3661 5291">
     <span class='ocr_line' id='line_1_116' title="bbox 1987 5208 3661 5291; baseline -0.007 -17"><span class='ocrx_word' id='word_1_726' title='bbox 1987 5221 2183 5291; x_wconf 90' lang='lat' dir='ltr'><strong>aptat,</strong></span> <span class='ocrx_word' id='word_1_727' title='bbox 2236 5217 2479 5271; x_wconf 82' lang='lat' dir='ltr'><strong>finitima</strong></span> <span class='ocrx_word' id='word_1_728' title='bbox 2533 5216 2728 5267; x_wconf 89' lang='lat' dir='ltr'><strong>castra</strong></span> <span class='ocrx_word' id='word_1_729' title='bbox 2760 5208 3208 5264; x_wconf 88' lang='lat' dir='ltr'><strong>incursionibus</strong></span> <span class='ocrx_word' id='word_1_730' title='bbox 3237 5209 3547 5262; x_wconf 90' lang='lat' dir='ltr'><strong>lacessens</strong></span> <span class='ocrx_word' id='word_1_731' title='bbox 3588 5209 3661 5264; x_wconf 89' lang='lat' dir='ltr'><strong>ad</strong></span> 
     </span>
    </p>
   </div>
   <div class='ocr_carea' id='block_1_115' title="bbox 1992 5297 3659 5375">
    <p class='ocr_par' dir='ltr' id='par_1_115' title="bbox 1992 5297 3659 5375">
     <span class='ocr_line' id='line_1_117' title="bbox 1992 5297 3659 5375; baseline -0.007 -11"><span class='ocrx_word' id='word_1_732' title='bbox 1992 5308 2348 5364; x_wconf 90' lang='lat' dir='ltr'><strong>deditionem</strong></span> <span class='ocrx_word' id='word_1_733' title='bbox 2379 5304 2564 5375; x_wconf 85' lang='lat' dir='ltr'><strong>cogit;</strong></span> <span class='ocrx_word' id='word_1_734' title='bbox 2623 5301 2778 5355; x_wconf 90' lang='lat' dir='ltr'><strong>unde</strong></span> <span class='ocrx_word' id='word_1_735' title='bbox 2817 5305 2871 5354; x_wconf 92' lang='lat' dir='ltr'><strong>et</strong></span> <span class='ocrx_word' id='word_1_736' title='bbox 2903 5314 3094 5369; x_wconf 92' lang='lat' dir='ltr'><strong>usque</strong></span> <span class='ocrx_word' id='word_1_737' title='bbox 3125 5298 3196 5352; x_wconf 89' lang='lat' dir='ltr'><strong>ad</strong></span> <span class='ocrx_word' id='word_1_738' title='bbox 3226 5297 3498 5352; x_wconf 89' lang='lat' dir='ltr'><strong>undecim</strong></span> <span class='ocrx_word' id='word_1_739' title='bbox 3531 5315 3659 5352; x_wconf 83' lang='lat' dir='ltr'><strong>aevo</strong></span> 
     </span>
    </p>
   </div>
   <div class='ocr_carea' id='block_1_116' title="bbox 1990 5387 3660 5464">
    <p class='ocr_par' dir='ltr' id='par_1_116' title="bbox 1990 5387 3660 5464">
     <span class='ocr_line' id='line_1_118' title="bbox 1990 5387 3660 5464; baseline -0.007 -11"><span class='ocrx_word' id='word_1_740' title='bbox 1990 5397 2158 5453; x_wconf 88' lang='lat' dir='ltr'><strong>brevi</strong></span> <span class='ocrx_word' id='word_1_741' title='bbox 2189 5393 2510 5464; x_wconf 88' lang='lat' dir='ltr'><strong>subjugata</strong></span> <span class='ocrx_word' id='word_1_742' title='bbox 2547 5391 2666 5445; x_wconf 88' lang='lat' dir='ltr'><strong>sibi</strong></span> <span class='ocrx_word' id='word_1_743' title='bbox 2697 5389 2916 5460; x_wconf 89' lang='lat' dir='ltr'><strong>alligat,</strong></span> <span class='ocrx_word' id='word_1_744' title='bbox 2950 5402 3204 5459; x_wconf 87' lang='lat' dir='ltr'><strong>quorum</strong></span> <span class='ocrx_word' id='word_1_745' title='bbox 3248 5387 3361 5442; x_wconf 87' lang='lat' dir='ltr'><strong>ista</strong></span> <span class='ocrx_word' id='word_1_746' title='bbox 3393 5389 3530 5442; x_wconf 90' lang='lat' dir='ltr'><strong>sunt</strong></span> <span class='ocrx_word' id='word_1_747' title='bbox 3556 5401 3660 5443; x_wconf 90' lang='lat' dir='ltr'><strong>n0-</strong></span> 
     </span>
    </p>
   </div>
   <div class='ocr_carea' id='block_1_117' title="bbox 2007 5528 3309 5605">
    <p class='ocr_par' dir='ltr' id='par_1_117' title="bbox 2007 5528 3309 5605">
     <span class='ocr_line' id='line_1_119' title="bbox 2007 5528 3309 5605; baseline -0.008 -8"><span class='ocrx_word' id='word_1_748' title='bbox 2007 5539 2402 5598; x_wconf 84' lang='lat' dir='ltr'><strong>ostentatione</strong></span> <span class='ocrx_word' id='word_1_749' title='bbox 2433 5533 2588 5605; x_wconf 86' lang='lat' dir='ltr'><strong>legis</strong></span> <span class='ocrx_word' id='word_1_750' title='bbox 2616 5547 2737 5586; x_wconf 66' lang='lat' dir='ltr'><strong>suae</strong></span> <span class='ocrx_word' id='word_1_751' title='bbox 2767 5530 2924 5585; x_wconf 85' lang='lat' dir='ltr'><strong>nulla</strong></span> <span class='ocrx_word' id='word_1_752' title='bbox 2956 5528 3167 5602; x_wconf 87' lang='lat' dir='ltr'><strong>classe,</strong></span> <span class='ocrx_word' id='word_1_753' title='bbox 3199 5531 3309 5586; x_wconf 90' lang='lat' dir='ltr'><strong>etc.</strong></span> 
     </span>
    </p>
   </div>
   <div class='ocr_carea' id='block_1_118' title="bbox 2100 5606 3162 5674">
    <p class='ocr_par' dir='ltr' id='par_1_118' title="bbox 2100 5606 3162 5674">
     <span class='ocr_line' id='line_1_120' title="bbox 2100 5606 3162 5674; baseline -0.007 -7"><span class='ocrx_word' id='word_1_754' title='bbox 2100 5611 2230 5674; x_wconf 86' lang='grc'>322)</span> <span class='ocrx_word' id='word_1_755' title='bbox 2267 5606 2536 5664; x_wconf 84' lang='lat' dir='ltr'><strong>Ulterius</strong></span> <span class='ocrx_word' id='word_1_756' title='bbox 2567 5609 2802 5658; x_wconf 85' lang='lat' dir='ltr'><strong>tentare</strong></span> <span class='ocrx_word' id='word_1_757' title='bbox 2823 5617 3162 5674; x_wconf 85' lang='lat' dir='ltr'><strong>pervasum.</strong></span> 
     </span>
    </p>
   </div>
   <div class='ocr_carea' id='block_1_119' title="bbox 2076 5614 3065 5755">
    <p class='ocr_par' dir='ltr' id='par_1_119' title="bbox 2076 5614 3065 5755">
     <span class='ocr_line' id='line_1_121' title="bbox 2100 5614 3065 5674; baseline -0.011 -7"><span class='ocrx_word' id='word_1_758' title='bbox 2100 5614 2230 5674; x_wconf 86' lang='grc'>322)</span> <span class='ocrx_word' id='word_1_759' title='bbox 2267 5614 2536 5664; x_wconf 81' lang='lat' dir='ltr'><strong>Ulterius</strong></span> <span class='ocrx_word' id='word_1_760' title='bbox 2567 5614 2802 5658; x_wconf 85' lang='lat' dir='ltr'><strong>tentare</strong></span> <span class='ocrx_word' id='word_1_761' title='bbox 2823 5617 3065 5674; x_wconf 78' lang='lat' dir='ltr'><strong>pervasz</strong></span> 
     </span>
     <span class='ocr_line' id='line_1_122' title="bbox 2076 5614 3065 5755; baseline -0.011 -16"><span class='ocrx_word' id='word_1_762' title='bbox 2076 5614 2227 5755; x_wconf 50' lang='lat' dir='ltr'><strong>E323)</strong></span> <span class='ocrx_word' id='word_1_763' title='bbox 2258 5680 2322 5737; x_wconf 80' lang='grc' dir='ltr'><strong>Ο.</strong></span> <span class='ocrx_word' id='word_1_764' title='bbox 2354 5679 2420 5734; x_wconf 89' lang='grc' dir='ltr'><strong>Ρ.</strong></span> <span class='ocrx_word' id='word_1_765' title='bbox 2457 5676 2697 5733; x_wconf 83' lang='lat' dir='ltr'><strong>lnnecta</strong></span> <span class='ocrx_word' id='word_1_766' title='bbox 2727 5691 2759 5732; x_wconf 82' lang='grc' dir='ltr'><em>θ</em></span> <span class='ocrx_word' id='word_1_767' title='bbox 2789 5673 3065 5752; x_wconf 80' lang='lat' dir='ltr'><strong>captioni.</strong></span> 
     </span>
    </p>
   </div>
  </div>
