4074 6150
542 228 701 293 118⁵7

1284 227 1721 292 GAUFREDI
1766 229 2326 296 MALATERR/E
2370 228 2761 297 MONACHI
2810 235 3250 300 BENEDICT.

3754 248 3872 313 1188

543 414 699 468 mina
748 428 760 467 :
805 411 1094 479 Platonio,
1146 408 1385 474 Missor,
1430 408 1723 500 _Gastajel,
1760 409 1970 480 Satuti,
2007 411 2210 481 Racel,
2252 414 2287 475 Χ
2323 429 2540 483 amare,
2567 414 2859 485 justitiam
2882 420 3163 490 exsequi,
3197 422 3487 479 veritatem
3524 426 3775 500 amplecti,
3799 446 3871 485 ec-

544 502 724 570 Bifar,
751 499 1005 555 Muclofe
1024 497 1195 567 (394),
1223 498 1398 568 Garo,
1418 497 1807 567 Calatenissa,
1835 500 1990 570 quod
2009 505 2213 555 nostra
2324 501 2584 556 Classiam
2611 503 2988 574 frequentare
3011 524 3144 561 cum
3166 508 3485 580 devotione,
3504 514 3673 568 sacris
3684 497 3873 586 Hymnis

539 591 1203 662 linguainterpretatum
1226 587 1565 656 resolvitur,
1590 588 1803 642 Castra
1830 587 1977 657 (3:25)
2012 588 2208 645 Femi-

543 696 769 747 narum,
806 678 1035 745 Lerata,
1075 676 1314 730 Remise
1347 674 1515 746 (396).

1178 781 1429 835 CAPUT
1462 783 1555 836 VI.

539 873 785 928 Chamut
801 871 1182 927 Christianus
1212 870 1304 940 lit;
1331 869 1609 924 Castrum
1632 871 1883 926 Joannis
1904 873 2201 929 redditur.

619 980 833 1036 Comes
869 980 1065 1049 itaque
1087 1020 1101 1047 ,
1146 977 1262 1032 sibi
1307 978 1500 1032 omnia
1536 994 1827 1048 prospere
1858 980 2068 1035 cedere
2099 982 2204 1035 Dei

538 1069 915 1124 miseratione
946 1082 1345 1138 cognoscens,
1398 1066 1603 1138 adjicit
1624 1066 1896 1122 Castrum
1954 1068 2201 1124 Joannis

538 1158 653 1213 sibi
671 1160 769 1212 aut
784 1157 1172 1227 oppressione
1186 1159 1284 1210 aut
1303 1159 1462 1209 certe
1482 1159 1635 1225 astu,
1657 1157 1850 1227 aliqua
1874 1159 2201 1228 composita

538 1240 1079 1315 confcederatione,
1133 1245 1249 1299 sibi
1295 1245 1610 1315 applicare.
1654 1245 1822 1300 Unde
1863 1249 1917 1299 et
1948 1247 2199 1317 quodam

536 1335 795 1389 diluculo
851 1351 985 1388 cum
1045 1337 1278 1389 centum
1327 1334 1612 1389 militibus
1672 1349 1889 1389 versus
1926 1334 2198 1389 Castrum

533 1423 782 1478 Joannis
813 1439 1139 1493 properans
1162 1465 1176 1492 ,
1210 1422 1557 1477 Chamutum
1590 1422 1810 1477 findere
1851 1424 2197 1493 interposito

532 1512 796 1567 locutum
825 1512 1050 1566 invitat.
1080 1510 1265 1576 Quem
1295 1511 1554 1565 diversis
1594 1512 1912 1565 verborum
1938 1512 2198 1566 circum-

532 1601 816 1655 itionibus
849 1603 1160 1668 attentans,
1182 1599 1477 1654 deditione
1494 1600 1687 1653 Castri
1721 1603 1777 1654 et
1807 1601 2197 1654 conversione

531 1690 603 1744 ad
616 1690 836 1744 Christi
858 1688 1228 1759 baptismatis
1251 1689 1759 1758 regenerationem
1776 1688 1991 1757 pulsat.
2007 1689 2193 1743 Porro

532 1778 650 1848 ille,
682 1792 1059 1849 cognoscens
1084 1777 1486 1846 experimento
1507 1776 1579 1830 de
1599 1777 1731 1830 aliis
1756 1780 1990 1846 sumpto
2016 1778 2196 1831 comi-
2229 1784 2271 1843 Β

529 1868 648 1921 tem
664 1868 735 1920 ad
759 1867 1150 1937 quodcunque
1173 1865 1520 1932 intenderet,
1543 1865 1776 1918 fortuna
1800 1864 2029 1919 favente
2047 1865 2192 1920 nihil

529 1955 754 2009 frustra
785 1954 910 2023 niti,
945 1952 1369 2024 aliquantulum
1399 1954 1571 2007 etiam
1603 1954 1674 2007 de
1702 1954 2091 2008 conversione
2122 1955 2194 2008 ad

529 2044 705 2097 ﬁdem
735 2042 906 2097 tacito
940 2043 1053 2096 sub
1084 2044 1321 2112 pectore
1352 2042 1697 2113 inspiratus,
1733 2043 1881 2096 clam
1914 2043 2043 2097 suis
2071 2044 2193 2114 agit

531 2134 595 2186 ut
623 2134 842 2186 statuto
873 2133 1124 2185 termino
1164 2146 1364 2185 comes
1390 2173 1404 2200 ,
1451 2147 1584 2186 cum
1623 2132 1886 2186 exercitu
1926 2136 2060 2188 ante
2092 2150 2192 2188 ca-

534 2225 724 2275 strum
755 2221 1024 2287 veniens,
1073 2221 1269 2289 ipsum
1302 2236 1436 2274 cum
1480 2220 1636 2273 omni
1681 2221 2036 2289 supellectiti
2084 2238 2194 2278 sua

526 2310 600 2364 ad
647 2326 714 2364 se
755 2309 1248 2380 transfugientem
1279 2308 1585 2378 suscipiat.
1621 2309 1885 2364 Timebat
1923 2311 2080 2365 enim
2118 2327 2192 2366 ne

531 2400 583 2454 si
614 2399 673 2454 in
705 2399 1013 2469 propatulo
1044 2398 1228 2468 ﬁeret,
1253 2398 1411 2468 quod
1446 2402 1706 2452 castrum
1731 2399 1982 2453 reddere
2007 2401 2097 2454 vel
2115 2400 2190 2454 ad

527 2489 702 2543 fidem
721 2488 1067 2542 catholicam
1085 2487 1340 2540 transire
1362 2486 1665 2554 niteretur,
1691 2503 1722 2540 a
1745 2487 1995 2542 suismet
2027 2489 2188 2558 peri-

528 2580 803 2631 meretur.
864 2574 1076 2630 Comes
1138 2591 1169 2628 a
1221 2575 1318 2628 tali
1368 2575 1765 2643 promissione
1822 2575 1995 2630 laetus
2035 2576 2189 2647 apud

525 2665 919 2735 Agrigentum
948 2663 1127 2732 redit;
1151 2665 1366 2717 statuto
1385 2663 1632 2717 termino
1656 2664 1903 2724 silenter
1924 2666 2188 2719 exercitu

527 2753 795 2818 conﬂato,
850 2752 1003 2805 haud
1036 2751 1239 2821 procul
1271 2766 1302 2804 a
1334 2750 1543 2806 Castro
1577 2752 1843 2822 Joannis,
1877 2752 2005 2807 loco
2036 2754 2190 2808 inter

526 2855 593 2895 se
624 2841 949 2910 prmnotato
990 2836 1224 2891 insidiis
1255 2839 1601 2892 occultatur.
1634 2837 1881 2894 Chamut
1911 2841 2186 2896 omnibus

525 2929 653 2984 suis
683 2928 860 2983 mulis
890 2930 945 2981 et
973 2927 1142 2998 equis
1175 2928 1571 2997 superpositis
1602 2928 1775 2998 quasi
1807 2929 2181 3000 aliquorsum

522 3032 940 3089 processurus,
988 3015 1136 3070 urbe
1168 3015 1517 3086 digreditur,
1571 3032 1645 3071 ex
1675 3017 1969 3072 industria
2003 3034 2186 3088 super

520 3108 773 3162 insidias
795 3108 1138 3161 nostrorum
1156 3103 1380 3174 incidit,
1400 3120 1431 3157 a
1454 3105 1679 3159 nostris
1698 3106 2007 3175 excipitur.
2023 3106 2187 3161 Com—
2216 3139 2264 3200 Ο

520 3200 688 3266 perto
709 3196 982 3249 Castrum
1006 3192 1253 3248 Joannis
1275 3208 1307 3246 a
1328 3193 1551 3247 nostris
1580 3196 1971 3265 oppugnatur.
1996 3195 2182 3249 Porro

523 3284 687 3339 cives
728 3283 828 3336 tali
876 3282 1028 3336 facto
1062 3281 1290 3335 viribus
1320 3280 1592 3335 exhausti
1621 3284 1940 3352 terrentur,
1970 3299 2077 3351 pro
2117 3298 2182 3337 re

522 3376 696 3443 atque
718 3375 984 3440 tempore
1015 3370 1328 3423 consilium
1345 3372 1561 3439 aptant.
1582 3368 1831 3424 Foedera
1853 3374 2181 3442 composito

522 3460 720 3516 comiti
759 3458 1237 3514 reconciliantur.
1272 3458 1541 3510 Castrum
1572 3458 1851 3513 deditioni
1883 3458 2177 3530 adjicitur.

520 3548 735 3602 Comes
791 3548 1061 3601 Castrum
1105 3545 1353 3613 adeptus
1402 3544 1573 3598 laetus
1618 3544 1901 3616 efﬁcitur;
1958 3552 2180 3604 nostrae

522 3635 687 3707 genti
736 3636 809 3688 ad
869 3633 1149 3687 tuendum
1205 3632 1485 3686 fortiores
1527 3637 1724 3688 turres
1770 3634 2175 3706 assignantur.

523 3723 773 3778 Chamut
802 3738 935 3777 cum
966 3737 1147 3776 uxore
1179 3724 1235 3776 et
1264 3721 1470 3776 liberis
1498 3722 1871 3779 Christianus
1902 3725 2175 3799 efﬁcitur,

511 3810 624 3868 hoc
647 3813 776 3868 solo
799 3811 1171 3866 conventioni
1191 3811 1536 3881 interposito
1555 3813 1709 3882 quod
1734 3828 1882 3867 uxor
1898 3830 2027 3884 sua,
2044 3832 2177 3887 quae

508 3902 627 3957 sibi
658 3902 911 3973 quadam
938 3899 1468 3971 consanguinitalis
1493 3899 1648 3955 linea
1678 3902 2171 3975 conjungebatur,

506 3990 565 4045 in
600 3994 903 4061 posterum
936 3989 1050 4044 sibi
1079 4005 1197 4043 non
1230 3989 1701 4045 interdiceretur.
1724 3990 2176 4063 Chamut,.inter

502 4094 650 4135 suos
667 4080 912 4134 ulterius
931 4078 1285 4134 commorari
1309 4076 1402 4132 vel
1423 4078 1723 4150 differens,
1744 4080 1838 4134 vel
1868 4080 2168 4152 difﬁdens,

500 4184 575 4223 ne
608 4169 826 4239 comiti,
863 4168 1037 4240 quasi
1059 4167 1313 4238 aliquam
1338 4166 1628 4221 fallaciam
1650 4168 1936 4240 miscens,
1957 4186 2170 4242 suspe-

500 4259 633 4313 ctus
664 4257 849 4327 ﬁeret,
896 4257 991 4312 vel
1024 4257 1221 4311 minus
1253 4257 1618 4327 crederetur,
1654 4258 1807 4327 apud
1839 4258 2171 4316 Calabriam

502 4344 563 4399 in
594 4346 901 4416 provincia
932 4345 1204 4399 Melitana
1244 4361 1277 4398 a
1307 4345 1519 4399 comite
1548 4349 1765 4399 terram
1796 4347 1925 4401 suis
1956 4349 2169 4405 usibus

505 4433 902 4488 sufﬁcientem
935 4434 1172 4503 expetit.
1207 4432 1373 4497 Quod
1407 4449 1608 4487 comes
1639 4434 1753 4488 sibi
1787 4433 2039 4491 libenter
2068 4454 2171 4493 an-

498 4535 691 4577 nuens
724 4522 862 4577 illuc
895 4522 1188 4592 secessit;
1223 4522 1430 4593 sicque
1460 4524 1667 4591 postea
1696 4521 1875 4595 longo
1909 4529 2167 4596 tempore

497 4610 732 4682 vivens,
759 4610 831 4665 ab
856 4610 1016 4665 omni
1036 4610 1242 4665 fraude
1260 4626 1475 4665 versus
1497 4615 1760 4665 nostram
1774 4615 2011 4684 gentem
2029 4630 2167 4672 sese

505 4699 1094 4771 irreprehensibilem
1122 4699 1402 4769 deinceps
1435 4699 1720 4754 exhibuit.

1128 4804 1381 4861 CAPUT
1413 4805 1531 4860 VII.

703 4896 914 4953 Comes
939 4895 1243 4967 episeoms
1259 4910 1372 4966 per
1398 4894 1665 4949 Siciliam
1698 4894 1954 4952 ordinat.

564 5011 803 5075 Comes,
824 5003 1040 5059 videns
1061 5001 1474 5073 pr0pitiatione
1491 4999 1596 5056 Dei
1617 5018 1850 5057 omnem
1881 5004 2161 5079 Siciliam,

491 5100 738 5164 excepta
768 5095 980 5148 Butera
1012 5094 1068 5146 et
1106 5091 1258 5147 Noto
1290 5106 1418 5145 sum
1449 5090 1655 5146 ditioni
1688 5092 1998 5149 subeundo
2032 5111 2163 5152 ces-

494 5182 676 5252 sisse,
718 5199 791 5239 ne
816 5184 1090 5256 ingratus
1118 5180 1264 5236 tanti
1293 5179 1569 5235 beneﬁcii
1601 5179 1720 5235 sibi
1749 5198 1782 5235 a
1814 5183 1933 5238 Deo
1965 5184 2161 5240 collati

495 5269 798 5340 existeret,
828 5272 1145 5344 coepitDeo
1168 5270 1418 5326 devotus
1450 5270 1725 5338 existere,
1743 5269 1910 5341 justa
1934 5271 2159 5343 judicia

566 5404 992 5486 (Ἠῶ-Μίδων,
1020 5412 1336 5484 Gnastilel,
1362 5412 1574 5482 Satiri,
1599 5411 1913 5485 Gemellos,
1949 5416 2155 5474 RaseI-

489 5475 979 5542 biecit-(Midam.

562 5521 1040 5624 Z§é$)"25§§i}iz}n.

553 5622 709 5700 (326)
735 5624 968 5703 Lecata,
1000 5624 1386 5692 Romanisse.

2322 595 2550 659 astare,
2597 593 3019 649 decimationes
3065 598 3326 652 omnium
3366 600 3666 655 reddituum
3690 620 3873 661 suorum

2323 681 2513 734 sacris
2545 682 2820 737 ecclesiis
2869 685 3221 755 attribuere,
3255 687 3547 743 viduarum
3572 694 3624 744 et
3648 693 3874 762 orphano-

2321 784 2485 837 rum,
2527 769 2635 823 sed
2681 774 2737 824 et
2786 774 3155 827 mcerentium
3201 790 3333 828 cum
3361 778 3569 830 ratione
3597 781 3873 836 consolator.

2322 856 2625 912 Ecclesiae
2655 860 2880 927 passim
2909 876 3019 930 per
3048 863 3386 917 universam
3423 863 3661 919 Siciliam
3684 875 3872 939 reparat,

2319 944 2448 1013 ipse
2478 945 2749 1015 pluribus
2781 948 2840 1001 in
2870 949 3018 1003 locis
3050 951 3120 1004 de
3153 966 3262 1005 suo
3286 956 3564 1022 sumptus,
3587 955 3769 1024 quibus
3782 956 3876 1010 faci-

2317 1032 2433 1087 lius
2465 1033 2603 1088 ﬁant
2633 1036 2912 1090 attribuit.
2947 1037 3011 1090 ln
3052 1039 3197 1093 urbe
3239 1040 3611 1111 Agrigentina
3638 1044 3872 1112 pontiﬁca-

2313 1120 2473 1174 libus
2504 1122 2706 1177 infulis
2730 1124 3072 1178 cathedram
3105 1127 3401 1196 sublimat,
3423 1130 3606 1198 terris,
3629 1131 3822 1187 decimis
3836 1136 3875 1187 et

2314 1210 2571 1265 diversis
2603 1213 2812 1281 cOpiis,
2847 1229 2979 1284 quae
3015 1215 3275 1283 pontiﬁci
3307 1221 3362 1271 et
3392 1218 3539 1271 clero
3562 1224 3873 1288 competenter

2313 1298 2624 1370 designata
2637 1300 2953 1371 sufﬁciant,
2970 1302 3390 1360 haereditaliter
3406 1306 3770 1379 chirographis
3785 1311 3874 1363 suis

2313 1388 2507 1457 dotat,
2557 1390 2920 1444 ornamentis
2965 1396 3021 1445 et
3067 1393 3228 1446 sacri
3275 1395 3474 1448 altaris
3503 1396 3803 1451 utensilibus
3826 1398 3873 1450 ad

2309 1476 2547 1546 plenum
2607 1478 2996 1550 consignatis.
3060 1481 3211 1535 Huic
3260 1481 3542 1537 Ecclesiae
3602 1483 3874 1540 Gerlandum

2309 1567 2622 1635 quemdam
2642 1609 2656 1636 ,
2688 1569 2923 1621 natione
2956 1568 3369 1640 Allobrogum,
3400 1571 3612 1635 virum,
3656 1576 3708 1626 ut
3744 1576 3873 1639 aiunt,

2306 1668 2537 1723 magum
2557 1652 2860 1707 charitatis
2884 1658 2939 1708 et
2959 1655 3390 1710 ecclesiasticis
3412 1657 3713 1727 disciplinis
3730 1660 3872 1714 erudi-

2307 1745 2427 1795 tum
2450 1742 2794 1812 episcopum
2814 1742 3113 1811 ordinans,
3130 1745 3415 1813 prafecit.
3434 1746 3590 1800 Haud
3612 1749 3875 1817 secusapud

2304 1830 2595 1884 Mazaram
2625 1830 2820 1884 facere
2851 1831 3390 1902 addens,omnibus
3417 1850 3543 1904 quae
3572 1834 3667 1889 rite
3694 1835 3873 1890 sufﬁce-

2303 1921 2433 1973 rent
2467 1918 2708 1988 przelato
2749 1922 2806 1972 et
2830 1920 3066 1973 clericis
3099 1922 3173 1975 ad
3196 1922 3436 1991 plenum
3456 1923 3765 1994 designatis,
3788 1924 3873 1977 Ste-

2302 2007 2561 2077 phanum
2591 2008 2906 2078 quemdam
2941 2008 3502 2081 Rothomagensem,
3535 2012 3763 2066 honestae
3781 2013 3873 2065 vita

2303 2095 2494 2149 virum
2517 2096 2861 2167 episcopum
2884 2097 3194 2152 ordinavit.
3232 2099 3406 2167 Apud
3436 2098 3754 2170 Syracusam
3779 2116 3875 2154 vero

2300 2183 2456 2238 idem
2490 2184 2782 2255 adjiciens
2817 2186 3141 2257 Rogerium
3168 2186 3460 2241 decanum
3490 2187 3741 2242 Ecclesia:
3755 2189 3873 2241 Trai-

2302 2273 2528 2341 nensis,
2545 2273 2812 2327 honestae
2837 2274 3185 2328 eruditionis
3210 2275 3514 2344 clericum,
3537 2281 3589 2331 et
3608 2277 3726 2330 boni
3746 2278 3876 2329 moris

2302 2360 2730 2415 etaffabilitatis
2753 2362 2946 2416 virum
2980 2362 3040 2416 in
3073 2363 3393 2418 Provincia
3416 2370 3616 2431 ortum,
3638 2364 3873 2435 pontiﬁca-

2299 2450 2457 2504 libus
2474 2449 2677 2503 infulis
2692 2450 3059 2521 sublimavit;
3079 2452 3509 2508 Trainensibus
3523 2470 3630 2508 non
3648 2454 3879 2507 minimum
3988 2432 3989 2463 Ε

2300 2538 2372 2592 de
2395 2538 2530 2610 ejus
2549 2538 2871 2593 amissione
2886 2539 3242 2609 dolentibus,
3264 2541 3483 2611 quippe
3505 2542 3666 2613 cujus
3681 2541 3877 2595 doctrina

2298 2630 2355 2680 et
2375 2627 2644 2698 exemplo
2668 2627 2740 2681 ad
2763 2627 3006 2681 meliora
3027 2643 3266 2697 semper
3288 2629 3679 2699 hortabantur,
3709 2633 3753 2684 et
3777 2646 3877 2683 con-

2299 2715 2431 2771 silio
2454 2720 2511 2770 et
2540 2716 2873 2786 eloquentia
2905 2717 3077 2771 etiam
3106 2718 3167 2770 in
3186 2717 3339 2787 ipsis
3359 2720 3726 2775 saecularibus
3740 2733 3876 2788 nego.

2295 2804 2415 2872 tiis,
2445 2804 2614 2875 quasi
2635 2820 2745 2875 pro
2759 2804 2971 2860 baculo
2988 2807 3775 2876 sustentationis,utebantur,
3787 2822 3879 2860 nam
3988 2804 3989 2837 λ

2295 2897 2349 2947 et
2380 2893 2626 2947 absente
2657 2892 2936 2964 episcopo
2960 2894 3124 2947 vices
3156 2894 3272 2948 sibi
3308 2895 3608 2967 delegatas
3629 2912 3743 2950 cum
3767 2894 3879 2949 omni
3988 2934 3989 2969 ξ

2293 2982 2601 3051 prudentia
2633 2985 2688 3036 et
2732 2981 3133 3036 moderatione
3179 2985 3635 3054 exsequebatur.
3680 2983 3814 3054 Apud
3836 2982 3877 3035 S.

2295 3071 2681 3140 Euphemiam
2724 3086 2867 3125 vero
2918 3070 3271 3125 monachum
3310 3074 3653 3142 quemdam,
3703 3075 3878 3126 natione
3988 3086 3989 3089 ‘

2293 3160 2610 3229 Britoncm,
2642 3159 2837 3213 virum
2867 3159 3234 3231 religiosum,
3282 3166 3421 3229 post
3449 3162 3716 3227 abbatem,
3750 3163 3879 3214 totam
3988 3158 3989 3161 “

2293 3248 2624 3303 Ecclesiam
2652 3248 2925 3317 prudenti
2956 3248 3358 3304 moderamine
3390 3251 3650 3319 audiens,
3692 3252 3745 3303 ut
3766 3248 3878 3302 hunc

2291 3336 2579 3391 Ecclesiae
2623 3337 2941 3391 Catanensi
2968 3338 3282 3407 impetrare
3316 3338 3466 3408 (327)
3497 3344 3677 3410 queat,
3706 3338 3878 3407 cpisco-

2291 3443 2431 3498 pum
2481 3427 2752 3482 ordinare
2797 3424 2944 3494 (328)
2985 3427 3255 3481 intendit.
3295 3425 3493 3491 Quare
3521 3432 3577 3481 et
3600 3442 3698 3498 per
3720 3426 3879 3480 semet

2289 3515 2485 3585 ipsum
2515 3515 2654 3568 illuc
2696 3513 2988 3568 accedens
3014 3554 3028 3583 ,
3078 3514 3175 3567 vix
3227 3515 3468 3569 tandem
3497 3514 3773 3569 monachis
3797 3512 3877 3564 hoc

2292 3619 2495 3659 carere
2525 3602 2884 3671 volentibus,
2907 3602 3039 3673 ipso
3072 3602 3244 3656 etiam
3272 3620 3405 3673 pra;
3435 3604 3657 3659 caeteris
3686 3602 3879 3670 amplius

2287 3692 2632 3763 reluctante,
2652 3691 2919 3746 obtinuit.
2936 3689 3153 3761 Sicque
3175 3690 3524 3747 solemniter
3543 3692 3879 3761 episcOpatum

2287 3780 2805 3851 concedens,quod
2820 3780 2962 3833 nulli
2977 3780 3397 3849 episcoporum
3410 3781 3625 3835 fecisse
3638 3775 3883 3849 cognosci.

2285 3872 2399 3939 tur,
2426 3873 2603 3925 totam
2632 3869 2838 3924 urbem
2868 3868 2996 3922 sedi
3030 3884 3158 3922 suae
3198 3884 3334 3923 cum
3364 3870 3635 3924 omnibus
3661 3864 3879 3936 appendi-

2287 3959 2397 4014 ciis
2427 3959 2556 4013 suis
2588 3958 2700 4012 sub
2734 3957 3128 4028 chirographo
3152 3960 3207 4011 et
3235 3958 3495 4012 testibus
3526 3952 3881 4012 hmreditaliter

2283 4047 2704 4117 possidendam
2721 4045 3264 4116 assignavit.Porro
3277 4046 3397 4112 ille,
3416 4045 3715 4101 ecclesiam
3730 4042 3878 4095 minus

2284 4136 2518 4208 cultam,
2537 4138 2736 4205 utpote
2767 4151 2799 4189 a
2821 4133 3093 4189 faucibus
3116 4134 3442 4190 incredula
3469 4134 3657 4207 gentis
3683 4132 3876 4193 emtam,

2280 4224 2641 4295 suscipiens,
2657 4223 2820 4295 juris
2834 4223 3050 4278 studiis
3064 4223 3251 4293 primo
3270 4224 3600 4279 studiosius
3614 4222 3878 4283 inhaerens,

2275 4313 2442 4369 brevi
2466 4312 2784 4368 ecclesiam
2808 4312 3085 4367 omnibus
3099 4313 3469 4368 necessariis
3491 4301 3878 4383 provehens,ad

2277 4402 2477 4456 Mariae
2498 4403 2664 4456 vices
2683 4417 2815 4456 cum
2840 4401 3065 4455 Martha
3084 4398 3234 4471 (329)
3264 4401 3702 4472 exsequendum
3729 4401 3878 4451 trans-

2185 4495 2242 4559 D
2274 4490 2373 4561 iit;
2407 4490 2830 4546 monachorum
2852 4489 3083 4544 turbam
3110 4504 3229 4544 non
3262 4489 3554 4544 modicam
3578 4487 3688 4543 sibi
3711 4481 3877 4539 coadu-

2272 4594 2443 4648 nans,
2464 4578 2751 4633 districta
2775 4576 3182 4649 regulaejugo,
3200 4577 3396 4634 .verbo
3418 4582 3475 4634 et
3498 4575 3746 4646 exemplo
3771 4569 3877 4625 sub

2271 4682 2430 4738 esse,
2467 4669 2528 4722 ut
2556 4667 2749 4723 ﬁdelis
2779 4668 3002 4737 pastor,
3036 4666 3255 4737 coegit.

2880 4821 3132 4883 CAPUT
3164 4822 3314 4884 VIII.

2275 4953 2406 5011 Rex
2443 4952 2805 5008 Francorum
2844 4951 3379 5077 PhilippuisIﬁIiam
3411 4952 3639 5008 comitis
3681 4955 3872 5003 uxorem

2972 5039 3121 5077 exne
3152 5041 3170 5076 ι
3206 5064 3218 5077 .

2972 5039 3218 5095 expetit.

2339 5167 2425 5222 Ea
2452 5167 2796 5236 tempestate
2826 5165 3132 5237 Philippus
3163 5180 3269 5221 rex
3290 5165 3648 5222 Francorum
3673 5166 3870 5217 uxorem

2267 5257 2495 5312 habens
2550 5254 2874 5326 legitimam
2931 5257 2988 5309 et
3040 5254 3313 5326 praeclari
3370 5254 3638 5327 generis,
3680 5247 3868 5340 Bertaln

2265 5344 2522 5415 nomine,
2555 5359 2628 5399 ex
2648 5360 2762 5416 qua
2784 5345 3132 5416 susceperat
3151 5343 3333 5400 ﬁlium
3362 5344 3595 5400 nomine
3621 5336 3867 5395 Leudovi-

2333 5487 2484 5559 (32'1)
2523 5485 2587 5559 (Ξί-
2622 5484 2687 5559 Ρμ·
2720 5487 2795 5541 είι

2333 5555 2484 5627 (328)
2524 5556 2796 5613 Ordinet.

2330 5628 2483 5705 (329)
2520 5628 2799 5687 Marthae.
