4074 6150
172 231 327 294 1189

176 429 365 483 sinum
394 425 566 497 (330),
603 427 697 481 cui
743 427 917 480 etiam
952 426 1025 481 ab
1072 427 1345 482 omnibus
1377 426 1701 481 curialibus
1730 441 1830 480 re-
1864 407 1901 468 κ

173 534 350 589 gnum
366 518 501 586 post
522 532 589 570 se
605 515 823 570 habere
841 516 1279 587 designaverat,
1305 519 1505 571 contra
1536 515 1640 586 jus
1673 515 1823 587 legi-

180 607 331 659 timae
352 604 791 676 conjunctionis
839 620 1084 659 exosum
1132 605 1351 660 habere
1395 604 1549 672 fecit,
1598 607 1654 658 et
1700 620 1732 657 a
1765 618 1832 657 se

177 697 381 748 contra
414 708 703 747 canonum
733 695 948 748 statuta
992 693 1192 748 libello
1220 694 1447 764 repudii
1480 696 1723 748 conatur
1749 708 1836 746 re-

175 782 412 852 pellere,
439 781 583 835 nihil
603 781 868 835 criminis
892 781 1145 853 objecto,
1171 786 1414 852 excepto
1430 781 1585 852 quod
1602 780 1837 851 sangui-

176 872 411 925 nitatem
430 869 581 924 falso
606 886 994 924 annumeraro
1016 870 1291 941 tentabat,
1317 886 1425 924 nec
1448 870 1833 940 poterat.Hic,

174 960 404 1031 legatos
435 959 587 1028 apud
629 959 889 1013 Siciliam
933 959 1005 1013 ad
1037 959 1308 1013 comitem
1338 959 1624 1032 dirigens,
1659 958 1838 1012 ﬁliam

179 1049 331 1119 ejus,
363 1047 598 1102 nomine
634 1047 921 1117 Eminam,
951 1064 1126 1119 quam
1156 1048 1227 1102 de
1259 1048 1445 1119 prima
1485 1063 1672 1102 uxore
1705 1062 1837 1116 spe-

180 1139 399 1191 ciosam
430 1136 684 1207 puellam
715 1136 988 1205 habebat,
1036 1137 1150 1191 sibi
1182 1137 1241 1190 in
1273 1136 1706 1191 matrimonium
1737 1151 1838 1189 co-

175 1226 489 1296 pulandam
508 1224 964 1295 expetit.Comes
987 1241 1150 1294 vero,
1185 1225 1410 1280 fraudis
1434 1241 1609 1296 quam
1627 1240 1841 1279 versus

175 1314 497 1387 legitimam
547 1329 790 1369 uxorem
840 1315 1091 1369 habebat
1136 1317 1405 1386 ignarus,
1458 1331 1590 1368 cum
1642 1313 1842 1367 multis

180 1404 565 1475 sponsalibus
608 1420 674 1458 se
705 1404 819 1459 sibi
868 1404 1135 1459 datarum
1178 1405 1457 1473 cocessit,
1510 1406 1844 1473 statutoque

177 1494 452 1561 termino,
478 1493 729 1547 navibus
752 1494 1055 1563 apparatis
1080 1535 1094 1563 ,
1124 1509 1250 1548 eam
1279 1508 1469 1563 usque
1499 1492 1571 1545 ad
1610 1491 1669 1546 S.
1700 1490 1845 1564 Egi-

179 1581 336 1636 dium
371 1599 506 1636 cum
534 1582 807 1652 pluribus
839 1582 1251 1637 thesaurorum
1279 1582 1568 1651 enxeniis,
1594 1596 1708 1652 quo
1743 1596 1847 1634 rex

180 1687 242 1724 se
264 1670 509 1724 obvium
528 1670 653 1723 fieri
676 1671 923 1739 dixerat,
940 1671 1227 1725 maritimo
1247 1686 1462 1725 cursus
1487 1669 1843 1724 transmittit.

1278 227 1686 288 HISTORIA
1727 224 2043 289 SICULA.
2094 257 2168 272 -
2215 224 2367 289 LIB.
2405 180 2512 287 1v.

3439 225 3607 291 1190.

2593 424 2843 481 CAPUT
2891 425 2962 478 Χ.

2251 513 2625 568 Boamundus
2656 512 2971 567 Cusentum
2995 515 3297 584 pervadit.

2015 600 2089 654 At
2118 601 2519 672 Boamundus,
2566 601 2881 655 ambitione
2912 602 3444 657 nanciscendarum
3472 617 3604 673 per-

1942 691 2188 745 vasione
2213 706 2395 761 super
2434 690 2673 745 fratrem
2720 690 2958 744 urbium
2996 691 3226 760 avidus,
3285 708 3417 746 cum
3447 691 3603 745 Cou—
3680 710 3685 715 ε

1947 779 2195 834 sentinis
2229 782 2458 833 secreto
2499 779 2570 831 de
2614 778 2923 832 traditione
2977 779 3144 833 urbis
3198 778 3337 849 agit,
3377 780 3609 849 promit-

1950 871 2076 922 tens
2105 883 2172 922 se
2204 868 2511 921 castellum
2543 867 2699 937 quod
2730 867 2850 920 dux
2879 867 2996 921 illis
3028 868 3285 922 invisum
3315 867 3374 921 in
3404 867 3609 921 eadem

1949 956 2094 1011 urbe
2138 956 2491 1025 ﬁrmaverat,
2536 956 2588 1010 si
2629 971 2833 1010 eorum
2876 957 3093 1010 auxilio
3143 972 3354 1027 capere
3393 955 3609 1026 possit,

1951 1044 2216 1099 funditus
2249 1046 2504 1099 dirutum
2535 1045 2630 1098 iri.
2664 1044 2787 1108 Qua
2818 1046 3213 1114 promissione
3246 1046 3329 1098 illi
3359 1045 3431 1099 ad
3464 1044 3614 1099 frau-

1950 1134 2080 1188 dem
2109 1134 2371 1204 proclive
2400 1134 2602 1203 illecti,
2636 1134 2976 1188 Boamundo
2999 1135 3416 1203 assentientes,
3450 1134 3613 1188 illum

1951 1223 2102 1276 infra
2132 1222 2339 1277 urbem
2371 1239 2502 1276 cum
2530 1238 2636 1276 sua
2654 1224 2867 1277 virtute
2900 1223 3251 1293 suscipiunt.
3271 1222 3614 1276 Sacramen-

1953 1317 2030 1371 tis
2062 1318 2178 1371 sibi
2210 1317 2708 1372 confazderantur.
2748 1316 3069 1371 Castellum
3111 1318 3399 1372 vallantes
3433 1333 3615 1387 oppu-

1953 1408 2194 1477 gnatum
2250 1407 2489 1460 vadunt.
2528 1405 2693 1470 Quod
2736 1422 2870 1460 cum
2915 1406 3052 1460 duci
3090 1407 3151 1460 in
3191 1406 3483 1475 Apuliam,
3516 1405 3616 1459 ubi

1951 1497 2090 1549 tunc
2135 1495 2497 1563 morabatur,
2531 1494 2859 1549 nuntiatum
2903 1494 3137 1563 fuisset,
3172 1494 3495 1549 exercitum
3524 1494 3618 1547 ad-

1953 1599 2202 1638 movens
2234 1584 2503 1638 illorsum
2558 1584 2867 1651 accelerat,
2909 1584 3383 1654 avunculumque
3413 1583 3528 1638 sibi
3558 1583 3618 1637 in

1953 1673 2236 1727 auxilium
2283 1673 2541 1727 invitans
2596 1675 2658 1726 ut
2690 1672 2805 1726 sibi
2835 1672 2988 1741 apud
3034 1672 3357 1726 Cusentum
3405 1672 3619 1726 obvius

182 1759 568 1829 Habebatque
601 1759 873 1813 fiduciam
896 1760 955 1813 in
985 1760 1197 1814 comite
1224 1759 1494 1830 ejusdem
1524 1758 1846 1829 provincia;
1872 1782 1917 1842 Β
1954 1761 2080 1816 fieri
2104 1777 2222 1816 non
2265 1760 2492 1816 differat
2524 1761 2776 1815 mandat.
2811 1761 2982 1829 Nam,
3016 1763 3076 1814 ut
3107 1760 3385 1830 diximus,
3418 1764 3621 1816 contra

182 1847 537 1916 Raimundo,
591 1847 748 1919 quod
798 1864 927 1903 eam
974 1848 1103 1920 regi
1144 1848 1393 1903 honeste
1444 1848 1845 1919 consignaret,

181 1952 314 1990 nam
338 1941 396 1990 ct
419 1937 546 2005 ipse
568 1936 740 1990 aliam
761 1936 941 1992 filiam
964 1937 1195 1992 comitis
1210 1936 1559 2007 jamdudum
1580 1937 1846 1991 duxerat.

182 2024 310 2079 Rex
341 2040 511 2093 vero,
546 2041 867 2095 pravorum
900 2026 1150 2080 consilio
1168 2042 1339 2094 usus,
1376 2026 1446 2079 ad
1470 2026 1598 2079 haec
1630 2025 1851 2079 niteba-

181 2118 274 2167 tur
312 2118 379 2167 ut
401 2113 701 2167 thesauris
727 2115 1029 2185 susceptis
1061 2117 1116 2169 et
1157 2114 1430 2169 comitem
1460 2115 1531 2168 de
1561 2114 1698 2181 tilia,
1733 2130 1849 2168 non

184 2202 477 2270 ducendo,
496 2202 844 2257 luditicarct.
868 2204 1056 2258 Porro
1077 2219 1277 2257 comes
1301 2203 1666 2258 Raimundus
1690 2201 1854 2272 regia

186 2291 396 2344 fraude
427 2295 727 2361 comperta
777 2293 951 2362 coepit
982 2295 1039 2346 et
1088 2293 1216 2362 ipse
1254 2292 1637 2346 nihilominus
1682 2291 1856 2344 aliam

186 2379 421 2433 frudem
452 2380 885 2450 conjecturare,
939 2380 1212 2435 videlicet
1243 2385 1324 2449 ut,
1376 2380 1629 2450 puellam
1670 2378 1856 2432 dissi-

184 2468 406 2522 mulata
428 2467 635 2522 fraude
674 2486 807 2524 cum
836 2469 1063 2525 honore
1086 2470 1446 2539 suscipiens,
1476 2469 1645 2523 alteri
1670 2467 1857 2538 probo

184 2556 314 2611 viro
340 2557 401 2610 in
423 2558 857 2613 matrimonium
879 2560 1282 2631 consignaret;
1308 2559 1437 2629 ipse
1460 2574 1600 2612 vero
1625 2573 1857 2612 omnem

184 2647 501 2716 pecuniam
521 2647 978 2716 usurparet.Sed
996 2648 1317 2718 prudentes
1336 2648 1466 2716 viri,
1483 2664 1633 2718 quos
1657 2661 1858 2700 comes

187 2750 324 2789 cum
370 2734 590 2789 familia
639 2737 917 2806 miserat,
964 2753 1139 2806 prece
1188 2736 1398 2806 puellae
1451 2737 1700 2805 pecunia
1759 2752 1858 2789 ex-

184 2826 462 2892 portata,
516 2824 779 2878 fraudem
838 2841 970 2895 quae
1028 2826 1317 2896 agebatur
1381 2826 1809 2894 compericntes
1844 2866 1859 2896 ,

186 2912 476 2965 anchoris
498 2914 800 2983 extractis,
822 2914 950 2968 vela
972 2914 1165 2968 ventis
1193 2914 1642 2982 committentes,
1664 2914 1860 2984 puclla

187 3016 328 3055 cum
362 3000 582 3055 furoris
612 3004 818 3056 marito
869 3003 1097 3077 relicta,
1118 3004 1344 3073 placida
1382 3019 1524 3057 aura
1563 3003 1860 3074 sufflante,

188 3106 327 3144 cum
348 3090 805 3158 pretiosioribus
822 3091 1123 3146 thesauris
1141 3093 1213 3146 ad
1237 3093 1508 3147 comitem
1527 3092 1585 3145 in
1602 3091 1861 3145 Siciliam
1895 3138 1933 3158 Α

1891 3141 1943 3204 C

187 3182 593 3233 revertuntur.
624 3177 837 3234 Comes
868 3195 1013 3234 vero
1043 3181 1429 3250 l‘taimundus,
1464 3180 1671 3235 fraude
1689 3196 1863 3250 quam

188 3266 648 3321 machinabatur
678 3283 751 3322 ex
801 3273 966 3338 parte
1000 3268 1337 3339 frustratus,
1370 3269 1624 3339 puellam
1668 3269 1866 3323 comiti

189 3356 590 3410 Claramontis
621 3355 916 3427 legalibus
946 3358 1165 3428 nuptiis
1183 3358 1494 3428 copulavit,
1518 3358 1724 3430 sicque
1738 3358 1867 3413 sola

193 3443 303 3498 Dei
365 3444 809 3513 dispensatione
860 3446 1204 3500 solemniter
1252 3447 1545 3515 maritate,
1605 3451 1662 3501 et
1702 3450 1868 3517 pater

192 3531 546 3604 opprobrio,
582 3533 739 3603 quod
772 3549 881 3588 rex
910 3535 1373 3605 machinabatur,
1406 3539 1463 3589 et
1492 3536 1609 3589 filia
1640 3535 1865 3589 inordi-

191 3626 335 3676 nata
369 3624 426 3675 et
459 3624 661 3675 contra
687 3620 790 3693 jus
836 3623 1047 3694 quavis
1089 3624 1266 3696 legali
1305 3624 1674 3694 copulatione
1713 3624 1865 3678 libe-

190 3713 387 3767 ratur.

838 3819 1089 3874 CAPUT
1128 3821 1230 3875 IX.

670 3908 910 3963 Mihera
947 3909 1165 3980 Majam
1195 3910 1404 3963 intrat.

273 4015 507 4070 Mihera
537 4028 679 4069 vero
713 4015 870 4069 filius
918 4014 1189 4085 Hugonis
1230 4013 1470 4082 Foloch,
1516 4013 1609 4067 vir
1639 4028 1869 4084 magnae

197 4103 488 4172 levitatis,
506 4101 612 4155 sed
626 4102 1108 4172 elegantissimus
1132 4102 1322 4167 miles,
1348 4102 1494 4156 laeva
1512 4117 1615 4171 pro
1634 4101 1872 4155 dextera

197 4197 408 4260 utens,
447 4190 702 4246 Roberto
749 4191 900 4245 duce
932 4191 1208 4245 defuncto
1239 4192 1299 4244 in
1337 4190 1708 4244 insolentiam
1738 4205 1871 4259 pro-

200 4296 520 4349 rumpens,
539 4280 769 4334 vicinos
802 4280 1260 4350 circumquaque
1290 4278 1508 4349 praedis
1531 4281 1587 4333 et
1616 4278 1873 4333 diversis

200 4368 660 4426 incursionibus
690 4368 1043 4423 lacessendo
1061 4372 1338 4438 appetere
1371 4368 1565 4437 cmpit.
1594 4367 1874 4422 Posside-

200 4460 310 4515 bat
342 4459 501 4514 enim
528 4460 668 4512 tunc
715 4456 996 4527 temporis
1035 4459 1231 4511 castra
1272 4455 1386 4510 sibi
1425 4472 1457 4509 a
1487 4459 1649 4526 patre
1688 4456 1876 4511 haere-

205 4548 475 4605 ditaliter
495 4546 699 4600 relicta
715 4544 1171 4614 Cantantiarum,
1202 4549 1258 4600 et
1276 4546 1552 4614 Roccam;
1576 4545 1707 4615 plus
1736 4560 1876 4600 vero

207 4637 403 4693 armis
454 4635 753 4698 ambiens,
790 4633 849 4688 in
892 4635 1023 4704 ipso
1063 4635 1236 4689 etiam
1285 4635 1433 4689 duce
1481 4649 1875 4704 prmsumens,

208 4729 504 4793 castrum,
533 4724 691 4795 quod
717 4723 868 4777 Maia
889 4723 1102 4778 dicitur
1120 4765 1134 4793 ,
1166 4723 1479 4778 traditione
1510 4723 1725 4778 civium
1765 4723 1877 4777 sibi

208 4829 521 4884 usurpans
551 4812 839 4882 irrumpit.
873 4811 990 4866 Sed
1019 4813 1147 4866 suis
1168 4812 1397 4866 viribus
1419 4812 1635 4865 auxilia
1665 4812 1881 4866 addere

212 4905 452 4971 volens,
497 4900 823 4956 Boamundi
867 4900 1069 4955 fratris
1110 4900 1299 4968 ducis,
1342 4900 1442 4969 (lui
1481 4899 1603 4970 jam
1662 4899 1883 4954 foedere

182 4995 392 5062 ,rupto
427 4991 721 5045 adversus
744 4990 983 5043 fratrem
1008 4989 1452 5058 conspiraverat
1488 4988 1662 5042 homo
1694 4987 1882 5042 effici-

212 5088 338 5139 tur.
393 5079 630 5150 Majam,
683 5094 858 5150 quam
900 5081 1262 5149 pervaserat,
1296 5080 1353 5132 et
1394 5092 1627 5131 omnem
1666 5079 1884 5131 terram

212 5184 401 5243 quam
431 5168 851 5224 haereditaliter
881 5184 913 5222 a
942 5170 1106 5238 patre
1147 5167 1260 5222 sibi
1291 5166 1557 5221 relictam
1587 5166 1700 5220 sub
1731 5166 1881 5220 duce

212 5258 590 5331 possidebat,
631 5258 763 5328 ipso
803 5256 953 5311 duce
993 5256 1343 5327 renuntiato,
1391 5258 1448 5310 et
1493 5255 1885 5311 sacramentis

218 5347 667 5404 confmderatus
696 5346 1077 5403 Boamundus
1106 5345 1178 5401 ab
1208 5345 1339 5417 ipso
1371 5344 1671 5416 recipitur.

297 5562 450 5641 (380)
480 5561 544 5621 C.
578 5564 644 5620 P.
682 5561 1055 5623 Ludovicum.

1955 1867 2162 1905 omnes
2192 1851 2305 1905 sibi
2339 1852 2728 1905 adversantes
2760 1850 2880 1919 illo,
2920 1851 3090 1920 quasi
3122 1865 3229 1919 pro
3261 1850 3519 1921 flagello,
3550 1848 3625 1902 ad

1954 1939 2296 2008 terrendum
2325 1939 2474 1993 alios
2504 1939 2794 1993 utebatur.
2825 1937 3038 1992 Comes
3068 1952 3234 2007 vero,
3261 1937 3623 1991 militaribus

1959 2032 2014 2083 et
2038 2028 2299 2098 peditum
2330 2027 2519 2097 copiis
2551 2027 2869 2097 apparatis,
2905 2025 3169 2080 invitanti
3198 2042 3264 2080 se
3293 2027 3490 2096 nepoti
3522 2025 3626 2080 ob-

1961 2117 2097 2170 vius
2127 2116 2254 2171 ﬁeri
2285 2116 2591 2170 accelerat.
2626 2114 2740 2169 Sed
2790 2118 3097 2183 antequam
3144 2115 3217 2169 ab
3248 2119 3498 2185 utroque
3529 2130 3627 2168 ex-

1965 2206 2171 2273 ercitu,
2198 2204 2367 2258 ducis
2393 2203 2665 2258 videlicet
2684 2203 2812 2256 sive
2836 2204 3091 2271 comitis,
3124 2204 3263 2256 illuc
3280 2207 3626 2271 perventum

1965 2298 2074 2363 est,
2108 2297 2372 2347 castrum
2420 2292 2575 2363 quod
2622 2291 3091 2362 oppugnabatur,
3127 2291 3264 2345 dum
3303 2308 3408 2361 pro
3443 2306 3626 2360 posse

1965 2384 2275 2453 repugnat,
2299 2381 2782 2435 machinamentis
2801 2380 3110 2450 appositis,
3136 2381 3364 2435 viribus
3379 2380 3630 2434 exhaus-

1966 2476 2088 2526 tum
2123 2471 2396 2526 hostibus
2427 2471 2639 2537 cessit,
2673 2469 3077 2539 funditusque,
3130 2472 3190 2523 ut
3220 2485 3253 2523 a
3283 2468 3626 2523 Boamundo

1966 2562 2328 2630 promissum
2359 2563 2501 2629 erat,
2526 2559 2781 2614 dirutum
2804 2558 2886 2612 fit.
2920 2559 3108 2613 Porro
3139 2558 3278 2628 dux,
3308 2558 3425 2613 sibi
3455 2557 3631 2612 comi-

1968 2654 2084 2704 tem
2105 2650 2342 2720 obvium
2366 2649 2614 2718 habens,
2643 2650 2994 2715 Rossanam,
3019 2664 3151 2719 quae
3171 2646 3550 2703 Consentinis
3572 2647 3631 2701 in

1970 2738 2177 2794 fraude
2199 2738 2942 2809 assentiebat,oppugnans
2965 2736 3415 2806 capit,incendio
3438 2735 3632 2790 omnia

1968 2843 2345 2899 percurrens.
2367 2827 2747 2881 Boamundus
2778 2826 2992 2896 itaque,
3026 2841 3097 2879 ne
3134 2825 3441 2879 obsidione
3482 2825 3632 2879 intra

1971 2918 2177 2972 urbem
2201 2915 2867 2983 clauderetur,devitans
2889 2914 3201 2984 Hugonem
3216 2913 3631 2981 Claramontis,

1971 3006 2072 3076 qui
2093 3005 2489 3060 Consentinos
2520 3005 2580 3058 in
2603 3019 2709 3057 sua
2741 3002 3016 3056 fidelitate
3048 3001 3312 3071 retineat,
3332 3001 3486 3071 apud
3512 3000 3631 3055 Cu-

1971 3099 2204 3149 sentum
2234 3094 2596 3164 relinquens,
2633 3092 2887 3145 Roccam
2925 3090 3199 3144 secessit.
3239 3090 3369 3144 Dux
3404 3105 3545 3144 vero
3576 3091 3634 3144 et

1972 3199 2196 3252 comes,
2228 3185 2501 3253 putantes
2529 3196 2661 3235 eum
2695 3179 2847 3249 apud
2866 3178 3081 3248 Majam
3111 3178 3475 3249 digressum,
3497 3177 3635 3232 illuc

1972 3286 2393 3342 praeoccupare
2406 3270 2671 3324 volentes
2689 3267 2996 3321 accedunt.
3012 3266 3127 3321 Sed
3150 3282 3282 3320 cum
3299 3282 3416 3320 non
3439 3266 3519 3319 ibi
3533 3280 3634 3320 es-

1976 3377 2042 3415 se
2067 3361 2676 3429 comperiunt,versus
2701 3357 2959 3409 Roccam
2980 3354 3523 3424 properantes,loco
3537 3353 3641 3425 qui

1978 3451 2179 3505 Lucus
2196 3448 2464 3519 Calupnii
2486 3446 2719 3515 dicitur,
2741 3444 2987 3499 tentoria
3001 3444 3205 3515 figunt,
3222 3443 3319 3497 ubi
3334 3459 3439 3513 per
3461 3443 3638 3497 inter-

1977 3540 2235 3608 nuntios,
2262 3553 2405 3609 pace
2417 3537 2653 3608 quidem
2674 3535 2745 3589 ab
2760 3534 3026 3605 utrisque
3044 3532 3308 3602 partibus
3326 3531 3640 3602 interposi-

1979 3629 2214 3699 ta,apud
2231 3628 2504 3682 Sanctam
2518 3624 2903 3694 Euphemiam
2917 3621 3306 3677 conveniendi
3332 3624 3388 3675 et
3407 3621 3642 3690 plenius

1978 3714 2726 3773 reconcilianditerminum
2764 3714 3047 3765 statuunt.
3081 3710 3197 3765 Sed
3243 3709 3467 3764 Mihera
3506 3709 3644 3764 huic

1977 3804 2227 3860 termino
2244 3800 2526 3868 assensit,
2548 3816 2664 3854 non
2680 3801 2873 3852 autem
2904 3796 3302 3851 Boamundus.
3317 3796 3451 3866 Ipse
3463 3796 3641 3862 enim,

1980 3890 2355 3949 reconciliari
2372 3887 2670 3952 differens,
2683 3886 2807 3957 jam
2822 3886 3137 3940 Tarentum
3150 3884 3643 3939 recesseratJns-

1982 3984 2138 4036 tante
2156 3981 2351 4049 itaque
2365 3977 2457 4031 die
2475 3976 2742 4046 praeﬁxo,
2763 3973 2987 4028 Mihera
3007 3974 3380 4040 conductum,
3400 3987 3516 4043 quo
3530 3972 3647 4025 foe-

1985 4070 2128 4125 dere
2145 4066 2429 4122 accedere
2442 4065 2535 4117 vel
2550 4059 3640 4130 recedereliceat,expetit.Conceditur

1988 4158 2248 4226 accedit;
2272 4152 2612 4208 Boamundo
2641 4149 2999 4218 inconsulto,
3049 4148 3182 4202 duci
3210 4146 3642 4201 reconciliatur.

1984 4248 2141 4318 Maja
2154 4243 2402 4311 reddita,
2427 4239 2582 4309 duci,
2600 4238 2694 4293 cui
2707 4237 2844 4307 jure
2858 4236 3242 4307 competebat,
3263 4234 3648 4306 reconsigna-

1983 4335 2344 4394 tur.Fratres
2362 4332 2555 4399 itaque
2566 4331 2702 4397 post
2714 4324 2934 4379 biennii
2947 4324 3383 4379 dissensionem
3398 4321 3647 4377 consilio

1984 4432 2370 4492 utrorumque
2384 4417 2641 4473 ﬁdelium
2656 4413 3128 4469 reconciliantur.
3150 4413 3199 4466 A
3211 4414 3379 4482 duce,
3404 4416 3467 4466 ut
3483 4427 3647 4466 sem-

1986 4533 2093 4588 per
2126 4515 2257 4569 viro
2278 4508 2623 4581 largissime
2654 4503 2994 4558 Boamundo
3020 4544 3035 4573 ,
3067 4502 3389 4557 Cusentum
3413 4504 3470 4556 et
3492 4498 3650 4571 Maja

1988 4597 2468 4670 conceditur,sed
2492 4594 2848 4651 brevissimo
2867 4591 3334 4663 intervallo,quia
3358 4590 3648 4645 Boamun-

1990 4698 2103 4753 dus
2134 4689 2478 4748 Cusentinis
2495 4685 2800 4756 juraverat
2821 4686 3082 4736 castrum
3104 4681 3187 4735 ibi
3224 4695 3291 4735 se
3312 4695 3427 4733 non
3457 4678 3649 4732 factue

1991 4801 2144 4853 rum,
2180 4782 2237 4836 et
2267 4779 2385 4833 dux
2416 4775 2569 4830 idem
2602 4788 2669 4827 se
2707 4770 3093 4839 Barcnsibus,
3130 4767 3357 4822 cambio
3402 4768 3554 4821 inter
3582 4779 3652 4821 se

1995 4877 2172 4943 facto,
2214 4870 2335 4924 dux
2362 4864 2683 4920 Cusentum
2724 4859 2959 4928 recipit;
3003 4858 3220 4910 Barum
3260 4855 3423 4908 fratri
3455 4856 3653 4943 mutua

1994 4941 2408 5019 vicissitudine
2441 4950 2708 5008 concedit
2730 4950 2791 5001 ut
2820 4947 2985 5001 salvo
3017 4945 3270 5015 quisque
3293 4943 3350 4996 in
3381 4958 3491 4997 suo
3517 4941 3654 5013 jure

1997 5053 2185 5108 libera
2215 5045 2505 5120 potestate
2537 5038 2693 5111 quod
2725 5036 2879 5090 volet
2907 5032 3160 5087 faciendi
3191 5035 3412 5095 utatur;
3447 5030 3654 5120 sicque

1997 5119 2308 5198 amicitiam
2333 5148 2501 5188 suam
2530 5127 2782 5183 testibus
2800 5126 2855 5179 et
2884 5121 3282 5194 chirographo
3312 5119 3656 5177 confirman-

1999 5237 2090 5290 tes
2122 5228 2406 5295 deinceps
2430 5217 2785 5275 indivulsam
2814 5214 3146 5268 tenuerunt.

2629 5320 2880 5378 CAPUT
2910 5318 3009 5373 XI.

2480 5433 2719 5490 Mihera
2745 5426 3064 5485 monachus
3090 5425 3175 5483 ﬁt.

2072 5553 2300 5613 Mihera
2336 5558 2504 5619 ergo,
2555 5538 2751 5597 comiti
2802 5536 3063 5611 Rogerio
3110 5538 3168 5595 et
3210 5529 3466 5597 Radulfo
3511 5524 3664 5589 Lora
