4090 6162
466 322 619 389 1191
1205 320 1637 386 GAUFREDI
1685 298 2243 384 MALATERR/E
2287 317 2675 382 MONACHI
2721 318 3156 383 BENEDICT.
3716 326 3844 392 1192

470 500 1324 595 celli(331)8ibiinfestantibus
1349 522 1447 577 diu
1468 520 1951 589 rebellis,videns
1968 500 2218 575 σηιξη-λ
2255 518 2354 574 ἱΙΙο
2387 520 2708 590 apostolica
2738 520 3147 576 benedictione
3178 522 3290 576 sub
3328 522 3455 576 vice
3487 520 3690 591 Mariae,
3710 522 3791 578 ille
3805 525 3861 578 ab

471 632 573 671 sas
593 630 735 669 suas
749 614 984 670 modum
1002 612 1499 668 reconciliationis
1519 609 2139 680 excessisse,ulterius
2253 608 2367 662 isto
2397 608 2456 662 in
2488 608 2583 662 his
2617 624 2749 679 quae
2790 611 3023 680 corpori
3057 611 3397 665 necessaria
3415 613 3577 665 erant
3597 611 3857 682 obsequiis

470 704 627 759 ferre
655 718 773 758 non
800 702 1009 756 valens
1025 702 1168 756 Adin
1200 701 1318 755 filio
1352 717 1461 755 suo
1485 702 1946 755 omnemterram
1970 714 2138 753 suam
2254 696 2524 764 Marthae;
2562 699 2622 751 in
2670 699 3111 769 crastinumque
3153 716 3379 754 summo
3412 700 3654 753 diluculo
3685 716 3863 755 conve-

470 794 761 865 assignat,
793 794 1007 861 putans
1033 806 1165 845 cum
1183 790 1399 844 auxilio
1421 804 1494 844 ex
1512 792 1675 860 parte
1697 789 1903 843 matris
1919 804 2136 859 paren-
2256 786 2506 854 nientcs,
2544 790 2724 858 agunt
2754 788 2824 840 ad
2855 788 3108 842 invicem
3140 788 3211 842 de
3243 792 3477 861 negotio
3532 789 3679 859 quod
3720 805 3859 859 apos-

472 885 592 936 tum
627 881 858 935 facilius
891 881 1176 934 resistere
1205 879 1499 945 hostibus,
1535 881 1633 932 aut
1659 880 1818 931 certe
1864 876 2136 931 reconci—
2258 875 2496 929 tolicum
2528 876 2866 931 accessisse
2901 877 3280 947 compulerat.
3314 878 3459 931 Nam
3492 878 3635 931 idem
3661 881 3860 947 aposto-

470 970 640 1040 liari;
686 972 815 1040 ipse
847 984 988 1024 vero
1028 969 1429 1023 Beneventum
1471 967 1761 1023 secedens
1795 965 2137 1020 monachice
2256 963 2409 1018 licus
2441 967 2573 1019 ante
2601 980 2824 1034 paucos
2846 965 2975 1019 dies
2994 966 3287 1035 Alexium,
3308 966 3701 1036 imperatorem
3717 966 3862 1022 Cons-

474 1059 853 1113 consociatus
871 1057 1134 1111 habitum
1156 1056 1362 1112 induit.
1396 1056 1545 1110 Nam
1568 1070 1758 1126 neque
1781 1055 1919 1125 dux,
1946 1070 2136 1125 neque
2257 1053 2818 1123 tantinopolitanum,
2876 1070 2983 1124 per
3036 1054 3342 1109 Nicolaum
3384 1055 3646 1109 abbatem
3670 1055 3859 1125 Crypta:

472 1147 871 1217 Boamundus,
898 1146 1036 1216 quia
1073 1145 1343 1199 vicissim
1373 1148 1684 1215 utrumque
1711 1144 1935 1198 foedere
1967 1146 2138 1214 rupto
2259 1140 2540 1212 Ferratae,
2604 1145 2657 1196 et
2694 1143 3020 1197 Robertum
3084 1140 3394 1197 diaconum
3423 1144 3757 1198 conveniens
3788 1160 3868 1213 pa-

472 1235 898 1303 ludiﬁcaverat,
939 1234 1111 1288 amici
1153 1237 1357 1304 erant;
1386 1234 1459 1288 ob
1493 1250 1667 1305 quam
1697 1249 1822 1288 rem
1855 1248 2055 1287 comes
2087 1235 2143 1287 et
2254 1233 2419 1285 terna
2459 1231 2861 1302 increpatione
2894 1236 3340 1287 commonuerat
3371 1233 3528 1303 quod
3569 1231 3865 1287 Christianis

475 1325 773 1379 Robertus
823 1323 1133 1392 Loracelli,
1162 1321 1285 1394 jam
1334 1340 1365 1377 a
1398 1323 1546 1377 duce
1594 1326 1808 1377 terram
1859 1321 1992 1390 ejus
2025 1321 2141 1375 sibi
2257 1320 2504 1390 Latinis,
2545 1321 2646 1392 qui
2678 1320 2738 1374 in
2787 1337 2895 1375 sua
2925 1323 3233 1392 provincia
3284 1323 3671 1391 morabantur,
3709 1336 3867 1391 azyma

473 1412 665 1466 datam
693 1413 764 1466 iri
796 1414 1159 1482 expetentes,
1211 1411 1444 1467 facilius
1490 1412 1882 1467 obtinuerant.
1930 1410 2141 1464 Comes
2255 1410 2967 1479 immolariinterdixerat,
3003 1412 3359 1482 praecipiens
3384 1412 3439 1465 in
3462 1411 3750 1465 sacriﬁciis
3767 1427 3864 1463 mo-

473 1516 635 1571 vero,
668 1501 883 1555 milites
917 1516 1064 1556 suos
1099 1501 1354 1556 Rodulfo
1375 1500 1931 1556 Loracelliductore
1963 1514 2145 1569 super
2254 1513 2318 1552 re
2349 1498 2692 1553 Graecorum
2726 1498 3072 1554 fermentato
3104 1499 3186 1554 uti
3214 1518 3224 1564 ;
3267 1501 3427 1571 quod
3470 1501 3661 1554 nostra
3697 1498 3862 1571 religio

472 1589 659 1644 Adam
678 1589 1659 1660 mittens,diutinisincursionibus
1681 1590 1978 1660 aliquanto
2000 1591 2142 1642 tem-
2255 1588 2491 1643 omnino
2522 1603 2638 1643 non
2663 1587 2857 1642 habet.
2901 1588 3229 1659 Imperator
3266 1605 3431 1658 vero,
3466 1589 3863 1659 increpationem

472 1694 616 1749 pore
637 1681 1066 1751 repugnantem
1095 1679 1329 1732 tandem
1358 1679 1605 1748 penuria
1637 1678 1836 1732 afﬁcit.
1870 1677 1977 1742 Qui
2010 1692 2145 1731 cum
2254 1676 2389 1747 ejus
2421 1677 2720 1731 humiliter
2741 1676 3104 1747 suscipiens,
3147 1679 3359 1732 invitat.
3373 1693 3507 1733 eum
3552 1693 3652 1749 per
3676 1677 3865 1732 eosdem

474 1767 634 1821 videt
663 1782 730 1821 se
761 1767 1009 1821 ulterius
1052 1767 1208 1822 ferre
1253 1767 1518 1837 nequire,
1554 1766 1831 1836 palatium
1875 1782 2047 1820 suum
2088 1768 2147 1820 et
2254 1765 2485 1836 legatos
2509 1765 2794 1821 chartulis
2820 1766 3021 1821 aureis
3044 1766 3254 1821 litteris
3286 1766 3550 1837 scriptis,
3582 1770 3638 1819 ut
3667 1766 3863 1820 veniens

402 1870 405 1873 ‘
474 1869 682 1910 omnes
704 1855 983 1910 meliores
1005 1855 1215 1910 domos
1234 1858 1426 1924 nocte,
1442 1855 1543 1908 ubi
1564 1855 2031 1927 Oppugnabatur,
2052 1854 2144 1907 in-
2177 1879 2230 1943 Β
2258 1869 2390 1908 cum
2423 1855 2668 1910 eruditis
2700 1855 2987 1910 catholice
3008 1855 3157 1908 viris
3179 1853 3869 1924 Latinis,Constantinopo-

475 1943 684 1998 cendio
715 1943 1052 2012 destruens,
1093 1947 1289 1997 castro
1319 1943 1524 1998 relicto
1564 1943 1857 2009 hostibus,
1892 1943 2146 1998 recessit
2180 1942 2183 1943 ⁷
2254 1942 2432 1997 latino
2488 1943 2736 1998 concilio
2787 1945 3150 2015 congregato
3189 1943 3509 2014 disputatio
3565 1943 3714 1997 ﬁeret
3751 1943 3866 1996 inter

477 2046 628 2086 anno
660 2029 806 2101 (332)
862 2031 1043 2086 Verbi
1087 2031 1375 2085 incarnati
1422 2031 1735 2086 millesimo
1781 2032 2145 2104 octogesimo
2255 2031 2500 2087 Grmcos
2523 2035 2577 2088 et
2600 2032 3619 2102 Latinos,utcommunideﬁnitione
3642 2033 3696 2085 in
3714 2030 3865 2084 Eccle-

478 2118 888 2176 sexto.Comes
913 2135 1057 2174 vero
1071 2122 1127 2174 et
1144 2119 1438 2174 Rodulfus
1458 2120 1744 2174 Loracelli
1760 2124 1975 2174 terram
1988 2119 2145 2191 ejus,
2257 2120 2347 2174 sia
2366 2120 2625 2175 Deiillud
2640 2120 3015 2175 scinderetur
3027 2120 3183 2192 quod
3201 2120 3396 2174 Graeci
3419 2117 3867 2174 fermentatolati-

476 2211 539 2262 ut
572 2224 604 2262 a
626 2209 775 2263 duce
797 2224 1155 2263 concessum
1178 2213 1302 2263 erat
1325 2208 1492 2279 (333),
1519 2209 1670 2264 inter
1700 2225 1766 2264 se
1790 2209 2150 2280 dividentes,
2256 2210 2316 2263 ni
2332 2225 2472 2264 vero
2487 2209 3323 2280 azimoimmolabant,unaquc
3338 2208 3607 2263 Ecclesia
3624 2207 3862 2262 Deiunum

477 2296 758 2369 deinceps
789 2299 989 2369 utpote
1023 2314 1130 2352 sua
1154 2296 1303 2368 (334)
1335 2302 1492 2352 sunt.
2259 2313 2484 2353 morem
2508 2300 2730 2353 teneret
2753 2298 2960 2352 dicens
2980 2314 3046 2352 se
3077 2297 3332 2351 libenter
3356 2296 3655 2351 catholicae
3676 2296 3860 2349 discus-

1098 2386 1357 2441 CAPUT
1388 2386 1517 2441 XII.
2259 2387 2416 2442 sioni
2435 2387 2752 2456 assentire,
2777 2390 2835 2441 et
2855 2386 3011 2458 quod
3046 2386 3403 2440 authenticis
3427 2385 3718 2441 sententiis
3742 2400 3865 2453 prte-

905 2476 1190 2530 Buteram
1238 2491 1433 2531 eomes
1462 2475 1716 2531 obsidet.
2259 2476 2529 2531 sentibus
2558 2476 2784 2530 Graecis
2815 2478 2871 2529 et
2894 2474 3118 2528 Latinis
3135 2474 3420 2529 assentiri
3444 2471 3865 2527 deﬁniretursive

548 2563 733 2636 Igitur
764 2578 965 2618 eomes
999 2564 1299 2636 Rogerius
1330 2564 1484 2619 omni
1517 2563 1717 2618 Sicilia
1739 2564 2056 2619 adversum
2079 2579 2145 2619 se
2257 2580 2475 2634 azymo,
2506 2565 2633 2618 sive
2661 2564 3007 2619 fermentato
3021 2563 3445 2617 immolandum
3470 2566 3644 2632 esset,
3660 2576 3716 2615 se
3732 2560 3863 2613 dein-

479 2650 702 2707 foedere
733 2652 1061 2723 composito
1093 2653 1315 2721 sedata,
1352 2656 1598 2723 excepto
1629 2653 1787 2724 quod
1825 2653 2143 2723 Notenses,
2257 2668 2400 2722 ceps
2416 2653 2740 2708 observare
2761 2653 2933 2707 velle.
2963 2652 3301 2706 Terminum
3324 2652 3500 2705 etiam
3518 2666 3628 2722 quo
3648 2665 3773 2720 papa
3790 2664 3865 2702 ac-

477 2755 594 2811 quo
619 2756 772 2795 uxor
802 2741 1095 2796 Benarvet
1126 2756 1257 2795 cum
1290 2741 1409 2795 ﬁlio
1442 2742 1862 2814 transfugerat,
1898 2744 1953 2796 et
1982 2742 2150 2796 Bute-
2256 2742 2467 2796 cedere
2499 2742 2741 2796 deberet
2781 2740 3015 2809 statuit,
3047 2741 3184 2794 anni
3231 2740 3512 2795 videlicet
3565 2742 3618 2794 et
3668 2737 3863 2791 dimidii.

480 2844 694 2884 renses
723 2829 915 2884 adhuc
963 2846 1072 2899 pro
1103 2845 1286 2899 posse
1331 2830 1642 2885 Incassum
1669 2831 2144 2902 recalcitrabant,
2254 2828 2468 2885 Comes
2490 2846 2654 2900 vero,
2687 2833 2987 2885 uttantum
3008 2829 3271 2884 schisma
3293 2830 3368 2884 ab
3401 2828 3648 2884 ecclesia
3666 2828 3755 2881 Dei
3771 2841 3867 2879 am-

479 2918 748 2971 exercitu
804 2918 1036 2972 admoto
1084 2918 1360 2973 Buteram
1409 2920 1729 2974 obsessum
1770 2920 1950 2989 vadit,
1995 2935 2146 2975 anno
2252 2922 2508 2991 putetur,
2544 2920 2722 2974 eundi
2760 2918 3073 2974 consilium
3104 2918 3281 2972 dedit.
3315 2917 3440 2973 Sed
3468 2915 3864 2988 impedientibus

482 3005 806 3061 Dominieaa
836 3006 1266 3063 lncarnationis
1297 3006 1611 3063 millesimo
1644 3009 2009 3080 octogesimo
2042 3024 2148 3064 oc-
2255 3008 2511 3063 inimicis
2562 3010 2783 3063 sanctae
2817 3008 2920 3062 Dci
2951 3008 3246 3076 ecclesiae,
3281 3007 3385 3077 qui
3438 3007 3637 3061 Romae
3663 3005 3762 3059 sibi
3798 3003 3867 3056 in-

479 3097 637 3166 tavo,
670 3095 983 3151 inchoante
1014 3096 1221 3166 Aprili.
2254 3097 2392 3153 festi
2420 3097 2843 3168 persistebant,
2874 3097 2984 3151 iter
3010 3096 3376 3167 prohibitum
3408 3100 3519 3151 est.
3551 3096 3744 3150 Comes
3784 3092 3868 3145 ita-

1097 3184 1350 3240 CAPUT
1390 3186 1543 3240 XIII.
2183 3232 2236 3258 η
2255 3202 2368 3258 que
2392 3202 2598 3258 papam
2612 3187 2884 3258 pluribus
2898 3185 3161 3241 donariis
3174 3185 3529 3240 honoratum
3543 3200 3575 3236 a
3595 3199 3656 3237 se
3669 3180 3865 3242 dimisit;

1105 3232 1218 3239 v'-‘
1257 3232 1292 3240 ν
1316 3232 1339 3240 ’⁸
1394 3232 1543 3240 ’““’“”
2258 3232 2367 3258 Ἰ“¹¹⁵“¹’
2392 3232 2733 3258 ι’*ιηη-’τ--η
2748 3232 3072 3241 ’⁵’“’““”“’¹“¹“““’
3086 3232 3159 3239 ""'
3175 3232 3353 3240 """"
3372 3232 3575 3239 ""‘""‘
3595 3232 3653 3237 "
3675 3232 3767 3236 """
3804 3232 3807 3233 ⁷
3855 3232 3861 3242 ³

478 3272 642 3345 Papa
696 3272 975 3328 Urbanus
1022 3274 1224 3328 comiti
1261 3273 1511 3329 locutum
1549 3274 1613 3328 in
1643 3273 1911 3330 Siciliam
1964 3274 2145 3330 venit.
2182 3232 2384 3346 cipse
2415 3291 2577 3347 vero,
2613 3275 2888 3330 Buteram
2918 3275 3179 3345 rediens,
3200 3273 3484 3328 hostibus
3506 3271 3743 3327 infestus
3762 3273 3861 3323 tan-

549 3361 999 3434 Prudenterque
1037 3364 1259 3416 armata
1306 3379 1505 3433 manu,
1555 3362 1851 3419 hostiliter
1890 3365 2150 3436 undique
2255 3365 2389 3419 dem
2419 3366 2491 3419 ad
2540 3364 2895 3419 deditionem
2926 3364 3159 3435 coegit;
3214 3362 3425 3433 sicque
3459 3363 3647 3415 castro
3692 3358 3867 3428 potitus

479 3450 709 3504 vallans
725 3450 1021 3521 aliquanto
1034 3453 1296 3520 tempore
1310 3451 1577 3505 inclusos
1592 3452 1850 3507 diversis
1865 3453 2152 3508 calamita-
2254 3469 2360 3524 pro
2382 3454 2549 3509 libitu
2563 3469 2672 3509 suo
2703 3452 2981 3523 disponit,
2996 3451 3487 3522 potentioresque
3518 3449 3575 3503 in
3592 3446 3867 3503 Calabriam

479 3538 640 3593 tibus
658 3537 1008 3592 afﬁixit.Sed
1028 3539 1165 3592 dum
1185 3538 1674 3594 machinamentis
1693 3541 1763 3593 ad
1782 3544 2055 3595 castrum
2067 3541 2151 3595 af—
2258 3559 2573 3598 mansuros
2606 3542 2794 3610 mittit,
2828 3557 2901 3596 ne
2920 3540 3032 3595 sibi
3064 3539 3283 3594 ibidem
3314 3541 3640 3607 manentes,
3662 3535 3865 3605 aliquam

482 3614 804 3695 ﬂigendum
821 3627 1117 3696 apparatis
1132 3628 1970 3701 attentiusinsudaretlegatus
1983 3647 2150 3702 papae
2260 3632 2526 3687 fraudem
2571 3630 2980 3700 machinando,
3016 3627 3479 3689 commotionem.
3501 3626 3758 3681 facerent.

482 3712 871 3783 Urbani,cum
889 3714 1103 3768 litteris
1118 3714 1189 3768 ab
1205 3714 1336 3785 ipso
1350 3716 1627 3787 sigillatis
1646 3717 2151 3789 adveniens,nun-
2861 3717 3114 3773 CAPUT
3167 3716 3315 3771 XIV.

481 3800 587 3855 tiat
616 3802 884 3858 eumdem
928 3803 1318 3872 apostolicum
1345 3806 1539 3859 virum
1570 3806 1828 3862 Siciliam
1865 3808 2148 3878 intrasse,
2504 3809 2713 3865 Comes
2739 3806 3091 3862 AdeIaidnm
3120 3806 3183 3859 in
3225 3820 3469 3860 uxorem
3502 3805 3672 3860 ducit.

482 3890 656 3961 eique
686 3893 750 3945 ut
781 3891 934 3960 apud
963 3891 1236 3946 Trainam
1270 3892 1386 3947 sibi
1426 3894 1687 3949 locutum
1717 3897 1959 3952 accedat
1987 3913 2151 3951 man-
2329 3899 2499 3953 Anno
2531 3899 2711 3971 igitur
2733 3894 3018 3952 incarnati
3038 3893 3361 3948 Salvatoris
3397 3892 3556 3960 1089,
3579 3904 3759 3946 comes
3782 3887 3868 3940 Ro-

483 3979 625 4033 dare
647 3979 987 4051 cum,longo
1010 3980 1219 4036 itinere
1237 3981 1563 4054 fatigatum;
1597 3999 1629 4037 a
1651 3985 1966 4040 Terracina
1996 3987 2151 4040 enim
2260 3988 2678 4060 gerius,uxore
2690 3985 3049 4055 Elemburga
3064 3981 3235 4053 (335),
3252 3981 3369 4035 tilia
3383 3974 3869 4036 Guilielmicomitis

483 4067 826 4139 digrediens
860 4069 1228 4141 adveniebat,
1260 4086 1385 4140 prae
1417 4072 1764 4128 lassitudine
1795 4075 2063 4144 corporis
2096 4078 2153 4129 et
2261 4075 2659 4131 Mortonensis
2677 4073 2827 4146 (336)
2857 4072 3152 4141 defuncta,
3178 4070 3348 4124 aliam
3372 4070 3556 4132 duxit,
3581 4065 3869 4123 Adelaidem

483 4158 775 4212 montosis
790 4157 1063 4213 saltubus
1077 4159 1855 4232 adhucinterpositiitineris
1867 4163 2154 4235 progredi
2258 4163 2407 4233 (337)
2438 4164 2693 4233 nomine,
2735 4165 2968 4232 neptem
2999 4160 3289 4215 Bonifacii
3317 4156 3696 4214 famosissimi
3731 4152 3870 4206 Italo-

480 4245 878 4301 nolle.Comes
896 4248 1208 4318 vero,quid
1225 4249 1603 4319 potissimum
1617 4255 1820 4323 ageret
1833 4253 2146 4323 sollicitus,
2258 4269 2390 4308 rum
2419 4253 2804 4322 marchionis,
2837 4250 3015 4305 tiliam
3034 4248 3310 4303 videlicet
3338 4248 3541 4303 fratris
3558 4245 3681 4317 ejus
3700 4243 3871 4314 juven-

482 4348 619 4389 nam
641 4335 845 4389 sedem
862 4335 1001 4390 belli
1025 4336 1303 4392 deserere
1327 4338 1676 4395 damnosum
1706 4341 2150 4412 ducebat,papae
2259 4342 2470 4410 culam,
2502 4341 2773 4396 honestae
2804 4338 3119 4393 admodum
3151 4336 3344 4406 faciei,
3377 4338 3640 4406 duasque
3669 4340 3868 4385 sorores

478 4437 646 4493 vero,
681 4423 836 4492 quia
866 4425 1024 4477 tanto
1048 4423 1355 4480 intervallo
1379 4426 1642 4482 locorum
1673 4429 1744 4482 ad
1768 4445 1834 4483 se
1856 4430 2150 4501 veniebat,
2257 4431 2530 4502 ejusdem
2560 4429 2772 4500 puellae
2802 4429 3035 4483 duobus
3078 4427 3217 4481 ﬁliis
3252 4426 3403 4496 suis,
3439 4423 3703 4489 Gofredo,
3744 4416 3870 4471 vide'

482 4526 600 4566 non
617 4512 1191 4581 occurrere,modico
1214 4513 1440 4569 itineris
1457 4517 2147 4589 interpositoindignum,
2180 4583 2219 4589 _
2256 4520 2392 4575 licet
2411 4523 2466 4574 et
2482 4519 2740 4574 Jordano
2772 4519 2829 4571 in
2852 4516 3290 4571 matrimonium
3315 4513 3645 4585 copulavit;
3676 4504 3870 4563 sedGO-

479 4602 544 4654 ut
574 4599 901 4654 catholicus
950 4601 1044 4653 vir
1091 4602 1444 4658 mstimabat.
1478 4583 1738 4660 Tandem
1777 4583 2026 4662 consilio
2058 4583 2150 4663 vir
2179 4583 2235 4653 Β
2256 4609 2446 4675 fredo,
2468 4611 2780 4679 antequam
2801 4606 3037 4662 nubiles
3060 4621 3248 4659 annos
3267 4583 3720 4676 attigissetquod
3739 4592 3872 4648 (10101⁸

480 4689 744 4759 prudens
765 4691 1008 4759 accepto
1036 4690 1176 4761 agit,
1211 4694 1273 4745 ut
1295 4708 1486 4763 neque
1506 4694 1710 4748 sedem
1730 4695 1869 4750 belli
1891 4696 2146 4766 deserat,
2257 4701 2348 4753 est
2377 4699 2595 4768 dicere,
2639 4697 2844 4752 morbo
2880 4695 3233 4766 prohibente
3258 4693 3500 4747 minime
3533 4704 3652 4744 eam
3694 4693 3873 4752 cogno-

481 4791 672 4849 neque
691 4778 1015 4849 apostolico
1031 4794 1148 4833 non
1161 4782 1895 4838 occurrendoinobediens
1913 4784 2145 4839 existat.
2255 4787 2339 4841 vit
2363 4802 2377 4856 ;
2403 4787 2700 4841 Jordanus
2729 4787 2923 4839 autem
2953 4781 3322 4837 solemnibus
3354 4778 3571 4850 nuptiis
3600 4772 3764 4830 duxit.

482 4864 759 4921 Exercitu
789 4882 999 4938 nempe
1030 4867 1305 4923 ﬁdelibus
1336 4870 1466 4924 suis
1493 4871 1885 4941 prudentibus
1915 4873 2061 4928 viris
2092 4876 2151 4929 et
2879 4871 3133 4926 CAPUT
3163 4869 3292 4924 XV.

480 4954 697 5010 talibus
714 4955 972 5027 negotiis
991 4957 1199 5025 peritis
1219 4957 1510 5030 delegato,
1532 4960 1737 5015 hostes
1768 4962 2049 5017 infestare
2067 4962 2149 5017 in-
2557 4963 2862 5018 Notenses
2890 4960 3089 5015 comiti
3117 4958 3600 5014 reconciliantur.

483 5045 678 5114 struit;
692 5044 822 5115 ipse
845 5060 979 5100 cum
994 5046 1202 5116 paucis
1221 5062 1288 5115 se
1308 5047 1575 5104 invitanti
1588 5052 1912 5120 apostolico
1933 5052 2146 5109 obvius
2334 5055 2514 5109 Porro
2544 5052 2844 5106 Notenses
2876 5049 3143 5103 videntes
3160 5062 3392 5103 omnem
3414 5044 3662 5101 Siciliam
3680 5036 3777 5093 sub
3790 5044 3863 5086 00-

484 5133 639 5200 apud
668 5133 939 5189 Trainam
970 5136 1249 5207 occurrit,
1280 5137 1522 5210 laetique
1573 5140 1645 5194 ad
1693 5141 1964 5208 invicem,
1998 5143 2149 5197 alter
2261 5144 2398 5198 mite
2420 5143 3006 5210 curvatam,seseque
3026 5137 3274 5192 ulterius
3298 5138 3594 5191 incassum
3610 5126 3865 5185 resistere:

484 5218 558 5272 ab
591 5220 774 5277 altero
805 5239 938 5278 cum
961 5240 1192 5281 summa
1211 5228 1591 5283 veneratione
1608 5230 1899 5301 excipitur
1921 5247 1931 5286 :
1959 5231 2057 5285 hic
2074 5232 2146 5286 ab
2261 5231 2512 5289 consilio
2529 5231 2684 5285 inter
2702 5244 2769 5284 se
2787 5228 3004 5297 habito,
3032 5227 3227 5283 comiti
3244 5220 3611 5281 reconciliari
3630 5217 3753 5272 utile
3777 5210 3863 5301 dt!-

556 5359 704 5430 (331)
760 5361 1060 5421 LodoceIli
1111 5368 1356 5425 ductore
1404 5294 1845 5442 superaddit-am
1904 5374 2149 5429 mittens
2259 5320 2703 5391 cunt'Denique
2719 5318 2791 5373 de
2812 5294 3286 5388 seiPSiSIegatos
3314 5314 3595 5388 eligentes
3614 5305 3679 5361 ad
3709 5294 3858 5356 comi-

488 5428 1161 5557 θ’ῗέὲίέξὶϐἓέπςῑὲοἵδέτ,
1468 5428 1487 5442 “
2050 5428 2059 5429 θ
2328 5460 2477 5557 ςέἓξὲὶ

555 5502 706 5649 ἓξὲξ)
734 5504 973 5560 Domini
1001 5506 1161 5565 1087.
2508 5502 3102 5605 ᾗνῖτθωὺιιιῃθ.

682 5576 703 5646 )
731 5575 784 5631 Α
818 5574 968 5633 duce
1000 5583 1061 5634 ut
1092 5595 1449 5642 concessum.
2326 5535 2477 5675 €336)
2498 5603 2990 5675 Morintonensis.

2349 5605 2477 5675 836)
2498 5603 2990 5675 Morintonensis.

2323 5672 2475 5751 (337)
2503 5673 2878 5733 Adelaidam.
