4074 6150
108 319 250 403 1193

1188 327 1579 393 HISTORIA
1622 304 2035 390 SlcﬁLA.—
2084 324 2238 387 LIB.
2280 324 2388 387 IV.

3364 323 3515 388 1194

96 545 199 594 tem
228 536 511 607 dirigunt,
559 532 660 604 qui
706 531 862 602 apud
907 495 1187 596 Melitum,
1221 528 1324 589 ubi
1366 532 1504 582 tunc
1552 541 1754 581 comes
1778 537 1832 597 Α
1870 538 2086 578 aureos
2113 521 2339 576 solidos
2367 520 2439 575 de
2470 535 2579 574 suo
2610 521 2853 589 accepit,
2904 522 2966 574 ut
3013 536 3146 575 eum
3174 537 3209 576 a
3238 522 3334 575 tali
3364 538 3525 591 prae-

102 627 449 693 morabatur,
480 621 854 688 accedentes,
887 634 1091 690 pacem
1122 618 1341 671 faciunt
1372 632 1522 670 anno
1552 614 1756 669 Domi-

99 715 234 768 nicae
269 709 699 766 Incarnationis
735 706 889 763 1090.
922 707 1246 761 Februario
1285 720 1508 759 mense.
1543 703 1755 757 Comes

103 805 310 872 itaque,
346 815 590 854 censum
620 798 868 851 duorum
916 811 1202 849 annorum
1231 793 1346 847 illis
1391 792 1754 860 condonans,

102 889 421 944 Jordanu’m
443 887 619 941 ﬁliam
653 900 848 954 suum,
883 885 975 938 cui
1006 883 1178 937 etiam
1210 886 1423 937 terram
1441 885 1497 934 et
1514 895 1757 934 uxorem

103 978 355 1045 dederat,
404 979 467 1030 ut
502 975 710 1029 urbem
742 973 891 1043 ipsis
935 971 1284 1026 dedentibus
1335 969 1577 1039 recipiat
1626 983 1758 1022 cum

100 1066 238 1138 ipsis
260 1065 471 1118 mittit:
505 1063 606 1135 qui
638 1078 669 1116 a
691 1065 853 1132 patre
885 1061 1151 1127 edoctus,
1185 1060 1330 1114 urbe
1349 1062 1626 1127 suscepta
1657 1072 1758 1110 ca-

103 1155 265 1209 stello
312 1153 502 1207 munit
528 1166 756 1222 proque
804 1150 970 1204 libitu
1001 1164 1111 1203 suo
1167 1148 1227 1202 in
1266 1147 1449 1218 patris
1484 1145 1758 1200 ﬁdelitate

98 1242 740 1311 disponit;uxorautem
761 1238 1052 1293 Benarvet
1073 1252 1206 1290 cum
1243 1236 1361 1289 filio
1394 1235 1454 1288 in
1501 1234 1760 1287 Africam

94 1328 429 1400 transfugit.
454 1326 665 1382 Sedata
687 1326 882 1396 itaque
914 1323 1073 1379 omni
1101 1322 1321 1392 Sicilia,
1348 1336 1550 1376 comes
1573 1321 1763 1391 Roge-

96 1419 231 1487 rius,
254 1415 455 1471 collati
487 1415 601 1469 sibi
631 1430 663 1467 a
686 1414 807 1467 Deo
835 1412 1109 1467 beneficii
1158 1427 1275 1466 non
1304 1411 1575 1481 ingratus
1635 1408 1763 1462 exi-

99 1513 284 1574 stans,
321 1502 674 1572 omnimode,
708 1501 1032 1556 secundum
1071 1500 1227 1571 quod
1258 1498 1587 1553 mundiales
1606 1513 1765 1552 curae

103 1594 320 1665 quibus
362 1592 758 1661 occupabatur
786 1588 1215 1661 permittebant,
1250 1588 1371 1642 Deo
1421 1587 1596 1657 coepit
1626 1601 1764 1640 sese

99 1683 375 1736 devotum
390 1680 696 1747 exhibere,
713 1682 769 1733 et
781 1681 996 1749 quanto
1011 1677 1277 1747 ampliori
1294 1677 1515 1730 honore
1530 1678 1765 1729 terreno

101 1786 162 1824 se
214 1786 250 1823 a
283 1769 410 1823 Deo
440 1769 783 1838 provectum
841 1766 1261 1837 cognoscebat,
1312 1768 1468 1819 tanto
1500 1762 1768 1833 ampliori

100 1859 293 1913 studio
329 1856 542 1929 agebat
583 1859 642 1909 ut
672 1856 730 1910 in
760 1855 1036 1924 perfectae
1070 1854 1414 1907 humilitatis
1444 1855 1598 1907 statu
1628 1867 1768 1922 per-

98 1947 326 2001 sistens
357 1960 636 2017 gressum
667 1943 883 1998 mentis
906 1942 1066 2014 ﬁgat.
1086 1942 1371 1996 Militibus
1401 1941 1595 2012 itaque
1617 1939 1766 2008 suis,

98 2050 358 2106 quorum
380 2033 596 2087 auxilio
614 2033 756 2087 tanti
777 2031 1022 2086 honoris
1041 2031 1273 2085 culmen
1294 2030 1542 2101 adeptus
1559 2029 1767 2097 fuerat,

93 2123 408 2178 accersitis
430 2122 651 2194 gratias
673 2137 805 2175 cum
827 2120 985 2174 omni
1007 2118 1455 2173 mansuetudine
1475 2118 1768 2187 referens,

98 2211 459 2281 quibusdam
490 2209 666 2264 terris
690 2213 745 2263 et
773 2207 964 2280 largis
995 2205 1769 2278 possessionibus,quibus-

99 2300 230 2354 dam
266 2313 416 2353 vero
448 2298 580 2351 aliis
629 2296 886 2352 diversis
917 2295 1178 2366 praemiis
1208 2295 1431 2352 laboris
1472 2295 1564 2349 sui
1604 2294 1775 2349 sudo-

90 2405 186 2443 res
232 2389 671 2457 recompensat.

716 2508 968 2564 CAPUT
1007 2508 1161 2563 XVI.

594 2615 801 2670 Comes
828 2614 1074 2669 Maltam
1120 2614 1302 2669 vadit.

167 2726 275 2780 Sic
310 2724 506 2795 itaque
539 2721 696 2777 omni
735 2720 935 2775 Sicilia
972 2735 1083 2790 pro
1129 2719 1298 2774 libitu
1345 2735 1455 2774 suo
1485 2718 1781 2789 sapienter

101 2811 464 2884 composita,
499 2825 718 2877 comes,
749 2809 1100 2863 militaribus
1153 2807 1450 2862 exercitiis
1477 2811 1777 2879 assuetus,

97 2901 332 2972 quietis
364 2898 693 2968 impatiens,
717 2896 943 2951 laboris
975 2897 1278 2965 appetens,
1313 2896 1495 2950 lucris
1525 2896 1781 2981 inhians,

96 3004 333 3059 corpus
362 2987 436 3041 ab
492 2985 752 3041 assuetis
783 2983 1085 3038 exercitiis
1139 2983 1376 3038 minime
1425 2984 1784 3040 desuescere

96 3092 337 3149 passus
357 3077 468 3145 est;
502 3074 609 3129 sed
630 3089 762 3145 quin
794 3071 1187 3127 transmarina
1200 3087 1385 3143 regna
1404 3073 1588 3141 prima
1606 3074 1786 3141 potis-

103 3168 336 3221 simum
367 3164 487 3218 sibi
501 3161 876 3233 subjuganda
894 3163 1112 3215 attento
1146 3161 1357 3230 animo,
1385 3160 1518 3231 jugi
1542 3162 1788 3215 medita-

1805 1903 1852 1963 Β

1872 611 2202 681 sumptione
2226 611 2516 675 coerceat;
2543 608 2749 679 sicque
2784 623 2887 677 per
2914 609 3095 663 ardua
3134 609 3531 680 adjacentium

1869 700 2157 754 montium
2184 698 2319 752 inde
2342 697 2683 770 digrediens
2722 695 3042 751 Cusentum
3079 699 3258 768 venit,
3311 702 3366 752 et
3395 700 3533 769 quia

1872 787 2084 841 incolae
2123 787 2441 856 provinciae
2471 785 2629 839 illius
2659 785 2794 839 duci
2826 784 3296 854 recalcitrabant,
3337 788 3532 842 triduo

1873 876 2071 930 vineta
2118 879 2173 930 et
2209 875 2420 929 oliveta
2461 889 2662 929 eorum
2721 874 3077 944 exstirpans,
3112 875 3247 929 inde
3298 876 3537 929 Aratam

1881 965 2157 1034 secessit,
2179 964 2278 1017 ubi
2301 979 2431 1017 cum
2454 964 2585 1018 suis
2609 962 2921 1017 consilium
2946 966 3189 1032 captans
3212 963 3538 1018 exercitum

1876 1053 2040 1106 breui
2083 1060 2111 1105 ξι
2142 1068 2341 1121 inpare
2364 1052 2557 1119 solvit,
2574 1051 2926 1120 praecipiens
2944 1053 3006 1104 ut
3031 1052 3444 1122 unusquisque
3466 1052 3540 1107 ad

1878 1141 2302 1211 expeditionem
2321 1156 2534 1194 versus
2553 1139 2809 1193 Melitam
2827 1139 2983 1193 domi
2997 1141 3254 1208 aptatum
3274 1140 3532 1209 recedat,

1877 1229 2126 1284 termino
2141 1228 2474 1298 quindecim
2488 1228 2716 1282 dierum
2730 1228 3101 1297 interposito,
3118 1243 3234 1297 quo
3248 1228 3365 1282 sibi
3378 1229 3533 1297 apud

1882 1316 2363 1385 Resacrambam,
2384 1288 2520 1371 illdc
2537 1317 2691 1371 enim
2722 1316 2992 1371 classem
3019 1331 3187 1369 suam
3218 1317 3537 1371 convenire

1879 1405 2120 1475 fecerat,
2201 1405 2356 1460 obvii
2406 1404 2563 1459 fiant.
2635 1404 2845 1459 Portus
2904 1407 3096 1457 autem
3155 1404 3214 1457 in
3269 1405 3536 1460 ariditate

1878 1497 2104 1549 naturae
2138 1510 2169 1547 a
2202 1494 2435 1548 caeteris
2466 1491 2675 1561 differt,
2699 1493 2775 1546 ita
2808 1493 2869 1545 ut
2898 1492 2951 1546 si
2979 1492 3535 1562 quis,experientiae

1878 1599 2057 1638 causa
2074 1598 2319 1637 cannam
2332 1581 2426 1635 vel
2439 1580 2655 1650 aliquid
2675 1596 2997 1634 concavum
3017 1579 3539 1650 accipiens,cubita

1878 1672 1994 1727 duo
2015 1671 2162 1742 (339)
2187 1688 2219 1724 a
2240 1671 2366 1739 ripa
2400 1671 2457 1723 in
2490 1684 2651 1723 mare
2686 1671 2858 1724 terrae
2880 1672 3051 1723 tenus
3070 1668 3261 1738 palmo
3291 1670 3539 1725 tantum-

1879 1761 2053 1815 modo
2068 1757 2483 1830 profunditatis
2497 1758 2657 1828 ﬁgat,
2677 1758 2851 1811 tantae
2864 1756 3253 1828 longitudinis
3287 1762 3351 1813 ut
3366 1758 3541 1813 desu-

1878 1864 1989 1919 per
2002 1846 2190 1901 undas
2205 1862 2462 1901 concava
2484 1845 2792 1900 summitas
2806 1849 3090 1916 quantum
3106 1845 3263 1900 volet
3275 1848 3542 1919 attingat,

1884 1952 2016 1991 cum
2047 1949 2209 1989 mare
2233 1934 2639 1989 salsissimum
2671 1934 2766 2003 sit,
2801 1932 3183 1988 dulcissimas
3227 1937 3284 1989 et
3312 1935 3543 2005 potabi-

1864 2016 1970 2079 ‘les
1999 2038 2185 2094 aquas
2234 2038 2341 2093 per
2389 2023 2810 2077 concavitatem
2860 2021 2919 2075 in
2967 2020 3147 2075 altum
3178 2021 3425 2077 ebullire
3456 2022 3543 2076 vi-

1883 2112 2022 2167 dent
2048 2111 2217 2182 (340).

1959 2199 2071 2253 Hic
2100 2199 2193 2253 die
2239 2196 2569 2266 terminato,
2618 2198 2690 2251 ab
2732 2197 2890 2253 omni
2937 2197 3135 2252 Sicilia
3187 2201 3243 2253 et
3270 2198 3545 2254 Calabria

1885 2287 2138 2359 plurimo
2184 2286 2451 2341 exercitu
2498 2286 2655 2341 Julio
2711 2300 2915 2340 mense
2964 2286 3234 2355 conﬂato,
3286 2287 3541 2357 quodam

1885 2390 2136 2446 vespere
2169 2389 2370 2429 comes
2393 2389 2576 2427 naves
2597 2373 2845 2446 aggredi
2862 2373 3009 2442 (341)
3028 2373 3336 2428 accelerat.
3355 2375 3543 2430 Porro

1887 2464 2184 2519 Jordanus
2205 2462 2364 2516 illius
2379 2462 2631 2531 comitis,
2658 2477 2790 2515 cum
2804 2461 3021 2516 classis
3039 2464 3286 2532 aptatur,
3308 2478 3547 2534 semper

1891 2552 2208 2622 suspicans
2230 2553 2353 2605 erat
2370 2550 2640 2604 comitem
2658 2549 2893 2620 quidem
2917 2565 3133 2604 versus
3152 2550 3411 2606 Melitam
3426 2566 3544 2607 non

1888 2642 2126 2709 iturum,
2159 2639 2267 2695 sed
2297 2638 2413 2693 sibi
2441 2642 2503 2693 ut
2533 2639 2663 2708 ipse
2685 2638 3005 2692 exercitum
3034 2638 3305 2694 illorsum
3328 2641 3548 2695 condu-

1893 2732 2051 2784 ceret
2072 2727 2549 2782 com‘missurum.
2574 2726 2787 2781 Comes
2804 2726 3071 2781 autemin
3103 2727 3233 2796 ipso
3263 2728 3552 2801 ingressu

1893 2818 2129 2871 navium
2154 2815 2444 2870 arcessito
2463 2814 2712 2885 imperat
2754 2819 2817 2868 ut
2838 2830 2972 2868 cum
3012 2816 3363 2888 designatis,
3398 2833 3551 2889 quos

1894 2905 2009 2960 sibi
2039 2902 2607 2975 placuerit,Siciliam
2621 2905 3000 2973 procuratum
3017 2905 3553 2974 remaneat,urbem

1895 2993 2112 3048 nullam
2140 2991 2230 3046 vel
2264 2992 2522 3045 castrum
2571 2989 2826 3061 ingredi.
2878 2991 3063 3044 donec
3110 2992 3243 3061 ipse
3290 3008 3325 3045 a
3356 2992 3555 3046 Melita

1894 3082 2242 3147 revertatur,
2278 3080 2617 3149 praesumat,
2654 3078 2760 3131 sed
2816 3078 2876 3130 in
2930 3080 3198 3133 tentoriis
3255 3078 3552 3150 habitans,

1899 3170 2233 3237 ubicunque
2255 3182 2361 3237 per
2388 3166 2647 3220 Siciliam
2670 3165 2741 3219 ad
2766 3154 3246 3221 succurrendum
3301 3183 3557 3224 necesse

98 3257 271 3310 tione
306 3250 717 3306 tractat.Unde
742 3253 798 3304 et
827 3249 1082 3303 Melitam
1113 3248 1365 3303 insulam
1396 3264 1427 3301 a
1479 3249 1790 3304 referenti-
1823 3246 1876 3318 (ξ
1900 3258 1995 3326 sit,
2027 3260 2267 3327 paratus
2297 3254 2429 3325 ejus
2477 3269 2823 3325 regressum
2853 3255 3161 3310 sustineat.
3214 3256 3401 3311 Porro
3436 3257 3556 3328 ille,

96 3347 223 3399 bus
244 3340 593 3395 viciniorem
609 3339 842 3393 caeteris
859 3337 975 3392 sibi
989 3338 1793 3410 cognoscens,classem,qua

100 3448 246 3487 eam
287 3428 893 3496 attentet,accelerare
941 3427 1210 3495 imperat,
1244 3426 1527 3480 militibus
1572 3428 1701 3482 suis
1732 3432 1795 3482 ut

102 3538 174 3576 se
200 3518 363 3573 adid
386 3516 862 3585 exercitiiaptent
877 3514 1277 3586 praecipiendo
1302 3514 1619 3570 denuntiat.
1644 3517 1792 3570 Dum

96 3611 229 3664 ista
268 3609 577 3680 geruntur,
616 3604 957 3673 Mainerius,
994 3603 1286 3657 Gerentia
1332 3605 1543 3657 comite
1589 3608 1651 3658 ut
1680 3605 1797 3660 sibi

93 3699 382 3754 locutum
399 3694 595 3748 veniat
613 3693 910 3762 invitatus,
938 3692 1222 3746 accedere
1245 3689 1459 3761 differt,
1482 3708 1613 3746 cum
1636 3709 1798 3750 arro-

103 3785 385 3859 gatione,
404 3785 703 3853 praesente
723 3781 914 3837 adhuc
935 3781 1129 3851 legato
1150 3779 1402 3849 comitis,
1428 3781 1799 3850 respondens

106 3858 185 3931 se
210 3887 517 3943 nunquam
539 3872 734 3941 ipsum
757 3869 873 3924 nisi
889 3872 952 3923 ut
973 3858 1268 3938 damnum,
1294 3868 1347 3922 si
1371 3868 1804 3939 possit,inferat

103 3966 329 4018 visum
347 3958 691 4024 velle.Quod
707 3959 1002 4013 referente
1016 3958 1210 4028 legato
1229 3958 1326 4027 qui
1344 3957 1570 4012 missus
1594 3958 1804 4022 fuerat,

109 4062 341 4106 comes
364 4045 633 4115 audiens,
649 4044 964 4114 plurimum
984 4043 1348 4114 indignatus,
1365 4043 1640 4113 festinus,
1662 4044 1808 4099 mari

110 4136 524 4198 transmeato,
569 4149 600 4186 a
645 4132 843 4187 Sicilia
880 4133 936 4185 in
968 4130 1294 4185 Calabriam
1326 4134 1519 4202 venit;
1572 4134 1806 4188 Petrum

112 4221 727 4288 Moritonensem,cui
742 4220 1066 4290 vices:suas
1078 4218 1396 4289 plurimum
1411 4221 1810 4290 commiserat,

98 4319 181 4370 ut
219 4326 333 4381 per
349 4307 610 4363 Siciliam
629 4306 951 4361 exercitum
967 4321 1350 4361 commovens
1372 4310 1509 4378 post
1540 4323 1607 4363 se
1638 4324 1813 4363 acce-

101 4403 277 4456 leret
292 4395 489 4451 mittit.
516 4394 629 4461 Qui
651 4394 974 4465 prudenter
1002 4394 1266 4466 injuncta
1293 4395 1631 4465 perﬁciens,
1663 4397 1816 4450 infra

108 4492 266 4545 octo
291 4486 425 4541 dies
446 4486 519 4539 ab
543 4486 701 4539 omni
747 4483 948 4537 Sicilia
993 4484 1236 4552 copioso
1280 4486 1544 4539 exercitu
1574 4499 1820 4556 congre-

1901 3346 2071 3400 aliter
2083 3360 2257 3415 quam
2270 3348 2432 3397 ratus
2451 3346 2577 3396 erat
2598 3346 2819 3413 patrem
2837 3344 3275 3413 praecipientem
3288 3345 3559 3416 audiens,

1898 3436 2058 3489 totus
2081 3433 2461 3487 admiratione
2474 3432 2750 3486 attonitus
2766 3432 2845 3502 ﬁt,
2876 3435 3215 3503 patremque
3231 3432 3304 3487 ab
3322 3432 3397 3488 iis
3428 3449 3563 3504 quae

1905 3521 2135 3577 dicebat
2170 3520 2470 3574 dehortari
2519 3520 2714 3589 nisus,
2748 3536 2880 3574 cum
2912 3520 3187 3591 lacrymis
3242 3522 3567 3592 proclamat

1906 3611 2150 3682 dignum
2190 3607 2405 3678 potius,
2457 3607 2509 3660 si
2538 3607 2729 3677 placet
2776 3608 2945 3677 patri,
3001 3624 3141 3663 esse
3174 3624 3240 3664 se
3281 3609 3568 3681 juvenem

1908 3701 2064 3751 tanto
2103 3695 2291 3750 labori
2358 3695 2600 3765 ascribi,
2653 3698 2898 3766 patrem,
2949 3696 3072 3766 jam
3127 3698 3298 3767 quasi
3338 3699 3570 3754 emeriti

1912 3784 2188 3855 stipendii
2242 3783 2455 3848 virum,
2507 3800 2539 3836 a
2582 3783 2886 3837 laboribus
2954 3785 3270 3854 plurimum
3324 3803 3571 3856 passum

1915 3887 2133 3940 corpus
2176 3871 2497 3924 recreando
2520 3869 2734 3940 quietis
2777 3872 3222 3927 oblectamentis
3245 3874 3349 3939 uti;
3374 3875 3571 3929 minus

1918 3961 2284 4023 damnosum,
2310 3958 2363 4011 si
2396 3958 2797 4026 ipse,minoris
2828 3959 3001 4027 pretii
3026 3959 3289 4030 juvenis,
3324 3963 3384 4015 in
3414 3967 3573 4019 tanto

1920 4046 2259 4104 discrimine
2288 4048 2688 4115 pereat,quam
2712 4046 2802 4098 vir
2831 4048 3005 4101 tantae
3054 4049 3418 4103 auctoritatis
3458 4053 3577 4104 tan-

1918 4139 2037 4192 tive
2058 4134 2309 4190 consilii.
2342 4132 2554 4186 Comes
2584 4146 2748 4203 vero,
2771 4132 2843 4185 ad
2874 4134 3055 4187 verba
3090 4134 3574 4205 ﬁliiindignatus,

1922 4220 2575 4293 eum,quamplurimum
2611 4219 2976 4275 conviciatus
3008 4220 3067 4274 in
3096 4221 3392 4275 audientia
3449 4238 3579 4276 om-

1922 4314 2083 4369 nium
2108 4308 2306 4364 retulit
2335 4323 2400 4362 se
2421 4323 2716 4378 nunquam
2738 4308 2832 4363 vel
2855 4308 3039 4363 filium
3061 4310 3155 4364 vel
3176 4310 3579 4382 aliquem,quo

1922 4402 2051 4471 ipse
2084 4398 2309 4469 primus
2351 4412 2489 4452 esse
2528 4413 2643 4451 non
2673 4397 2901 4467 audeat,
2952 4398 3296 4468 missurum,
3342 4403 3399 4455 et
3428 4400 3585 4454 sicut

1924 4488 2153 4559 primus
2185 4485 2428 4539 essetin
2449 4485 2831 4555 possidendis
2878 4487 2968 4541 vel
3021 4487 3471 4558 distribuendis,
3506 4487 3586 4541 ita

124 4581 306 4650 gato,
345 4575 403 4628 in
442 4574 595 4628 Maio
643 4570 792 4672 £388)
828 4572 901 4671 ad
958 4572 1231 4627 comitem
1278 4574 1520 4627 adduxit
1556 4589 1569 4642 ;
1615 4574 1819 4644 sicque
1845 4609 1899 4672 Β
1926 4573 2290 4630 conveniens
2312 4587 2451 4626 esse
2481 4574 2544 4625 ut
2568 4572 2733 4641 prior
2762 4572 2929 4628 ﬁeret
2957 4574 3016 4628 in
3046 4575 3447 4645 acquirendis.
3486 4573 3585 4627 Sic

122 4678 353 4721 comes
385 4677 603 4716 versus
642 4660 975 4715 Gerentiam
1007 4661 1371 4732 accelerans,
1402 4664 1664 4715 castrum
1695 4664 1817 4715 ter-

123 4752 305 4808 ribili
366 4750 680 4805 obsidione
741 4749 998 4802 vallavit.
1056 4747 1179 4813 Qua
1248 4749 1320 4803 de
1375 4765 1440 4804 re
1495 4750 1815 4805 Mainerius

115 4841 418 4908 territus,
449 4853 516 4892 se
563 4837 742 4891 stulte
773 4839 829 4890 et
871 4836 1093 4891 fecisse
1143 4839 1200 4890 et
1244 4837 1501 4892 locutum
1566 4854 1824 4909 cognos-

125 4944 316 4993 cens,
389 4925 640 4996 supplex
694 4925 768 4979 ad
825 4925 1293 4979 misericordiam
1354 4926 1585 4980 comitis
1642 4908 1822 4993 venit,

120 5028 361 5088 equos,
397 5014 612 5083 mulos,
662 5012 984 5067 thesauros
1027 5016 1084 5067 et
1129 5014 1322 5067 omnia
1366 5029 1499 5085 quae
1551 5014 1824 5081 habebat,

130 5105 389 5160 veniam
422 5106 650 5172 petens,
684 5102 744 5156 in
774 5100 909 5171 ejus
959 5102 1348 5171 dispositione
1376 5104 1557 5171 ponit.
1590 5102 1825 5172 Comes,

127 5208 343 5263 super
380 5191 477 5246 his
518 5206 652 5262 quat
709 5190 932 5245 fecerat
977 5205 1110 5244 eum
1158 5191 1439 5260 paenitere
1488 5191 1718 5259 videns,
1766 5192 1830 5244 ut

125 5295 395 5351 semper
412 5280 490 5349 pii
508 5279 727 5349 cordis,
763 5279 959 5333 omnia
979 5279 1349 5351 condonavit,
1373 5283 1619 5351 excepto
1651 5279 1827 5350 quod,

130 5370 331 5445 quasi
360 5384 468 5441 pro
500 5368 814 5438 disciplina
870 5368 1068 5437 potius
1099 5383 1274 5437 quam
1304 5369 1641 5438 ambitione,
1674 5366 1831 5422 mille

227 5526 380 5600 (338)
422 5527 489 5600 I_n
504 5533 681 5600 prato
699 5527 869 5600 Maii.

226 5597 381 5670 (339)
420 5597 594 5670 CIP.
636 5598 839 5654 cubitu
859 5613 988 5652 uno.

232 5669 387 5742 (340)
438 5669 673 5726 Videas.

812 5757 1070 5815 Punon.
1109 5753 1361 5815 CXLIX.

1927 4663 2199 4735 pluribus
2222 4661 2623 4715 remeantibus
2640 4662 2854 4730 pietate
2876 4662 3385 4732 abeuntis,deinde
3407 4664 3590 4732 lacry-

1928 4751 2225 4806 mentibus
2255 4764 2476 4817 comes,
2500 4763 2685 4802 naves
2714 4740 3053 4821 ingressus,
3071 4751 3343 4805 buccinis
3365 4748 3588 4820 exejus

1931 4839 2122 4894 edicto
2155 4837 2649 4907 concrepantibus
2681 4839 2738 4891 et
2766 4838 2991 4892 diversi
3048 4839 3289 4909 generis
3338 4839 3584 4893 musicae

1936 4928 2079 4982 artis
2098 4926 2391 4995 pluribus,
2412 4928 2473 4979 ut
2494 4926 2745 4996 quisque
2766 4926 2976 4981 doctus
3008 4931 3150 4996 erat,
3183 4927 3590 4980 instrumentis

1938 5013 2397 5082 modulantibus,
2442 5013 2721 5067 anchoris
2752 5014 3053 5083 extractis,
3078 5014 3208 5068 vela
3236 5015 3429 5068 ventis
3460 5015 3594 5084 plu-

1941 5105 2088 5158 rimo
2128 5105 2411 5171 apparatu
2458 5103 3111 5171 committunt,auraque
3140 5117 3426 5173 prospera
3469 5102 3594 5157 suf-

1943 5191 2507 5263 fragante,secundo
2530 5190 2623 5243 die
2643 5190 2935 5259 applicant
2949 5190 3102 5259 apud
3140 5191 3403 5246 Miletum
3425 5190 3593 5262 (342).

1942 5279 2129 5334 Navis
2149 5292 2296 5333 vero
2321 5278 2551 5332 comitis
2571 5281 2816 5332 caeteras
2834 5277 3141 5333 velocitate
3160 5279 3604 5349 praecedens,ut

1939 5369 2196 5441 primum
2216 5371 2430 5421 terram
2462 5365 2669 5437 attigit,
2703 5380 2904 5420 comes
2934 5366 3071 5420 navi
3101 5367 3446 5444 digressus,
3471 5380 3613 5425 cum

2013 5525 2161 5597 (341)
2189 5524 2456 5597 (ngredi.

2015 5595 2164 5671 (342)
2193 5595 2484 5653 Melum.

3976 1426 3977 1473 ι

3977 1534 3979 1587 1

3980 1646 3981 1681 l

3984 1854 3985 1901 ι

3987 1996 3989 2055 4

3988 2066 3993 2175 1

3992 2208 3995 2265 ι

3995 2280 3997 2341 4

3996 2346 3999 2400 ι
