4074 6150
507 239 666 307 1195

1284 232 1718 305 GAUFBEDI
1761 231 2300 305 MALATEBRIE
2331 238 2718 302 MONACHI
2759 219 3202 302 BENEDICT.

3715 244 3838 310 1196

504 440 789 496 tredecim
821 442 1041 496 tantum
1074 439 1358 494 militibus
1389 455 1576 510 equos
1607 437 1963 502 ascendens,
1995 436 2173 506 pluri-
2201 422 2246 480 Α
2285 439 2626 492 necessaria
2681 443 2735 493 et
2765 440 2991 510 absque
3021 440 3212 508 pretio
3262 439 3434 493 Phari
3483 441 3753 496 transitum
3784 445 3864 498 tri-

505 546 658 583 mam
690 530 1013 584 incolarum
1074 529 1525 595 multitudinem,
1567 545 1700 598 quae
1733 532 1792 580 ut
1825 525 2173 596 impedirent

505 618 578 671 ad
609 619 796 689 ripam
821 619 1053 672 obviam
1076 617 1284 683 fuerat,
1305 616 1911 688 aggrediens,multos
1943 615 2172 682 sternit,

504 706 770 777 reliquos
821 706 1005 777 fugat,
1065 710 1362 760 extremos
1415 720 1684 776 quosque
1725 703 2018 758 'cmdendo
2069 719 2174 772 per

505 795 749 865 longum
781 796 1135 866 insequitur.
1173 795 1435 864 Vespere
1465 799 1658 847 autem
1700 793 1772 846 ab
1804 792 2172 862 insequendo

504 883 856 954 regrediens
878 885 935 936 in
967 885 1160 937 littore
1194 883 1375 936 maris
1409 899 1542 936 eum
1581 881 1738 934 omni
1764 881 2028 934 exercitu
2063 895 2174 934 suo

505 971 602 1025 illa
635 976 805 1026 nocte
837 973 1156 1041 hospitium
1189 973 1462 1042 sumpsit.

553 1061 821 1114 Crastino
843 1077 980 1114 vero
1001 1061 1383 1115 illucescente
1398 1061 1644 1131 propius
1660 1061 1864 1114 urbem
1880 1061 2175 1114 accedens

505 1149 814 1204 obsidione
861 1149 1586 1228 vallavit,circumqunque
1621 1164 1730 1218 per
1753 1148 2006 1202 insulam
2029 1164 2174 1203 suos

502 1238 834 1307 praedatum
867 1237 1317 1292 mittens.Pm-ro
1335 1238 1576 1309 Gaytus,
1609 1239 1708 1308 qui
1760 1237 1891 1291 urbi
1924 1240 1979 1292 et
2016 1237 2172 1290 insu-

501 1325 578 1379 lae
607 1325 1067 1395 principabalur,
1099 1327 1418 1397 caaterique
1441 1327 1604 1380 cives
1635 1326 1868 1379 bellicis
1890 1327 2177 1380 exercita-

505 1413 771 1468 tionibus
791 1415 986 1468 minus
1009 1415 1254 1481 assueti,
1276 1413 1588 1484 praesentia
1611 1415 1870 1468 hostium
1889 1414 2174 1495 deterriti,

502 1518 709 1574 pacem
743 1503 926 1558 libere
959 1504 1030 1556 ad
1056 1505 1412 1574 colloquium
1441 1519 1574 1557 cum
1611 1504 1822 1558 comite
1872 1503 2178 1558 accedenti

513 1593 814 1660 expetunt;
873 1606 985 1660 qua
1028 1607 1057 1642 a
1113 1591 1323 1644 comite
1373 1606 1681 1656 concessa,
1743 1589 1812 1642 ad
1860 1589 2176 1644 tentorium

513 1679 746 1732 comitis
786 1679 900 1732 sibi
948 1679 1226 1746 locutum,
1285 1682 1346 1732 ut
1377 1693 1580 1748 pacem
1635 1678 1828 1747 faciat,
1861 1678 2172 1733 accedunt.

2285 527 2497 580 buens.
2556 529 2741 581 Porro
2794 529 2904 598 ipsi
2939 545 3071 582 cum
3132 527 3348 600 gaudio
3397 534 3447 584 et
3475 531 3648 584 comiti
3679 532 3740 586 de
3790 551 3869 587 sua

2285 614 2634 669 liberatione
2676 617 2896 686 gratias
2930 617 3260 671 referentes
3291 618 3534 688 quisque
3586 620 3636 672 in
3662 619 3765 672 loca
3791 637 3871 674 sua

2293 705 2594 769 recedunt,
2627 719 2732 772 per
2749 704 2983 759 diversa
3003 721 3324 775 regnorum
3343 706 3702 776 spatia,prout
3727 711 3870 762 natio-

2296 791 2388 844 nis
2421 795 2606 860 erant,
2640 808 2851 846 nomen
2881 793 3112 846 comitis
3161 793 3575 864 magnificando
3602 795 3867 849 dilatantcs.

2879 880 3131 935 CAPUT
3169 881 3346 934 XVII.

2594 969 2727 1023 Dux
2749 975 2806 1023 et
2827 985 3022 1024 eomes
3055 969 3375 1024 Cusentum
3405 971 3644 1042 capiunt.

2369 1059 2536 1113 Anno
2547 1074 2691 1129 ergo
2711 1057 3023 1112 millesimo
3041 1059 3427 1131 nonagesimo
3439 1059 3874 1131 primo,Rogerius

2292 1145 2430 1215 dux,
2479 1150 2680 1201 contra
2711 1146 3102 1202 Consentinos
3135 1148 3234 1201 diu
3278 1149 3528 1202 rebelles
3583 1148 3871 1219 indignatus,

2295 1237 2554 1288 exercitu
2613 1237 2685 1289 ab
2737 1236 2890 1288 omni
2942 1236 3148 1305 Apulia
3199 1237 3536 1302 coadunato,
3568 1235 3726 1290 fratre
3763 1237 3874 1291 Boa-

2289 1324 2506 1378 mundo
2531 1340 2735 1378 secum
2759 1329 3021 1394 accepto,
3049 1325 3216 1393 ipsos
3241 1341 3443 1378 mense
3465 1325 3607 1378 Maio
3625 1325 3874 1378 obsessum

2287 1412 2372 1466 ire
2393 1413 2738 1481 disponens,
2771 1414 3125 1466 avunculum
3161 1413 3434 1466 comitem
3463 1429 3492 1466 a
3517 1412 3693 1467 Sicilia
3726 1415 3774 1466 ut
3795 1413 3876 1466 sibi

2285 1501 2564 1554 auxilium
2599 1500 2842 1555 ferendo
2862 1501 2998 1554 illuc
3039 1517 3356 1555 occurrere
3393 1517 3508 1556 non
3537 1501 3744 1555 ditl‘erat
3766 1501 3876 1554 invi-

2284 1591 2382 1642 tat.
2447 1589 2568 1658 Ille,
2629 1605 2828 1643 amore
2885 1590 3136 1660 nepotis,
3207 1589 3280 1644 ab
3325 1593 3480 1644 omni
3538 1589 3713 1644 Sicilia
3750 1589 3877 1642 multa

2283 1676 2746 1731 Sarracenorum
2766 1677 2945 1730 millia
2964 1679 3251 1746 excitans,
3270 1678 3377 1732 sed
3403 1682 3458 1732 et
3487 1678 3710 1732 militum
3729 1678 3876 1746 c0pias

505 1765 893 1836 Diversisque
943 1767 1566 1820 circumlocutionibus
1626 1765 1718 1820 usi
1771 1767 2004 1820 tandem
2040 1782 2173 1820 cum
2209 1787 2254 1846 Β
2285 1765 2648 1834 conducens,
2675 1781 2788 1836 quo
2808 1765 3164 1820 invitabatur
3183 1765 3339 1820 haud
3363 1764 3874 1838 segniteraccelerat.

501 1854 876 1908 calliditatem
895 1855 1180 1924 principis
1199 1857 1392 1908 minus
1411 1871 1476 1908 se
1501 1855 1704 1909 fallere
1727 1871 1910 1925 posse
1931 1870 2176 1924 perpen-

497 1941 660 2010 dunt,
695 1959 799 2010 pro
834 1942 1466 2012 libitucomitis,primo
1483 1943 1752 2012 captivos
1770 1942 2171 2004 Christianos,

499 2045 748 2100 quorum
781 2031 1093 2099 plurimam
1130 2031 1558 2086 multitudinem
1589 2032 1742 2085 infra
1773 2031 1980 2086 urbem
2011 2035 2170 2084 tene-

497 2119 660 2189 bant,
716 2120 1051 2188 reddunt,et
1101 2125 1373 2190 equos,et
1427 2121 1617 2175 mulos
1663 2125 1720 2174 et
1759 2137 1922 2173 arma
1977 2121 2170 2174 omnia

499 2223 633 2278 quae
659 2207 970 2277 habebant,
1007 2225 1139 2262 cum
1165 2209 1386 2262 inﬁnita
1405 2210 1652 2278 pecunia
1669 2209 1866 2263 comiti
1889 2206 2162 2263 otl‘erunt.

503 2297 708 2350 Datam
751 2313 868 2350 uno
901 2314 1133 2368 quoque
1161 2314 1313 2351 anno
1345 2298 1744 2368 persolvendo
1777 2298 2168 2352 determinan-

500 2388 616 2463 tes,
668 2385 872 2439 urbem
924 2385 995 2438 de
1027 2387 1237 2438 comite
1292 2401 1357 2440 se
1391 2385 1766 2440 serviendum
1799 2385 2162 2455 promittunt,

503 2473 711 2543 sicque
737 2488 896 2527 more
921 2474 1074 2544 legis
1093 2489 1219 2527 sua:
1244 2477 1632 2528 sacramentis
1655 2475 1806 2528 datis
1821 2475 2013 2528 comiti
2031 2491 2166 2528 con-

501 2561 771 2616 feederati
819 2565 976 2616 sunt.
1030 2563 1251 2617 Videns
1301 2561 1438 2634 [169.
1474 2563 1744 2632 Videres,
1777 2564 1893 2617 Ed.
1946 2561 2162 2634 P.]au-

497 2651 614 2704 tem
667 2650 934 2719 captivos
993 2650 1388 2720 Christianos,
1449 2652 1522 2706 ab
1580 2653 1724 2706 urbe
1775 2654 2163 2722 progredien-

503 2741 615 2803 tes,
649 2754 772 2807 prae
805 2737 1020 2809 gaudio
1053 2755 1178 2794 suae
1210 2739 1522 2808 insperata
1555 2740 1920 2795 liberationis
1943 2741 2015 2795 ab
2048 2758 2160 2797 uno

500 2841 736 2898 quoque
771 2827 966 2880 cordis
1001 2827 1274 2898 lacrymis
1322 2828 1618 2898 profundi,
1650 2829 1834 2900 ligno,
1877 2831 1968 2884 vel
2003 2831 2161 2884 cala-

503 2915 640 2984 mis,
683 2919 854 2986 prout
897 2916 1150 2986 quisque
1181 2917 1366 2986 primo
1400 2917 1751 2986 inveniebat,
1801 2919 2160 2988 compositas

495 3019 708 3058 cruces
727 3005 784 3058 in
808 3005 1030 3058 dextris
1057 3006 1312 3060 ferentes
1332 3006 1521 3077 [syria
1555 3006 1776 3060 eleison
1797 3008 2160 3076 proclaman-

493 3094 589 3161 do,
619 3094 687 3146 ad
722 3093 905 3162 pedes
929 3095 1158 3147 comitis
1178 3094 1714 3163 provolvi,nostros
1739 3112 1877 3150 vero
1896 3097 1966 3150 ad
1985 3097 2159 3152 talem

498 3181 768 3237 intuitum
802 3182 1034 3250 pietatis
1055 3182 1267 3236 affectu
1319 3184 1651 3253 lacrymoso
1681 3200 1816 3239 rore
1861 3186 2157 3254 perfundi.

492 3269 708 3324 Comes
743 3286 908 3340 ergo,
945 3271 1132 3323 taliter
1168 3273 1311 3325 urbe
1363 3272 1474 3324 sibi
1529 3273 1942 3341 confacderata,
1979 3277 2156 3344 capti-

495 3372 625 3427 vos,
662 3361 721 3412 ut
761 3362 1044 3426 asportet,
1068 3374 1172 3426 per
1203 3375 1386 3412 naves
1419 3361 1720 3430 ordinans,
1743 3361 1989 3414 reditum
2023 3379 2155 3417 cum

496 3462 710 3516 magno
742 3447 971 3514 timore,
1007 3463 1126 3515 pra)
1145 3448 1323 3500 nimio
1347 3447 1604 3516 pondere
1627 3449 1990 3518 captivorum
2009 3451 2156 3505 sub-

497 3532 857 3586 mersioncm
905 3534 1148 3596 veritus,
1181 3533 1493 3602 accelerat,
1529 3535 1633 3588 sed
1664 3533 1900 3590 dextera
1935 3537 2058 3608 Dei,
2094 3543 2157 3594 ut

498 3618 818 3688 credimus,
879 3635 951 3672 cx
1028 3625 1240 3674 eventu
1298 3622 1518 3689 patuit;
1579 3637 1761 3676 naves
1812 3639 1917 3694 per
1963 3625 2152 3680 undas

506 3707 1058 3774 sublevans,cubitu
1081 3725 1196 3762 uno
1216 3708 1526 3764 liberiores
1551 3727 1730 3781 super
1747 3729 1906 3768 mare
1929 3713 2154 3769 ferebat

492 3810 666 3866 quam
698 3797 758 3850 in
791 3796 946 3850 aditu
966 3813 1096 3866 suo,
1126 3813 1258 3850 cum
1289 3814 1390 3852 eas
1431 3801 1622 3854 minus
1658 3818 1810 3856 onus
1841 3803 2148 3873 gravabat.

494 3885 570 3938 At
601 3900 734 3938 cum
752 3901 914 3938 mare
939 3885 1024 3938 sic
1044 3886 1290 3940 reditum
1313 3888 2147 3962 accelerat,eminusinsulam,

488 3988 622 4044 quae
671 3972 905 4026 Golfani
966 3972 1114 4042 (3t3)
1159 3974 1392 4042 dicitur,
1453 3977 1708 4047 intuens,
1769 3979 2056 4049 illorsum,
2091 3987 2149 4035 ut

485 4061 758 4132 debellet,
793 4063 918 4116 vela
945 4063 1118 4133 dirigi
1152 4064 1559 4134 imper-aLQuo
1592 4067 1890 4136 applicans
1929 4071 2146 4138 praedis

485 4149 844 4222 aggrediens
902 4151 1192 4219 devastat,
1256 4153 1462 4222 sicque
1521 4170 1726 4208 secum
1768 4156 1964 4210 foedus
1996 4159 2144 4213 inire

483 4253 860 4310 cognoscens
882 4255 1008 4294 suae
1042 4241 1246 4294 ditioni
1276 4242 1564 4313 assignat.
1603 4243 1874 4313 Undique
1906 4247 2142 4316 impune

481 4341 590 4395 per
623 4342 860 4396 aequora
893 4329 1022 4380 vela
1054 4329 1346 4399 dirigens,
1378 4329 1612 4384 Sicilam
1653 4348 1954 4404 reversus,
1989 4335 2142 4390 desi-

482 4414 826 4468 derantibus
859 4430 926 4468 se
949 4415 1223 4469 fidelibus
1243 4418 1370 4470 suis
1394 4417 1639 4486 plurima
1659 4422 1858 4488 praeda
1888 4428 2142 4478 onustus

2282 1852 2647 1922 Consentini,
2682 1852 2888 1908 hostes
2918 1869 3162 1908 versum
3192 1870 3260 1908 se
3277 1853 3606 1909 accelerare
3633 1855 3871 1908 audientes

2283 1941 2522 2010 seipsos
2579 1941 2730 1994 vallo
2781 1944 2838 1994 et
2885 1943 3069 1996 muris
3143 1943 3434 2011 muniunt,
3487 1959 3634 1996 arma
3684 1946 3731 1995 et
3775 1957 3870 2011 qua:

2279 2029 2610 2084 defensioni
2643 2031 2982 2084 necessaria
2997 2033 3162 2084 erant
3178 2035 3400 2100 aptant,
3435 2037 3686 2102 sumptus
3705 2033 3872 2084 natura:

2253 2119 2657 2189 .necessarios
2715 2118 2869 2172 infra
2918 2119 3126 2172 urbem
3179 2124 3562 2189 comportant,
3627 2118 3874 2173 defendere

2273 2207 2472 2276 potius
2495 2223 2666 2277 quam
2687 2207 3340 2261 succumbereinvieem
3385 2208 3752 2262 cohortantur.
3783 2205 3874 2258 llux

2275 2299 2332 2349 et
2365 2311 2587 2366 comes,
2623 2311 2760 2350 sese
2791 2296 3044 2350 invicem
3076 2296 3227 2366 apud
3259 2295 3582 2350 Cusentum
3615 2296 3873 2360 obviantcs,

2275 2383 2480 2441 urbem
2531 2385 2787 2454 undique
2819 2384 3055 2438 vallant.
3112 2385 3246 2438 Dux
3301 2385 3578 2454 planitcm
3632 2383 3874 2438 obsidione

2273 2477 2540 2542 occupat.
2571 2473 2802 2542 Comes,
2837 2477 3104 2526 montana
3139 2475 3574 2540 conscendens,
3611 2489 3711 2544 quo
3737 2470 3876 2540 major

2271 2561 2440 2614 labor
2461 2565 2516 2614 et
2547 2561 2740 2616 hostis
2772 2561 3044 2616 infestior
3063 2562 3430 2630 imminebat,
3459 2562 3660 2616 castris
3689 2573 3873 2613 suorum

2270 2648 2474 2702 urbem
2510 2665 2722 2720 gyrare
2757 2653 3020 2718 imperat.
3061 2649 3446 2704 Consentinis
3479 2651 3661 2720 itaque
3689 2665 3748 2702 ex
3771 2661 3874 2700 con-

2269 2739 2402 2790 silio
2435 2743 2492 2792 et
2547 2738 2738 2792 edicto
2779 2738 3064 2808 principis
3096 2739 3247 2792 vallo
3280 2741 3335 2792 et
3381 2739 3622 2810 sepibus
3673 2735 3871 2804 undique

2268 2825 2511 2895 clausis,
2550 2826 2942 2898 ingrediendi,
2978 2827 3070 2881 vel
3102 2827 3472 2898 egrediendi,
3535 2826 3618 2880 vel
3649 2823 3873 2896 quidlibet

2265 2915 2673 2969 introdueendi
2705 2913 2978 2970 facultate
3015 2914 3267 2985 sublata,
3302 2915 3616 2985 plurimum
3638 2914 3874 2967 deterren'

2262 3007 2378 3057 tur.
2413 3003 2511 3057 Sic
2534 3003 2704 3074 jugis
2749 3004 3087 3072 decertatio,
3121 3007 3423 3058 certamen
3453 3003 3754 3058 assiduum.
3789 2997 3872 3052 Sed

2263 3090 2643 3146 Consentinis
2665 3091 2858 3162 major
2877 3107 3018 3161 spes
3045 3092 3422 3146 defensionis
3455 3093 3512 3145 in
3537 3088 3818 3144 fundibulis
3834 3088 3873 3137 et

2263 3180 2500 3251 sagittis
2532 3185 2674 3234 erat.
2707 3180 2960 3250 PrOpius
2991 3179 3296 3247 accedere,
3330 3184 3400 3233 ut
3429 3195 3572 3234 ense
3596 3183 3750 3233 tenus
3774 3189 3871 3228 cum

2264 3269 2492 3322 nostris
2535 3270 2923 3336 decertarent,
2974 3267 3382 3337 periculosum
3412 3268 3708 3322 ducebant.
3737 3265 3872 3318 Porro

2262 3371 2463 3410 comes
2493 3357 2783 3411 interdum
2817 3358 2886 3410 ad
2919 3357 3272 3410 deditionem
3305 3357 3618 3412 mulcenda
3651 3349 3871 3415 blandiri,

2262 3445 2635 3514 frequentius
2675 3445 3104 3500 interminando
3139 3445 3465 3511 deterrere,
3517 3459 3656 3498 suos
3683 3443 3871 3501 instare,

2273 3533 2511 3601 hortari,
2545 3535 2737 3588 omnia
2761 3533 3094 3603 circumire,
3113 3534 3190 3587 nil
3210 3533 3558 3587 intentatum
3579 3532 3871 3600 relinquere,

2275 3639 2408 3694 quae
2440 3623 2703 3677 facienda
2733 3625 2897 3677 erant
2945 3624 3106 3692 prior
3144 3622 3327 3689 adire,
3361 3623 3438 3676 ad
3468 3625 3741 3676 certamen
3765 3630 3872 3670 suos

2267 3712 2626 3783 praecedere,
2658 3712 2717 3766 in
2749 3711 3079 3766 recedendo
3097 3711 3386 3781 subsequi
3411 3728 3426 3781 ;
3449 3711 3634 3765 omnia
3655 3701 3874 3778 prudenti

2263 3803 2628 3856 ordinatione
2659 3801 2968 3870 providere
2999 3801 3289 3866 studebat,
3324 3801 3597 3870 exemplo
3640 3797 3772 3860 suis,
3818 3791 3870 3844 ad

2258 3908 2390 3962 qua)
2423 3890 2688 3944 facienda
2723 3893 2891 3944 erant
2920 3904 3126 3942 omnes
3184 3888 3595 3960 vigilantiores
3643 3883 3867 3939 reddens.

2256 3979 2599 4033 Consentini
2643 3983 2858 4048 itaque,
2893 3978 3276 4032 constantiam
3311 3978 3549 4031 comitis
3574 3970 3871 4045 jampridem

2257 4070 2692 4140 cognoscentes
2725 4070 2781 4120 et
2810 4067 3016 4120 hostes
3047 4081 3080 4118 a
3128 4065 3346 4119 finibus
3381 4065 3512 4119 suis
3543 4079 3645 4133 spe
3679 4055 3872 4115 arcendi

2256 4155 2616 4221 decidentes,
2654 4155 2903 4209 consilio
2935 4155 3086 4208 inter
3127 4169 3194 4208 se
3224 4153 3428 4208 habito
3461 4152 3624 4206 urbis
3676 4146 3876 4204 deditio-

2254 4261 2410 4310 nem,
2433 4245 2484 4299 si
2509 4243 2656 4298 forte
2679 4243 2750 4298 de
2781 4242 3106 4296 offensione
3138 4258 3265 4296 suae
3301 4241 3648 4296 rebellionis
3691 4235 3876 4289 veniam

2251 4348 2283 4386 a
2316 4333 2465 4387 duce
2496 4336 2552 4387 et
2598 4331 2809 4386 comite
2841 4333 3198 4399 mereantur,
3261 4333 3482 4400 aptant.
3542 4327 3734 4382 Primo
3758 4318 3880 4394 quod

2253 4423 2524 4476 comitem
2573 4420 2977 4490 prudentioris
3036 4418 3271 4473 consilii
3311 4419 3510 4473 virum
3540 4415 3798 4480 sciebant,
3837 4411 3878 4462 et

478 4507 889 4573 repraesentat.
923 4504 1200 4574 Captivos
1233 4510 1445 4574 autem,
1467 4523 1618 4577 quos
1652 4510 1916 4578 captione
1939 4515 2140 4566 erutos
2177 4491 2229 4556 ί)
2253 4511 2429 4582 cujus
2461 4511 2824 4589 ordinatione
2847 4508 3041 4562 omnia
3072 4508 3458 4578 regebantur,
3482 4503 3873 4563 conventiones,

483 4605 688 4646 secum
735 4592 1068 4660 reduxerat,
1102 4609 1308 4648 omnes
1341 4611 1677 4651 convocans
1709 4597 1928 4654 liberos
1983 4601 2137 4670 facit,

485 4679 748 4734 offerens
781 4681 888 4748 eis,
942 4681 996 4734 si
1026 4699 1226 4736 secum
1260 4682 1316 4735 in
1349 4683 1546 4738 Sicilia
1607 4701 1908 4742 remanere
1939 4689 2137 4758 velint,

474 4767 676 4822 villam
700 4785 874 4822 unam
896 4769 1026 4824 suis
1047 4770 1380 4840 sumptibus
1405 4772 1532 4826 loco
1554 4789 1668 4844 quo
1693 4775 1983 4845 eligerent
2006 4793 2139 4830 con-

475 4859 709 4912 struere
741 4858 1044 4928 debere,et
1074 4858 1145 4912 de
1181 4861 1308 4913 suis
1340 4863 1676 4931 sumptibus
1711 4866 2136 4920 nccessariaad

474 4945 823 5001 lucrandum
875 4947 1346 5015 subministrare,
1401 4949 1596 5003 villam
1656 4951 1826 5006 etiam
1871 4954 2136 5008 eamdem

472 5032 758 5104 francam,
819 5034 875 5089 id
933 5040 1026 5090 est
1071 5035 1320 5090 liberam
1375 5037 1590 5108 villam,
1643 5055 1712 5094 eo
1771 5042 1928 5112 quod
1977 5043 2134 5098 omni

471 5122 770 5192 vectigali,
805 5125 894 5178 vel
919 5125 1122 5179 servili
1145 5126 1450 5180 exactione
1483 5127 1667 5181 libera
1698 5128 1757 5182 in
1786 5134 2132 5199 perpetuum

472 5206 644 5277 foret,
666 5211 1150 5281 subtitularegsed
1170 5215 1356 5268 etillis
1369 5215 1844 5272 desiderantibus
1860 5221 2129 5289 proprios

471 5309 652 5364 agros
683 5301 1022 5370 amicosque
1073 5304 1288 5374 visere,
1350 5304 1596 5358 liberam
1629 5305 1962 5360 facultatem
2015 5325 2130 5378 quo

469 5381 688 5440 vellent
716 5388 976 5444 abeundi
997 5393 1315 5462 concessit,
1347 5408 1453 5464 per
1482 5397 1660 5450 totam
1701 5399 1917 5450 terram
1963 5412 2130 5452 suam

529 5521 674 5605 (843)
705 5533 771 5601 G,
809 5527 879 5586 P.
917 5524 1110 5587 Galea.

2249 4615 2315 4653 se
2347 4613 2646 4669 suumque,
2669 4597 2980 4652 consilium
3003 4596 3303 4664 supplices
3317 4597 3368 4649 ei
3385 4595 3756 4656 committunt,
3772 4589 3871 4642 sine

2249 4689 2381 4758 ipso
2413 4687 2561 4742 nihil
2591 4687 2826 4741 acturia
2856 4701 2973 4756 quo
3003 4685 3290 4752 sciebant,
3332 4689 3644 4754 postquam
3671 4675 3871 4750 promit-

2249 4777 2414 4846 teret,
2452 4777 2582 4830 sine
2633 4775 2836 4830 fraude
2895 4774 2988 4829 vel
3020 4774 3116 4828 sui
3172 4774 3549 4840 detrimento,
3597 4771 3691 4824 ubi
3739 4761 3871 4818 vitari

2248 4867 2472 4936 posset,
2493 4865 2606 4918 sibi
2623 4865 2935 4918 consilium
2953 4862 3098 4916 dari.
3132 4861 3232 4916 llle
3261 4877 3406 4916 vero
3425 4875 3626 4916 eorum
3646 4853 3871 4919 verba,u|:

2249 4953 2631 5023 semperpius
2647 4956 2701 5007 et
2714 4952 2878 5022 pacis
2899 4954 3122 5005 amator
3142 4950 3589 5020 suscipiens,ita
3601 4944 3872 5017 prudenter

2249 5059 2371 5096 rem
2405 5042 2714 5110 ordinavit,
2748 5045 2806 5094 ut
2828 5044 2883 5094 et
2912 5039 3032 5094 dux
3063 5054 3169 5109 pro
3201 5039 3364 5092 libitu
3388 5053 3502 5092 suo
3521 5035 3661 5090 urbe
3688 5031 3867 5102 potire-

2249 5137 2362 5194 tur,
2423 5135 2478 5185 et
2533 5129 2877 5184 Consentini
2915 5127 3085 5182 ducis
3133 5129 3321 5198 gratia
3383 5119 3734 5180 reconciliari
3777 5129 3864 5170 non

2247 5219 2677 5274 fraudarentur.
2737 5218 2886 5284 Dux,
2935 5215 3210 5270 avunculi
3255 5215 3354 5269 sui
3392 5212 3722 5267 strenuitate
3749 5202 3863 5258 urbe

2243 5309 2483 5379 potitus,
2517 5311 2825 5377 antequam
2856 5306 3147 5376 expeditio
3179 5304 3465 5370 solvatur,
3500 5305 3618 5355 arte
3647 5305 3860 5352 caemen-

2240 5399 2386 5455 taria
2417 5399 2676 5450 castrum
2707 5395 2778 5450 ad
2809 5395 3035 5464 urbem,
3069 5409 3102 5447 a
3130 5392 3229 5448 tali
3262 5389 3707 5462 praesumptione
3733 5379 3854 5436 ulte-

3993 3251 3995 3400 l
