4074 6150
176 277 325 341 1197
1244 265 1622 334 HISTORIA
1683 265 2008 329 SICULA.
2062 301 2138 314 —
2197 267 2351 331 LIB.
2411 271 2518 333 IV.
3444 278 3602 343 1198

169 476 285 530 rius
335 471 782 544 prohibendam,
844 471 903 524 in
960 468 1153 524 altiori
1203 469 1371 522 urbis
1423 467 1572 539 jugo
1614 466 1822 520 firmat.
1857 452 2274 520 Aremoratus
2333 482 2464 520 cum
2516 468 2638 522 sola
2686 469 2901 525 familia
2945 489 3053 528 sua
3103 476 3232 531 illos
3282 478 3602 536 obsessum

169 563 367 617 Comiti
428 567 620 616 autem
680 576 784 629 pro
846 558 1393 628 recompensatione
1454 555 1679 610 servitii
1711 554 1825 608 sibi

170 652 405 706 exhibiti
440 649 806 704 medietatem
835 647 1268 702 Pausemitanm
1291 644 1440 715 (314)
1469 645 1635 699 urbis
1666 643 1826 696 assi-

165 742 317 811 gnat,
376 740 582 808 sicque
632 736 1002 806 expeditione
1035 751 1239 790 mense
1271 735 1427 788 Julio
1462 734 1674 801 soluta,
1709 732 1828 785 dux

167 828 219 882 in
252 827 542 897 Apuliam,
585 841 786 880 comes
826 841 967 878 vero
998 825 1055 878 in
1088 823 1344 878 Siciliam
1392 822 1822 894 digrediuntur.

167 917 376 970 Comes
407 918 598 970 autem
627 915 686 967 in
716 930 825 967 sua
851 919 1014 983 parte
1047 916 1308 966 castrum
1341 911 1550 978 firmat,
1593 909 1826 962 urbem-

166 1020 294 1075 que,
331 1020 464 1057 cum
491 1003 614 1075 jam
647 1002 974 1056 communis
1023 1003 1204 1069 esset,
1241 1001 1316 1054 ita
1347 999 1576 1054 ordinat
1606 1000 1666 1052 ut
1693 997 1826 1067 plus

166 1108 233 1146 ex
284 1093 594 1146 medietate
654 1091 1026 1160 postmodum
1075 1090 1210 1143 (luci
1259 1088 1610 1158 perveniret,
1653 1101 1828 1156 quam

164 1182 372 1252 primo,
409 1197 540 1235 cum
572 1181 700 1234 sine
723 1178 1139 1249 comparticipe
1168 1177 1348 1232 totius
1367 1177 1534 1231 urbis
1564 1174 1829 1228 redditus

163 1270 516 1338 possideret.

727 1355 978 1410 CAPUT
1055 1353 1260 1408 XVIII.

744 1444 1043 1499 Jordanus
1085 1442 1253 1498 obiit.

229 1535 342 1588 His
393 1535 588 1604 itaque
619 1531 899 1604 peractis,
936 1531 1071 1602 quia
1101 1547 1204 1600 per
1235 1528 1647 1584 succesionem
1693 1531 1834 1583 tem-

162 1638 372 1693 porum
433 1638 497 1675 ea
548 1638 681 1692 quae
743 1623 910 1691 gesta
965 1622 1103 1673 sunt
1151 1618 1243 1673 vel
1276 1618 1636 1686 acciderunt,
1662 1621 1834 1686 prout

163 1710 422 1779 fuerunt,
448 1725 556 1764 nos
591 1710 923 1780 scriptun-os
943 1708 1412 1778 repromisimus,
1439 1705 1582 1760 ordo
1614 1708 1834 1774 tempo-

1941 554 2131 622 vadit;
2165 555 2594 623 expeditionem
2625 557 2698 611 ab
2731 561 2887 613 omni
2908 561 3104 616 Sicilia
3125 582 3190 620 se
3221 567 3357 622 illuc
3389 571 3602 625 subse-

1939 642 2037 712 qui
2088 643 2403 712 imperans.
2447 643 2662 717 Sicque
2722 649 2778 700 vi
2825 666 3137 722 superans,
3173 655 3306 710 illos
3338 658 3438 728 qui
3487 661 3603 714 tam

1941 730 2121 800 inepti
2153 731 2382 785 consilii
2404 738 2677 789 auctores
2699 735 2928 792 fuerant
2948 756 3279 809 suspensos
3301 747 3600 816 exstinxit,

1943 819 2205 889 reliquos
2235 822 2543 875 tormentis
2594 823 2849 880 diversis
2884 828 3172 900 afficiens,
3208 834 3371 887 urbis
3408 835 3607 888 stulti-

1945 908 2081 960 tiam
2114 909 2279 962 sedat
2306 908 2359 978 (3
2371 910 2473 979 47).

2549 1001 2798 1056 CAPUT
2847 1005 3001 1060 XIX.

2514 1088 2716 1146 Simon
2755 1094 3039 1150 nascitur.

1948 1194 2119 1248 Patre
2152 1195 2317 1264 orbo,
2350 1197 2519 1266 gravi
2557 1199 2760 1253 morbo
2794 1199 2881 1253 sic
2912 1200 3143 1256 sublato
3184 1203 3322 1272 ﬁlio,

1952 1284 2118 1337 Unde
2149 1281 2297 1353 (348)
2328 1285 2570 1354 doleret,
2605 1289 2760 1356 quod
2792 1295 3018 1344 careret
3057 1291 3381 1347 haereditali
3413 1294 3608 1350 audio.

1950 1372 2101 1426 Ditat
2129 1371 2312 1442 prole,
2339 1374 2509 1442 quasi
2539 1375 2682 1430 flore
2715 1393 2970 1446 superna
3002 1381 3287 1449 provisio.

1950 1461 2380 1532 Impraegnatur
2409 1477 2477 1515 ac
2508 1469 2826 1537 gravatur;
2860 1470 3063 1523 matris
3107 1470 3376 1542 gaudens
3406 1475 3612 1527 uterus

1950 1549 2310 1604 Intumescit.
2342 1549 2543 1607 Infans
2577 1556 2795 1609 crescit
2835 1560 3060 1612 naturae
3092 1561 3502 1616 successibus.

1947 1639 2086 1692 Orat
2115 1644 2302 1709 pater,
2336 1641 2443 1694 sed
2474 1644 2530 1695 et
2551 1649 2737 1698 mater
2768 1646 2971 1716 Deum,
2999 1651 3060 1701 ut
3082 1647 3160 1701 sit
3181 1649 3503 1703 masculus.

1948 1726 2152 1796 Implet
2203 1731 2336 1782 vota
2379 1729 2564 1784 forma
2595 1735 2712 1786 tota
2744 1734 2880 1788 dum
2904 1750 3108 1789 semen
3140 1736 3285 1806 (349)
3317 1740 3610 1808 coagulat.

161 1800 241 1853 ris
267 1799 619 1852 damnosum
643 1797 911 1852 dolorem
941 1796 1157 1850 Siciliae
1177 1798 1232 1850 et
1253 1795 1538 1850 Calabriae
1560 1810 1671 1848 nos
1694 1793 1833 1864 quin
1871 1825 1914 1883 Β
1951 1793 2077 1870 Fuit
2106 1820 2312 1871 natura
2336 1818 2458 1888 jam
2491 1836 2703 1875 secura
2732 1823 2884 1876 infra
2915 1825 3123 1877 matris
3147 1793 3400 1880 ‘visc'era.

165 1888 302 1942 huic
361 1887 512 1941 libro
567 1890 902 1940 inseramus
937 1883 1321 1956 praetergredi
1352 1886 1526 1951 vetat,
1563 1881 1834 1952 quamvis

163 1976 440 2045 pluribus
497 1976 555 2029 in
588 1975 904 2044 praesentia
933 1975 1027 2027 sui
1059 1973 1168 2026 hoc
1201 1973 1352 2026 idem
1385 1972 1455 2024 ad
1488 1969 1833 2025 memoriam

161 2081 450 2120 revocare
481 2079 819 2134 onerosum,
854 2062 1025 2133 quasi
1056 2062 1317 2116 dolorem
1357 2059 1713 2126 renovando,
1749 2057 1835 2109 vi-

162 2154 393 2207 deatur.
442 2153 592 2206 Nam
622 2155 759 2206 sunt
797 2151 1062 2206 nonnulli
1111 2151 1231 2221 qui,
1266 2165 1387 2219 prae
1418 2147 1593 2200 nimio
1621 2145 1835 2199 affectu

160 2259 339 2313 quem
384 2257 528 2312 erga
584 2242 776 2311 ipsum
835 2241 905 2294 de
954 2255 1068 2309 quo
1116 2253 1311 2292 sermo
1368 2237 1430 2290 fit
1477 2235 1828 2303 habuerunt,

161 2332 210 2384 si
252 2331 317 2384 in
374 2346 576 2385 eorum
626 2329 940 2398 praesentia
971 2327 1128 2398 quod
1178 2326 1388 2380 accidit
1445 2325 1741 2392 recitatur,
1799 2338 1832 2375 a

161 2419 443 2489 lacrymis
475 2417 710 2472 minime
734 2433 800 2472 se
831 2414 1420 2487 possuntcontinere,
1445 2428 1512 2466 ac
1536 2412 1586 2466 si
1621 2425 1832 2464 recens

161 2509 237 2561 sit
294 2507 452 2577 quod
507 2508 796 2560 narratur.
844 2505 1142 2558 Jordanus
1174 2505 1329 2557 enim
1361 2501 1517 2555 titius
1576 2499 1830 2568 comitis,

159 2600 405 2665 propter
434 2595 840 2649 strenuitatem
872 2609 1040 2647 suam
1059 2591 1332 2646 omnibus
1348 2589 1637 2658 amabilis,
1660 2603 1834 2659 quem

159 2685 396 2754 plures,
457 2685 597 2753 quia
647 2682 769 2753 jam
823 2681 1203 2751 Gaufredum,
1237 2680 1393 2751 quod
1423 2677 1684 2732 dolorem
1715 2692 1833 2731 non

162 2773 395 2842 minuit,
449 2771 691 2825 morbus
748 2769 1156 2839 elephantinus
1197 2770 1559 2840 pervaserat,
1600 2764 1830 2819 comitis

157 2860 462 2915 haeredem
495 2860 752 2913 futurum
783 2858 1261 2928 suspicabantur,
1286 2873 1420 2910 nam
1443 2870 1633 2926 neque
1655 2853 1834 2906 alium

157 2948 496 3003 masculum
545 2947 816 3015 habebat,
841 2946 994 3016 apud
1021 2945 1380 3015 Syracusam
1411 2944 1505 2998 sui
1539 2942 1695 3013 juris
1729 2957 1834 2994 ur-

151 3037 296 3092 bem
348 3035 533 3091 febris
585 3039 721 3105 typo
770 3049 1096 3103 percussus
1157 3037 1266 3087 est.
1326 3031 1490 3096 Quod
1524 3048 1654 3085 cum
1686 3030 1834 3100 patri

151 3126 485 3182 nuntiatum
517 3124 731 3178 fuisset
753 3123 1024 3177 illorsum
1047 3122 1378 3192 praevenire
1398 3123 1641 3174 mortem
1665 3133 1835 3172 acce-

155 3216 336 3281 lerat,
369 3214 497 3282 sed,
532 3211 736 3266 morbo
771 3212 1250 3282 ingravescente,
1273 3207 1834 3264 ultimadetermina-

157 3306 242 3358 tio
305 3302 438 3356 vitae
469 3301 712 3356 Jordani
742 3306 905 3370 patre
944 3300 1208 3353 velocior
1235 3298 1362 3352 fuit.
1397 3296 1610 3352 Comes
1642 3299 1836 3350 autem

157 3392 376 3445 urbem
407 3391 748 3459 ingressus,
785 3391 847 3442 ut
878 3388 1056 3442 funus
1079 3387 1185 3440 filii
1209 3386 1535 3456 conspexit,
1554 3385 1835 3439 intolera-

155 3480 266 3534 bili
328 3477 528 3533 dolore
589 3478 928 3547 corripitur,
992 3491 1316 3546 omnesque
1365 3476 1465 3546 qui
1517 3490 1650 3528 cum
1706 3473 1836 3544 ipso

157 3569 549 3634 advenerant,
601 3565 823 3620 doloris
880 3564 1198 3634 participes
1256 3562 1416 3632 facti,
1501 3563 1833 3633 lacrymoso

159 3657 408 3726 planctu
465 3655 796 3724 rapiuntur,
864 3652 1186 3722 pluresque
1244 3652 1433 3720 patris
1465 3651 1635 3706 dolor
1663 3667 1836 3721 quam

157 3743 414 3800 Jordani
457 3759 618 3798 mors
650 3742 722 3795 ad
768 3741 1060 3811 lacrymas
1089 3738 1485 3810 pertrahebat.
1531 3739 1688 3792 Urbs
1722 3742 1838 3792 tota

155 3834 500 3902 lacrymoso
561 3830 782 3884 ululatu
837 3829 1168 3898 ventilatur,
1217 3830 1276 3882 in
1307 3831 1526 3881 tantum
1579 3830 1639 3880 ut
1669 3827 1837 3896 ipsos

153 3922 548 3983 Sarracenos,
585 3922 786 3972 nostro
819 3918 1023 3989 generi
1055 3917 1306 3984 invisos,
1350 3931 1467 3970 non
1498 3915 1732 3985 quidem
1764 3930 1838 3968 ex

155 4025 388 4077 amore,
421 4009 528 4062 sed
559 4023 632 4061 ex
661 4022 914 4061 maerore
957 4022 1073 4077 quo
1104 4010 1345 4060 nostros
1375 4004 1532 4058 affici
1563 4003 1836 4070 videbant

153 4096 402 4167 pietatis
422 4094 669 4150 affectus
697 4094 1034 4165 pervadens
1069 4093 1140 4147 ad
1175 4093 1464 4164 lacrymas
1497 4107 1685 4162 usque
1709 4107 1838 4160 per-

156 4185 452 4241 traheret.
505 4183 719 4238 Comes
778 4183 974 4253 itaque
1014 4181 1192 4237 funus
1224 4183 1500 4236 decenter
1529 4181 1833 4249 ordinans,

155 4273 443 4328 Trainam
499 4288 609 4342 per
662 4273 840 4326 totam
881 4271 1027 4340 (345)
1087 4271 1146 4325 S.
1212 4269 1437 4325 Nicolai
1496 4269 1840 4324 solemniter

157 4360 531 4417 humandum
554 4360 810 4428 deducit,
829 4359 1010 4414 multa
1029 4358 1318 4414 beneficia
1341 4357 1528 4412 eidem
1553 4357 1836 4412 Ecclesiae

165 4451 279 4505 sed
310 4454 368 4504 et
397 4449 531 4502 aliis
555 4464 658 4519 pro
681 4448 1086 4519 redemptione
1111 4447 1318 4502 animae
1341 4446 1474 4518 ejus
1497 4446 1835 4515 conferens,

165 4554 326 4592 anno
344 4536 668 4592 Dominicae
682 4537 1110 4591 Incarnationis
1129 4535 1442 4592 millesimo
1454 4533 1839 4606 nonagesimo

170 4625 466 4682 secundo.
529 4626 714 4681 Porro
774 4626 937 4679 cives
969 4625 1135 4679 urbis
1167 4625 1478 4696 Peutargae
1507 4624 1676 4694 (346),
1707 4639 1840 4694 quae

163 4715 330 4787 juris
389 4713 631 4769 Jordani
681 4715 966 4769 hactenus
1025 4713 1233 4783 fuerat,
1291 4717 1539 4768 mortem
1571 4713 1838 4782 Jordani,

177 4819 359 4876 quem
385 4802 699 4872 plurimum
730 4801 1243 4872 pertimescebant,
1292 4803 1618 4871 audientes,
1663 4817 1838 4856 casso

167 4891 392 4964 gaudio
425 4891 752 4960 rapiuntur,
783 4894 956 4962 atque
982 4891 1042 4944 in
1071 4891 1440 4944 insolentiam
1456 4905 1840 4960 prorumpen-

152 4997 247 5048 es,
280 4979 501 5050 jugum
526 4969 748 5034 nostris
781 4979 976 5050 gentis
1011 4978 1353 5033 rebellando
1375 4996 1407 5033 a
1448 4995 1514 5034 se
1547 4981 1826 5033 excutere

167 5068 406 5124 frustra
455 5068 736 5124 nituntur.
784 5067 932 5121 Nam
971 5078 1197 5122 ‘comes
1257 5067 1376 5122 ﬁlio
1448 5067 1685 5121 humato
1760 5065 1838 5120 nil

239 5226 396 5298 (344)
425 5226 488 5283 C.
523 5227 588 5298 P.
622 5227 1084 5282 Panormitana’.

241 5299 394 5372 (345)
426 5298 489 5372 (Ξ.
523 5297 587 5353 P.
632 5298 868 5354 Trainw
881 5313 994 5370 per
1017 5298 1326 5372 porticum.

241 5368 398 5441 (346)
429 5368 778 5441 Ρεηιπσωο

243 5439 394 5510 (34Ἷ)
427 5439 698 5510 sedavit.

263 5511 393 5580 348)
427 5509 543 5566 Ne.

268 5580 397 5649 349)
430 5581 652 5637 Semet.

245 5653 399 5726 (35οὶ
429 5652 528 5710 Ad
556 5651 744 5711 maris
765 5651 1010 5710 indicia.

1951 1904 2160 1959 Nonus
2193 1907 2418 1961 mensis
2445 1925 2552 1979 spe
2584 1914 2923 1980 suspensis.
2949 1912 3046 1967 Sic
3078 1917 3281 1982 partus
3304 1915 3614 1971 accelerat.

1953 1993 2154 2048 Infans
2185 1996 2398 2064 prodit.
2433 1997 2646 2053 Nullus
2679 2000 2816 2054 odit.
2845 1999 2934 2054 Fit
2965 2004 3194 2056 cunctis
3251 2003 3470 2059 laatitia.

1951 2080 2320 2139 Obstetrices
2351 2089 2490 2140 sunt
2520 2086 2726 2141 felices
2756 2105 2787 2141 a
2834 2091 3041 2143 matris
3073 2090 3222 2159 (350)
3251 2090 3470 2147 laetitia.

1952 2170 2267 2226 Nuntiatus
2297 2189 2444 2242 puer
2473 2179 2645 2229 natus
2677 2191 2827 2231 nova
2857 2182 3098 2246 praestat
3131 2180 3364 2250 gaudia.

1951 2259 2136 2313 Mater
2165 2260 2324 2314 audit
2352 2262 2504 2316 unde
2522 2263 2762 2332 plaudit,
2797 2265 2859 2318 ﬁt
2888 2265 3110 2319 doloris
3149 2268 3374 2322 nescia.

1950 2347 2286 2402 Festinatur
2307 2365 2319 2418 ;
2343 2351 2642 2405 nuntiatur
2673 2352 2799 2406 haec
2830 2353 2980 2424 patri
3012 2353 3230 2408 latitia.

1949 2435 2060 2501 Qui
2117 2438 2520 2509 congaudens,
2574 2443 2746 2511 atque
2804 2441 3091 2511 plaudens
3150 2444 3323 2498 thura
3370 2459 3613 2514 precum

3285 2531 3544 2604 [caelitus

1953 2615 2213 2686 Supplex
2239 2615 2380 2686 litat,
2402 2620 2574 2688 atque
2606 2618 2748 2674 ditat
2775 2619 3034 2692 legatum
3069 2622 3435 2679 muneribus.

1956 2705 2135 2758 Plura
2182 2705 2373 2775 jubet,
2407 2713 2579 2776 prout
2605 2709 2785 2778 Iubet,
2820 2709 3023 2781 largiri
3054 2712 3435 2781 pauperibus.

1955 2794 2134 2848 Dolor
2162 2795 2367 2849 mortis
2396 2797 2596 2866 gravis
2620 2798 2801 2852 sortis
2825 2798 2949 2869 jam
2980 2799 3194 2854 sublati
3231 2800 3333 2853 filii

1951 2883 2040 2936 Fit
2087 2883 2301 2937 lucitus
2351 2884 2515 2954 (351),
2580 2889 2634 2940 et
2682 2886 2900 2940 oblitus
2957 2905 3064 2957 spe
3121 2888 3422 2942 nascentis
3471 2905 3614 2960 gau-

3156 2976 3338 3048 [dium
3367 2974 3536 3046 (352).

1948 3059 2148 3114 Simon
2182 3060 2361 3131 fonte,
2389 3061 2583 3132 pictus
2616 3062 2804 3117 fronte
2836 3063 3172 3119 inunctione
3203 3065 3541 3120 chrismatis

1951 3149 2318 3219 Haeredatur,
2373 3150 2660 3208 solidatur
2689 3151 2807 3204 dux
2837 3152 3070 3208 futurus
3101 3153 3359 3209 Siculus.

1949 3238 2344 3294 Calabrenses
2377 3257 2522 3296 suos
2547 3257 2724 3295 enses
2747 3242 2863 3297 sibi
2885 3246 3082 3312 optant
3109 3244 3306 3314 adjici.

1954 3328 2123 3382 Pater
2143 3332 2326 3383 totum
2359 3329 2560 3400 implet
2590 3333 2807 3399 votum,
2833 3331 2954 3386 dux
2983 3335 3282 3388 concessit
3299 3333 3446 3406 (353)
3460 3333 3609 3390 fieri.

2562 3436 2813 3491 CAPUT
2869 3439 2996 3493 ΧΧ.

2346 3544 2479 3598 Dux
2531 3544 2827 3616 Rogerius
2865 3545 3221 3603 inﬁrmatur.

2025 3650 2210 3704 Porro
2267 3650 2385 3703 dux
2449 3651 2745 3722 Rogerins
2775 3667 3018 3707 uxorem
3049 3653 3275 3708 habens
3305 3655 3613 3724 praeclarae

1951 3737 2290 3806 nobilitatis,
2352 3741 2585 3808 neptem
2661 3739 2930 3794 videlicet
3003 3739 3364 3797 Francorum
3448 3745 3614 3816 regis

1948 3825 2224 3895 Philippi,
2259 3826 2435 3878 tiliam
2466 3825 2919 3882 Flandrensium
2951 3831 3313 3885 marchionis
3345 3832 3610 3900 Roberti,

1949 3929 2121 3985 quem
2157 3913 2412 3968 Frisium
2435 3915 2821 3983 appellabant,
2858 3916 3096 3970 Adalam
3121 3920 3481 3989 nomine,"de
3501 3937 3615 3992 qua

1951 4003 2194 4058 duarum
2246 4002 2516 4056 sobolum
2575 4006 2739 4072 pater
2794 4004 3104 4072 existebat,
3167 4009 3320 4076 apud
3377 4008 3612 4062 Melfam

1952 4091 2180 4160 Apuliae
2212 4091 2418 4144 urbem
2443 4090 2606 4144 febre
2639 4095 2946 4160 correptus
2983 4093 3201 4146 acriter
3228 4095 3615 4163 torquebatur

1952 4195 2105 4233 anno
2138 4179 2316 4233 Verbi
2349 4179 2631 4233 incarnati
2661 4179 2973 4233 millesimo
3002 4181 3386 4251 nonagesimo
3417 4182 3608 4236 tertio.

1952 4267 2156 4322 Morbo
2243 4268 2436 4338 itaque
2510 4268 2982 4338 ingravescente,
3039 4267 3161 4339 jam
3217 4284 3367 4339 pene
3425 4269 3613 4323 vitali-

1949 4357 2065 4411 bus
2124 4357 2274 4426 (354)
2332 4355 2692 4424 interclusis,
2746 4355 2876 4410 eum
2908 4356 3023 4427 ipsi
3071 4358 3130 4411 in
3169 4357 3434 4427 partibus
3465 4358 3613 4426 (355)

1952 4445 2302 4516 peritissimi
2360 4445 2448 4500 sic
2506 4445 2717 4500 medici
2779 4448 3145 4515 attestantur,
3204 4444 3353 4517 (356)
3409 4449 3615 4501 natura

1953 4538 2156 4590 contra
2183 4551 2357 4589 usum
2375 4535 2616 4589 attonita
2634 4535 2965 4605 oberrabat,
3001 4541 3062 4590 ut
3087 4537 3159 4590 ab
3186 4537 3336 4606 ipsis
3367 4535 3615 4589 medicis

1952 4641 2061 4678 nec
2075 4623 2271 4693 pulsu,
2297 4640 2404 4678 nec
2418 4624 2732 4693 urina,sed
2763 4641 2954 4695 neque
2980 4626 3113 4680 aliis
3143 4626 3614 4694 pronosticorum

1953 4712 2186 4766 indiciis
2241 4713 2550 4767 infirmitas
2609 4713 2990 4768 determinate
3022 4714 3169 4783 (357)
3201 4714 3406 4783 posset
3451 4727 3616 4766 com-

1956 4801 2264 4871 prehendi.
2325 4799 2448 4866 Qua
2506 4801 2578 4854 de
2632 4816 2694 4855 re
2740 4818 2869 4855 cum
2903 4802 2974 4856 de
3005 4802 3135 4870 ipso
3168 4803 3339 4855 etiam
3369 4801 3440 4854 ab
3464 4801 3614 4869 ipsis

1955 4889 2204 4943 medicis
2236 4889 2541 4959 desperari
2570 4890 2889 4959 videretur,
2912 4891 3082 4958 fama,
3107 4887 3408 4960 quasijam
3435 4889 3617 4942 obiis-

1957 4981 2067 5048 set,
2120 4981 2297 5033 totam
2327 4978 2617 5048 Apuliam,
2643 4979 2750 5032 sed
2780 4982 2836 5031 et
2865 4977 3191 5031 Calabriam
3223 4977 3498 5031 turbavit.
3532 4976 3616 5031 Ea

1955 5071 2301 5138 tempestate
2333 5067 2711 5122 Boamundus
2729 5066 2879 5136 apud
2912 5065 3238 5119 Calabriam
3255 5065 3612 5135 morabatur,

2037 5229 2162 5300 351)
2192 5228 2458 5285 Lenitas.

2039 5299 2166 5370 352)
2203 5300 2287 5354 Ga
2298 5300 2442 5354 udii.

2019 5367 2169 5440 (353)
2200 5370 2348 5424 Dum
2383 5367 2672 5425 concedit.

2020 5441 2169 5512 (354)
2200 5441 2266 5512 In
2300 5441 2539 5496 talibus.

2043 5512 2171 5581 355)
2205 5511 2344 5567 Cum
2366 5513 2516 5584 ipsis
2545 5513 2608 5567 in
2632 5512 2930 5583 partibus.

2047 5582 2176 5653 356)
2203 5582 2325 5653 Sic.

2252 5599 2325 5638 Ic.

2026 5652 2173 5728 (351)
2206 5652 2589 5711 Inﬁrmitatis
2622 5655 3059 5712 determinatio.

3993 2235 4001 2277 ἦ

3995 2409 4001 2606 ἢ

3995 2641 4001 2676 ⁴

3997 2953 4001 3119 4
