4090 6162
489 370 641 436 1199

1226 377 1657 440 GAUFREDI
1705 379 2258 445 MALATERR/E
2305 384 2692 450 MONACHI
2742 389 3183 456 BENEDICT.

3728 401 3856 465 1200

480 583 576 653 qui
610 597 741 635 cum
774 581 1015 634 fratrem
1045 579 1199 632 fama
1238 579 1527 634 referente
1573 579 1695 650 jam
1743 582 1967 637 obiisse
2032 600 2141 638 au-
2164 560 2221 633 Ᾱί
2253 586 2652 642 ulciscendam
2714 591 3186 661 submoveretur,
3229 596 3485 650 exercitu
3540 598 3769 667 admoto,
3808 603 3867 657 ab

477 670 685 736 disset,
747 668 1021 721 credulus
1078 669 1268 719 castra
1314 683 1444 736 quae
1471 667 1627 737 juris
1659 668 1859 721 fratris
1911 670 2139 725 fuerant

474 758 811 826 irrumpens
826 756 1211 808 sacramentis
1237 756 1351 807 sibi
1372 756 1777 809 confoederare
1800 760 2134 828 persuadet,

474 846 550 899 ita
607 850 797 899 tamen
856 844 1205 896 discernens
1265 846 1344 909 ut,
1383 844 1435 895 si
1466 842 1665 911 frater,
1701 846 1855 914 quod
1882 862 1947 899 se
1981 849 2135 901 nolle

470 931 1349 1003 protestabatur,jamobiisset,
1368 932 1529 984 salva
1552 932 1824 985 fidelitate
1857 934 2132 1003 legalium

469 1021 778 1075 haeredum
837 1035 1099 1085 suorum,
1183 1019 1454 1072 videlicet
1495 1019 1715 1090 fratris,
1774 1022 1889 1074 sibi
1963 1025 2133 1093 quasi

479 1109 636 1163 fideli
656 1107 1310 1176 eorumdemhazredum
1334 1112 1562 1176 patruo,
1595 1124 1785 1178 usque
1814 1110 1885 1163 ad
1919 1110 2131 1164 intelli-

477 1199 716 1272 gibilem
768 1200 1015 1263 aetatem,
1067 1211 1179 1265 qua
1222 1194 1335 1264 ipsi
1373 1195 1631 1265 legitime
1657 1200 1873 1251 terram
1923 1215 2131 1271 regere

474 1286 923 1358 cognoscerent,
986 1283 1191 1337 ﬁdeles
1238 1284 1647 1352 persisterent.
1696 1284 1907 1339 Comes
1938 1292 2129 1342 autem

408 1402 425 1417 ο
476 1375 793 1447 Hogerius,
838 1387 968 1427 eum
1020 1372 1153 1424 talia
1185 1372 1378 1425 facere
1426 1372 1695 1440 audiens,
1730 1374 2129 1445 indignatione

469 1466 796 1518 commotus
827 1460 981 1531 quod
1010 1461 1145 1513 talia
1199 1476 1264 1514 se
1291 1460 1624 1514 inconsulto
1654 1466 2125 1533 praesumpserit,

464 1552 688 1607 veritus
728 1551 919 1618 etiam,
983 1550 1253 1620 quamvis
1301 1549 1448 1602 hanc
1499 1550 1833 1604 ﬁdelitatem
1883 1552 2127 1607 honeste

464 1641 814 1694 discernens
846 1639 1199 1707 susciperet,
1233 1638 1408 1707 pictis
1440 1638 1642 1691 verbis
1674 1638 1939 1694 fraudem
1979 1638 2127 1709 (358)

461 1729 767 1784 occultans
824 1729 883 1780 in
926 1731 1251 1795 posterum,
1286 1728 1488 1779 contra
1534 1729 1779 1795 nepotes
1810 1727 2124 1782 ambitione

458 1820 665 1887 captus
694 1816 915 1885 aliquid
948 1815 1176 1868 fraudis
1200 1814 1661 1885 machinaretur,
1689 1831 1722 1868 a
1740 1816 1869 1870 suis
1893 1817 2127 1888 insequi

454 1906 810 1975 praecipiens
840 1920 872 1956 a
904 1906 1019 1956 tota
1051 1904 1318 1956 Calabria
1351 1906 1534 1957 arcet.

1055 2007 1305 2060 CAPUT
1357 2009 1509 2061 XXI.

562 2097 912 2153 Guilielmus
949 2096 1023 2150 de
1066 2095 1401 2149 Grantavul
1436 2096 1761 2151 Rossanam
1802 2098 2009 2151 intrat.

521 2187 732 2241 Plures
766 2186 937 2240 etiam
956 2183 1151 2237 audita
1201 2184 1353 2237 fama
1400 2185 1607 2238 mortis
1664 2185 1833 2239 ducis
1862 2186 1920 2238 in
1950 2186 2115 2240 inso-

445 2277 683 2331 lentiam
703 2276 1175 2344 prorumpentes,
1203 2272 1273 2325 de
1306 2272 1379 2325 iis
1398 2288 1530 2342 quas
1553 2273 1687 2326 duci
1707 2276 2115 2343 competebant

442 2362 842 2431 distrahendo,
878 2361 992 2414 sibi
1027 2350 1313 2429 usurpare
1371 2361 1777 2415 moliebantur.
1830 2362 1996 2417 Unde
2056 2367 2113 2417 et

440 2452 785 2507 Guilielmus
818 2452 888 2505 de
910 2450 1341 2504 Grantemaniol
1362 2450 1531 2518 (359),
1583 2466 1811 2504 summa
1834 2453 2108 2522 cupidine

439 2544 771 2610 correptus,
805 2540 861 2592 in
895 2539 1266 2592 insolentiam
1298 2538 1582 2607 proclivis
1602 2539 1927 2607 declinans,
1956 2542 2107 2594 Ros-

438 2644 643 2682 sanam
701 2628 991 2681 Calabriae
1046 2627 1253 2680 urbem
1301 2627 1636 2695 pervadens
1667 2628 1863 2695 intrat,
1896 2628 2101 2683 dicens

437 2716 712 2787 sibijure
763 2720 1093 2784 competere
1147 2718 1226 2782 ut,
1270 2715 1367 2784 qui
1398 2729 1667 2768 sororem
1697 2716 1886 2781 ducis,
1922 2717 2098 2771 tiliam

435 2805 764 2873 Guiscardi,
840 2804 1133 2857 Mabiliam
1201 2803 1455 2871 nomine,
1526 2818 1769 2856 uxorem
1822 2804 2093 2876 habebat,

434 2894 912 2963 haereditatisque
944 2892 1240 2961 particeps
1265 2891 1447 2945 fieret.
1481 2890 1577 2944 Sic
1609 2908 1740 2961 quae
1767 2892 1936 2946 ducis
1968 2895 2090 2948 fue-

429 2987 579 3050 rant,
641 2984 880 3052 propter
940 2980 1397 3034 imbecillitatem
1472 2979 1772 3033 haeredum
1840 2982 2093 3052 quisque

428 3074 661 3142 quantte
693 3071 827 3125 ﬁdei
860 3084 999 3141 erga
1037 3071 1202 3138 ipsos
1234 3068 1505 3122 haarcdcs
1539 3069 1723 3139 fieret,
1759 3073 2085 3141 ostentans,

426 3161 539 3214 sibi
570 3159 950 3214 distrahendo
1000 3158 1340 3227 usurpabat.
1377 3157 1491 3211 Sed
1537 3160 1763 3224 natura,
1794 3174 1925 3228 quae
1961 3159 2084 3229 jam

423 3248 523 3302 diu
546 3248 856 3319 peregrina
877 3248 1085 3301 oberra
1097 3250 1277 3313 verat,
1310 3246 1367 3298 in
1388 3245 1652 3315 suijuris
1667 3249 2083 3316 proprietatem

422 3352 683 3405 reversa,
721 3340 920 3390 contra
941 3351 1105 3405 spem
1130 3334 1491 3388 medicorum
1524 3336 1834 3388 eonvalere
1857 3335 2078 3406 incipit.

419 3424 635 3495 Sicque
682 3425 926 3478 sanitate
986 3424 1182 3476 diatim
1217 3425 1621 3490 excrescente,
1672 3422 1742 3475 ad
1784 3422 2079 3494 integrum

414 3514 685 3581 pristinae
717 3513 1024 3565 restitutus
1057 3514 1149 3564 est
1209 3510 1461 3563 sanitati.
1493 3510 1656 3573 Quod
1698 3511 2076 3567 Boamundus

414 3601 663 3654 audiens
703 3616 915 3670 magna
946 3598 1159 3652 mentis
1190 3598 1490 3651 alacritate
1508 3597 1684 3664 Metti,
1706 3599 1802 3651 ubi
1834 3599 2073 3655 fratrem

411 3703 551 3743 esse
583 3688 830 3755 sciebat,
851 3688 920 3741 dc
942 3686 1076 3756 ejus
1100 3685 1369 3740 sanitatis
1388 3687 1831 3755 recuperatione
1852 3703 2069 3761 conga-

408 3777 652 3831 visurus
698 3778 977 3844 occurrit,
1032 3778 1225 3829 castra
1247 3791 1378 3843 quae
1411 3773 1527 3827 sibi
1559 3774 2068 3834 confmderaverat

406 3865 699 3934 reddens;
761 3882 892 3935 qu»:
940 3864 1179 3931 fecerat,
1234 3879 1349 3916 non
1400 3862 1526 3932 jam
1570 3862 1773 3918 dolose
1846 3863 2065 3922 fecisse

403 3953 683 4010 ostendit.
726 3954 911 4007 Porro
966 3952 1312 4006 Guilielmus
1362 3951 1431 4005 de
1486 3951 1879 4006 Grantamanil
1912 3955 2064 4025 turpi

396 4040 627 4096 illectus
669 4042 929 4108 avaritia,
968 4057 1075 4095 nec
1131 4041 1201 4094 de
1233 4039 1448 4093 domini
1484 4040 1575 4092 sui
1610 4042 2061 4109 recuperatione

397 4130 666 4185 sanitatis
699 4130 1153 4201 eongavisurus,
1173 4144 1299 4197 nec,
1328 4131 1388 4182 ut
1410 4128 1613 4182 urbem
1636 4144 1810 4198 quam
1845 4145 2060 4198 perva-

394 4223 553 4272 serat
611 4220 886 4287 reddens,
940 4218 1222 4272 accedere
1272 4216 1517 4285 curavit,
1580 4215 1684 4270 sed
1735 4218 2056 4286 impudenti

390 4306 583 4361 fronte
609 4308 877 4361 fraudem
897 4310 1221 4374 ostentans,
1237 4306 1499 4360 eamdem
1524 4305 1729 4358 urbem
1744 4321 1848 4375 pro
1874 4323 2052 4375 posse

387 4396 684 4463 muniens,
720 4399 922 4449 contra
952 4398 1144 4465 ipsum
1178 4395 1407 4461 ducem,
1443 4395 1494 4446 si
1528 4393 1674 4447 forte
1696 4394 2049 4465 impugnare

384 4484 712 4552 attentaret,
736 4485 1002 4537 armavit.
1035 4482 1247 4537 Comes
1280 4486 1473 4535 autem
1512 4482 1828 4552 Rogerius,
1864 4499 2049 4553 super

374 4569 485 4625 hac
516 4587 579 4626 re
605 4571 921 4642 plurimum
939 4573 1298 4642 indignatus,
1329 4574 1542 4636 tamen,
1579 4571 1893 4639 utsapiens
1924 4573 2034 4642 vir,
2066 4612 2120 4672 D

379 4660 515 4729 quia
544 4660 739 4730 neptis
771 4661 1014 4713 maritus
1044 4663 1187 4727 erat,
1212 4659 1404 4730 legato
1428 4659 1499 4711 ad
1523 4659 1938 4728 ipsummisso,
1966 4660 2036 4713 ad

371 4750 912 4803 reconciliationem
957 4750 1157 4802 contra
1217 4748 1515 4801 dominum
1573 4763 1746 4801 suum
1829 4747 2034 4802 urbem

366 4836 663 4891 reddendo
722 4838 1007 4892 hortatur.
1060 4839 1134 4890 At
1191 4837 1329 4889 dum
1376 4836 1792 4889 blandimentis
1835 4836 2030 4890 minus

362 4925 661 4996 praevalet,
724 4927 783 4979 in
839 4927 986 4980 iram
1038 4928 1195 4979 totus
1256 4924 1821 4994 prorumpens,jure
1873 4940 1939 4978 se
1972 4931 2028 4980 et

361 5011 586 5083 urbem,
648 5030 821 5085 quam
880 5013 1149 5084 nequiter
1180 5017 1538 5081 pervaserat,
1573 5012 1924 5082 ablaturum,
1970 5018 2027 5068 et

365 5100 579 5166 omnia,
605 5118 736 5170 quae
767 5100 1256 5156 exlicentiaducis
1288 5104 1421 5153 ante
1453 5102 1737 5169 tenuerat,
1758 5100 2019 5155 exhaere-

362 5184 494 5238 dato
526 5187 915 5243 sublaturum.

947 5275 1198 5329 CAI’UT
1230 5274 1415 5329 XXII.

571 5360 703 5414 [lux
732 5368 787 5415 et
807 5380 999 5417 eomes
1033 5364 1235 5418 Cestri
1271 5363 1467 5416 villam
1499 5362 1795 5417 obsident.

419 5446 636 5519 Sicque
668 5452 1004 5519 potiusipse
1035 5452 1243 5506 ducem
1276 5453 1345 5506 ad
1368 5452 1797 5523 expeditionem
1830 5466 2011 5520 super

347 5535 721 5593 Guilielmum
753 5554 975 5609 urgens
1007 5556 1181 5610 quam
1228 5541 1358 5611 ipse
1381 5557 1412 5594 a
1443 5541 1592 5595 duce
1624 5541 1698 5594 ad
1725 5539 2003 5610 injuriam

410 5715 562 5787 (858)
597 5715 836 5774 Pacem.

2250 676 2521 744 utrisque
2554 678 2731 730 castri
2754 678 2951 731 villam
2985 680 3590 738 obsessumituranno
3616 686 3863 742 inearnati

2250 761 2573 817 Salvatoris
2594 765 2905 820 millesimo
2920 762 3544 840 nonagesimo'quarto.
3563 772 3681 827 Hoc
3700 780 3863 831 autem

2250 854 2676 920 operimentum
2700 853 2925 908 fraudis
2946 872 3071 910 suae
3090 856 3435 912 Guilielmus
3451 860 3561 913 sibi
3576 862 3861 931 adaptabat,

2248 941 2547 1009 quodcum
2564 942 2635 996 ab
2660 943 2947 997 urbicolis
2970 946 3158 1013 primo
3193 946 3341 999 infra
3366 948 3567 1002 urbem
3584 956 3862 1021 susceptus

2247 1034 2356 1096 est,
2422 1030 2537 1084 illis
2593 1031 2912 1100 improvisa
2985 1034 3463 1090 determinatione
3514 1036 3862 1107 jurejurando

2253 1116 2585 1177 firmaverat
2642 1135 2707 1173 se
2762 1136 3057 1191 nunquam
3085 1122 3256 1177 alicui
3289 1123 3491 1177 urbem
3522 1126 3863 1198 redditurum,

2245 1209 2487 1276 excepto
2521 1208 2820 1262 Ludoviso
2845 1210 2961 1263 tilio
2992 1210 3183 1279 ducis,
3217 1215 3271 1264 et
3304 1212 3413 1266 hoc
3440 1214 3573 1284 quia
3619 1218 3866 1284 parvulus

2242 1297 2387 1362 erat,
2421 1300 2554 1363 post
2576 1297 2778 1350 decem
2809 1314 2996 1352 annos
3037 1298 3289 1367 futuros,
3327 1302 3673 1371 fidelitatem,
3717 1320 3858 1374 quam

2239 1383 2373 1437 duci
2401 1382 2726 1453 juraverat,
2752 1387 3007 1453 solvere,
3043 1388 3285 1441 minoris
3314 1389 3555 1445 oll‘ensaa
3582 1393 3668 1445 vel
3690 1408 3867 1462 oppro-

2237 1471 2349 1525 brii
2398 1472 2623 1526 ducens
2674 1490 2847 1543 quam
2904 1475 3058 1544 quod
3089 1474 3350 1545 perjuris
3382 1478 3854 1535 etfraudatoribus

2227 1559 2554 1629 juraverat.
2616 1562 2713 1615 Sic
2746 1578 2922 1616 avara
2953 1563 3213 1631 ambitio,
3248 1565 3352 1618 sed
3396 1571 3452 1619 et
3483 1568 3679 1622 uxoris
3705 1585 3853 1638 prava

2233 1649 2545 1717 persuasio
2571 1649 3080 1720 mentemjuvenis
3120 1667 3151 1704 a
3186 1652 3338 1706 bono
3372 1653 3726 1725 honestoque
3750 1657 3853 1711 dis-

2234 1736 2527 1790 cernendo
2549 1737 2809 1807 proclive
2840 1743 3121 1793 caecatum
3155 1741 3287 1810 (sic)
3318 1743 3723 1798 sibiillexerat.
3752 1745 3853 1800 Dux

2229 1826 2301 1879 ab
2335 1825 2490 1879 omni
2523 1826 2732 1895 Apulia
2763 1827 3021 1897 equitum
3054 1828 3431 1900 peditumque
3470 1833 3669 1901 copiis,
3701 1832 3850 1887 fratre

2156 1914 2569 2000 “Boamundo
2629 1915 2743 1968 sibi
2779 1915 2838 1968 in
2898 1916 3175 1970 auxilium
3236 1934 3370 1971 eum
3431 1919 3850 1988 Hydruntiniset

2227 2002 2580 2072 Tarentinis,
2603 2006 2658 2056 et
2672 2002 2917 2072 reliquis
2935 2005 3033 2073 qui
3048 2006 3143 2058 sui
3163 2005 3324 2075 juris
3346 2012 3534 2076 erant,
3561 2013 3844 2079 assumpto,

2224 2090 2435 2145 vallem
2466 2090 2834 2160 Gratensem,
2876 2108 3092 2147 versus
3140 2094 3331 2148 Castri
3393 2096 3589 2149 villam
3618 2102 3843 2168 occupat.

2223 2178 2436 2233 Comes
2486 2194 2629 2233 vero
2688 2179 2867 2233 multa
2899 2179 3076 2233 millia
3106 2181 3569 2238 Sarracenorum
3598 2201 3628 2238 a
3682 2185 3846 2239 Sicilia

2219 2270 2273 2321 et
2306 2268 2514 2336 Apulia
2545 2268 2904 2337 conducens,
2928 2271 3187 2339 equitum
3209 2288 3448 2343 quoque
3472 2274 3598 2327 sive
3626 2274 3842 2344 peditum

2216 2354 2681 2410 Christianorum
2739 2357 2940 2426 copias
3002 2358 3270 2413 illorsum
3327 2362 3528 2431 nepoti
3572 2378 3842 2417 occurrere

2214 2444 2613 2499 aceeleranter
2642 2461 2756 2498 non
2788 2445 3030 2499 relaxat.
3058 2446 3241 2501 Porro
3264 2448 3611 2504 Guilielmus
3632 2451 3696 2505 de
3714 2451 3832 2504 Gra-

2213 2533 2878 2601 temaniol,auctoritatis
2898 2533 3060 2587 viros
3075 2534 3393 2590 adversum
3414 2554 3480 2591 se
3496 2540 3836 2609 conspirasse

2213 2623 2268 2674 et
2298 2621 2662 2675 obsidionem
2695 2622 2811 2675 sibi
2844 2624 3147 2677 imminere
3180 2640 3582 2697 cognoscens,
3632 2644 3753 2682 sese
3777 2628 3833 2680 ad

2211 2709 2643 2763 defendendum
2675 2726 2781 2779 pro
2811 2726 2991 2779 posse
3021 2715 3198 2781 aptat.
3222 2712 3497 2785 Dumque
3530 2716 3638 2769 sibi
3658 2715 3836 2770 auxilia

2210 2798 2597 2868 undecunque
2628 2798 2846 2852 ducere
2877 2798 3079 2852 nititur
3094 2803 3371 2870 quamvis
3404 2820 3532 2857 mos
3550 2805 3830 2873 sitjuveni-

2208 2886 2320 2940 bus
2354 2887 2568 2940 talibus
2604 2888 2904 2940 exercitiis
2939 2903 3119 2941 causa
3153 2890 3426 2945 militaris
3457 2892 3769 2959 laudis,sed
3786 2898 3830 2946 et

2201 2980 2469 3045 quaestus
2500 2974 2750 3029 libenter
2780 2975 3092 3044 interesse,
3128 2981 3245 3031 tam
3266 2979 3415 3033 iram
3436 2982 3657 3035 comitis
3686 2997 3828 3052 quam

2201 3070 2369 3123 ducis
2428 3069 2617 3139 veriti,
2646 3069 2878 3124 minime
2912 3070 3047 3137 sibi,
3094 3088 3226 3126 cum
3268 3076 3453 3129 multa
3482 3077 3825 3147 promitteret,

2197 3160 2484 3214 associari
2514 3159 2974 3229 praesumebant,
2997 3162 3245 3215 maxime
3268 3163 3408 3233 quia
3436 3165 3819 3219 fortunamsibi

2195 3249 2531 3316 adversam,
2591 3251 2830 3316 propter
2876 3248 3032 3318 quod
3064 3249 3255 3318 ipsum
3288 3267 3426 3306 cum
3455 3254 3640 3324 aliqua
3668 3254 3813 3307 inho-

2193 3339 2417 3392 nestate
2448 3336 2881 3406 retorquebant,
2942 3341 3338 3406 praenotantes
3386 3343 3724 3396 metuebant.

2264 3426 2392 3478 Dux
2421 3426 2612 3478 autem
2635 3424 2693 3477 in
2728 3424 3470 3497 valchratensicomitem,
3489 3429 3620 3484 dum
3634 3430 3817 3496 veniat,

2192 3516 2463 3580 sustinet,
2500 3516 2756 3567 castrum
2788 3513 2941 3583 quod
2959 3512 3155 3567 Sancti
3189 3514 3375 3569 Mauri
3398 3518 3628 3587 dicitur,
3651 3532 3814 3587 usque

2188 3617 2514 3672 properans
2545 3601 2838 3655 deditione
2896 3601 3112 3655 civium
3167 3603 3263 3656 tali
3298 3607 3570 3673 pactione
3600 3605 3814 3673 suscipit

2189 3696 2248 3745 ut
2282 3691 2337 3743 in
2365 3691 2733 3760 perpetuum,
2770 3689 2906 3743 dum
2967 3691 3083 3743 vita
3102 3706 3302 3745 eomes
3330 3692 3528 3763 fuerit,
3560 3694 3691 3747 illud
3706 3692 3817 3748 Gui-

2184 3779 2381 3833 lielmo
2436 3794 2553 3832 non
2602 3777 2865 3831 reddant.
2904 3777 3041 3831 lude
3084 3779 3425 3834 Rossanam
3481 3797 3660 3852 usque
3703 3796 3815 3850 per-

2184 3867 2502 3936 transiens,
2537 3866 2671 3937 quia
2689 3864 3035 3920 Guilielmus
3056 3866 3209 3921 filios
3227 3871 3615 3937 potentiorum
3631 3870 3813 3923 civium

2179 3956 2294 4010 sibi
2356 3954 2599 4010 obsides
2657 3954 3001 4023 adduxerat,
3064 3956 3259 4009 minus
3300 3958 3420 4011 sibi
3458 3958 3811 4012 assentientes

2177 4043 2566 4098 oil'endit.Sed
2599 4042 2734 4113 quia
2758 4044 2883 4112 ipse
2913 4042 3162 4112 duxjam
3202 4049 3335 4099 ante
3370 4062 3603 4109 annum,
3642 4048 3809 4099 contra

2176 4134 2538 4187 voluntatem
2573 4130 2934 4198 Graecorum,
2970 4132 3069 4200 qui
3096 4131 3284 4185 eidem
3308 4134 3558 4187 maxima
3576 4151 3643 4188 ex
3670 4136 3807 4203 parte

2170 4220 2669 4289 principabantur,
2685 4218 2892 4272 Graeco
2920 4217 3368 4288 archiepiscopo
3389 4220 3647 4291 ejusdem
3661 4217 3799 4273 sedis

2167 4308 2464 4375 defuncto,
2498 4321 2918 4360 successorem
2938 4306 3203 4359 Latinum
3235 4308 3507 4379 eligendo
3540 4308 3794 4376 subroga-

2164 4398 2351 4463 verat,
2388 4392 2496 4448 sed
2547 4392 2796 4446 necdum
2828 4396 3194 4447 sacramento
3224 4398 3323 4447 aut
3357 4410 3528 4448 sacra
3551 4393 3789 4448 unctione

2161 4483 2425 4536 firmatus
2456 4486 2597 4551 erat,
2633 4481 2917 4535 electione
2948 4479 3787 4553 Latinifrustrata,dumadure

2159 4571 2502 4626 conceditur
2550 4572 2611 4623 ut
2668 4569 2739 4623 de
2797 4584 2905 4623 sua
2934 4574 3107 4637 gente
3160 4570 3662 4641 archiepiscopum
3690 4566 3787 4621 sibi

2153 4660 2345 4715 Graeci
2367 4658 2649 4729 prolibitu
2664 4658 2969 4729 eligerent,
2997 4656 3256 4711 favorem
3285 4660 3516 4713 illorum
3543 4659 3780 4727 adeptus,

2152 4750 2355 4803 urbem
2435 4761 2668 4819 quoque
2744 4746 2975 4800 illorum
3034 4746 3325 4801 deditione
3374 4748 3644 4811 obtinuit;
3687 4742 3774 4797 sed

2149 4839 2405 4889 castrum
2430 4849 2798 4905 oppugnans,
2825 4832 3098 4887 fidelibus
3115 4833 3407 4887 Guilielmi
3424 4832 3777 4888 renitentibus

2147 4924 2383 4978 minime
2434 4922 2763 4993 praevaluit.
2798 4922 2982 4976 Porro
3014 4937 3235 4992 comes,
3262 4938 3392 4976 cum
3426 4922 3675 4977 exercitu
3702 4931 3778 4970 ve.

2144 5011 2337 5081 niens,
2365 5012 2436 5065 de
2468 5011 2614 5065 duce
2646 5010 2745 5080 qui
2768 5008 2893 5079 jam
2920 5012 3139 5063 tantum
3173 5009 3505 5080 profecerat
3528 5010 3765 5080 gavisus,

2136 5098 2302 5170 juxta
2333 5103 2593 5155 castrum
2625 5099 2827 5151 Tarsae
2860 5113 3039 5167 super
3071 5097 3310 5152 ﬂuvium
3334 5100 3432 5169 qui
3460 5114 3491 5151 a
3518 5098 3574 5149 S.
3597 5095 3767 5148 Marco

2138 5189 2357 5258 defluit,
2391 5204 2507 5259 quo
2530 5187 2655 5258 jam
2688 5186 2805 5240 dux
2830 5186 3077 5239 tentoria
3104 5186 3332 5255 ﬁxerat,
3351 5185 3762 5241 castrametatus

2135 5280 2245 5331 est.
2281 5277 2391 5331 Hic
2442 5275 2810 5339 Guilielmus;
2844 5290 2877 5327 a
2907 5275 3118 5328 comite
3149 5274 3428 5329 invitatus
3459 5278 3518 5329 ut
3544 5281 3763 5326 securus

2130 5365 2203 5417 ad
2224 5364 2675 5435 eolloquendum
2697 5363 3193 5431 veniat,accessit.
3213 5363 3523 5434 Multisque
3544 5361 3756 5415 circunr

2128 5453 2510 5506 ventionibus
2550 5467 2718 5520 usus,
2754 5451 2890 5505 dum
2924 5455 2979 5505 et
3010 5450 3275 5506 fraudem
3306 5467 3471 5506 suam
3507 5445 3752 5519 operiret,

2126 5556 2258 5610 qua:
2292 5543 2640 5610 pervaserat
2696 5539 2829 5593 duci
2860 5540 3135 5595 restituit.
3173 5540 3302 5595 Dux
3330 5543 3519 5593 autem
3544 5535 3753 5608 jussum

2192 5715 2340 5788 (859)
2372 5715 2799 5774 Grantemanil.

3986 3768 3989 3821 l
