  <div class='ocr_page' id='page_1' title='image "/cluster/home/n/w/nwhite01/storage/ocr_20150623/149/hvd.32044054760079/606.png"; bbox 0 0 4074 6150; ppageno 0'>
   <div class='ocr_carea' id='block_1_1' title="bbox 260 190 410 256">
    <p class='ocr_par' dir='ltr' id='par_1_1' title="bbox 260 190 410 256">
     <span class='ocr_line' id='line_1_1' title="bbox 260 190 410 256; baseline -0.02 0"><span class='ocrx_word' id='word_1_1' title='bbox 260 190 410 256; x_wconf 78' lang='grc'>1201</span> 
     </span>
    </p>
   </div>
   <div class='ocr_carea' id='block_1_2' title="bbox 1359 180 2583 265">
    <p class='ocr_par' dir='ltr' id='par_1_2' title="bbox 1359 180 2583 265">
     <span class='ocr_line' id='line_1_2' title="bbox 1359 180 2583 265; baseline 0.001 -20"><span class='ocrx_word' id='word_1_2' title='bbox 1359 182 1761 246; x_wconf 87' lang='lat' dir='ltr'>HISTORIA</span> <span class='ocrx_word' id='word_1_3' title='bbox 1819 180 2141 265; x_wconf 78' lang='lat' dir='ltr'>SIGULA.</span> <span class='ocrx_word' id='word_1_4' title='bbox 2172 216 2251 243; x_wconf 78' lang='lat'><strong><em>—</em></strong></span> <span class='ocrx_word' id='word_1_5' title='bbox 2280 183 2438 245; x_wconf 90' lang='lat' dir='ltr'>LIB.</span> <span class='ocrx_word' id='word_1_6' title='bbox 2473 184 2583 246; x_wconf 90' lang='lat' dir='ltr'>IV.</span> 
     </span>
    </p>
   </div>
   <div class='ocr_carea' id='block_1_3' title="bbox 3452 183 3709 281">
    <p class='ocr_par' dir='ltr' id='par_1_3' title="bbox 3452 183 3709 281">
     <span class='ocr_line' id='line_1_3' title="bbox 3452 183 3709 281; baseline 0.008 -22"><span class='ocrx_word' id='word_1_7' title='bbox 3452 268 3467 281; x_wconf 30' lang='grc' dir='ltr'><em>κ</em></span> <span class='ocrx_word' id='word_1_8' title='bbox 3549 183 3709 263; x_wconf 59' lang='grc'>1202</span> 
     </span>
    </p>
   </div>
   <div class='ocr_carea' id='block_1_4' title="bbox 261 365 3701 461">
    <p class='ocr_par' dir='ltr' id='par_1_4' title="bbox 261 365 3701 461">
     <span class='ocr_line' id='line_1_4' title="bbox 261 365 3701 461; baseline -0.001 -16"><span class='ocrx_word' id='word_1_9' title='bbox 261 388 610 461; x_wconf 87' lang='lat' dir='ltr'>expetendo,</span> <span class='ocrx_word' id='word_1_10' title='bbox 644 386 1016 442; x_wconf 88' lang='lat' dir='ltr'>Guilielmum</span> <span class='ocrx_word' id='word_1_11' title='bbox 1033 400 1371 456; x_wconf 86' lang='lat' dir='ltr'>exsequens</span> <span class='ocrx_word' id='word_1_12' title='bbox 1402 383 1923 450; x_wconf 89' lang='lat' dir='ltr'>reconciliarisibi,</span> <span class='ocrx_word' id='word_1_13' title='bbox 1957 365 2014 441; x_wconf 62' lang='grc' dir='ltr'>Α</span> <span class='ocrx_word' id='word_1_14' title='bbox 2044 387 2264 437; x_wconf 78' lang='lat' dir='ltr'>sanctae</span> <span class='ocrx_word' id='word_1_15' title='bbox 2296 385 2402 437; x_wconf 91' lang='lat' dir='ltr'>Dei</span> <span class='ocrx_word' id='word_1_16' title='bbox 2420 385 2692 439; x_wconf 82' lang='lat' dir='ltr'>ecclesiae</span> <span class='ocrx_word' id='word_1_17' title='bbox 2723 386 3091 454; x_wconf 67' lang='lat' dir='ltr'>praevaleret.</span> <span class='ocrx_word' id='word_1_18' title='bbox 3125 386 3337 440; x_wconf 84' lang='lat' dir='ltr'>Comes</span> <span class='ocrx_word' id='word_1_19' title='bbox 3370 389 3567 441; x_wconf 83' lang='lat' dir='ltr'>autem</span> <span class='ocrx_word' id='word_1_20' title='bbox 3591 386 3701 442; x_wconf 89' lang='lat' dir='ltr'>hac</span> 
     </span>
    </p>
   </div>
   <div class='ocr_carea' id='block_1_5' title="bbox 262 472 1930 548">
    <p class='ocr_par' dir='ltr' id='par_1_5' title="bbox 262 472 1930 548">
     <span class='ocr_line' id='line_1_5' title="bbox 262 472 1930 548; baseline -0.004 -16"><span class='ocrx_word' id='word_1_21' title='bbox 262 486 323 532; x_wconf 82' lang='lat' dir='ltr'>ut</span> <span class='ocrx_word' id='word_1_22' title='bbox 353 477 583 548; x_wconf 82' lang='lat' dir='ltr'>judicio</span> <span class='ocrx_word' id='word_1_23' title='bbox 628 475 860 531; x_wconf 85' lang='lat' dir='ltr'>comitis</span> <span class='ocrx_word' id='word_1_24' title='bbox 903 479 1371 544; x_wconf 65' lang='lat' dir='ltr'>cmterorumque</span> <span class='ocrx_word' id='word_1_25' title='bbox 1429 474 1779 543; x_wconf 80' lang='lat' dir='ltr'>prudentum</span> <span class='ocrx_word' id='word_1_26' title='bbox 1830 472 1930 541; x_wconf 86' lang='lat' dir='ltr'>qui</span> 
     </span>
    </p>
   </div>
   <div class='ocr_carea' id='block_1_6' title="bbox 257 561 1929 633">
    <p class='ocr_par' dir='ltr' id='par_1_6' title="bbox 257 561 1929 633">
     <span class='ocr_line' id='line_1_6' title="bbox 257 561 1929 633; baseline -0.005 -12"><span class='ocrx_word' id='word_1_27' title='bbox 257 568 582 621; x_wconf 88' lang='lat' dir='ltr'>intererant</span> <span class='ocrx_word' id='word_1_28' title='bbox 632 565 893 619; x_wconf 85' lang='lat' dir='ltr'>virorum</span> <span class='ocrx_word' id='word_1_29' title='bbox 931 563 1038 633; x_wconf 87' lang='lat' dir='ltr'>jus</span> <span class='ocrx_word' id='word_1_30' title='bbox 1078 565 1313 625; x_wconf 82' lang='lat' dir='ltr'>teneat;</span> <span class='ocrx_word' id='word_1_31' title='bbox 1362 562 1516 632; x_wconf 90' lang='lat' dir='ltr'>quod</span> <span class='ocrx_word' id='word_1_32' title='bbox 1572 561 1684 615; x_wconf 87' lang='lat' dir='ltr'>sibi</span> <span class='ocrx_word' id='word_1_33' title='bbox 1733 562 1929 614; x_wconf 88' lang='lat' dir='ltr'>tandiu</span> 
     </span>
    </p>
   </div>
   <div class='ocr_carea' id='block_1_7' title="bbox 254 650 1929 726">
    <p class='ocr_par' dir='ltr' id='par_1_7' title="bbox 254 650 1929 726">
     <span class='ocr_line' id='line_1_7' title="bbox 254 650 1929 726; baseline -0.005 -16"><span class='ocrx_word' id='word_1_34' title='bbox 254 655 515 726; x_wconf 88' lang='lat' dir='ltr'>injurius</span> <span class='ocrx_word' id='word_1_35' title='bbox 567 655 870 719; x_wconf 79' lang='lat' dir='ltr'>extiterat,</span> <span class='ocrx_word' id='word_1_36' title='bbox 915 656 1284 706; x_wconf 89' lang='lat' dir='ltr'>sacramento</span> <span class='ocrx_word' id='word_1_37' title='bbox 1348 654 1404 705; x_wconf 90' lang='lat' dir='ltr'>et</span> <span class='ocrx_word' id='word_1_38' title='bbox 1448 651 1560 705; x_wconf 90' lang='lat' dir='ltr'>ﬁde</span> <span class='ocrx_word' id='word_1_39' title='bbox 1632 650 1929 720; x_wconf 88' lang='lat' dir='ltr'>promissa</span> 
     </span>
    </p>
   </div>
   <div class='ocr_carea' id='block_1_8' title="bbox 254 739 1928 809">
    <p class='ocr_par' dir='ltr' id='par_1_8' title="bbox 254 739 1928 809">
     <span class='ocr_line' id='line_1_8' title="bbox 254 739 1928 809; baseline -0.004 -11"><span class='ocrx_word' id='word_1_40' title='bbox 254 745 602 799; x_wconf 79' lang='lat' dir='ltr'>obtestatur.</span> <span class='ocrx_word' id='word_1_41' title='bbox 638 740 748 805; x_wconf 86' lang='lat' dir='ltr'>Qui</span> <span class='ocrx_word' id='word_1_42' title='bbox 781 741 875 794; x_wconf 87' lang='lat' dir='ltr'>sui</span> <span class='ocrx_word' id='word_1_43' title='bbox 899 745 1100 795; x_wconf 80' lang='lat' dir='ltr'>reatus</span> <span class='ocrx_word' id='word_1_44' title='bbox 1135 740 1414 793; x_wconf 88' lang='lat' dir='ltr'>conscius</span> <span class='ocrx_word' id='word_1_45' title='bbox 1442 739 1737 809; x_wconf 83' lang='lat' dir='ltr'>etjudicio</span> <span class='ocrx_word' id='word_1_46' title='bbox 1773 754 1928 806; x_wconf 73' lang='lat' dir='ltr'>prm-</span> 
     </span>
    </p>
   </div>
   <div class='ocr_carea' id='block_1_9' title="bbox 252 826 1931 903">
    <p class='ocr_par' dir='ltr' id='par_1_9' title="bbox 252 826 1931 903">
     <span class='ocr_line' id='line_1_9' title="bbox 252 826 1931 903; baseline -0.003 -19"><span class='ocrx_word' id='word_1_47' title='bbox 252 831 495 903; x_wconf 81' lang='lat' dir='ltr'>gravari</span> <span class='ocrx_word' id='word_1_48' title='bbox 542 831 777 897; x_wconf 90' lang='lat' dir='ltr'>timens,</span> <span class='ocrx_word' id='word_1_49' title='bbox 813 830 949 883; x_wconf 90' lang='lat' dir='ltr'>dum</span> <span class='ocrx_word' id='word_1_50' title='bbox 980 829 1210 891; x_wconf 79' lang='lat' dir='ltr'>renuit;</span> <span class='ocrx_word' id='word_1_51' title='bbox 1264 828 1498 881; x_wconf 86' lang='lat' dir='ltr'>licentia</span> <span class='ocrx_word' id='word_1_52' title='bbox 1543 826 1792 880; x_wconf 88' lang='lat' dir='ltr'>abeundi</span> <span class='ocrx_word' id='word_1_53' title='bbox 1839 842 1931 879; x_wconf 91' lang='lat' dir='ltr'>ac-</span> 
     </span>
    </p>
   </div>
   <div class='ocr_carea' id='block_1_10' title="bbox 251 915 1926 989">
    <p class='ocr_par' dir='ltr' id='par_1_10' title="bbox 251 915 1926 989">
     <span class='ocr_line' id='line_1_10' title="bbox 251 915 1926 989; baseline -0.003 -15"><span class='ocrx_word' id='word_1_54' title='bbox 251 924 445 989; x_wconf 88' lang='lat' dir='ltr'>cepta,</span> <span class='ocrx_word' id='word_1_55' title='bbox 506 918 688 972; x_wconf 77' lang='lat' dir='ltr'>castri</span> <span class='ocrx_word' id='word_1_56' title='bbox 727 918 923 971; x_wconf 90' lang='lat' dir='ltr'>villam</span> <span class='ocrx_word' id='word_1_57' title='bbox 974 917 1209 986; x_wconf 87' lang='lat' dir='ltr'>impune</span> <span class='ocrx_word' id='word_1_58' title='bbox 1257 916 1425 970; x_wconf 88' lang='lat' dir='ltr'>redit.</span> <span class='ocrx_word' id='word_1_59' title='bbox 1463 915 1646 980; x_wconf 87' lang='lat' dir='ltr'>Quem</span> <span class='ocrx_word' id='word_1_60' title='bbox 1694 916 1813 969; x_wconf 87' lang='lat' dir='ltr'>dux</span> <span class='ocrx_word' id='word_1_61' title='bbox 1871 918 1926 969; x_wconf 91' lang='lat' dir='ltr'>et</span> 
     </span>
    </p>
   </div>
   <div class='ocr_carea' id='block_1_11' title="bbox 247 1005 1918 1074">
    <p class='ocr_par' dir='ltr' id='par_1_11' title="bbox 247 1005 1918 1074">
     <span class='ocr_line' id='line_1_11' title="bbox 247 1005 1918 1074; baseline -0.002 -13"><span class='ocrx_word' id='word_1_62' title='bbox 247 1023 453 1062; x_wconf 87' lang='lat' dir='ltr'>comes</span> <span class='ocrx_word' id='word_1_63' title='bbox 471 1007 530 1060; x_wconf 90' lang='lat' dir='ltr'>in</span> <span class='ocrx_word' id='word_1_64' title='bbox 554 1007 878 1060; x_wconf 78' lang='lat' dir='ltr'>crastinum</span> <span class='ocrx_word' id='word_1_65' title='bbox 904 1021 1036 1059; x_wconf 89' lang='lat' dir='ltr'>cum</span> <span class='ocrx_word' id='word_1_66' title='bbox 1061 1005 1216 1059; x_wconf 89' lang='lat' dir='ltr'>omni</span> <span class='ocrx_word' id='word_1_67' title='bbox 1235 1006 1498 1059; x_wconf 81' lang='lat' dir='ltr'>exercitu</span> <span class='ocrx_word' id='word_1_68' title='bbox 1528 1005 1918 1074; x_wconf 79' lang='lat' dir='ltr'>subsequenti</span> 
     </span>
    </p>
   </div>
   <div class='ocr_carea' id='block_1_12' title="bbox 247 1093 1917 1164">
    <p class='ocr_par' dir='ltr' id='par_1_12' title="bbox 247 1093 1917 1164">
     <span class='ocr_line' id='line_1_12' title="bbox 247 1093 1917 1164; baseline -0.002 -14"><span class='ocrx_word' id='word_1_69' title='bbox 247 1100 514 1150; x_wconf 88' lang='lat' dir='ltr'>castrum</span> <span class='ocrx_word' id='word_1_70' title='bbox 548 1094 857 1149; x_wconf 88' lang='lat' dir='ltr'>obsidione</span> <span class='ocrx_word' id='word_1_71' title='bbox 890 1093 1127 1160; x_wconf 80' lang='lat' dir='ltr'>vallant,</span> <span class='ocrx_word' id='word_1_72' title='bbox 1161 1093 1367 1164; x_wconf 88' lang='lat' dir='ltr'>sicque</span> <span class='ocrx_word' id='word_1_73' title='bbox 1394 1093 1558 1163; x_wconf 84' lang='lat' dir='ltr'>ligno</span> <span class='ocrx_word' id='word_1_74' title='bbox 1591 1097 1646 1147; x_wconf 92' lang='lat' dir='ltr'>et</span> <span class='ocrx_word' id='word_1_75' title='bbox 1676 1094 1917 1146; x_wconf 87' lang='lat' dir='ltr'>armato-</span> 
     </span>
    </p>
   </div>
   <div class='ocr_carea' id='block_1_13' title="bbox 247 1178 1916 1253">
    <p class='ocr_par' dir='ltr' id='par_1_13' title="bbox 247 1178 1916 1253">
     <span class='ocr_line' id='line_1_13' title="bbox 247 1178 1916 1253; baseline -0.002 -15"><span class='ocrx_word' id='word_1_76' title='bbox 247 1200 383 1238; x_wconf 90' lang='lat' dir='ltr'>rum</span> <span class='ocrx_word' id='word_1_77' title='bbox 416 1183 604 1252; x_wconf 85' lang='lat' dir='ltr'>copiis</span> <span class='ocrx_word' id='word_1_78' title='bbox 634 1178 918 1251; x_wconf 88' lang='lat' dir='ltr'>sepiendo</span> <span class='ocrx_word' id='word_1_79' title='bbox 968 1182 1298 1253; x_wconf 87' lang='lat' dir='ltr'>cingentes,</span> <span class='ocrx_word' id='word_1_80' title='bbox 1334 1186 1394 1234; x_wconf 90' lang='lat' dir='ltr'>ut</span> <span class='ocrx_word' id='word_1_81' title='bbox 1444 1182 1602 1234; x_wconf 89' lang='lat' dir='ltr'>nulla</span> <span class='ocrx_word' id='word_1_82' title='bbox 1651 1196 1725 1234; x_wconf 88' lang='lat' dir='ltr'>ex</span> <span class='ocrx_word' id='word_1_83' title='bbox 1754 1182 1916 1250; x_wconf 89' lang='lat' dir='ltr'>parte</span> 
     </span>
    </p>
   </div>
   <div class='ocr_carea' id='block_1_14' title="bbox 242 1268 1913 1342">
    <p class='ocr_par' dir='ltr' id='par_1_14' title="bbox 242 1268 1913 1342">
     <span class='ocr_line' id='line_1_14' title="bbox 242 1268 1913 1342; baseline -0.002 -16"><span class='ocrx_word' id='word_1_84' title='bbox 242 1272 444 1326; x_wconf 84' lang='lat' dir='ltr'>aditus</span> <span class='ocrx_word' id='word_1_85' title='bbox 476 1271 842 1342; x_wconf 84' lang='lat' dir='ltr'>ingrediendi</span> <span class='ocrx_word' id='word_1_86' title='bbox 869 1270 959 1324; x_wconf 88' lang='lat' dir='ltr'>vel</span> <span class='ocrx_word' id='word_1_87' title='bbox 990 1270 1210 1340; x_wconf 88' lang='lat' dir='ltr'>aliquid</span> <span class='ocrx_word' id='word_1_88' title='bbox 1241 1268 1659 1323; x_wconf 89' lang='lat' dir='ltr'>introducendi</span> <span class='ocrx_word' id='word_1_89' title='bbox 1699 1270 1913 1323; x_wconf 90' lang='lat' dir='ltr'>castri—</span> 
     </span>
    </p>
   </div>
   <div class='ocr_carea' id='block_1_15' title="bbox 242 1358 1912 1425">
    <p class='ocr_par' dir='ltr' id='par_1_15' title="bbox 242 1358 1912 1425">
     <span class='ocr_line' id='line_1_15' title="bbox 242 1358 1912 1425; baseline -0.001 -11"><span class='ocrx_word' id='word_1_90' title='bbox 242 1361 603 1415; x_wconf 82' lang='lat' dir='ltr'>villensibus</span> <span class='ocrx_word' id='word_1_91' title='bbox 635 1364 819 1425; x_wconf 85' lang='lat' dir='ltr'>esset,</span> <span class='ocrx_word' id='word_1_92' title='bbox 854 1359 959 1412; x_wconf 92' lang='lat' dir='ltr'>sed</span> <span class='ocrx_word' id='word_1_93' title='bbox 991 1359 1143 1412; x_wconf 87' lang='lat' dir='ltr'>infra</span> <span class='ocrx_word' id='word_1_94' title='bbox 1173 1374 1375 1413; x_wconf 90' lang='lat' dir='ltr'>muros</span> <span class='ocrx_word' id='word_1_95' title='bbox 1409 1359 1701 1412; x_wconf 90' lang='lat' dir='ltr'>modicum</span> <span class='ocrx_word' id='word_1_96' title='bbox 1719 1358 1912 1412; x_wconf 90' lang='lat' dir='ltr'>victus</span> 
     </span>
    </p>
   </div>
   <div class='ocr_carea' id='block_1_16' title="bbox 243 1446 1911 1517">
    <p class='ocr_par' dir='ltr' id='par_1_16' title="bbox 243 1446 1911 1517">
     <span class='ocr_line' id='line_1_16' title="bbox 243 1446 1911 1517; baseline -0.002 -14"><span class='ocrx_word' id='word_1_97' title='bbox 243 1449 559 1517; x_wconf 85' lang='lat' dir='ltr'>habentes,</span> <span class='ocrx_word' id='word_1_98' title='bbox 602 1448 740 1501; x_wconf 91' lang='lat' dir='ltr'>dum</span> <span class='ocrx_word' id='word_1_99' title='bbox 773 1462 879 1516; x_wconf 90' lang='lat' dir='ltr'>per</span> <span class='ocrx_word' id='word_1_100' title='bbox 931 1449 1055 1501; x_wconf 92' lang='lat' dir='ltr'>tres</span> <span class='ocrx_word' id='word_1_101' title='bbox 1109 1446 1512 1501; x_wconf 83' lang='lat' dir='ltr'>hebdomadas</span> <span class='ocrx_word' id='word_1_102' title='bbox 1571 1446 1911 1501; x_wconf 85' lang='lat' dir='ltr'>imminente</span> 
     </span>
    </p>
   </div>
   <div class='ocr_carea' id='block_1_17' title="bbox 240 1534 1911 1606">
    <p class='ocr_par' dir='ltr' id='par_1_17' title="bbox 240 1534 1911 1606">
     <span class='ocr_line' id='line_1_17' title="bbox 240 1534 1911 1606; baseline -0.002 -15"><span class='ocrx_word' id='word_1_103' title='bbox 240 1537 419 1592; x_wconf 88' lang='lat' dir='ltr'>hoste</span> <span class='ocrx_word' id='word_1_104' title='bbox 449 1538 815 1606; x_wconf 88' lang='lat' dir='ltr'>premuntur,</span> <span class='ocrx_word' id='word_1_105' title='bbox 850 1535 1274 1605; x_wconf 86' lang='lat' dir='ltr'>exhaustisque</span> <span class='ocrx_word' id='word_1_106' title='bbox 1307 1551 1439 1605; x_wconf 59' lang='lat' dir='ltr'>quae</span> <span class='ocrx_word' id='word_1_107' title='bbox 1471 1535 1540 1588; x_wconf 90' lang='lat' dir='ltr'>ad</span> <span class='ocrx_word' id='word_1_108' title='bbox 1560 1536 1777 1588; x_wconf 90' lang='lat' dir='ltr'>victum</span> <span class='ocrx_word' id='word_1_109' title='bbox 1811 1534 1911 1589; x_wconf 88' lang='lat' dir='ltr'>ha-</span> 
     </span>
    </p>
   </div>
   <div class='ocr_carea' id='block_1_18' title="bbox 236 1621 1908 1694">
    <p class='ocr_par' dir='ltr' id='par_1_18' title="bbox 236 1621 1908 1694">
     <span class='ocr_line' id='line_1_18' title="bbox 236 1621 1908 1694; baseline -0.002 -13"><span class='ocrx_word' id='word_1_110' title='bbox 236 1625 481 1694; x_wconf 87' lang='lat' dir='ltr'>bebant,</span> <span class='ocrx_word' id='word_1_111' title='bbox 514 1624 882 1692; x_wconf 90' lang='lat' dir='ltr'>Guilielmus,</span> <span class='ocrx_word' id='word_1_112' title='bbox 928 1624 1085 1693; x_wconf 88' lang='lat' dir='ltr'>quod</span> <span class='ocrx_word' id='word_1_113' title='bbox 1116 1627 1176 1677; x_wconf 90' lang='lat' dir='ltr'>ut</span> <span class='ocrx_word' id='word_1_114' title='bbox 1222 1621 1443 1677; x_wconf 76' lang='lat' dir='ltr'>faceret</span> <span class='ocrx_word' id='word_1_115' title='bbox 1495 1623 1682 1693; x_wconf 90' lang='lat' dir='ltr'>primo</span> <span class='ocrx_word' id='word_1_116' title='bbox 1728 1638 1908 1693; x_wconf 88' lang='lat' dir='ltr'>expe-</span> 
     </span>
    </p>
   </div>
   <div class='ocr_carea' id='block_1_19' title="bbox 233 1711 1906 1781">
    <p class='ocr_par' dir='ltr' id='par_1_19' title="bbox 233 1711 1906 1781">
     <span class='ocr_line' id='line_1_19' title="bbox 233 1711 1906 1781; baseline -0.001 -14"><span class='ocrx_word' id='word_1_117' title='bbox 233 1715 495 1781; x_wconf 85' lang='lat' dir='ltr'>tebatur,</span> <span class='ocrx_word' id='word_1_118' title='bbox 522 1717 582 1767; x_wconf 91' lang='lat' dir='ltr'>ut</span> <span class='ocrx_word' id='word_1_119' title='bbox 609 1713 663 1766; x_wconf 88' lang='lat' dir='ltr'>si</span> <span class='ocrx_word' id='word_1_120' title='bbox 693 1713 1104 1780; x_wconf 87' lang='lat' dir='ltr'>susciperetur</span> <span class='ocrx_word' id='word_1_121' title='bbox 1146 1715 1452 1781; x_wconf 87' lang='lat' dir='ltr'>expetens,</span> <span class='ocrx_word' id='word_1_122' title='bbox 1486 1728 1552 1766; x_wconf 90' lang='lat' dir='ltr'>se</span> <span class='ocrx_word' id='word_1_123' title='bbox 1596 1711 1703 1781; x_wconf 88' lang='lat' dir='ltr'>jus</span> <span class='ocrx_word' id='word_1_124' title='bbox 1736 1712 1906 1765; x_wconf 90' lang='lat' dir='ltr'>ducis</span> 
     </span>
    </p>
   </div>
   <div class='ocr_carea' id='block_1_20' title="bbox 231 1799 1903 1870">
    <p class='ocr_par' dir='ltr' id='par_1_20' title="bbox 231 1799 1903 1870">
     <span class='ocr_line' id='line_1_20' title="bbox 231 1799 1903 1870; baseline -0.001 -14"><span class='ocrx_word' id='word_1_125' title='bbox 231 1805 446 1857; x_wconf 89' lang='lat' dir='ltr'>tenere</span> <span class='ocrx_word' id='word_1_126' title='bbox 468 1801 931 1870; x_wconf 87' lang='lat' dir='ltr'>repromittit.Ad</span> <span class='ocrx_word' id='word_1_127' title='bbox 957 1800 1113 1869; x_wconf 90' lang='lat' dir='ltr'>quod</span> <span class='ocrx_word' id='word_1_128' title='bbox 1138 1800 1579 1869; x_wconf 84' lang='lat' dir='ltr'>exsequendum</span> <span class='ocrx_word' id='word_1_129' title='bbox 1597 1801 1734 1854; x_wconf 90' lang='lat' dir='ltr'>dum</span> <span class='ocrx_word' id='word_1_130' title='bbox 1766 1799 1903 1854; x_wconf 92' lang='lat' dir='ltr'>ﬁde-</span> 
     </span>
    </p>
   </div>
   <div class='ocr_carea' id='block_1_21' title="bbox 2041 471 3691 545">
    <p class='ocr_par' dir='ltr' id='par_1_21' title="bbox 2041 471 3691 545">
     <span class='ocr_line' id='line_1_21' title="bbox 2041 471 3691 545; baseline 0.003 -21"><span class='ocrx_word' id='word_1_131' title='bbox 2041 471 2334 543; x_wconf 83' lang='lat' dir='ltr'>legatione</span> <span class='ocrx_word' id='word_1_132' title='bbox 2383 477 2677 543; x_wconf 87' lang='lat' dir='ltr'>percepta,</span> <span class='ocrx_word' id='word_1_133' title='bbox 2711 477 2766 526; x_wconf 89' lang='lat' dir='ltr'>et</span> <span class='ocrx_word' id='word_1_134' title='bbox 2816 474 3105 527; x_wconf 83' lang='lat' dir='ltr'>suasoriis</span> <span class='ocrx_word' id='word_1_135' title='bbox 3136 475 3347 529; x_wconf 86' lang='lat' dir='ltr'>litteris</span> <span class='ocrx_word' id='word_1_136' title='bbox 3380 475 3691 545; x_wconf 85' lang='lat' dir='ltr'>apostolici</span> 
     </span>
    </p>
   </div>
   <div class='ocr_carea' id='block_1_22' title="bbox 2041 561 3700 631">
    <p class='ocr_par' dir='ltr' id='par_1_22' title="bbox 2041 561 3700 631">
     <span class='ocr_line' id='line_1_22' title="bbox 2041 561 3700 631; baseline 0.002 -18"><span class='ocrx_word' id='word_1_137' title='bbox 2041 562 2150 613; x_wconf 92' lang='lat' dir='ltr'>viri</span> <span class='ocrx_word' id='word_1_138' title='bbox 2182 561 2480 630; x_wconf 88' lang='lat' dir='ltr'>perlectis,</span> <span class='ocrx_word' id='word_1_139' title='bbox 2532 577 2680 614; x_wconf 91' lang='lat' dir='ltr'>usus</span> <span class='ocrx_word' id='word_1_140' title='bbox 2739 563 2989 615; x_wconf 88' lang='lat' dir='ltr'>concilio</span> <span class='ocrx_word' id='word_1_141' title='bbox 3032 563 3286 616; x_wconf 87' lang='lat' dir='ltr'>ﬁdelium</span> <span class='ocrx_word' id='word_1_142' title='bbox 3346 580 3610 631; x_wconf 90' lang='lat' dir='ltr'>suorum,</span> <span class='ocrx_word' id='word_1_143' title='bbox 3644 567 3700 617; x_wconf 91' lang='lat' dir='ltr'>et</span> 
     </span>
    </p>
   </div>
   <div class='ocr_carea' id='block_1_23' title="bbox 2038 651 3696 723">
    <p class='ocr_par' dir='ltr' id='par_1_23' title="bbox 2038 651 3696 723">
     <span class='ocr_line' id='line_1_23' title="bbox 2038 651 3696 723; baseline 0.002 -20"><span class='ocrx_word' id='word_1_144' title='bbox 2038 651 2290 704; x_wconf 81' lang='lat' dir='ltr'>maxime</span> <span class='ocrx_word' id='word_1_145' title='bbox 2344 652 2583 705; x_wconf 77' lang='lat' dir='ltr'>Roberti</span> <span class='ocrx_word' id='word_1_146' title='bbox 2626 652 2973 705; x_wconf 88' lang='lat' dir='ltr'>Trainensis</span> <span class='ocrx_word' id='word_1_147' title='bbox 3034 652 3317 721; x_wconf 83' lang='lat' dir='ltr'>episcOpi,</span> <span class='ocrx_word' id='word_1_148' title='bbox 3378 668 3485 721; x_wconf 89' lang='lat' dir='ltr'>per</span> <span class='ocrx_word' id='word_1_149' title='bbox 3519 668 3696 723; x_wconf 89' lang='lat' dir='ltr'>quem</span> 
     </span>
    </p>
   </div>
   <div class='ocr_carea' id='block_1_24' title="bbox 2037 740 3692 810">
    <p class='ocr_par' dir='ltr' id='par_1_24' title="bbox 2037 740 3692 810">
     <span class='ocr_line' id='line_1_24' title="bbox 2037 740 3692 810; baseline 0 -16"><span class='ocrx_word' id='word_1_150' title='bbox 2037 757 2266 794; x_wconf 89' lang='lat' dir='ltr'>omnem</span> <span class='ocrx_word' id='word_1_151' title='bbox 2300 741 2767 795; x_wconf 87' lang='lat' dir='ltr'>convenientiam</span> <span class='ocrx_word' id='word_1_152' title='bbox 2789 740 3039 793; x_wconf 85' lang='lat' dir='ltr'>Conradi</span> <span class='ocrx_word' id='word_1_153' title='bbox 3063 741 3333 810; x_wconf 76' lang='lat' dir='ltr'>acquirit,</span> <span class='ocrx_word' id='word_1_154' title='bbox 3359 757 3489 794; x_wconf 90' lang='lat' dir='ltr'>nam</span> <span class='ocrx_word' id='word_1_155' title='bbox 3513 741 3692 795; x_wconf 91' lang='lat' dir='ltr'>Italus</span> 
     </span>
    </p>
   </div>
   <div class='ocr_carea' id='block_1_25' title="bbox 2035 830 3689 900">
    <p class='ocr_par' dir='ltr' id='par_1_25' title="bbox 2035 830 3689 900">
     <span class='ocr_line' id='line_1_25' title="bbox 2035 830 3689 900; baseline 0 -17"><span class='ocrx_word' id='word_1_156' title='bbox 2035 832 2177 899; x_wconf 89' lang='lat' dir='ltr'>erat,</span> <span class='ocrx_word' id='word_1_157' title='bbox 2203 835 2258 884; x_wconf 92' lang='lat' dir='ltr'>et</span> <span class='ocrx_word' id='word_1_158' title='bbox 2289 831 2516 884; x_wconf 87' lang='lat' dir='ltr'>illarum</span> <span class='ocrx_word' id='word_1_159' title='bbox 2549 830 2799 900; x_wconf 90' lang='lat' dir='ltr'>partium</span> <span class='ocrx_word' id='word_1_160' title='bbox 2831 845 3073 900; x_wconf 86' lang='lat' dir='ltr'>gnarus,</span> <span class='ocrx_word' id='word_1_161' title='bbox 3101 830 3257 899; x_wconf 90' lang='lat' dir='ltr'>quod</span> <span class='ocrx_word' id='word_1_162' title='bbox 3286 831 3689 899; x_wconf 85' lang='lat' dir='ltr'>expetebatur,</span> 
     </span>
    </p>
   </div>
   <div class='ocr_carea' id='block_1_26' title="bbox 2034 918 3690 988">
    <p class='ocr_par' dir='ltr' id='par_1_26' title="bbox 2034 918 3690 988">
     <span class='ocr_line' id='line_1_26' title="bbox 2034 918 3690 988; baseline 0 -16"><span class='ocrx_word' id='word_1_163' title='bbox 2034 920 2322 986; x_wconf 88' lang='lat' dir='ltr'>concedit,</span> <span class='ocrx_word' id='word_1_164' title='bbox 2358 924 2412 974; x_wconf 92' lang='lat' dir='ltr'>et</span> <span class='ocrx_word' id='word_1_165' title='bbox 2466 920 2537 973; x_wconf 89' lang='lat' dir='ltr'>ab</span> <span class='ocrx_word' id='word_1_166' title='bbox 2599 919 2865 988; x_wconf 87' lang='lat' dir='ltr'>utrisque</span> <span class='ocrx_word' id='word_1_167' title='bbox 2918 918 3186 988; x_wconf 87' lang='lat' dir='ltr'>partibus</span> <span class='ocrx_word' id='word_1_168' title='bbox 3247 918 3690 988; x_wconf 86' lang='lat' dir='ltr'>exsequendum</span> 
     </span>
    </p>
   </div>
   <div class='ocr_carea' id='block_1_27' title="bbox 2032 1006 3690 1077">
    <p class='ocr_par' dir='ltr' id='par_1_27' title="bbox 2032 1006 3690 1077">
     <span class='ocr_line' id='line_1_27' title="bbox 2032 1006 3690 1077; baseline -0.001 -16"><span class='ocrx_word' id='word_1_169' title='bbox 2032 1010 2420 1063; x_wconf 86' lang='lat' dir='ltr'>sacramentis</span> <span class='ocrx_word' id='word_1_170' title='bbox 2472 1010 2703 1063; x_wconf 90' lang='lat' dir='ltr'>ﬁrmare</span> <span class='ocrx_word' id='word_1_171' title='bbox 2741 1008 2895 1061; x_wconf 88' lang='lat' dir='ltr'>fecit.</span> <span class='ocrx_word' id='word_1_172' title='bbox 2949 1007 3298 1076; x_wconf 83' lang='lat' dir='ltr'>Nuptiarum</span> <span class='ocrx_word' id='word_1_173' title='bbox 3356 1006 3552 1077; x_wconf 88' lang='lat' dir='ltr'>itaque</span> <span class='ocrx_word' id='word_1_174' title='bbox 3598 1007 3690 1061; x_wconf 91' lang='lat' dir='ltr'>die</span> 
     </span>
    </p>
   </div>
   <div class='ocr_carea' id='block_1_28' title="bbox 2029 1095 3688 1166">
    <p class='ocr_par' dir='ltr' id='par_1_28' title="bbox 2029 1095 3688 1166">
     <span class='ocr_line' id='line_1_28' title="bbox 2029 1095 3688 1166; baseline 0 -16"><span class='ocrx_word' id='word_1_175' title='bbox 2029 1097 2411 1151; x_wconf 88' lang='lat' dir='ltr'>determinato</span> <span class='ocrx_word' id='word_1_176' title='bbox 2460 1096 2770 1152; x_wconf 88' lang='lat' dir='ltr'>Conradus</span> <span class='ocrx_word' id='word_1_177' title='bbox 2830 1111 3029 1149; x_wconf 84' lang='lat' dir='ltr'>comes</span> <span class='ocrx_word' id='word_1_178' title='bbox 3074 1112 3104 1147; x_wconf 92' lang='lat' dir='ltr'>a</span> <span class='ocrx_word' id='word_1_179' title='bbox 3166 1095 3376 1148; x_wconf 91' lang='lat' dir='ltr'>comite</span> <span class='ocrx_word' id='word_1_180' title='bbox 3426 1095 3688 1166; x_wconf 83' lang='lat' dir='ltr'>Rogerio</span> 
     </span>
    </p>
   </div>
   <div class='ocr_carea' id='block_1_29' title="bbox 2026 1183 3683 1256">
    <p class='ocr_par' dir='ltr' id='par_1_29' title="bbox 2026 1183 3683 1256">
     <span class='ocr_line' id='line_1_29' title="bbox 2026 1183 3683 1256; baseline 0 -17"><span class='ocrx_word' id='word_1_181' title='bbox 2026 1186 2293 1256; x_wconf 89' lang='lat' dir='ltr'>pluribus</span> <span class='ocrx_word' id='word_1_182' title='bbox 2335 1186 2752 1240; x_wconf 87' lang='lat' dir='ltr'>muniﬁcentiis</span> <span class='ocrx_word' id='word_1_183' title='bbox 2809 1187 3172 1253; x_wconf 87' lang='lat' dir='ltr'>honoratus,</span> <span class='ocrx_word' id='word_1_184' title='bbox 3235 1183 3482 1237; x_wconf 86' lang='lat' dir='ltr'>reditum</span> <span class='ocrx_word' id='word_1_185' title='bbox 3527 1185 3683 1239; x_wconf 91' lang='lat' dir='ltr'>unde</span> 
     </span>
    </p>
   </div>
   <div class='ocr_carea' id='block_1_30' title="bbox 2024 1272 3684 1344">
    <p class='ocr_par' dir='ltr' id='par_1_30' title="bbox 2024 1272 3684 1344">
     <span class='ocr_line' id='line_1_30' title="bbox 2024 1272 3684 1344; baseline -0.001 -16"><span class='ocrx_word' id='word_1_186' title='bbox 2024 1281 2265 1329; x_wconf 85' lang='lat' dir='ltr'>venerat</span> <span class='ocrx_word' id='word_1_187' title='bbox 2296 1276 2603 1344; x_wconf 87' lang='lat' dir='ltr'>accelerat,</span> <span class='ocrx_word' id='word_1_188' title='bbox 2638 1274 3030 1343; x_wconf 88' lang='lat' dir='ltr'>anhelumque</span> <span class='ocrx_word' id='word_1_189' title='bbox 3082 1274 3153 1326; x_wconf 92' lang='lat' dir='ltr'>dc</span> <span class='ocrx_word' id='word_1_190' title='bbox 3186 1272 3468 1326; x_wconf 86' lang='lat' dir='ltr'>relatione</span> <span class='ocrx_word' id='word_1_191' title='bbox 3516 1273 3684 1344; x_wconf 86' lang='lat' dir='ltr'>lega-</span> 
     </span>
    </p>
   </div>
   <div class='ocr_carea' id='block_1_31' title="bbox 2022 1362 3682 1441">
    <p class='ocr_par' dir='ltr' id='par_1_31' title="bbox 2022 1362 3682 1441">
     <span class='ocr_line' id='line_1_31' title="bbox 2022 1362 3682 1441; baseline -0.002 -22"><span class='ocrx_word' id='word_1_192' title='bbox 2022 1367 2199 1441; x_wconf 56' lang='lat' dir='ltr'>tionis</span> <span class='ocrx_word' id='word_1_193' title='bbox 2228 1367 2546 1428; x_wconf 88' lang='lat' dir='ltr'>dominum,</span> <span class='ocrx_word' id='word_1_194' title='bbox 2575 1364 2807 1434; x_wconf 85' lang='lat' dir='ltr'>nuptias</span> <span class='ocrx_word' id='word_1_195' title='bbox 2840 1377 3166 1416; x_wconf 89' lang='lat' dir='ltr'>concessas</span> <span class='ocrx_word' id='word_1_196' title='bbox 3194 1362 3536 1415; x_wconf 89' lang='lat' dir='ltr'>accelerans</span> <span class='ocrx_word' id='word_1_197' title='bbox 3563 1362 3682 1431; x_wconf 89' lang='lat' dir='ltr'>plu-</span> 
     </span>
    </p>
   </div>
   <div class='ocr_carea' id='block_1_32' title="bbox 2021 1451 3674 1521">
    <p class='ocr_par' dir='ltr' id='par_1_32' title="bbox 2021 1451 3674 1521">
     <span class='ocr_line' id='line_1_32' title="bbox 2021 1451 3674 1521; baseline -0.004 -11"><span class='ocrx_word' id='word_1_198' title='bbox 2021 1459 2234 1511; x_wconf 92' lang='lat' dir='ltr'>rimum</span> <span class='ocrx_word' id='word_1_199' title='bbox 2264 1454 2538 1508; x_wconf 71' lang='lat' dir='ltr'>laetiﬁcat.</span> <span class='ocrx_word' id='word_1_200' title='bbox 2572 1453 2757 1506; x_wconf 85' lang='lat' dir='ltr'>Porro</span> <span class='ocrx_word' id='word_1_201' title='bbox 2791 1467 2990 1504; x_wconf 91' lang='lat' dir='ltr'>comes</span> <span class='ocrx_word' id='word_1_202' title='bbox 3024 1451 3343 1521; x_wconf 64' lang='lat' dir='ltr'>Itogerius,</span> <span class='ocrx_word' id='word_1_203' title='bbox 3380 1451 3674 1520; x_wconf 79' lang='lat' dir='ltr'>apparatis</span> 
     </span>
    </p>
   </div>
   <div class='ocr_carea' id='block_1_33' title="bbox 2020 1538 3669 1615">
    <p class='ocr_par' dir='ltr' id='par_1_33' title="bbox 2020 1538 3669 1615">
     <span class='ocr_line' id='line_1_33' title="bbox 2020 1538 3669 1615; baseline -0.004 -17"><span class='ocrx_word' id='word_1_204' title='bbox 2020 1544 2115 1598; x_wconf 91' lang='lat' dir='ltr'>his</span> <span class='ocrx_word' id='word_1_205' title='bbox 2156 1560 2288 1615; x_wconf 72' lang='lat' dir='ltr'>quae</span> <span class='ocrx_word' id='word_1_206' title='bbox 2320 1543 2390 1596; x_wconf 91' lang='lat' dir='ltr'>ad</span> <span class='ocrx_word' id='word_1_207' title='bbox 2413 1540 2683 1595; x_wconf 80' lang='lat' dir='ltr'>effectum</span> <span class='ocrx_word' id='word_1_208' title='bbox 2715 1538 3138 1610; x_wconf 85' lang='lat' dir='ltr'>congruebant,</span> <span class='ocrx_word' id='word_1_209' title='bbox 3177 1539 3427 1607; x_wconf 88' lang='lat' dir='ltr'>plurima</span> <span class='ocrx_word' id='word_1_210' title='bbox 3474 1539 3669 1592; x_wconf 88' lang='lat' dir='ltr'>classe</span> 
     </span>
    </p>
   </div>
   <div class='ocr_carea' id='block_1_34' title="bbox 2018 1626 3674 1703">
    <p class='ocr_par' dir='ltr' id='par_1_34' title="bbox 2018 1626 3674 1703">
     <span class='ocr_line' id='line_1_34' title="bbox 2018 1626 3674 1703; baseline -0.006 -14"><span class='ocrx_word' id='word_1_211' title='bbox 2018 1634 2361 1703; x_wconf 86' lang='lat' dir='ltr'>episc0pum</span> <span class='ocrx_word' id='word_1_212' title='bbox 2396 1631 2778 1684; x_wconf 90' lang='lat' dir='ltr'>Trainensem</span> <span class='ocrx_word' id='word_1_213' title='bbox 2811 1633 2865 1681; x_wconf 90' lang='lat' dir='ltr'>et</span> <span class='ocrx_word' id='word_1_214' title='bbox 2884 1629 3031 1682; x_wconf 88' lang='lat' dir='ltr'>alios</span> <span class='ocrx_word' id='word_1_215' title='bbox 3060 1628 3316 1682; x_wconf 91' lang='lat' dir='ltr'>barones</span> <span class='ocrx_word' id='word_1_216' title='bbox 3333 1643 3477 1681; x_wconf 90' lang='lat' dir='ltr'>suos</span> <span class='ocrx_word' id='word_1_217' title='bbox 3501 1626 3674 1679; x_wconf 91' lang='lat' dir='ltr'>ﬁliam</span> 
     </span>
    </p>
   </div>
   <div class='ocr_carea' id='block_1_35' title="bbox 2017 1715 3675 1786">
    <p class='ocr_par' dir='ltr' id='par_1_35' title="bbox 2017 1715 3675 1786">
     <span class='ocr_line' id='line_1_35' title="bbox 2017 1715 3675 1786; baseline -0.004 -11"><span class='ocrx_word' id='word_1_218' title='bbox 2017 1722 2217 1776; x_wconf 90' lang='lat' dir='ltr'>multis</span> <span class='ocrx_word' id='word_1_219' title='bbox 2251 1721 2665 1774; x_wconf 86' lang='lat' dir='ltr'>thesaurorum</span> <span class='ocrx_word' id='word_1_220' title='bbox 2697 1717 2963 1771; x_wconf 89' lang='lat' dir='ltr'>enxeniis</span> <span class='ocrx_word' id='word_1_221' title='bbox 2988 1716 3220 1770; x_wconf 79' lang='lat' dir='ltr'>ditatem</span> <span class='ocrx_word' id='word_1_222' title='bbox 3254 1715 3452 1769; x_wconf 87' lang='lat' dir='ltr'>Pisam</span> <span class='ocrx_word' id='word_1_223' title='bbox 3483 1731 3675 1786; x_wconf 90' lang='lat' dir='ltr'>usque</span> 
     </span>
    </p>
   </div>
   <div class='ocr_carea' id='block_1_36' title="bbox 2018 1804 3677 1876">
    <p class='ocr_par' dir='ltr' id='par_1_36' title="bbox 2018 1804 3677 1876">
     <span class='ocr_line' id='line_1_36' title="bbox 2018 1804 3677 1876; baseline -0.007 -9"><span class='ocrx_word' id='word_1_224' title='bbox 2018 1813 2351 1868; x_wconf 86' lang='lat' dir='ltr'>conducere</span> <span class='ocrx_word' id='word_1_225' title='bbox 2388 1809 2524 1863; x_wconf 88' lang='lat' dir='ltr'>facit</span> <span class='ocrx_word' id='word_1_226' title='bbox 2564 1808 2666 1861; x_wconf 90' lang='lat' dir='ltr'>ubi</span> <span class='ocrx_word' id='word_1_227' title='bbox 2724 1806 2881 1861; x_wconf 85' lang='lat' dir='ltr'>ﬁlius</span> <span class='ocrx_word' id='word_1_228' title='bbox 2914 1806 3079 1876; x_wconf 84' lang='lat' dir='ltr'>regis</span> <span class='ocrx_word' id='word_1_229' title='bbox 3110 1806 3321 1859; x_wconf 90' lang='lat' dir='ltr'>obvius</span> <span class='ocrx_word' id='word_1_230' title='bbox 3353 1821 3485 1858; x_wconf 86' lang='lat' dir='ltr'>cum</span> <span class='ocrx_word' id='word_1_231' title='bbox 3519 1804 3677 1858; x_wconf 91' lang='lat' dir='ltr'>omni</span> 
     </span>
    </p>
   </div>
   <div class='ocr_carea' id='block_1_37' title="bbox 222 1888 3671 1968">
    <p class='ocr_par' dir='ltr' id='par_1_37' title="bbox 222 1888 3671 1968">
     <span class='ocr_line' id='line_1_37' title="bbox 222 1888 3671 1968; baseline -0.005 -7"><span class='ocrx_word' id='word_1_232' title='bbox 222 1891 520 1961; x_wconf 59' lang='lat' dir='ltr'>Jussores</span> <span class='ocrx_word' id='word_1_233' title='bbox 556 1889 627 1942; x_wconf 69' lang='lat' dir='ltr'>ad</span> <span class='ocrx_word' id='word_1_234' title='bbox 660 1890 937 1959; x_wconf 65' lang='grc' dir='ltr'>Ριδείίαω</span> <span class='ocrx_word' id='word_1_235' title='bbox 970 1888 1269 1941; x_wconf 58' lang='lat' dir='ltr'>(“mian</span> <span class='ocrx_word' id='word_1_236' title='bbox 1293 1889 1487 1956; x_wconf 60' lang='lat' dir='ltr'>hi&#39;beb</span> <span class='ocrx_word' id='word_1_237' title='bbox 1518 1905 1649 1960; x_wconf 69' lang='grc' dir='ltr'>ίῐυὶθ</span> <span class='ocrx_word' id='word_1_238' title='bbox 1672 1889 1744 1942; x_wconf 72' lang='lat' dir='ltr'>de</span> <span class='ocrx_word' id='word_1_239' title='bbox 1772 1889 1901 1957; x_wconf 69' lang='lat' dir='ltr'>ipso</span> <span class='ocrx_word' id='word_1_240' title='bbox 1934 1908 1985 1968; x_wconf 88' lang='grc' dir='ltr'>Β</span> <span class='ocrx_word' id='word_1_241' title='bbox 2017 1900 2465 1956; x_wconf 73' lang='lat' dir='ltr'>honorificentia</span> <span class='ocrx_word' id='word_1_242' title='bbox 2516 1896 2873 1966; x_wconf 89' lang='lat' dir='ltr'>suscipiens,</span> <span class='ocrx_word' id='word_1_243' title='bbox 2935 1894 3267 1947; x_wconf 84' lang='lat' dir='ltr'>authentico</span> <span class='ocrx_word' id='word_1_244' title='bbox 3327 1892 3671 1961; x_wconf 88' lang='lat' dir='ltr'>dispensata</span> 
     </span>
    </p>
   </div>
   <div class='ocr_carea' id='block_1_38' title="bbox 230 1976 1900 2048">
    <p class='ocr_par' dir='ltr' id='par_1_38' title="bbox 230 1976 1900 2048">
     <span class='ocr_line' id='line_1_38' title="bbox 230 1976 1900 2048; baseline 0 -16"><span class='ocrx_word' id='word_1_245' title='bbox 230 1978 514 2045; x_wconf 83' lang='lat' dir='ltr'>habebat,</span> <span class='ocrx_word' id='word_1_246' title='bbox 538 1994 642 2047; x_wconf 90' lang='lat' dir='ltr'>pro</span> <span class='ocrx_word' id='word_1_247' title='bbox 671 1976 866 2048; x_wconf 88' lang='lat' dir='ltr'>plegio</span> <span class='ocrx_word' id='word_1_248' title='bbox 886 1976 1238 2046; x_wconf 89' lang='lat' dir='ltr'>ponit.Duci,</span> <span class='ocrx_word' id='word_1_249' title='bbox 1265 1976 1322 2029; x_wconf 87' lang='lat' dir='ltr'>in</span> <span class='ocrx_word' id='word_1_250' title='bbox 1342 1993 1451 2030; x_wconf 88' lang='lat' dir='ltr'>sua</span> <span class='ocrx_word' id='word_1_251' title='bbox 1470 1977 1900 2047; x_wconf 88' lang='lat' dir='ltr'>virtute,usque</span> 
     </span>
    </p>
   </div>
   <div class='ocr_carea' id='block_1_39' title="bbox 227 2063 1901 2136">
    <p class='ocr_par' dir='ltr' id='par_1_39' title="bbox 227 2063 1901 2136">
     <span class='ocr_line' id='line_1_39' title="bbox 227 2063 1901 2136; baseline -0.001 -16"><span class='ocrx_word' id='word_1_252' title='bbox 227 2067 305 2120; x_wconf 87' lang='lat' dir='ltr'>ad</span> <span class='ocrx_word' id='word_1_253' title='bbox 339 2065 790 2120; x_wconf 88' lang='lat' dir='ltr'>determinatum</span> <span class='ocrx_word' id='word_1_254' title='bbox 823 2065 976 2120; x_wconf 89' lang='lat' dir='ltr'>diem</span> <span class='ocrx_word' id='word_1_255' title='bbox 1005 2080 1120 2136; x_wconf 91' lang='lat' dir='ltr'>quo</span> <span class='ocrx_word' id='word_1_256' title='bbox 1168 2063 1270 2135; x_wconf 85' lang='lat' dir='ltr'>jus</span> <span class='ocrx_word' id='word_1_257' title='bbox 1313 2067 1578 2119; x_wconf 88' lang='lat' dir='ltr'>teneatur</span> <span class='ocrx_word' id='word_1_258' title='bbox 1609 2066 1901 2120; x_wconf 89' lang='lat' dir='ltr'>delibera-</span> 
     </span>
    </p>
   </div>
   <div class='ocr_carea' id='block_1_40' title="bbox 227 2153 1901 2224">
    <p class='ocr_par' dir='ltr' id='par_1_40' title="bbox 227 2153 1901 2224">
     <span class='ocr_line' id='line_1_40' title="bbox 227 2153 1901 2224; baseline 0 -16"><span class='ocrx_word' id='word_1_259' title='bbox 227 2158 379 2223; x_wconf 91' lang='lat' dir='ltr'>tum,</span> <span class='ocrx_word' id='word_1_260' title='bbox 415 2168 524 2223; x_wconf 88' lang='lat' dir='ltr'>per</span> <span class='ocrx_word' id='word_1_261' title='bbox 562 2169 797 2207; x_wconf 89' lang='lat' dir='ltr'>manum</span> <span class='ocrx_word' id='word_1_262' title='bbox 829 2154 1063 2207; x_wconf 90' lang='lat' dir='ltr'>comitis</span> <span class='ocrx_word' id='word_1_263' title='bbox 1087 2169 1341 2208; x_wconf 90' lang='lat' dir='ltr'>securus</span> <span class='ocrx_word' id='word_1_264' title='bbox 1374 2153 1584 2222; x_wconf 90' lang='lat' dir='ltr'>factus,</span> <span class='ocrx_word' id='word_1_265' title='bbox 1615 2154 1771 2224; x_wconf 89' lang='lat' dir='ltr'>quod</span> <span class='ocrx_word' id='word_1_266' title='bbox 1796 2153 1901 2224; x_wconf 87' lang='lat' dir='ltr'>jus</span> 
     </span>
    </p>
   </div>
   <div class='ocr_carea' id='block_1_41' title="bbox 226 2242 1901 2313">
    <p class='ocr_par' dir='ltr' id='par_1_41' title="bbox 226 2242 1901 2313">
     <span class='ocr_line' id='line_1_41' title="bbox 226 2242 1901 2313; baseline -0.001 -16"><span class='ocrx_word' id='word_1_267' title='bbox 226 2243 843 2313; x_wconf 76' lang='lat' dir='ltr'>exsequipreevaleat,</span> <span class='ocrx_word' id='word_1_268' title='bbox 880 2243 1077 2296; x_wconf 89' lang='lat' dir='ltr'>castra</span> <span class='ocrx_word' id='word_1_269' title='bbox 1109 2258 1218 2295; x_wconf 88' lang='lat' dir='ltr'>sua</span> <span class='ocrx_word' id='word_1_270' title='bbox 1250 2242 1367 2296; x_wconf 90' lang='lat' dir='ltr'>sibi</span> <span class='ocrx_word' id='word_1_271' title='bbox 1399 2242 1738 2297; x_wconf 89' lang='lat' dir='ltr'>reddantur.</span> <span class='ocrx_word' id='word_1_272' title='bbox 1774 2242 1901 2296; x_wconf 91' lang='lat' dir='ltr'>lns-</span> 
     </span>
    </p>
   </div>
   <div class='ocr_carea' id='block_1_42' title="bbox 224 2330 1899 2401">
    <p class='ocr_par' dir='ltr' id='par_1_42' title="bbox 224 2330 1899 2401">
     <span class='ocr_line' id='line_1_42' title="bbox 224 2330 1899 2401; baseline -0.001 -16"><span class='ocrx_word' id='word_1_273' title='bbox 224 2334 392 2385; x_wconf 88' lang='lat' dir='ltr'>tante</span> <span class='ocrx_word' id='word_1_274' title='bbox 426 2331 620 2401; x_wconf 84' lang='lat' dir='ltr'>itaque</span> <span class='ocrx_word' id='word_1_275' title='bbox 676 2331 926 2385; x_wconf 89' lang='lat' dir='ltr'>termino</span> <span class='ocrx_word' id='word_1_276' title='bbox 952 2330 1112 2401; x_wconf 87' lang='lat' dir='ltr'>juris</span> <span class='ocrx_word' id='word_1_277' title='bbox 1142 2331 1398 2399; x_wconf 90' lang='lat' dir='ltr'>tenendi,</span> <span class='ocrx_word' id='word_1_278' title='bbox 1456 2332 1587 2385; x_wconf 91' lang='lat' dir='ltr'>loco</span> <span class='ocrx_word' id='word_1_279' title='bbox 1621 2331 1899 2384; x_wconf 88' lang='lat' dir='ltr'>determi-</span> 
     </span>
    </p>
   </div>
   <div class='ocr_carea' id='block_1_43' title="bbox 223 2420 1899 2489">
    <p class='ocr_par' dir='ltr' id='par_1_43' title="bbox 223 2420 1899 2489">
     <span class='ocr_line' id='line_1_43' title="bbox 223 2420 1899 2489; baseline -0.001 -15"><span class='ocrx_word' id='word_1_280' title='bbox 223 2423 370 2474; x_wconf 87' lang='lat' dir='ltr'>nato</span> <span class='ocrx_word' id='word_1_281' title='bbox 402 2420 842 2484; x_wconf 87' lang='lat' dir='ltr'>convenientes,</span> <span class='ocrx_word' id='word_1_282' title='bbox 861 2420 1262 2489; x_wconf 84' lang='lat' dir='ltr'>querimonias</span> <span class='ocrx_word' id='word_1_283' title='bbox 1289 2420 1899 2475; x_wconf 84' lang='lat' dir='ltr'>suasadversusGui-</span> 
     </span>
    </p>
   </div>
   <div class='ocr_carea' id='block_1_44' title="bbox 220 2508 1900 2579">
    <p class='ocr_par' dir='ltr' id='par_1_44' title="bbox 220 2508 1900 2579">
     <span class='ocr_line' id='line_1_44' title="bbox 220 2508 1900 2579; baseline -0.001 -17"><span class='ocrx_word' id='word_1_284' title='bbox 220 2509 493 2562; x_wconf 87' lang='lat' dir='ltr'>lielmum</span> <span class='ocrx_word' id='word_1_285' title='bbox 513 2508 895 2577; x_wconf 69' lang='lat' dir='ltr'>exponit,’sed</span> <span class='ocrx_word' id='word_1_286' title='bbox 911 2508 1006 2562; x_wconf 90' lang='lat' dir='ltr'>ille</span> <span class='ocrx_word' id='word_1_287' title='bbox 1019 2508 1313 2562; x_wconf 91' lang='lat' dir='ltr'>modicum</span> <span class='ocrx_word' id='word_1_288' title='bbox 1328 2508 1486 2579; x_wconf 88' lang='lat' dir='ltr'>juris</span> <span class='ocrx_word' id='word_1_289' title='bbox 1506 2508 1900 2572; x_wconf 87' lang='lat' dir='ltr'>habens,dum</span> 
     </span>
    </p>
   </div>
   <div class='ocr_carea' id='block_1_45' title="bbox 220 2595 1897 2667">
    <p class='ocr_par' dir='ltr' id='par_1_45' title="bbox 220 2595 1897 2667">
     <span class='ocr_line' id='line_1_45' title="bbox 220 2595 1897 2667; baseline 0 -17"><span class='ocrx_word' id='word_1_290' title='bbox 220 2597 430 2650; x_wconf 88' lang='lat' dir='ltr'>minus</span> <span class='ocrx_word' id='word_1_291' title='bbox 455 2596 748 2651; x_wconf 89' lang='lat' dir='ltr'>rhetorice</span> <span class='ocrx_word' id='word_1_292' title='bbox 774 2599 1236 2667; x_wconf 85' lang='lat' dir='ltr'>argumentatur,</span> <span class='ocrx_word' id='word_1_293' title='bbox 1265 2595 1490 2665; x_wconf 79' lang='lat' dir='ltr'>judicio</span> <span class='ocrx_word' id='word_1_294' title='bbox 1515 2596 1609 2649; x_wconf 89' lang='lat' dir='ltr'>his</span> <span class='ocrx_word' id='word_1_295' title='bbox 1633 2612 1765 2666; x_wconf 71' lang='lat' dir='ltr'>quae</span> <span class='ocrx_word' id='word_1_296' title='bbox 1786 2598 1897 2650; x_wconf 91' lang='lat' dir='ltr'>sub</span> 
     </span>
    </p>
   </div>
   <div class='ocr_carea' id='block_1_46' title="bbox 219 2684 1895 2755">
    <p class='ocr_par' dir='ltr' id='par_1_46' title="bbox 219 2684 1895 2755">
     <span class='ocr_line' id='line_1_46' title="bbox 219 2684 1895 2755; baseline 0 -16"><span class='ocrx_word' id='word_1_297' title='bbox 219 2686 381 2739; x_wconf 89' lang='lat' dir='ltr'>duce</span> <span class='ocrx_word' id='word_1_298' title='bbox 414 2684 588 2740; x_wconf 89' lang='lat' dir='ltr'>habet</span> <span class='ocrx_word' id='word_1_299' title='bbox 628 2685 912 2755; x_wconf 87' lang='lat' dir='ltr'>privatur.</span> <span class='ocrx_word' id='word_1_300' title='bbox 957 2686 1031 2738; x_wconf 86' lang='lat' dir='ltr'>At</span> <span class='ocrx_word' id='word_1_301' title='bbox 1058 2685 1197 2738; x_wconf 91' lang='lat' dir='ltr'>dum</span> <span class='ocrx_word' id='word_1_302' title='bbox 1220 2685 1443 2755; x_wconf 87' lang='lat' dir='ltr'>judicio</span> <span class='ocrx_word' id='word_1_303' title='bbox 1490 2686 1895 2740; x_wconf 90' lang='lat' dir='ltr'>contradicere</span> 
     </span>
    </p>
   </div>
   <div class='ocr_carea' id='block_1_47' title="bbox 212 2773 1897 2844">
    <p class='ocr_par' dir='ltr' id='par_1_47' title="bbox 212 2773 1897 2844">
     <span class='ocr_line' id='line_1_47' title="bbox 212 2773 1897 2844; baseline 0.001 -17"><span class='ocrx_word' id='word_1_304' title='bbox 212 2774 488 2841; x_wconf 87' lang='lat' dir='ltr'>molitur,</span> <span class='ocrx_word' id='word_1_305' title='bbox 511 2774 707 2829; x_wconf 91' lang='lat' dir='ltr'>minus</span> <span class='ocrx_word' id='word_1_306' title='bbox 756 2773 1050 2829; x_wconf 85' lang='lat' dir='ltr'>facultatis</span> <span class='ocrx_word' id='word_1_307' title='bbox 1100 2774 1189 2828; x_wconf 89' lang='lat' dir='ltr'>vel</span> <span class='ocrx_word' id='word_1_308' title='bbox 1215 2774 1378 2844; x_wconf 85' lang='lat' dir='ltr'>juris</span> <span class='ocrx_word' id='word_1_309' title='bbox 1436 2774 1684 2840; x_wconf 87' lang='lat' dir='ltr'>habens,</span> <span class='ocrx_word' id='word_1_310' title='bbox 1721 2774 1897 2828; x_wconf 89' lang='lat' dir='ltr'>terris</span> 
     </span>
    </p>
   </div>
   <div class='ocr_carea' id='block_1_48' title="bbox 216 2862 1898 2932">
    <p class='ocr_par' dir='ltr' id='par_1_48' title="bbox 216 2862 1898 2932">
     <span class='ocr_line' id='line_1_48' title="bbox 216 2862 1898 2932; baseline 0.001 -17"><span class='ocrx_word' id='word_1_311' title='bbox 216 2863 497 2931; x_wconf 83' lang='lat' dir='ltr'>privatus</span> <span class='ocrx_word' id='word_1_312' title='bbox 528 2878 660 2916; x_wconf 91' lang='lat' dir='ltr'>cum</span> <span class='ocrx_word' id='word_1_313' title='bbox 682 2878 865 2916; x_wconf 89' lang='lat' dir='ltr'>uxore</span> <span class='ocrx_word' id='word_1_314' title='bbox 883 2863 954 2916; x_wconf 90' lang='lat' dir='ltr'>ad</span> <span class='ocrx_word' id='word_1_315' title='bbox 975 2863 1387 2932; x_wconf 88' lang='lat' dir='ltr'>imperatorem</span> <span class='ocrx_word' id='word_1_316' title='bbox 1406 2862 1898 2932; x_wconf 83' lang='lat' dir='ltr'>Constantinopo-</span> 
     </span>
    </p>
   </div>
   <div class='ocr_carea' id='block_1_49' title="bbox 214 2950 1892 3022">
    <p class='ocr_par' dir='ltr' id='par_1_49' title="bbox 214 2950 1892 3022">
     <span class='ocr_line' id='line_1_49' title="bbox 214 2950 1892 3022; baseline -0.001 -17"><span class='ocrx_word' id='word_1_317' title='bbox 214 2950 473 3005; x_wconf 87' lang='lat' dir='ltr'>litanum</span> <span class='ocrx_word' id='word_1_318' title='bbox 523 2951 811 3019; x_wconf 88' lang='lat' dir='ltr'>transivit,</span> <span class='ocrx_word' id='word_1_319' title='bbox 868 2951 966 3004; x_wconf 91' lang='lat' dir='ltr'>ubi</span> <span class='ocrx_word' id='word_1_320' title='bbox 1006 2951 1435 3022; x_wconf 88' lang='lat' dir='ltr'>aliquantisper</span> <span class='ocrx_word' id='word_1_321' title='bbox 1475 2953 1892 3019; x_wconf 89' lang='lat' dir='ltr'>commoratus,</span> 
     </span>
    </p>
   </div>
   <div class='ocr_carea' id='block_1_50' title="bbox 215 3038 1897 3109">
    <p class='ocr_par' dir='ltr' id='par_1_50' title="bbox 215 3038 1897 3109">
     <span class='ocr_line' id='line_1_50' title="bbox 215 3038 1897 3109; baseline 0 -16"><span class='ocrx_word' id='word_1_322' title='bbox 215 3038 464 3093; x_wconf 85' lang='lat' dir='ltr'>tandem</span> <span class='ocrx_word' id='word_1_323' title='bbox 498 3055 632 3093; x_wconf 91' lang='lat' dir='ltr'>cum</span> <span class='ocrx_word' id='word_1_324' title='bbox 665 3040 840 3093; x_wconf 91' lang='lat' dir='ltr'>multa</span> <span class='ocrx_word' id='word_1_325' title='bbox 871 3040 1121 3109; x_wconf 88' lang='lat' dir='ltr'>pecunia</span> <span class='ocrx_word' id='word_1_326' title='bbox 1150 3040 1409 3108; x_wconf 87' lang='lat' dir='ltr'>rediens,</span> <span class='ocrx_word' id='word_1_327' title='bbox 1446 3040 1601 3107; x_wconf 90' lang='lat' dir='ltr'>duci,</span> <span class='ocrx_word' id='word_1_328' title='bbox 1627 3043 1688 3092; x_wconf 92' lang='lat' dir='ltr'>ut</span> <span class='ocrx_word' id='word_1_329' title='bbox 1717 3039 1812 3108; x_wconf 90' lang='lat' dir='ltr'>pio</span> <span class='ocrx_word' id='word_1_330' title='bbox 1842 3043 1897 3093; x_wconf 88' lang='lat' dir='ltr'>et</span> 
     </span>
    </p>
   </div>
   <div class='ocr_carea' id='block_1_51' title="bbox 200 3127 1894 3198">
    <p class='ocr_par' dir='ltr' id='par_1_51' title="bbox 200 3127 1894 3198">
     <span class='ocr_line' id='line_1_51' title="bbox 200 3127 1894 3198; baseline -0.002 -13"><span class='ocrx_word' id='word_1_331' title='bbox 200 3127 605 3185; x_wconf 83' lang='lat' dir='ltr'>_miserir.ordi</span> <span class='ocrx_word' id='word_1_332' title='bbox 647 3129 774 3182; x_wconf 91' lang='lat' dir='ltr'>viro</span> <span class='ocrx_word' id='word_1_333' title='bbox 806 3128 1244 3196; x_wconf 90' lang='lat' dir='ltr'>reconciliatus,</span> <span class='ocrx_word' id='word_1_334' title='bbox 1295 3132 1509 3182; x_wconf 89' lang='lat' dir='ltr'>terram</span> <span class='ocrx_word' id='word_1_335' title='bbox 1539 3144 1714 3198; x_wconf 89' lang='lat' dir='ltr'>quam</span> <span class='ocrx_word' id='word_1_336' title='bbox 1746 3128 1894 3181; x_wconf 88' lang='lat' dir='ltr'>ami-</span> 
     </span>
    </p>
   </div>
   <div class='ocr_carea' id='block_1_52' title="bbox 200 3216 1896 3288">
    <p class='ocr_par' dir='ltr' id='par_1_52' title="bbox 200 3216 1896 3288">
     <span class='ocr_line' id='line_1_52' title="bbox 200 3216 1896 3288; baseline 0.001 -18"><span class='ocrx_word' id='word_1_337' title='bbox 200 3220 428 3287; x_wconf 82' lang='lat' dir='ltr'>serat,</span> <span class='ocrx_word' id='word_1_338' title='bbox 462 3221 706 3286; x_wconf 87' lang='lat' dir='ltr'>excepto</span> <span class='ocrx_word' id='word_1_339' title='bbox 759 3220 954 3271; x_wconf 87' lang='lat' dir='ltr'>castro</span> <span class='ocrx_word' id='word_1_340' title='bbox 997 3217 1155 3288; x_wconf 85' lang='lat' dir='ltr'>quod</span> <span class='ocrx_word' id='word_1_341' title='bbox 1203 3217 1264 3272; x_wconf 88' lang='lat' dir='ltr'>S.</span> <span class='ocrx_word' id='word_1_342' title='bbox 1299 3217 1487 3271; x_wconf 86' lang='lat' dir='ltr'>Mauri</span> <span class='ocrx_word' id='word_1_343' title='bbox 1527 3216 1759 3286; x_wconf 87' lang='lat' dir='ltr'>dicitur,</span> <span class='ocrx_word' id='word_1_344' title='bbox 1803 3232 1896 3272; x_wconf 87' lang='lat' dir='ltr'>re-</span> 
     </span>
    </p>
   </div>
   <div class='ocr_carea' id='block_1_53' title="bbox 198 3304 387 3375">
    <p class='ocr_par' dir='ltr' id='par_1_53' title="bbox 198 3304 387 3375">
     <span class='ocr_line' id='line_1_53' title="bbox 198 3304 387 3375; baseline -0.005 -17"><span class='ocrx_word' id='word_1_345' title='bbox 198 3304 387 3375; x_wconf 65' lang='lat' dir='ltr'>cipit.</span> 
     </span>
    </p>
   </div>
   <div class='ocr_carea' id='block_1_54' title="bbox 790 3394 1313 3448">
    <p class='ocr_par' dir='ltr' id='par_1_54' title="bbox 790 3394 1313 3448">
     <span class='ocr_line' id='line_1_54' title="bbox 790 3394 1313 3448; baseline 0 -1"><span class='ocrx_word' id='word_1_346' title='bbox 790 3394 1040 3448; x_wconf 84' lang='lat' dir='ltr'>CAPUT</span> <span class='ocrx_word' id='word_1_347' title='bbox 1096 3394 1313 3448; x_wconf 84' lang='lat' dir='ltr'>XXIII.</span> 
     </span>
    </p>
   </div>
   <div class='ocr_carea' id='block_1_55' title="bbox 2017 1980 3672 2058">
    <p class='ocr_par' dir='ltr' id='par_1_55' title="bbox 2017 1980 3672 2058">
     <span class='ocr_line' id='line_1_55' title="bbox 2017 1980 3672 2058; baseline -0.008 -13"><span class='ocrx_word' id='word_1_348' title='bbox 2017 1991 2316 2045; x_wconf 88' lang='lat' dir='ltr'>solemnes</span> <span class='ocrx_word' id='word_1_349' title='bbox 2347 1987 2581 2058; x_wconf 89' lang='lat' dir='ltr'>nuptias</span> <span class='ocrx_word' id='word_1_350' title='bbox 2622 1985 2941 2039; x_wconf 85' lang='lat' dir='ltr'>celebravit</span> <span class='ocrx_word' id='word_1_351' title='bbox 2990 1998 3141 2037; x_wconf 88' lang='lat' dir='ltr'>anno</span> <span class='ocrx_word' id='word_1_352' title='bbox 3172 1981 3352 2035; x_wconf 88' lang='lat' dir='ltr'>Verbi</span> <span class='ocrx_word' id='word_1_353' title='bbox 3388 1980 3672 2035; x_wconf 88' lang='lat' dir='ltr'>incarnati</span> 
     </span>
    </p>
   </div>
   <div class='ocr_carea' id='block_1_56' title="bbox 2014 2073 2981 2147">
    <p class='ocr_par' dir='ltr' id='par_1_56' title="bbox 2014 2073 2981 2147">
     <span class='ocr_line' id='line_1_56' title="bbox 2014 2073 2981 2147; baseline -0.009 -13"><span class='ocrx_word' id='word_1_354' title='bbox 2014 2077 2325 2134; x_wconf 88' lang='lat' dir='ltr'>millesimo</span> <span class='ocrx_word' id='word_1_355' title='bbox 2347 2076 2736 2147; x_wconf 81' lang='lat' dir='ltr'>nonagesimo</span> <span class='ocrx_word' id='word_1_356' title='bbox 2758 2073 2981 2144; x_wconf 87' lang='lat' dir='ltr'>quinto.</span> 
     </span>
    </p>
   </div>
   <div class='ocr_carea' id='block_1_57' title="bbox 2585 2196 3086 2253">
    <p class='ocr_par' dir='ltr' id='par_1_57' title="bbox 2585 2196 3086 2253">
     <span class='ocr_line' id='line_1_57' title="bbox 2585 2196 3086 2253; baseline -0.01 0"><span class='ocrx_word' id='word_1_357' title='bbox 2585 2198 2835 2253; x_wconf 85' lang='lat' dir='ltr'>CAPUT</span> <span class='ocrx_word' id='word_1_358' title='bbox 2879 2196 3086 2251; x_wconf 85' lang='lat' dir='ltr'>XXIV.</span> 
     </span>
    </p>
   </div>
   <div class='ocr_carea' id='block_1_58' title="bbox 2176 2282 3505 2344">
    <p class='ocr_par' dir='ltr' id='par_1_58' title="bbox 2176 2282 3505 2344">
     <span class='ocr_line' id='line_1_58' title="bbox 2176 2282 3505 2344; baseline -0.008 0"><span class='ocrx_word' id='word_1_359' title='bbox 2176 2290 2312 2344; x_wconf 77' lang='lat' dir='ltr'>Dux</span> <span class='ocrx_word' id='word_1_360' title='bbox 2338 2295 2397 2343; x_wconf 77' lang='lat' dir='ltr'>et</span> <span class='ocrx_word' id='word_1_361' title='bbox 2429 2302 2623 2343; x_wconf 87' lang='lat' dir='ltr'>comes</span> <span class='ocrx_word' id='word_1_362' title='bbox 2649 2286 2893 2341; x_wconf 75' lang='lat' dir='ltr'>Melfam</span> <span class='ocrx_word' id='word_1_363' title='bbox 2924 2285 3232 2339; x_wconf 86' lang='lat' dir='ltr'>obsessum</span> <span class='ocrx_word' id='word_1_364' title='bbox 3270 2282 3505 2336; x_wconf 85' lang='lat' dir='ltr'>vadunt.</span> 
     </span>
    </p>
   </div>
   <div class='ocr_carea' id='block_1_59' title="bbox 2074 2404 3666 2483">
    <p class='ocr_par' dir='ltr' id='par_1_59' title="bbox 2074 2404 3666 2483">
     <span class='ocr_line' id='line_1_59' title="bbox 2074 2404 3666 2483; baseline -0.007 -13"><span class='ocrx_word' id='word_1_365' title='bbox 2074 2416 2260 2469; x_wconf 88' lang='lat' dir='ltr'>Porro</span> <span class='ocrx_word' id='word_1_366' title='bbox 2301 2414 2420 2468; x_wconf 87' lang='lat' dir='ltr'>dux</span> <span class='ocrx_word' id='word_1_367' title='bbox 2453 2411 2772 2483; x_wconf 82' lang='lat' dir='ltr'>Rogerius,</span> <span class='ocrx_word' id='word_1_368' title='bbox 2805 2409 2995 2463; x_wconf 89' lang='lat' dir='ltr'>adhuc</span> <span class='ocrx_word' id='word_1_369' title='bbox 3017 2406 3262 2477; x_wconf 84' lang='lat' dir='ltr'>juvenis</span> <span class='ocrx_word' id='word_1_370' title='bbox 3295 2408 3351 2459; x_wconf 91' lang='lat' dir='ltr'>et</span> <span class='ocrx_word' id='word_1_371' title='bbox 3384 2404 3465 2458; x_wconf 93' lang='lat' dir='ltr'>nil</span> <span class='ocrx_word' id='word_1_372' title='bbox 3497 2406 3666 2459; x_wconf 65' lang='lat' dir='ltr'>malas</span> 
     </span>
    </p>
   </div>
   <div class='ocr_carea' id='block_1_60' title="bbox 2004 2492 3665 2573">
    <p class='ocr_par' dir='ltr' id='par_1_60' title="bbox 2004 2492 3665 2573">
     <span class='ocr_line' id='line_1_60' title="bbox 2004 2492 3665 2573; baseline -0.009 -14"><span class='ocrx_word' id='word_1_373' title='bbox 2004 2502 2365 2573; x_wconf 90' lang='lat' dir='ltr'>suspicionis</span> <span class='ocrx_word' id='word_1_374' title='bbox 2403 2501 2696 2555; x_wconf 87' lang='lat' dir='ltr'>adversus</span> <span class='ocrx_word' id='word_1_375' title='bbox 2731 2498 2984 2568; x_wconf 88' lang='lat' dir='ltr'>aliquem</span> <span class='ocrx_word' id='word_1_376' title='bbox 3015 2495 3262 2563; x_wconf 89' lang='lat' dir='ltr'>habens,</span> <span class='ocrx_word' id='word_1_377' title='bbox 3300 2493 3407 2547; x_wconf 89' lang='lat' dir='ltr'>sed</span> <span class='ocrx_word' id='word_1_378' title='bbox 3439 2508 3512 2546; x_wconf 84' lang='lat' dir='ltr'>ex</span> <span class='ocrx_word' id='word_1_379' title='bbox 3569 2492 3665 2546; x_wconf 90' lang='lat' dir='ltr'>sui</span> 
     </span>
    </p>
   </div>
   <div class='ocr_carea' id='block_1_61' title="bbox 2004 2582 3665 2661">
    <p class='ocr_par' dir='ltr' id='par_1_61' title="bbox 2004 2582 3665 2661">
     <span class='ocr_line' id='line_1_61' title="bbox 2004 2582 3665 2661; baseline -0.008 -14"><span class='ocrx_word' id='word_1_380' title='bbox 2004 2591 2203 2647; x_wconf 90' lang='lat' dir='ltr'>cordis</span> <span class='ocrx_word' id='word_1_381' title='bbox 2223 2590 2472 2661; x_wconf 90' lang='lat' dir='ltr'>puritate</span> <span class='ocrx_word' id='word_1_382' title='bbox 2503 2588 2753 2642; x_wconf 89' lang='lat' dir='ltr'>aliorum</span> <span class='ocrx_word' id='word_1_383' title='bbox 2770 2588 2997 2640; x_wconf 88' lang='lat' dir='ltr'>mentes</span> <span class='ocrx_word' id='word_1_384' title='bbox 3030 2584 3386 2655; x_wconf 85' lang='lat' dir='ltr'>dijudicans.</span> <span class='ocrx_word' id='word_1_385' title='bbox 3422 2582 3665 2653; x_wconf 84' lang='lat' dir='ltr'>Longo-</span> 
     </span>
    </p>
   </div>
   <div class='ocr_carea' id='block_1_62' title="bbox 2000 2669 3665 2751">
    <p class='ocr_par' dir='ltr' id='par_1_62' title="bbox 2000 2669 3665 2751">
     <span class='ocr_line' id='line_1_62' title="bbox 2000 2669 3665 2751; baseline -0.008 -16"><span class='ocrx_word' id='word_1_386' title='bbox 2000 2681 2222 2735; x_wconf 90' lang='lat' dir='ltr'>bardos</span> <span class='ocrx_word' id='word_1_387' title='bbox 2253 2694 2421 2751; x_wconf 83' lang='lat' dir='ltr'>aeque</span> <span class='ocrx_word' id='word_1_388' title='bbox 2440 2680 2498 2733; x_wconf 91' lang='lat' dir='ltr'>ut</span> <span class='ocrx_word' id='word_1_389' title='bbox 2529 2678 2948 2741; x_wconf 91' lang='lat' dir='ltr'>Nortmannos,</span> <span class='ocrx_word' id='word_1_390' title='bbox 2983 2674 3121 2744; x_wconf 90' lang='lat' dir='ltr'>quia</span> <span class='ocrx_word' id='word_1_391' title='bbox 3150 2688 3225 2726; x_wconf 90' lang='lat' dir='ltr'>ex</span> <span class='ocrx_word' id='word_1_392' title='bbox 3256 2674 3418 2742; x_wconf 91' lang='lat' dir='ltr'>parte</span> <span class='ocrx_word' id='word_1_393' title='bbox 3459 2669 3665 2725; x_wconf 86' lang='lat' dir='ltr'>matris</span> 
     </span>
    </p>
   </div>
   <div class='ocr_carea' id='block_1_63' title="bbox 2003 2761 3662 2839">
    <p class='ocr_par' dir='ltr' id='par_1_63' title="bbox 2003 2761 3662 2839">
     <span class='ocr_line' id='line_1_63' title="bbox 2003 2761 3662 2839; baseline -0.007 -15"><span class='ocrx_word' id='word_1_394' title='bbox 2003 2786 2075 2825; x_wconf 90' lang='lat' dir='ltr'>ex</span> <span class='ocrx_word' id='word_1_395' title='bbox 2097 2762 2308 2823; x_wconf 82' lang='lat' dir='ltr'>eorum</span> <span class='ocrx_word' id='word_1_396' title='bbox 2342 2771 2517 2839; x_wconf 90' lang='lat' dir='ltr'>gente</span> <span class='ocrx_word' id='word_1_397' title='bbox 2562 2770 2703 2834; x_wconf 88' lang='lat' dir='ltr'>erat,</span> <span class='ocrx_word' id='word_1_398' title='bbox 2739 2764 2856 2819; x_wconf 86' lang='lat' dir='ltr'>sibi</span> <span class='ocrx_word' id='word_1_399' title='bbox 2888 2764 3094 2817; x_wconf 90' lang='lat' dir='ltr'>ﬁdeles</span> <span class='ocrx_word' id='word_1_400' title='bbox 3136 2761 3409 2828; x_wconf 85' lang='lat' dir='ltr'>credens,</span> <span class='ocrx_word' id='word_1_401' title='bbox 3446 2763 3501 2815; x_wconf 90' lang='lat' dir='ltr'>et</span> <span class='ocrx_word' id='word_1_402' title='bbox 3557 2773 3662 2812; x_wconf 91' lang='lat' dir='ltr'>eo-</span> 
     </span>
    </p>
   </div>
   <div class='ocr_carea' id='block_1_64' title="bbox 2002 2850 3660 2930">
    <p class='ocr_par' dir='ltr' id='par_1_64' title="bbox 2002 2850 3660 2930">
     <span class='ocr_line' id='line_1_64' title="bbox 2002 2850 3660 2930; baseline -0.008 -16"><span class='ocrx_word' id='word_1_403' title='bbox 2002 2875 2130 2914; x_wconf 91' lang='lat' dir='ltr'>rum</span> <span class='ocrx_word' id='word_1_404' title='bbox 2163 2873 2353 2930; x_wconf 83' lang='lat' dir='ltr'>genus</span> <span class='ocrx_word' id='word_1_405' title='bbox 2367 2859 2587 2911; x_wconf 83' lang='lat' dir='ltr'>nostrae</span> <span class='ocrx_word' id='word_1_406' title='bbox 2606 2854 2763 2926; x_wconf 83' lang='lat' dir='ltr'>genti</span> <span class='ocrx_word' id='word_1_407' title='bbox 2781 2852 3038 2907; x_wconf 91' lang='lat' dir='ltr'>invisum</span> <span class='ocrx_word' id='word_1_408' title='bbox 3061 2850 3258 2905; x_wconf 89' lang='lat' dir='ltr'>minus</span> <span class='ocrx_word' id='word_1_409' title='bbox 3277 2850 3628 2903; x_wconf 87' lang='lat' dir='ltr'>discernens</span> <span class='ocrx_word' id='word_1_410' title='bbox 3646 2889 3660 2917; x_wconf 94' lang='lat'>,</span> 
     </span>
    </p>
   </div>
   <div class='ocr_carea' id='block_1_65' title="bbox 2002 2936 3663 3002">
    <p class='ocr_par' dir='ltr' id='par_1_65' title="bbox 2002 2936 3663 3002">
     <span class='ocr_line' id='line_1_65' title="bbox 2002 2936 3663 3002; baseline -0.007 0"><span class='ocrx_word' id='word_1_411' title='bbox 2002 2952 2196 3002; x_wconf 87' lang='lat' dir='ltr'>castra</span> <span class='ocrx_word' id='word_1_412' title='bbox 2210 2962 2317 3001; x_wconf 90' lang='lat' dir='ltr'>sua</span> <span class='ocrx_word' id='word_1_413' title='bbox 2337 2945 2553 3000; x_wconf 90' lang='lat' dir='ltr'>tuenda</span> <span class='ocrx_word' id='word_1_414' title='bbox 2573 2944 2663 2997; x_wconf 88' lang='lat' dir='ltr'>eis</span> <span class='ocrx_word' id='word_1_415' title='bbox 2695 2943 2850 2996; x_wconf 89' lang='lat' dir='ltr'>haud</span> <span class='ocrx_word' id='word_1_416' title='bbox 2862 2956 3041 2997; x_wconf 89' lang='lat' dir='ltr'>secus</span> <span class='ocrx_word' id='word_1_417' title='bbox 3059 2955 3127 2993; x_wconf 88' lang='lat' dir='ltr'>ac</span> <span class='ocrx_word' id='word_1_418' title='bbox 3150 2937 3532 2993; x_wconf 88' lang='lat' dir='ltr'>Nortmannis</span> <span class='ocrx_word' id='word_1_419' title='bbox 3557 2936 3663 2991; x_wconf 88' lang='lat' dir='ltr'>de-</span> 
     </span>
    </p>
   </div>
   <div class='ocr_carea' id='block_1_66' title="bbox 1999 3024 3661 3108">
    <p class='ocr_par' dir='ltr' id='par_1_66' title="bbox 1999 3024 3661 3108">
     <span class='ocr_line' id='line_1_66' title="bbox 1999 3024 3661 3108; baseline -0.008 -17"><span class='ocrx_word' id='word_1_420' title='bbox 1999 3037 2252 3108; x_wconf 88' lang='lat' dir='ltr'>legabat.</span> <span class='ocrx_word' id='word_1_421' title='bbox 2287 3034 2456 3088; x_wconf 90' lang='lat' dir='ltr'>Unde</span> <span class='ocrx_word' id='word_1_422' title='bbox 2487 3032 2720 3102; x_wconf 89' lang='lat' dir='ltr'>accidit,</span> <span class='ocrx_word' id='word_1_423' title='bbox 2752 3035 2815 3085; x_wconf 89' lang='lat' dir='ltr'>ut</span> <span class='ocrx_word' id='word_1_424' title='bbox 2847 3031 2984 3083; x_wconf 92' lang='lat' dir='ltr'>dum</span> <span class='ocrx_word' id='word_1_425' title='bbox 3029 3028 3183 3098; x_wconf 87' lang='lat' dir='ltr'>apud</span> <span class='ocrx_word' id='word_1_426' title='bbox 3215 3026 3451 3079; x_wconf 83' lang='lat' dir='ltr'>Malfam</span> <span class='ocrx_word' id='word_1_427' title='bbox 3505 3024 3661 3079; x_wconf 90' lang='lat' dir='ltr'>idem</span> 
     </span>
    </p>
   </div>
   <div class='ocr_carea' id='block_1_67' title="bbox 2000 3114 3664 3190">
    <p class='ocr_par' dir='ltr' id='par_1_67' title="bbox 2000 3114 3664 3190">
     <span class='ocr_line' id='line_1_67' title="bbox 2000 3114 3664 3190; baseline -0.008 -10"><span class='ocrx_word' id='word_1_428' title='bbox 2000 3125 2267 3180; x_wconf 87' lang='lat' dir='ltr'>faciendo</span> <span class='ocrx_word' id='word_1_429' title='bbox 2291 3124 2486 3178; x_wconf 91' lang='lat' dir='ltr'>minus</span> <span class='ocrx_word' id='word_1_430' title='bbox 2507 3121 2657 3176; x_wconf 89' lang='lat' dir='ltr'>sibis</span> <span class='ocrx_word' id='word_1_431' title='bbox 2677 3120 3063 3190; x_wconf 89' lang='lat' dir='ltr'>prospiceret,</span> <span class='ocrx_word' id='word_1_432' title='bbox 3092 3115 3387 3171; x_wconf 80' lang='lat' dir='ltr'>Malt‘etani</span> <span class='ocrx_word' id='word_1_433' title='bbox 3410 3114 3576 3182; x_wconf 91' lang='lat' dir='ltr'>urbe,</span> <span class='ocrx_word' id='word_1_434' title='bbox 3605 3114 3664 3167; x_wconf 91' lang='lat' dir='ltr'>et</span> 
     </span>
    </p>
   </div>
   <div class='ocr_carea' id='block_1_68' title="bbox 1999 3206 3660 3285">
    <p class='ocr_par' dir='ltr' id='par_1_68' title="bbox 1999 3206 3660 3285">
     <span class='ocr_line' id='line_1_68' title="bbox 1999 3206 3660 3285; baseline -0.008 -15"><span class='ocrx_word' id='word_1_435' title='bbox 1999 3215 2215 3270; x_wconf 91' lang='lat' dir='ltr'>castris</span> <span class='ocrx_word' id='word_1_436' title='bbox 2247 3230 2380 3285; x_wconf 83' lang='lat' dir='ltr'>quae</span> <span class='ocrx_word' id='word_1_437' title='bbox 2423 3210 2789 3268; x_wconf 89' lang='lat' dir='ltr'>Guiscardus</span> <span class='ocrx_word' id='word_1_438' title='bbox 2822 3208 2893 3263; x_wconf 87' lang='lat' dir='ltr'>ad</span> <span class='ocrx_word' id='word_1_439' title='bbox 2917 3206 3218 3277; x_wconf 90' lang='lat' dir='ltr'>perﬁdiam</span> <span class='ocrx_word' id='word_1_440' title='bbox 3251 3220 3453 3260; x_wconf 90' lang='lat' dir='ltr'>eorum</span> <span class='ocrx_word' id='word_1_441' title='bbox 3495 3218 3660 3257; x_wconf 89' lang='lat' dir='ltr'>com-</span> 
     </span>
    </p>
   </div>
   <div class='ocr_carea' id='block_1_69' title="bbox 1996 3292 3661 3375">
    <p class='ocr_par' dir='ltr' id='par_1_69' title="bbox 1996 3292 3661 3375">
     <span class='ocr_line' id='line_1_69' title="bbox 1996 3292 3661 3375; baseline -0.008 -16"><span class='ocrx_word' id='word_1_442' title='bbox 1996 3305 2359 3375; x_wconf 88' lang='lat' dir='ltr'>primendam</span> <span class='ocrx_word' id='word_1_443' title='bbox 2381 3301 2597 3356; x_wconf 89' lang='lat' dir='ltr'>ibidem</span> <span class='ocrx_word' id='word_1_444' title='bbox 2617 3299 2858 3367; x_wconf 85' lang='lat' dir='ltr'>fecerat,</span> <span class='ocrx_word' id='word_1_445' title='bbox 2879 3312 2986 3367; x_wconf 88' lang='lat' dir='ltr'>pro</span> <span class='ocrx_word' id='word_1_446' title='bbox 3006 3295 3175 3349; x_wconf 90' lang='lat' dir='ltr'>libitu</span> <span class='ocrx_word' id='word_1_447' title='bbox 3193 3310 3301 3349; x_wconf 93' lang='lat' dir='ltr'>suo</span> <span class='ocrx_word' id='word_1_448' title='bbox 3323 3295 3578 3362; x_wconf 88' lang='lat' dir='ltr'>utentes,</span> <span class='ocrx_word' id='word_1_449' title='bbox 3600 3292 3661 3345; x_wconf 84' lang='lat' dir='ltr'>li-</span> 
     </span>
    </p>
   </div>
   <div class='ocr_carea' id='block_1_70' title="bbox 1993 3381 3656 3454">
    <p class='ocr_par' dir='ltr' id='par_1_70' title="bbox 1993 3381 3656 3454">
     <span class='ocr_line' id='line_1_70' title="bbox 1993 3381 3656 3454; baseline -0.01 -3"><span class='ocrx_word' id='word_1_450' title='bbox 1993 3394 2197 3451; x_wconf 85' lang='lat' dir='ltr'>heram</span> <span class='ocrx_word' id='word_1_451' title='bbox 2230 3391 2565 3448; x_wconf 89' lang='lat' dir='ltr'>facultatem</span> <span class='ocrx_word' id='word_1_452' title='bbox 2590 3387 2817 3443; x_wconf 86' lang='lat' dir='ltr'>fraudis</span> <span class='ocrx_word' id='word_1_453' title='bbox 2843 3402 2971 3441; x_wconf 64' lang='lat' dir='ltr'>suae</span> <span class='ocrx_word' id='word_1_454' title='bbox 3003 3384 3351 3439; x_wconf 83' lang='lat' dir='ltr'>exercendae</span> <span class='ocrx_word' id='word_1_455' title='bbox 3374 3381 3656 3454; x_wconf 64' lang='lat' dir='ltr'>nacti,juo</span> 
     </span>
    </p>
   </div>
   <div class='ocr_carea' id='block_1_71' title="bbox 211 3471 3656 3557">
    <p class='ocr_par' dir='ltr' id='par_1_71' title="bbox 211 3471 3656 3557">
     <span class='ocr_line' id='line_1_71' title="bbox 211 3471 3656 3557; baseline -0.003 -20"><span class='ocrx_word' id='word_1_456' title='bbox 211 3483 438 3537; x_wconf 85' lang='lat' dir='ltr'>Comes</span> <span class='ocrx_word' id='word_1_457' title='bbox 458 3481 638 3535; x_wconf 82' lang='lat' dir='ltr'>ﬁliam</span> <span class='ocrx_word' id='word_1_458' title='bbox 668 3481 791 3536; x_wconf 81' lang='lat' dir='ltr'>lilio</span> <span class='ocrx_word' id='word_1_459' title='bbox 811 3482 1197 3552; x_wconf 79' lang='lat' dir='ltr'>imperatoris</span> <span class='ocrx_word' id='word_1_460' title='bbox 1216 3482 1675 3538; x_wconf 85' lang='lat' dir='ltr'>Alamannorum</span> <span class='ocrx_word' id='word_1_461' title='bbox 1694 3483 1880 3538; x_wconf 82' lang='lat' dir='ltr'>dedit.</span> <span class='ocrx_word' id='word_1_462' title='bbox 1916 3476 1968 3536; x_wconf 88' lang='lat' dir='ltr'>C</span> <span class='ocrx_word' id='word_1_463' title='bbox 1998 3500 2136 3557; x_wconf 85' lang='lat' dir='ltr'>gum</span> <span class='ocrx_word' id='word_1_464' title='bbox 2156 3482 2353 3555; x_wconf 87' lang='lat' dir='ltr'>gentis</span> <span class='ocrx_word' id='word_1_465' title='bbox 2384 3482 2604 3535; x_wconf 75' lang='lat' dir='ltr'>nostrae</span> <span class='ocrx_word' id='word_1_466' title='bbox 2623 3477 2881 3545; x_wconf 90' lang='lat' dir='ltr'>etducis,</span> <span class='ocrx_word' id='word_1_467' title='bbox 2907 3474 3042 3547; x_wconf 88' lang='lat' dir='ltr'>quia</span> <span class='ocrx_word' id='word_1_468' title='bbox 3061 3473 3246 3528; x_wconf 89' lang='lat' dir='ltr'>moris</span> <span class='ocrx_word' id='word_1_469' title='bbox 3268 3471 3457 3527; x_wconf 91' lang='lat' dir='ltr'>nostri</span> <span class='ocrx_word' id='word_1_470' title='bbox 3476 3486 3656 3527; x_wconf 91' lang='lat' dir='ltr'>exse-</span> 
     </span>
    </p>
   </div>
   <div class='ocr_carea' id='block_1_72' title="bbox 286 3570 1883 3643">
    <p class='ocr_par' dir='ltr' id='par_1_72' title="bbox 286 3570 1883 3643">
     <span class='ocr_line' id='line_1_72' title="bbox 286 3570 1883 3643; baseline 0.001 -19"><span class='ocrx_word' id='word_1_471' title='bbox 286 3572 437 3625; x_wconf 89' lang='lat' dir='ltr'>Cum</span> <span class='ocrx_word' id='word_1_472' title='bbox 468 3573 662 3624; x_wconf 86' lang='lat' dir='ltr'>autem</span> <span class='ocrx_word' id='word_1_473' title='bbox 686 3570 840 3625; x_wconf 90' lang='lat' dir='ltr'>inter</span> <span class='ocrx_word' id='word_1_474' title='bbox 869 3571 1172 3626; x_wconf 90' lang='lat' dir='ltr'>Urbanum</span> <span class='ocrx_word' id='word_1_475' title='bbox 1204 3572 1610 3643; x_wconf 88' lang='lat' dir='ltr'>apostolicum,</span> <span class='ocrx_word' id='word_1_476' title='bbox 1648 3577 1704 3626; x_wconf 88' lang='lat' dir='ltr'>et</span> <span class='ocrx_word' id='word_1_477' title='bbox 1729 3572 1883 3626; x_wconf 86' lang='lat' dir='ltr'>Hen-</span> 
     </span>
    </p>
   </div>
   <div class='ocr_carea' id='block_1_73' title="bbox 214 3659 1883 3731">
    <p class='ocr_par' dir='ltr' id='par_1_73' title="bbox 214 3659 1883 3731">
     <span class='ocr_line' id='line_1_73' title="bbox 214 3659 1883 3731; baseline 0.001 -18"><span class='ocrx_word' id='word_1_478' title='bbox 214 3661 417 3714; x_wconf 81' lang='lat' dir='ltr'>ricum</span> <span class='ocrx_word' id='word_1_479' title='bbox 443 3659 900 3715; x_wconf 89' lang='lat' dir='ltr'>Teutonicorum</span> <span class='ocrx_word' id='word_1_480' title='bbox 934 3660 1348 3731; x_wconf 88' lang='lat' dir='ltr'>imperatorem</span> <span class='ocrx_word' id='word_1_481' title='bbox 1380 3661 1716 3715; x_wconf 87' lang='lat' dir='ltr'>dicerentur</span> <span class='ocrx_word' id='word_1_482' title='bbox 1758 3662 1883 3716; x_wconf 82' lang='lat' dir='ltr'>dis-</span> 
     </span>
    </p>
   </div>
   <div class='ocr_carea' id='block_1_74' title="bbox 210 3747 1888 3820">
    <p class='ocr_par' dir='ltr' id='par_1_74' title="bbox 210 3747 1888 3820">
     <span class='ocr_line' id='line_1_74' title="bbox 210 3747 1888 3820; baseline 0 -17"><span class='ocrx_word' id='word_1_483' title='bbox 210 3747 530 3803; x_wconf 89' lang='lat' dir='ltr'>sentiones</span> <span class='ocrx_word' id='word_1_484' title='bbox 546 3747 1280 3820; x_wconf 82' lang='lat' dir='ltr'>eﬁ&#39;erhuisse,quibusdam</span> <span class='ocrx_word' id='word_1_485' title='bbox 1295 3750 1723 3804; x_wconf 89' lang='lat' dir='ltr'>controversiis</span> <span class='ocrx_word' id='word_1_486' title='bbox 1738 3751 1888 3803; x_wconf 89' lang='lat' dir='ltr'>inter</span> 
     </span>
    </p>
   </div>
   <div class='ocr_carea' id='block_1_75' title="bbox 206 3836 1884 3908">
    <p class='ocr_par' dir='ltr' id='par_1_75' title="bbox 206 3836 1884 3908">
     <span class='ocr_line' id='line_1_75' title="bbox 206 3836 1884 3908; baseline -0.001 -16"><span class='ocrx_word' id='word_1_487' title='bbox 206 3836 551 3892; x_wconf 86' lang='lat' dir='ltr'>Conradum</span> <span class='ocrx_word' id='word_1_488' title='bbox 574 3837 844 3906; x_wconf 81' lang='lat' dir='ltr'>ejusdem</span> <span class='ocrx_word' id='word_1_489' title='bbox 867 3837 1107 3891; x_wconf 86' lang='lat' dir='ltr'>Henrici</span> <span class='ocrx_word' id='word_1_490' title='bbox 1138 3838 1342 3907; x_wconf 82' lang='lat' dir='ltr'>tilium,</span> <span class='ocrx_word' id='word_1_491' title='bbox 1361 3855 1429 3892; x_wconf 90' lang='lat' dir='ltr'>ac</span> <span class='ocrx_word' id='word_1_492' title='bbox 1459 3843 1703 3908; x_wconf 89' lang='lat' dir='ltr'>patrem,</span> <span class='ocrx_word' id='word_1_493' title='bbox 1729 3839 1884 3908; x_wconf 90' lang='lat' dir='ltr'>quod</span> 
     </span>
    </p>
   </div>
   <div class='ocr_carea' id='block_1_76' title="bbox 206 3925 1885 3999">
    <p class='ocr_par' dir='ltr' id='par_1_76' title="bbox 206 3925 1885 3999">
     <span class='ocr_line' id='line_1_76' title="bbox 206 3925 1885 3999; baseline 0.001 -20"><span class='ocrx_word' id='word_1_494' title='bbox 206 3925 487 3981; x_wconf 84' lang='lat' dir='ltr'>seriatim</span> <span class='ocrx_word' id='word_1_495' title='bbox 507 3925 747 3996; x_wconf 84' lang='lat' dir='ltr'>longum</span> <span class='ocrx_word' id='word_1_496' title='bbox 768 3933 859 3980; x_wconf 88' lang='lat' dir='ltr'>est</span> <span class='ocrx_word' id='word_1_497' title='bbox 890 3942 1189 3994; x_wconf 89' lang='lat' dir='ltr'>enarrare,</span> <span class='ocrx_word' id='word_1_498' title='bbox 1224 3928 1694 3999; x_wconf 79' lang='lat' dir='ltr'>insurgentibus,</span> <span class='ocrx_word' id='word_1_499' title='bbox 1728 3926 1885 3982; x_wconf 89' lang='lat' dir='ltr'>Con-</span> 
     </span>
    </p>
   </div>
   <div class='ocr_carea' id='block_1_77' title="bbox 208 4014 1883 4086">
    <p class='ocr_par' dir='ltr' id='par_1_77' title="bbox 208 4014 1883 4086">
     <span class='ocr_line' id='line_1_77' title="bbox 208 4014 1883 4086; baseline 0.001 -18"><span class='ocrx_word' id='word_1_500' title='bbox 208 4014 425 4081; x_wconf 87' lang='lat' dir='ltr'>radus,</span> <span class='ocrx_word' id='word_1_501' title='bbox 476 4015 623 4068; x_wconf 87' lang='lat' dir='ltr'>irato</span> <span class='ocrx_word' id='word_1_502' title='bbox 654 4015 846 4069; x_wconf 90' lang='lat' dir='ltr'>animo</span> <span class='ocrx_word' id='word_1_503' title='bbox 881 4032 912 4068; x_wconf 88' lang='lat' dir='ltr'>a</span> <span class='ocrx_word' id='word_1_504' title='bbox 943 4020 1109 4085; x_wconf 90' lang='lat' dir='ltr'>patre</span> <span class='ocrx_word' id='word_1_505' title='bbox 1159 4016 1498 4085; x_wconf 90' lang='lat' dir='ltr'>discedens,</span> <span class='ocrx_word' id='word_1_506' title='bbox 1538 4016 1610 4069; x_wconf 92' lang='lat' dir='ltr'>ad</span> <span class='ocrx_word' id='word_1_507' title='bbox 1643 4019 1883 4086; x_wconf 88' lang='lat' dir='ltr'>aposto-</span> 
     </span>
    </p>
   </div>
   <div class='ocr_carea' id='block_1_78' title="bbox 205 4103 1883 4176">
    <p class='ocr_par' dir='ltr' id='par_1_78' title="bbox 205 4103 1883 4176">
     <span class='ocr_line' id='line_1_78' title="bbox 205 4103 1883 4176; baseline 0.002 -20"><span class='ocrx_word' id='word_1_508' title='bbox 205 4103 393 4157; x_wconf 88' lang='lat' dir='ltr'>licum</span> <span class='ocrx_word' id='word_1_509' title='bbox 418 4106 475 4157; x_wconf 88' lang='lat' dir='ltr'>et</span> <span class='ocrx_word' id='word_1_510' title='bbox 504 4103 843 4157; x_wconf 90' lang='lat' dir='ltr'>Mathildem</span> <span class='ocrx_word' id='word_1_511' title='bbox 872 4105 1229 4158; x_wconf 87' lang='lat' dir='ltr'>marchisam</span> <span class='ocrx_word' id='word_1_512' title='bbox 1261 4122 1392 4176; x_wconf 82' lang='lat' dir='ltr'>quae</span> <span class='ocrx_word' id='word_1_513' title='bbox 1420 4106 1474 4159; x_wconf 91' lang='lat' dir='ltr'>ei</span> <span class='ocrx_word' id='word_1_514' title='bbox 1505 4122 1576 4160; x_wconf 87' lang='lat' dir='ltr'>ex</span> <span class='ocrx_word' id='word_1_515' title='bbox 1608 4105 1883 4160; x_wconf 80' lang='lat' dir='ltr'>ﬁdelitate</span> 
     </span>
    </p>
   </div>
   <div class='ocr_carea' id='block_1_79' title="bbox 202 4191 1882 4263">
    <p class='ocr_par' dir='ltr' id='par_1_79' title="bbox 202 4191 1882 4263">
     <span class='ocr_line' id='line_1_79' title="bbox 202 4191 1882 4263; baseline 0.001 -17"><span class='ocrx_word' id='word_1_516' title='bbox 202 4191 577 4259; x_wconf 64' lang='lat' dir='ltr'>adhaerebat,</span> <span class='ocrx_word' id='word_1_517' title='bbox 626 4207 691 4246; x_wconf 89' lang='lat' dir='ltr'>se</span> <span class='ocrx_word' id='word_1_518' title='bbox 743 4193 1006 4256; x_wconf 91' lang='lat' dir='ltr'>contulit,</span> <span class='ocrx_word' id='word_1_519' title='bbox 1057 4209 1262 4247; x_wconf 88' lang='lat' dir='ltr'>eorum</span> <span class='ocrx_word' id='word_1_520' title='bbox 1307 4194 1524 4248; x_wconf 85' lang='lat' dir='ltr'>auxilio</span> <span class='ocrx_word' id='word_1_521' title='bbox 1567 4193 1882 4263; x_wconf 87' lang='lat' dir='ltr'>plurimum</span> 
     </span>
    </p>
   </div>
   <div class='ocr_carea' id='block_1_80' title="bbox 205 4280 1881 4354">
    <p class='ocr_par' dir='ltr' id='par_1_80' title="bbox 205 4280 1881 4354">
     <span class='ocr_line' id='line_1_80' title="bbox 205 4280 1881 4354; baseline 0.002 -20"><span class='ocrx_word' id='word_1_522' title='bbox 205 4296 318 4350; x_wconf 81' lang='lat' dir='ltr'>per</span> <span class='ocrx_word' id='word_1_523' title='bbox 340 4280 562 4334; x_wconf 87' lang='lat' dir='ltr'>Italiam</span> <span class='ocrx_word' id='word_1_524' title='bbox 581 4280 825 4335; x_wconf 88' lang='lat' dir='ltr'>rebellis</span> <span class='ocrx_word' id='word_1_525' title='bbox 844 4282 1131 4335; x_wconf 83' lang='lat' dir='ltr'>existens.</span> <span class='ocrx_word' id='word_1_526' title='bbox 1166 4284 1240 4336; x_wconf 82' lang='lat' dir='ltr'>At</span> <span class='ocrx_word' id='word_1_527' title='bbox 1261 4283 1644 4354; x_wconf 80' lang='lat' dir='ltr'>cumjuvenis</span> <span class='ocrx_word' id='word_1_528' title='bbox 1674 4285 1731 4336; x_wconf 91' lang='lat' dir='ltr'>et</span> <span class='ocrx_word' id='word_1_529' title='bbox 1752 4283 1881 4337; x_wconf 87' lang='lat' dir='ltr'>sine</span> 
     </span>
    </p>
   </div>
   <div class='ocr_carea' id='block_1_81' title="bbox 205 4372 1882 4442">
    <p class='ocr_par' dir='ltr' id='par_1_81' title="bbox 205 4372 1882 4442">
     <span class='ocr_line' id='line_1_81' title="bbox 205 4372 1882 4442; baseline 0.002 -20"><span class='ocrx_word' id='word_1_530' title='bbox 205 4382 405 4423; x_wconf 84' lang='lat' dir='ltr'>uxore</span> <span class='ocrx_word' id='word_1_531' title='bbox 456 4372 640 4433; x_wconf 87' lang='lat' dir='ltr'>esset,</span> <span class='ocrx_word' id='word_1_532' title='bbox 698 4373 753 4423; x_wconf 89' lang='lat' dir='ltr'>et</span> <span class='ocrx_word' id='word_1_533' title='bbox 802 4372 1138 4440; x_wconf 87' lang='lat' dir='ltr'>sumptibus</span> <span class='ocrx_word' id='word_1_534' title='bbox 1195 4372 1267 4424; x_wconf 84' lang='lat' dir='ltr'>ad</span> <span class='ocrx_word' id='word_1_535' title='bbox 1311 4372 1367 4425; x_wconf 90' lang='lat' dir='ltr'>id</span> <span class='ocrx_word' id='word_1_536' title='bbox 1422 4372 1578 4442; x_wconf 88' lang='lat' dir='ltr'>quod</span> <span class='ocrx_word' id='word_1_537' title='bbox 1624 4376 1882 4440; x_wconf 86' lang='lat' dir='ltr'>coeperat</span> 
     </span>
    </p>
   </div>
   <div class='ocr_carea' id='block_1_82' title="bbox 204 4457 1882 4529">
    <p class='ocr_par' dir='ltr' id='par_1_82' title="bbox 204 4457 1882 4529">
     <span class='ocr_line' id='line_1_82' title="bbox 204 4457 1882 4529; baseline 0.001 -16"><span class='ocrx_word' id='word_1_538' title='bbox 204 4458 579 4513; x_wconf 88' lang='lat' dir='ltr'>necessariis</span> <span class='ocrx_word' id='word_1_539' title='bbox 606 4457 800 4512; x_wconf 90' lang='lat' dir='ltr'>minus</span> <span class='ocrx_word' id='word_1_540' title='bbox 831 4458 1180 4529; x_wconf 88' lang='lat' dir='ltr'>abundaret,</span> <span class='ocrx_word' id='word_1_541' title='bbox 1205 4460 1455 4514; x_wconf 90' lang='lat' dir='ltr'>concilio</span> <span class='ocrx_word' id='word_1_542' title='bbox 1489 4460 1794 4528; x_wconf 83' lang='lat' dir='ltr'>apostolici</span> <span class='ocrx_word' id='word_1_543' title='bbox 1826 4465 1882 4515; x_wconf 86' lang='lat' dir='ltr'>et</span> 
     </span>
    </p>
   </div>
   <div class='ocr_carea' id='block_1_83' title="bbox 205 4546 1880 4618">
    <p class='ocr_par' dir='ltr' id='par_1_83' title="bbox 205 4546 1880 4618">
     <span class='ocr_line' id='line_1_83' title="bbox 205 4546 1880 4618; baseline 0.002 -19"><span class='ocrx_word' id='word_1_544' title='bbox 205 4547 478 4616; x_wconf 81' lang='lat' dir='ltr'>praefatae</span> <span class='ocrx_word' id='word_1_545' title='bbox 518 4546 832 4600; x_wconf 75' lang='lat' dir='ltr'>marchisaa</span> <span class='ocrx_word' id='word_1_546' title='bbox 865 4546 1164 4601; x_wconf 88' lang='lat' dir='ltr'>Mathildis</span> <span class='ocrx_word' id='word_1_547' title='bbox 1196 4563 1301 4618; x_wconf 90' lang='lat' dir='ltr'>per</span> <span class='ocrx_word' id='word_1_548' title='bbox 1331 4548 1663 4603; x_wconf 89' lang='lat' dir='ltr'>Conradum</span> <span class='ocrx_word' id='word_1_549' title='bbox 1693 4550 1880 4604; x_wconf 89' lang='lat' dir='ltr'>comi-</span> 
     </span>
    </p>
   </div>
   <div class='ocr_carea' id='block_1_84' title="bbox 204 4634 1877 4709">
    <p class='ocr_par' dir='ltr' id='par_1_84' title="bbox 204 4634 1877 4709">
     <span class='ocr_line' id='line_1_84' title="bbox 204 4634 1877 4709; baseline 0.002 -20"><span class='ocrx_word' id='word_1_550' title='bbox 204 4639 348 4702; x_wconf 87' lang='lat' dir='ltr'>tem,</span> <span class='ocrx_word' id='word_1_551' title='bbox 386 4648 560 4704; x_wconf 88' lang='lat' dir='ltr'>quem</span> <span class='ocrx_word' id='word_1_552' title='bbox 601 4635 670 4688; x_wconf 88' lang='lat' dir='ltr'>ad</span> <span class='ocrx_word' id='word_1_553' title='bbox 724 4635 782 4689; x_wconf 91' lang='lat' dir='ltr'>id</span> <span class='ocrx_word' id='word_1_554' title='bbox 825 4634 1141 4706; x_wconf 87' lang='lat' dir='ltr'>legationis</span> <span class='ocrx_word' id='word_1_555' title='bbox 1179 4638 1580 4709; x_wconf 86' lang='lat' dir='ltr'>peragendum</span> <span class='ocrx_word' id='word_1_556' title='bbox 1626 4638 1877 4701; x_wconf 84' lang='lat' dir='ltr'>direxit.</span> 
     </span>
    </p>
   </div>
   <div class='ocr_carea' id='block_1_85' title="bbox 200 4723 1881 4782">
    <p class='ocr_par' dir='ltr' id='par_1_85' title="bbox 200 4723 1881 4782">
     <span class='ocr_line' id='line_1_85' title="bbox 200 4723 1881 4782; baseline 0.002 -3"><span class='ocrx_word' id='word_1_557' title='bbox 200 4724 390 4779; x_wconf 87' lang='lat' dir='ltr'>ﬁliam</span> <span class='ocrx_word' id='word_1_558' title='bbox 431 4723 767 4778; x_wconf 86' lang='lat' dir='ltr'>Siculorum</span> <span class='ocrx_word' id='word_1_559' title='bbox 816 4725 1363 4780; x_wconf 75' lang='lat' dir='ltr'>Calabriensiumve</span> <span class='ocrx_word' id='word_1_560' title='bbox 1412 4729 1643 4781; x_wconf 89' lang='lat' dir='ltr'>comitis</span> <span class='ocrx_word' id='word_1_561' title='bbox 1677 4728 1790 4782; x_wconf 88' lang='lat' dir='ltr'>sibi</span> <span class='ocrx_word' id='word_1_562' title='bbox 1821 4728 1881 4782; x_wconf 91' lang='lat' dir='ltr'>in</span> 
     </span>
    </p>
   </div>
   <div class='ocr_carea' id='block_1_86' title="bbox 201 4812 1879 4886">
    <p class='ocr_par' dir='ltr' id='par_1_86' title="bbox 201 4812 1879 4886">
     <span class='ocr_line' id='line_1_86' title="bbox 201 4812 1879 4886; baseline 0.004 -22"><span class='ocrx_word' id='word_1_563' title='bbox 201 4812 644 4866; x_wconf 90' lang='lat' dir='ltr'>matrimonium</span> <span class='ocrx_word' id='word_1_564' title='bbox 703 4814 1139 4868; x_wconf 88' lang='lat' dir='ltr'>concedendam</span> <span class='ocrx_word' id='word_1_565' title='bbox 1168 4816 1443 4885; x_wconf 86' lang='lat' dir='ltr'>expetiit.</span> <span class='ocrx_word' id='word_1_566' title='bbox 1496 4817 1879 4886; x_wconf 84' lang='lat' dir='ltr'>Apostolicus</span> 
     </span>
    </p>
   </div>
   <div class='ocr_carea' id='block_1_87' title="bbox 198 4901 1878 4968">
    <p class='ocr_par' dir='ltr' id='par_1_87' title="bbox 198 4901 1878 4968">
     <span class='ocr_line' id='line_1_87' title="bbox 198 4901 1878 4968; baseline 0.005 -16"><span class='ocrx_word' id='word_1_567' title='bbox 198 4902 382 4953; x_wconf 89' lang='lat' dir='ltr'>etiam</span> <span class='ocrx_word' id='word_1_568' title='bbox 413 4901 641 4955; x_wconf 88' lang='lat' dir='ltr'>litteras</span> <span class='ocrx_word' id='word_1_569' title='bbox 676 4917 818 4956; x_wconf 90' lang='lat' dir='ltr'>suas</span> <span class='ocrx_word' id='word_1_570' title='bbox 870 4904 1192 4968; x_wconf 90' lang='lat' dir='ltr'>committit,</span> <span class='ocrx_word' id='word_1_571' title='bbox 1244 4908 1308 4958; x_wconf 92' lang='lat' dir='ltr'>ut</span> <span class='ocrx_word' id='word_1_572' title='bbox 1340 4905 1454 4958; x_wconf 81' lang='lat' dir='ltr'>sibi</span> <span class='ocrx_word' id='word_1_573' title='bbox 1503 4905 1776 4959; x_wconf 87' lang='lat' dir='ltr'>familiari</span> <span class='ocrx_word' id='word_1_574' title='bbox 1823 4911 1878 4960; x_wconf 91' lang='lat' dir='ltr'>et</span> 
     </span>
    </p>
   </div>
   <div class='ocr_carea' id='block_1_88' title="bbox 196 4988 1958 5079">
    <p class='ocr_par' dir='ltr' id='par_1_88' title="bbox 196 4988 1958 5079">
     <span class='ocr_line' id='line_1_88' title="bbox 196 4988 1958 5079; baseline 0.003 -38"><span class='ocrx_word' id='word_1_575' title='bbox 196 4989 417 5054; x_wconf 88' lang='lat' dir='ltr'>amico,</span> <span class='ocrx_word' id='word_1_576' title='bbox 477 4989 550 5043; x_wconf 91' lang='lat' dir='ltr'>ad</span> <span class='ocrx_word' id='word_1_577' title='bbox 592 4988 702 5043; x_wconf 92' lang='lat' dir='ltr'>hoc</span> <span class='ocrx_word' id='word_1_578' title='bbox 738 4989 893 5044; x_wconf 91' lang='lat' dir='ltr'>idem</span> <span class='ocrx_word' id='word_1_579' title='bbox 940 4990 1226 5062; x_wconf 87' lang='lat' dir='ltr'>dirigens,</span> <span class='ocrx_word' id='word_1_580' title='bbox 1290 4992 1361 5045; x_wconf 90' lang='lat' dir='ltr'>ad</span> <span class='ocrx_word' id='word_1_581' title='bbox 1431 4993 1875 5047; x_wconf 88' lang='lat' dir='ltr'>concedendum</span> <span class='ocrx_word' id='word_1_582' title='bbox 1906 5019 1958 5079; x_wconf 83' lang='lat' dir='ltr'><strong>D</strong></span> 
     </span>
    </p>
   </div>
   <div class='ocr_carea' id='block_1_89' title="bbox 196 5075 1872 5150">
    <p class='ocr_par' dir='ltr' id='par_1_89' title="bbox 196 5075 1872 5150">
     <span class='ocr_line' id='line_1_89' title="bbox 196 5075 1872 5150; baseline 0.003 -19"><span class='ocrx_word' id='word_1_583' title='bbox 196 5075 494 5145; x_wconf 87' lang='lat' dir='ltr'>hortatur,</span> <span class='ocrx_word' id='word_1_584' title='bbox 528 5078 733 5131; x_wconf 89' lang='lat' dir='ltr'>dicens</span> <span class='ocrx_word' id='word_1_585' title='bbox 767 5079 882 5132; x_wconf 88' lang='lat' dir='ltr'>sibi</span> <span class='ocrx_word' id='word_1_586' title='bbox 914 5095 1129 5150; x_wconf 89' lang='lat' dir='ltr'>magno</span> <span class='ocrx_word' id='word_1_587' title='bbox 1160 5081 1368 5135; x_wconf 91' lang='lat' dir='ltr'>honori</span> <span class='ocrx_word' id='word_1_588' title='bbox 1401 5083 1456 5135; x_wconf 91' lang='lat' dir='ltr'>et</span> <span class='ocrx_word' id='word_1_589' title='bbox 1484 5082 1748 5150; x_wconf 91' lang='lat' dir='ltr'>proﬁcuo</span> <span class='ocrx_word' id='word_1_590' title='bbox 1776 5081 1872 5136; x_wconf 89' lang='lat' dir='ltr'>fu-</span> 
     </span>
    </p>
   </div>
   <div class='ocr_carea' id='block_1_90' title="bbox 198 5166 1872 5241">
    <p class='ocr_par' dir='ltr' id='par_1_90' title="bbox 198 5166 1872 5241">
     <span class='ocr_line' id='line_1_90' title="bbox 198 5166 1872 5241; baseline 0.004 -22"><span class='ocrx_word' id='word_1_591' title='bbox 198 5171 422 5231; x_wconf 90' lang='lat' dir='ltr'>turum,</span> <span class='ocrx_word' id='word_1_592' title='bbox 455 5166 510 5219; x_wconf 88' lang='lat' dir='ltr'>si</span> <span class='ocrx_word' id='word_1_593' title='bbox 534 5166 651 5219; x_wconf 88' lang='lat' dir='ltr'>ﬁlia</span> <span class='ocrx_word' id='word_1_594' title='bbox 682 5166 801 5221; x_wconf 89' lang='lat' dir='ltr'>ﬁlio</span> <span class='ocrx_word' id='word_1_595' title='bbox 819 5168 984 5237; x_wconf 87' lang='lat' dir='ltr'>regis</span> <span class='ocrx_word' id='word_1_596' title='bbox 1016 5169 1214 5229; x_wconf 88' lang='lat' dir='ltr'>futuro</span> <span class='ocrx_word' id='word_1_597' title='bbox 1236 5185 1461 5240; x_wconf 89' lang='lat' dir='ltr'>sponso</span> <span class='ocrx_word' id='word_1_598' title='bbox 1481 5170 1788 5241; x_wconf 85' lang='lat' dir='ltr'>jungatur,</span> <span class='ocrx_word' id='word_1_599' title='bbox 1816 5174 1872 5226; x_wconf 90' lang='lat' dir='ltr'>et</span> 
     </span>
    </p>
   </div>
   <div class='ocr_carea' id='block_1_91' title="bbox 195 5252 1867 5331">
    <p class='ocr_par' dir='ltr' id='par_1_91' title="bbox 195 5252 1867 5331">
     <span class='ocr_line' id='line_1_91' title="bbox 195 5252 1867 5331; baseline 0.005 -24"><span class='ocrx_word' id='word_1_600' title='bbox 195 5252 448 5324; x_wconf 82' lang='lat' dir='ltr'>juvenis</span> <span class='ocrx_word' id='word_1_601' title='bbox 479 5254 537 5307; x_wconf 80' lang='lat' dir='ltr'>S.</span> <span class='ocrx_word' id='word_1_602' title='bbox 574 5255 856 5310; x_wconf 80' lang='lat' dir='ltr'>Romanae</span> <span class='ocrx_word' id='word_1_603' title='bbox 889 5256 1177 5313; x_wconf 84' lang='lat' dir='ltr'>Ecclesiae</span> <span class='ocrx_word' id='word_1_604' title='bbox 1210 5258 1487 5314; x_wconf 87' lang='lat' dir='ltr'>ﬁdelitate</span> <span class='ocrx_word' id='word_1_605' title='bbox 1516 5259 1867 5331; x_wconf 80' lang='lat' dir='ltr'>adhaerens,</span> 
     </span>
    </p>
   </div>
   <div class='ocr_carea' id='block_1_92' title="bbox 195 5342 1873 5419">
    <p class='ocr_par' dir='ltr' id='par_1_92' title="bbox 195 5342 1873 5419">
     <span class='ocr_line' id='line_1_92' title="bbox 195 5342 1873 5419; baseline 0.004 -22"><span class='ocrx_word' id='word_1_606' title='bbox 195 5342 308 5397; x_wconf 85' lang='lat' dir='ltr'>sed</span> <span class='ocrx_word' id='word_1_607' title='bbox 338 5342 677 5411; x_wconf 91' lang='lat' dir='ltr'>sumptibus</span> <span class='ocrx_word' id='word_1_608' title='bbox 721 5345 938 5415; x_wconf 89' lang='lat' dir='ltr'>quibus</span> <span class='ocrx_word' id='word_1_609' title='bbox 972 5348 1177 5401; x_wconf 91' lang='lat' dir='ltr'>contra</span> <span class='ocrx_word' id='word_1_610' title='bbox 1204 5350 1452 5419; x_wconf 88' lang='lat' dir='ltr'>patrem,</span> <span class='ocrx_word' id='word_1_611' title='bbox 1487 5348 1587 5419; x_wconf 90' lang='lat' dir='ltr'>qui</span> <span class='ocrx_word' id='word_1_612' title='bbox 1617 5364 1750 5403; x_wconf 91' lang='lat' dir='ltr'>eum</span> <span class='ocrx_word' id='word_1_613' title='bbox 1782 5350 1873 5403; x_wconf 89' lang='lat' dir='ltr'>in-</span> 
     </span>
    </p>
   </div>
   <div class='ocr_carea' id='block_1_93' title="bbox 194 5430 1876 5510">
    <p class='ocr_par' dir='ltr' id='par_1_93' title="bbox 194 5430 1876 5510">
     <span class='ocr_line' id='line_1_93' title="bbox 194 5430 1876 5510; baseline 0.005 -25"><span class='ocrx_word' id='word_1_614' title='bbox 194 5430 367 5501; x_wconf 89' lang='lat' dir='ltr'>juste</span> <span class='ocrx_word' id='word_1_615' title='bbox 400 5432 796 5504; x_wconf 88' lang='lat' dir='ltr'>oppugnabat,</span> <span class='ocrx_word' id='word_1_616' title='bbox 813 5434 1008 5490; x_wconf 90' lang='lat' dir='ltr'>minus</span> <span class='ocrx_word' id='word_1_617' title='bbox 1033 5436 1365 5506; x_wconf 89' lang='lat' dir='ltr'>sufﬁciens,</span> <span class='ocrx_word' id='word_1_618' title='bbox 1382 5454 1534 5510; x_wconf 90' lang='lat' dir='ltr'>quos</span> <span class='ocrx_word' id='word_1_619' title='bbox 1558 5439 1725 5509; x_wconf 87' lang='lat' dir='ltr'>pater</span> <span class='ocrx_word' id='word_1_620' title='bbox 1742 5455 1876 5494; x_wconf 90' lang='lat' dir='ltr'>cum</span> 
     </span>
    </p>
   </div>
   <div class='ocr_carea' id='block_1_94' title="bbox 204 5518 1873 5586">
    <p class='ocr_par' dir='ltr' id='par_1_94' title="bbox 204 5518 1873 5586">
     <span class='ocr_line' id='line_1_94' title="bbox 204 5518 1873 5586; baseline 0.005 -9"><span class='ocrx_word' id='word_1_621' title='bbox 204 5518 328 5577; x_wconf 82' lang='lat' dir='ltr'>ﬁlio</span> <span class='ocrx_word' id='word_1_622' title='bbox 359 5519 525 5576; x_wconf 87' lang='lat' dir='ltr'>daret</span> <span class='ocrx_word' id='word_1_623' title='bbox 552 5520 786 5577; x_wconf 90' lang='lat' dir='ltr'>viribus</span> <span class='ocrx_word' id='word_1_624' title='bbox 828 5523 1021 5581; x_wconf 89' lang='lat' dir='ltr'>victus</span> <span class='ocrx_word' id='word_1_625' title='bbox 1060 5525 1134 5581; x_wconf 85' lang='lat' dir='ltr'>ad</span> <span class='ocrx_word' id='word_1_626' title='bbox 1171 5526 1563 5584; x_wconf 86' lang='lat' dir='ltr'>debellandos</span> <span class='ocrx_word' id='word_1_627' title='bbox 1600 5528 1873 5586; x_wconf 89' lang='lat' dir='ltr'>inimicos</span> 
     </span>
    </p>
   </div>
   <div class='ocr_carea' id='block_1_95' title="bbox 1995 3560 3657 3639">
    <p class='ocr_par' dir='ltr' id='par_1_95' title="bbox 1995 3560 3657 3639">
     <span class='ocr_line' id='line_1_95' title="bbox 1995 3560 3657 3639; baseline -0.009 -10"><span class='ocrx_word' id='word_1_628' title='bbox 1995 3575 2321 3639; x_wconf 89' lang='lat' dir='ltr'>cutorerat,</span> <span class='ocrx_word' id='word_1_629' title='bbox 2350 3585 2463 3624; x_wconf 89' lang='lat' dir='ltr'>ase</span> <span class='ocrx_word' id='word_1_630' title='bbox 2486 3572 2789 3635; x_wconf 86' lang='lat' dir='ltr'>excutere,</span> <span class='ocrx_word' id='word_1_631' title='bbox 2815 3581 2923 3621; x_wconf 91' lang='lat' dir='ltr'>nec</span> <span class='ocrx_word' id='word_1_632' title='bbox 2955 3564 3236 3618; x_wconf 90' lang='lat' dir='ltr'>tributum</span> <span class='ocrx_word' id='word_1_633' title='bbox 3260 3564 3317 3616; x_wconf 93' lang='lat' dir='ltr'>et</span> <span class='ocrx_word' id='word_1_634' title='bbox 3348 3560 3657 3614; x_wconf 90' lang='lat' dir='ltr'>servitium</span> 
     </span>
    </p>
   </div>
   <div class='ocr_carea' id='block_1_96' title="bbox 1994 3650 3654 3729">
    <p class='ocr_par' dir='ltr' id='par_1_96' title="bbox 1994 3650 3654 3729">
     <span class='ocr_line' id='line_1_96' title="bbox 1994 3650 3654 3729; baseline -0.008 -13"><span class='ocrx_word' id='word_1_635' title='bbox 1994 3663 2273 3716; x_wconf 90' lang='lat' dir='ltr'>statutum</span> <span class='ocrx_word' id='word_1_636' title='bbox 2294 3659 2658 3729; x_wconf 86' lang='lat' dir='ltr'>persolvere,</span> <span class='ocrx_word' id='word_1_637' title='bbox 2683 3655 2789 3710; x_wconf 90' lang='lat' dir='ltr'>sed</span> <span class='ocrx_word' id='word_1_638' title='bbox 2817 3659 2872 3709; x_wconf 92' lang='lat' dir='ltr'>et</span> <span class='ocrx_word' id='word_1_639' title='bbox 2894 3652 3157 3725; x_wconf 86' lang='lat' dir='ltr'>ipsiduci</span> <span class='ocrx_word' id='word_1_640' title='bbox 3184 3651 3254 3704; x_wconf 90' lang='lat' dir='ltr'>ad</span> <span class='ocrx_word' id='word_1_641' title='bbox 3277 3650 3543 3705; x_wconf 89' lang='lat' dir='ltr'>eamdem</span> <span class='ocrx_word' id='word_1_642' title='bbox 3560 3666 3654 3703; x_wconf 91' lang='lat' dir='ltr'>ur-</span> 
     </span>
    </p>
   </div>
   <div class='ocr_carea' id='block_1_97' title="bbox 1991 3739 3656 3815">
    <p class='ocr_par' dir='ltr' id='par_1_97' title="bbox 1991 3739 3656 3815">
     <span class='ocr_line' id='line_1_97' title="bbox 1991 3739 3656 3815; baseline -0.005 -11"><span class='ocrx_word' id='word_1_643' title='bbox 1991 3751 2127 3807; x_wconf 90' lang='lat' dir='ltr'>bem</span> <span class='ocrx_word' id='word_1_644' title='bbox 2174 3747 2513 3815; x_wconf 91' lang='lat' dir='ltr'>accedendi,</span> <span class='ocrx_word' id='word_1_645' title='bbox 2553 3745 2828 3800; x_wconf 89' lang='lat' dir='ltr'>omnibus</span> <span class='ocrx_word' id='word_1_646' title='bbox 2877 3742 3151 3799; x_wconf 88' lang='lat' dir='ltr'>ﬁdelibus</span> <span class='ocrx_word' id='word_1_647' title='bbox 3208 3741 3338 3795; x_wconf 90' lang='lat' dir='ltr'>suis</span> <span class='ocrx_word' id='word_1_648' title='bbox 3389 3739 3656 3795; x_wconf 90' lang='lat' dir='ltr'>exclusis</span> 
     </span>
    </p>
   </div>
   <div class='ocr_carea' id='block_1_98' title="bbox 1991 3832 3654 3906">
    <p class='ocr_par' dir='ltr' id='par_1_98' title="bbox 1991 3832 3654 3906">
     <span class='ocr_line' id='line_1_98' title="bbox 1991 3832 3654 3906; baseline -0.004 -14"><span class='ocrx_word' id='word_1_649' title='bbox 1991 3838 2214 3893; x_wconf 89' lang='lat' dir='ltr'>aditum</span> <span class='ocrx_word' id='word_1_650' title='bbox 2226 3837 2606 3906; x_wconf 84' lang='lat' dir='ltr'>denegarent.</span> <span class='ocrx_word' id='word_1_651' title='bbox 2629 3833 2757 3886; x_wconf 92' lang='lat' dir='ltr'>Dux</span> <span class='ocrx_word' id='word_1_652' title='bbox 2778 3834 2990 3899; x_wconf 90' lang='lat' dir='ltr'>autem,</span> <span class='ocrx_word' id='word_1_653' title='bbox 3016 3832 3226 3885; x_wconf 89' lang='lat' dir='ltr'>videns</span> <span class='ocrx_word' id='word_1_654' title='bbox 3251 3834 3473 3887; x_wconf 90' lang='lat' dir='ltr'>tantum</span> <span class='ocrx_word' id='word_1_655' title='bbox 3487 3832 3654 3886; x_wconf 89' lang='lat' dir='ltr'>dam-</span> 
     </span>
    </p>
   </div>
   <div class='ocr_carea' id='block_1_99' title="bbox 1993 3920 3655 3992">
    <p class='ocr_par' dir='ltr' id='par_1_99' title="bbox 1993 3920 3655 3992">
     <span class='ocr_line' id='line_1_99' title="bbox 1993 3920 3655 3992; baseline -0.004 -11"><span class='ocrx_word' id='word_1_656' title='bbox 1993 3943 2129 3981; x_wconf 90' lang='lat' dir='ltr'>num</span> <span class='ocrx_word' id='word_1_657' title='bbox 2152 3925 2267 3979; x_wconf 92' lang='lat' dir='ltr'>sibi</span> <span class='ocrx_word' id='word_1_658' title='bbox 2288 3925 2531 3991; x_wconf 91' lang='lat' dir='ltr'>illatum,</span> <span class='ocrx_word' id='word_1_659' title='bbox 2553 3923 2623 3976; x_wconf 91' lang='lat' dir='ltr'>de</span> <span class='ocrx_word' id='word_1_660' title='bbox 2654 3920 2996 3976; x_wconf 89' lang='lat' dir='ltr'>credulitate</span> <span class='ocrx_word' id='word_1_661' title='bbox 3028 3937 3200 3991; x_wconf 90' lang='lat' dir='ltr'>quam</span> <span class='ocrx_word' id='word_1_662' title='bbox 3235 3937 3378 3992; x_wconf 87' lang='lat' dir='ltr'>erga</span> <span class='ocrx_word' id='word_1_663' title='bbox 3409 3936 3514 3977; x_wconf 92' lang='lat' dir='ltr'>eos</span> <span class='ocrx_word' id='word_1_664' title='bbox 3546 3922 3655 3976; x_wconf 91' lang='lat' dir='ltr'>ha-</span> 
     </span>
    </p>
   </div>
   <div class='ocr_carea' id='block_1_100' title="bbox 1992 4009 3656 4082">
    <p class='ocr_par' dir='ltr' id='par_1_100' title="bbox 1992 4009 3656 4082">
     <span class='ocr_line' id='line_1_100' title="bbox 1992 4009 3656 4082; baseline -0.002 -12"><span class='ocrx_word' id='word_1_665' title='bbox 1992 4017 2200 4070; x_wconf 89' lang='lat' dir='ltr'>buerat</span> <span class='ocrx_word' id='word_1_666' title='bbox 2231 4028 2371 4068; x_wconf 91' lang='lat' dir='ltr'>sero</span> <span class='ocrx_word' id='word_1_667' title='bbox 2392 4012 2688 4082; x_wconf 90' lang='lat' dir='ltr'>ponitens,</span> <span class='ocrx_word' id='word_1_668' title='bbox 2716 4026 2746 4063; x_wconf 92' lang='lat' dir='ltr'>a</span> <span class='ocrx_word' id='word_1_669' title='bbox 2765 4010 2978 4063; x_wconf 91' lang='lat' dir='ltr'>comite</span> <span class='ocrx_word' id='word_1_670' title='bbox 2996 4013 3050 4063; x_wconf 90' lang='lat' dir='ltr'>et</span> <span class='ocrx_word' id='word_1_671' title='bbox 3069 4009 3345 4063; x_wconf 87' lang='lat' dir='ltr'>ﬁdelibus</span> <span class='ocrx_word' id='word_1_672' title='bbox 3369 4010 3497 4064; x_wconf 90' lang='lat' dir='ltr'>suis</span> <span class='ocrx_word' id='word_1_673' title='bbox 3517 4026 3656 4066; x_wconf 89' lang='lat' dir='ltr'>con-</span> 
     </span>
    </p>
   </div>
   <div class='ocr_carea' id='block_1_101' title="bbox 1991 4097 3654 4172">
    <p class='ocr_par' dir='ltr' id='par_1_101' title="bbox 1991 4097 3654 4172">
     <span class='ocr_line' id='line_1_101' title="bbox 1991 4097 3654 4172; baseline -0.004 -14"><span class='ocrx_word' id='word_1_674' title='bbox 1991 4105 2188 4159; x_wconf 89' lang='lat' dir='ltr'>silium</span> <span class='ocrx_word' id='word_1_675' title='bbox 2220 4100 2583 4172; x_wconf 82' lang='lat' dir='ltr'>subjugandi</span> <span class='ocrx_word' id='word_1_676' title='bbox 2603 4115 2706 4153; x_wconf 90' lang='lat' dir='ltr'>eos</span> <span class='ocrx_word' id='word_1_677' title='bbox 2722 4098 2985 4169; x_wconf 88' lang='lat' dir='ltr'>requirit.</span> <span class='ocrx_word' id='word_1_678' title='bbox 3011 4097 3226 4168; x_wconf 88' lang='lat' dir='ltr'>Sicque</span> <span class='ocrx_word' id='word_1_679' title='bbox 3244 4099 3535 4152; x_wconf 87' lang='lat' dir='ltr'>avunculo</span> <span class='ocrx_word' id='word_1_680' title='bbox 3558 4114 3654 4153; x_wconf 92' lang='lat' dir='ltr'>co-</span> 
     </span>
    </p>
   </div>
   <div class='ocr_carea' id='block_1_102' title="bbox 1991 4186 3653 4261">
    <p class='ocr_par' dir='ltr' id='par_1_102' title="bbox 1991 4186 3653 4261">
     <span class='ocr_line' id='line_1_102' title="bbox 1991 4186 3653 4261; baseline -0.004 -13"><span class='ocrx_word' id='word_1_681' title='bbox 1991 4191 2332 4261; x_wconf 90' lang='lat' dir='ltr'>miti,utsibi</span> <span class='ocrx_word' id='word_1_682' title='bbox 2355 4189 2745 4244; x_wconf 88' lang='lat' dir='ltr'>attentissime</span> <span class='ocrx_word' id='word_1_683' title='bbox 2760 4186 3461 4255; x_wconf 87' lang='lat' dir='ltr'>succurrat,medietatem</span> <span class='ocrx_word' id='word_1_684' title='bbox 3484 4188 3653 4244; x_wconf 89' lang='lat' dir='ltr'>urbis</span> 
     </span>
    </p>
   </div>
   <div class='ocr_carea' id='block_1_103' title="bbox 1990 4275 3654 4353">
    <p class='ocr_par' dir='ltr' id='par_1_103' title="bbox 1990 4275 3654 4353">
     <span class='ocr_line' id='line_1_103' title="bbox 1990 4275 3654 4353; baseline -0.004 -14"><span class='ocrx_word' id='word_1_685' title='bbox 1990 4284 2125 4353; x_wconf 87' lang='lat' dir='ltr'>sibi,</span> <span class='ocrx_word' id='word_1_686' title='bbox 2143 4282 2197 4336; x_wconf 92' lang='lat' dir='ltr'>si</span> <span class='ocrx_word' id='word_1_687' title='bbox 2218 4280 2546 4350; x_wconf 82' lang='lat' dir='ltr'>subjugare</span> <span class='ocrx_word' id='word_1_688' title='bbox 2569 4279 2836 4347; x_wconf 90' lang='lat' dir='ltr'>possent,</span> <span class='ocrx_word' id='word_1_689' title='bbox 2864 4275 3301 4343; x_wconf 88' lang='lat' dir='ltr'>concedens,ab</span> <span class='ocrx_word' id='word_1_690' title='bbox 3325 4278 3484 4331; x_wconf 90' lang='lat' dir='ltr'>omni</span> <span class='ocrx_word' id='word_1_691' title='bbox 3501 4277 3654 4348; x_wconf 82' lang='lat' dir='ltr'>Apu-</span> 
     </span>
    </p>
   </div>
   <div class='ocr_carea' id='block_1_104' title="bbox 1990 4364 3650 4437">
    <p class='ocr_par' dir='ltr' id='par_1_104' title="bbox 1990 4364 3650 4437">
     <span class='ocr_line' id='line_1_104' title="bbox 1990 4364 3650 4437; baseline -0.004 -10"><span class='ocrx_word' id='word_1_692' title='bbox 1990 4375 2063 4427; x_wconf 90' lang='lat' dir='ltr'>lia</span> <span class='ocrx_word' id='word_1_693' title='bbox 2095 4374 2151 4425; x_wconf 91' lang='lat' dir='ltr'>et</span> <span class='ocrx_word' id='word_1_694' title='bbox 2183 4368 2451 4423; x_wconf 79' lang='lat' dir='ltr'>Calabria</span> <span class='ocrx_word' id='word_1_695' title='bbox 2482 4366 2672 4421; x_wconf 88' lang='lat' dir='ltr'>navali</span> <span class='ocrx_word' id='word_1_696' title='bbox 2710 4368 2767 4419; x_wconf 91' lang='lat' dir='ltr'>et</span> <span class='ocrx_word' id='word_1_697' title='bbox 2798 4364 3057 4436; x_wconf 88' lang='lat' dir='ltr'>equestri</span> <span class='ocrx_word' id='word_1_698' title='bbox 3085 4365 3345 4419; x_wconf 86' lang='lat' dir='ltr'>exercitu</span> <span class='ocrx_word' id='word_1_699' title='bbox 3379 4365 3610 4422; x_wconf 90' lang='lat' dir='ltr'>admoto</span> <span class='ocrx_word' id='word_1_700' title='bbox 3636 4410 3650 4437; x_wconf 94' lang='lat'>,</span> 
     </span>
    </p>
   </div>
   <div class='ocr_carea' id='block_1_105' title="bbox 1989 4455 3652 4533">
    <p class='ocr_par' dir='ltr' id='par_1_105' title="bbox 1989 4455 3652 4533">
     <span class='ocr_line' id='line_1_105' title="bbox 1989 4455 3652 4533; baseline -0.002 -17"><span class='ocrx_word' id='word_1_701' title='bbox 1989 4460 2252 4533; x_wconf 89' lang='lat' dir='ltr'>peditum</span> <span class='ocrx_word' id='word_1_702' title='bbox 2282 4457 2455 4512; x_wconf 89' lang='lat' dir='ltr'>etiam</span> <span class='ocrx_word' id='word_1_703' title='bbox 2478 4455 2978 4528; x_wconf 45' lang='lat' dir='ltr'>copiislcertatim</span> <span class='ocrx_word' id='word_1_704' title='bbox 3013 4455 3326 4521; x_wconf 88' lang='lat' dir='ltr'>accelerat,</span> <span class='ocrx_word' id='word_1_705' title='bbox 3362 4471 3515 4511; x_wconf 89' lang='lat' dir='ltr'>anno</span> <span class='ocrx_word' id='word_1_706' title='bbox 3561 4456 3652 4513; x_wconf 89' lang='lat' dir='ltr'>In-</span> 
     </span>
    </p>
   </div>
   <div class='ocr_carea' id='block_1_106' title="bbox 1990 4544 3647 4617">
    <p class='ocr_par' dir='ltr' id='par_1_106' title="bbox 1990 4544 3647 4617">
     <span class='ocr_line' id='line_1_106' title="bbox 1990 4544 3647 4617; baseline -0.004 -11"><span class='ocrx_word' id='word_1_707' title='bbox 1990 4546 2351 4605; x_wconf 87' lang='lat' dir='ltr'>carnationis</span> <span class='ocrx_word' id='word_1_708' title='bbox 2387 4545 2617 4600; x_wconf 89' lang='lat' dir='ltr'>Domini</span> <span class='ocrx_word' id='word_1_709' title='bbox 2669 4544 2983 4600; x_wconf 88' lang='lat' dir='ltr'>millesimo</span> <span class='ocrx_word' id='word_1_710' title='bbox 3013 4546 3401 4617; x_wconf 84' lang='lat' dir='ltr'>nonagesimo</span> <span class='ocrx_word' id='word_1_711' title='bbox 3456 4550 3647 4600; x_wconf 84' lang='lat' dir='ltr'>sexto.</span> 
     </span>
    </p>
   </div>
   <div class='ocr_carea' id='block_1_107' title="bbox 1991 4635 3649 4709">
    <p class='ocr_par' dir='ltr' id='par_1_107' title="bbox 1991 4635 3649 4709">
     <span class='ocr_line' id='line_1_107' title="bbox 1991 4635 3649 4709; baseline -0.003 -15"><span class='ocrx_word' id='word_1_712' title='bbox 1991 4639 2152 4695; x_wconf 85' lang='lat' dir='ltr'>Urbe</span> <span class='ocrx_word' id='word_1_713' title='bbox 2186 4638 2382 4709; x_wconf 89' lang='lat' dir='ltr'>itaque</span> <span class='ocrx_word' id='word_1_714' title='bbox 2405 4652 2437 4689; x_wconf 89' lang='lat' dir='ltr'>a</span> <span class='ocrx_word' id='word_1_715' title='bbox 2464 4635 2769 4705; x_wconf 82' lang='lat' dir='ltr'>procinctu</span> <span class='ocrx_word' id='word_1_716' title='bbox 2808 4635 2991 4688; x_wconf 90' lang='lat' dir='ltr'>maris</span> <span class='ocrx_word' id='word_1_717' title='bbox 3031 4635 3282 4689; x_wconf 88' lang='lat' dir='ltr'>navibus</span> <span class='ocrx_word' id='word_1_718' title='bbox 3319 4635 3649 4707; x_wconf 86' lang='lat' dir='ltr'>cingentes,</span> 
     </span>
    </p>
   </div>
   <div class='ocr_carea' id='block_1_108' title="bbox 1989 4723 3653 4801">
    <p class='ocr_par' dir='ltr' id='par_1_108' title="bbox 1989 4723 3653 4801">
     <span class='ocr_line' id='line_1_108' title="bbox 1989 4723 3653 4801; baseline -0.004 -16"><span class='ocrx_word' id='word_1_719' title='bbox 1989 4746 2094 4801; x_wconf 89' lang='lat' dir='ltr'>per</span> <span class='ocrx_word' id='word_1_720' title='bbox 2110 4726 2434 4798; x_wconf 78' lang='lat' dir='ltr'>praecipitia</span> <span class='ocrx_word' id='word_1_721' title='bbox 2451 4723 3071 4795; x_wconf 86' lang='lat' dir='ltr'>circumadjaeentium</span> <span class='ocrx_word' id='word_1_722' title='bbox 3095 4724 3377 4779; x_wconf 90' lang='lat' dir='ltr'>montium</span> <span class='ocrx_word' id='word_1_723' title='bbox 3390 4724 3653 4796; x_wconf 88' lang='lat' dir='ltr'>equitum</span> 
     </span>
    </p>
   </div>
   <div class='ocr_carea' id='block_1_109' title="bbox 1989 4813 3652 4887">
    <p class='ocr_par' dir='ltr' id='par_1_109' title="bbox 1989 4813 3652 4887">
     <span class='ocr_line' id='line_1_109' title="bbox 1989 4813 3652 4887; baseline -0.003 -13"><span class='ocrx_word' id='word_1_724' title='bbox 1989 4822 2047 4874; x_wconf 91' lang='lat' dir='ltr'>et</span> <span class='ocrx_word' id='word_1_725' title='bbox 2076 4816 2333 4887; x_wconf 90' lang='lat' dir='ltr'>peditum</span> <span class='ocrx_word' id='word_1_726' title='bbox 2368 4814 2570 4883; x_wconf 90' lang='lat' dir='ltr'>c0pias</span> <span class='ocrx_word' id='word_1_727' title='bbox 2620 4815 2941 4884; x_wconf 88' lang='lat' dir='ltr'>prudenter</span> <span class='ocrx_word' id='word_1_728' title='bbox 2987 4829 3059 4867; x_wconf 89' lang='lat' dir='ltr'>ex</span> <span class='ocrx_word' id='word_1_729' title='bbox 3092 4813 3339 4869; x_wconf 86' lang='lat' dir='ltr'>consilio</span> <span class='ocrx_word' id='word_1_730' title='bbox 3369 4818 3426 4868; x_wconf 92' lang='lat' dir='ltr'>et</span> <span class='ocrx_word' id='word_1_731' title='bbox 3474 4829 3652 4884; x_wconf 88' lang='lat' dir='ltr'>opere</span> 
     </span>
    </p>
   </div>
   <div class='ocr_carea' id='block_1_110' title="bbox 1991 4903 3654 4973">
    <p class='ocr_par' dir='ltr' id='par_1_110' title="bbox 1991 4903 3654 4973">
     <span class='ocr_line' id='line_1_110' title="bbox 1991 4903 3654 4973; baseline -0.002 -12"><span class='ocrx_word' id='word_1_732' title='bbox 1991 4906 2222 4961; x_wconf 86' lang='lat' dir='ltr'>comitis</span> <span class='ocrx_word' id='word_1_733' title='bbox 2269 4904 2629 4971; x_wconf 89' lang='lat' dir='ltr'>ordinantes,</span> <span class='ocrx_word' id='word_1_734' title='bbox 2657 4904 2914 4973; x_wconf 91' lang='lat' dir='ltr'>undique</span> <span class='ocrx_word' id='word_1_735' title='bbox 2947 4903 3258 4958; x_wconf 88' lang='lat' dir='ltr'>obsidione</span> <span class='ocrx_word' id='word_1_736' title='bbox 3290 4903 3524 4956; x_wconf 90' lang='lat' dir='ltr'>vallant.</span> <span class='ocrx_word' id='word_1_737' title='bbox 3555 4903 3654 4957; x_wconf 87' lang='lat' dir='ltr'>Sic</span> 
     </span>
    </p>
   </div>
   <div class='ocr_carea' id='block_1_111' title="bbox 1989 4992 3650 5065">
    <p class='ocr_par' dir='ltr' id='par_1_111' title="bbox 1989 4992 3650 5065">
     <span class='ocr_line' id='line_1_111' title="bbox 1989 4992 3650 5065; baseline 0 -16"><span class='ocrx_word' id='word_1_738' title='bbox 1989 4996 2184 5065; x_wconf 89' lang='lat' dir='ltr'>itaque</span> <span class='ocrx_word' id='word_1_739' title='bbox 2219 4993 2424 5047; x_wconf 89' lang='lat' dir='ltr'>urbem</span> <span class='ocrx_word' id='word_1_740' title='bbox 2474 4992 2856 5062; x_wconf 84' lang='lat' dir='ltr'>Opprimendo</span> <span class='ocrx_word' id='word_1_741' title='bbox 2888 4992 3187 5062; x_wconf 89' lang='lat' dir='ltr'>profecto,</span> <span class='ocrx_word' id='word_1_742' title='bbox 3222 4996 3283 5045; x_wconf 94' lang='lat' dir='ltr'>ut</span> <span class='ocrx_word' id='word_1_743' title='bbox 3327 4992 3650 5064; x_wconf 90' lang='lat' dir='ltr'>credimus,</span> 
     </span>
    </p>
   </div>
   <div class='ocr_carea' id='block_1_112' title="bbox 1992 5080 3653 5152">
    <p class='ocr_par' dir='ltr' id='par_1_112' title="bbox 1992 5080 3653 5152">
     <span class='ocr_line' id='line_1_112' title="bbox 1992 5080 3653 5152; baseline 0.001 -14"><span class='ocrx_word' id='word_1_744' title='bbox 1992 5082 2407 5151; x_wconf 88' lang='lat' dir='ltr'>obtinuissent,</span> <span class='ocrx_word' id='word_1_745' title='bbox 2442 5082 2559 5135; x_wconf 91' lang='lat' dir='ltr'>nisi</span> <span class='ocrx_word' id='word_1_746' title='bbox 2595 5080 3000 5148; x_wconf 85' lang='lat' dir='ltr'>infortunium,</span> <span class='ocrx_word' id='word_1_747' title='bbox 3036 5081 3147 5135; x_wconf 91' lang='lat' dir='ltr'>tale</span> <span class='ocrx_word' id='word_1_748' title='bbox 3187 5083 3358 5152; x_wconf 89' lang='lat' dir='ltr'>quale</span> <span class='ocrx_word' id='word_1_749' title='bbox 3403 5084 3653 5139; x_wconf 89' lang='lat' dir='ltr'>subtitu-</span> 
     </span>
    </p>
   </div>
   <div class='ocr_carea' id='block_1_113' title="bbox 1990 5170 3653 5241">
    <p class='ocr_par' dir='ltr' id='par_1_113' title="bbox 1990 5170 3653 5241">
     <span class='ocr_line' id='line_1_113' title="bbox 1990 5170 3653 5241; baseline 0.002 -16"><span class='ocrx_word' id='word_1_750' title='bbox 1990 5172 2164 5227; x_wconf 85' lang='lat' dir='ltr'>laudo</span> <span class='ocrx_word' id='word_1_751' title='bbox 2183 5170 2593 5224; x_wconf 90' lang='lat' dir='ltr'>adnotabimus</span> <span class='ocrx_word' id='word_1_752' title='bbox 2612 5170 3653 5241; x_wconf 83' lang='lat' dir='ltr'>intercessisset.Boamundus,nam-</span> 
     </span>
    </p>
   </div>
   <div class='ocr_carea' id='block_1_114' title="bbox 1990 5258 3653 5333">
    <p class='ocr_par' dir='ltr' id='par_1_114' title="bbox 1990 5258 3653 5333">
     <span class='ocr_line' id='line_1_114' title="bbox 1990 5258 3653 5333; baseline 0.002 -18"><span class='ocrx_word' id='word_1_753' title='bbox 1990 5276 2126 5333; x_wconf 89' lang='lat' dir='ltr'>que,</span> <span class='ocrx_word' id='word_1_754' title='bbox 2157 5260 2326 5314; x_wconf 74' lang='lat' dir='ltr'>ducis</span> <span class='ocrx_word' id='word_1_755' title='bbox 2368 5259 2587 5314; x_wconf 87' lang='lat' dir='ltr'>auxilio</span> <span class='ocrx_word' id='word_1_756' title='bbox 2629 5258 2902 5314; x_wconf 88' lang='lat' dir='ltr'>simulato</span> <span class='ocrx_word' id='word_1_757' title='bbox 2938 5262 2995 5313; x_wconf 90' lang='lat' dir='ltr'>et</span> <span class='ocrx_word' id='word_1_758' title='bbox 3013 5258 3087 5313; x_wconf 89' lang='lat' dir='ltr'>ab</span> <span class='ocrx_word' id='word_1_759' title='bbox 3120 5261 3254 5332; x_wconf 91' lang='lat' dir='ltr'>ipso</span> <span class='ocrx_word' id='word_1_760' title='bbox 3276 5262 3653 5318; x_wconf 89' lang='lat' dir='ltr'>submonitus</span> 
     </span>
    </p>
   </div>
   <div class='ocr_carea' id='block_1_115' title="bbox 1985 5347 3655 5425">
    <p class='ocr_par' dir='ltr' id='par_1_115' title="bbox 1985 5347 3655 5425">
     <span class='ocr_line' id='line_1_115' title="bbox 1985 5347 3655 5425; baseline 0 -20"><span class='ocrx_word' id='word_1_761' title='bbox 1985 5351 2329 5418; x_wconf 88' lang='lat' dir='ltr'>adveniens,</span> <span class='ocrx_word' id='word_1_762' title='bbox 2362 5348 2495 5419; x_wconf 91' lang='lat' dir='ltr'>plus</span> <span class='ocrx_word' id='word_1_763' title='bbox 2529 5347 2693 5401; x_wconf 87' lang='lat' dir='ltr'>fratri</span> <span class='ocrx_word' id='word_1_764' title='bbox 2748 5347 2821 5400; x_wconf 88' lang='lat' dir='ltr'>ad</span> <span class='ocrx_word' id='word_1_765' title='bbox 2852 5348 3129 5404; x_wconf 88' lang='lat' dir='ltr'>damnum</span> <span class='ocrx_word' id='word_1_766' title='bbox 3160 5366 3338 5425; x_wconf 83' lang='lat' dir='ltr'>quam</span> <span class='ocrx_word' id='word_1_767' title='bbox 3368 5351 3443 5406; x_wconf 88' lang='lat' dir='ltr'>ad</span> <span class='ocrx_word' id='word_1_768' title='bbox 3471 5351 3655 5423; x_wconf 86' lang='lat' dir='ltr'>proﬁ-</span> 
     </span>
    </p>
   </div>
   <div class='ocr_carea' id='block_1_116' title="bbox 1987 5438 3655 5508">
    <p class='ocr_par' dir='ltr' id='par_1_116' title="bbox 1987 5438 3655 5508">
     <span class='ocr_line' id='line_1_116' title="bbox 1987 5438 3655 5508; baseline -0.002 -12"><span class='ocrx_word' id='word_1_769' title='bbox 1987 5456 2181 5508; x_wconf 90' lang='lat' dir='ltr'>cuum,</span> <span class='ocrx_word' id='word_1_770' title='bbox 2215 5454 2332 5494; x_wconf 89' lang='lat' dir='ltr'>nou</span> <span class='ocrx_word' id='word_1_771' title='bbox 2364 5442 2557 5492; x_wconf 89' lang='lat' dir='ltr'>tamen</span> <span class='ocrx_word' id='word_1_772' title='bbox 2587 5439 2649 5491; x_wconf 90' lang='lat' dir='ltr'>ut</span> <span class='ocrx_word' id='word_1_773' title='bbox 2680 5438 3002 5508; x_wconf 87' lang='lat' dir='ltr'>credimus,</span> <span class='ocrx_word' id='word_1_774' title='bbox 3037 5455 3115 5496; x_wconf 86' lang='lat' dir='ltr'>ex</span> <span class='ocrx_word' id='word_1_775' title='bbox 3146 5440 3440 5502; x_wconf 85' lang='lat' dir='ltr'>industria</span> <span class='ocrx_word' id='word_1_776' title='bbox 3463 5440 3655 5495; x_wconf 86' lang='lat' dir='ltr'>factus</span> 
     </span>
    </p>
   </div>
   <div class='ocr_carea' id='block_1_117' title="bbox 1986 5526 3666 5613">
    <p class='ocr_par' dir='ltr' id='par_1_117' title="bbox 1986 5526 3666 5613">
     <span class='ocr_line' id='line_1_117' title="bbox 1986 5526 3666 5613; baseline -0.005 -26"><span class='ocrx_word' id='word_1_777' title='bbox 1986 5532 2098 5587; x_wconf 89' lang='lat' dir='ltr'>est.</span> <span class='ocrx_word' id='word_1_778' title='bbox 2141 5528 2277 5600; x_wconf 89' lang='lat' dir='ltr'>Ipso</span> <span class='ocrx_word' id='word_1_779' title='bbox 2319 5542 2484 5603; x_wconf 74' lang='lat' dir='ltr'>anno</span> <span class='ocrx_word' id='word_1_780' title='bbox 2507 5542 2583 5583; x_wconf 87' lang='lat' dir='ltr'>ex</span> <span class='ocrx_word' id='word_1_781' title='bbox 2613 5526 2804 5585; x_wconf 89' lang='lat' dir='ltr'>edicto</span> <span class='ocrx_word' id='word_1_782' title='bbox 2850 5528 3077 5586; x_wconf 88' lang='lat' dir='ltr'>Urbani</span> <span class='ocrx_word' id='word_1_783' title='bbox 3153 5547 3332 5613; x_wconf 60' lang='lat' dir='ltr'>papa</span> <span class='ocrx_word' id='word_1_784' title='bbox 3378 5527 3666 5598; x_wconf 78' lang='lat' dir='ltr'>expeditio</span> 
     </span>
    </p>
   </div>
  </div>
