  <div class='ocr_page' id='page_1' title='image "/cluster/home/n/w/nwhite01/storage/ocr_20150623/149/hvd.32044054760079/607.png"; bbox 0 0 4074 6150; ppageno 0'>
   <div class='ocr_carea' id='block_1_1' title="bbox 431 206 592 273">
    <p class='ocr_par' dir='ltr' id='par_1_1' title="bbox 431 206 592 273">
     <span class='ocr_line' id='line_1_1' title="bbox 431 206 592 273; baseline 0.031 -5"><span class='ocrx_word' id='word_1_1' title='bbox 431 206 592 273; x_wconf 78' lang='lat'><strong>1203</strong></span> 
     </span>
    </p>
   </div>
   <div class='ocr_carea' id='block_1_2' title="bbox 1193 204 3101 271">
    <p class='ocr_par' dir='ltr' id='par_1_2' title="bbox 1193 204 3101 271">
     <span class='ocr_line' id='line_1_2' title="bbox 1193 204 3101 271; baseline 0 -2"><span class='ocrx_word' id='word_1_2' title='bbox 1193 206 1623 271; x_wconf 83' lang='lat' dir='ltr'><strong>GAUFREDI</strong></span> <span class='ocrx_word' id='word_1_3' title='bbox 1652 204 2209 269; x_wconf 61' lang='lat' dir='ltr'><strong>MALATERRiE</strong></span> <span class='ocrx_word' id='word_1_4' title='bbox 2240 205 2629 269; x_wconf 85' lang='lat' dir='ltr'><strong>MONACHI</strong></span> <span class='ocrx_word' id='word_1_5' title='bbox 2664 206 2829 270; x_wconf 86' lang='lat' dir='ltr'><strong>BEN</strong></span> <span class='ocrx_word' id='word_1_6' title='bbox 2839 207 3101 271; x_wconf 89' lang='lat' dir='ltr'><strong>EDICT.</strong></span> 
     </span>
    </p>
   </div>
   <div class='ocr_carea' id='block_1_3' title="bbox 3681 212 3812 278">
    <p class='ocr_par' dir='ltr' id='par_1_3' title="bbox 3681 212 3812 278">
     <span class='ocr_line' id='line_1_3' title="bbox 3681 212 3812 278; baseline 0.031 -4"><span class='ocrx_word' id='word_1_7' title='bbox 3681 212 3812 278; x_wconf 69' lang='grc'><strong>1204</strong></span> 
     </span>
    </p>
   </div>
   <div class='ocr_carea' id='block_1_4' title="bbox 435 386 3822 476">
    <p class='ocr_par' dir='ltr' id='par_1_4' title="bbox 435 386 3822 476">
     <span class='ocr_line' id='line_1_4' title="bbox 435 386 3822 476; baseline 0.002 -15"><span class='ocrx_word' id='word_1_8' title='bbox 435 421 655 463; x_wconf 90' lang='lat' dir='ltr'><strong>versus</strong></span> <span class='ocrx_word' id='word_1_9' title='bbox 687 405 1061 461; x_wconf 79' lang='lat' dir='ltr'><strong>Hierusalem</strong></span> <span class='ocrx_word' id='word_1_10' title='bbox 1090 407 1162 460; x_wconf 85' lang='lat' dir='ltr'><strong>ah</strong></span> <span class='ocrx_word' id='word_1_11' title='bbox 1192 406 1449 476; x_wconf 80' lang='lat' dir='ltr'>undique</span> <span class='ocrx_word' id='word_1_12' title='bbox 1480 410 1772 461; x_wconf 90' lang='lat' dir='ltr'><strong>terrarum</strong></span> <span class='ocrx_word' id='word_1_13' title='bbox 1786 405 2097 461; x_wconf 83' lang='lat' dir='ltr'><strong>ferventis-</strong></span> <span class='ocrx_word' id='word_1_14' title='bbox 2128 386 2188 449; x_wconf 75' lang='grc' dir='ltr'>Α</span> <span class='ocrx_word' id='word_1_15' title='bbox 2218 406 2504 461; x_wconf 86' lang='lat' dir='ltr'><strong>Thermas</strong></span> <span class='ocrx_word' id='word_1_16' title='bbox 2535 406 2866 461; x_wconf 77' lang='lat' dir='ltr'><strong>conducere</strong></span> <span class='ocrx_word' id='word_1_17' title='bbox 2879 405 3017 461; x_wconf 81' lang='lat' dir='ltr'><strong>facit</strong></span> <span class='ocrx_word' id='word_1_18' title='bbox 3038 406 3357 462; x_wconf 90' lang='lat' dir='ltr'><strong>Henricum</strong></span> <span class='ocrx_word' id='word_1_19' title='bbox 3373 408 3822 469; x_wconf 87' lang='lat' dir='ltr'><strong>Lescastrensem</strong></span> 
     </span>
    </p>
   </div>
   <div class='ocr_carea' id='block_1_5' title="bbox 432 494 2094 567">
    <p class='ocr_par' dir='ltr' id='par_1_5' title="bbox 432 494 2094 567">
     <span class='ocr_line' id='line_1_5' title="bbox 432 494 2094 567; baseline -0.001 -17"><span class='ocrx_word' id='word_1_20' title='bbox 432 497 583 551; x_wconf 90' lang='lat' dir='ltr'><strong>sima</strong></span> <span class='ocrx_word' id='word_1_21' title='bbox 613 497 754 549; x_wconf 91' lang='lat' dir='ltr'><strong>erat.</strong></span> <span class='ocrx_word' id='word_1_22' title='bbox 778 494 1157 549; x_wconf 89' lang='lat' dir='ltr'><strong>Boamundus</strong></span> <span class='ocrx_word' id='word_1_23' title='bbox 1190 499 1402 563; x_wconf 89' lang='lat' dir='ltr'><strong>autem,</strong></span> <span class='ocrx_word' id='word_1_24' title='bbox 1439 496 1539 567; x_wconf 89' lang='lat' dir='ltr'><strong>qui</strong></span> <span class='ocrx_word' id='word_1_25' title='bbox 1566 494 1688 566; x_wconf 89' lang='lat' dir='ltr'><strong>jam</strong></span> <span class='ocrx_word' id='word_1_26' title='bbox 1721 495 1941 550; x_wconf 90' lang='lat' dir='ltr'><strong>dudum</strong></span> <span class='ocrx_word' id='word_1_27' title='bbox 1960 512 2094 549; x_wconf 89' lang='lat' dir='ltr'><strong>cum</strong></span> 
     </span>
    </p>
   </div>
   <div class='ocr_carea' id='block_1_6' title="bbox 434 582 2102 655">
    <p class='ocr_par' dir='ltr' id='par_1_6' title="bbox 434 582 2102 655">
     <span class='ocr_line' id='line_1_6' title="bbox 434 582 2102 655; baseline -0.001 -17"><span class='ocrx_word' id='word_1_28' title='bbox 434 582 762 639; x_wconf 89' lang='lat' dir='ltr'><strong>Guiscardo</strong></span> <span class='ocrx_word' id='word_1_29' title='bbox 795 587 957 653; x_wconf 89' lang='lat' dir='ltr'><strong>patre</strong></span> <span class='ocrx_word' id='word_1_30' title='bbox 1002 584 1344 639; x_wconf 80' lang='lat' dir='ltr'><strong>Romaniam</strong></span> <span class='ocrx_word' id='word_1_31' title='bbox 1378 588 1743 655; x_wconf 80' lang='lat' dir='ltr'><strong>pervaserat,</strong></span> <span class='ocrx_word' id='word_1_32' title='bbox 1777 588 1833 640; x_wconf 86' lang='lat' dir='ltr'><strong>et</strong></span> <span class='ocrx_word' id='word_1_33' title='bbox 1864 600 2102 654; x_wconf 80' lang='lat' dir='ltr'><strong>semper</strong></span> 
     </span>
    </p>
   </div>
   <div class='ocr_carea' id='block_1_7' title="bbox 435 672 2105 744">
    <p class='ocr_par' dir='ltr' id='par_1_7' title="bbox 435 672 2105 744">
     <span class='ocr_line' id='line_1_7' title="bbox 435 672 2105 744; baseline 0.001 -17"><span class='ocrx_word' id='word_1_34' title='bbox 435 672 553 727; x_wconf 83' lang='lat' dir='ltr'>sibi</span> <span class='ocrx_word' id='word_1_35' title='bbox 584 673 910 744; x_wconf 86' lang='lat' dir='ltr'><strong>subjugare</strong></span> <span class='ocrx_word' id='word_1_36' title='bbox 943 673 1190 743; x_wconf 90' lang='lat' dir='ltr'><strong>cupiens</strong></span> <span class='ocrx_word' id='word_1_37' title='bbox 1222 677 1364 742; x_wconf 81' lang='lat' dir='ltr'><strong>erat,</strong></span> <span class='ocrx_word' id='word_1_38' title='bbox 1401 674 1609 728; x_wconf 92' lang='lat' dir='ltr'><strong>videns</strong></span> <span class='ocrx_word' id='word_1_39' title='bbox 1632 674 1942 744; x_wconf 88' lang='lat' dir='ltr'><strong>plurimam</strong></span> <span class='ocrx_word' id='word_1_40' title='bbox 1964 674 2105 728; x_wconf 89' lang='lat' dir='ltr'><strong>mul-</strong></span> 
     </span>
    </p>
   </div>
   <div class='ocr_carea' id='block_1_8' title="bbox 435 761 2104 834">
    <p class='ocr_par' dir='ltr' id='par_1_8' title="bbox 435 761 2104 834">
     <span class='ocr_line' id='line_1_8' title="bbox 435 761 2104 834; baseline 0.001 -19"><span class='ocrx_word' id='word_1_41' title='bbox 435 761 743 815; x_wconf 88' lang='lat' dir='ltr'><strong>titudinem</strong></span> <span class='ocrx_word' id='word_1_42' title='bbox 780 777 885 831; x_wconf 89' lang='lat' dir='ltr'><strong>per</strong></span> <span class='ocrx_word' id='word_1_43' title='bbox 916 762 1211 832; x_wconf 84' lang='lat' dir='ltr'><strong>Apuliam,</strong></span> <span class='ocrx_word' id='word_1_44' title='bbox 1241 762 1347 817; x_wconf 88' lang='lat' dir='ltr'><strong>sed</strong></span> <span class='ocrx_word' id='word_1_45' title='bbox 1378 762 1506 817; x_wconf 84' lang='lat' dir='ltr'><strong>sine</strong></span> <span class='ocrx_word' id='word_1_46' title='bbox 1537 763 1801 834; x_wconf 74' lang='lat' dir='ltr'><strong>principe</strong></span> <span class='ocrx_word' id='word_1_47' title='bbox 1835 764 2104 817; x_wconf 89' lang='lat' dir='ltr'><strong>illorsum</strong></span> 
     </span>
    </p>
   </div>
   <div class='ocr_carea' id='block_1_9' title="bbox 437 850 2102 925">
    <p class='ocr_par' dir='ltr' id='par_1_9' title="bbox 437 850 2102 925">
     <span class='ocr_line' id='line_1_9' title="bbox 437 850 2102 925; baseline 0.002 -22"><span class='ocrx_word' id='word_1_48' title='bbox 437 850 795 920; x_wconf 85' lang='lat' dir='ltr'><strong>accelerare,</strong></span> <span class='ocrx_word' id='word_1_49' title='bbox 840 850 1118 920; x_wconf 79' lang='lat' dir='ltr'><strong>princeps</strong></span> <span class='ocrx_word' id='word_1_50' title='bbox 1166 852 1465 905; x_wconf 88' lang='lat' dir='ltr'><strong>exercitus</strong></span> <span class='ocrx_word' id='word_1_51' title='bbox 1499 852 1612 905; x_wconf 88' lang='lat' dir='ltr'><strong>sibi</strong></span> <span class='ocrx_word' id='word_1_52' title='bbox 1660 868 1764 906; x_wconf 90' lang='lat' dir='ltr'><strong>eos</strong></span> <span class='ocrx_word' id='word_1_53' title='bbox 1807 852 2102 925; x_wconf 90' lang='lat' dir='ltr'><strong>alligando</strong></span> 
     </span>
    </p>
   </div>
   <div class='ocr_carea' id='block_1_10' title="bbox 440 939 2103 1011">
    <p class='ocr_par' dir='ltr' id='par_1_10' title="bbox 440 939 2103 1011">
     <span class='ocr_line' id='line_1_10' title="bbox 440 939 2103 1011; baseline 0.002 -19"><span class='ocrx_word' id='word_1_54' title='bbox 440 939 568 992; x_wconf 85' lang='lat' dir='ltr'><strong>ﬁeri</strong></span> <span class='ocrx_word' id='word_1_55' title='bbox 599 939 828 1008; x_wconf 89' lang='lat' dir='ltr'><strong>volens,</strong></span> <span class='ocrx_word' id='word_1_56' title='bbox 862 940 1098 1011; x_wconf 89' lang='lat' dir='ltr'><strong>signum</strong></span> <span class='ocrx_word' id='word_1_57' title='bbox 1130 939 1401 1011; x_wconf 81' lang='lat' dir='ltr'><strong>ejusdem</strong></span> <span class='ocrx_word' id='word_1_58' title='bbox 1431 940 1845 1009; x_wconf 87' lang='lat' dir='ltr'><strong>exdeditionis,</strong></span> <span class='ocrx_word' id='word_1_59' title='bbox 1867 956 2103 995; x_wconf 91' lang='lat' dir='ltr'><strong>crucem</strong></span> 
     </span>
    </p>
   </div>
   <div class='ocr_carea' id='block_1_11' title="bbox 440 1026 2105 1100">
    <p class='ocr_par' dir='ltr' id='par_1_11' title="bbox 440 1026 2105 1100">
     <span class='ocr_line' id='line_1_11' title="bbox 440 1026 2105 1100; baseline 0.002 -21"><span class='ocrx_word' id='word_1_60' title='bbox 440 1026 716 1081; x_wconf 76' lang='lat' dir='ltr'><strong>videlicet</strong></span> <span class='ocrx_word' id='word_1_61' title='bbox 745 1027 1014 1081; x_wconf 82' lang='lat' dir='ltr'><strong>vestibus</strong></span> <span class='ocrx_word' id='word_1_62' title='bbox 1047 1028 1175 1081; x_wconf 87' lang='lat' dir='ltr'><strong>suis</strong></span> <span class='ocrx_word' id='word_1_63' title='bbox 1192 1028 1448 1098; x_wconf 85' lang='lat' dir='ltr'><strong>apponit.</strong></span> <span class='ocrx_word' id='word_1_64' title='bbox 1475 1029 1657 1083; x_wconf 83' lang='lat' dir='ltr'><strong>Porro</strong></span> <span class='ocrx_word' id='word_1_65' title='bbox 1683 1028 1968 1100; x_wconf 79' lang='lat' dir='ltr'><strong>juventus</strong></span> <span class='ocrx_word' id='word_1_66' title='bbox 1983 1030 2105 1085; x_wconf 90' lang='lat' dir='ltr'><strong>bel-</strong></span> 
     </span>
    </p>
   </div>
   <div class='ocr_carea' id='block_1_12' title="bbox 445 1114 2103 1187">
    <p class='ocr_par' dir='ltr' id='par_1_12' title="bbox 445 1114 2103 1187">
     <span class='ocr_line' id='line_1_12' title="bbox 445 1114 2103 1187; baseline 0.004 -20"><span class='ocrx_word' id='word_1_67' title='bbox 445 1114 557 1167; x_wconf 89' lang='lat' dir='ltr'><strong>lica</strong></span> <span class='ocrx_word' id='word_1_68' title='bbox 590 1114 768 1169; x_wconf 78' lang='lat' dir='ltr'><strong>totius</strong></span> <span class='ocrx_word' id='word_1_69' title='bbox 802 1117 1124 1185; x_wconf 86' lang='lat' dir='ltr'><strong>exercitus,</strong></span> <span class='ocrx_word' id='word_1_70' title='bbox 1148 1119 1266 1170; x_wconf 82' lang='lat' dir='ltr'><strong>tam</strong></span> <span class='ocrx_word' id='word_1_71' title='bbox 1295 1117 1466 1171; x_wconf 91' lang='lat' dir='ltr'><strong>ducis</strong></span> <span class='ocrx_word' id='word_1_72' title='bbox 1503 1133 1677 1187; x_wconf 89' lang='lat' dir='ltr'><strong>quam</strong></span> <span class='ocrx_word' id='word_1_73' title='bbox 1714 1120 1965 1184; x_wconf 87' lang='lat' dir='ltr'><strong>comitis,</strong></span> <span class='ocrx_word' id='word_1_74' title='bbox 2003 1136 2103 1173; x_wconf 92' lang='lat' dir='ltr'><strong>no-</strong></span> 
     </span>
    </p>
   </div>
   <div class='ocr_carea' id='block_1_13' title="bbox 444 1204 2103 1277">
    <p class='ocr_par' dir='ltr' id='par_1_13' title="bbox 444 1204 2103 1277">
     <span class='ocr_line' id='line_1_13' title="bbox 444 1204 2103 1277; baseline 0.005 -22"><span class='ocrx_word' id='word_1_75' title='bbox 444 1218 649 1256; x_wconf 89' lang='lat' dir='ltr'><strong>varum</strong></span> <span class='ocrx_word' id='word_1_76' title='bbox 687 1217 905 1272; x_wconf 90' lang='lat' dir='ltr'><strong>rerum,</strong></span> <span class='ocrx_word' id='word_1_77' title='bbox 943 1207 1003 1258; x_wconf 91' lang='lat' dir='ltr'><strong>ut</strong></span> <span class='ocrx_word' id='word_1_78' title='bbox 1058 1205 1119 1258; x_wconf 91' lang='lat' dir='ltr'><strong>in</strong></span> <span class='ocrx_word' id='word_1_79' title='bbox 1159 1204 1258 1258; x_wconf 89' lang='lat' dir='ltr'><strong>tali</strong></span> <span class='ocrx_word' id='word_1_80' title='bbox 1292 1208 1461 1260; x_wconf 79' lang='lat' dir='ltr'><strong>aetate</strong></span> <span class='ocrx_word' id='word_1_81' title='bbox 1518 1207 1743 1261; x_wconf 85' lang='lat' dir='ltr'><strong>assolet</strong></span> <span class='ocrx_word' id='word_1_82' title='bbox 1799 1210 2103 1277; x_wconf 84' lang='lat' dir='ltr'><strong>appetens,</strong></span> 
     </span>
    </p>
   </div>
   <div class='ocr_carea' id='block_1_14' title="bbox 448 1291 2105 1365">
    <p class='ocr_par' dir='ltr' id='par_1_14' title="bbox 448 1291 2105 1365">
     <span class='ocr_line' id='line_1_14' title="bbox 448 1291 2105 1365; baseline 0.005 -22"><span class='ocrx_word' id='word_1_83' title='bbox 448 1291 574 1344; x_wconf 89' lang='lat' dir='ltr'><strong>visa</strong></span> <span class='ocrx_word' id='word_1_84' title='bbox 607 1307 782 1346; x_wconf 90' lang='lat' dir='ltr'><strong>cruce</strong></span> <span class='ocrx_word' id='word_1_85' title='bbox 824 1292 1169 1363; x_wconf 89' lang='lat' dir='ltr'><strong>Boamundi,</strong></span> <span class='ocrx_word' id='word_1_86' title='bbox 1204 1297 1261 1349; x_wconf 91' lang='lat' dir='ltr'><strong>et</strong></span> <span class='ocrx_word' id='word_1_87' title='bbox 1299 1295 1372 1348; x_wconf 93' lang='lat' dir='ltr'><strong>ab</strong></span> <span class='ocrx_word' id='word_1_88' title='bbox 1409 1296 1540 1365; x_wconf 92' lang='lat' dir='ltr'><strong>ipso</strong></span> <span class='ocrx_word' id='word_1_89' title='bbox 1573 1295 1894 1351; x_wconf 86' lang='lat' dir='ltr'><strong>submoniti</strong></span> <span class='ocrx_word' id='word_1_90' title='bbox 1928 1298 2000 1350; x_wconf 91' lang='lat' dir='ltr'><strong>ad</strong></span> <span class='ocrx_word' id='word_1_91' title='bbox 2047 1297 2105 1351; x_wconf 92' lang='lat' dir='ltr'><strong>id</strong></span> 
     </span>
    </p>
   </div>
   <div class='ocr_carea' id='block_1_15' title="bbox 445 1378 2108 1455">
    <p class='ocr_par' dir='ltr' id='par_1_15' title="bbox 445 1378 2108 1455">
     <span class='ocr_line' id='line_1_15' title="bbox 445 1378 2108 1455; baseline 0.005 -23"><span class='ocrx_word' id='word_1_92' title='bbox 445 1378 779 1434; x_wconf 84' lang='lat' dir='ltr'><strong>faciendum</strong></span> <span class='ocrx_word' id='word_1_93' title='bbox 820 1381 1086 1435; x_wconf 81' lang='lat' dir='ltr'><strong>certatim</strong></span> <span class='ocrx_word' id='word_1_94' title='bbox 1130 1386 1527 1451; x_wconf 85' lang='lat' dir='ltr'><strong>concurrunt;</strong></span> <span class='ocrx_word' id='word_1_95' title='bbox 1575 1385 1782 1455; x_wconf 86' lang='lat' dir='ltr'><strong>sicque</strong></span> <span class='ocrx_word' id='word_1_96' title='bbox 1830 1386 2108 1441; x_wconf 89' lang='lat' dir='ltr'><strong>crucibus</strong></span> 
     </span>
    </p>
   </div>
   <div class='ocr_carea' id='block_1_16' title="bbox 448 1468 2109 1538">
    <p class='ocr_par' dir='ltr' id='par_1_16' title="bbox 448 1468 2109 1538">
     <span class='ocr_line' id='line_1_16' title="bbox 448 1468 2109 1538; baseline 0.005 -17"><span class='ocrx_word' id='word_1_97' title='bbox 448 1469 724 1538; x_wconf 85' lang='lat' dir='ltr'><strong>sumptis,</strong></span> <span class='ocrx_word' id='word_1_98' title='bbox 758 1468 908 1523; x_wconf 84' lang='lat' dir='ltr'><strong>ﬁnes</strong></span> <span class='ocrx_word' id='word_1_99' title='bbox 932 1468 1252 1524; x_wconf 84' lang='lat' dir='ltr'><strong>Christiani</strong></span> <span class='ocrx_word' id='word_1_100' title='bbox 1281 1472 1537 1526; x_wconf 89' lang='lat' dir='ltr'><strong>nominis</strong></span> <span class='ocrx_word' id='word_1_101' title='bbox 1591 1474 1842 1527; x_wconf 89' lang='lat' dir='ltr'><strong>ulterius</strong></span> <span class='ocrx_word' id='word_1_102' title='bbox 1874 1490 1990 1529; x_wconf 91' lang='lat' dir='ltr'><strong>non</strong></span> <span class='ocrx_word' id='word_1_103' title='bbox 2022 1477 2109 1528; x_wconf 90' lang='lat' dir='ltr'><strong>at-</strong></span> 
     </span>
    </p>
   </div>
   <div class='ocr_carea' id='block_1_17' title="bbox 446 1558 2112 1635">
    <p class='ocr_par' dir='ltr' id='par_1_17' title="bbox 446 1558 2112 1635">
     <span class='ocr_line' id='line_1_17' title="bbox 446 1558 2112 1635; baseline 0.005 -25"><span class='ocrx_word' id='word_1_104' title='bbox 446 1559 690 1626; x_wconf 87' lang='lat' dir='ltr'><strong>tentare,</strong></span> <span class='ocrx_word' id='word_1_105' title='bbox 725 1558 912 1613; x_wconf 90' lang='lat' dir='ltr'><strong>donec</strong></span> <span class='ocrx_word' id='word_1_106' title='bbox 936 1574 1303 1630; x_wconf 83' lang='lat' dir='ltr'><strong>paganorum</strong></span> <span class='ocrx_word' id='word_1_107' title='bbox 1335 1561 1484 1615; x_wconf 74' lang='lat' dir='ltr'><strong>lines</strong></span> <span class='ocrx_word' id='word_1_108' title='bbox 1507 1563 1851 1632; x_wconf 75' lang='lat' dir='ltr'><strong>pervadunt,</strong></span> <span class='ocrx_word' id='word_1_109' title='bbox 1883 1564 2112 1635; x_wconf 85' lang='lat' dir='ltr'><strong>absque</strong></span> 
     </span>
    </p>
   </div>
   <div class='ocr_carea' id='block_1_18' title="bbox 448 1646 2114 1720">
    <p class='ocr_par' dir='ltr' id='par_1_18' title="bbox 448 1646 2114 1720">
     <span class='ocr_line' id='line_1_18' title="bbox 448 1646 2114 1720; baseline 0.006 -21"><span class='ocrx_word' id='word_1_110' title='bbox 448 1646 819 1701; x_wconf 90' lang='lat' dir='ltr'><strong>cunctatione</strong></span> <span class='ocrx_word' id='word_1_111' title='bbox 848 1650 983 1701; x_wconf 90' lang='lat' dir='ltr'><strong>voto</strong></span> <span class='ocrx_word' id='word_1_112' title='bbox 1029 1648 1385 1720; x_wconf 80' lang='lat' dir='ltr'><strong>obligantur.</strong></span> <span class='ocrx_word' id='word_1_113' title='bbox 1424 1650 1553 1704; x_wconf 87' lang='lat' dir='ltr'><strong>Dux</strong></span> <span class='ocrx_word' id='word_1_114' title='bbox 1597 1654 1791 1706; x_wconf 91' lang='lat' dir='ltr'><strong>autem</strong></span> <span class='ocrx_word' id='word_1_115' title='bbox 1824 1656 1879 1706; x_wconf 91' lang='lat' dir='ltr'><strong>et</strong></span> <span class='ocrx_word' id='word_1_116' title='bbox 1912 1669 2114 1709; x_wconf 92' lang='lat' dir='ltr'><strong>comes</strong></span> 
     </span>
    </p>
   </div>
   <div class='ocr_carea' id='block_1_19' title="bbox 447 1736 2120 1807">
    <p class='ocr_par' dir='ltr' id='par_1_19' title="bbox 447 1736 2120 1807">
     <span class='ocr_line' id='line_1_19' title="bbox 447 1736 2120 1807; baseline 0.002 -17"><span class='ocrx_word' id='word_1_117' title='bbox 447 1736 776 1790; x_wconf 84' lang='lat' dir='ltr'><strong>exercitum</strong></span> <span class='ocrx_word' id='word_1_118' title='bbox 806 1751 982 1789; x_wconf 91' lang='lat' dir='ltr'><strong>suum</strong></span> <span class='ocrx_word' id='word_1_119' title='bbox 1010 1739 1263 1791; x_wconf 83' lang='lat' dir='ltr'><strong>maxima</strong></span> <span class='ocrx_word' id='word_1_120' title='bbox 1293 1753 1365 1792; x_wconf 86' lang='lat' dir='ltr'><strong>ex</strong></span> <span class='ocrx_word' id='word_1_121' title='bbox 1396 1742 1559 1807; x_wconf 90' lang='lat' dir='ltr'><strong>parte</strong></span> <span class='ocrx_word' id='word_1_122' title='bbox 1591 1739 1706 1794; x_wconf 90' lang='lat' dir='ltr'><strong>sibi</strong></span> <span class='ocrx_word' id='word_1_123' title='bbox 1738 1741 1931 1795; x_wconf 89' lang='lat' dir='ltr'><strong>taliter</strong></span> <span class='ocrx_word' id='word_1_124' title='bbox 1956 1743 2120 1798; x_wconf 87' lang='lat' dir='ltr'><strong>defe.</strong></span> 
     </span>
    </p>
   </div>
   <div class='ocr_carea' id='block_1_20' title="bbox 454 1824 2120 1903">
    <p class='ocr_par' dir='ltr' id='par_1_20' title="bbox 454 1824 2120 1903">
     <span class='ocr_line' id='line_1_20' title="bbox 454 1824 2120 1903; baseline 0.005 -25"><span class='ocrx_word' id='word_1_125' title='bbox 454 1824 614 1879; x_wconf 89' lang='lat' dir='ltr'><strong>cisse</strong></span> <span class='ocrx_word' id='word_1_126' title='bbox 630 1825 920 1895; x_wconf 89' lang='lat' dir='ltr'><strong>videntes,</strong></span> <span class='ocrx_word' id='word_1_127' title='bbox 946 1827 1149 1882; x_wconf 90' lang='lat' dir='ltr'><strong>trister</strong></span> <span class='ocrx_word' id='word_1_128' title='bbox 1165 1828 1599 1897; x_wconf 90' lang='lat' dir='ltr'><strong>evpeditionem</strong></span> <span class='ocrx_word' id='word_1_129' title='bbox 1621 1831 1878 1885; x_wconf 88' lang='lat' dir='ltr'><strong>solvunt.</strong></span> <span class='ocrx_word' id='word_1_130' title='bbox 1905 1831 2120 1903; x_wconf 90' lang='lat' dir='ltr'><strong>Sicque</strong></span> 
     </span>
    </p>
   </div>
   <div class='ocr_carea' id='block_1_21' title="bbox 451 1913 2116 1987">
    <p class='ocr_par' dir='ltr' id='par_1_21' title="bbox 451 1913 2116 1987">
     <span class='ocr_line' id='line_1_21' title="bbox 451 1913 2116 1987; baseline 0.005 -20"><span class='ocrx_word' id='word_1_131' title='bbox 451 1913 620 1982; x_wconf 81' lang='lat' dir='ltr'><strong>urbe,</strong></span> <span class='ocrx_word' id='word_1_132' title='bbox 655 1928 803 1982; x_wconf 90' lang='lat' dir='ltr'><strong>pene</strong></span> <span class='ocrx_word' id='word_1_133' title='bbox 835 1930 1025 1985; x_wconf 92' lang='lat' dir='ltr'><strong>usque</strong></span> <span class='ocrx_word' id='word_1_134' title='bbox 1055 1915 1128 1969; x_wconf 91' lang='lat' dir='ltr'><strong>ad</strong></span> <span class='ocrx_word' id='word_1_135' title='bbox 1157 1916 1513 1971; x_wconf 87' lang='lat' dir='ltr'><strong>deditionem</strong></span> <span class='ocrx_word' id='word_1_136' title='bbox 1545 1923 1773 1987; x_wconf 87' lang='lat' dir='ltr'><strong>vexata,</strong></span> <span class='ocrx_word' id='word_1_137' title='bbox 1806 1921 1904 1974; x_wconf 84' lang='lat' dir='ltr'><strong>tali</strong></span> <span class='ocrx_word' id='word_1_138' title='bbox 1928 1920 2116 1976; x_wconf 79' lang='lat' dir='ltr'><strong>infor-</strong></span> 
     </span>
    </p>
   </div>
   <div class='ocr_carea' id='block_1_22' title="bbox 450 2002 2194 2092">
    <p class='ocr_par' dir='ltr' id='par_1_22' title="bbox 450 2002 2194 2092">
     <span class='ocr_line' id='line_1_22' title="bbox 450 2002 2194 2092; baseline 0.007 -38"><span class='ocrx_word' id='word_1_139' title='bbox 450 2002 612 2055; x_wconf 89' lang='lat' dir='ltr'><strong>tunio</strong></span> <span class='ocrx_word' id='word_1_140' title='bbox 643 2002 967 2071; x_wconf 90' lang='lat' dir='ltr'><strong>privantur.</strong></span> <span class='ocrx_word' id='word_1_141' title='bbox 1004 2004 1383 2059; x_wconf 90' lang='lat' dir='ltr'><strong>Boamundus</strong></span> <span class='ocrx_word' id='word_1_142' title='bbox 1416 2022 1577 2061; x_wconf 91' lang='lat' dir='ltr'><strong>mare</strong></span> <span class='ocrx_word' id='word_1_143' title='bbox 1606 2010 1858 2063; x_wconf 89' lang='lat' dir='ltr'><strong>transiit.</strong></span> <span class='ocrx_word' id='word_1_144' title='bbox 1898 2011 2026 2065; x_wconf 82' lang='lat' dir='ltr'><strong>Dux</strong></span> <span class='ocrx_word' id='word_1_145' title='bbox 2059 2012 2117 2065; x_wconf 92' lang='lat' dir='ltr'><strong>in</strong></span> <span class='ocrx_word' id='word_1_146' title='bbox 2151 2033 2194 2092; x_wconf 67' lang='grc' dir='ltr'><strong>Β</strong></span> 
     </span>
    </p>
   </div>
   <div class='ocr_carea' id='block_1_23' title="bbox 452 2090 2117 2159">
    <p class='ocr_par' dir='ltr' id='par_1_23' title="bbox 452 2090 2117 2159">
     <span class='ocr_line' id='line_1_23' title="bbox 452 2090 2117 2159; baseline 0.007 -17"><span class='ocrx_word' id='word_1_147' title='bbox 452 2090 723 2159; x_wconf 84' lang='lat' dir='ltr'><strong>Apuliam</strong></span> <span class='ocrx_word' id='word_1_148' title='bbox 754 2091 998 2146; x_wconf 85' lang='lat' dir='ltr'><strong>secedit.</strong></span> <span class='ocrx_word' id='word_1_149' title='bbox 1032 2092 1245 2148; x_wconf 87' lang='lat' dir='ltr'><strong>Comes</strong></span> <span class='ocrx_word' id='word_1_150' title='bbox 1288 2093 1547 2149; x_wconf 91' lang='lat' dir='ltr'><strong>Siciliam</strong></span> <span class='ocrx_word' id='word_1_151' title='bbox 1577 2098 1911 2153; x_wconf 86' lang='lat' dir='ltr'><strong>revertitur.</strong></span> <span class='ocrx_word' id='word_1_152' title='bbox 1956 2098 2117 2153; x_wconf 87' lang='lat' dir='ltr'><strong>Urbs</strong></span> 
     </span>
    </p>
   </div>
   <div class='ocr_carea' id='block_1_24' title="bbox 454 2178 1478 2252">
    <p class='ocr_par' dir='ltr' id='par_1_24' title="bbox 454 2178 1478 2252">
     <span class='ocr_line' id='line_1_24' title="bbox 454 2178 1478 2252; baseline 0.004 -20"><span class='ocrx_word' id='word_1_153' title='bbox 454 2178 842 2249; x_wconf 87' lang='lat' dir='ltr'><strong>oppressione</strong></span> <span class='ocrx_word' id='word_1_154' title='bbox 874 2179 1141 2252; x_wconf 79' lang='lat' dir='ltr'><strong>gaudens</strong></span> <span class='ocrx_word' id='word_1_155' title='bbox 1172 2181 1478 2236; x_wconf 87' lang='lat' dir='ltr'><strong>liberatur.</strong></span> 
     </span>
    </p>
   </div>
   <div class='ocr_carea' id='block_1_25' title="bbox 1050 2287 1513 2343">
    <p class='ocr_par' dir='ltr' id='par_1_25' title="bbox 1050 2287 1513 2343">
     <span class='ocr_line' id='line_1_25' title="bbox 1050 2287 1513 2343; baseline 0.004 -2"><span class='ocrx_word' id='word_1_156' title='bbox 1050 2287 1302 2343; x_wconf 85' lang='lat' dir='ltr'><strong>CAPUT</strong></span> <span class='ocrx_word' id='word_1_157' title='bbox 1326 2289 1513 2343; x_wconf 85' lang='lat' dir='ltr'><strong>XXV.</strong></span> 
     </span>
    </p>
   </div>
   <div class='ocr_carea' id='block_1_26' title="bbox 456 2408 2119 2488">
    <p class='ocr_par' dir='ltr' id='par_1_26' title="bbox 456 2408 2119 2488">
     <span class='ocr_line' id='line_1_26' title="bbox 456 2408 2119 2488; baseline 0.004 -23"><span class='ocrx_word' id='word_1_158' title='bbox 456 2408 592 2465; x_wconf 81' lang='lat' dir='ltr'><strong>Rex</strong></span> <span class='ocrx_word' id='word_1_159' title='bbox 616 2409 1038 2482; x_wconf 84' lang='lat' dir='ltr'><strong>Hungarorum</strong></span> <span class='ocrx_word' id='word_1_160' title='bbox 1090 2411 1268 2465; x_wconf 80' lang='lat' dir='ltr'><strong>ﬁliam</strong></span> <span class='ocrx_word' id='word_1_161' title='bbox 1301 2413 1535 2467; x_wconf 81' lang='lat' dir='ltr'><strong>comitis</strong></span> <span class='ocrx_word' id='word_1_162' title='bbox 1565 2431 1626 2467; x_wconf 82' lang='lat' dir='ltr'><strong>in</strong></span> <span class='ocrx_word' id='word_1_163' title='bbox 1664 2431 1905 2471; x_wconf 83' lang='lat' dir='ltr'><strong>uxorem</strong></span> <span class='ocrx_word' id='word_1_164' title='bbox 1943 2418 2119 2488; x_wconf 82' lang='lat' dir='ltr'><strong>capit.</strong></span> 
     </span>
    </p>
   </div>
   <div class='ocr_carea' id='block_1_27' title="bbox 528 2498 2122 2574">
    <p class='ocr_par' dir='ltr' id='par_1_27' title="bbox 528 2498 2122 2574">
     <span class='ocr_line' id='line_1_27' title="bbox 528 2498 2122 2574; baseline 0.006 -23"><span class='ocrx_word' id='word_1_165' title='bbox 528 2498 890 2552; x_wconf 85' lang='lat' dir='ltr'><strong>Alamannus</strong></span> <span class='ocrx_word' id='word_1_166' title='bbox 923 2503 1117 2554; x_wconf 86' lang='lat' dir='ltr'><strong>autem</strong></span> <span class='ocrx_word' id='word_1_167' title='bbox 1150 2517 1256 2555; x_wconf 86' lang='lat' dir='ltr'><strong>rex</strong></span> <span class='ocrx_word' id='word_1_168' title='bbox 1287 2502 1726 2574; x_wconf 86' lang='lat' dir='ltr'><strong>Hungarorum,</strong></span> <span class='ocrx_word' id='word_1_169' title='bbox 1758 2505 2007 2560; x_wconf 89' lang='lat' dir='ltr'><strong>audiens</strong></span> <span class='ocrx_word' id='word_1_170' title='bbox 2040 2506 2122 2559; x_wconf 84' lang='lat' dir='ltr'><strong>fa-</strong></span> 
     </span>
    </p>
   </div>
   <div class='ocr_carea' id='block_1_28' title="bbox 456 2587 2124 2666">
    <p class='ocr_par' dir='ltr' id='par_1_28' title="bbox 456 2587 2124 2666">
     <span class='ocr_line' id='line_1_28' title="bbox 456 2587 2124 2666; baseline 0.005 -25"><span class='ocrx_word' id='word_1_171' title='bbox 456 2602 611 2641; x_wconf 90' lang='lat' dir='ltr'><strong>mam</strong></span> <span class='ocrx_word' id='word_1_172' title='bbox 651 2587 982 2642; x_wconf 88' lang='lat' dir='ltr'><strong>Siculorum</strong></span> <span class='ocrx_word' id='word_1_173' title='bbox 1017 2587 1263 2661; x_wconf 80' lang='lat' dir='ltr'><strong>gloriosi</strong></span> <span class='ocrx_word' id='word_1_174' title='bbox 1316 2592 1548 2645; x_wconf 89' lang='lat' dir='ltr'><strong>comitis</strong></span> <span class='ocrx_word' id='word_1_175' title='bbox 1582 2593 1847 2665; x_wconf 82' lang='lat' dir='ltr'><strong>Rogerii,</strong></span> <span class='ocrx_word' id='word_1_176' title='bbox 1893 2594 2124 2666; x_wconf 81' lang='lat' dir='ltr'><strong>legatos</strong></span> 
     </span>
    </p>
   </div>
   <div class='ocr_carea' id='block_1_29' title="bbox 460 2675 2125 2747">
    <p class='ocr_par' dir='ltr' id='par_1_29' title="bbox 460 2675 2125 2747">
     <span class='ocr_line' id='line_1_29' title="bbox 460 2675 2125 2747; baseline 0.007 -19"><span class='ocrx_word' id='word_1_177' title='bbox 460 2675 730 2747; x_wconf 90' lang='lat' dir='ltr'><strong>dirigens</strong></span> <span class='ocrx_word' id='word_1_178' title='bbox 771 2676 950 2730; x_wconf 80' lang='lat' dir='ltr'><strong>tiliam</strong></span> <span class='ocrx_word' id='word_1_179' title='bbox 982 2694 1150 2731; x_wconf 91' lang='lat' dir='ltr'><strong>suam</strong></span> <span class='ocrx_word' id='word_1_180' title='bbox 1181 2679 1238 2733; x_wconf 91' lang='lat' dir='ltr'><strong>in</strong></span> <span class='ocrx_word' id='word_1_181' title='bbox 1270 2680 1707 2735; x_wconf 87' lang='lat' dir='ltr'><strong>matrimonium</strong></span> <span class='ocrx_word' id='word_1_182' title='bbox 1740 2684 1984 2738; x_wconf 87' lang='lat' dir='ltr'><strong>concedi</strong></span> <span class='ocrx_word' id='word_1_183' title='bbox 2018 2701 2125 2739; x_wconf 83' lang='lat' dir='ltr'><strong>ex-</strong></span> 
     </span>
    </p>
   </div>
   <div class='ocr_carea' id='block_1_30' title="bbox 463 2764 2128 2841">
    <p class='ocr_par' dir='ltr' id='par_1_30' title="bbox 463 2764 2128 2841">
     <span class='ocr_line' id='line_1_30' title="bbox 463 2764 2128 2841; baseline 0.005 -23"><span class='ocrx_word' id='word_1_184' title='bbox 463 2764 742 2835; x_wconf 88' lang='lat' dir='ltr'><strong>postulat.</strong></span> <span class='ocrx_word' id='word_1_185' title='bbox 767 2765 872 2819; x_wconf 93' lang='lat' dir='ltr'><strong>Ille</strong></span> <span class='ocrx_word' id='word_1_186' title='bbox 892 2779 1059 2837; x_wconf 89' lang='lat' dir='ltr'><strong>vero,</strong></span> <span class='ocrx_word' id='word_1_187' title='bbox 1082 2769 1355 2838; x_wconf 89' lang='lat' dir='ltr'><strong>quamvis</strong></span> <span class='ocrx_word' id='word_1_188' title='bbox 1389 2768 1625 2823; x_wconf 87' lang='lat' dir='ltr'><strong>honesti</strong></span> <span class='ocrx_word' id='word_1_189' title='bbox 1640 2771 1773 2840; x_wconf 88' lang='lat' dir='ltr'><strong>viri,</strong></span> <span class='ocrx_word' id='word_1_190' title='bbox 1807 2772 1904 2841; x_wconf 92' lang='lat' dir='ltr'><strong>qui</strong></span> <span class='ocrx_word' id='word_1_191' title='bbox 1922 2772 1992 2826; x_wconf 93' lang='lat' dir='ltr'><strong>ad</strong></span> <span class='ocrx_word' id='word_1_192' title='bbox 2014 2772 2128 2828; x_wconf 90' lang='lat' dir='ltr'><strong>hoc</strong></span> 
     </span>
    </p>
   </div>
   <div class='ocr_carea' id='block_1_31' title="bbox 459 2855 2125 2931">
    <p class='ocr_par' dir='ltr' id='par_1_31' title="bbox 459 2855 2125 2931">
     <span class='ocr_line' id='line_1_31' title="bbox 459 2855 2125 2931; baseline 0.005 -24"><span class='ocrx_word' id='word_1_193' title='bbox 459 2855 980 2924; x_wconf 87' lang='lat' dir='ltr'><strong>venerantessent,</strong></span> <span class='ocrx_word' id='word_1_194' title='bbox 1003 2856 1344 2911; x_wconf 90' lang='lat' dir='ltr'><strong>tamenillos</strong></span> <span class='ocrx_word' id='word_1_195' title='bbox 1376 2856 1622 2912; x_wconf 87' lang='lat' dir='ltr'><strong>honeste</strong></span> <span class='ocrx_word' id='word_1_196' title='bbox 1651 2875 1684 2911; x_wconf 92' lang='lat' dir='ltr'><strong>a</strong></span> <span class='ocrx_word' id='word_1_197' title='bbox 1716 2874 1783 2914; x_wconf 89' lang='lat' dir='ltr'><strong>se</strong></span> <span class='ocrx_word' id='word_1_198' title='bbox 1805 2860 2125 2931; x_wconf 88' lang='lat' dir='ltr'><strong>dimittens,</strong></span> 
     </span>
    </p>
   </div>
   <div class='ocr_carea' id='block_1_32' title="bbox 462 2941 2130 3021">
    <p class='ocr_par' dir='ltr' id='par_1_32' title="bbox 462 2941 2130 3021">
     <span class='ocr_line' id='line_1_32' title="bbox 462 2941 2130 3021; baseline 0.005 -25"><span class='ocrx_word' id='word_1_199' title='bbox 462 2941 535 2997; x_wconf 92' lang='lat' dir='ltr'><strong>de</strong></span> <span class='ocrx_word' id='word_1_200' title='bbox 568 2941 697 2997; x_wconf 90' lang='lat' dir='ltr'><strong>suis</strong></span> <span class='ocrx_word' id='word_1_201' title='bbox 728 2944 922 3012; x_wconf 92' lang='lat' dir='ltr'><strong>etiam,</strong></span> <span class='ocrx_word' id='word_1_202' title='bbox 959 2960 1033 3000; x_wconf 94' lang='lat' dir='ltr'><strong>ne</strong></span> <span class='ocrx_word' id='word_1_203' title='bbox 1070 2945 1322 3016; x_wconf 87' lang='lat' dir='ltr'><strong>fallatur,</strong></span> <span class='ocrx_word' id='word_1_204' title='bbox 1358 2963 1490 3001; x_wconf 91' lang='lat' dir='ltr'><strong>cum</strong></span> <span class='ocrx_word' id='word_1_205' title='bbox 1523 2946 1672 3018; x_wconf 91' lang='lat' dir='ltr'><strong>ipsis</strong></span> <span class='ocrx_word' id='word_1_206' title='bbox 1703 2949 1970 3021; x_wconf 88' lang='lat' dir='ltr'><strong>dirigens</strong></span> <span class='ocrx_word' id='word_1_207' title='bbox 2030 2966 2130 3005; x_wconf 91' lang='lat' dir='ltr'><strong>re-</strong></span> 
     </span>
    </p>
   </div>
   <div class='ocr_carea' id='block_1_33' title="bbox 461 3031 2126 3109">
    <p class='ocr_par' dir='ltr' id='par_1_33' title="bbox 461 3031 2126 3109">
     <span class='ocr_line' id='line_1_33' title="bbox 461 3031 2126 3109; baseline 0.005 -24"><span class='ocrx_word' id='word_1_208' title='bbox 461 3031 696 3086; x_wconf 89' lang='lat' dir='ltr'><strong>mandat</strong></span> <span class='ocrx_word' id='word_1_209' title='bbox 726 3034 808 3103; x_wconf 87' lang='lat' dir='ltr'><strong>ut,</strong></span> <span class='ocrx_word' id='word_1_210' title='bbox 842 3033 894 3087; x_wconf 90' lang='lat' dir='ltr'><strong>si</strong></span> <span class='ocrx_word' id='word_1_211' title='bbox 935 3037 1282 3089; x_wconf 82' lang='lat' dir='ltr'><strong>exsecutum</strong></span> <span class='ocrx_word' id='word_1_212' title='bbox 1324 3036 1477 3107; x_wconf 93' lang='lat' dir='ltr'><strong>quod</strong></span> <span class='ocrx_word' id='word_1_213' title='bbox 1520 3041 1775 3108; x_wconf 87' lang='lat' dir='ltr'><strong>caeperat</strong></span> <span class='ocrx_word' id='word_1_214' title='bbox 1806 3038 1963 3109; x_wconf 88' lang='lat' dir='ltr'><strong>velit,</strong></span> <span class='ocrx_word' id='word_1_215' title='bbox 2017 3040 2126 3095; x_wconf 82' lang='lat' dir='ltr'><strong>ali-</strong></span> 
     </span>
    </p>
   </div>
   <div class='ocr_carea' id='block_1_34' title="bbox 460 3118 2131 3201">
    <p class='ocr_par' dir='ltr' id='par_1_34' title="bbox 460 3118 2131 3201">
     <span class='ocr_line' id='line_1_34' title="bbox 460 3118 2131 3201; baseline 0.006 -27"><span class='ocrx_word' id='word_1_216' title='bbox 460 3118 638 3191; x_wconf 90' lang='lat' dir='ltr'><strong>cujus</strong></span> <span class='ocrx_word' id='word_1_217' title='bbox 670 3122 1036 3177; x_wconf 89' lang='lat' dir='ltr'><strong>auctoritatis</strong></span> <span class='ocrx_word' id='word_1_218' title='bbox 1055 3124 1279 3196; x_wconf 85' lang='lat' dir='ltr'><strong>gradus</strong></span> <span class='ocrx_word' id='word_1_219' title='bbox 1309 3125 1404 3179; x_wconf 88' lang='lat' dir='ltr'><strong>vel</strong></span> <span class='ocrx_word' id='word_1_220' title='bbox 1425 3126 1649 3180; x_wconf 90' lang='lat' dir='ltr'><strong>ordinis</strong></span> <span class='ocrx_word' id='word_1_221' title='bbox 1670 3142 1983 3198; x_wconf 89' lang='lat' dir='ltr'><strong>personas,</strong></span> <span class='ocrx_word' id='word_1_222' title='bbox 2003 3130 2131 3201; x_wconf 90' lang='lat' dir='ltr'><strong>qui-</strong></span> 
     </span>
    </p>
   </div>
   <div class='ocr_carea' id='block_1_35' title="bbox 458 3208 2123 3281">
    <p class='ocr_par' dir='ltr' id='par_1_35' title="bbox 458 3208 2123 3281">
     <span class='ocr_line' id='line_1_35' title="bbox 458 3208 2123 3281; baseline 0.006 -18"><span class='ocrx_word' id='word_1_223' title='bbox 458 3208 576 3264; x_wconf 88' lang='lat' dir='ltr'><strong>bus</strong></span> <span class='ocrx_word' id='word_1_224' title='bbox 607 3208 842 3265; x_wconf 81' lang='lat' dir='ltr'><strong>facilius</strong></span> <span class='ocrx_word' id='word_1_225' title='bbox 884 3211 1177 3281; x_wconf 90' lang='lat' dir='ltr'><strong>credatur,</strong></span> <span class='ocrx_word' id='word_1_226' title='bbox 1212 3213 1284 3267; x_wconf 93' lang='lat' dir='ltr'><strong>ad</strong></span> <span class='ocrx_word' id='word_1_227' title='bbox 1315 3213 1372 3267; x_wconf 93' lang='lat' dir='ltr'><strong>id</strong></span> <span class='ocrx_word' id='word_1_228' title='bbox 1405 3214 1871 3271; x_wconf 82' lang='lat' dir='ltr'><strong>confirmandum</strong></span> <span class='ocrx_word' id='word_1_229' title='bbox 1918 3219 2123 3274; x_wconf 88' lang='lat' dir='ltr'><strong>mittat.</strong></span> 
     </span>
    </p>
   </div>
   <div class='ocr_carea' id='block_1_36' title="bbox 459 3295 2127 3377">
    <p class='ocr_par' dir='ltr' id='par_1_36' title="bbox 459 3295 2127 3377">
     <span class='ocr_line' id='line_1_36' title="bbox 459 3295 2127 3377; baseline 0.007 -26"><span class='ocrx_word' id='word_1_230' title='bbox 459 3295 569 3363; x_wconf 91' lang='lat' dir='ltr'><strong>Qui</strong></span> <span class='ocrx_word' id='word_1_231' title='bbox 600 3297 850 3353; x_wconf 86' lang='lat' dir='ltr'><strong>anhelus</strong></span> <span class='ocrx_word' id='word_1_232' title='bbox 882 3300 1127 3371; x_wconf 86' lang='lat' dir='ltr'><strong>exsequi</strong></span> <span class='ocrx_word' id='word_1_233' title='bbox 1161 3301 1489 3356; x_wconf 78' lang='lat' dir='ltr'><strong>Arduinum</strong></span> <span class='ocrx_word' id='word_1_234' title='bbox 1509 3303 1854 3360; x_wconf 80' lang='lat' dir='ltr'><strong>Joviensem</strong></span> <span class='ocrx_word' id='word_1_235' title='bbox 1896 3308 2127 3377; x_wconf 87' lang='lat' dir='ltr'><strong>episco-</strong></span> 
     </span>
    </p>
   </div>
   <div class='ocr_carea' id='block_1_37' title="bbox 460 3388 2126 3462">
    <p class='ocr_par' dir='ltr' id='par_1_37' title="bbox 460 3388 2126 3462">
     <span class='ocr_line' id='line_1_37' title="bbox 460 3388 2126 3462; baseline 0.006 -22"><span class='ocrx_word' id='word_1_236' title='bbox 460 3402 600 3458; x_wconf 87' lang='lat' dir='ltr'><strong>pum</strong></span> <span class='ocrx_word' id='word_1_237' title='bbox 632 3390 687 3441; x_wconf 91' lang='lat' dir='ltr'><strong>et</strong></span> <span class='ocrx_word' id='word_1_238' title='bbox 717 3388 1002 3443; x_wconf 86' lang='lat' dir='ltr'><strong>Thomam</strong></span> <span class='ocrx_word' id='word_1_239' title='bbox 1033 3389 1304 3443; x_wconf 89' lang='lat' dir='ltr'><strong>comitem</strong></span> <span class='ocrx_word' id='word_1_240' title='bbox 1337 3389 1491 3445; x_wconf 89' lang='lat' dir='ltr'><strong>idem</strong></span> <span class='ocrx_word' id='word_1_241' title='bbox 1523 3394 1958 3462; x_wconf 89' lang='lat' dir='ltr'><strong>expostulatum</strong></span> <span class='ocrx_word' id='word_1_242' title='bbox 1991 3397 2126 3450; x_wconf 89' lang='lat' dir='ltr'><strong>mit-</strong></span> 
     </span>
    </p>
   </div>
   <div class='ocr_carea' id='block_1_38' title="bbox 463 3474 2127 3553">
    <p class='ocr_par' dir='ltr' id='par_1_38' title="bbox 463 3474 2127 3553">
     <span class='ocr_line' id='line_1_38' title="bbox 463 3474 2127 3553; baseline 0.007 -25"><span class='ocrx_word' id='word_1_243' title='bbox 463 3475 550 3529; x_wconf 89' lang='lat' dir='ltr'><strong>tit.</strong></span> <span class='ocrx_word' id='word_1_244' title='bbox 585 3474 800 3531; x_wconf 87' lang='lat' dir='ltr'><strong>Comes</strong></span> <span class='ocrx_word' id='word_1_245' title='bbox 839 3479 1065 3545; x_wconf 90' lang='lat' dir='ltr'><strong>autem,</strong></span> <span class='ocrx_word' id='word_1_246' title='bbox 1099 3492 1203 3532; x_wconf 92' lang='lat' dir='ltr'><strong>eos</strong></span> <span class='ocrx_word' id='word_1_247' title='bbox 1248 3478 1497 3534; x_wconf 84' lang='lat' dir='ltr'><strong>honeste</strong></span> <span class='ocrx_word' id='word_1_248' title='bbox 1544 3481 1864 3553; x_wconf 87' lang='lat' dir='ltr'><strong>accipiens,</strong></span> <span class='ocrx_word' id='word_1_249' title='bbox 1924 3499 2127 3539; x_wconf 89' lang='lat' dir='ltr'><strong>secum</strong></span> 
     </span>
    </p>
   </div>
   <div class='ocr_carea' id='block_1_39' title="bbox 467 3829 2135 3910">
    <p class='ocr_par' dir='ltr' id='par_1_39' title="bbox 467 3829 2135 3910">
     <span class='ocr_line' id='line_1_39' title="bbox 467 3829 2135 3910; baseline 0.008 -28"><span class='ocrx_word' id='word_1_250' title='bbox 467 3830 663 3883; x_wconf 91' lang='lat' dir='ltr'><strong>mento</strong></span> <span class='ocrx_word' id='word_1_251' title='bbox 682 3829 915 3885; x_wconf 84' lang='lat' dir='ltr'><strong>ﬁrmare</strong></span> <span class='ocrx_word' id='word_1_252' title='bbox 947 3831 1101 3904; x_wconf 89' lang='lat' dir='ltr'><strong>cogi.</strong></span> <span class='ocrx_word' id='word_1_253' title='bbox 1127 3833 1292 3898; x_wconf 91' lang='lat' dir='ltr'><strong>Quod</strong></span> <span class='ocrx_word' id='word_1_254' title='bbox 1323 3849 1430 3889; x_wconf 87' lang='lat' dir='ltr'><strong>rex</strong></span> <span class='ocrx_word' id='word_1_255' title='bbox 1451 3835 1704 3891; x_wconf 88' lang='lat' dir='ltr'><strong>libenter</strong></span> <span class='ocrx_word' id='word_1_256' title='bbox 1727 3853 1996 3893; x_wconf 90' lang='lat' dir='ltr'><strong>annuens</strong></span> <span class='ocrx_word' id='word_1_257' title='bbox 2027 3854 2135 3910; x_wconf 91' lang='lat' dir='ltr'><strong>per</strong></span> 
     </span>
    </p>
   </div>
   <div class='ocr_carea' id='block_1_40' title="bbox 470 3918 2135 3997">
    <p class='ocr_par' dir='ltr' id='par_1_40' title="bbox 470 3918 2135 3997">
     <span class='ocr_line' id='line_1_40' title="bbox 470 3918 2135 3997; baseline 0.007 -26"><span class='ocrx_word' id='word_1_258' title='bbox 470 3932 646 3972; x_wconf 92' lang='lat' dir='ltr'><strong>suum</strong></span> <span class='ocrx_word' id='word_1_259' title='bbox 678 3918 911 3990; x_wconf 92' lang='lat' dir='ltr'><strong>ducem,</strong></span> <span class='ocrx_word' id='word_1_260' title='bbox 937 3921 1174 3977; x_wconf 89' lang='lat' dir='ltr'><strong>nomine</strong></span> <span class='ocrx_word' id='word_1_261' title='bbox 1204 3922 1460 3993; x_wconf 84' lang='lat' dir='ltr'><strong>Alivum,</strong></span> <span class='ocrx_word' id='word_1_262' title='bbox 1494 3928 1550 3979; x_wconf 94' lang='lat' dir='ltr'><strong>et</strong></span> <span class='ocrx_word' id='word_1_263' title='bbox 1580 3925 1844 3997; x_wconf 89' lang='lat' dir='ltr'><strong>reliquos</strong></span> <span class='ocrx_word' id='word_1_264' title='bbox 1873 3944 1990 3982; x_wconf 92' lang='lat' dir='ltr'><strong>non</strong></span> <span class='ocrx_word' id='word_1_265' title='bbox 2021 3928 2135 3982; x_wconf 91' lang='lat' dir='ltr'><strong>mi-</strong></span> 
     </span>
    </p>
   </div>
   <div class='ocr_carea' id='block_1_41' title="bbox 469 4006 2137 4085">
    <p class='ocr_par' dir='ltr' id='par_1_41' title="bbox 469 4006 2137 4085">
     <span class='ocr_line' id='line_1_41' title="bbox 469 4006 2137 4085; baseline 0.007 -25"><span class='ocrx_word' id='word_1_266' title='bbox 469 4006 637 4061; x_wconf 92' lang='lat' dir='ltr'><strong>noris</strong></span> <span class='ocrx_word' id='word_1_267' title='bbox 667 4006 973 4079; x_wconf 87' lang='lat' dir='ltr'><strong>dignitatis</strong></span> <span class='ocrx_word' id='word_1_268' title='bbox 1003 4012 1188 4081; x_wconf 92' lang='lat' dir='ltr'><strong>viros,</strong></span> <span class='ocrx_word' id='word_1_269' title='bbox 1210 4012 1423 4082; x_wconf 89' lang='lat' dir='ltr'><strong>omnia,</strong></span> <span class='ocrx_word' id='word_1_270' title='bbox 1456 4029 1589 4084; x_wconf 64' lang='lat' dir='ltr'><strong>quae</strong></span> <span class='ocrx_word' id='word_1_271' title='bbox 1612 4015 2011 4085; x_wconf 89' lang='lat' dir='ltr'><strong>mandaverat,</strong></span> <span class='ocrx_word' id='word_1_272' title='bbox 2037 4032 2137 4071; x_wconf 88' lang='lat' dir='ltr'><strong>ex-</strong></span> 
     </span>
    </p>
   </div>
   <div class='ocr_carea' id='block_1_42' title="bbox 470 4096 2134 4176">
    <p class='ocr_par' dir='ltr' id='par_1_42' title="bbox 470 4096 2134 4176">
     <span class='ocr_line' id='line_1_42' title="bbox 470 4096 2134 4176; baseline 0.005 -26"><span class='ocrx_word' id='word_1_273' title='bbox 470 4096 1125 4169; x_wconf 89' lang='lat' dir='ltr'><strong>sequendajuramento</strong></span> <span class='ocrx_word' id='word_1_274' title='bbox 1150 4100 1423 4156; x_wconf 86' lang='lat' dir='ltr'><strong>firmavit.</strong></span> <span class='ocrx_word' id='word_1_275' title='bbox 1453 4101 1668 4175; x_wconf 91' lang='lat' dir='ltr'><strong>Sicque</strong></span> <span class='ocrx_word' id='word_1_276' title='bbox 1693 4104 1922 4176; x_wconf 88' lang='lat' dir='ltr'><strong>legatos</strong></span> <span class='ocrx_word' id='word_1_277' title='bbox 1947 4106 2134 4161; x_wconf 92' lang='lat' dir='ltr'><strong>comi-</strong></span> 
     </span>
    </p>
   </div>
   <div class='ocr_carea' id='block_1_43' title="bbox 465 4185 2136 4263">
    <p class='ocr_par' dir='ltr' id='par_1_43' title="bbox 465 4185 2136 4263">
     <span class='ocr_line' id='line_1_43' title="bbox 465 4185 2136 4263; baseline 0.006 -24"><span class='ocrx_word' id='word_1_278' title='bbox 465 4185 564 4253; x_wconf 88' lang='lat' dir='ltr'><strong>tis,</strong></span> <span class='ocrx_word' id='word_1_279' title='bbox 600 4189 662 4241; x_wconf 90' lang='lat' dir='ltr'><strong>ut</strong></span> <span class='ocrx_word' id='word_1_280' title='bbox 692 4190 925 4257; x_wconf 88' lang='lat' dir='ltr'><strong>pactum</strong></span> <span class='ocrx_word' id='word_1_281' title='bbox 949 4187 1241 4243; x_wconf 83' lang='lat' dir='ltr'><strong>firmatum</strong></span> <span class='ocrx_word' id='word_1_282' title='bbox 1272 4190 1607 4245; x_wconf 87' lang='lat' dir='ltr'><strong>renuntiant</strong></span> <span class='ocrx_word' id='word_1_283' title='bbox 1627 4190 1797 4263; x_wconf 88' lang='lat'><strong>(360),</strong></span> <span class='ocrx_word' id='word_1_284' title='bbox 1833 4194 2136 4249; x_wconf 79' lang='lat' dir='ltr'><strong>munifica-</strong></span> 
     </span>
    </p>
   </div>
   <div class='ocr_carea' id='block_1_44' title="bbox 467 4275 2138 4337">
    <p class='ocr_par' dir='ltr' id='par_1_44' title="bbox 467 4275 2138 4337">
     <span class='ocr_line' id='line_1_44' title="bbox 467 4275 2138 4337; baseline 0.006 -9"><span class='ocrx_word' id='word_1_285' title='bbox 467 4275 563 4328; x_wconf 89' lang='lat' dir='ltr'><strong>tos</strong></span> <span class='ocrx_word' id='word_1_286' title='bbox 585 4290 617 4328; x_wconf 88' lang='lat' dir='ltr'><strong>a</strong></span> <span class='ocrx_word' id='word_1_287' title='bbox 631 4289 697 4329; x_wconf 91' lang='lat' dir='ltr'><strong>se</strong></span> <span class='ocrx_word' id='word_1_288' title='bbox 712 4275 1183 4332; x_wconf 89' lang='lat' dir='ltr'><strong>dimittit.Comes</strong></span> <span class='ocrx_word' id='word_1_289' title='bbox 1195 4282 1389 4332; x_wconf 92' lang='lat' dir='ltr'><strong>autem</strong></span> <span class='ocrx_word' id='word_1_290' title='bbox 1407 4279 1689 4336; x_wconf 89' lang='lat' dir='ltr'><strong>relatione</strong></span> <span class='ocrx_word' id='word_1_291' title='bbox 1712 4297 1958 4337; x_wconf 90' lang='lat' dir='ltr'><strong>suorum</strong></span> <span class='ocrx_word' id='word_1_292' title='bbox 1974 4298 2138 4337; x_wconf 92' lang='lat' dir='ltr'><strong>acce-</strong></span> 
     </span>
    </p>
   </div>
   <div class='ocr_carea' id='block_1_45' title="bbox 466 4361 2135 4443">
    <p class='ocr_par' dir='ltr' id='par_1_45' title="bbox 466 4361 2135 4443">
     <span class='ocr_line' id='line_1_45' title="bbox 466 4361 2135 4443; baseline 0.007 -28"><span class='ocrx_word' id='word_1_293' title='bbox 466 4364 565 4433; x_wconf 90' lang='lat' dir='ltr'><strong>pta</strong></span> <span class='ocrx_word' id='word_1_294' title='bbox 586 4361 734 4434; x_wconf 88' lang='grc'>(361)</span> <span class='ocrx_word' id='word_1_295' title='bbox 764 4364 921 4419; x_wconf 86' lang='lat' dir='ltr'><strong>haud</strong></span> <span class='ocrx_word' id='word_1_296' title='bbox 950 4381 1129 4420; x_wconf 90' lang='lat' dir='ltr'><strong>secus</strong></span> <span class='ocrx_word' id='word_1_297' title='bbox 1158 4369 1215 4421; x_wconf 89' lang='lat' dir='ltr'><strong>et</strong></span> <span class='ocrx_word' id='word_1_298' title='bbox 1232 4366 1362 4437; x_wconf 92' lang='lat' dir='ltr'><strong>ipse</strong></span> <span class='ocrx_word' id='word_1_299' title='bbox 1393 4366 1540 4438; x_wconf 72' lang='lat'><strong>(362)</strong></span> <span class='ocrx_word' id='word_1_300' title='bbox 1575 4369 1806 4441; x_wconf 89' lang='lat' dir='ltr'><strong>legatos</strong></span> <span class='ocrx_word' id='word_1_301' title='bbox 1832 4373 2001 4443; x_wconf 89' lang='lat' dir='ltr'><strong>regis</strong></span> <span class='ocrx_word' id='word_1_302' title='bbox 2019 4388 2050 4425; x_wconf 95' lang='lat' dir='ltr'><strong>a</strong></span> <span class='ocrx_word' id='word_1_303' title='bbox 2069 4388 2135 4426; x_wconf 90' lang='lat' dir='ltr'><strong>se</strong></span> 
     </span>
    </p>
   </div>
   <div class='ocr_carea' id='block_1_46' title="bbox 468 4451 2139 4531">
    <p class='ocr_par' dir='ltr' id='par_1_46' title="bbox 468 4451 2139 4531">
     <span class='ocr_line' id='line_1_46' title="bbox 468 4451 2139 4531; baseline 0.006 -26"><span class='ocrx_word' id='word_1_304' title='bbox 468 4451 790 4521; x_wconf 91' lang='lat' dir='ltr'><strong>dimittens,</strong></span> <span class='ocrx_word' id='word_1_305' title='bbox 848 4454 1121 4524; x_wconf 89' lang='lat' dir='ltr'><strong>pluribus</strong></span> <span class='ocrx_word' id='word_1_306' title='bbox 1182 4455 1511 4512; x_wconf 85' lang='lat' dir='ltr'><strong>honoribus</strong></span> <span class='ocrx_word' id='word_1_307' title='bbox 1566 4475 1599 4512; x_wconf 89' lang='lat' dir='ltr'><strong>a</strong></span> <span class='ocrx_word' id='word_1_308' title='bbox 1658 4475 1724 4513; x_wconf 91' lang='lat' dir='ltr'><strong>se</strong></span> <span class='ocrx_word' id='word_1_309' title='bbox 1803 4461 2139 4531; x_wconf 89' lang='lat' dir='ltr'><strong>compilavit</strong></span> 
     </span>
    </p>
   </div>
   <div class='ocr_carea' id='block_1_47' title="bbox 468 4539 2133 4619">
    <p class='ocr_par' dir='ltr' id='par_1_47' title="bbox 468 4539 2133 4619">
     <span class='ocr_line' id='line_1_47' title="bbox 468 4539 2133 4619; baseline 0.005 -24"><span class='ocrx_word' id='word_1_310' title='bbox 468 4539 652 4612; x_wconf 86' lang='lat'><strong>(363);</strong></span> <span class='ocrx_word' id='word_1_311' title='bbox 685 4541 813 4614; x_wconf 87' lang='lat' dir='ltr'><strong>regi</strong></span> <span class='ocrx_word' id='word_1_312' title='bbox 846 4544 1184 4612; x_wconf 85' lang='lat' dir='ltr'><strong>terminum,</strong></span> <span class='ocrx_word' id='word_1_313' title='bbox 1216 4560 1331 4615; x_wconf 91' lang='lat' dir='ltr'><strong>quo</strong></span> <span class='ocrx_word' id='word_1_314' title='bbox 1360 4546 1476 4600; x_wconf 89' lang='lat' dir='ltr'><strong>sibi</strong></span> <span class='ocrx_word' id='word_1_315' title='bbox 1512 4546 1687 4601; x_wconf 81' lang='lat' dir='ltr'><strong>filiam</strong></span> <span class='ocrx_word' id='word_1_316' title='bbox 1719 4565 1887 4603; x_wconf 92' lang='lat' dir='ltr'><strong>suam</strong></span> <span class='ocrx_word' id='word_1_317' title='bbox 1928 4550 2133 4619; x_wconf 87' lang='lat' dir='ltr'><strong>mittat,</strong></span> 
     </span>
    </p>
   </div>
   <div class='ocr_carea' id='block_1_48' title="bbox 470 4629 2135 4708">
    <p class='ocr_par' dir='ltr' id='par_1_48' title="bbox 470 4629 2135 4708">
     <span class='ocr_line' id='line_1_48' title="bbox 470 4629 2135 4708; baseline 0.006 -24"><span class='ocrx_word' id='word_1_318' title='bbox 470 4629 691 4686; x_wconf 88' lang='lat' dir='ltr'><strong>statuit.</strong></span> <span class='ocrx_word' id='word_1_319' title='bbox 726 4630 894 4685; x_wconf 85' lang='lat' dir='ltr'><strong>Anno</strong></span> <span class='ocrx_word' id='word_1_320' title='bbox 924 4631 1121 4703; x_wconf 88' lang='lat' dir='ltr'><strong>itaque</strong></span> <span class='ocrx_word' id='word_1_321' title='bbox 1152 4632 1576 4689; x_wconf 89' lang='lat' dir='ltr'><strong>incarnationis</strong></span> <span class='ocrx_word' id='word_1_322' title='bbox 1624 4636 1776 4708; x_wconf 69' lang='grc'>(361)</span> <span class='ocrx_word' id='word_1_323' title='bbox 1822 4638 2135 4694; x_wconf 90' lang='lat' dir='ltr'><strong>millesimo</strong></span> 
     </span>
    </p>
   </div>
   <div class='ocr_carea' id='block_1_49' title="bbox 469 4720 2137 4795">
    <p class='ocr_par' dir='ltr' id='par_1_49' title="bbox 469 4720 2137 4795">
     <span class='ocr_line' id='line_1_49' title="bbox 469 4720 2137 4795; baseline 0.005 -21"><span class='ocrx_word' id='word_1_324' title='bbox 469 4720 859 4793; x_wconf 88' lang='lat' dir='ltr'><strong>nonagesimo</strong></span> <span class='ocrx_word' id='word_1_325' title='bbox 907 4721 1188 4791; x_wconf 88' lang='lat' dir='ltr'><strong>septimo,</strong></span> <span class='ocrx_word' id='word_1_326' title='bbox 1237 4725 1533 4793; x_wconf 90' lang='lat' dir='ltr'><strong>apparatis</strong></span> <span class='ocrx_word' id='word_1_327' title='bbox 1595 4740 1728 4795; x_wconf 86' lang='lat' dir='ltr'><strong>quae</strong></span> <span class='ocrx_word' id='word_1_328' title='bbox 1795 4728 2137 4782; x_wconf 88' lang='lat' dir='ltr'><strong>necessaria</strong></span> 
     </span>
    </p>
   </div>
   <div class='ocr_carea' id='block_1_50' title="bbox 469 4809 2135 4888">
    <p class='ocr_par' dir='ltr' id='par_1_50' title="bbox 469 4809 2135 4888">
     <span class='ocr_line' id='line_1_50' title="bbox 469 4809 2135 4888; baseline 0.006 -25"><span class='ocrx_word' id='word_1_329' title='bbox 469 4812 655 4880; x_wconf 89' lang='lat' dir='ltr'><strong>erant,</strong></span> <span class='ocrx_word' id='word_1_330' title='bbox 678 4823 884 4865; x_wconf 89' lang='lat' dir='ltr'><strong>mense</strong></span> <span class='ocrx_word' id='word_1_331' title='bbox 916 4809 1067 4864; x_wconf 89' lang='lat' dir='ltr'><strong>Maio</strong></span> <span class='ocrx_word' id='word_1_332' title='bbox 1102 4826 1235 4865; x_wconf 92' lang='lat' dir='ltr'><strong>cum</strong></span> <span class='ocrx_word' id='word_1_333' title='bbox 1272 4812 1557 4867; x_wconf 87' lang='lat' dir='ltr'><strong>trecentis</strong></span> <span class='ocrx_word' id='word_1_334' title='bbox 1609 4813 1894 4870; x_wconf 90' lang='lat' dir='ltr'><strong>militibus</strong></span> <span class='ocrx_word' id='word_1_335' title='bbox 1941 4832 2135 4888; x_wconf 92' lang='lat' dir='ltr'><strong>usque</strong></span> 
     </span>
    </p>
   </div>
   <div class='ocr_carea' id='block_1_51' title="bbox 563 4950 1567 5024">
    <p class='ocr_par' dir='ltr' id='par_1_51' title="bbox 563 4950 1567 5024">
     <span class='ocr_line' id='line_1_51' title="bbox 563 4950 1567 5024; baseline 0.001 -16"><span class='ocrx_word' id='word_1_336' title='bbox 563 4950 690 5024; x_wconf 90' lang='lat'><strong>360)</strong></span> <span class='ocrx_word' id='word_1_337' title='bbox 733 4951 1155 5009; x_wconf 75' lang='lat' dir='ltr'><strong>Conﬁrmatum</strong></span> <span class='ocrx_word' id='word_1_338' title='bbox 1188 4952 1567 5009; x_wconf 78' lang='lat' dir='ltr'><strong>renuncient.</strong></span> 
     </span>
    </p>
   </div>
   <div class='ocr_carea' id='block_1_52' title="bbox 544 5024 1039 5234">
    <p class='ocr_par' dir='ltr' id='par_1_52' title="bbox 544 5024 1039 5234">
     <span class='ocr_line' id='line_1_52' title="bbox 544 5024 1039 5097; baseline 0.002 -18"><span class='ocrx_word' id='word_1_339' title='bbox 544 5024 689 5095; x_wconf 81' lang='grc'>(361)</span> <span class='ocrx_word' id='word_1_340' title='bbox 729 5024 1039 5097; x_wconf 83' lang='lat' dir='ltr'><strong>Suscepta.</strong></span> 
     </span>
     <span class='ocr_line' id='line_1_53' title="bbox 566 5093 916 5167; baseline 0.014 -20"><span class='ocrx_word' id='word_1_341' title='bbox 566 5093 670 5148; x_wconf 73' lang='grc'><strong>362</strong></span> <span class='ocrx_word' id='word_1_342' title='bbox 732 5095 916 5167; x_wconf 87' lang='lat' dir='ltr'><strong>Ipsos.</strong></span> 
     </span>
     <span class='ocr_line' id='line_1_54' title="bbox 544 5097 1039 5234; baseline 0.002 -14"><span class='ocrx_word' id='word_1_343' title='bbox 730 5167 1039 5234; x_wconf 66' lang='lat' dir='ltr'><strong>AmpliRVil</strong></span> 
     </span>
    </p>
   </div>
   <div class='ocr_carea' id='block_1_53' title="bbox 545 5162 1159 5375">
    <p class='ocr_par' dir='ltr' id='par_1_53' title="bbox 545 5162 1159 5375">
     <span class='ocr_line' id='line_1_55' title="bbox 545 5162 1075 5238; baseline 0.009 -20"><span class='ocrx_word' id='word_1_344' title='bbox 545 5162 693 5234; x_wconf 82' lang='lat'><strong>(363)</strong></span> <span class='ocrx_word' id='word_1_345' title='bbox 730 5162 1075 5238; x_wconf 67' lang='lat' dir='ltr'><strong>Ampliavit.</strong></span> 
     </span>
     <span class='ocr_line' id='line_1_56' title="bbox 568 5233 1159 5304; baseline 0.012 -16"><span class='ocrx_word' id='word_1_346' title='bbox 568 5233 694 5304; x_wconf 75' lang='grc'>364)</span> <span class='ocrx_word' id='word_1_347' title='bbox 734 5235 970 5292; x_wconf 85' lang='lat' dir='ltr'><strong>Domini</strong></span> <span class='ocrx_word' id='word_1_348' title='bbox 1000 5239 1159 5295; x_wconf 73' lang='lat'><strong>1097.</strong></span> 
     </span>
     <span class='ocr_line' id='line_1_57' title="bbox 545 5235 1159 5375; baseline 0.01 -16"><span class='ocrx_word' id='word_1_349' title='bbox 545 5235 695 5375; x_wconf 65' lang='grc'>(366)</span> <span class='ocrx_word' id='word_1_350' title='bbox 734 5306 1038 5364; x_wconf 74' lang='lat' dir='ltr'><strong>Maritiuu</strong></span> <span class='ocrx_word' id='word_1_351' title='bbox 1077 5328 1159 5365; x_wconf 80' lang='lat' dir='ltr'><strong>cm</strong></span> 
     </span>
    </p>
   </div>
   <div class='ocr_carea' id='block_1_54' title="bbox 567 5303 2220 5385">
    <p class='ocr_par' dir='ltr' id='par_1_54' title="bbox 567 5303 2220 5385">
     <span class='ocr_line' id='line_1_58' title="bbox 567 5303 2220 5385; baseline 0.007 -26"><span class='ocrx_word' id='word_1_352' title='bbox 567 5303 695 5374; x_wconf 89' lang='lat'><strong>366)</strong></span> <span class='ocrx_word' id='word_1_353' title='bbox 734 5306 1038 5385; x_wconf 66' lang='lat' dir='ltr'><strong>Marium)</strong></span> <span class='ocrx_word' id='word_1_354' title='bbox 1077 5327 1260 5385; x_wconf 68' lang='lat' dir='ltr'><strong>cursu</strong></span> <span class='ocrx_word' id='word_1_355' title='bbox 1285 5328 1411 5367; x_wconf 91' lang='lat' dir='ltr'><strong>cum</strong></span> <span class='ocrx_word' id='word_1_356' title='bbox 1449 5311 1647 5385; x_wconf 79' lang='lat' dir='ltr'><strong>puella</strong></span> <span class='ocrx_word' id='word_1_357' title='bbox 1682 5329 1861 5385; x_wconf 75' lang='lat' dir='ltr'><strong>usque</strong></span> <span class='ocrx_word' id='word_1_358' title='bbox 1909 5313 1986 5368; x_wconf 77' lang='lat' dir='ltr'><strong>ad</strong></span> <span class='ocrx_word' id='word_1_359' title='bbox 2015 5314 2136 5369; x_wconf 76' lang='lat' dir='ltr'><strong>Pa-</strong></span> <span class='ocrx_word' id='word_1_360' title='bbox 2164 5314 2220 5378; x_wconf 92' lang='lat' dir='ltr'><strong>D</strong></span> 
     </span>
    </p>
   </div>
   <div class='ocr_carea' id='block_1_55' title="bbox 477 5380 1972 5455">
    <p class='ocr_par' dir='ltr' id='par_1_55' title="bbox 477 5380 1972 5455">
     <span class='ocr_line' id='line_1_59' title="bbox 477 5380 1972 5455; baseline 0.007 -27"><span class='ocrx_word' id='word_1_361' title='bbox 477 5380 1111 5455; x_wconf 42' lang='lat' dir='ltr'><strong>nonmum&#39;praecpdere</strong></span> <span class='ocrx_word' id='word_1_362' title='bbox 1141 5381 1391 5454; x_wconf 76' lang='lat' dir='ltr'><strong>faciens,</strong></span> <span class='ocrx_word' id='word_1_363' title='bbox 1428 5380 1527 5439; x_wconf 73' lang='lat' dir='ltr'><strong>tibi</strong></span> <span class='ocrx_word' id='word_1_364' title='bbox 1549 5380 1825 5455; x_wconf 76' lang='lat' dir='ltr'><strong>puellam,</strong></span> <span class='ocrx_word' id='word_1_365' title='bbox 1861 5386 1972 5439; x_wconf 90' lang='lat' dir='ltr'><strong>cte.</strong></span> 
     </span>
    </p>
   </div>
   <div class='ocr_carea' id='block_1_56' title="bbox 545 5445 1188 5516">
    <p class='ocr_par' dir='ltr' id='par_1_56' title="bbox 545 5445 1188 5516">
     <span class='ocr_line' id='line_1_60' title="bbox 545 5445 1188 5516; baseline 0.006 -13"><span class='ocrx_word' id='word_1_366' title='bbox 545 5447 695 5516; x_wconf 88' lang='grc'>(366)</span> <span class='ocrx_word' id='word_1_367' title='bbox 727 5445 1188 5516; x_wconf 63' lang='lat' dir='ltr'><strong>Igtroductione.</strong></span> 
     </span>
    </p>
   </div>
   <div class='ocr_carea' id='block_1_57' title="bbox 542 5513 1055 5595">
    <p class='ocr_par' dir='ltr' id='par_1_57' title="bbox 542 5513 1055 5595">
     <span class='ocr_line' id='line_1_61' title="bbox 542 5513 1055 5595; baseline 0.008 -28"><span class='ocrx_word' id='word_1_368' title='bbox 734 5513 1055 5595; x_wconf 59' lang='lat' dir='ltr'><strong>Ii’erentur.</strong></span> 
     </span>
    </p>
   </div>
   <div class='ocr_carea' id='block_1_58' title="bbox 537 5587 1854 5671">
    <p class='ocr_par' dir='ltr' id='par_1_58' title="bbox 537 5587 1854 5671">
     <span class='ocr_line' id='line_1_62' title="bbox 537 5587 1854 5671; baseline 0 -16"><span class='ocrx_word' id='word_1_369' title='bbox 537 5587 690 5671; x_wconf 83' lang='grc'>(368)</span> <span class='ocrx_word' id='word_1_370' title='bbox 736 5587 922 5671; x_wconf 54' lang='grc' dir='ltr'><strong>ρᾳςω</strong></span> <span class='ocrx_word' id='word_1_371' title='bbox 958 5588 1116 5668; x_wconf 68' lang='lat' dir='ltr'><strong>juris</strong></span> <span class='ocrx_word' id='word_1_372' title='bbox 1142 5609 1389 5671; x_wconf 70' lang='lat' dir='ltr'><strong>regnum</strong></span> <span class='ocrx_word' id='word_1_373' title='bbox 1418 5597 1854 5671; x_wconf 52' lang='lat' dir='ltr'><strong>(iungarorum.</strong></span> 
     </span>
    </p>
   </div>
   <div class='ocr_carea' id='block_1_59' title="bbox 528 5599 1694 5751">
    <p class='ocr_par' dir='ltr' id='par_1_59' title="bbox 528 5599 1694 5751">
     <span class='ocr_line' id='line_1_63' title="bbox 537 5599 1694 5671; baseline 0.014 -33"><span class='ocrx_word' id='word_1_374' title='bbox 537 5599 664 5667; x_wconf 73' lang='lat'><strong>(353</strong></span> <span class='ocrx_word' id='word_1_375' title='bbox 739 5599 922 5668; x_wconf 68' lang='lat' dir='ltr'><strong>quem</strong></span> <span class='ocrx_word' id='word_1_376' title='bbox 958 5603 1116 5668; x_wconf 72' lang='lat' dir='ltr'><strong>[uris</strong></span> <span class='ocrx_word' id='word_1_377' title='bbox 1142 5609 1389 5663; x_wconf 82' lang='lat' dir='ltr'><strong>regnum</strong></span> <span class='ocrx_word' id='word_1_378' title='bbox 1418 5599 1694 5671; x_wconf 79' lang='lat' dir='ltr'><strong>Hungarc</strong></span> 
     </span>
     <span class='ocr_line' id='line_1_64' title="bbox 528 5599 1694 5751; baseline 0.004 -30"><span class='ocrx_word' id='word_1_379' title='bbox 528 5599 690 5751; x_wconf 55' lang='lat'><strong>(3693</strong></span> <span class='ocrx_word' id='word_1_380' title='bbox 736 5658 1077 5719; x_wconf 78' lang='lat' dir='ltr'><strong>Vincimus</strong></span> <span class='ocrx_word' id='word_1_381' title='bbox 1104 5675 1297 5721; x_wconf 83' lang='lat' dir='ltr'><strong>comes</strong></span> <span class='ocrx_word' id='word_1_382' title='bbox 1324 5667 1694 5742; x_wconf 79' lang='lat' dir='ltr'><strong>BeIlagrate.</strong></span> 
     </span>
    </p>
   </div>
   <div class='ocr_carea' id='block_1_60' title="bbox 2214 495 3829 567">
    <p class='ocr_par' dir='ltr' id='par_1_60' title="bbox 2214 495 3829 567">
     <span class='ocr_line' id='line_1_65' title="bbox 2214 495 3829 567; baseline 0.004 -16"><span class='ocrx_word' id='word_1_383' title='bbox 2214 496 2579 566; x_wconf 91' lang='lat' dir='ltr'><strong>episcopum,</strong></span> <span class='ocrx_word' id='word_1_384' title='bbox 2596 498 2652 550; x_wconf 91' lang='lat' dir='ltr'><strong>et</strong></span> <span class='ocrx_word' id='word_1_385' title='bbox 2669 495 2957 567; x_wconf 88' lang='lat' dir='ltr'><strong>quosdam</strong></span> <span class='ocrx_word' id='word_1_386' title='bbox 2980 496 3051 550; x_wconf 92' lang='lat' dir='ltr'><strong>de</strong></span> <span class='ocrx_word' id='word_1_387' title='bbox 3070 496 3343 551; x_wconf 72' lang='lat' dir='ltr'><strong>fidelibus</strong></span> <span class='ocrx_word' id='word_1_388' title='bbox 3355 497 3481 552; x_wconf 91' lang='lat' dir='ltr'><strong>suis</strong></span> <span class='ocrx_word' id='word_1_389' title='bbox 3500 498 3716 567; x_wconf 89' lang='lat' dir='ltr'><strong>abinde,</strong></span> <span class='ocrx_word' id='word_1_390' title='bbox 3734 519 3829 557; x_wconf 86' lang='lat' dir='ltr'><strong>ma-</strong></span> 
     </span>
    </p>
   </div>
   <div class='ocr_carea' id='block_1_61' title="bbox 2212 583 3829 656">
    <p class='ocr_par' dir='ltr' id='par_1_61' title="bbox 2212 583 3829 656">
     <span class='ocr_line' id='line_1_66' title="bbox 2212 583 3829 656; baseline 0.004 -20"><span class='ocrx_word' id='word_1_391' title='bbox 2212 583 2407 636; x_wconf 90' lang='lat' dir='ltr'><strong>ritimo</strong></span> <span class='ocrx_word' id='word_1_392' title='bbox 2440 598 2623 648; x_wconf 80' lang='lat' dir='ltr'><strong>cursu</strong></span> <span class='ocrx_word' id='word_1_393' title='bbox 2646 598 2836 653; x_wconf 91' lang='lat' dir='ltr'><strong>usque</strong></span> <span class='ocrx_word' id='word_1_394' title='bbox 2871 583 3250 652; x_wconf 88' lang='lat' dir='ltr'><strong>Pannoniam,</strong></span> <span class='ocrx_word' id='word_1_395' title='bbox 3288 600 3414 638; x_wconf 91' lang='lat' dir='ltr'><strong>cum</strong></span> <span class='ocrx_word' id='word_1_396' title='bbox 3447 586 3629 655; x_wconf 90' lang='lat' dir='ltr'><strong>puella</strong></span> <span class='ocrx_word' id='word_1_397' title='bbox 3658 604 3829 656; x_wconf 86' lang='lat' dir='ltr'><strong>proce-</strong></span> 
     </span>
    </p>
   </div>
   <div class='ocr_carea' id='block_1_62' title="bbox 2211 671 3829 745">
    <p class='ocr_par' dir='ltr' id='par_1_62' title="bbox 2211 671 3829 745">
     <span class='ocr_line' id='line_1_67' title="bbox 2211 671 3829 745; baseline 0.004 -20"><span class='ocrx_word' id='word_1_398' title='bbox 2211 672 2351 726; x_wconf 92' lang='lat' dir='ltr'><strong>dere</strong></span> <span class='ocrx_word' id='word_1_399' title='bbox 2385 671 2611 726; x_wconf 83' lang='lat' dir='ltr'><strong>t‘aciens</strong></span> <span class='ocrx_word' id='word_1_400' title='bbox 2643 671 2812 742; x_wconf 86' lang='lat'><strong>(855),</strong></span> <span class='ocrx_word' id='word_1_401' title='bbox 2846 673 2946 743; x_wconf 88' lang='lat' dir='ltr'><strong>qui</strong></span> <span class='ocrx_word' id='word_1_402' title='bbox 2986 674 3237 727; x_wconf 90' lang='lat' dir='ltr'><strong>navibus</strong></span> <span class='ocrx_word' id='word_1_403' title='bbox 3267 675 3578 743; x_wconf 85' lang='lat' dir='ltr'><strong>apparatis,</strong></span> <span class='ocrx_word' id='word_1_404' title='bbox 3613 677 3829 745; x_wconf 87' lang='lat' dir='ltr'><strong>puellam</strong></span> 
     </span>
    </p>
   </div>
   <div class='ocr_carea' id='block_1_63' title="bbox 2210 761 3828 834">
    <p class='ocr_par' dir='ltr' id='par_1_63' title="bbox 2210 761 3828 834">
     <span class='ocr_line' id='line_1_68' title="bbox 2210 761 3828 834; baseline 0.002 -19"><span class='ocrx_word' id='word_1_405' title='bbox 2210 776 2342 815; x_wconf 85' lang='lat' dir='ltr'><strong>eum</strong></span> <span class='ocrx_word' id='word_1_406' title='bbox 2377 761 2575 814; x_wconf 92' lang='lat' dir='ltr'><strong>multis</strong></span> <span class='ocrx_word' id='word_1_407' title='bbox 2626 761 3009 831; x_wconf 87' lang='lat' dir='ltr'><strong>sponsalibus</strong></span> <span class='ocrx_word' id='word_1_408' title='bbox 3051 762 3503 817; x_wconf 83' lang='lat' dir='ltr'><strong>intromittuntes</strong></span> <span class='ocrx_word' id='word_1_409' title='bbox 3533 762 3691 834; x_wconf 89' lang='lat'><strong>(366),</strong></span> <span class='ocrx_word' id='word_1_410' title='bbox 3744 782 3828 820; x_wconf 81' lang='lat' dir='ltr'><strong>ve-</strong></span> 
     </span>
    </p>
   </div>
   <div class='ocr_carea' id='block_1_64' title="bbox 2206 850 3831 924">
    <p class='ocr_par' dir='ltr' id='par_1_64' title="bbox 2206 850 3831 924">
     <span class='ocr_line' id='line_1_69' title="bbox 2206 850 3831 924; baseline 0.003 -21"><span class='ocrx_word' id='word_1_411' title='bbox 2206 850 2281 903; x_wconf 89' lang='lat' dir='ltr'><strong>lis</strong></span> <span class='ocrx_word' id='word_1_412' title='bbox 2300 853 2471 903; x_wconf 89' lang='lat' dir='ltr'><strong>vento</strong></span> <span class='ocrx_word' id='word_1_413' title='bbox 2486 850 3142 920; x_wconf 88' lang='lat' dir='ltr'><strong>commissis,prospera</strong></span> <span class='ocrx_word' id='word_1_414' title='bbox 3165 867 3308 904; x_wconf 89' lang='lat' dir='ltr'><strong>aura</strong></span> <span class='ocrx_word' id='word_1_415' title='bbox 3328 851 3499 906; x_wconf 83' lang='lat' dir='ltr'><strong>ﬂante</strong></span> <span class='ocrx_word' id='word_1_416' title='bbox 3520 869 3618 922; x_wconf 88' lang='lat' dir='ltr'><strong>per</strong></span> <span class='ocrx_word' id='word_1_417' title='bbox 3631 870 3831 924; x_wconf 66' lang='lat' dir='ltr'><strong>aequora</strong></span> 
     </span>
    </p>
   </div>
   <div class='ocr_carea' id='block_1_65' title="bbox 2210 936 3829 1012">
    <p class='ocr_par' dir='ltr' id='par_1_65' title="bbox 2210 936 3829 1012">
     <span class='ocr_line' id='line_1_70' title="bbox 2210 936 3829 1012; baseline 0.001 -19"><span class='ocrx_word' id='word_1_418' title='bbox 2210 938 2479 993; x_wconf 82' lang='lat' dir='ltr'><strong>feruntur</strong></span> <span class='ocrx_word' id='word_1_419' title='bbox 2518 936 2664 1007; x_wconf 90' lang='lat'><strong>(367)</strong></span> <span class='ocrx_word' id='word_1_420' title='bbox 2708 954 2720 992; x_wconf 91' lang='lat'>:</span> <span class='ocrx_word' id='word_1_421' title='bbox 2756 954 2946 1009; x_wconf 90' lang='lat' dir='ltr'><strong>usque</strong></span> <span class='ocrx_word' id='word_1_422' title='bbox 2990 939 3126 992; x_wconf 92' lang='lat' dir='ltr'><strong>dum</strong></span> <span class='ocrx_word' id='word_1_423' title='bbox 3164 939 3222 992; x_wconf 94' lang='lat' dir='ltr'><strong>in</strong></span> <span class='ocrx_word' id='word_1_424' title='bbox 3254 942 3485 1009; x_wconf 90' lang='lat' dir='ltr'><strong>portum</strong></span> <span class='ocrx_word' id='word_1_425' title='bbox 3535 940 3708 1009; x_wconf 80' lang='lat' dir='ltr'><strong>Albae,</strong></span> <span class='ocrx_word' id='word_1_426' title='bbox 3750 945 3829 1012; x_wconf 87' lang='lat' dir='ltr'><strong>qui</strong></span> 
     </span>
    </p>
   </div>
   <div class='ocr_carea' id='block_1_66' title="bbox 2203 1025 3829 1100">
    <p class='ocr_par' dir='ltr' id='par_1_66' title="bbox 2203 1025 3829 1100">
     <span class='ocr_line' id='line_1_71' title="bbox 2203 1025 3829 1100; baseline 0.003 -21"><span class='ocrx_word' id='word_1_427' title='bbox 2203 1025 2360 1098; x_wconf 89' lang='lat' dir='ltr'><strong>juris</strong></span> <span class='ocrx_word' id='word_1_428' title='bbox 2385 1026 2547 1098; x_wconf 87' lang='lat' dir='ltr'><strong>regis</strong></span> <span class='ocrx_word' id='word_1_429' title='bbox 2568 1026 2983 1100; x_wconf 87' lang='lat' dir='ltr'><strong>Huugarorum</strong></span> <span class='ocrx_word' id='word_1_430' title='bbox 3000 1027 3148 1097; x_wconf 85' lang='lat'><strong>(368)</strong></span> <span class='ocrx_word' id='word_1_431' title='bbox 3166 1031 3277 1095; x_wconf 85' lang='lat' dir='ltr'><strong>est,</strong></span> <span class='ocrx_word' id='word_1_432' title='bbox 3304 1028 3541 1097; x_wconf 88' lang='lat' dir='ltr'><strong>impune</strong></span> <span class='ocrx_word' id='word_1_433' title='bbox 3558 1029 3829 1099; x_wconf 87' lang='lat' dir='ltr'><strong>applicant.</strong></span> 
     </span>
    </p>
   </div>
   <div class='ocr_carea' id='block_1_67' title="bbox 2211 1114 3833 1187">
    <p class='ocr_par' dir='ltr' id='par_1_67' title="bbox 2211 1114 3833 1187">
     <span class='ocr_line' id='line_1_72' title="bbox 2211 1114 3833 1187; baseline 0.002 -19"><span class='ocrx_word' id='word_1_434' title='bbox 2211 1115 2321 1168; x_wconf 88' lang='lat' dir='ltr'><strong>Hic</strong></span> <span class='ocrx_word' id='word_1_435' title='bbox 2344 1114 2661 1169; x_wconf 86' lang='lat' dir='ltr'><strong>Vincurius</strong></span> <span class='ocrx_word' id='word_1_436' title='bbox 2694 1130 2914 1185; x_wconf 91' lang='lat' dir='ltr'><strong>comes,</strong></span> <span class='ocrx_word' id='word_1_437' title='bbox 2958 1115 3305 1186; x_wconf 82' lang='lat' dir='ltr'><strong>Bellegratae</strong></span> <span class='ocrx_word' id='word_1_438' title='bbox 3329 1114 3481 1187; x_wconf 88' lang='lat'><strong>(369)</strong></span> <span class='ocrx_word' id='word_1_439' title='bbox 3501 1117 3712 1171; x_wconf 89' lang='lat' dir='ltr'><strong>missus</strong></span> <span class='ocrx_word' id='word_1_440' title='bbox 3728 1134 3833 1171; x_wconf 92' lang='lat' dir='ltr'><strong>cum</strong></span> 
     </span>
    </p>
   </div>
   <div class='ocr_carea' id='block_1_68' title="bbox 2210 1203 3831 1278">
    <p class='ocr_par' dir='ltr' id='par_1_68' title="bbox 2210 1203 3831 1278">
     <span class='ocr_line' id='line_1_73' title="bbox 2210 1203 3831 1278; baseline 0.002 -22"><span class='ocrx_word' id='word_1_441' title='bbox 2210 1204 2471 1275; x_wconf 90' lang='lat' dir='ltr'><strong>quinque</strong></span> <span class='ocrx_word' id='word_1_442' title='bbox 2504 1203 2765 1258; x_wconf 90' lang='lat' dir='ltr'><strong>millibus</strong></span> <span class='ocrx_word' id='word_1_443' title='bbox 2804 1207 3163 1259; x_wconf 88' lang='lat' dir='ltr'><strong>armatorum</strong></span> <span class='ocrx_word' id='word_1_444' title='bbox 3196 1205 3411 1259; x_wconf 90' lang='lat' dir='ltr'><strong>obvius</strong></span> <span class='ocrx_word' id='word_1_445' title='bbox 3446 1204 3585 1275; x_wconf 86' lang='lat' dir='ltr'><strong>fuit,</strong></span> <span class='ocrx_word' id='word_1_446' title='bbox 3625 1221 3831 1278; x_wconf 84' lang='lat' dir='ltr'><strong>eamque</strong></span> 
     </span>
    </p>
   </div>
   <div class='ocr_carea' id='block_1_69' title="bbox 2212 1291 3837 1363">
    <p class='ocr_par' dir='ltr' id='par_1_69' title="bbox 2212 1291 3837 1363">
     <span class='ocr_line' id='line_1_74' title="bbox 2212 1291 3837 1363; baseline 0.002 -18"><span class='ocrx_word' id='word_1_447' title='bbox 2212 1291 2360 1363; x_wconf 85' lang='grc'>(370)</span> <span class='ocrx_word' id='word_1_448' title='bbox 2392 1308 2524 1345; x_wconf 92' lang='lat' dir='ltr'><strong>cum</strong></span> <span class='ocrx_word' id='word_1_449' title='bbox 2560 1291 2655 1346; x_wconf 92' lang='lat' dir='ltr'><strong>bis</strong></span> <span class='ocrx_word' id='word_1_450' title='bbox 2687 1293 2786 1363; x_wconf 92' lang='lat' dir='ltr'><strong>qui</strong></span> <span class='ocrx_word' id='word_1_451' title='bbox 2816 1308 2949 1347; x_wconf 91' lang='lat' dir='ltr'><strong>cum</strong></span> <span class='ocrx_word' id='word_1_452' title='bbox 2987 1308 3051 1346; x_wconf 91' lang='lat' dir='ltr'><strong>ea</strong></span> <span class='ocrx_word' id='word_1_453' title='bbox 3085 1292 3232 1363; x_wconf 81' lang='grc'>(371)</span> <span class='ocrx_word' id='word_1_454' title='bbox 3274 1297 3565 1347; x_wconf 86' lang='lat' dir='ltr'><strong>venerunt</strong></span> <span class='ocrx_word' id='word_1_455' title='bbox 3604 1295 3837 1349; x_wconf 87' lang='lat' dir='ltr'><strong>decenter</strong></span> 
     </span>
    </p>
   </div>
   <div class='ocr_carea' id='block_1_70' title="bbox 2215 1379 3837 1454">
    <p class='ocr_par' dir='ltr' id='par_1_70' title="bbox 2215 1379 3837 1454">
     <span class='ocr_line' id='line_1_75' title="bbox 2215 1379 3837 1454; baseline 0.001 -19"><span class='ocrx_word' id='word_1_456' title='bbox 2215 1379 2522 1450; x_wconf 84' lang='lat' dir='ltr'><strong>excipiens</strong></span> <span class='ocrx_word' id='word_1_457' title='bbox 2555 1379 2724 1451; x_wconf 74' lang='lat'><strong>(372),</strong></span> <span class='ocrx_word' id='word_1_458' title='bbox 2762 1396 2949 1453; x_wconf 90' lang='lat' dir='ltr'><strong>usque</strong></span> <span class='ocrx_word' id='word_1_459' title='bbox 2981 1381 3050 1435; x_wconf 91' lang='lat' dir='ltr'><strong>ad</strong></span> <span class='ocrx_word' id='word_1_460' title='bbox 3084 1397 3286 1454; x_wconf 85' lang='lat' dir='ltr'><strong>regem</strong></span> <span class='ocrx_word' id='word_1_461' title='bbox 3321 1382 3612 1453; x_wconf 88' lang='lat' dir='ltr'><strong>perduxit.</strong></span> <span class='ocrx_word' id='word_1_462' title='bbox 3642 1384 3742 1436; x_wconf 85' lang='lat' dir='ltr'><strong>Per</strong></span> <span class='ocrx_word' id='word_1_463' title='bbox 3767 1387 3837 1437; x_wconf 86' lang='lat' dir='ltr'><strong>to-</strong></span> 
     </span>
    </p>
   </div>
   <div class='ocr_carea' id='block_1_71' title="bbox 2217 1468 3836 1541">
    <p class='ocr_par' dir='ltr' id='par_1_71' title="bbox 2217 1468 3836 1541">
     <span class='ocr_line' id='line_1_76' title="bbox 2217 1468 3836 1541; baseline 0.001 -18"><span class='ocrx_word' id='word_1_464' title='bbox 2217 1472 2333 1523; x_wconf 93' lang='lat' dir='ltr'><strong>tam</strong></span> <span class='ocrx_word' id='word_1_465' title='bbox 2367 1469 2724 1523; x_wconf 89' lang='lat' dir='ltr'><strong>Pannoniam</strong></span> <span class='ocrx_word' id='word_1_466' title='bbox 2753 1468 2904 1539; x_wconf 86' lang='lat'><strong>(373)</strong></span> <span class='ocrx_word' id='word_1_467' title='bbox 2947 1470 3165 1541; x_wconf 67' lang='lat' dir='ltr'><strong>nuptiae</strong></span> <span class='ocrx_word' id='word_1_468' title='bbox 3198 1470 3364 1541; x_wconf 87' lang='lat' dir='ltr'><strong>regis</strong></span> <span class='ocrx_word' id='word_1_469' title='bbox 3392 1471 3836 1541; x_wconf 82' lang='lat' dir='ltr'><strong>praeconizantur.</strong></span> 
     </span>
    </p>
   </div>
   <div class='ocr_carea' id='block_1_72' title="bbox 2220 1558 3838 1629">
    <p class='ocr_par' dir='ltr' id='par_1_72' title="bbox 2220 1558 3838 1629">
     <span class='ocr_line' id='line_1_77' title="bbox 2220 1558 3838 1629; baseline 0 -17"><span class='ocrx_word' id='word_1_470' title='bbox 2220 1558 2493 1628; x_wconf 88' lang='lat' dir='ltr'><strong>Uudique</strong></span> <span class='ocrx_word' id='word_1_471' title='bbox 2531 1573 2665 1612; x_wconf 90' lang='lat' dir='ltr'><strong>cum</strong></span> <span class='ocrx_word' id='word_1_472' title='bbox 2700 1559 2969 1614; x_wconf 84' lang='lat' dir='ltr'><strong>enxeniis</strong></span> <span class='ocrx_word' id='word_1_473' title='bbox 3003 1558 3154 1629; x_wconf 80' lang='lat'><strong>(374)</strong></span> <span class='ocrx_word' id='word_1_474' title='bbox 3203 1560 3596 1614; x_wconf 86' lang='lat' dir='ltr'><strong>concurritur.</strong></span> <span class='ocrx_word' id='word_1_475' title='bbox 3632 1559 3694 1613; x_wconf 87' lang='lat' dir='ltr'><strong>Et</strong></span> <span class='ocrx_word' id='word_1_476' title='bbox 3736 1575 3838 1613; x_wconf 89' lang='lat' dir='ltr'><strong>cum</strong></span> 
     </span>
    </p>
   </div>
   <div class='ocr_carea' id='block_1_73' title="bbox 2221 1647 3839 1717">
    <p class='ocr_par' dir='ltr' id='par_1_73' title="bbox 2221 1647 3839 1717">
     <span class='ocr_line' id='line_1_78' title="bbox 2221 1647 3839 1717; baseline 0 -16"><span class='ocrx_word' id='word_1_477' title='bbox 2221 1662 2460 1716; x_wconf 91' lang='lat' dir='ltr'><strong>semper</strong></span> <span class='ocrx_word' id='word_1_478' title='bbox 2482 1647 2761 1717; x_wconf 84' lang='lat' dir='ltr'><strong>frequens</strong></span> <span class='ocrx_word' id='word_1_479' title='bbox 2795 1650 2851 1702; x_wconf 90' lang='lat' dir='ltr'><strong>et</strong></span> <span class='ocrx_word' id='word_1_480' title='bbox 2874 1663 3191 1703; x_wconf 90' lang='lat' dir='ltr'><strong>numerosa</strong></span> <span class='ocrx_word' id='word_1_481' title='bbox 3224 1647 3377 1717; x_wconf 85' lang='lat'><strong>(375)</strong></span> <span class='ocrx_word' id='word_1_482' title='bbox 3395 1664 3603 1702; x_wconf 89' lang='lat' dir='ltr'><strong>manus</strong></span> <span class='ocrx_word' id='word_1_483' title='bbox 3624 1664 3693 1702; x_wconf 86' lang='lat' dir='ltr'><strong>ex</strong></span> <span class='ocrx_word' id='word_1_484' title='bbox 3711 1664 3839 1701; x_wconf 89' lang='lat' dir='ltr'><strong>more</strong></span> 
     </span>
    </p>
   </div>
   <div class='ocr_carea' id='block_1_74' title="bbox 2224 1736 3838 1807">
    <p class='ocr_par' dir='ltr' id='par_1_74' title="bbox 2224 1736 3838 1807">
     <span class='ocr_line' id='line_1_79' title="bbox 2224 1736 3838 1807; baseline -0.001 -17"><span class='ocrx_word' id='word_1_485' title='bbox 2224 1751 2357 1790; x_wconf 91' lang='lat' dir='ltr'><strong>cum</strong></span> <span class='ocrx_word' id='word_1_486' title='bbox 2388 1751 2531 1807; x_wconf 90' lang='lat' dir='ltr'><strong>rege</strong></span> <span class='ocrx_word' id='word_1_487' title='bbox 2564 1736 3052 1790; x_wconf 87' lang='lat' dir='ltr'><strong>innumerabilem</strong></span> <span class='ocrx_word' id='word_1_488' title='bbox 3094 1736 3243 1806; x_wconf 89' lang='lat'><strong>(876)</strong></span> <span class='ocrx_word' id='word_1_489' title='bbox 3273 1737 3512 1791; x_wconf 88' lang='lat' dir='ltr'><strong>turbam</strong></span> <span class='ocrx_word' id='word_1_490' title='bbox 3547 1736 3672 1805; x_wconf 91' lang='lat' dir='ltr'><strong>plus</strong></span> <span class='ocrx_word' id='word_1_491' title='bbox 3702 1737 3838 1790; x_wconf 86' lang='lat' dir='ltr'><strong>solito</strong></span> 
     </span>
    </p>
   </div>
   <div class='ocr_carea' id='block_1_75' title="bbox 2224 1823 3842 1896">
    <p class='ocr_par' dir='ltr' id='par_1_75' title="bbox 2224 1823 3842 1896">
     <span class='ocr_line' id='line_1_80' title="bbox 2224 1823 3842 1896; baseline 0 -18"><span class='ocrx_word' id='word_1_492' title='bbox 2224 1823 2373 1893; x_wconf 88' lang='lat'><strong>(377)</strong></span> <span class='ocrx_word' id='word_1_493' title='bbox 2402 1825 2740 1894; x_wconf 87' lang='lat' dir='ltr'><strong>nuptiarum</strong></span> <span class='ocrx_word' id='word_1_494' title='bbox 2767 1866 2781 1891; x_wconf 92' lang='lat'><strong>,</strong></span> <span class='ocrx_word' id='word_1_495' title='bbox 2815 1827 2872 1878; x_wconf 89' lang='lat' dir='ltr'><strong>et</strong></span> <span class='ocrx_word' id='word_1_496' title='bbox 2910 1840 3080 1879; x_wconf 89' lang='lat' dir='ltr'><strong>novae</strong></span> <span class='ocrx_word' id='word_1_497' title='bbox 3108 1824 3336 1896; x_wconf 59' lang='lat' dir='ltr'><strong>regina</strong></span> <span class='ocrx_word' id='word_1_498' title='bbox 3370 1825 3631 1879; x_wconf 60' lang='lat' dir='ltr'><strong>visendas</strong></span> <span class='ocrx_word' id='word_1_499' title='bbox 3660 1826 3842 1895; x_wconf 88' lang='lat' dir='ltr'><strong>appeti-</strong></span> 
     </span>
    </p>
   </div>
   <div class='ocr_carea' id='block_1_76' title="bbox 2225 1910 3841 1983">
    <p class='ocr_par' dir='ltr' id='par_1_76' title="bbox 2225 1910 3841 1983">
     <span class='ocr_line' id='line_1_81' title="bbox 2225 1910 3841 1983; baseline -0.001 -17"><span class='ocrx_word' id='word_1_500' title='bbox 2225 1913 2301 1966; x_wconf 90' lang='lat' dir='ltr'><strong>tis</strong></span> <span class='ocrx_word' id='word_1_501' title='bbox 2333 1910 2481 1981; x_wconf 86' lang='lat'><strong>(378)</strong></span> <span class='ocrx_word' id='word_1_502' title='bbox 2514 1913 2808 1981; x_wconf 82' lang='lat' dir='ltr'><strong>conflavit,</strong></span> <span class='ocrx_word' id='word_1_503' title='bbox 2846 1913 2937 1966; x_wconf 89' lang='lat' dir='ltr'><strong>die</strong></span> <span class='ocrx_word' id='word_1_504' title='bbox 2984 1913 3314 1979; x_wconf 89' lang='lat' dir='ltr'><strong>terminato,</strong></span> <span class='ocrx_word' id='word_1_505' title='bbox 3351 1913 3733 1983; x_wconf 76' lang='lat' dir='ltr'><strong>praesentibus</strong></span> <span class='ocrx_word' id='word_1_506' title='bbox 3762 1928 3841 1965; x_wconf 86' lang='lat' dir='ltr'><strong>ar-</strong></span> 
     </span>
    </p>
   </div>
   <div class='ocr_carea' id='block_1_77' title="bbox 2226 2000 3841 2071">
    <p class='ocr_par' dir='ltr' id='par_1_77' title="bbox 2226 2000 3841 2071">
     <span class='ocr_line' id='line_1_82' title="bbox 2226 2000 3841 2071; baseline 0.001 -17"><span class='ocrx_word' id='word_1_507' title='bbox 2226 2000 2629 2070; x_wconf 82' lang='lat' dir='ltr'><strong>chiepiscOpis</strong></span> <span class='ocrx_word' id='word_1_508' title='bbox 2659 2004 2716 2055; x_wconf 91' lang='lat' dir='ltr'><strong>et</strong></span> <span class='ocrx_word' id='word_1_509' title='bbox 2733 2001 3055 2071; x_wconf 83' lang='lat' dir='ltr'><strong>episcOpis,</strong></span> <span class='ocrx_word' id='word_1_510' title='bbox 3088 2004 3145 2056; x_wconf 90' lang='lat' dir='ltr'><strong>et</strong></span> <span class='ocrx_word' id='word_1_511' title='bbox 3166 2002 3433 2056; x_wconf 87' lang='lat' dir='ltr'><strong>diversis</strong></span> <span class='ocrx_word' id='word_1_512' title='bbox 3457 2001 3745 2056; x_wconf 88' lang='lat' dir='ltr'><strong>ordinibus</strong></span> <span class='ocrx_word' id='word_1_513' title='bbox 3759 2001 3841 2055; x_wconf 89' lang='lat' dir='ltr'><strong>dos</strong></span> 
     </span>
    </p>
   </div>
   <div class='ocr_carea' id='block_1_78' title="bbox 2225 2088 3843 2159">
    <p class='ocr_par' dir='ltr' id='par_1_78' title="bbox 2225 2088 3843 2159">
     <span class='ocr_line' id='line_1_83' title="bbox 2225 2088 3843 2159; baseline -0.001 -17"><span class='ocrx_word' id='word_1_514' title='bbox 2225 2089 2437 2159; x_wconf 88' lang='lat' dir='ltr'><strong>puellae</strong></span> <span class='ocrx_word' id='word_1_515' title='bbox 2468 2088 2645 2159; x_wconf 88' lang='lat' dir='ltr'><strong>legali</strong></span> <span class='ocrx_word' id='word_1_516' title='bbox 2678 2104 2839 2143; x_wconf 90' lang='lat' dir='ltr'><strong>more</strong></span> <span class='ocrx_word' id='word_1_517' title='bbox 2862 2088 3011 2158; x_wconf 89' lang='lat'><strong>(379)</strong></span> <span class='ocrx_word' id='word_1_518' title='bbox 3042 2090 3101 2143; x_wconf 91' lang='lat' dir='ltr'><strong>in</strong></span> <span class='ocrx_word' id='word_1_519' title='bbox 3123 2090 3364 2159; x_wconf 92' lang='lat' dir='ltr'><strong>publico</strong></span> <span class='ocrx_word' id='word_1_520' title='bbox 3386 2090 3843 2159; x_wconf 76' lang='lat' dir='ltr'><strong>protestatur.Bex</strong></span> 
     </span>
    </p>
   </div>
   <div class='ocr_carea' id='block_1_79' title="bbox 2226 2177 3834 2248">
    <p class='ocr_par' dir='ltr' id='par_1_79' title="bbox 2226 2177 3834 2248">
     <span class='ocr_line' id='line_1_84' title="bbox 2226 2177 3834 2248; baseline -0.001 -17"><span class='ocrx_word' id='word_1_521' title='bbox 2226 2181 2280 2231; x_wconf 90' lang='lat' dir='ltr'><strong>et</strong></span> <span class='ocrx_word' id='word_1_522' title='bbox 2333 2177 2538 2247; x_wconf 89' lang='lat' dir='ltr'><strong>regina</strong></span> <span class='ocrx_word' id='word_1_523' title='bbox 2578 2177 2862 2232; x_wconf 83' lang='lat' dir='ltr'><strong>catholica</strong></span> <span class='ocrx_word' id='word_1_524' title='bbox 2892 2178 3110 2248; x_wconf 88' lang='lat' dir='ltr'><strong>pariter</strong></span> <span class='ocrx_word' id='word_1_525' title='bbox 3138 2178 3607 2248; x_wconf 88' lang='lat' dir='ltr'><strong>desponsantur,</strong></span> <span class='ocrx_word' id='word_1_526' title='bbox 3656 2177 3834 2232; x_wconf 88' lang='lat' dir='ltr'><strong>solem-</strong></span> 
     </span>
    </p>
   </div>
   <div class='ocr_carea' id='block_1_80' title="bbox 2226 2265 3840 2337">
    <p class='ocr_par' dir='ltr' id='par_1_80' title="bbox 2226 2265 3840 2337">
     <span class='ocr_line' id='line_1_85' title="bbox 2226 2265 3840 2337; baseline 0 -18"><span class='ocrx_word' id='word_1_527' title='bbox 2226 2280 2453 2337; x_wconf 89' lang='lat' dir='ltr'><strong>nesque</strong></span> <span class='ocrx_word' id='word_1_528' title='bbox 2485 2266 2705 2335; x_wconf 69' lang='lat' dir='ltr'><strong>nuptiae</strong></span> <span class='ocrx_word' id='word_1_529' title='bbox 2734 2266 2792 2319; x_wconf 87' lang='lat' dir='ltr'><strong>in</strong></span> <span class='ocrx_word' id='word_1_530' title='bbox 2838 2266 3107 2321; x_wconf 90' lang='lat' dir='ltr'><strong>tentoriis</strong></span> <span class='ocrx_word' id='word_1_531' title='bbox 3155 2270 3212 2321; x_wconf 92' lang='lat' dir='ltr'><strong>et</strong></span> <span class='ocrx_word' id='word_1_532' title='bbox 3241 2283 3315 2321; x_wconf 88' lang='lat' dir='ltr'><strong>ex</strong></span> <span class='ocrx_word' id='word_1_533' title='bbox 3346 2268 3669 2321; x_wconf 89' lang='lat' dir='ltr'><strong>virentibus</strong></span> <span class='ocrx_word' id='word_1_534' title='bbox 3696 2265 3840 2319; x_wconf 88' lang='lat' dir='ltr'><strong>ramis</strong></span> 
     </span>
    </p>
   </div>
   <div class='ocr_carea' id='block_1_81' title="bbox 2227 2352 3837 2409">
    <p class='ocr_par' dir='ltr' id='par_1_81' title="bbox 2227 2352 3837 2409">
     <span class='ocr_line' id='line_1_86' title="bbox 2227 2352 3837 2409; baseline -0.002 -2"><span class='ocrx_word' id='word_1_535' title='bbox 2227 2352 2629 2407; x_wconf 80' lang='lat' dir='ltr'><strong>tabernaculis</strong></span> <span class='ocrx_word' id='word_1_536' title='bbox 2657 2354 2830 2407; x_wconf 81' lang='lat' dir='ltr'><strong>factis</strong></span> <span class='ocrx_word' id='word_1_537' title='bbox 2863 2354 3254 2409; x_wconf 89' lang='lat' dir='ltr'><strong>celebrantur.</strong></span> <span class='ocrx_word' id='word_1_538' title='bbox 3289 2355 3445 2409; x_wconf 89' lang='lat' dir='ltr'><strong>Nam</strong></span> <span class='ocrx_word' id='word_1_539' title='bbox 3468 2356 3638 2409; x_wconf 63' lang='lat' dir='ltr'><strong>nullae</strong></span> <span class='ocrx_word' id='word_1_540' title='bbox 3670 2355 3837 2408; x_wconf 89' lang='lat' dir='ltr'><strong>domus</strong></span> 
     </span>
    </p>
   </div>
   <div class='ocr_carea' id='block_1_82' title="bbox 2228 2442 3845 2514">
    <p class='ocr_par' dir='ltr' id='par_1_82' title="bbox 2228 2442 3845 2514">
     <span class='ocr_line' id='line_1_87' title="bbox 2228 2442 3845 2514; baseline -0.001 -19"><span class='ocrx_word' id='word_1_541' title='bbox 2228 2444 2403 2496; x_wconf 64' lang='lat' dir='ltr'><strong>tanta:</strong></span> <span class='ocrx_word' id='word_1_542' title='bbox 2433 2442 2786 2496; x_wconf 89' lang='lat' dir='ltr'><strong>multitudini</strong></span> <span class='ocrx_word' id='word_1_543' title='bbox 2820 2442 3215 2497; x_wconf 83' lang='lat' dir='ltr'><strong>sufficiebant.</strong></span> <span class='ocrx_word' id='word_1_544' title='bbox 3251 2444 3494 2514; x_wconf 85' lang='lat' dir='ltr'><strong>Nuptiis</strong></span> <span class='ocrx_word' id='word_1_545' title='bbox 3525 2445 3704 2514; x_wconf 88' lang='lat' dir='ltr'><strong>itaque</strong></span> <span class='ocrx_word' id='word_1_546' title='bbox 3718 2457 3845 2511; x_wconf 85' lang='lat' dir='ltr'><strong>rega-</strong></span> 
     </span>
    </p>
   </div>
   <div class='ocr_carea' id='block_1_83' title="bbox 2230 2528 3845 2602">
    <p class='ocr_par' dir='ltr' id='par_1_83' title="bbox 2230 2528 3845 2602">
     <span class='ocr_line' id='line_1_88' title="bbox 2230 2528 3845 2602; baseline -0.001 -19"><span class='ocrx_word' id='word_1_547' title='bbox 2230 2531 2386 2584; x_wconf 89' lang='lat' dir='ltr'><strong>libus</strong></span> <span class='ocrx_word' id='word_1_548' title='bbox 2415 2531 2686 2601; x_wconf 81' lang='lat' dir='ltr'><strong>expletis,</strong></span> <span class='ocrx_word' id='word_1_549' title='bbox 2713 2547 2817 2585; x_wconf 90' lang='lat' dir='ltr'><strong>rex</strong></span> <span class='ocrx_word' id='word_1_550' title='bbox 2844 2531 3189 2602; x_wconf 90' lang='lat' dir='ltr'><strong>episcopum</strong></span> <span class='ocrx_word' id='word_1_551' title='bbox 3213 2532 3681 2601; x_wconf 86' lang='lat' dir='ltr'><strong>Lecastrensem,</strong></span> <span class='ocrx_word' id='word_1_552' title='bbox 3710 2536 3756 2585; x_wconf 88' lang='lat' dir='ltr'><strong>et</strong></span> <span class='ocrx_word' id='word_1_553' title='bbox 3769 2528 3845 2601; x_wconf 87' lang='lat' dir='ltr'><strong>qui</strong></span> 
     </span>
    </p>
   </div>
   <div class='ocr_carea' id='block_1_84' title="bbox 2234 2620 3843 2692">
    <p class='ocr_par' dir='ltr' id='par_1_84' title="bbox 2234 2620 3843 2692">
     <span class='ocr_line' id='line_1_89' title="bbox 2234 2620 3843 2692; baseline -0.002 -19"><span class='ocrx_word' id='word_1_554' title='bbox 2234 2635 2369 2673; x_wconf 92' lang='lat' dir='ltr'><strong>cum</strong></span> <span class='ocrx_word' id='word_1_555' title='bbox 2383 2620 2516 2690; x_wconf 90' lang='lat' dir='ltr'><strong>ipso</strong></span> <span class='ocrx_word' id='word_1_556' title='bbox 2534 2620 2838 2674; x_wconf 91' lang='lat' dir='ltr'><strong>reversuri</strong></span> <span class='ocrx_word' id='word_1_557' title='bbox 2851 2621 3228 2686; x_wconf 88' lang='lat' dir='ltr'><strong>advenerant,</strong></span> <span class='ocrx_word' id='word_1_558' title='bbox 3249 2620 3670 2692; x_wconf 86' lang='lat' dir='ltr'><strong>aliquantisper</strong></span> <span class='ocrx_word' id='word_1_559' title='bbox 3683 2634 3843 2674; x_wconf 88' lang='lat' dir='ltr'><strong>secum</strong></span> 
     </span>
    </p>
   </div>
   <div class='ocr_carea' id='block_1_85' title="bbox 2233 2707 3844 2780">
    <p class='ocr_par' dir='ltr' id='par_1_85' title="bbox 2233 2707 3844 2780">
     <span class='ocr_line' id='line_1_90' title="bbox 2233 2707 3844 2780; baseline -0.002 -19"><span class='ocrx_word' id='word_1_560' title='bbox 2233 2709 2586 2762; x_wconf 89' lang='lat' dir='ltr'><strong>commorari</strong></span> <span class='ocrx_word' id='word_1_561' title='bbox 2609 2707 2856 2778; x_wconf 82' lang='lat' dir='ltr'><strong>faciens,</strong></span> <span class='ocrx_word' id='word_1_562' title='bbox 2880 2712 2943 2762; x_wconf 89' lang='lat' dir='ltr'><strong>ut</strong></span> <span class='ocrx_word' id='word_1_563' title='bbox 2972 2709 3130 2763; x_wconf 92' lang='lat' dir='ltr'><strong>videt</strong></span> <span class='ocrx_word' id='word_1_564' title='bbox 3146 2710 3218 2763; x_wconf 91' lang='lat' dir='ltr'><strong>de</strong></span> <span class='ocrx_word' id='word_1_565' title='bbox 3239 2710 3595 2780; x_wconf 89' lang='lat' dir='ltr'><strong>egressione</strong></span> <span class='ocrx_word' id='word_1_566' title='bbox 3622 2708 3844 2771; x_wconf 81' lang='lat' dir='ltr'><strong>festinos,</strong></span> 
     </span>
    </p>
   </div>
   <div class='ocr_carea' id='block_1_86' title="bbox 2230 2796 3843 2868">
    <p class='ocr_par' dir='ltr' id='par_1_86' title="bbox 2230 2796 3843 2868">
     <span class='ocr_line' id='line_1_91' title="bbox 2230 2796 3843 2868; baseline -0.003 -17"><span class='ocrx_word' id='word_1_567' title='bbox 2230 2796 2503 2868; x_wconf 87' lang='lat' dir='ltr'><strong>legaliler</strong></span> <span class='ocrx_word' id='word_1_568' title='bbox 2537 2798 2908 2851; x_wconf 85' lang='lat' dir='ltr'><strong>muniﬁcatos</strong></span> <span class='ocrx_word' id='word_1_569' title='bbox 2951 2812 2983 2851; x_wconf 93' lang='lat' dir='ltr'><strong>a</strong></span> <span class='ocrx_word' id='word_1_570' title='bbox 3014 2813 3081 2851; x_wconf 92' lang='lat' dir='ltr'><strong>se</strong></span> <span class='ocrx_word' id='word_1_571' title='bbox 3112 2798 3361 2852; x_wconf 88' lang='lat' dir='ltr'><strong>dimisit.</strong></span> <span class='ocrx_word' id='word_1_572' title='bbox 3416 2798 3524 2867; x_wconf 86' lang='lat' dir='ltr'><strong>Illi,</strong></span> <span class='ocrx_word' id='word_1_573' title='bbox 3554 2798 3622 2851; x_wconf 88' lang='lat' dir='ltr'><strong>ad</strong></span> <span class='ocrx_word' id='word_1_574' title='bbox 3658 2800 3843 2867; x_wconf 87' lang='lat' dir='ltr'><strong>portum</strong></span> 
     </span>
    </p>
   </div>
   <div class='ocr_carea' id='block_1_87' title="bbox 2235 2885 3843 2958">
    <p class='ocr_par' dir='ltr' id='par_1_87' title="bbox 2235 2885 3843 2958">
     <span class='ocr_line' id='line_1_92' title="bbox 2235 2885 3843 2958; baseline -0.002 -20"><span class='ocrx_word' id='word_1_575' title='bbox 2235 2885 2561 2954; x_wconf 89' lang='lat' dir='ltr'><strong>venientes,</strong></span> <span class='ocrx_word' id='word_1_576' title='bbox 2582 2886 2874 2940; x_wconf 86' lang='lat' dir='ltr'><strong>maritimo</strong></span> <span class='ocrx_word' id='word_1_577' title='bbox 2898 2901 3077 2939; x_wconf 90' lang='lat' dir='ltr'><strong>cursu</strong></span> <span class='ocrx_word' id='word_1_578' title='bbox 3101 2886 3344 2958; x_wconf 88' lang='lat' dir='ltr'><strong>regredi</strong></span> <span class='ocrx_word' id='word_1_579' title='bbox 3370 2887 3707 2941; x_wconf 87' lang='lat' dir='ltr'><strong>accelerant.</strong></span> <span class='ocrx_word' id='word_1_580' title='bbox 3724 2885 3843 2938; x_wconf 77' lang='lat' dir='ltr'><strong>Jam-</strong></span> 
     </span>
    </p>
   </div>
   <div class='ocr_carea' id='block_1_88' title="bbox 2233 2974 3841 3047">
    <p class='ocr_par' dir='ltr' id='par_1_88' title="bbox 2233 2974 3841 3047">
     <span class='ocr_line' id='line_1_93' title="bbox 2233 2974 3841 3047; baseline -0.001 -20"><span class='ocrx_word' id='word_1_581' title='bbox 2233 2989 2347 3046; x_wconf 93' lang='lat' dir='ltr'><strong>que</strong></span> <span class='ocrx_word' id='word_1_582' title='bbox 2376 2978 2597 3028; x_wconf 88' lang='lat' dir='ltr'><strong>nostrae</strong></span> <span class='ocrx_word' id='word_1_583' title='bbox 2629 2974 2827 3047; x_wconf 90' lang='lat' dir='ltr'><strong>gentis</strong></span> <span class='ocrx_word' id='word_1_584' title='bbox 2863 2975 3013 3029; x_wconf 76' lang='lat' dir='ltr'><strong>fines</strong></span> <span class='ocrx_word' id='word_1_585' title='bbox 3043 2976 3487 3046; x_wconf 83' lang='lat' dir='ltr'><strong>apprOpiantes,</strong></span> <span class='ocrx_word' id='word_1_586' title='bbox 3519 2991 3645 3030; x_wconf 90' lang='lat' dir='ltr'><strong>cum</strong></span> <span class='ocrx_word' id='word_1_587' title='bbox 3671 2976 3841 3029; x_wconf 87' lang='lat' dir='ltr'><strong>terram</strong></span> 
     </span>
    </p>
   </div>
   <div class='ocr_carea' id='block_1_89' title="bbox 2233 3063 3840 3134">
    <p class='ocr_par' dir='ltr' id='par_1_89' title="bbox 2233 3063 3840 3134">
     <span class='ocr_line' id='line_1_94' title="bbox 2233 3063 3840 3134; baseline -0.004 -16"><span class='ocrx_word' id='word_1_588' title='bbox 2233 3063 2465 3118; x_wconf 90' lang='lat' dir='ltr'><strong>eminus</strong></span> <span class='ocrx_word' id='word_1_589' title='bbox 2490 3063 2885 3133; x_wconf 90' lang='lat' dir='ltr'><strong>conspiciunt,</strong></span> <span class='ocrx_word' id='word_1_590' title='bbox 2900 3064 3258 3133; x_wconf 89' lang='lat' dir='ltr'><strong>navicula,in</strong></span> <span class='ocrx_word' id='word_1_591' title='bbox 3282 3080 3399 3134; x_wconf 90' lang='lat' dir='ltr'><strong>qua</strong></span> <span class='ocrx_word' id='word_1_592' title='bbox 3422 3065 3840 3134; x_wconf 85' lang='lat' dir='ltr'><strong>episcopuserat,</strong></span> 
     </span>
    </p>
   </div>
   <div class='ocr_carea' id='block_1_90' title="bbox 2232 3149 3843 3224">
    <p class='ocr_par' dir='ltr' id='par_1_90' title="bbox 2232 3149 3843 3224">
     <span class='ocr_line' id='line_1_95' title="bbox 2232 3149 3843 3224; baseline -0.003 -18"><span class='ocrx_word' id='word_1_593' title='bbox 2232 3152 2417 3206; x_wconf 92' lang='lat' dir='ltr'><strong>sociis</strong></span> <span class='ocrx_word' id='word_1_594' title='bbox 2447 3153 2630 3206; x_wconf 90' lang='lat' dir='ltr'><strong>armis</strong></span> <span class='ocrx_word' id='word_1_595' title='bbox 2663 3153 3027 3222; x_wconf 90' lang='lat' dir='ltr'><strong>carentibus,</strong></span> <span class='ocrx_word' id='word_1_596' title='bbox 3060 3168 3091 3205; x_wconf 96' lang='lat' dir='ltr'><strong>a</strong></span> <span class='ocrx_word' id='word_1_597' title='bbox 3122 3153 3357 3208; x_wconf 92' lang='lat' dir='ltr'><strong>duabus</strong></span> <span class='ocrx_word' id='word_1_598' title='bbox 3389 3154 3698 3224; x_wconf 87' lang='lat' dir='ltr'><strong>piratarum</strong></span> <span class='ocrx_word' id='word_1_599' title='bbox 3723 3149 3843 3203; x_wconf 81' lang='lat' dir='ltr'><strong>navi-</strong></span> 
     </span>
    </p>
   </div>
   <div class='ocr_carea' id='block_1_91' title="bbox 2229 3239 3841 3313">
    <p class='ocr_par' dir='ltr' id='par_1_91' title="bbox 2229 3239 3841 3313">
     <span class='ocr_line' id='line_1_96' title="bbox 2229 3239 3841 3313; baseline -0.004 -18"><span class='ocrx_word' id='word_1_600' title='bbox 2229 3241 2367 3310; x_wconf 90' lang='lat' dir='ltr'><strong>bus,</strong></span> <span class='ocrx_word' id='word_1_601' title='bbox 2400 3256 2549 3311; x_wconf 91' lang='lat' dir='ltr'><strong>quas</strong></span> <span class='ocrx_word' id='word_1_602' title='bbox 2580 3241 2783 3312; x_wconf 87' lang='lat' dir='ltr'><strong>galeas</strong></span> <span class='ocrx_word' id='word_1_603' title='bbox 2814 3241 3140 3311; x_wconf 89' lang='lat' dir='ltr'><strong>appellant,</strong></span> <span class='ocrx_word' id='word_1_604' title='bbox 3188 3242 3487 3297; x_wconf 87' lang='lat' dir='ltr'><strong>hostiliter</strong></span> <span class='ocrx_word' id='word_1_605' title='bbox 3530 3239 3841 3313; x_wconf 84' lang='lat' dir='ltr'><strong>aggreditur.</strong></span> 
     </span>
    </p>
   </div>
   <div class='ocr_carea' id='block_1_92' title="bbox 2224 3324 3842 3402">
    <p class='ocr_par' dir='ltr' id='par_1_92' title="bbox 2224 3324 3842 3402">
     <span class='ocr_line' id='line_1_97' title="bbox 2224 3324 3842 3402; baseline -0.003 -18"><span class='ocrx_word' id='word_1_606' title='bbox 2224 3328 2683 3400; x_wconf 89' lang='lat' dir='ltr'><strong>Nauclerus,qui</strong></span> <span class='ocrx_word' id='word_1_607' title='bbox 2706 3330 2900 3384; x_wconf 89' lang='lat' dir='ltr'><strong>navim</strong></span> <span class='ocrx_word' id='word_1_608' title='bbox 2918 3330 3183 3402; x_wconf 88' lang='lat' dir='ltr'><strong>regebat;</strong></span> <span class='ocrx_word' id='word_1_609' title='bbox 3204 3330 3412 3402; x_wconf 87' lang='lat' dir='ltr'><strong>jaculo</strong></span> <span class='ocrx_word' id='word_1_610' title='bbox 3428 3329 3727 3385; x_wconf 77' lang='lat' dir='ltr'><strong>confossus</strong></span> <span class='ocrx_word' id='word_1_611' title='bbox 3749 3324 3842 3381; x_wconf 84' lang='lat' dir='ltr'><strong>col-</strong></span> 
     </span>
    </p>
   </div>
   <div class='ocr_carea' id='block_1_93' title="bbox 2229 3417 3841 3491">
    <p class='ocr_par' dir='ltr' id='par_1_93' title="bbox 2229 3417 3841 3491">
     <span class='ocr_line' id='line_1_98' title="bbox 2229 3417 3841 3491; baseline -0.002 -20"><span class='ocrx_word' id='word_1_612' title='bbox 2229 3417 2454 3487; x_wconf 84' lang='lat' dir='ltr'><strong>liditur;</strong></span> <span class='ocrx_word' id='word_1_613' title='bbox 2488 3418 2656 3471; x_wconf 90' lang='lat' dir='ltr'><strong>navis</strong></span> <span class='ocrx_word' id='word_1_614' title='bbox 2687 3419 2914 3491; x_wconf 87' lang='lat' dir='ltr'><strong>remige</strong></span> <span class='ocrx_word' id='word_1_615' title='bbox 2941 3434 3153 3473; x_wconf 90' lang='lat' dir='ltr'><strong>carens</strong></span> <span class='ocrx_word' id='word_1_616' title='bbox 3185 3419 3656 3474; x_wconf 78' lang='lat' dir='ltr'><strong>submersionem</strong></span> <span class='ocrx_word' id='word_1_617' title='bbox 3695 3417 3841 3470; x_wconf 83' lang='lat' dir='ltr'><strong>mina-</strong></span> 
     </span>
    </p>
   </div>
   <div class='ocr_carea' id='block_1_94' title="bbox 2238 3768 3842 3844">
    <p class='ocr_par' dir='ltr' id='par_1_94' title="bbox 2238 3768 3842 3844">
     <span class='ocr_line' id='line_1_99' title="bbox 2238 3768 3842 3844; baseline -0.004 -19"><span class='ocrx_word' id='word_1_618' title='bbox 2238 3772 2403 3826; x_wconf 90' lang='lat' dir='ltr'><strong>ciens</strong></span> <span class='ocrx_word' id='word_1_619' title='bbox 2436 3771 2589 3825; x_wconf 90' lang='lat' dir='ltr'><strong>inter</strong></span> <span class='ocrx_word' id='word_1_620' title='bbox 2619 3771 2729 3825; x_wconf 90' lang='lat' dir='ltr'><strong>alia</strong></span> <span class='ocrx_word' id='word_1_621' title='bbox 2767 3771 3113 3844; x_wconf 90' lang='lat' dir='ltr'><strong>subjuugit:</strong></span> <span class='ocrx_word' id='word_1_622' title='bbox 3149 3772 3309 3828; x_wconf 91' lang='lat' dir='ltr'><strong>Deus</strong></span> <span class='ocrx_word' id='word_1_623' title='bbox 3335 3814 3350 3842; x_wconf 93' lang='lat'><strong>,</strong></span> <span class='ocrx_word' id='word_1_624' title='bbox 3395 3772 3616 3844; x_wconf 92' lang='lat' dir='ltr'><strong>inquit,</strong></span> <span class='ocrx_word' id='word_1_625' title='bbox 3647 3771 3692 3825; x_wconf 88' lang='lat' dir='ltr'><strong>si</strong></span> <span class='ocrx_word' id='word_1_626' title='bbox 3730 3768 3842 3822; x_wconf 85' lang='lat' dir='ltr'><strong>meis</strong></span> 
     </span>
    </p>
   </div>
   <div class='ocr_carea' id='block_1_95' title="bbox 2236 3860 3843 3932">
    <p class='ocr_par' dir='ltr' id='par_1_95' title="bbox 2236 3860 3843 3932">
     <span class='ocr_line' id='line_1_100' title="bbox 2236 3860 3843 3932; baseline -0.004 -17"><span class='ocrx_word' id='word_1_627' title='bbox 2236 3861 2498 3931; x_wconf 89' lang='lat' dir='ltr'><strong>peccatis</strong></span> <span class='ocrx_word' id='word_1_628' title='bbox 2529 3860 2906 3932; x_wconf 87' lang='lat' dir='ltr'><strong>exigentibus</strong></span> <span class='ocrx_word' id='word_1_629' title='bbox 2938 3861 3133 3915; x_wconf 90' lang='lat' dir='ltr'><strong>minus</strong></span> <span class='ocrx_word' id='word_1_630' title='bbox 3165 3877 3406 3917; x_wconf 90' lang='lat' dir='ltr'><strong>mereor</strong></span> <span class='ocrx_word' id='word_1_631' title='bbox 3423 3860 3843 3928; x_wconf 80' lang='lat' dir='ltr'><strong>exaudiri,exau~</strong></span> 
     </span>
    </p>
   </div>
   <div class='ocr_carea' id='block_1_96' title="bbox 2237 3947 3841 4023">
    <p class='ocr_par' dir='ltr' id='par_1_96' title="bbox 2237 3947 3841 4023">
     <span class='ocr_line' id='line_1_101' title="bbox 2237 3947 3841 4023; baseline -0.004 -19"><span class='ocrx_word' id='word_1_632' title='bbox 2237 3948 2366 4004; x_wconf 90' lang='lat' dir='ltr'><strong>diar</strong></span> <span class='ocrx_word' id='word_1_633' title='bbox 2387 3949 2594 4004; x_wconf 87' lang='lat' dir='ltr'><strong>saltem</strong></span> <span class='ocrx_word' id='word_1_634' title='bbox 2613 3965 2720 4019; x_wconf 90' lang='lat' dir='ltr'><strong>per</strong></span> <span class='ocrx_word' id='word_1_635' title='bbox 2736 3950 2985 4021; x_wconf 88' lang='lat' dir='ltr'><strong>gratiam</strong></span> <span class='ocrx_word' id='word_1_636' title='bbox 3011 3966 3185 4022; x_wconf 91' lang='lat' dir='ltr'><strong>quam</strong></span> <span class='ocrx_word' id='word_1_637' title='bbox 3209 3966 3354 4023; x_wconf 88' lang='lat' dir='ltr'><strong>erga</strong></span> <span class='ocrx_word' id='word_1_638' title='bbox 3373 3950 3695 4023; x_wconf 87' lang='lat' dir='ltr'><strong>progeniem</strong></span> <span class='ocrx_word' id='word_1_639' title='bbox 3721 3947 3841 4000; x_wconf 82' lang='lat' dir='ltr'><strong>Tan-</strong></span> 
     </span>
    </p>
   </div>
   <div class='ocr_carea' id='block_1_97' title="bbox 2239 4036 3842 4094">
    <p class='ocr_par' dir='ltr' id='par_1_97' title="bbox 2239 4036 3842 4094">
     <span class='ocr_line' id='line_1_102' title="bbox 2239 4036 3842 4094; baseline -0.004 -2"><span class='ocrx_word' id='word_1_640' title='bbox 2239 4037 2398 4092; x_wconf 90' lang='lat' dir='ltr'><strong>credi</strong></span> <span class='ocrx_word' id='word_1_641' title='bbox 2421 4040 2477 4092; x_wconf 87' lang='lat' dir='ltr'><strong>te</strong></span> <span class='ocrx_word' id='word_1_642' title='bbox 2510 4037 2728 4093; x_wconf 89' lang='lat' dir='ltr'><strong>habere</strong></span> <span class='ocrx_word' id='word_1_643' title='bbox 2745 4038 3043 4094; x_wconf 89' lang='lat' dir='ltr'><strong>multoties</strong></span> <span class='ocrx_word' id='word_1_644' title='bbox 3062 4040 3395 4094; x_wconf 88' lang='lat' dir='ltr'><strong>ostentasti.</strong></span> <span class='ocrx_word' id='word_1_645' title='bbox 3419 4040 3525 4093; x_wconf 85' lang='lat' dir='ltr'><strong>Hic</strong></span> <span class='ocrx_word' id='word_1_646' title='bbox 3547 4039 3685 4092; x_wconf 90' lang='lat' dir='ltr'><strong>enim</strong></span> <span class='ocrx_word' id='word_1_647' title='bbox 3706 4036 3842 4088; x_wconf 85' lang='lat' dir='ltr'><strong>inter-</strong></span> 
     </span>
    </p>
   </div>
   <div class='ocr_carea' id='block_1_98' title="bbox 2240 4125 3838 4198">
    <p class='ocr_par' dir='ltr' id='par_1_98' title="bbox 2240 4125 3838 4198">
     <span class='ocr_line' id='line_1_103' title="bbox 2240 4125 3838 4198; baseline 0.003 -18"><span class='ocrx_word' id='word_1_648' title='bbox 2240 4129 2446 4196; x_wconf 88' lang='lat' dir='ltr'><strong>ceptus</strong></span> <span class='ocrx_word' id='word_1_649' title='bbox 2478 4143 2610 4181; x_wconf 90' lang='lat' dir='ltr'><strong>sum</strong></span> <span class='ocrx_word' id='word_1_650' title='bbox 2639 4143 2744 4198; x_wconf 92' lang='lat' dir='ltr'><strong>pro</strong></span> <span class='ocrx_word' id='word_1_651' title='bbox 2778 4128 3021 4183; x_wconf 89' lang='lat' dir='ltr'><strong>servitio</strong></span> <span class='ocrx_word' id='word_1_652' title='bbox 3055 4128 3157 4182; x_wconf 84' lang='lat' dir='ltr'><strong>filii</strong></span> <span class='ocrx_word' id='word_1_653' title='bbox 3189 4130 3307 4182; x_wconf 90' lang='lat' dir='ltr'><strong>sui.</strong></span> <span class='ocrx_word' id='word_1_654' title='bbox 3334 4128 3602 4183; x_wconf 86' lang='lat' dir='ltr'><strong>Nondum</strong></span> <span class='ocrx_word' id='word_1_655' title='bbox 3642 4125 3838 4184; x_wconf 74' lang='lat' dir='ltr'><strong>dixerat.</strong></span> 
     </span>
    </p>
   </div>
   <div class='ocr_carea' id='block_1_99' title="bbox 2239 4208 3841 4286">
    <p class='ocr_par' dir='ltr' id='par_1_99' title="bbox 2239 4208 3841 4286">
     <span class='ocr_line' id='line_1_104' title="bbox 2239 4208 3841 4286; baseline -0.006 -17"><span class='ocrx_word' id='word_1_656' title='bbox 2239 4217 2295 4269; x_wconf 92' lang='lat' dir='ltr'><strong>et</strong></span> <span class='ocrx_word' id='word_1_657' title='bbox 2323 4229 2484 4284; x_wconf 89' lang='lat' dir='ltr'><strong>ecce,</strong></span> <span class='ocrx_word' id='word_1_658' title='bbox 2518 4230 2657 4269; x_wconf 89' lang='lat' dir='ltr'><strong>aura</strong></span> <span class='ocrx_word' id='word_1_659' title='bbox 2690 4216 3139 4285; x_wconf 87' lang='lat' dir='ltr'><strong>intercurrente,</strong></span> <span class='ocrx_word' id='word_1_660' title='bbox 3189 4216 3359 4271; x_wconf 89' lang='lat' dir='ltr'><strong>navis</strong></span> <span class='ocrx_word' id='word_1_661' title='bbox 3400 4218 3459 4270; x_wconf 91' lang='lat' dir='ltr'><strong>in</strong></span> <span class='ocrx_word' id='word_1_662' title='bbox 3509 4232 3615 4286; x_wconf 90' lang='lat' dir='ltr'><strong>qua</strong></span> <span class='ocrx_word' id='word_1_663' title='bbox 3659 4216 3764 4267; x_wconf 82' lang='lat' dir='ltr'><strong>erat</strong></span> <span class='ocrx_word' id='word_1_664' title='bbox 3788 4208 3841 4261; x_wconf 85' lang='lat' dir='ltr'><strong>ab</strong></span> 
     </span>
    </p>
   </div>
   <div class='ocr_carea' id='block_1_100' title="bbox 2240 4298 3840 4374">
    <p class='ocr_par' dir='ltr' id='par_1_100' title="bbox 2240 4298 3840 4374">
     <span class='ocr_line' id='line_1_105' title="bbox 2240 4298 3840 4374; baseline -0.004 -17"><span class='ocrx_word' id='word_1_665' title='bbox 2240 4303 2517 4358; x_wconf 90' lang='lat' dir='ltr'><strong>hostibus</strong></span> <span class='ocrx_word' id='word_1_666' title='bbox 2545 4304 2753 4358; x_wconf 92' lang='lat' dir='ltr'><strong>avulsa</strong></span> <span class='ocrx_word' id='word_1_667' title='bbox 2803 4306 3145 4360; x_wconf 83' lang='lat' dir='ltr'><strong>securiores</strong></span> <span class='ocrx_word' id='word_1_668' title='bbox 3177 4305 3388 4374; x_wconf 91' lang='lat' dir='ltr'><strong>reddit,</strong></span> <span class='ocrx_word' id='word_1_669' title='bbox 3442 4305 3638 4359; x_wconf 90' lang='lat' dir='ltr'><strong>videns</strong></span> <span class='ocrx_word' id='word_1_670' title='bbox 3689 4298 3840 4355; x_wconf 83' lang='lat' dir='ltr'><strong>navim</strong></span> 
     </span>
    </p>
   </div>
   <div class='ocr_carea' id='block_1_101' title="bbox 2240 4389 3837 4465">
    <p class='ocr_par' dir='ltr' id='par_1_101' title="bbox 2240 4389 3837 4465">
     <span class='ocr_line' id='line_1_106' title="bbox 2240 4389 3837 4465; baseline -0.004 -19"><span class='ocrx_word' id='word_1_671' title='bbox 2240 4393 2467 4463; x_wconf 87' lang='lat' dir='ltr'><strong>absque</strong></span> <span class='ocrx_word' id='word_1_672' title='bbox 2498 4393 2723 4465; x_wconf 88' lang='lat' dir='ltr'><strong>remige</strong></span> <span class='ocrx_word' id='word_1_673' title='bbox 2755 4393 2978 4449; x_wconf 91' lang='lat' dir='ltr'><strong>directo</strong></span> <span class='ocrx_word' id='word_1_674' title='bbox 3010 4409 3194 4448; x_wconf 90' lang='lat' dir='ltr'><strong>cursu</strong></span> <span class='ocrx_word' id='word_1_675' title='bbox 3223 4394 3293 4447; x_wconf 92' lang='lat' dir='ltr'><strong>ad</strong></span> <span class='ocrx_word' id='word_1_676' title='bbox 3312 4392 3603 4465; x_wconf 90' lang='lat' dir='ltr'><strong>jacentem</strong></span> <span class='ocrx_word' id='word_1_677' title='bbox 3635 4389 3837 4445; x_wconf 87' lang='lat' dir='ltr'><strong>insulam</strong></span> 
     </span>
    </p>
   </div>
   <div class='ocr_carea' id='block_1_102' title="bbox 2238 4474 3842 4554">
    <p class='ocr_par' dir='ltr' id='par_1_102' title="bbox 2238 4474 3842 4554">
     <span class='ocr_line' id='line_1_107' title="bbox 2238 4474 3842 4554; baseline -0.001 -21"><span class='ocrx_word' id='word_1_678' title='bbox 2238 4481 2391 4534; x_wconf 91' lang='lat' dir='ltr'><strong>tanta</strong></span> <span class='ocrx_word' id='word_1_679' title='bbox 2427 4481 2734 4537; x_wconf 83' lang='lat' dir='ltr'><strong>velocitate</strong></span> <span class='ocrx_word' id='word_1_680' title='bbox 2764 4498 2871 4552; x_wconf 90' lang='lat' dir='ltr'><strong>per</strong></span> <span class='ocrx_word' id='word_1_681' title='bbox 2889 4483 3126 4553; x_wconf 90' lang='lat' dir='ltr'><strong>rapidas</strong></span> <span class='ocrx_word' id='word_1_682' title='bbox 3166 4484 3412 4554; x_wconf 78' lang='lat' dir='ltr'><strong>equoris</strong></span> <span class='ocrx_word' id='word_1_683' title='bbox 3441 4482 3619 4537; x_wconf 89' lang='lat' dir='ltr'><strong>undas</strong></span> <span class='ocrx_word' id='word_1_684' title='bbox 3632 4477 3771 4543; x_wconf 80' lang='lat' dir='ltr'><strong>ferri,</strong></span> <span class='ocrx_word' id='word_1_685' title='bbox 3798 4474 3842 4527; x_wconf 72' lang='lat' dir='ltr'><strong>ut</strong></span> 
     </span>
    </p>
   </div>
   <div class='ocr_carea' id='block_1_103' title="bbox 2241 4566 3839 4643">
    <p class='ocr_par' dir='ltr' id='par_1_103' title="bbox 2241 4566 3839 4643">
     <span class='ocr_line' id='line_1_108' title="bbox 2241 4566 3839 4643; baseline -0.005 -20"><span class='ocrx_word' id='word_1_686' title='bbox 2241 4567 2489 4624; x_wconf 91' lang='lat' dir='ltr'><strong>hostiles</strong></span> <span class='ocrx_word' id='word_1_687' title='bbox 2520 4585 2703 4624; x_wconf 84' lang='lat' dir='ltr'><strong>naves</strong></span> <span class='ocrx_word' id='word_1_688' title='bbox 2733 4571 2957 4643; x_wconf 92' lang='lat' dir='ltr'><strong>remige</strong></span> <span class='ocrx_word' id='word_1_689' title='bbox 2988 4577 3044 4625; x_wconf 88' lang='lat' dir='ltr'><strong>et</strong></span> <span class='ocrx_word' id='word_1_690' title='bbox 3066 4572 3218 4626; x_wconf 90' lang='lat' dir='ltr'><strong>velis</strong></span> <span class='ocrx_word' id='word_1_691' title='bbox 3240 4570 3675 4642; x_wconf 86' lang='lat' dir='ltr'><strong>insequentibus</strong></span> <span class='ocrx_word' id='word_1_692' title='bbox 3688 4566 3839 4619; x_wconf 88' lang='lat' dir='ltr'><strong>minus</strong></span> 
     </span>
    </p>
   </div>
   <div class='ocr_carea' id='block_1_104' title="bbox 2241 4649 3844 4729">
    <p class='ocr_par' dir='ltr' id='par_1_104' title="bbox 2241 4649 3844 4729">
     <span class='ocr_line' id='line_1_109' title="bbox 2241 4649 3844 4729; baseline -0.004 -19"><span class='ocrx_word' id='word_1_693' title='bbox 2241 4657 2534 4712; x_wconf 90' lang='lat' dir='ltr'><strong>adversus</strong></span> <span class='ocrx_word' id='word_1_694' title='bbox 2566 4657 2723 4712; x_wconf 90' lang='lat' dir='ltr'><strong>illam</strong></span> <span class='ocrx_word' id='word_1_695' title='bbox 2756 4659 3123 4714; x_wconf 89' lang='lat' dir='ltr'><strong>velocitatem</strong></span> <span class='ocrx_word' id='word_1_696' title='bbox 3143 4659 3549 4729; x_wconf 68' lang='lat' dir='ltr'><strong>praevalerent.</strong></span> <span class='ocrx_word' id='word_1_697' title='bbox 3572 4658 3757 4727; x_wconf 89' lang='lat' dir='ltr'><strong>Sicque</strong></span> <span class='ocrx_word' id='word_1_698' title='bbox 3782 4649 3844 4704; x_wconf 86' lang='lat' dir='ltr'><strong>di-</strong></span> 
     </span>
    </p>
   </div>
   <div class='ocr_carea' id='block_1_105' title="bbox 2240 4738 3840 4819">
    <p class='ocr_par' dir='ltr' id='par_1_105' title="bbox 2240 4738 3840 4819">
     <span class='ocr_line' id='line_1_110' title="bbox 2240 4738 3840 4819; baseline -0.002 -20"><span class='ocrx_word' id='word_1_699' title='bbox 2240 4746 2402 4801; x_wconf 88' lang='lat' dir='ltr'><strong>recto</strong></span> <span class='ocrx_word' id='word_1_700' title='bbox 2432 4761 2611 4801; x_wconf 87' lang='lat' dir='ltr'><strong>cursu</strong></span> <span class='ocrx_word' id='word_1_701' title='bbox 2642 4746 2953 4819; x_wconf 90' lang='lat' dir='ltr'><strong>divinitus,</strong></span> <span class='ocrx_word' id='word_1_702' title='bbox 2990 4751 3050 4802; x_wconf 91' lang='lat' dir='ltr'><strong>ut</strong></span> <span class='ocrx_word' id='word_1_703' title='bbox 3079 4748 3378 4803; x_wconf 89' lang='lat' dir='ltr'><strong>credimus</strong></span> <span class='ocrx_word' id='word_1_704' title='bbox 3412 4788 3427 4817; x_wconf 91' lang='lat'><strong>,</strong></span> <span class='ocrx_word' id='word_1_705' title='bbox 3463 4746 3766 4819; x_wconf 87' lang='lat' dir='ltr'><strong>regebatur,</strong></span> <span class='ocrx_word' id='word_1_706' title='bbox 3795 4738 3840 4791; x_wconf 66' lang='lat' dir='ltr'><strong>ut</strong></span> 
     </span>
    </p>
   </div>
   <div class='ocr_carea' id='block_1_106' title="bbox 2314 4957 2909 5034">
    <p class='ocr_par' dir='ltr' id='par_1_106' title="bbox 2314 4957 2909 5034">
     <span class='ocr_line' id='line_1_111' title="bbox 2314 4957 2909 5034; baseline 0 -19"><span class='ocrx_word' id='word_1_707' title='bbox 2314 4957 2463 5034; x_wconf 67' lang='lat'><strong>(370)</strong></span> <span class='ocrx_word' id='word_1_708' title='bbox 2505 4960 2620 5031; x_wconf 81' lang='lat' dir='ltr'><strong>Sit,</strong></span> <span class='ocrx_word' id='word_1_709' title='bbox 2647 4976 2909 5034; x_wconf 86' lang='lat' dir='ltr'><strong>eumque.</strong></span> 
     </span>
    </p>
   </div>
   <div class='ocr_carea' id='block_1_107' title="bbox 2314 5023 2657 5103">
    <p class='ocr_par' dir='ltr' id='par_1_107' title="bbox 2314 5023 2657 5103">
     <span class='ocr_line' id='line_1_112' title="bbox 2314 5023 2657 5103; baseline 0.012 -4"><span class='ocrx_word' id='word_1_710' title='bbox 2314 5023 2465 5103; x_wconf 73' lang='lat'><strong>(3&#39;11)</strong></span> <span class='ocrx_word' id='word_1_711' title='bbox 2505 5023 2657 5103; x_wconf 56' lang='lat' dir='ltr'><strong>Ipsa-</strong></span> 
     </span>
    </p>
   </div>
   <div class='ocr_carea' id='block_1_108' title="bbox 2316 5100 2840 5174">
    <p class='ocr_par' dir='ltr' id='par_1_108' title="bbox 2316 5100 2840 5174">
     <span class='ocr_line' id='line_1_113' title="bbox 2316 5100 2840 5174; baseline 0.002 -18"><span class='ocrx_word' id='word_1_712' title='bbox 2316 5100 2465 5174; x_wconf 74' lang='grc'>(372)</span> <span class='ocrx_word' id='word_1_713' title='bbox 2504 5100 2840 5174; x_wconf 71' lang='lat' dir='ltr'><strong>Recipiens.</strong></span> 
     </span>
    </p>
   </div>
   <div class='ocr_carea' id='block_1_109' title="bbox 2318 5171 2906 5243">
    <p class='ocr_par' dir='ltr' id='par_1_109' title="bbox 2318 5171 2906 5243">
     <span class='ocr_line' id='line_1_114' title="bbox 2318 5171 2906 5243; baseline 0 -15"><span class='ocrx_word' id='word_1_714' title='bbox 2318 5171 2467 5243; x_wconf 87' lang='lat'><strong>(373)</strong></span> <span class='ocrx_word' id='word_1_715' title='bbox 2508 5171 2906 5229; x_wconf 71' lang='lat' dir='ltr'><strong>Provinciam.</strong></span> 
     </span>
    </p>
   </div>
   <div class='ocr_carea' id='block_1_110' title="bbox 2320 5242 2786 5313">
    <p class='ocr_par' dir='ltr' id='par_1_110' title="bbox 2320 5242 2786 5313">
     <span class='ocr_line' id='line_1_115' title="bbox 2320 5242 2786 5313; baseline 0.002 -15"><span class='ocrx_word' id='word_1_716' title='bbox 2320 5242 2468 5313; x_wconf 81' lang='grc'>(374)</span> <span class='ocrx_word' id='word_1_717' title='bbox 2506 5245 2786 5300; x_wconf 82' lang='lat' dir='ltr'><strong>Exeniis.</strong></span> 
     </span>
    </p>
   </div>
   <div class='ocr_carea' id='block_1_111' title="bbox 2321 5315 2824 5385">
    <p class='ocr_par' dir='ltr' id='par_1_111' title="bbox 2321 5315 2824 5385">
     <span class='ocr_line' id='line_1_116' title="bbox 2321 5315 2824 5385; baseline 0.002 -15"><span class='ocrx_word' id='word_1_718' title='bbox 2321 5315 2467 5385; x_wconf 85' lang='lat'><strong>(375)</strong></span> <span class='ocrx_word' id='word_1_719' title='bbox 2515 5316 2824 5371; x_wconf 85' lang='lat' dir='ltr'><strong>Umbrosa.</strong></span> 
     </span>
    </p>
   </div>
   <div class='ocr_carea' id='block_1_112' title="bbox 2322 5386 3371 5460">
    <p class='ocr_par' dir='ltr' id='par_1_112' title="bbox 2322 5386 3371 5460">
     <span class='ocr_line' id='line_1_117' title="bbox 2322 5386 3371 5460; baseline 0 -19"><span class='ocrx_word' id='word_1_720' title='bbox 2322 5387 2470 5460; x_wconf 79' lang='grc'>(376)</span> <span class='ocrx_word' id='word_1_721' title='bbox 2514 5387 2654 5460; x_wconf 72' lang='lat' dir='ltr'><strong>Qum</strong></span> <span class='ocrx_word' id='word_1_722' title='bbox 2693 5404 2839 5460; x_wconf 82' lang='lat' dir='ltr'><strong>rege</strong></span> <span class='ocrx_word' id='word_1_723' title='bbox 2870 5389 2950 5442; x_wconf 84' lang='lat' dir='ltr'><strong>sit</strong></span> <span class='ocrx_word' id='word_1_724' title='bbox 2990 5386 3234 5458; x_wconf 72' lang='lat' dir='ltr'><strong>ianum,</strong></span> <span class='ocrx_word' id='word_1_725' title='bbox 3261 5390 3371 5441; x_wconf 91' lang='lat' dir='ltr'><strong>etc.</strong></span> 
     </span>
    </p>
   </div>
   <div class='ocr_carea' id='block_1_113' title="bbox 2322 5458 2750 5525">
    <p class='ocr_par' dir='ltr' id='par_1_113' title="bbox 2322 5458 2750 5525">
     <span class='ocr_line' id='line_1_118' title="bbox 2322 5458 2750 5525; baseline 0.002 -14"><span class='ocrx_word' id='word_1_726' title='bbox 2322 5458 2470 5525; x_wconf 88' lang='lat'><strong>(377)</strong></span> <span class='ocrx_word' id='word_1_727' title='bbox 2512 5458 2750 5513; x_wconf 78' lang='lat' dir='ltr'><strong>Rumor.</strong></span> 
     </span>
    </p>
   </div>
   <div class='ocr_carea' id='block_1_114' title="bbox 2324 5529 3147 5601">
    <p class='ocr_par' dir='ltr' id='par_1_114' title="bbox 2324 5529 3147 5601">
     <span class='ocr_line' id='line_1_119' title="bbox 2324 5529 3147 5601; baseline 0.009 -22"><span class='ocrx_word' id='word_1_728' title='bbox 2324 5529 2469 5599; x_wconf 74' lang='lat'><strong>(378)</strong></span> <span class='ocrx_word' id='word_1_729' title='bbox 2524 5529 2802 5601; x_wconf 71' lang='lat' dir='ltr'><strong>Videndae</strong></span> <span class='ocrx_word' id='word_1_730' title='bbox 2832 5530 3147 5601; x_wconf 77' lang='lat' dir='ltr'><strong>appetitus.</strong></span> 
     </span>
    </p>
   </div>
   <div class='ocr_carea' id='block_1_115' title="bbox 2323 5600 3012 5675">
    <p class='ocr_par' dir='ltr' id='par_1_115' title="bbox 2323 5600 3012 5675">
     <span class='ocr_line' id='line_1_120' title="bbox 2323 5600 3012 5675; baseline 0.003 -20"><span class='ocrx_word' id='word_1_731' title='bbox 2323 5601 2470 5673; x_wconf 80' lang='grc'>(379)</span> <span class='ocrx_word' id='word_1_732' title='bbox 2508 5600 2571 5656; x_wconf 80' lang='lat' dir='ltr'><strong>In</strong></span> <span class='ocrx_word' id='word_1_733' title='bbox 2595 5600 2792 5675; x_wconf 82' lang='lat' dir='ltr'><strong>regali</strong></span> <span class='ocrx_word' id='word_1_734' title='bbox 2828 5600 3012 5658; x_wconf 77' lang='lat' dir='ltr'><strong>mere.</strong></span> 
     </span>
    </p>
   </div>
  </div>
