4090 6162
284 335 441 401 1205

1357 326 1761 391 HISTORIA
1803 324 2129 390 SICULA.
2167 360 2238 370 —
2287 324 2445 386 LIB.
2488 324 2591 387 IV.

3536 312 3695 379 1206

254 561 383 600 cum
416 542 570 596 idem
601 545 807 610 portus
840 538 1158 592 condensis
1181 537 1448 606 syrtibus
1469 535 1683 588 insitus
1702 535 1826 587 arto
1859 537 1915 585 et
1941 514 1974 571 λ
2024 543 2320 598 nunquam
2354 528 2521 580 antea
2557 524 2841 578 habuisse
2872 523 3265 595 dignoscitur,
3300 522 3371 575 ab
3413 520 3571 576 omni
3600 518 3690 575 Si-

247 632 585 703 periculoso
609 629 786 697 aditu,
822 629 936 681 nisi
961 644 990 679 a
1019 626 1223 697 peritis
1254 624 1449 677 nautis
1477 626 1809 687 attentetur,
1842 622 1912 674 ad

248 721 501 775 insulam
536 723 744 788 pateat,
782 718 1015 786 impune
1065 716 1418 783 scopulosas
1468 713 1654 765 undas
1698 711 1909 780 placito

247 815 419 879 portu
457 808 840 879 applicarent.
864 805 1155 859 Hostibus
1180 806 1374 873 itaque
1412 800 1712 855 frustratis
1746 815 1911 853 rece-

249 899 547 963 dentibus,
566 896 677 966 ipsi
700 910 989 964 prospero
1014 909 1275 963 aequore,
1300 893 1359 944 in
1389 908 1504 961 quo
1525 888 1916 959 disponebant

250 988 616 1057 applicantes
666 984 735 1036 ad
782 984 1051 1037 comitem
1092 981 1462 1051 perveniunt,
1512 979 1778 1033 ordinem
1811 992 1913 1029 ac-

253 1076 437 1130 tionis
460 1090 587 1129 suaa
609 1071 1145 1143 exponentes.Quis
1168 1070 1391 1123 dubitet
1408 1067 1747 1139 progeniem
1762 1066 1914 1119 hanc

252 1164 536 1219 divinitus
569 1161 820 1232 quadam
856 1159 1133 1214 felicitate
1165 1158 1514 1225 denotatam,
1539 1172 1671 1210 cum
1694 1157 1754 1209 in
1784 1154 1913 1208 suis

248 1251 600 1306 utilitatibus
633 1250 729 1303 ubi
875 1251 1044 1319 putes
1079 1248 1267 1301 fuisse
1319 1247 1631 1300 narrantur
1674 1247 1756 1297 tot
1796 1242 1914 1297 feli-

251 1341 424 1395 cibus
459 1338 871 1405 successibus,
908 1336 1139 1390 fortuna
1170 1336 1341 1389 ctiain
1374 1334 1433 1388 in
1455 1334 1584 1387 suis
1615 1332 1910 1398 fidelibus,

250 1429 347 1484 ubi
410 1444 519 1481 sua
569 1427 802 1496 negotia
856 1424 1332 1494 exsequebatur,
1405 1423 1670 1477 defuisse
1738 1435 1913 1489 passa

248 1534 367 1571 non
417 1516 543 1569 sit?
577 1515 663 1568 Ad
710 1514 1166 1568 nominationem
1210 1512 1749 1588 quippe'gratiosaa
1792 1511 1915 1565 for-

248 1611 405 1660 tuna:
442 1620 647 1658 eorum
679 1603 851 1658 navis
882 1602 1011 1656 haec
1034 1605 1232 1670 erepta
1255 1606 1346 1655 est
1372 1602 1445 1655 ab
1475 1601 1915 1672 impugnatione

249 1694 530 1748 hostium.

841 1780 1092 1835 CAPUT
1123 1781 1330 1834 XXVI.

251 1872 463 1926 Comes
479 1870 731 1941 Capuam
746 1868 1123 1943 obsidetcum
1137 1870 1282 1943 duce
1300 1868 1557 1940 Rogcrio
1571 1866 1916 1939 etprincipe
1948 1888 1989 1943 β

950 1941 1230 1995 Ricardo.

317 2030 533 2085 Comes
583 2045 747 2101 ergo,
791 2032 970 2085 totius
1021 2030 1325 2100 progeniei
1376 2045 1501 2083 suae
1533 2031 1914 2093 sustentator,

250 2120 399 2172 citra
433 2120 676 2173 Romam
723 2135 937 2173 versus
969 2118 1247 2179 Siciliam,
1283 2118 1458 2171 sicuti
1491 2118 1673 2169 maria
1702 2116 1774 2168 ab
1809 2131 1919 2168 un-

249 2208 427 2278 dique
463 2208 1104 2278 cingunt,abundantia
1126 2223 1330 2260 rerum
1379 2211 1433 2260 et
1466 2205 1751 2259 industria
1798 2203 1919 2257 cal-

250 2296 428 2349 lentis
453 2296 739 2364 sapicntis
764 2296 995 2350 consilii
1022 2296 1413 2365 praecellebat,
1439 2294 1592 2348 unde
1626 2298 1679 2347 et
1712 2309 1917 2347 omnes

250 2400 358 2437 sua
386 2386 622 2454 negotia
645 2384 713 2437 ad
734 2384 926 2453 ipsum
953 2383 1354 2451 conferebant,
1379 2388 1440 2436 ut
1458 2398 1565 2435 sua
1587 2382 1912 2451 prudentia,

252 2477 313 2527 ut
347 2472 572 2528 ferrum
623 2476 752 2526 cote
783 2490 811 2525 a
858 2474 1070 2527 comite
1111 2475 1413 2541 resumpto
1446 2472 1517 2524 ad
1560 2486 1666 2523 sua
1713 2470 1915 2538 dispo-

251 2562 449 2615 nenda
501 2562 848 2631 prudentius
895 2562 1191 2627 rallerent,
1244 2566 1298 2614 et
1343 2560 1496 2631 ejus,
1531 2559 1630 2613 ubi
1667 2573 1916 2632 necesse

250 2650 425 2718 foret,
450 2651 670 2704 auxilio
702 2652 1047 2720 potirentur.
1083 2652 1262 2704 Porro
1299 2651 1426 2719 ipse
1459 2663 1686 2713 omnes,
1721 2662 1919 2717 quem-

250 2739 566 2792 admodum
603 2739 817 2810 gallina
852 2740 1043 2808 pullos
1076 2739 1187 2792 sub
1221 2740 1364 2805 alas,
1400 2738 1604 2809 clypeo
1637 2752 1762 2789 sua:
1796 2751 1923 2803 pro-

251 2827 529 2880 tectionis
561 2830 614 2881 et
649 2828 882 2881 consilii
928 2828 1159 2895 fovens,
1198 2830 1256 2881 ut
1284 2830 1418 2897 pius
1455 2832 1739 2897 patronus
1774 2846 1835 2883 re
1867 2816 1925 2885 et

252 2916 527 2979 consilio,
560 2920 731 2985 prout
765 2921 1011 2986 poterat,
1034 2917 1308 2971 omnibus
1333 2917 1567 2971 omnino
1591 2918 1922 2976 defavebat.

255 3004 427 3057 Unde
448 3005 659 3058 accidit
682 3010 741 3058 ut
768 3005 1057 3059 Ricardus
1073 3004 1618 3075 juvenis,-Iordanis
1638 3009 1924 3079 principis

251 3094 437 3160 illius,
458 3093 734 3163 princeps
759 3096 815 3147 et
837 3095 963 3163 ipse
990 3096 1235 3148 Aversa;
1254 3094 1529 3149 defuncto
1554 3101 1715 3165 patre
1738 3097 1923 3151 orbus

248 3182 514 3252 pusillus
534 3187 864 3252 superstes,
892 3183 1097 3236 fraude
1122 3183 1649 3254 Longobardorum
1670 3185 1813 3239 urbe
1827 3183 1927 3239 Ca-

254 3286 450 3340 puana
485 3270 705 3340 injuste
727 3270 1073 3341 jamdudum
1106 3272 1390 3341 privatus,
1427 3288 1556 3325 cum
1583 3272 1707 3343 jam
1739 3273 1809 3327 ad
1843 3275 1925 3327 in-

253 3359 629 3428 telligibilem
657 3362 887 3413 aetatem
920 3360 1312 3430 pervenisset,
1352 3361 1623 3414 damnum
1653 3362 1766 3415 sibi
1802 3362 1927 3415 illa-

256 3452 383 3500 tum
417 3447 650 3516 videns,
706 3451 760 3501 et
792 3448 1020 3517 dolens,
1056 3464 1121 3501 ac
1157 3450 1226 3503 de
1277 3450 1615 3503 auctoribus
1648 3451 1926 3505 ultionem

255 3539 463 3606 petere
494 3536 840 3606 disponens,
874 3538 944 3591 ad
978 3538 1093 3591 sibi
1117 3536 1625 3609 consanguineum
1655 3540 1926 3595 comitem

257 3624 586 3694 prudentes
619 3626 780 3679 viros
812 3626 1061 3696 supplex
1082 3626 1371 3693 illorsum,
1408 3630 1467 3679 ut
1498 3627 1611 3681 sibi
1646 3629 1927 3683 auxilium

257 3715 493 3767 laturus
537 3713 870 3768 accelerare
918 3731 1035 3769 non
1081 3714 1311 3769 differat
1357 3732 1487 3769 cum
1525 3717 1769 3770 servitio
1816 3732 1925 3772 suo

259 3803 394 3856 vice
414 3804 980 3872 recompensationis
1003 3804 1326 3873 Neapolim,
1353 3821 1485 3874 quae
1512 3805 1625 3859 sibi
1657 3805 1926 3860 similiter

260 3890 694 3957 recalcitrabat,
730 3892 781 3944 si
812 3892 1138 3962 praevalere
1166 3897 1390 3962 posset,
1425 3894 1919 3949 tiducialitercon-

262 3979 508 4033 cedens.
560 3980 708 4048 Dux,
745 3985 802 4034 ut
846 3982 945 4051 qui
982 3982 1131 4049 parti
1168 3982 1595 4053 consanguinei
1639 3983 1919 4052 principis

264 4068 522 4135 favebat,
558 4084 674 4122 non
724 4069 915 4123 viliori
947 4069 1141 4141 legato
1190 4086 1363 4140 quam
1413 4071 1637 4125 laterali
1668 4071 1923 4145 conjuge

265 4155 473 4223 Adala,
499 4156 772 4211 videlicet
790 4159 1150 4212 marchionis
1172 4159 1557 4214 Flandrensis
1583 4160 1694 4213 tilia
1710 4176 1781 4215 ne
1797 4177 1925 4215 cum

264 4245 534 4298 exercitu
553 4245 753 4299 venire
775 4246 1022 4313 differat,
1058 4263 1126 4301 ac
1150 4248 1385 4302 sibimet
1408 4249 1685 4302 auxilium
1705 4249 1930 4304 laturus

268 4349 647 4409 summopere
671 4334 892 4388 invitat.
914 4336 1220 4404 Princeps,
1248 4353 1427 4390 causa
1457 4338 1654 4390 auxilii
1677 4338 1832 4408 quod
1859 4339 1931 4393 ab

268 4422 404 4489 ipso
428 4422 722 4490 sperabat,
750 4423 922 4477 homo
942 4423 1112 4477 ducis
1134 4425 1326 4478 factus
1364 4425 1581 4494 fuerat;
1602 4427 1758 4496 quod
1781 4443 1933 4480 nun-

267 4525 448 4579 quam
479 4510 865 4580 Guiscardus,
901 4528 1033 4566 cum
1059 4514 1366 4567 multarum
1400 4514 1607 4567 artium
1643 4518 1698 4568 et
1723 4515 1935 4569 virium

2025 618 2154 670 cilia
2188 621 2243 670 et
2277 615 2543 669 Calabria
2580 614 2712 666 forti
2752 613 2995 681 imperio
3020 612 3268 665 conﬂato
3295 610 3461 679 (380),
3501 610 3689 679 prima

2031 704 2394 760 hebdomade
2452 702 2696 771 Aprilis,
2744 700 3002 754 secunda
3047 714 3189 768 pace
3234 699 3380 766 (381)
3430 699 3689 752 Pharum

2027 795 2344 860 transiens,
2394 793 2665 845 illorsum
2695 790 3004 855 accelerat,
3053 788 3156 840 sed
3188 788 3246 840 in
3280 791 3445 855 prato
3491 787 3688 840 Marco

2026 883 2451 953 aliquantisper
2495 882 2909 947 commoratus,
2958 877 3280 931 exercitum
3328 876 3472 944 (382)
3509 875 3688 928 maris

2029 971 2515 1036 transmeatione,
2568 973 2625 1023 et
2682 972 2844 1021 arcto
2905 966 3358 1035 scopulosorum
3410 964 3690 1017 montium

2027 1060 2276 1114 transitu
2314 1060 2635 1112 tardantem
2666 1056 2835 1125 (383),
2879 1056 3013 1109 dum
3047 1055 3242 1109 veniat
3293 1052 3565 1120 sustinet,
3599 1052 3692 1104 vi-

2029 1149 2179 1203 dens
2202 1148 2351 1218 juga
2391 1145 2538 1215 (384)
2570 1147 2851 1199 montium
2892 1144 3179 1197 Calabri'e
3223 1141 3512 1213 gregibus
3543 1139 3691 1209 (385)

2026 1240 2424 1291 armentorum
2457 1238 2513 1289 et
2554 1249 2831 1303 pecorum
2866 1231 3012 1302 (386,
3047 1232 3152 1285 sed
3182 1235 3238 1285 et
3270 1245 3599 1300 caprarum,
3634 1229 3691 1281 in

2027 1341 2175 1379 usus
2207 1325 2686 1392 Sarracenorum,
2721 1338 2970 1392 quorum
3005 1320 3258 1375 maxima
3289 1334 3427 1389 pars
3459 1318 3692 1372 exerci-

2027 1415 2108 1468 tui
2141 1412 2289 1483 (387)
2322 1414 2618 1480 intererat,
2661 1410 2956 1480 occupari,
2991 1414 3050 1463 ut
3077 1410 3284 1462 merito
3324 1423 3357 1460 a
3379 1406 3690 1460 collatione

2028 1504 2240 1558 similis
2273 1501 2626 1573 argumenti,
2661 1515 2913 1571 gregum
2954 1499 3175 1567 Laban,
3214 1500 3269 1552 et
3300 1496 3483 1551 Jacob
3515 1494 3688 1565 (388),

2029 1592 2083 1646 si
2113 1592 2394 1663 legisses,
2443 1590 2535 1644 vel
2582 1593 2743 1643 certo
2793 1586 2941 1656 (389)
2974 1587 3297 1654 deferente,
3346 1585 3687 1653 didicisses,

2026 1680 2329 1735 recordari
2365 1683 2603 1749 poteras
2628 1675 2795 1745 (390).
2831 1676 3204 1746 Congregato
3237 1675 3519 1739 exercitu,
3556 1673 3691 1742 quis

2027 1773 2386 1823 armatorum
2418 1767 2596 1820 millia
2627 1769 2951 1830 enumerat,
2988 1780 3119 1817 cum
3154 1764 3281 1832 ipsa
3322 1762 3568 1816 tentoria
3598 1761 3691 1814 bi-

2027 1859 2247 1913 tumine
2269 1857 2499 1927 palliata
2518 1858 2616 1908 vix
2640 1855 2757 1908 ullo
2783 1869 3026 1907 numero
3052 1851 3322 1905 concludi
3346 1851 3692 1920 potuerunt?

2028 1949 2169 2002 Tam
2213 1961 2498 2015 pomposo
2530 1944 2664 2014 plus
2696 1943 2870 1996 solito
2922 1942 3186 1995 exercitu
3216 1955 3415 1994 comes
3465 1939 3691 2007 Apulos

2030 2038 2181 2090 ﬁnes
2213 2035 2409 2088 visum
2440 2033 2705 2101 intendit,
2742 2031 2993 2084 maxime
3015 2030 3151 2100 quia
3183 2028 3354 2098 Apuli
3377 2026 3696 2097 expeditio-

2030 2125 2207 2178 nibus
2255 2124 2451 2194 aliquo
2499 2136 2786 2176 annorum
2838 2119 3134 2173 curriculo
3184 2117 3434 2185 desueti,
3478 2130 3696 2185 corpus

2030 2214 2209 2267 nullis
2241 2212 2433 2283 plagis
2468 2215 2522 2265 et
2567 2209 2808 2263 diutinis
2843 2206 3149 2261 laboribus
3199 2205 3518 2277 fatigando,
3554 2205 3696 2273 quin

2031 2302 2376 2369 recreando,
2411 2299 2526 2353 sibi
2558 2299 2751 2368 potius
2806 2297 3112 2366 indulgere
3157 2310 3333 2364 quam
3381 2291 3698 2361 expeditio-

2034 2391 2211 2444 nibus
2243 2391 2449 2443 iterum
2494 2384 2937 2440 asssuescendo
2987 2382 3263 2436 insudare
3317 2382 3695 2448 nitebantur;

2033 2480 2188 2533 unde
2219 2481 2274 2531 et
2306 2478 2496 2546 ipsum
2527 2476 2756 2543 ducem,
2790 2472 2962 2543 quasi
2989 2470 3274 2541 principis
3304 2468 3697 2539 praesentiali-

2033 2572 2122 2622 ter
2150 2565 2367 2620 auxilio
2399 2564 2740 2617 destitutum
2790 2562 2984 2614 minus
3016 2559 3390 2625 verebantur,
3438 2557 3541 2611 sed
3591 2571 3698 2625 per

2039 2659 2164 2710 loca
2194 2654 2485 2708 adversus
2509 2668 2640 2707 eum
2670 2650 3055 2722 insurgendo,
3081 2649 3138 2701 in
3171 2646 3542 2702 insolentiam
3561 2660 3697 2715 pro-

2036 2747 2375 2813 rumpentes
2406 2741 2541 2811 ejus
2577 2740 2754 2811 jussa
2804 2739 2998 2792 minus
3030 2736 3529 2806 exsequebantur.
3568 2734 3697 2788 Dux

2036 2848 2270 2904 quoque
2301 2831 2479 2885 simili
2510 2830 2880 2900 argumento,
2911 2827 2981 2881 de
3012 2825 3147 2896 ejus
3178 2840 3395 2879 versus
3427 2822 3697 2893 Apuliam

2035 2919 2802 2991 expeditionaliteradventu
2819 2918 3012 2970 minus
3028 2915 3702 2982 credulusmamcupien-

2035 3011 2074 3065 ti
2090 3009 2233 3063 nihil
2250 3009 2396 3062 satis
2412 3007 2802 3075 festinatur,ut
2816 3006 3078 3074 seipsum
3094 3002 3499 3057 submovendo
3514 3003 3701 3055 extra-

2037 3100 2371 3155 hat»versus
2385 3096 2715 3151 Calabriam
2729 3094 2991 3148 accelera
3004 3093 3276 3146 t.Versus
3292 3090 3559 3159 Apuliam
3574 3102 3701 3158 pro-

1984 3249 1994 3258 .
2038 3186 2327 3241 ﬁciscenti
2346 3184 2494 3254 apud
2513 3180 2931 3253 Liscumjuxta
2949 3183 3208 3233 castrum
3223 3178 3401 3232 Oriol‘i
3417 3175 3697 3245 occurrit,

2039 3275 2403 3344 multumque
2434 3272 2505 3326 ad
2538 3274 2787 3325 invicem
2835 3270 3033 3338 laetati,
3069 3270 3184 3321 dux
3218 3268 3453 3338 quidem
3484 3280 3699 3319 versus

2039 3363 2274 3417 Melfam
2321 3362 2642 3415 exercitum
2675 3358 3082 3413 submovendo
3118 3356 3444 3420 accelerat;
3497 3368 3699 3408 comes

2039 3456 2231 3506 autem
2251 3466 2323 3505 ne
2339 3465 2558 3521 greges
2578 3450 2669 3502 sui
2693 3449 3031 3515 deficerent,
3050 3445 3492 3500 iterconticiens
3513 3443 3702 3497 Bene-

2038 3544 2273 3596 ventum
2303 3540 2483 3607 venit,
2521 3538 2718 3607 ibique
2748 3538 2808 3590 in
2836 3536 3070 3606 planitie
3109 3550 3290 3602 super
3316 3532 3577 3587 fluminis
3608 3530 3694 3584 ri-

2037 3646 2171 3700 pam
2205 3628 2439 3696 Calorii,
2482 3627 2551 3680 ad
2574 3631 2806 3696 pontem
2839 3624 2899 3679 S.
2936 3623 3225 3678 Valentini
3249 3623 3699 3676 castrametatus

2041 3722 2152 3773 est.
2188 3716 2586 3771 Beneventani
2630 3718 2821 3769 autem
2873 3712 3006 3783 ejus
3064 3713 3378 3766 adventum
3424 3708 3703 3779 pertime-

2042 3810 2300 3873 scentes,
2326 3820 2529 3874 pacem
2552 3803 2998 3873 expostulantes
3014 3800 3137 3871 jam
3151 3801 3342 3854 triduo
3357 3800 3701 3854 occurrunt.

2042 3896 2256 3949 Comes
2288 3898 2480 3946 autem
2523 3893 2723 3945 sciens
2756 3891 2958 3945 urbem
2984 3890 3108 3959 juri
3139 3888 3448 3959 apostolici
3479 3884 3705 3941 Urbani

2043 3985 2099 4037 et
2131 3985 2351 4035 sanctae
2386 3982 2667 4034 Romanis
2696 3978 2982 4031 Ecclesiae
3014 3980 3370 4046 competere,
3404 3973 3704 4044 susceptis

2043 4070 2202 4124 mille
2234 4068 2576 4139 quingentis
2607 4067 2804 4120 aureis
2839 4070 2895 4120 et
2926 4081 3035 4118 sex
3055 4064 3463 4117 ambulatoriis
3485 4062 3620 4117 urbi
3650 4065 3709 4115 et

2044 4158 2347 4212 messibus
2371 4156 2500 4209 suis
2520 4155 2876 4223 parcendum
2896 4154 3118 4217 indicit,
3138 4153 3389 4222 indeque
3411 4154 3709 4219 pertrans-

2045 4247 2175 4302 ieus
2224 4261 2408 4314 super
2453 4243 2695 4297 fluvium
2746 4243 2902 4312 quod
2936 4241 3256 4295 Sabbatum
3308 4239 3539 4305 dicitur,
3577 4242 3708 4290 ten-

2044 4336 2196 4391 toria
2219 4336 2411 4406 ﬁgens
2435 4334 2825 4386 Pentecostcn
2849 4328 3331 4397 celebravit.lpse
3361 4326 3596 4397 quidem
3618 4325 3707 4378 le-

2048 4429 2218 4497 gatos
2251 4422 2372 4493 jam
2392 4422 2615 4492 pridem
2635 4419 2929 4489 Capuanis
2962 4419 3247 4472 honestos
3270 4417 3433 4470 viros
3469 4413 3709 4484 ρι’ωωὶ-

2048 4515 2225 4582 serat,
2267 4509 2694 4565 submonendis
2718 4508 3002 4562 hortando
3036 4510 3097 4560 ut
3125 4507 3197 4559 ab
3230 4506 3423 4575 inepto
3452 4504 3709 4572 inempto

268 4600 455 4667 esset,
490 4614 521 4650 a
554 4598 813 4654 Jordano
837 4601 1120 4671 principe,
1154 4603 1425 4672 quamvis
1457 4602 1552 4656 hic
1584 4604 1933 4673 avunculus,
1960 4596 2006 4656 D
2048 4603 2425 4657 desisterent.
2469 4600 2545 4652 Se
2581 4598 2696 4651 illis
2737 4598 2814 4650 nil
2844 4596 2980 4650 mali
3010 4594 3229 4649 inferre
3258 4594 3430 4661 velle,
3464 4592 3571 4646 sed
3600 4606 3709 4661 po-

272 4686 370 4740 ille
398 4689 591 4740 autem
627 4703 834 4757 nepos,
871 4690 1099 4744 sororis
1131 4691 1404 4745 videlicet
1434 4692 1590 4745 filius
1624 4695 1805 4762 esset,
1845 4694 1939 4746 vel

274 4776 331 4827 vi
365 4776 457 4829 vel
503 4775 918 4832 blandimentis
949 4782 1300 4850 extorquere
1331 4782 1536 4850 potuit,
1572 4797 1703 4836 eum
1736 4782 1942 4852 saepis-

275 4864 427 4917 sime
457 4867 774 4920 attentatus
823 4867 1012 4922 fuerit.
1045 4869 1257 4923 Comes
1299 4872 1489 4924 autem
1533 4871 1743 4940 pietate
1795 4885 1938 4923 con-

276 4954 594 5024 sanguinei
626 4954 909 5025 principis
941 4960 996 5010 et
1027 4958 1223 5012 multis
1253 4958 1452 5013 verbis
1477 4959 1736 5013 ducissas
1770 4959 1886 5013 sibi
1908 4975 1942 5013 a

278 5039 429 5093 duce
460 5040 1077 5114 delegatae,legatione
1095 5045 1499 5115 deprecatoris
1529 5050 1584 5099 et
1616 5046 1937 5101 humilitate

276 5131 634 5198 exponentis
667 5131 899 5187 illectus
938 5136 993 5187 et
1025 5150 1378 5203 persuasus,
1410 5135 1673 5189 exercitu
1705 5137 1936 5206 qualem

352 5343 482 5409 (380
487 5370 502 5407 )
538 5343 850 5399 Constans.

353 5415 503 5481 (381)
538 5414 791 5473 Pascha.

358 5483 506 5554 (382)
535 5486 880 5543 Exercitus.

286 5555 507 5680 (“(13:23)
539 5558 618 5611 Et
648 5576 819 5616 arcos
843 5561 1163 5616 Consorum
1185 5562 1464 5617 montium
1489 5564 1804 5618 transitum
1828 5569 1947 5618 tar-

327 5644 486 5682 ante.

360 5698 511 5772 (384)
548 5699 754 5758 Videri
780 5719 960 5775 super
978 5704 1147 5776 juga,
1181 5706 1291 5759 etc.

2049 4692 2189 4758 tius,
2214 4690 2266 4743 si
2301 4705 2433 4742 cum
2465 4687 2728 4757 principe
2759 4684 2985 4755 suojus
3008 4683 3253 4754 exsequi
3271 4683 3472 4750 velint,
3508 4695 3711 4735 eorum

2049 4780 2200 4851 parti
2230 4794 2362 4832 cum
2381 4776 2612 4847 justitia
2641 4775 3299 4829 sustentatatutamento
3332 4786 3490 4824 esse.
3516 4770 3590 4822 At
3612 4769 3713 4823 ubi

2052 4869 2264 4940 legatis
2297 4865 2772 4938 regredientibus
2804 4879 2908 4917 eos
2941 4863 3021 4915 nil
3053 4860 3264 4928 moliri,
3299 4859 3405 4913 sed
3427 4859 3622 4929 potius
3654 4858 3715 4911 in

2052 4957 2268 5010 malitia
2303 4971 2408 5009 sua
2442 4955 2698 5024 superbe
2730 4952 3054 5022 persistere
3085 4951 3263 5016 audit,
3286 4948 3418 5002 inde
3451 4962 3714 5002 commo-

2053 5062 2203 5100 vens
2220 5046 2534 5114 Capuanos
2554 5044 2703 5096 fines
2720 5039 3128 5111 pervadit,quo
3142 5037 3399 5091 diluculo
3412 5052 3543 5091 cum
3557 5036 3715 5091 mille

2056 5134 2298 5189 armatis
2329 5133 2655 5188 exercitum
2694 5128 3044 5199 praecedens
3093 5127 3166 5181 ad
3213 5126 3419 5181 urbem
3466 5125 3695 5181 accedit

2128 5347 2276 5418 (385)
2310 5346 2561 5417 Greges.

2126 5416 2274 5487 (386)
2303 5416 2592 5472 Pacorum
2621 5416 2681 5469 in
2716 5428 2873 5468 usus.

2127 5490 2275 5559 (387)
2307 5489 2652 5559 Exercitus.

2126 5557 2275 5629 (388)
2306 5560 2375 5614 1η
2411 5557 2613 5629 Jacob.

2127 5628 2276 5702 (389)
2311 5632 2492 5702 Certe
2523 5628 2735 5701 aliquo.

2129 5700 2276 5776 (390)
2306 5700 2639 5758 Potuisses.
