4074 6150
495 181 654 244 1207

931 181 1045 245 AD
1090 184 1523 250 GAUFREDI
1560 188 1983 253 MALATER.
2031 190 2242 256 MON.
2285 193 2590 261 BENED.
2625 199 3086 267 HISTORIAM
3127 205 3486 272 SICULAM

3734 221 3854 286 1208

495 381 797 435 extractos
840 381 1127 451 plurimos
1180 384 1513 441 militariter
1567 387 1832 477 dejectos
1873 389 2157 446 damnose
2183 372 2245 435 Α
2271 392 2433 448 tiant.
2485 395 2651 459 Quod
2707 400 2955 455 audiens
3012 404 3104 458 vir
3133 406 3505 479 apostolicus,
3539 415 3589 465 et
3615 414 3733 484 quia
3757 417 3854 475 haec

384 500 391 505 ι
492 468 835 539 ludiﬁcavit,
881 471 1216 543 multosque
1248 475 1497 544 amplius
1530 468 1809 546 laesisset,
1860 480 1921 532 ni
1961 480 2158 549 pulvis

493 572 802 627 equorum,
842 559 1096 629 pedibus
1133 562 1422 617 excitatus
1455 567 1511 618 et
1541 582 1571 618 a
1603 568 1777 620 vento
1812 568 2159 623 condensis-

494 645 642 699 sime
672 646 929 717 agitatus
959 647 1423 705 intercessisset.
1459 651 1556 705 Sic
1590 655 1660 707 ad
1695 658 1887 709 castra
1922 672 2028 710 sua
2061 672 2159 710 re-

491 748 709 787 versus
741 733 799 786 in
840 737 1163 790 crastinum
1194 753 1327 791 cum
1358 742 1476 794 toto
1508 743 1790 811 exercitu,
1818 745 1949 798 urbi
1978 761 2045 799 se
2073 746 2160 799 vi-

493 821 776 876 ciniorem
819 822 1155 894 conferens,
1204 841 1236 878 a
1268 827 1588 883 meridiana
1629 830 1803 902 plaga
1845 832 2155 889 obsidione

490 909 785 980 vallando,
839 926 872 963 a
902 912 1026 981 ripa
1084 914 1353 969 orientali
1400 932 1591 988 usque
1625 918 1683 972 in
1732 922 2156 977 occidentalem

493 998 697 1069 cingit.
721 998 850 1053 Dux
869 1001 1062 1054 autem
1085 1005 1140 1055 et
1160 1004 1457 1075 princeps,
1487 1023 1618 1060 cum
1646 1024 1756 1062 suo
1791 1011 2054 1065 exercitu
2086 1013 2157 1065 ab

493 1086 826 1156 aquilonari
855 1091 1018 1157 parte
1054 1089 1418 1163 obsidentes,
1465 1096 1671 1150 urbem
1721 1098 1967 1152 tendunt
1994 1115 2159 1168 prae-

490 1174 751 1244 gravari.
785 1175 969 1229 Porro
1002 1192 1222 1247 comes,
1266 1180 1442 1251 cujus
1475 1184 1722 1238 consilio
1757 1200 1963 1240 omnes
1995 1188 2160 1241 ince-

489 1261 724 1331 debant,
750 1263 885 1332 quia
907 1264 1234 1333 sollicitior,
1257 1269 1394 1339 quia
1414 1271 1760 1340 prudentior
1788 1273 1848 1327 in
1883 1276 2158 1330 omnibus

424 1356 429 1361 '
492 1350 743 1421 agendis
773 1351 1043 1422 vigilanti
1089 1371 1233 1409 cura
1262 1361 1404 1426 erat,
1439 1364 1676 1429 pontem
1714 1377 1785 1416 ex
1820 1362 2006 1434 lignis
2038 1364 2158 1418 eri-

489 1453 662 1510 gens,
694 1438 773 1493 ita
789 1443 953 1493 trans
976 1442 1193 1498 ﬂumen
1224 1446 1518 1500 ordinavit
1536 1452 1597 1502 ut
1627 1466 1738 1504 suo
1762 1452 2068 1521 exercitui,
2103 1455 2160 1507 et

489 1526 682 1597 ducis,
714 1526 903 1583 libero
934 1530 1092 1585 aditu
1124 1536 1378 1604 patente,
1407 1535 1572 1591 ﬁeret
1599 1539 1902 1593 transitus.
1936 1539 2153 1611 Sicque

485 1617 632 1670 urbs
663 1616 735 1671 ab
754 1620 1003 1689 utroque
1026 1623 1288 1676 exercitu
1312 1623 1370 1677 in
1388 1626 1611 1680 tantum
1632 1642 1924 1697 oppressa
1947 1632 2059 1699 est,
2092 1633 2155 1684 ut

486 1704 648 1759 nulla
679 1722 754 1759 ex
792 1711 975 1778 parte,
1025 1709 1187 1763 arida
1229 1712 1323 1766 vel
1356 1712 1601 1784 liquida,
1648 1717 1998 1787 cgrediendi
2030 1721 2154 1773 tuto

487 1794 582 1847 vel
633 1793 1005 1866 ingrediendi
1056 1797 1250 1853 aditus
1290 1803 1555 1869 pateret;
1603 1804 1733 1873 ipse
1765 1809 1957 1860 autem
1994 1807 2152 1860 omni

488 1880 747 1937 diluculo
768 1886 901 1937 ante
918 1884 1111 1938 lucem
1146 1902 1428 1959 surgens,
1460 1894 1773 1964 utrumque
1804 1895 2147 1965 exercitum,
2182 1907 2236 1971 Β

486 1973 723 2039 pontem
754 1973 1118 2027 transeundo
1148 1974 1440 2047 invisens,
1488 1983 1685 2035 utrum
1721 1982 1919 2036 attenti
1950 1987 2153 2038 essent

487 2057 563 2110 ad
583 2057 866 2113 excubias
888 2060 1084 2114 visum
1106 2062 1244 2133 ibat,
1271 2065 1599 2138 ducemque
1624 2073 1680 2123 et
1695 2070 2024 2141 principem
2047 2072 2152 2126 ad-

488 2146 604 2201 huc
638 2161 847 2201 somno
878 2164 1206 2219 oppressos
1233 2152 1567 2227 inveniens,
1593 2158 1846 2213 ludibrio
1877 2160 2150 2215 habebat.

487 2235 675 2290 Porro
688 2234 804 2305 ipsi
819 2238 1035 2292 rubore
1049 2240 1736 2317 perfundebantur,quod
1746 2247 2002 2318 juvenes
2016 2250 2150 2319 ipsi,

486 2326 546 2380 et
571 2325 645 2378 ad
673 2340 827 2396 quos
848 2327 1208 2396 peculiarius
1239 2333 1541 2403 negotium
1574 2335 1873 2406 attinebat,
1909 2338 2152 2409 segnio-

485 2427 590 2468 res
617 2412 831 2484 forent,
858 2416 1090 2486 comite,
1131 2421 1523 2487 provectioris
1557 2424 1768 2494 aatatis,
1794 2428 1850 2479 et
1881 2426 2150 2496 corporis

484 2501 796 2573 plagarum
823 2504 1210 2578 laborumque
1236 2510 1574 2579 asperitatis
1607 2513 1736 2567 viro
1779 2514 2152 2585 vigilantiore

486 2590 797 2645 existente.
837 2592 987 2647 Nam
1017 2598 1073 2648 et
1104 2596 1176 2650 ab
1208 2598 1365 2651 omni
1397 2600 1661 2654 exercitu
1682 2600 1818 2672 ejus
1850 2602 2152 2674 vigilantia

488 2677 858 2734 admirationi
893 2685 1037 2753 erat,
1073 2699 1397 2756 omnesque
1428 2689 1489 2742 in
1518 2688 1652 2759 ejus
1690 2691 1961 2761 exemplo
1992 2692 2151 2764 vigi-

486 2767 768 2823 lantiores
787 2770 1363 2844 reddebantur,anno
1384 2776 1706 2833 Dominicae
1724 2779 2151 2835 lncarnationis

480 2855 646 2926 1097,
670 2856 754 2912 ibi
784 2873 852 2912 se
881 2858 1293 2935 impraegnavit
1321 2865 1627 2921 comitissa
1656 2866 1934 2922 Adalasia
1950 2868 2023 2923 de
2045 2883 2149 2924 co-
2236 2904 2241 2907 -

485 2944 625 3001 mite
657 2945 937 3020 Rogerio.

1042 3039 1305 3107 CAPUT
1338 3043 1576 3099 XXVII.

491 3122 771 3181 Urbanus
790 3142 942 3199 papa
989 3128 1065 3184 ad
1091 3130 1543 3257 ipsosttfndens
1563 3149 1769 3205 paceni
1797 3149 2148 3207 componere

1192 3218 1254 3255 n1
1286 3220 1306 3257 ι
1341 3220 1430 3257 ur.

1192 3218 1430 3259 ιιιιιιωθ.

553 3285 826 3343 Cumista
843 3292 1274 3361 aguntur,papa
1294 3291 1963 3364 Urbanus,colloquium
1977 3295 2145 3350 ducis

479 3377 536 3429 et
567 3374 801 3430 comitis
831 3376 1201 3449 desiderans,
1244 3396 1276 3433 a
1320 3381 1508 3435 Roma
1536 3382 1954 3453 progrediens,
1990 3384 2145 3454 apud

2271 482 2344 536 ab
2377 483 2493 537 illis
2515 489 2876 558 exsequendi
2914 491 3308 550 internuntius
3358 497 3552 569 fuerat,
3582 482 3853 574 aliquantu-

2271 571 2390 624 lum
2420 574 2808 646 erubescens,
2844 580 3040 649 gladio
3082 583 3238 637 beati
3269 585 3421 641 Petri
3453 571 3853 651 animadvertetis

2270 660 2694 734 interminatur,
2729 669 2877 736 parti
2917 674 3255 726 nostrorum
3302 690 3376 729 ex
3418 680 3531 730 toto
3568 679 3782 738 favendo
3806 700 3854 739 se

2270 751 2531 820 contulit,
2581 757 2970 811 constantiam
3021 761 3253 816 comitis
3293 763 3352 817 in
3384 764 3551 819 fortia
3584 773 3855 825 exercenda

2268 839 2692 908 perplurimum
2731 842 2999 915 laudans,
3044 849 3345 921 vitamque
3400 852 3547 924 ejus-
3577 858 3716 910 omni
3750 875 3857 913 cura

2272 926 2473 982 Romae
2504 932 2558 983 et
2588 930 2768 986 Italiae
2798 938 3305 1003 pernecessariam
3336 956 3626 998 asserens.
3654 946 3778 1000 Nam
3800 949 3855 1001 ti-

2269 1031 2397 1069 mor
2417 1016 2554 1088 ejus
2572 1020 2774 1088 plures
2797 1023 2867 1075 ab
2892 1023 3203 1080 insolentia
3221 1027 3530 1099 plusquam
3550 1033 3696 1087 zelus
3715 1035 3852 1089 hone-

2270 1106 2441 1158 statis
2458 1108 3280 1181 compescebat.Apostolicus
3295 1117 3486 1188 itaque
3499 1120 3857 1177 ecclesiasticis

2268 1193 2865 1267 negotiis-,plusquam
2883 1201 3415 1269 cxpeditionalibus
3439 1208 3861 1265 exercitiisinten-

2266 1280 2384 1349 tus,
2401 1283 2678 1337 totalibus
2700 1286 3045 1343 tumultibus
3068 1294 3260 1346 mente
3278 1293 3600 1364 declinatis,
3621 1297 3859 1353 histribus

2265 1369 2657 1440 principibus,
2680 1373 2787 1427 sed
2817 1377 2874 1428 et
2901 1378 3056 1431 omni
3092 1382 3379 1436 exercitui
3401 1387 3701 1454 apostolica
3726 1388 3860 1442 bene-

2266 1456 2519 1513 dictione
2550 1476 2860 1532 conc_cssa,
2900 1465 3297 1524 Beneventum
3332 1473 3601 1528 secessit.

2820 1570 3073 1627 CAPUT
3103 1574 3372 1632 XXVIII.

2269 1669 2462 1741 Capua
2511 1675 2770 1744 capitur,
2824 1683 2884 1732 et
2924 1680 3191 1752 principi
3229 1683 3494 1740 Ricardo
3554 1687 3855 1742 restituitur.

2337 1758 2551 1816 Comes
2580 1766 2774 1818 autem
2806 1782 2940 1821 cum
2971 1769 3119 1825 duce
3149 1774 3206 1826 et
3237 1774 3505 1845 principe
3533 1775 3591 1830 in
3618 1792 3857 1847 oppugna-

2264 1847 2423 1903 tione
2457 1850 2624 1906 urbis
2652 1856 3043 1911 attentissime
3073 1861 3430 1929 persistens,
3464 1865 3862 1919 machinamenta

2266 1936 2337 1990 ad
2382 1938 2593 1993 urbem
2638 1942 2984 2012 capiendam
3025 1948 3523 2006 artiﬁciosissime
3567 1957 3755 2023 aptant.
3781 1954 3862 2005 lla-

2262 2028 2436 2095 puani
2456 2030 2644 2097 primo
2664 2031 2921 2088 ludibrio
2944 2035 3185 2105 habere,
3213 2043 3609 2111 contemnere,
3635 2042 3699 2096 ad
3716 2042 3865 2097 defenv

2263 2114 2490 2171 sionem
2514 2134 2652 2174 sese
2672 2120 2745 2173 ad
2768 2121 3019 2177 invicem
3042 2125 3343 2181 cohortari
3368 2147 3383 2193 ;
3420 2129 3554 2184 duci
3584 2134 3768 2195 tamen,
3794 2132 3861 2185 vel

2262 2206 2456 2259 comiti
2492 2222 2580 2276 se,
2604 2208 2658 2260 si
2683 2209 2986 2266 retinendo
3018 2214 3284 2284 recipere
3312 2218 3516 2287 velint,
3554 2218 3740 2273 urbem
3757 2218 3861 2272 red-

2261 2292 2401 2349 dere
2417 2298 2717 2351 attentant.
2741 2297 2857 2352 Sed
2881 2300 3239 2356 nobilissimi
3271 2306 3575 2377 principes
3594 2307 3727 2361 hanc
3745 2307 3863 2361 frau-

2259 2381 2393 2438 dem
2414 2383 2531 2438 sibi
2548 2385 2884 2441 nullatenus
2907 2405 3216 2446 assumere
3240 2393 3650 2463 volcntes,nisi
3668 2400 3722 2449 ut
3737 2396 3860 2465 prin-

2260 2470 2374 2541 cipi
2403 2472 2744 2543 reddantur,
2779 2478 3163 2548 acquiescere
3193 2483 3362 2551 passi
3383 2499 3503 2538 non
3533 2488 3678 2538 sunt.
3708 2487 3769 2538 At
3790 2484 3866 2538 ubi

2258 2558 2515 2629 Capuani
2548 2563 3017 2621 machinamenta
3045 2574 3323 2638 apparata
3344 2587 3568 2627 versus
3585 2573 3768 2627 urbem
3790 2589 3863 2643 apo

2257 2649 2530 2719 propiare
2547 2651 2908 2724 vident,qua3
2930 2656 3096 2726 prius
3120 2658 3381 2715 ludibrio
3405 2660 3865 2717 babebantexhor-

2236 2742 2586 2808 ,rescentes,
2627 2741 2921 2799 deditione
2951 2746 3121 2801 urbis
3170 2763 3329 2818 sese,
3368 2751 3618 2805 consilio
3658 2751 3861 2818 comitis,

2258 2828 2862 2902 committunt.Sicque
2884 2833 3014 2902 ipso
3036 2835 3357 2892 mediatore
3382 2840 3601 2909 usi,vix
3621 2857 3734 2896 suae
3747 2840 3865 2894 frauo

2256 2914 2349 2969 dis
2389 2916 2707 2987 impunitas
2757 2919 3120 2991 impetratur.
3167 2925 3433 2997 Principi
3464 2945 3568 2998 pro
3610 2929 3755 2983 libitu
3781 2942 3863 2981 suo

2256 3003 2402 3059 urbs
2432 3005 2704 3075 Capuana
2737 3010 3082 3067 restituitur.
3135 3013 3184 3067 Α
3214 3016 3487 3087 principe
3538 3017 3668 3072 duci
3707 3021 3756 3071 et
3788 3031 3864 3071 co-

2254 3093 2378 3147 miti
2409 3096 2616 3167 gratite
2646 3097 3006 3155 referuntur.
3043 3101 3171 3156 Dux
3201 3106 3260 3157 et
3286 3119 3497 3161 comes
3539 3107 3684 3176 apud
3710 3106 3864 3159 Saler-

2253 3198 2395 3237 num
2410 3183 2632 3252 pariter
2652 3185 3388 3263 digrediuntur.Princeps
3402 3195 3608 3250 urbem
3624 3210 3723 3250 suo
3737 3193 3862 3248 libita

2254 3272 2585 3344 vindicans,
2610 3274 2668 3328 in
2699 3274 2891 3330 altiori
2927 3279 3075 3332 turri
3105 3280 3544 3351 triumphaliter
3572 3284 3861 3354 hospitatur.

2829 3382 3081 3439 CAPUT
3113 3386 3327 3442 XXIX.

478 3461 864 3534 Capuam,ubi
878 3465 1296 3522 obsessionem
1314 3468 1797 3538 tenebant,venit;
1823 3485 2142 3543 comesque
2176 3454 2227 3516 C
2262 3466 2540 3522 Urbanus
2547 3484 2694 3541 papa
2707 3468 3063 3543 legationem
3082 3473 3310 3531 Siciliae
3323 3484 3387 3531 et
3414 3476 3869 3534 Calabritecomiti

479 3565 589 3605 sex
608 3552 856 3606 tentoria
870 3552 957 3606 illi
976 3553 1314 3610 deliberans
1328 3557 1400 3611 ad
1422 3557 2141 3631 hospitandum,sumptus

477 3639 859 3695 necessarios
879 3641 1385 3719 abundantissime
1404 3646 1779 3701 ministravit.
1810 3647 1991 3703 Porro
2014 3648 2142 3719 ipse

456 3726 678 3781 .sciens
698 3727 1018 3799 scriptum:
1044 3716 1223 3787 Beati
1256 3733 1446 3804 pedes
1474 3735 2012 3807 evangelizantium
2039 3754 2141 3809 pa-

478 3830 603 3870 cem
616 3815 893 3888 (Rom.x);
908 3819 1168 3875 etzBeati
1179 3820 1709 3894 paciﬁci,quoniam
1723 3823 1838 3879 lilii
1853 3825 1970 3880 Dei
1986 3841 2146 3880 voca~

475 3904 699 3959 buntur
740 3906 1172 3979 (Matth.v);et
1212 3911 1352 3965 alibi
1396 3912 1684 3983 scriptum
1729 3917 1822 3968 est
1858 3928 1871 3969 :
1923 3914 2141 3969 Pacem

474 3993 713 4065 babete,
758 4001 817 4051 et
844 3996 1006 4052 Deus
1028 3999 1198 4069 pacis
1230 4006 1288 4054 et
1316 3999 1659 4057 dilectionis
1685 4003 1805 4056 erit
1845 4003 2139 4058 vobiscum

474 4081 564 4152 (Il
590 4082 724 4138 Cor.
761 4085 902 4154 xm),
944 4088 1001 4140 et
1038 4087 1288 4143 maxime
1311 4088 1448 4160 quia
1478 4090 1726 4160 sciebat,
1761 4091 1941 4146 totius
1970 4090 2141 4145 Chri-

475 4171 790 4228 stianitatis
808 4189 1008 4229 curam
1031 4192 1158 4231 suae
1178 4178 1506 4246 provisioni
1522 4179 1872 4251 delegatum,
1900 4179 1972 4233 de
1995 4196 2137 4249 pace

470 4261 626 4317 inter
652 4262 820 4333 ipsos
860 4265 1235 4320 reformanda
1266 4267 1455 4336 primo
1488 4269 1718 4339 ducem,
1753 4272 1809 4322 et
1841 4269 2136 4339 comitem,

470 4351 915 4423 principemque
948 4354 1166 4422 pariter
1197 4357 1558 4411 conveniens
1605 4359 1893 4412 attentare
1943 4359 2134 4427 caepit.

469 4439 580 4504 Qui
613 4440 863 4495 consilio
910 4442 1143 4497 comitis
1174 4445 1447 4514 prudenti
1491 4446 1885 4515 responsione
1917 4448 2031 4516 usi,
2077 4449 2136 4501 in

468 4529 788 4598 praesentia
809 4531 1315 4602 apostolici,copia
1344 4533 1500 4588 beati
1526 4534 1688 4588 Petri
1721 4534 1921 4588 dicunt
1940 4550 2008 4589 sc
2030 4534 2133 4606 jus

467 4617 698 4686 inire,si
717 4616 1055 4688 aCapuanis
1076 4620 1201 4690 pari
1218 4622 1564 4676 discrimine
1577 4622 1733 4676 idem
1751 4627 2130 4693 exsequatur,

469 4706 819 4761 concedunt.
874 4707 1025 4778 Papa
1066 4708 1219 4762 infra
1264 4709 1472 4763 urbem
1519 4711 1674 4765 idem
1718 4711 1790 4766 de
1838 4711 2131 4782 Capuanis

464 4795 749 4850 rescitum
798 4796 1042 4865 vadens,
1075 4797 1211 4852 dum
1244 4798 1316 4852 ab
1339 4800 1605 4869 utrisque
1634 4800 1905 4870 partibus
1928 4815 2133 4855 conce-

2942 3546 3233 3601 concedit.

2325 3644 2501 3715 Papa,
2532 3647 2741 3702 urbem
2779 3649 3065 3704 redditam
3097 3654 3153 3706 et
3192 3669 3401 3722 pacem
3448 3657 3600 3710 inter
3626 3656 3771 3725 ipsos
3802 3652 3861 3707 fa-

2250 3735 2403 3788 ctam
2424 3735 2691 3805 audiens,
2716 3739 2772 3791 et
2813 3738 3029 3808 gaudet
3050 3740 3123 3794 de
3143 3740 3351 3797 fraude
3391 3759 3722 3814 compressa
3745 3745 3792 3796 et
3809 3741 3861 3795 de

2247 3837 2391 3891 pace
2414 3822 2718 3893 confecta;
2751 3826 2857 3880 sed
2886 3828 3023 3896 quia
3053 3828 3262 3883 ducem
3292 3833 3348 3884 et
3396 3833 3668 3887 comitem
3712 3831 3863 3886 Saler-

2245 3925 2387 3965 num
2403 3912 2742 3967 secessisse
2759 3915 3000 3985 audivit,
3025 3916 3237 3972 nolens
3267 3921 3566 3987 comitem,
3589 3922 3757 3975 donec
3773 3916 3860 3972 sibi

2242 3998 2535 4069 loquatur,
2558 4016 2774 4055 versus
2793 4001 3056 4058 Siciliam
3072 4021 3360 4076 remeare,
3387 4009 3653 4064 illorsum
3671 4007 3859 4062 accele-

2242 4093 2351 4142 rat.
2387 4088 2766 4160 Veniensque
2796 4107 2929 4145 cum
2949 4093 3426 4166 archiepiscOpis
3454 4099 3605 4169 apud
3632 4098 3861 4151 Sanctum

2243 4176 2602 4245 Matthaeum,
2637 4182 2699 4232 ut
2741 4194 2877 4234 cum
2926 4181 3127 4237 debito
3159 4183 3387 4240 honore
3432 4203 3567 4241 eum
3595 4187 3861 4256 acciperet,

2243 4281 2376 4319 cum
2395 4266 2786 4335 processione
2806 4271 3205 4342 prmstolatur,
3223 4276 3278 4327 et
3292 4278 3741 4346 tamen,propter
3752 4272 3862 4327 ami-

2243 4353 2487 4408 cabilem
2519 4357 2960 4412 venerationem
2991 4375 3163 4431 quam
3195 4378 3417 4418 versus
3451 4365 3711 4419 comitem
3728 4362 3864 4417 habe-

2239 4443 2357 4512 bat,
2417 4444 2670 4513 primum
2710 4445 2782 4499 ad
2841 4446 2973 4516 ejus
3033 4448 3355 4520 hospitium
3403 4469 3537 4507 eum
3583 4452 3861 4507 amabiliter

2238 4532 2433 4586 visum
2455 4533 2631 4601 vadit,
2653 4534 2870 4606 diuque
2886 4535 3022 4607 ejus
3053 4538 3349 4610 colloquio
3366 4557 3542 4608 usus,
3564 4542 3632 4596 ad
3663 4554 3861 4612 proces-

2237 4621 2485 4690 sionem,
2511 4637 2645 4692 quae
2684 4626 3158 4693 praestolabatur,
3176 4630 3601 4699 suscipiendus
3626 4628 3855 4691 accessit,

2235 4709 2294 4764 in
2325 4711 2765 4784 castrinumque
2790 4716 3237 4783 convenientes,
3267 4719 3420 4773 alter
3452 4720 3689 4774 alterius
3708 4718 3857 4772 collo-

2237 4799 2374 4869 quio
2426 4815 2559 4854 cum
2610 4802 2861 4857 maxima
2913 4804 3225 4860 dilectione
3267 4809 3565 4862 fruuntur.
3610 4808 3716 4863 Sed
3751 4806 3857 4876 quia

467 4883 757 4956 ditur,spe’
772 4886 1154 4941 conﬁciendae
1176 4887 1339 4956 pacis
1356 4888 1574 4942 frustra
1606 4889 2129 4960 gaudens,renun-
2157 4957 2203 4968 ﬁ
2239 4887 2368 4956 ipse
2397 4888 2764 4959 apostolicus
2800 4891 3149 4962 jamdudum
3192 4896 3520 4951 Robertum
3560 4897 3855 4968 episcopum

465 4971 586 5028 tiat.
619 4974 762 5030 Dies
801 4975 1138 5047 disputandi
1170 4977 1466 5031 statuitur.
1520 4957 1635 5030 His
1670 4978 2125 5047 opponentibus,
2156 4957 2209 5017 D
2240 4957 2646 5048 Trainensem,
2671 4957 2883 5035 comite
2905 4982 3260 5053 inconsulto,
3292 4984 3553 5056 legatum
3581 4957 3637 5039 in
3672 4957 3851 5047 Sicilia,

465 5065 522 5117 et
538 5063 860 5135 illis,prout
877 5081 1016 5121 sese
1037 5081 1137 5121 res
1155 5065 1427 5135 habebat,
1451 5066 1970 5136 respondentibus,
1989 5084 2130 5138 gra-

462 5151 524 5203 vi
547 5153 895 5224 syllogismo
915 5154 1272 5227 Capuanis,a
1285 5154 1592 5226 judicibus
1611 5154 1881 5226 legaliter
1903 5156 2135 5211 conclu-

465 5240 559 5293 sio
577 5240 1304 5315 determinatuntlapuani,
1331 5244 1638 5299 audientes
1652 5244 1952 5316 sejudicio
1974 5260 2131 5314 prae-

464 5329 725 5400 gravari,
779 5333 869 5386 vel
915 5335 1285 5403 Oppositione
1328 5334 1422 5389 vel
1467 5334 1801 5389 rationabili
1831 5334 2131 5388 contradi-

468 5416 660 5469 ctione
720 5421 923 5473 contra
957 5421 1199 5491 judices
1247 5424 1362 5492 usi,
1406 5423 1643 5494 publice
1693 5438 1761 5477 se
1801 5422 2130 5493 injuriosos

469 5506 856 5578 ostentantes,
881 5511 1234 5582 exsequivel
1256 5512 1530 5578 nolle,vel
1552 5529 1667 5568 non
1687 5528 1867 5584 posse
1900 5512 2129 5567 denun-

2238 5066 2310 5120 ad
2381 5068 2826 5137 exsequendum
2878 5070 2981 5141 jus
3035 5072 3267 5127 Sancta
3302 5074 3584 5129 Romanas
3613 5070 3853 5127 Ecclesiae

2237 5159 2537 5226 posuerat,
2571 5158 2942 5227 perpendens
2978 5159 3089 5214 hoc
3125 5162 3396 5216 comitem
3429 5178 3609 5235 grave
3638 5163 3789 5225 ferre,
3811 5160 3853 5211 et

2238 5244 2398 5299 nullo
2421 5246 2614 5313 modo,
2636 5251 2697 5300 ut
2719 5247 2930 5303 stabile
2950 5254 3309 5318 permaneat,
3331 5253 3639 5319 assentire,
3671 5260 3852 5320 cogno-

2237 5350 2416 5388 scens
2447 5334 2621 5388 etiam
2652 5336 2847 5405 ipsum
2900 5338 3171 5392 comitem
3219 5340 3279 5393 in
3327 5341 3600 5395 omnibus
3635 5335 3849 5408 negotiis

2236 5423 2663 5477 ecclesiasticis
2682 5426 3081 5496 exsequendis
3099 5429 3226 5484 zelo
3255 5429 3437 5484 divini
3458 5428 3677 5483 ardoris
3697 5423 3851 5479 exfer-

2234 5518 2745 5582 vesccre,cassato
2760 5515 2916 5585 quod
2934 5514 3305 5590 de;episcopo
3320 5518 3624 5574 Trainensi
3640 5513 3842 5579 fecerat,
