4074 6150
159 203 287 269 1209
1035 148 1164 259 [AD
1196 197 1667 262 HISTORIAM
1712 198 2087 260 SICULAM
2131 198 2571 264 APPENDIX
3376 203 3535 267 1210

151 401 456 475 legationem
502 396 649 452 beati
679 398 1067 469 Petri'super
1096 400 1368 454 comitem
1409 415 1518 469 per
1573 401 1753 454 totam
1787 383 1835 436 Α
1868 414 2109 469 semper
2129 398 2415 469 exhibuit,
2444 415 2554 453 nos
2577 399 2674 471 [te]
2696 401 2754 454 in
2778 403 3093 470 specialem
3115 405 3288 474 atque
3310 405 3533 462 charis-

146 491 390 557 Siciliam,
438 486 525 541 vel
568 487 892 541 habendam
924 485 1071 557 (391)
1102 488 1519 542 haereditaliter
1573 488 1752 557 ponit,
1866 489 2080 541 simum
2099 488 2281 541 ﬁlium
2304 487 2576 557 ejusdem
2590 488 3275 546 universalis.Ecclesice
3299 509 3530 550 assum-

152 595 206 633 ea
250 576 575 631 discretione
607 580 688 644 ut,
732 575 870 629 dum
899 577 1029 645 ipse
1059 592 1260 631 comes
1292 577 1598 646 advixerit,
1662 576 1757 630 vel
1864 576 2115 646 psimus.
2150 576 2380 629 Idcirco
2405 576 2475 629 de
2508 577 2946 646 tuaeprobitatis
2981 578 3317 634 sinceritate
3345 582 3533 651 pluri-

153 665 334 736 aliquis
363 663 649 718 haeredum
677 679 945 732 suorum,
972 664 1083 718 zeli
1112 665 1339 734 paterni
1365 665 1759 719 ecclesiastici
1865 680 2022 718 mum
2038 664 2595 730 confidentes,sicut
2617 666 3328 737 verbispromisimus,ita
3353 672 3525 725 ctiam

153 755 424 809 exsecutor
452 754 756 821 superstes
776 752 970 820 fuerit,
996 752 1229 824 legatus
1262 753 1413 807 alius
1439 769 1472 806 a
1496 754 1755 808 Romana
1864 753 2190 807 litterarum
2211 754 2555 807 auctoritate
2579 753 2883 808 ﬁrmamus
2903 755 3059 825 quod
3090 756 3524 814 omnivitzetuae

152 842 286 908 sede,
303 840 439 910 ipsis
468 840 663 893 invitis
695 840 895 895 nullus
927 845 1394 912 snperponatur;
1433 842 1540 896 sed
1558 843 1611 895 si
1642 859 1756 913 qua
1864 844 2146 910 tempore,
2207 841 2300 894 vel
2352 841 2457 894 ﬁlii
2500 841 2584 894 tui
2627 842 2903 911 Simonis,
2957 845 3057 896 aut
3112 844 3355 898 alterius
3421 847 3524 917 qui

150 932 385 984 Romanae
414 928 692 983 Ecclesiae
716 928 875 1000 juris
907 930 1289 1001 exsequenda
1319 930 1559 998 fuerint,
1586 931 1753 984 char-
1862 930 2163 1001 legitimus
2194 929 2277 983 tui
2306 929 2501 983 haeres
2534 930 2844 999 exstiterit,
2880 931 3104 984 nullum
3126 932 3184 985 in
3202 935 3359 987 terra
3374 939 3532 1003 pote-

142 1019 253 1072 tulis
280 1034 308 1070 a
338 1018 584 1072 Romana
615 1018 757 1072 sede
788 1018 848 1072 in
875 1018 1136 1073 Siciliam
1165 1018 1264 1072 vel
1296 1018 1628 1073 Calabriam
1660 1019 1752 1073 di-
1863 1020 2034 1072 statis
2092 1021 2330 1086 vestrae,
2392 1023 2608 1088 praeter
2655 1019 3012 1072 voluntatem
3065 1022 3164 1073 aut
3213 1022 3526 1077 consilium

137 1107 303 1171 rectis,
334 1121 432 1175 per
469 1106 634 1176 ipsos
666 1107 916 1160 consilio
958 1107 1374 1176 episcoporum
1406 1107 1749 1161 earumdem
1862 1111 2125 1161 vestrum
2165 1107 2423 1181 legatum
2483 1108 2763 1162 Romanae
2820 1106 3106 1162 Ecclesiae
3156 1111 3528 1180 statuemus;

137 1192 520 1262 provinciarum
552 1192 886 1246 authentico
913 1193 1291 1246 definiantur.
1324 1193 1492 1256 Quod
1541 1194 1595 1247 si
1623 1194 1750 1263 epi-
1860 1196 2291 1266 quinimo,qua:
2305 1195 2881 1266 perlegatumacturi
2899 1210 3127 1258 sumus,
3145 1202 3526 1265 pervestram

134 1280 657 1350 scopiadconcilium
674 1280 903 1334 invitati
918 1280 1155 1349 fuerint,
1190 1283 1335 1351 quot
1364 1283 1421 1335 et
1445 1297 1597 1352 quos
1629 1283 1743 1352 ipsi
1860 1283 2549 1355 industriamlegativice
2573 1284 2839 1337 exhiberi
2862 1286 3155 1352 volumus,
3185 1285 3418 1354 quando
3450 1287 3525 1341 ad

136 1370 313 1437 comiti,
328 1369 410 1423 vel
432 1369 558 1423 suis
581 1368 800 1423 futuris
819 1369 1161 1424 heredibus
1184 1369 1382 1424 visum
1398 1369 1594 1440 fuerit,
1611 1371 1749 1425 illuc
1858 1389 1968 1427 vos
1990 1389 2065 1426 ex
2082 1373 2263 1427 latere
2280 1375 2485 1427 nostro
2504 1372 2863 1441 miserimus,
2884 1373 2956 1425 ad
2975 1373 3223 1426 salutem
3249 1373 3523 1428 videlicet

132 1457 362 1528 dirigant,
404 1457 515 1512 nisi
558 1458 711 1512 forte
741 1458 815 1511 de
851 1457 1048 1528 aliquo
1104 1459 1371 1528 ipserum
1403 1459 1462 1512 in
1494 1459 1746 1514 concilio
1856 1462 2261 1517 Ecclesiarum
2291 1478 2423 1532 quae
2455 1461 2567 1516 sub
2602 1464 2800 1516 vestra
2823 1464 3109 1531 potestate
3139 1464 3413 1532 existant,
3447 1464 3521 1518 ad

132 1546 380 1615 agendum
416 1546 508 1614 sit,
543 1546 603 1599 in
635 1546 835 1600 Sicilia
868 1547 961 1601 vel
1010 1546 1281 1601 Calabria
1326 1547 1387 1601 in
1430 1549 1747 1618 praesentia
1855 1551 2141 1605 honorem
2170 1552 2326 1605 beati
2358 1550 2542 1619 Petri,
2577 1554 2916 1619 sanctaeun
2936 1550 3069 1621 ejus
3091 1551 3255 1605 sedis
3277 1554 3519 1619 aposto-

132 1649 220 1687 sua
244 1634 552 1689 authentice
587 1634 820 1689 deﬁniri
850 1635 1204 1705 nequiverit,
1249 1637 1307 1689 et
1337 1637 1408 1690 ad
1438 1637 1551 1691 hoc
1578 1652 1745 1691 com-
1853 1639 2007 1707 licia,
2034 1640 2355 1693 cuidevote
2379 1640 2665 1693 hactenus
2684 1639 2958 1705 obedisti,
2994 1654 3286 1709 quamque
3317 1639 3376 1692 in
3409 1655 3518 1709 op-

132 1722 338 1776 missum
353 1723 759 1793 perpetualiter
776 1724 1594 1797 permanendum,privilegio
1616 1741 1743 1780 suae
1853 1728 2313 1798 portunitatibus
2331 1729 2461 1782 suis
2484 1731 2725 1782 strenue
2746 1744 2814 1781 ac
2840 1727 3086 1781 ﬁdeliier
3116 1727 3209 1797 adj
3222 1728 3417 1781 uvisli.
3451 1729 3513 1782 Si

128 1810 442 1866 auctoritatis
486 1812 762 1880 ﬁrmavit,
817 1811 994 1883 cujus
1027 1813 1376 1868 sententiam
1425 1814 1741 1869 subtitula—
1852 1833 1995 1872 vero
2018 1816 2416 1871 celebrabitur
2437 1815 2771 1884 concilium,
2792 1816 2894 1869 tibi
2926 1815 3280 1869 mandavero
3312 1818 3520 1886 quate-

129 1914 236 1953 mus
266 1915 276 1953 :
1851 1920 1965 1959 nus
1996 1905 2314 1975 episcopos
2344 1905 2402 1959 et
2429 1904 2675 1958 abbates
2706 1906 2822 1958 tuae
2865 1906 3041 1959 terrae
3096 1904 3240 1956 mihi
3298 1904 3517 1974 mittas,

186 1987 434 2044 Uaauus
462 1990 803 2060 episcopus,
841 2005 1056 2045 servus
1087 2006 1404 2046 servorum
1437 1991 1562 2061 Dei,
1596 1991 1741 2046 cha-
1773 2052 1819 2064 ﬁ
1851 1998 2010 2064 quot,
2059 1996 2116 2048 et
2162 2009 2313 2064 quos
2358 1993 2623 2047 volueris
2672 1994 2890 2060 mittas,
2924 1994 3073 2047 alios
3102 1993 3175 2046 ad
3208 1993 3520 2048 servitium

130 2075 331 2132 rissimo
357 2078 468 2132 filio
496 2052 572 2133 It.
614 2052 811 2133 comiti
841 2078 1126 2134 Calabriae
1149 2083 1204 2134 et
1223 2081 1460 2145 Siciliae,
1492 2052 1743 2136 salutem
1773 2052 1821 2106 B
1852 2052 2256 2137 Ecclesiarum
2286 2085 2343 2135 et
2361 2081 2600 2136 tutelam
2618 2052 2897 2135 retineas.
2922 2081 3306 2151 Omnipotens
3328 2082 3521 2136 domi-

128 2166 173 2218 et
216 2168 569 2236 apostolicam
626 2168 1120 2223 benedictionem.
1178 2169 1324 2234 Quia
1373 2170 1742 2239 prudentiam
1851 2187 1965 2226 nus
1989 2173 2157 2224 actus
2178 2174 2314 2224 tuos
2333 2171 2391 2224 in
2414 2170 2782 2238 beneplacito
2796 2184 2906 2223 suo
2921 2168 3157 2239 dirigat,
3181 2172 3238 2222 et
3253 2172 3309 2222 te
3331 2186 3364 2221 a
3381 2185 3518 2238 pec-

126 2256 253 2308 tuam
279 2271 540 2326 superna:
571 2256 906 2327 majestatis
928 2256 1190 2327 dignatio
1209 2257 1409 2311 multis
1428 2258 1739 2328 triumphis
1852 2260 1998 2314 catis
2028 2259 2366 2313 absolutum
2395 2259 2469 2310 ad
2499 2258 2677 2311 vitam
2708 2260 2989 2311 mternam
3035 2257 3340 2325 perducat.
3380 2257 3508 2311 Dat.

126 2344 168 2395 et
195 2343 485 2409 honoribus
516 2346 816 2413 exaltavit,
853 2349 908 2400 et
939 2346 1204 2416 probitas
1232 2348 1331 2399 tua
1364 2346 1422 2400 in
1451 2346 1735 2401 Sarrace-
1850 2347 2075 2403 Salerni
2095 2363 2201 2416 per
2221 2362 2457 2400 manum
2478 2346 2729 2400 Joannis
2754 2346 2983 2399 Sanctae
3008 2346 3290 2400 Romanae
3305 2344 3509 2400 Eccle-

123 2446 297 2485 norum
334 2434 543 2489 ﬁnibus
594 2433 927 2489 Ecclesiam
960 2434 1066 2488 Dei
1095 2434 1413 2504 plurimum
1447 2435 1733 2505 dilatavit,
1852 2437 1959 2490 siae
1990 2436 2221 2490 diaconi
2252 2452 2312 2488 ιιι
2342 2434 2546 2489 Nonas
2578 2434 2740 2504 Julii,
2774 2434 3095 2489 indictione
3122 2449 3220 2500 vn,
3266 2432 3508 2504 pontiﬁ-

123 2525 416 2593 sanctaeque
443 2523 573 2579 sedi
595 2522 940 2595 apostolicae
962 2523 1234 2579 devotam
1260 2539 1329 2578 se
1351 2526 1529 2579 mults
1551 2525 1742 2579 modis
1854 2529 2020 2580 catus
2053 2523 2271 2579 domini
2303 2523 2524 2578 Urbani
2557 2523 2803 2577 secundi
2835 2541 2911 2577 x1.

1247 2692 1516 2764 Exph’cit
1547 2709 1689 2765 Opus
1731 2693 2022 2750 Gaul‘redi
2050 2687 2340 2749 monachi.

121 3000 773 3096 APPENDIX
852 3004 1020 3095 ET
1103 3006 1593 3095 CODICE
1680 3007 2545 3099 MARCHIONIS
2629 3005 3510 3098 J.;HUL-\'[‘ANZE

1122 3188 1223 3242 AD
1263 3188 1621 3243 ULTIMUM
1660 3188 2104 3244 CAPITULUM
2146 3188 2347 3244 LIBRI
2389 3189 2463 3243 IV

681 3336 1316 3416 HISTORIA?!
1376 3338 2023 3418 GAUFREDI
2078 3337 2903 3417 MALATERRE

165 3554 287 3611 Post
315 3558 437 3614 haec
469 3559 787 3630 piissimus
821 3575 1043 3627 comes,
1079 3561 1308 3615 occulto
1354 3560 1457 3614 Dei
1510 3559 1735 3632 judicio
1771 3542 1815 3596 (ἶ
1915 3561 2061 3616 Post
2091 3561 2247 3614 hunc
2279 3559 2479 3614 Simon
2509 3560 2760 3615 ﬁliorum
2797 3560 3227 3631 primogenitus
3259 3574 3508 3631 regnum

111 3643 308 3710 penitus
336 3648 485 3702 virili
507 3649 800 3720 progenie
823 3648 1088 3717 orbatus,
1111 3649 1242 3703 fusa
1265 3650 1336 3703 ad
1360 3650 1541 3705 Deum
1561 3665 1735 3719 prece
1846 3650 2093 3719 accepit.
2127 3651 2235 3714 Qui
2265 3664 2369 3719 per
2398 3664 2622 3718 paucos
2657 3649 2867 3703 vivens
2913 3663 3120 3717 annos,
3168 3663 3387 3720 graves
3435 3647 3508 3702 ab

107 3729 153 3783 in
178 3747 272 3803 spe
291 3736 512 3792 sobolis
544 3739 934 3808 procreandaa
965 3754 1210 3792 uxorem
1232 3755 1401 3793 suam
1435 3739 1732 3811 cognovit,
1846 3738 2055 3809 Apulis
2073 3738 2428 3792 mutationes
2448 3736 2748 3791 sustinuit.
2776 3737 2928 3790 Huic
2959 3737 3257 3791 successit
3275 3737 3370 3792 ille
3398 3736 3509 3791 ho-

108 3818 153 3871 in
180 3838 345 3894 eaque
374 3827 528 3881 tilios
562 3826 791 3881 etﬁlias
825 3828 1153 3897 generavit.
1178 3826 1288 3892 Qui
1318 3843 1506 3899 usque
1538 3828 1610 3880 ad
1640 3843 1735 3881 se-
1845 3828 2066 3880 minum
2095 3826 2411 3894 maximus,
2438 3841 2471 3878 a
2503 3826 2625 3879 Deo
2648 3824 2899 3879 dilectus
2924 3828 2980 3879 et
3000 3824 3350 3880 benedictus
3370 3825 3507 3878 uni-

106 3912 362 3967 neclutem
391 3915 884 3970 honestissimam
914 3931 1102 3987 agens
1134 3916 1308 3970 vitam
1327 3914 1645 3986 plurimum
1676 3916 1735 3969 in
1845 3910 1952 3970 cus
2003 3916 2115 3983 leo,
2149 3918 2206 3969 et
2240 3914 2404 3983 pacis
2450 3914 2899 3983 ﬁrmamentum,
2953 3914 3252 3985 Rogemus
3306 3913 3507 3967 mundi

106 3997 457 4059 aediﬁcatione
507 4003 903 4058 ecclesiarum
951 4005 1230 4072 intentus,
1282 4005 1520 4059 easdem
1561 4007 1736 4074 prout
1843 4003 2467 4070 admiratio,virtutum
2492 4001 3506 4072 omniumsplendor,etproregibus

104 4084 324 4143 insoluta
355 4091 545 4161 ipsius
577 4093 899 4163 posteritas
921 4094 1112 4147 adhuc
1132 4098 1187 4148 et
1216 4096 1370 4166 regit
1398 4098 1454 4149 et
1485 4110 1732 4149 conser-
1844 4092 2025 4146 heros
2075 4092 2316 4162 sapiens
2361 4094 2417 4144 et
2464 4090 2791 4143 immensus
2844 4089 3054 4155 omnia,
3100 4090 3267 4157 prius
3310 4092 3506 4143 tamen

103 4178 183 4227 vat
231 4194 328 4246 per
355 4182 537 4235 totam
598 4183 817 4234 terram
859 4198 1026 4235 suam
1077 4182 1316 4252 copiose
1346 4183 1621 4251 dotando,
1680 4186 1735 4237 et
1845 4196 2067 4249 comes,
2099 4182 2305 4251 postea
2340 4178 2707 4232 Deimultum
2740 4176 3205 4245 imcomparabili
3233 4174 3367 4245 ejus
3401 4190 3503 4229 sa-

105 4263 331 4320 virorum
358 4270 712 4338 psallentum
748 4270 1029 4342 religiose
1053 4273 1225 4341 atque
1271 4271 1548 4325 decenter
1578 4273 1732 4326 ordi-
1842 4271 2059 4340 pientia
2104 4272 2402 4339 operante,
2449 4266 2667 4337 dignus
2713 4266 2831 4319 dux
2885 4265 3125 4319 Feracis
3171 4264 3399 4335 Apuliae
3448 4267 3505 4319 et

101 4353 284 4422 nando,
316 4357 449 4426 pius
484 4357 887 4428 orphanorum
919 4362 975 4413 et
1007 4359 1315 4413 viduarum
1346 4363 1643 4429 protector
1664 4377 1730 4414 ac
1842 4361 2055 4428 Capuae
2089 4357 2473 4427 principatus,
2499 4355 2571 4409 ad
2600 4356 2868 4409 ultimum
2894 4371 2996 4409 rex
3018 4353 3257 4423 Siciliae,
3289 4353 3503 4422 Tripo-

103 4443 382 4500 munilicus
442 4462 767 4517 pauperum
814 4446 1032 4502 Christi
1087 4447 1431 4502 sublevator
1485 4449 1727 4503 exstitit.
1841 4448 1937 4515 lis,
1974 4446 2215 4515 Africae,
2261 4445 2715 4516 potentissimus
2759 4444 2905 4499 lines
2938 4443 3165 4513 imperii
3198 4442 3292 4497 sui
3324 4441 3502 4513 longe

99 4528 329 4604 Cumque
348 4535 422 4589 iis
446 4538 503 4592 et
522 4536 757 4590 ﬁliabus
780 4536 1143 4606 proficiendo
1172 4552 1408 4606 semper
1430 4537 1488 4591 in
1519 4537 1730 4591 melius
1840 4536 2070 4607 lateque
2104 4535 2408 4605 multiplici
2439 4536 2726 4589 terrarum
2757 4533 3148 4604 acquisitione
3173 4530 3501 4602 ampliavit:

98 4614 335 4676 honesta:
386 4625 718 4679 sanctitatis
769 4624 1099 4694 exemplum
1149 4626 1378 4679 cunctis
1425 4626 1728 4696 existeret,
1841 4625 1912 4677 ad
1973 4623 2146 4694 cujus
2206 4623 2414 4676 laudes
2447 4625 2501 4675 et
2533 4624 2701 4693 gesta
2752 4621 3063 4691 probitatis
3118 4618 3502 4691 singulariter

96 4707 319 4781 tandem,
341 4714 686 4768 necessaria
705 4714 976 4768 humanae
991 4714 1734 4787 conditionislegenatura-
1842 4713 2151 4767 referenda
2183 4712 2458 4783 quoniam
2500 4710 2805 4765 Ciceronis
2838 4709 3232 4780 eloquentiam
3260 4706 3498 4761 insufﬂ-

97 4790 191 4848 lem
220 4798 275 4852 in
305 4816 371 4854 ea
403 4802 859 4857 dissolutionem
912 4805 1209 4873 operante,
1251 4802 1408 4856 illam
1437 4803 1729 4858 illustrem
1841 4802 2091 4856 cientem
2142 4801 2334 4856 fuisse
2378 4803 2623 4870 reputo;
2663 4815 2774 4871 ego
2806 4797 2904 4870 qui
2936 4796 3059 4851 fere
3089 4796 3317 4851 nullus.
3339 4811 3494 4863 sum,

94 4884 318 4942 animam
348 4891 506 4944 tanta
534 4892 975 4945 collustratione
992 4894 1052 4945 ut
1072 4892 1728 4963 meritorumagnitione
1760 4936 1808 4989 D
1841 4893 2013 4946 tantae
2060 4890 2369 4963 gravitatis
2418 4905 2569 4944 onus
2614 4888 2756 4941 mihi
2806 4886 2997 4941 adhuc
3028 4885 3393 4957 incognitum
3439 4884 3499 4938 in

94 4969 403 5045 insignitam
439 4979 512 5032 ad
553 4979 888 5034 desiderata
930 4981 1235 5034 beatorum
1285 4979 1535 5052 collegia
1592 4987 1726 5036 ante
1760 4969 1808 4989 υ
1838 4981 2121 5050 praesenti
2150 4982 2372 5034 tentare
2403 4978 2675 5031 formido.

94 5071 451 5134 conspectum
475 5069 691 5124 divinae
715 5069 1042 5141 majestatis
1067 5070 1388 5141 expirando
1411 5069 1725 5143 delegavit,
1908 5068 2057 5139 (392)
2080 5070 2248 5122 Anno
2289 5065 2519 5121 Domini
2558 5064 2714 5135 1027,
2749 5065 2977 5120 decimo
3000 5065 3168 5119 sexto
3200 5062 3499 5117 Kalendas

91 5162 402 5226 corpusque
460 5157 594 5227 ejus
639 5160 793 5229 apud
841 5158 1117 5225 Melitum,
1155 5159 1214 5213 in
1246 5159 1499 5214 ecclesia
1554 5175 1729 5230 quam
1838 5159 2114 5231 Augusti,
2146 5159 2368 5228 Gaytus
2398 5157 2744 5227 Maymonus
2786 5153 3092 5223 Hispanus
3124 5152 3494 5208 Sarracenus

90 5233 201 5305 ipse
252 5242 1000 5319 fundaverat,.honorifice,
1037 5251 1099 5304 ut
1129 5252 1349 5303 tantum
1394 5249 1586 5303 virum
1624 5248 1730 5304 de-
1838 5248 2051 5301 Pactas
2082 5250 2137 5301 et
2166 5249 2383 5299 terram
2427 5245 2852 5315 Syracusanam.
2899 5241 3045 5292 ‘n'rn
3096 5242 3222 5295 dies
3272 5243 3499 5311 septem

89 5326 256 5399 cebat,
288 5334 585 5401 sepultum
621 5341 729 5390 est.
1837 5336 2108 5404 vastavit,
2144 5334 2427 5405 praedavit
2457 5336 2512 5388 et
2541 5331 2821 5402 incendit,
2865 5334 3173 5402 utriusque
3204 5346 3391 5386 sexus
3422 5329 3495 5387 de

146 5497 284 5574 (ἓξὲξ)
320 5502 401 5556 Et
432 5505 530 5558 sui
546 5506 712 5574 juris
745 5507 1079 5563 Calabriam
1109 5507 1392 5562 habitam.

144 5568 281 5643 {392)
321 5568 634 5648 Appendix
655 5578 856 5651 altera,
890 5578 1018 5635 sive
1046 5578 1250 5635 brevis
1278 5576 1674 5652 ChronOIOgia
1706 5593 1778 5635 ex
1807 5594 1989 5650 supra
2011 5578 2184 5635 citato
2217 5574 2421 5633 codice
2452 5574 2816 5632 Jarratanco.
2851 5572 3175 5632 CARUSIUB.

3971 242 3978 600 ἰ
