4090 6162
534 352 689 420 1211

534 553 877 612 hominibus
908 560 1135 626 partem
1168 557 1399 625 occidit,
1427 560 1481 611 et
1509 554 2094 627 partem’captivavit.

610 646 777 699 Anno
812 646 1038 701 Domini
1076 646 1230 711 1032,
1266 646 1622 716 Stratigotus
1654 648 1879 715 primus
1902 647 2195 723 Georgius

536 736 820 804 patricius
858 738 913 788 et
952 735 1319 788 Maniachius
1340 751 1471 787 cum
1494 735 1642 788 duce
1674 741 1955 805 ceperunt
1989 736 2197 789 civita-

537 828 655 877 tem
686 824 1000 891 Messanae,
1034 827 1089 876 et
1119 824 1248 892 ipso
1278 839 1429 877 anno
1462 825 1752 878 commisit
1782 824 2197 878 bellum.ldem

540 912 844 966 Maniacus
895 913 1199 983 ignoratur
1239 927 1371 965 cum
1401 913 1619 981 quibus
1669 913 1916 982 adeptus
1949 918 2040 968 est
2072 913 2195 967 vic-

539 1001 771 1055 teriam.

618 1092 785 1144 Anno
820 1090 1051 1144 Domini
1082 1090 1239 1158 1060,
1275 1090 1553 1145 Kalendis
1578 1091 1829 1162 Augusti
1861 1094 2070 1161 captus
2094 1090 2199 1144 fuit

542 1178 919 1232 Innocentius
958 1195 1104 1248 papa
1140 1195 1170 1231 a
1202 1180 1358 1233 dicto
1410 1194 1552 1251 rege
1591 1180 1850 1251 llogerio
1882 1195 2023 1251 rege
2052 1179 2200 1233 Sici-

543 1266 636 1320 1180
666 1267 724 1318 111
757 1267 991 1320 civitate
1021 1266 1340 1337 Captinata.

615 1356 783 1409 Anno
833 1355 1065 1409 Domini
1121 1355 1299 1423 1101,
1352 1356 1691 1411 indictionis
1758 1373 1929 1412 nonae
1995 1374 2201 1412 mense

542 1442 701 1509 Julii,
744 1444 887 1498 obiit
920 1445 1213 1498 maximus
1262 1461 1461 1500 comes
1498 1446 1793 1516 ltogcrius
1825 1452 1990 1516 pater
2038 1448 2201 1517 regis

546 1532 810 1603 Itogerii.

617 1622 784 1676 Anno
818 1623 1051 1677 Domini
1083 1622 1239 1685 1118,
1276 1624 1461 1677 Nonm
1494 1624 1852 1692 indietionis,
1887 1624 2031 1679 obiit
2062 1624 2207 1678 Ade-

545 1709 694 1765 lasia
726 1712 954 1782 Regina
999 1712 1495 1766 Jcrosolomitana
1530 1716 1712 1766 mater
1744 1714 1906 1783 regis
1941 1713 2202 1784 Rogerii.

618 1802 786 1853 Anno
842 1799 1261 1877 110181811149,
1317 1816 1520 1855 mense
1573 1802 1732 1870 Julii,
1784 1802 1983 1856 Africa
2040 1806 2206 1872 capta

552 1888 659 1941 fuit
689 1889 760 1942 ab
792 1889 998 1942 eodem
1033 1905 1175 1959 rege
1216 1890 1495 1960 Hogerio.

622 1978 787 2031 Anno
840 1978 1070 2031 Domini
1115 1978 1271 2041 1154,
1321 1979 1463 2032 011111
1498 1979 1792 2049 111ος01ιί118
1844 1996 1945 2032 rex
1990 1979 2206 2033 Sicilia)

550 2065 799 2119 ducatus
832 2067 1076 2135 Apulim,
1115 2070 1169 2119 et
1201 2068 1570 2136 principatus
1602 2069 1836 2137 Capuae.

624 2156 793 2208 Anno
828 2155 1055 2209 Domini
1094 2154 1243 2217 1161,
1281 2156 1464 2223 pridie
1500 2156 1703 2210 Nonas
1738 2156 2039 2209 Februarii
2062 2157 2207 2209 sub-

555 2258 732 2296 versa
786 2247 877 2296 est
924 2243 1132 2296 civitas
1177 2243 1712 2297 Cathaniensiuma
1744 2247 2104 2313 tcrraemotu,
2152 2246 2209 2297 in

550 2346 661 2400 qua
722 2332 1115 2385 subversioue
1175 2347 1381 2385 omnes
1432 2332 1703 2385 monachi
1748 2349 1881 2385 cum
1927 2334 2209 2402 episcopo

548 2434 755 2474 eorum
786 2421 1059 2489 oppressi
1092 2421 1345 2474 fuerunt.

622 2510 791 2562 Anno
827 2510 1052 2563 Domini
1087 2508 1243 2577 1166,
1279 2510 1419 2563 obiit
1454 2526 1553 2563 rex
1601 2510 1947 2565 Guillelmus
1977 2511 2202 2580 primus

552 2596 709 2649 1111118
742 2598 903 2667 regis
938 2598 1197 2667 [logei-ii.

623 2686 794 2738 Anno
831 2686 1059 2738 Domini
1096 2684 1248 2750 1178,
1303 2686 1503 2740 Idibus
1542 2687 1905 2757 Septembris
1961 2688 2205 2742 decimae

555 2774 745 2828 tertiae
778 2774 1115 2828 indictionis
1146 2775 1234 2827 sol
1271 2790 1487 2843 passus
1511 2780 1601 2829 est
1623 2776 1904 2846 eclypsim
1932 2792 1944 2830 :
1980 2776 2035 2829 in
2067 2777 2209 2830 hora

559 2878 715 2917 nona
746 2863 933 2917 stellae
956 2868 1371 2933 apparuerunt.

630 2954 799 3006 Anno
852 2952 1081 3005 Domini
1122 2950 1253 3007 1182
1303 2955 1393 3021 ('2),
1450 2952 1654 3023 regina
1687 2952 2003 3025 Margarita
2035 2955 2218 3007 mater

558 3041 724 3113 regis
756 3040 1073 3095 Guillielmi
1101 3042 1347 3095 secundi
1381 3042 1555 3110 erepit
1587 3041 1898 3110 fabricare,
1924 3042 2218 3097 aedificare

559 3134 616 3185 et
647 3131 848 3184 dotare
879 3131 1301 3183 monasterium
1337 3130 1806 3185 Maniacentium.

630 3221 800 3273 Anno
833 3219 1064 3272 Domini
1096 3218 1251 3285 1187,
1288 3234 1493 3273 mense
1524 3219 1684 3285 Julii,
1718 3219 1921 3289 vigilia
1950 3220 2220 3273 Praecur-

562 3309 720 3363 soris
752 3308 982 3361 Domini
1038 3311 1203 3377 capta
1234 3311 1327 3360 est
1358 3307 1687 3360 Jerusalem
1719 3323 1751 3360 a
1783 3307 2055 3361 Saladino
2087 3307 2220 3361 Sol-

560 3399 711 3452 dano
744 3397 1082 3450 Babiloniae.

634 3486 801 3539 Anno
836 3484 1067 3537 Domini
1105 3483 1253 3551 1189,
1290 3484 1606 3537 indictione
1655 3485 1902 3553 septima
1943 3485 2086 3538 obiit
2117 3501 2223 3538 rex

562 3574 912 3627 Guillelmus
945 3573 1267 3626 secundus.
1304 3571 1523 3625 Eodem
1558 3588 1733 3639 anno,
1782 3572 1986 3627 eadem
2034 3573 2222 3626 indic-

562 3661 741 3727 tione,
775 3675 983 3714 mense
1016 3661 1226 3728 Martii,
1265 3676 1364 3713 rcx
1399 3660 1741 3715 Tancredus
1772 3662 1877 3715 fuit
1907 3664 2224 3715 coronatus

565 3764 669 3803 rex
700 3748 938 3817 Siciliae,
975 3751 1031 3803 et
1062 3751 1335 3818 receptus
1367 3749 1425 3801 in
1457 3749 1670 3817 palatio
1705 3750 1995 3804 Panormi.

639 3839 804 3891 Anno
840 3837 1068 3891 Domini
1104 3836 1259 3904 1191,
1287 3837 1578 3908 vigesimo
1610 3838 1702 3892 die
1735 3838 2058 3908 Februarii,
2085 3838 2228 3892 011111

567 3927 762 3980 (1101118
794 3941 897 3980 rex
927 3926 1191 3980 Tancred
1204 3942 1293 3980 us.

640 4017 809 4069 Anno
841 4015 1070 4069 Domini
1106 4014 1261 4079 1195,
1296 4016 1567 4070 dominus
1602 4016 1893 4071 Henricus
1913 4018 2227 4089 imperator

568 4108 843 4175 receptus
900 4108 992 4158 est
1047 4105 1103 4157 in
1158 4104 1369 4174 palatio
1426 4106 1704 4160 Panormi
1756 4108 1957 4161 ultimo
1996 4110 2222 4163 mensis

569 4194 947 4248 Novembris.
986 4193 1048 4246 In
1080 4197 1286 4263 quarto
1328 4193 1421 4246 die
1450 4198 1584 4262 post
1631 4194 1848 4249 festum
1888 4196 2222 4252 Nativitatis

570 4282 801 4337 Domini
835 4282 987 4352 cepit
1016 4298 1217 4352 regem
1249 4282 1622 4336 Guillelmum
1666 4285 1848 4338 filium
1876 4286 2039 4357 regis
2068 4285 2225 4339 Tan-

573 4372 755 4438 credi,
789 4371 1107 4441 quantitate
1140 4370 1413 4424 comitum
1446 4376 1501 4424 et
1532 4372 1815 4425 baronum
1851 4373 2023 4426 istius
2057 4375 2228 4445 regni

572 4463 628 4514 et
659 4460 987 4531 devastavit
1015 4475 1141 4513 eos.

647 4550 812 4602 Anno
850 4548 1080 4602 Domini
1116 4546 1269 4613 1198,
1314 4548 1455 4601 abiit
1487 4548 1760 4603 dominus
1798 4550 2090 4604 Henricus
2122 4551 2233 4603 im-

573 4642 827 4709 perator.

646 4729 816 4781 Anno
878 4726 1107 4780 Domini
1169 4727 1325 4793 1198,
1398 4726 1751 4781 Fredericus
1812 4727 1968 4782 ﬁlius
2017 4729 2235 4782 domini

580 4816 816 4871 Henrici
868 4815 1237 4885 imperatoris
1286 4816 1357 4869 (10
1390 4815 1623 4869 civitate
1654 4816 1930 4870 Panormi
1976 4816 2083 4870 fuit
2130 4833 2236 4871 rex

576 4904 794 4959 Siciliae
825 4908 1163 4959 coronatus.
1202 4904 1269 4957 Et
1300 4905 1359 4958 in
1390 4904 1597 4960 eodem
1615 4921 1766 4959 anno
1798 4905 2031 4959 domina
2051 4906 2236 4960 Cons-

578 4993 756 5047 tantia
789 4997 976 5047 mater
1006 4993 1137 5063 ejus
1170 4993 1332 5047 obiit.

655 5084 821 5137 Anno
880 5083 1108 5137 Domini
1171 5080 1398 5136 1200....
1460 5082 1685 5136 decimo
1757 5082 1958 5153 quinto
2012 5082 2237 5137 mensis

583 5172 836 5243 Augusti
886 5171 1249 5225 duodecima:
1282 5170 1641 5240 indictionis,
1692 5171 1925 5226 domina
1955 5171 2237 5226 Constan-

582 5258 662 5311 tia
694 5260 764 5312 de
796 5260 1090 5332 Aragonia
1118 5260 1393 5330 applicuit
1430 5260 1719 5329 Panormi,
1753 5264 1809 5315 et
1840 5260 2115 5315 dominus
2138 5275 2244 5314 rex

586 5346 943 5403 Fredericus
973 5350 1032 5403 in
1061 5350 1266 5404 eodem
1300 5364 1504 5404 mense
1534 5349 1921 5419 desponsavit
1949 5365 2097 5404 eam.

659 5436 827 5489 Anno
856 5437 1085 5491 Domini
1124 5438 1275 5507 1212,
1311 5454 1464 5493 anno
1495 5438 1815 5493 nativitatis
1848 5438 2066 5492 domini
2081 5437 2244 5509 regis

589 5524 889 5580 Frederici
945 5524 1170 5579 decima
1225 5531 1432 5597 quarta
1484 5527 1821 5594 indictione,
1874 5544 2025 5582 anno
2074 5530 2246 5599 regni

591 5614 723 5686 ejus
781 5612 1112 5669 undecimo.
1167 5615 1300 5685 Ipse
1352 5631 1497 5672 vero
1548 5620 1794 5672 vocatus
1823 5615 1932 5670 fuit
1961 5616 2033 5671 ab
2067 5617 2245 5673 Inno-

590 5703 781 5761 centio
810 5719 961 5775 papa
991 5702 1067 5757 III
1099 5704 1173 5759 ad
1200 5720 1479 5760 coronam
1500 5705 1730 5776 imperii
1760 5706 1832 5762 ab
1863 5722 2014 5762 anno
2046 5705 2248 5762 nativi-

591 5795 726 5862 tatis
757 5809 886 5852 suae
916 5809 1069 5852 anno
1096 5793 1326 5851 decimo
1355 5798 1545 5852 sexto.

931 353 1044 416 AD
1094 328 1531 418 GAUFREDI
1578 338 2006 418 MALATER.
2059 356 2257 419 MON.
2308 354 2608 417 BENED.
2657 354 3114 420 HISTORIAM
3157 354 3525 423 SICULAM

3733 363 3861 428 1212

2223 544 2289 604 Ᾱ
2383 560 2551 614 Anno
2585 560 2813 613 Domini
2847 560 3004 629 1216,
3041 561 3485 615 celeberrimum
3519 563 3795 618 concilium
3820 582 3894 620 ce-

2309 648 2596 702 lebratum
2628 655 2717 702 est
2745 650 2857 703 sub
2890 650 3226 703 Innocentio
3256 666 3400 719 papa
3431 650 3522 703 III.

2381 736 2548 788 Anno
2611 735 2841 789 Domini
2872 734 3030 803 1219,
3080 736 3396 790 indictione
3430 737 3683 805 septima,
3739 741 3897 809 quinto

2312 823 2404 876 die
2438 825 2685 878 intrante
2716 840 2919 878 mense
2951 825 3328 890 Novembris,
3364 826 3631 895 Damyata
3658 828 3896 897 principa-

2313 913 2390 968 lis
2441 913 2649 967 civitas
2699 913 2965 967 Amaleth
3011 929 3043 966 a
3073 914 3429 968 Christianis
3482 913 3735 968 fidelibus
3772 920 3897 985 capta

2315 1003 2443 1069 fuit,
2478 1005 2534 1055 et
2551 1002 2926 1056 Christicolis
2944 1002 3201 1056 dominio
3233 1002 3538 1056 detinetur.

2388 1093 2557 1144 Anno
2594 1090 2820 1144 Domini
2852 1090 3006 1158 12:20,
3040 1106 3244 1145 mense
3268 1090 3636 1159 Novembris,
3674 1107 3816 1145 nonae
3839 1093 3897 1144 in-

2318 1179 2591 1233 dictionis
2625 1179 2898 1233 dominus
2931 1195 3035 1233 rex
3064 1179 3417 1233 Frcdericus
3442 1196 3552 1233 una
3576 1196 3694 1233 cum
3722 1181 3899 1234 domina

2316 1284 2500 1322 uxore
2529 1285 2636 1322 sua
2668 1269 2873 1339 regina
2901 1267 3244 1323 Constantia
3274 1283 3549 1323 coronam
3580 1269 3781 1337 imperii
3806 1284 3901 1321 sus-

2322 1361 2602 1427 ceperunt
2644 1373 2676 1410 a
2723 1358 2957 1411 domino
3001 1374 3149 1426 papa
3204 1356 3466 1411 Honorio
3511 1356 3604 1409 Ill.
3651 1356 3708 1410 In
3745 1356 3898 1411 eodem

2323 1462 2473 1500 anno
2506 1447 2783 1516 Damyata
2812 1446 2919 1499 fuit
2941 1447 3165 1513 perdita
3187 1461 3218 1498 a
3247 1445 3597 1499 Christianis

2393 1536 2561 1588 Anno
2595 1535 2824 1588 Domini
2857 1533 3013 1602 1221,
3065 1534 3289 1588 decima
3322 1534 3651 1599 indictione,
3690 1533 3899 1587 dominus

2319 1624 2671 1678 Fredericns
2730 1624 3046 1693 imperator
3105 1623 3210 1676 ivit
3267 1640 3401 1676 cum
3448 1638 3657 1693 magno
3701 1622 3901 1675 exemita

2319 1728 2501 1781 super
2544 1712 2908 1766 Sarracenos
2957 1713 3141 1779 Jacis,
3190 1715 3249 1765 et.
3296 1713 3453 1781 cepit
3503 1711 3771 1765 Benaveth
3808 1725 3900 1763 cum

2320 1802 2457 1855 [iliis
2488 1802 2637 1868 suis,
2672 1805 2728 1855 et
2758 1801 3070 1870 suspendit
3098 1801 3250 1870 apud
3288 1801 3652 1855 Panormum.

2393 1891 2560 1943 Anno
2593 1890 2824 1944 Domini
2855 1890 3013 1955 1222,
3048 1890 3359 1943 undecima
3384 1889 3707 1956 indictione,
3728 1887 3902 1941 domina

2322 1978 2656 2048 imperatrix
2689 1977 3031 2032 Constantia
3064 1979 3208 2032 obiit
3237 1977 3393 2048 apud
3429 1976 3763 2031 Cathaniam.
3790 1975 3839 2028 Et
3862 1977 3901 2026 in

2320 2069 2528 2123 eodem
2559 2083 2710 2122 anno
2743 2068 3017 2121 dominus
3050 2068 3369 2136 imperator
3406 2067 3559 2137 cepit
3583 2066 3842 2127 Celnnum,
3866 2068 3902 2115 et

2324 2155 2502 2225 ejecit
2530 2156 2801 2211 comitem
2833 2156 3213 2210 'l‘homasium
3245 2156 3316 2208 de
3346 2155 3563 2210 Celano
3593 2155 3659 2208 de
3679 2168 3846 2224 regno.

2399 2247 2567 2298 Anno
2602 2244 2831 2298 Domini
2864 2245 3021 2313 1223,
3053 2244 3404 2299 duodecima
3432 2243 3744 2307 indictione,
3767 2240 3905 2294 domi-

2329 2349 2441 2387 nus
2490 2332 2844 2387 Fredericus
2889 2333 3210 2402 imperator
3256 2333 3418 2388 misit
3458 2333 3757 2386 exercitum
3782 2343 3907 2383 suum

2330 2423 2387 2475 in
2413 2422 2647 2490 Gerbis,
2673 2426 2727 2476 et
2758 2422 2911 2491 cepit
2939 2422 3095 2490 illos,
3128 2422 3422 2475 destruxit
3451 2424 3507 2475 et
3536 2419 3824 2489 captivavit.

2401 2513 2570 2564 Anno
2620 2511 2848 2564 Domini
2907 2508 3081 2577 1224,
3142 2510 3372 2564 decima
3425 2511 3589 2564 tertia
3640 2507 3905 2570 indictione,

2330 2599 2604 2653 dominus
2668 2598 3026 2653 Fredericus
3076 2600 3397 2669 imperator
3450 2598 3606 2652 misit
3658 2594 3908 2650 exercitum

2331 2704 2606 2758 magnum
2639 2704 2821 2757 super
2841 2688 3204 2742 Sarracenos
3233 2688 3475 2752 Siciliae,
3503 2691 3558 2741 et
3578 2686 3908 2741 remanserunt

2332 2779 2392 2831 in
2422 2778 2732 2843 montanis,
2769 2781 2825 2830 et
2856 2793 3130 2848 magnum
3183 2780 3466 2848 guastum
3505 2790 3723 2843 semper
3745 2786 3909 2823 annua-

2333 2869 2432 2920 tim
2484 2866 2733 2919 faciebat
2780 2881 2961 2934 super
3003 2865 3159 2931 illos,
3213 2879 3525 2935 usquequo
3557 2860 3909 2917 descenderant

2335 2972 2466 3009 cum
2525 2970 2741 3024 magno
2798 2953 3134 3023 opprobrio,
3196 2958 3250 3007 et
3298 2954 3441 3007 fecit
3485 2953 3611 3006 illos
3657 2946 3835 3003 morari
3872 2944 3911 2997 in

2337 3046 2509 3115 plano
2542 3043 2758 3097 Siciliae
2797 3043 2854 3095 in
2890 3042 3210 3097 casalibus.

2406 3133 2575 3186 Anno
2598 3132 2829 3185 Domini
2852 3129 3009 3199 1227,
3028 3133 3213 3202 prima
3236 3130 3555 3184 indictione
3579 3142 3760 3182 mense
3781 3122 3908 3183 Junii,

2336 3224 2611 3276 dominus
2644 3221 2999 3275 Fredericus
3031 3220 3349 3289 imperator
3379 3218 3675 3273 secundus
3711 3210 3913 3268 transivit

2338 3313 2394 3365 in
2453 3316 2653 3381 partes
2711 3311 3146 3375 ultramarinas,
3199 3311 3255 3361 et
3300 3307 3383 3360 ibi
3446 3307 3663 3376 accepit
3705 3312 3913 3357 coronam

2337 3400 2606 3471 ejusdem
2640 3398 2831 3469 regni.
2866 3397 2937 3451 Et
2966 3398 3023 3450 in
3045 3397 3250 3451 eodem
3282 3411 3439 3449 anno
3482 3398 3766 3464 antequam
3800 3393 3911 3440 tran-

2340 3490 2506 3556 siret,
2568 3487 2797 3541 domina
2847 3486 3184 3555 imperatrix
3242 3501 3395 3539 uxor
3440 3500 3548 3538 sua
3594 3482 3741 3536 obiit.
3769 3477 3823 3529 Et
3843 3488 3915 3526 rex

2340 3566 2637 3630 Corradus
2670 3579 2839 3628 natus
2884 3575 3009 3628 fuit.
3062 3572 3131 3626 Et
3160 3575 3217 3627 in
3250 3573 3458 3627 eodem
3491 3586 3636 3628 anno
3663 3582 3788 3639 papa
3810 3563 3914 3617 Gre-

2343 3667 2554 3737 gorius
2584 3665 2848 3732 suscepit
2880 3666 3151 3733 papatum
3184 3663 3407 3717 Romae.

2414 3757 2584 3808 Anno
2640 3753 2867 3807 Domini
2929 3749 3091 3818 1225,
3135 3751 3359 3805 decima
3393 3755 3599 3821 quarta
3653 3742 3913 3801 indictione.

2343 3843 2617 3897 dominus
2648 3841 3001 3895 Fredericus
3050 3840 3367 3909 imperator
3396 3838 3618 3907 accepit
3648 3846 3847 3889 uxorem
3868 3826 3915 3877 ﬁ-

2342 3932 2476 3985 liam
2508 3929 2727 3984 domini
2758 3929 2919 4001 regis
2950 3928 3216 3993 Joannis,
3253 3928 3508 3981 nominis
3544 3922 3782 3979 lsabella.

2416 4020 2584 4073 Anno
2617 4017 2843 4071 Domini
2870 4015 3025 4085 1228,
3060 4017 3320 4070 secunda
3352 4017 3680 4081 indictione,
3710 4007 3916 4063 dominus

2345 4107 2661 4176 imperator
2688 4121 2969 4159 reversus
3000 4104 3107 4158 fuit
3139 4105 3194 4157 in
3225 4121 3496 4175 regnum.

2418 4198 2586 4249 Anno
2644 4195 2873 4247 Domini
2934 4194 3091 4261 1229,
3142 4193 3310 4247 tertia
3363 4192 3671 4245 indictione
3721 4187 3771 4239 in
3810 4180 3919 4234 dicto

2346 4299 2551 4339 mense
2582 4282 2835 4355 Augusti
2875 4283 3149 4335 dominus
3182 4282 3497 4351 imperator
3544 4278 3671 4332 fecit
3698 4284 3859 4344 pacem
3884 4267 3919 4317 ct

2347 4372 2719 4428 concordiam
2743 4387 2873 4424 cum
2905 4371 3139 4424 domino
3163 4386 3308 4440 papa
3330 4367 3630 4440 Gregorio.
3654 4363 3716 4417 Et
3736 4356 3919 4413 intrante

2347 4477 2552 4516 mense
2610 4459 2979 4529 Septembris
3009 4462 3232 4530 quartae
3288 4457 3622 4512 indictionis
3675 4448 3849 4505 mansit
3882 4442 3919 4492 in

2347 4550 2572 4605 Anania
2605 4566 2737 4603 cum
2765 4549 3000 4602 domino
3032 4564 3179 4618 papa
3208 4547 3400 4601 tribus
3433 4546 3654 4599 diebus.

2270 4631 2319 4690 D
2420 4640 2588 4693 Anno
2640 4638 2868 4691 Domini
2905 4635 3060 4705 1230,
3102 4638 3307 4706 quarta
3341 4636 3667 4695 indictione,
3711 4621 3918 4680 dominus

2349 4730 2671 4797 imperator
2692 4726 2981 4794 tractavit,
3002 4725 3094 4778 vel
3113 4725 3251 4778 fecit
3274 4728 3520 4778 tractare
3538 4712 3918 4775 (lonstitntiones

2354 4832 2517 4870 suas.

2426 4906 2596 4958 Anno
2647 4904 2879 4957 Domini
2933 4901 3091 4969 1231,
3135 4902 3335 4972 quinta
3366 4899 3667 4953 indictione
3712 4886 3919 4945 dominus

2358 4995 2678 5064 imperator
2706 4993 2865 5046 misit
2896 4992 3057 5062 ipsas
3099 4990 3558 5044 Constitutiones
3601 4997 3728 5037 suas
3755 4991 3835 5045 per
3862 4972 3919 5021 10-

2357 5086 2480 5139 tum
2510 5096 2780 5153 regnum,
2812 5085 2867 5136 et
2899 5082 2958 5134 in
2996 5078 3252 5133 Siciliam
3284 5094 3388 5147 per
3416 5077 3697 5131 dominum
3729 5068 3918 5157 Beasti?

2350 5171 2487 5225 dum
2542 5152 2613 5225 de
2672 5171 3067 5240 Montenigro.
3110 5168 3209 5238 qui
3250 5171 3375 5220 erat
3409 5164 3677 5235 magister
3720 5152 3911 5240 ,1³⁵11⁸ξῖ

2353 5260 2481 5313 rius
2513 5258 2751 5313 Siciliae.
2787 5257 2855 5311 Et
2886 5258 2945 5310 in
2975 5256 3179 5310 eodem
3210 5269 3361 5307 anno
3393 5266 3590 5306 mense
3610 5233 3919 5323 Augustiduf

2354 5349 2429 5402 1⁸³
2478 5346 2838 5417 ,181110110818
2894 5344 3180 5399 Martinus
3248 5342 3523 5396 Ballonus
3569 5352 3631 5391 se
3681 5318 3917 5417 rebellavit

2358 5440 2559 5491 contra
2591 5435 2892 5489 dominum
2920 5434 3330 5503 imperatorem
3362 5445 3490 5483 cum
3533 5417 3810 5506 aliquantiS
3847 5410 3916 5506 ¹1⁰’

2357 5525 2616 5579 minibus
2663 5523 2977 5577 Messanae.
3022 5521 3091 5575 Et
3138 5522 3267 5590 ipse
3316 5517 3589 5589 magister
3635 5504 3916 5592 justitiarilis

2359 5614 2604 5684 arripuit
2637 5611 2855 5682 fugam.
2900 5610 2968 5664 Et
3008 5611 3202 5663 dictus
3234 5606 3515 5662 Martinus
3548 5614 3708 5658 causa
3750 5593 3918 5684 timori?

2357 5674 2578 5759 domini
2624 5700 2996 5773 imperatoris
3055 5698 3322 5754 similiter
3364 5692 3594 5765 arripuit
3637 5688 3831 5757 fugam:
3878 5674 3916 5723 ⁸⁸

2359 5792 2472 5850 fuit
2503 5796 2711 5864 captus
2742 5807 2876 5848 cum
2908 5789 3091 5847 sociis
3122 5790 3251 5846 suis
3278 5785 3428 5860 apud
3456 5782 3688 5840 Maltam.
