4074 6150
148 292 307 355 1213

1628 287 2078 350 APPENDIX.

3408 284 3567 347 1214

175 494 346 545 Anno
403 489 638 545 Domini
693 487 852 555 1232,
887 489 1055 542 sexta
1112 487 1450 555 indictione,
1499 486 1774 541 dominus
1817 474 1868 530 Α
1962 489 2133 541 Anno
2163 486 2397 541 Domini
2426 486 2582 556 1243,
2624 487 2811 542 tertia
2858 487 3213 555 indictionis,
3275 489 3555 543 dominus

106 580 654 648 imperator,mense
687 576 906 647 Aprilis
938 576 1208 646 ejusdem
1232 576 1572 630 indictionis
1586 617 1599 643 ,
1617 576 1775 629 venit

107 667 464 734 Messanam,
485 670 542 720 et
560 665 828 720 succedit
844 664 1061 718 dictum
1086 664 1398 717 Martinum
1418 664 1769 717 Ballionem.

109 755 259 808 Ettin
283 755 494 809 codem
523 769 676 807 anno
710 752 982 807 similiter
998 751 1137 805 fecit
1166 751 1319 821 apud
1337 751 1697 821 Syracusam
1717 753 1774 804 et

110 843 436 897 Nicosiam.

175 933 350 985 Anno
381 931 611 984 Domini
635 927 792 999 1233,
813 930 1061 1001 septima
1092 928 1428 997 indictione,
1452 927 1765 981 Matthaus

109 1018 486 1074 Marchafaba
540 1018 647 1073 fuit
702 1019 1060 1073 constitutus
1112 1021 1385 1073 secretus
1439 1016 1658 1071 Sicilia
1721 1020 1779 1071 et

110 1108 417 1163 Calabria.

181 1199 354 1251 Anuo
385 1196 618 1251 Domini
661 1195 813 1261 1234,
869 1198 1072 1250 octava
1124 1195 1444 1249 indictione
1504 1193 1779 1248 dominus

113 1287 432 1355 imperator
462 1284 818 1339 Fredericus
852 1284 956 1337 ivit
981 1284 1365 1338 Alamaniam.

181 1376 353 1428 Anno
404 1374 633 1428 Domini
702 1370 860 1442 1235,
913 1389 1065 1426 nona
1114 1372 1453 1441 indictione,
1504 1371 1779 1425 dominus

112 1466 434 1533 imperator
479 1462 839 1516 Fredericus
872 1462 921 1515 II
951 1463 1178 1532 accepit
1207 1476 1473 1530 uxorem,
1510 1473 1780 1515 sororem

114 1553 276 1623 regis
307 1551 561 1623 Anglia.
611 1550 675 1603 In
727 1550 934 1605 eodem
964 1565 1119 1604 anno
1169 1550 1325 1619 cepit
1354 1548 1538 1603 tilium
1572 1562 1780 1618 regem

115 1640 458 1709 Henricum,
512 1644 567 1694 et
606 1638 863 1693 restituit
908 1654 1043 1692 eum
1086 1638 1145 1692 in
1176 1653 1415 1693 carcere
1464 1649 1778 1707 usquequo

114 1731 382 1782 mortuus
414 1728 524 1781 fuit
569 1727 721 1797 apud
754 1725 1141 1794 Maturanum,
1175 1728 1233 1780 et
1261 1724 1532 1805 sepultus
1576 1724 1688 1778 fuit
1722 1722 1780 1776 in

114 1817 370 1871 ecclesia
399 1816 744 1871 Cusentina.

187 1908 360 1959 Anno
418 1905 646 1960 Domini
702 1903 857 1966 19.36,
908 1904 1134 1958 decima
1181 1903 1520 1972 indictione,
1578 1900 1780 1955 ultimo

116 1993 346 2047 mensis
366 1993 1025 2062 Novembris,dominus
1048 1992 1364 2061 imperator
1385 1992 1488 2045 ivit
1511 1991 1786 2044 Lombar-

117 2084 272 2137 diam
287 2098 421 2135 cum
444 2097 658 2150 magno
679 2082 962 2150 exercitu;
983 2081 1154 2135 etivit
1170 2095 1351 2150 super
1367 2079 1780 2146 Mediolanum,

116 2174 175 2226 et
206 2169 362 2240 cepit
388 2169 733 2224 Corrocium
772 2169 1319 2223 Mediolanensium.

193 2262 363 2313 Anno
397 2259 625 2314 Domini
657 2256 815 2326 1286,
878 2258 1187 2313 undecima
1211 2258 1543 2325 indictione,
1575 2271 1781 2311 mense

122 2348 449 2416 Februarii,
492 2349 666 2402 natus
710 2347 836 2415 fuit,
872 2362 980 2401 rex
1024 2346 1318 2401 Henricus
1372 2346 1529 2400 Illius
1560 2344 1782 2400 domini

118 2437 495 2507 imperatoris
541 2436 613 2491 de
663 2451 844 2491 uxore
878 2452 985 2490 sua
1042 2435 1232 2503 tertia,
1284 2451 1415 2505 qua
1447 2434 1555 2487 fuit
1609 2449 1782 2489 soror

122 2526 288 2597 regis
320 2526 569 2597 Anglia.
605 2525 667 2578 In
700 2526 907 2580 eodem
936 2540 1089 2578 anno
1146 2524 1421 2578 dominus
1468 2524 1784 2593 imperator

122 2614 359 2669 obsedit
390 2616 604 2668 terram
637 2630 771 2685 qua
828 2613 1045 2667 dicitur
1073 2613 1272 2681 Brixa,
1305 2616 1362 2667 et
1394 2611 1537 2666 nihil
1568 2627 1783 2682 preva-

122 2704 231 2757 luit
262 2703 322 2758 in
348 2718 436 2756 ea.

195 2792 369 2846 Anno
402 2790 627 2846 Domini
657 2791 815 2860 1237,
850 2790 1197 2845 duodecima
1220 2789 1558 2857 indictione,
1597 2790 1791 2860 primo

124 2880 354 2935 mensis
402 2880 678 2952 Augusti,
728 2879 1107 2934 Marchafaba
1139 2881 1409 2933 secretus
1454 2877 1615 2932 obiit.
1649 2878 1792 2933 Item

125 2969 338 3024 eodem
358 2983 511 3022 anno
531 2983 681 3038 papa
710 2966 1039 3040 Gregorius
1056 2965 1588 3022 excommunicavit
1609 2965 1795 3020 domi-

127 3074 268 3112 num
296 3058 710 3127 imperatorem
733 3055 1133 3111 Fredericum.

202 3148 375 3201 Anno
407 3145 640 3200 Domini
670 3143 827 3215 1238,
861 3145 1087 3200 decima
1114 3145 1281 3199 tertia
1314 3143 1650 3213 indictione,
1687 3144 1799 3198 fuit

130 3238 404 3291 secretus
425 3234 643 3289 Sicilia
656 3234 849 3305 Major
873 3235 944 3288 de
983 3234 1399 3303 Braucadoria;
1451 3237 1508 3287 et
1531 3232 1800 3304 justitia-

128 3329 259 3379 rius
280 3323 501 3379 Sicilia
518 3323 867 3377 Guillelmus
885 3324 956 3377 de
974 3324 1330 3395 Anglone,et
1346 3325 1803 3392 permanserunt

128 3415 189 3467 in
228 3412 427 3467 ofﬁcio
455 3427 658 3466 eorum
691 3427 797 3481 per
840 3413 1093 3482 spatium
1124 3412 1419 3467 mensium
1452 3414 1698 3481 septem.
1734 3410 1804 3464 Et

130 3505 191 3556 in
224 3517 431 3556 mense
463 3502 638 3555 Junio
670 3502 842 3556 dicta
883 3502 1107 3571 indict.,
1144 3501 1250 3556 fuit
1280 3504 1552 3555 secretus
1584 3497 1802 3554 Sicilia

131 3592 399 3646 Ubertus
430 3590 847 3659 Fallamonica,
873 3590 1301 3662 etjustitiarius
1325 3590 1535 3644 Petrus
1559 3589 1631 3643 de
1648 3589 1807 3643 Cala-

128 3681 284 3747 bria,
316 3682 371 3733 ct
392 3680 731 3748 capitaneus
754 3679 1053 3752 Rogerius
1088 3679 1158 3734 de
1183 3678 1428 3733 Amicis.

210 3770 383 3823 Anno
442 3768 673 3822 Domini
727 3766 883 3837 1239,
932 3768 1158 3822 decima
1210 3769 1412 3838 quarta
1462 3766 1798 3833 indictione,

129 3857 366 3930 pralati
400 3857 665 3911 Francia
697 3857 850 3927 capti
880 3856 1116 3911 fuerunt
1137 3872 1167 3909 a
1200 3856 1434 3910 domino
1485 3853 1799 3908 Prederico

130 3947 496 4016 imperatore
527 3950 794 4015 tempore
843 3945 1060 3999 domini
1108 3945 1378 4016 Gregorii
1427 3959 1614 4014 papa.
1648 3941 1719 3995 Et
1745 3942 1806 3996 in

132 4035 350 4089 eodem
378 4049 530 4089 anno
553 4035 705 4088 idem
739 4034 1011 4089 dominus
1040 4049 1189 4104 papa
1220 4033 1383 4088 obiit.

215 4124 391 4177 Anno
452 4122 689 4177 Domini
748 4122 905 4190 1240,
963 4122 1188 4176 decima
1246 4123 1447 4192 quinta
1495 4119 1813 4174 indictione

134 4211 653 4283 eratjustitiarius
704 4212 762 4266 in
815 4211 1013 4266 Sicilia
1048 4213 1258 4266 Petrus
1289 4211 1361 4265 de
1408 4210 1696 4265 Calabria.
1744 4208 1817 4262 Et

136 4304 200 4356 in
224 4301 433 4357 eodem
466 4317 617 4356 anno
647 4301 944 4373 Rogerius
959 4300 1029 4354 de
1047 4299 1272 4354 Amicis
1287 4299 1389 4352 ivit
1407 4299 1478 4353 ad
1493 4298 1813 4354 Soldanum

140 4390 494 4446 Babilonia.

216 4480 389 4533 Anno
416 4479 648 4533 Domini
680 4477 835 4543 12M,
886 4478 1094 4547 prima
1144 4476 1505 4546 indictionis,
1555 4475 1817 4530 Ubertus

1839 3189 1891 3253 C

1889 575 2279 630 Serrebaldus
2294 576 2611 629 cardinalis
2629 578 3179 646 suscepitpapatum
3199 577 3524 631 Romanum
3545 594 3558 647 ;

1890 667 1947 719 et
1974 665 2168 717 statim
2218 665 2320 717 ivit
2365 680 2469 733 per
2526 680 2685 718 mare
2733 665 2887 735 apud
2938 665 3207 732 Januam,
3262 670 3315 720 ct
3352 671 3558 734 postea

1892 754 1996 807 ivit
2016 768 2204 824 usque
2254 754 2564 807 Ludunum
2602 752 3025 825 [Lugdunum],
3058 757 3115 807 et
3138 755 3561 823 permansitibi

1893 856 2000 912 per
2028 842 2280 911 spatium
2302 858 2590 896 annorum
2618 858 2744 896 sex.
2778 842 2919 896 Item
2940 843 3146 897 eodem
3171 858 3557 912 anno,mense

1892 930 2035 985 Julii
2066 930 2339 1001 ejusdem
2368 930 2703 985 indictionis
2726 947 2933 986 omnes
2957 931 3235 986 Saraceni
3269 931 3342 986 de
3359 930 3560 985 Sicilia

1894 1021 2167 1088 tanquam
2194 1019 2449 1074 rebelles
2472 1019 2865 1073 ascenderunt
2897 1021 2955 1074 in
2978 1022 3270 1088 montana,
3304 1023 3360 1074 et
3391 1035 3562 1089 cepe-

1893 1110 2029 1161 runt
2060 1108 2254 1161 Jatum
2284 1111 2340 1162 et
2370 1108 2677 1162 Antellam.

1967 1200 2137 1251 Anno
2168 1197 2397 1250 Domini
2452 1196 2611 1265 1244,
2657 1200 2881 1267 quarta
2932 1196 3293 1265 indictionis,
3349 1210 3555 1251 mense

1898 1285 2092 1339 Martii
2140 1284 2409 1355 ejusdem
2449 1286 2807 1354 indictionis,
2842 1286 3147 1354 Tibaldus,
3196 1284 3557 1339 Franciscus

1898 1377 1955 1428 et
1982 1373 2305 1429 Guilelmus
2338 1375 2409 1428 de
2457 1376 2670 1430 Sancto
2702 1375 3069 1442 Severino,et
3100 1375 3195 1428 alii
3229 1374 3473 1428 comites
3506 1376 3564 1427 et

1895 1464 2151 1517 barones
2174 1463 2245 1517 de
2277 1478 2462 1534 regno
2496 1468 2779 1533 ceperunt
2810 1467 3024 1517 terram
3046 1462 3556 1532 Capaciietipsius

1898 1555 2155 1605 castrum
2167 1553 2443 1622 tanquam
2463 1552 2802 1621 rebelles,et
2816 1552 3089 1605 dominus
3103 1550 3559 1621 imperatorFre-

1897 1640 2134 1695 dericus
2152 1640 2453 1694 secundus
2477 1641 2707 1694 obsedit
2721 1644 2909 1709 eos,et
2932 1641 2990 1694 in
3008 1641 3316 1694 medietate
3330 1638 3556 1692 mensis

1896 1727 2036 1782 Julii
2068 1727 2337 1798 ejusdem
2369 1728 2707 1783 indictionis
2766 1730 2917 1798 cepit
2967 1744 3070 1783 eos
3102 1743 3328 1794 omnes,
3366 1726 3556 1795 captis

1828 1817 2173 1900 Bomnibus
2230 1817 2569 1883 hominibus
2601 1816 2701 1887 qui
2758 1817 3072 1871 manebant
3124 1832 3256 1870 cum
3304 1816 3441 1881 illis,
3502 1816 3559 1869 et

1895 1905 2318 1974 transportavit
2346 1906 2499 1974 illos,
2524 1908 2582 1960 et
2610 1907 2670 1959 in
2699 1910 2853 1959 terra
2887 1906 3168 1974 Neapolis
3192 1919 3399 1958 omnes
3420 1902 3557 1956 illos

1901 1994 2227 2048 succendit.
2259 1994 2330 2048 Et
2374 1994 2511 2048 inde
2568 1994 2965 2048 nobilioribus
2993 1992 3357 2047 mulieribus
3388 1990 3559 2061 regni

1900 2084 2072 2153 cepit,
2091 2086 2145 2137 et
2166 2083 2326 2136 misit
2366 2084 2500 2137 illas
2544 2084 2603 2137 in
2643 2099 2883 2137 cari-ere
2928 2082 3080 2151 apud
3102 2083 3478 2147 Panormum,
3503 2080 3561 2134 et

1901 2186 2198 2241 nunquam
2227 2173 2431 2240 postea
2452 2175 2925 2240 comparuerunt.
2956 2170 3098 2224 Item
3125 2170 3331 2223 eodem
3381 2181 3554 2233 anno,

1900 2274 2104 2313 mense
2157 2258 2296 2312 Julii
2346 2258 2615 2329 ejusdem
2669 2259 3029 2327 indictionis,
3066 2258 3174 2311 fuit
3203 2256 3559 2310 constitutus

1899 2349 1961 2402 in
1988 2347 2187 2402 Sicilia
2205 2347 2565 2418 justitiarius
2587 2348 2859 2401 dominus
2886 2348 3055 2419 Hugo
3078 2347 3150 2401 de
3179 2345 3413 2400 Casino.

1972 2439 2140 2492 Anno
2175 2436 2406 2490 Domini
2436 2437 2574 2490 1245
2616 2437 2954 2491 indictionis
3005 2437 3244 2508 quinta,
3296 2434 3369 2489 de
3397 2449 3559 2488 man-

1902 2527 2035 2581 dato
2048 2526 2267 2580 domini
2282 2525 2655 2594 imperatoris
2670 2540 2869 2580 comes
2886 2524 3227 2580 Reccardus
3243 2523 3561 2579 deCaserta

1904 2615 2077 2686 ejecit
2092 2629 2299 2669 omnes
2311 2613 2674 2668 Sarracenos
2702 2615 2773 2668 de
2785 2613 3070 2680 Sicilia,et
3084 2614 3243 2667 misit
3256 2613 3391 2667 illos
3410 2611 3564 2682 apud

1905 2703 2218 2758 Noceriam
2237 2703 2296 2756 in
2318 2703 2697 2773 Apulia.ltem
2715 2703 2924 2758 eodem
2943 2718 3097 2757 anno
3120 2702 3394 2757 dominus
3415 2716 3566 2771 papa

1908 2792 2284 2846 Innocentius
2357 2791 2677 2847 celebravit
2750 2807 3027 2862 magnum
3069 2792 3384 2845 concilium
3411 2790 3566 2859 apud

1909 2880 2261 2952 Lugdunum
2284 2896 2413 2934 cum
2437 2880 2698 2949 praelatis
2741 2880 3211 2947 ultramontanis,
3246 2881 3303 2932 et
3339 2894 3455 2933 non
3491 2879 3562 2932 de

1907 2984 2111 3041 regno,
2146 2971 2360 3038 praeter
2377 2968 2673 3022 dominum
2702 2969 3067 3023 Reccardum
3088 2967 3569 3021 Panormitanum

1907 3057 2442 3127 archiepiscOpum,
2476 3058 2577 3128 qui
2597 3057 2678 3110 ibi
2708 3058 2934 3111 missus
2950 3056 3056 3110 fuit
3078 3072 3109 3109 a
3140 3055 3572 3124 dominoimpe-

1910 3149 2126 3201 ratore.

1982 3237 2150 3289 Auno
2179 3236 2407 3290 Domini
2433 3233 2568 3291 1247
2599 3234 2937 3288 indictionis
2971 3233 3259 3302 septima;
3294 3230 3572 3287 dominus

1912 3324 2230 3393 imperator
2274 3324 2606 3394 Liodaycus
2637 3339 2744 3377 rex
2796 3322 3161 3376 Francorum
3207 3321 3482 3375 transivit
3514 3321 3573 3374 in

1912 3414 2110 3482 partes
2142 3412 2574 3481 ultramarinas,
2608 3411 3006 3482 etpermansit
3039 3410 3097 3462 in
3146 3409 3341 3463 insula
3369 3408 3580 3478 Cypris

1914 3500 1973 3554 in
2005 3516 2209 3555 mense
2259 3501 2419 3555 Junii
2466 3499 2738 3571 ejusdem
2790 3498 3135 3553 indictionis
3186 3499 3244 3552 et
3285 3498 3345 3550 in
3375 3497 3582 3551 eodem

1916 3605 2121 3644 mense
2153 3590 2426 3643 transivit
2455 3590 2705 3644 viriliter
2734 3603 2924 3659 usque
2948 3602 3108 3642 mare
3140 3587 3440 3655 Damiata,
3466 3588 3582 3640 sta-

1918 3679 2019 3731 tim
2051 3694 2183 3732 cum
2210 3694 2423 3749 magno
2447 3678 2664 3748 gaudio
2695 3676 2848 3745 cepit
2869 3677 3058 3746 ipsam
3090 3678 3331 3730 terram.

1991 3767 2160 3820 Anno
2195 3766 2421 3820 Domini
2442 3765 2578 3819 1248
2594 3765 2932 3819 indictionis
2954 3766 3178 3819 octava
3200 3779 3405 3819 mense
3421 3751 3586 3834 Apri-

1921 3855 1995 3910 lis
2018 3854 2290 3925 ejusdem
2305 3854 2643 3908 indictionis
2667 3854 2942 3907 dominus
2958 3868 3065 3906 rex
3083 3853 3588 3921 Francorumper-

1923 3944 2067 3998 didit
2088 3943 2298 3997 dictam
2321 3945 2537 3996 terram
2560 3942 2924 4008 Damiata,et
2940 3941 3238 3997 Soldanus
3258 3940 3583 3998 Babilonia

1923 4032 2292 4103 recuperavit
2317 4046 2464 4086 eam.

1994 4123 2161 4175 Anno
2195 4120 2426 4175 Domini
2460 4118 2597 4174 1:250
2645 4119 2960 4173 indictione
3009 4134 3182 4187 nona,
3224 4133 3429 4172 mense
3469 4118 3587 4170 De-

1923 4210 2179 4265 cembris
2194 4209 2463 4281 ejusdem
2478 4206 3118 4276 indictionis,dominus
3132 4204 3586 4277 imperatorFre-

1923 4299 2161 4354 dericus
2220 4297 2522 4352 secundus
2582 4295 2725 4351 obiit
2780 4297 2837 4349 in
2871 4296 3120 4366 Apulea,
3179 4295 3239 4349 in
3266 4298 3424 4349 terra
3454 4309 3588 4364 qua

1923 4388 2137 4442 dicitur
2167 4387 2586 4455 Florentinum,
2612 4389 2667 4441 ct
2696 4401 2913 4456 corpus
2948 4384 3081 4456 ejus
3112 4383 3392 4455 applicuit
3423 4382 3587 4438 Mes-

1924 4493 2086 4531 sana
2117 4477 2347 4531 decimo
2392 4476 2560 4531 tertio
2616 4475 2877 4530 Januarii
2911 4474 3082 4528 dicta
3138 4473 3498 4539 indictionis,
3531 4475 3588 4527 et

141 4570 219 4623 de
265 4567 664 4623 Fallamonica
723 4567 794 4620 de
850 4543 1119 4619 mandato
1174 4565 1394 4619 domini
1445 4543 1818 4635 imperatoris
1848 4543 1905 4608 Β
1923 4566 2139 4620 mansit
2167 4581 2384 4636 corpus
2408 4565 2542 4636 ejus
2562 4564 2635 4619 de
2655 4564 2746 4619 die
2771 4563 2827 4616 in
2858 4563 3012 4618 diem
3040 4562 3358 4633 aliquantis
3377 4561 3590 4616 diebus

140 4659 249 4713 ivit
298 4656 452 4728 apud
496 4656 855 4710 Maroccum.
917 4654 989 4707 Et
1036 4654 1094 4707 in
1153 4654 1358 4708 eodem
1417 4669 1567 4708 anno
1616 4653 1820 4708 Solda-

138 4746 1417 4801 nusde........ct.........
1468 4742 1821 4797 insiluerunt

137 4835 524 4889 Christianos
564 4835 662 4905 qui
698 4831 1039 4885 habitabant
1075 4829 1412 4885 Jerusalem
1450 4834 1507 4885 et
1536 4833 1821 4900 ceperunt

138 4925 306 4991 illos,
337 4922 681 4977 occiderunt
698 4924 754 4975 et
774 4921 1040 4991 captivos
1069 4919 1382 4973 duxerunt.
1418 4918 1490 4973 Et
1518 4936 1575 4973 1n
1609 4919 1818 4974 eodem

136 5014 304 5069 bello
338 5011 448 5065 fuit
496 5012 766 5065 mortuus
798 5009 894 5064 ille
928 5007 1237 5063 Perfectus
1268 5008 1588 5079 episcopus
1619 5008 1819 5062 Sancti

135 5101 395 5174 Georgii
422 5101 492 5154 de
522 5101 721 5162 Hama,
772 5102 829 5153 et
868 5098 1142 5153 dominus
1172 5096 1486 5152 Guaterius
1528 5098 1599 5151 de
1620 5096 1816 5166 Breta,

137 5192 432 5247 dominus
452 5190 663 5260 depen.
685 5188 755 5241 Et
775 5188 831 5242 in
854 5187 970 5241 illis
995 5187 1206 5241 diebus
1224 5186 1501 5241 dominus
1520 5186 1821 5259 Rogerius

136 5282 215 5336 de
244 5278 476 5334 Amicis
505 5277 778 5333 manebat
799 5276 1185 5345 Babiloniam,
1233 5278 1290 5330 et
1317 5276 1377 5329 in
1406 5274 1658 5346 Cayrum
1689 5291 1824 5329 cum

135 5370 433 5426 Soldano.

216 5463 404 5513 Anno
437 5456 667 5511 Domini
701 5453 1147 5523 l9‘2,secunda
1168 5454 1507 5510 indictionis
1526 5453 1824 5525 Rogerius

135 5550 215 5603 de
251 5545 492 5601 Parisio
525 5546 631 5600 fuit
670 5545 1014 5615 capitaneus
1069 5543 1308 5600 Sicilia.
1369 5543 1696 5599 Guilelmus
1753 5543 1825 5597 de

134 5639 413 5694 Taraum
436 5633 819 5707 justitiarius.

1927 4656 1987 4709 in
2018 4655 2272 4710 ecclesia
2304 4654 2599 4722 Pactensi,
2635 4656 2897 4723 tempore
2927 4651 3145 4706 domini
3183 4650 3432 4720 Philippi
3462 4650 3592 4719 epi-

1928 4746 2091 4815 sc0pi
2122 4744 2391 4815 ejusdem
2408 4746 2670 4811 terra,et
2707 4742 2812 4795 fuit
2844 4741 3155 4795 coductum
3200 4741 3406 4809 postea
3436 4737 3592 4807 apud

1933 4835 2311 4902 Panormum,
2333 4836 2389 4887 et
2419 4832 2500 4887 ibi
2522 4831 2631 4886 fuit
2651 4830 2963 4901 sepultum.
2988 4828 3272 4882 Dominus
3292 4825 3590 4881 Henricus

1928 4938 2034 4977 rex
2065 4922 2221 4975 ﬁlius
2252 4921 2473 4975 domini
2520 4919 2892 4990 imperatoris
2923 4919 3271 4988 procreatus
3304 4916 3374 4969 de
3408 4929 3591 4969 uxore

1930 5010 2162 5081 Anglia
2191 5009 2421 5064 decimo
2436 5024 2591 5063 nono
2606 5009 2699 5062 rlie
2719 5007 2943 5060 mensis
2959 5003 3217 5059 Januarii
3232 5003 3404 5057 dicta
3420 5018 3593 5059 nona

1930 5098 2268 5153 indictionis
2290 5098 2569 5168 applicuit
2587 5097 2944 5164 Messanam,
2978 5095 3035 5148 et
3066 5108 3195 5147 cum
3228 5092 3445 5164 gaudio
3466 5107 3591 5146 ma-

1932 5204 2048 5260 gno
2082 5188 2189 5242 fuit
2218 5187 2298 5241 ibi
2323 5189 2619 5257 receptus.

2002 5276 2170 5332 Anno
2204 5276 2431 5331 Domini
2492 5274 2629 5330 1250
2657 5272 2973 5326 indi~'i~-~
3009 5270 3478 5339 ilcz-ima,mense
3496 5271 3592 5326 Ja-

1931 5365 2116 5419 nuarii
2147 5363 2417 5435 ejusdem
2448 5362 2806 5430 indictionis,
2842 5362 3115 5414 dominus
3148 5374 3253 5413 rex
3284 5358 3583 5413 Corradus

1928 5452 2084 5507 tilius
2125 5449 2345 5506 domini
2392 5448 2764 5517 imperatoris
2820 5448 2981 5501 venit
3011 5446 3083 5499 de
3121 5446 3434 5499 Alamanca
3480 5458 3591 5514 per

1928 5557 2088 5595 mare
2119 5554 2250 5594 cum
2274 5553 2487 5609 magno
2519 5536 2736 5591 cxtolio
2768 5538 2953 5590 misso
2986 5531 3593 5605 perdominumprin-

1931 5631 2139 5704 cipem,
2173 5628 2276 5700 qui
2329 5628 2454 5684 erat
2482 5625 2705 5682 Ballius
2754 5624 2933 5681 totius
2991 5624 3165 5697 regni
3209 5622 3282 5679 de
3312 5617 3589 5675 mandato
