  <div class='ocr_page' id='page_1' title='image "/cluster/home/n/w/nwhite01/storage/ocr_20150623/149/hvd.32044054760079/613.png"; bbox 0 0 4074 6150; ppageno 0'>
   <div class='ocr_carea' id='block_1_1' title="bbox 592 280 752 347">
    <p class='ocr_par' dir='ltr' id='par_1_1' title="bbox 592 280 752 347">
     <span class='ocr_line' id='line_1_1' title="bbox 592 280 752 347; baseline -0.006 -4"><span class='ocrx_word' id='word_1_1' title='bbox 592 280 752 347; x_wconf 81' lang='grc'>1215</span> 
     </span>
    </p>
   </div>
   <div class='ocr_carea' id='block_1_2' title="bbox 967 280 2243 351">
    <p class='ocr_par' dir='ltr' id='par_1_2' title="bbox 967 280 2243 345">
     <span class='ocr_line' id='line_1_2' title="bbox 967 280 2243 345; baseline 0.001 -3"><span class='ocrx_word' id='word_1_2' title='bbox 967 282 1079 342; x_wconf 91' lang='lat' dir='ltr'>AD</span> <span class='ocrx_word' id='word_1_3' title='bbox 1112 281 1546 344; x_wconf 82' lang='lat' dir='ltr'>GAUFREDI</span> <span class='ocrx_word' id='word_1_4' title='bbox 1591 280 2026 345; x_wconf 84' lang='lat' dir='ltr'>MALATER.</span> <span class='ocrx_word' id='word_1_5' title='bbox 2064 280 2243 343; x_wconf 88' lang='grc' dir='ltr'>ΜοΝ</span> 
     </span>
    </p>
   </div>
   <div class='ocr_carea' id='block_1_3' title="bbox 2354 280 3614 351">
    <p class='ocr_par' dir='ltr' id='par_1_3' title="bbox 2354 280 3614 351">
     <span class='ocr_line' id='line_1_3' title="bbox 2354 280 3614 351; baseline 0.009 -15"><span class='ocrx_word' id='word_1_6' title='bbox 2354 280 2606 343; x_wconf 74' lang='lat' dir='ltr'>LENED.</span> <span class='ocrx_word' id='word_1_7' title='bbox 2644 282 2855 346; x_wconf 84' lang='lat' dir='ltr'>HIST.</span> <span class='ocrx_word' id='word_1_8' title='bbox 2890 284 3155 347; x_wconf 87' lang='lat' dir='ltr'>SICUL.</span> <span class='ocrx_word' id='word_1_9' title='bbox 3190 286 3614 351; x_wconf 84' lang='lat' dir='ltr'>APPENDIX.</span> 
     </span>
    </p>
   </div>
   <div class='ocr_carea' id='block_1_4' title="bbox 3349 485 3872 502">
    <p class='ocr_par' dir='ltr' id='par_1_4' title="bbox 3349 485 3872 502">
     <span class='ocr_line' id='line_1_4' title="bbox 3349 485 3872 502; baseline 0.011 -6"><span class='ocrx_word' id='word_1_10' title='bbox 3349 485 3380 502; x_wconf 67' lang='grc' dir='ltr'>οι</span> <span class='ocrx_word' id='word_1_11' title='bbox 3416 501 3426 502; x_wconf 31' lang='lat'><em>7</em></span> <span class='ocrx_word' id='word_1_12' title='bbox 3457 485 3466 495; x_wconf 74' lang='grc' dir='ltr'><strong><em>ο</em></strong></span> <span class='ocrx_word' id='word_1_13' title='bbox 3573 487 3583 497; x_wconf 81' lang='grc' dir='ltr'>ι</span> <span class='ocrx_word' id='word_1_14' title='bbox 3683 488 3693 498; x_wconf 75' lang='grc' dir='ltr'><strong>ο</strong></span> <span class='ocrx_word' id='word_1_15' title='bbox 3755 489 3799 502; x_wconf 74' lang='lat'>(\-</span> <span class='ocrx_word' id='word_1_16' title='bbox 3836 493 3872 502; x_wconf 29' lang='lat' dir='ltr'>tu.</span> 
     </span>
    </p>
   </div>
   <div class='ocr_carea' id='block_1_5' title="bbox 593 469 3909 559">
    <p class='ocr_par' dir='ltr' id='par_1_5' title="bbox 593 469 3909 559">
     <span class='ocr_line' id='line_1_5' title="bbox 593 469 3909 559; baseline 0.003 -25"><span class='ocrx_word' id='word_1_17' title='bbox 593 481 810 535; x_wconf 89' lang='lat' dir='ltr'>domini</span> <span class='ocrx_word' id='word_1_18' title='bbox 834 480 1221 549; x_wconf 90' lang='lat' dir='ltr'>imperatoris,</span> <span class='ocrx_word' id='word_1_19' title='bbox 1249 485 1302 533; x_wconf 88' lang='lat' dir='ltr'>et</span> <span class='ocrx_word' id='word_1_20' title='bbox 1337 480 1615 549; x_wconf 81' lang='lat' dir='ltr'>applicuit</span> <span class='ocrx_word' id='word_1_21' title='bbox 1638 480 1695 532; x_wconf 90' lang='lat' dir='ltr'>in</span> <span class='ocrx_word' id='word_1_22' title='bbox 1732 479 2012 549; x_wconf 85' lang='lat' dir='ltr'>Apuleam</span> <span class='ocrx_word' id='word_1_23' title='bbox 2043 482 2252 534; x_wconf 89' lang='lat' dir='ltr'>octavo</span> <span class='ocrx_word' id='word_1_24' title='bbox 2283 469 2341 526; x_wconf 84' lang='grc' dir='ltr'><strong>Α</strong></span> <span class='ocrx_word' id='word_1_25' title='bbox 2368 496 2569 535; x_wconf 90' lang='lat' dir='ltr'>comes</span> <span class='ocrx_word' id='word_1_26' title='bbox 2592 481 2945 535; x_wconf 88' lang='lat' dir='ltr'>Fredericus</span> <span class='ocrx_word' id='word_1_27' title='bbox 2970 482 3201 537; x_wconf 82' lang='lat' dir='ltr'>Lancea</span> <span class='ocrx_word' id='word_1_28' title='bbox 3231 485 3386 537; x_wconf 83' lang='lat' dir='ltr'>venit</span> <span class='ocrx_word' id='word_1_29' title='bbox 3415 485 3655 541; x_wconf 76' lang='lat' dir='ltr'>vicarius</span> <span class='ocrx_word' id='word_1_30' title='bbox 3680 488 3729 540; x_wconf 91' lang='lat' dir='ltr'>in</span> <span class='ocrx_word' id='word_1_31' title='bbox 3754 489 3909 559; x_wconf 82' lang='lat' dir='ltr'>Sicilia,</span> 
     </span>
    </p>
   </div>
   <div class='ocr_carea' id='block_1_6' title="bbox 591 568 1435 624">
    <p class='ocr_par' dir='ltr' id='par_1_6' title="bbox 591 568 1435 624">
     <span class='ocr_line' id='line_1_6' title="bbox 591 568 1435 624; baseline -0.002 -1"><span class='ocrx_word' id='word_1_32' title='bbox 591 569 854 624; x_wconf 82' lang='lat' dir='ltr'>Januarii</span> <span class='ocrx_word' id='word_1_33' title='bbox 876 570 1045 623; x_wconf 66' lang='lat' dir='ltr'>dictae</span> <span class='ocrx_word' id='word_1_34' title='bbox 1079 568 1435 622; x_wconf 88' lang='lat' dir='ltr'>indictionis.</span> 
     </span>
    </p>
   </div>
   <div class='ocr_carea' id='block_1_7' title="bbox 665 656 2252 722">
    <p class='ocr_par' dir='ltr' id='par_1_7' title="bbox 665 656 2252 722">
     <span class='ocr_line' id='line_1_7' title="bbox 665 656 2252 722; baseline -0.001 -10"><span class='ocrx_word' id='word_1_35' title='bbox 665 660 834 712; x_wconf 85' lang='lat' dir='ltr'>Anno</span> <span class='ocrx_word' id='word_1_36' title='bbox 867 657 1096 711; x_wconf 90' lang='lat' dir='ltr'>Domini</span> <span class='ocrx_word' id='word_1_37' title='bbox 1133 657 1270 709; x_wconf 70' lang='lat'>1:259.</span> <span class='ocrx_word' id='word_1_38' title='bbox 1304 658 1615 710; x_wconf 79' lang='lat' dir='ltr'>indictione</span> <span class='ocrx_word' id='word_1_39' title='bbox 1649 656 2014 722; x_wconf 88' lang='lat' dir='ltr'>duodecima,</span> <span class='ocrx_word' id='word_1_40' title='bbox 2049 672 2252 711; x_wconf 90' lang='lat' dir='ltr'>mense</span> 
     </span>
    </p>
   </div>
   <div class='ocr_carea' id='block_1_8' title="bbox 592 745 2254 816">
    <p class='ocr_par' dir='ltr' id='par_1_8' title="bbox 592 745 2254 816">
     <span class='ocr_line' id='line_1_8' title="bbox 592 745 2254 816; baseline -0.002 -14"><span class='ocrx_word' id='word_1_41' title='bbox 592 747 865 802; x_wconf 77' lang='lat' dir='ltr'>Octobris</span> <span class='ocrx_word' id='word_1_42' title='bbox 889 746 1181 816; x_wconf 80' lang='lat' dir='ltr'>ejusdem,</span> <span class='ocrx_word' id='word_1_43' title='bbox 1204 746 1412 798; x_wconf 78' lang='lat' dir='ltr'>civitas</span> <span class='ocrx_word' id='word_1_44' title='bbox 1432 745 1711 814; x_wconf 82' lang='lat' dir='ltr'>Neapolis</span> <span class='ocrx_word' id='word_1_45' title='bbox 1736 749 1901 813; x_wconf 90' lang='lat' dir='ltr'>capta</span> <span class='ocrx_word' id='word_1_46' title='bbox 1933 746 2041 799; x_wconf 84' lang='lat' dir='ltr'>fuit</span> <span class='ocrx_word' id='word_1_47' title='bbox 2061 746 2133 799; x_wconf 88' lang='lat' dir='ltr'>ab</span> <span class='ocrx_word' id='word_1_48' title='bbox 2153 761 2254 799; x_wconf 87' lang='lat' dir='ltr'>eo-</span> 
     </span>
    </p>
   </div>
   <div class='ocr_carea' id='block_1_9' title="bbox 594 832 2253 904">
    <p class='ocr_par' dir='ltr' id='par_1_9' title="bbox 594 832 2253 904">
     <span class='ocr_line' id='line_1_9' title="bbox 594 832 2253 904; baseline -0.002 -14"><span class='ocrx_word' id='word_1_49' title='bbox 594 836 726 890; x_wconf 90' lang='lat' dir='ltr'>dem</span> <span class='ocrx_word' id='word_1_50' title='bbox 753 835 988 889; x_wconf 89' lang='lat' dir='ltr'>domino</span> <span class='ocrx_word' id='word_1_51' title='bbox 1005 850 1142 904; x_wconf 77' lang='lat' dir='ltr'>rege</span> <span class='ocrx_word' id='word_1_52' title='bbox 1169 832 1448 887; x_wconf 84' lang='lat' dir='ltr'>Corrado.</span> <span class='ocrx_word' id='word_1_53' title='bbox 1484 834 1543 887; x_wconf 90' lang='lat' dir='ltr'>In</span> <span class='ocrx_word' id='word_1_54' title='bbox 1569 849 1770 887; x_wconf 89' lang='lat' dir='ltr'>mense</span> <span class='ocrx_word' id='word_1_55' title='bbox 1815 834 1947 887; x_wconf 87' lang='lat' dir='ltr'>Maii</span> <span class='ocrx_word' id='word_1_56' title='bbox 1981 834 2253 903; x_wconf 85' lang='lat' dir='ltr'>ejusdem</span> 
     </span>
    </p>
   </div>
   <div class='ocr_carea' id='block_1_10' title="bbox 594 922 2255 993">
    <p class='ocr_par' dir='ltr' id='par_1_10' title="bbox 594 922 2255 993">
     <span class='ocr_line' id='line_1_10' title="bbox 594 922 2255 993; baseline -0.001 -15"><span class='ocrx_word' id='word_1_57' title='bbox 594 925 758 993; x_wconf 91' lang='lat' dir='ltr'>obiit,</span> <span class='ocrx_word' id='word_1_58' title='bbox 794 928 849 977; x_wconf 89' lang='lat' dir='ltr'>et</span> <span class='ocrx_word' id='word_1_59' title='bbox 878 924 1147 993; x_wconf 90' lang='lat' dir='ltr'>sepultus</span> <span class='ocrx_word' id='word_1_60' title='bbox 1188 922 1295 976; x_wconf 86' lang='lat' dir='ltr'>fuit</span> <span class='ocrx_word' id='word_1_61' title='bbox 1336 923 1648 975; x_wconf 85' lang='lat' dir='ltr'>Messanae.</span> <span class='ocrx_word' id='word_1_62' title='bbox 1693 922 1832 975; x_wconf 90' lang='lat' dir='ltr'>Item</span> <span class='ocrx_word' id='word_1_63' title='bbox 1868 922 2072 976; x_wconf 90' lang='lat' dir='ltr'>eodem</span> <span class='ocrx_word' id='word_1_64' title='bbox 2103 937 2255 976; x_wconf 86' lang='lat' dir='ltr'>anno</span> 
     </span>
    </p>
   </div>
   <div class='ocr_carea' id='block_1_11' title="bbox 593 1010 2256 1081">
    <p class='ocr_par' dir='ltr' id='par_1_11' title="bbox 593 1010 2256 1081">
     <span class='ocr_line' id='line_1_11' title="bbox 593 1010 2256 1081; baseline -0.002 -13"><span class='ocrx_word' id='word_1_65' title='bbox 593 1028 799 1068; x_wconf 87' lang='lat' dir='ltr'>mense</span> <span class='ocrx_word' id='word_1_66' title='bbox 830 1012 1090 1065; x_wconf 83' lang='lat' dir='ltr'>Januarii</span> <span class='ocrx_word' id='word_1_67' title='bbox 1117 1011 1249 1081; x_wconf 87' lang='lat' dir='ltr'>ejus</span> <span class='ocrx_word' id='word_1_68' title='bbox 1279 1011 1615 1065; x_wconf 89' lang='lat' dir='ltr'>indictionis</span> <span class='ocrx_word' id='word_1_69' title='bbox 1648 1026 1753 1064; x_wconf 84' lang='lat' dir='ltr'>rex</span> <span class='ocrx_word' id='word_1_70' title='bbox 1786 1010 2080 1064; x_wconf 87' lang='lat' dir='ltr'>Henricus</span> <span class='ocrx_word' id='word_1_71' title='bbox 2112 1025 2256 1080; x_wconf 66' lang='lat' dir='ltr'>prse-</span> 
     </span>
    </p>
   </div>
   <div class='ocr_carea' id='block_1_12' title="bbox 593 1102 971 1156">
    <p class='ocr_par' dir='ltr' id='par_1_12' title="bbox 593 1102 971 1156">
     <span class='ocr_line' id='line_1_12' title="bbox 593 1102 971 1156; baseline -0.008 0"><span class='ocrx_word' id='word_1_72' title='bbox 593 1102 785 1156; x_wconf 85' lang='lat' dir='ltr'>dictus</span> <span class='ocrx_word' id='word_1_73' title='bbox 809 1102 971 1155; x_wconf 85' lang='lat' dir='ltr'>obiit.</span> 
     </span>
    </p>
   </div>
   <div class='ocr_carea' id='block_1_13' title="bbox 662 1187 2252 1254">
    <p class='ocr_par' dir='ltr' id='par_1_13' title="bbox 662 1187 2252 1254">
     <span class='ocr_line' id='line_1_13' title="bbox 662 1187 2252 1254; baseline -0.001 -11"><span class='ocrx_word' id='word_1_74' title='bbox 662 1190 831 1243; x_wconf 82' lang='lat' dir='ltr'>Anno</span> <span class='ocrx_word' id='word_1_75' title='bbox 860 1188 1088 1242; x_wconf 90' lang='lat' dir='ltr'>Domini</span> <span class='ocrx_word' id='word_1_76' title='bbox 1119 1187 1256 1242; x_wconf 74' lang='grc'>1253</span> <span class='ocrx_word' id='word_1_77' title='bbox 1274 1190 1588 1242; x_wconf 89' lang='lat' dir='ltr'>indictione</span> <span class='ocrx_word' id='word_1_78' title='bbox 1604 1188 1827 1243; x_wconf 87' lang='lat' dir='ltr'>decima</span> <span class='ocrx_word' id='word_1_79' title='bbox 1849 1188 2252 1254; x_wconf 87' lang='lat' dir='ltr'>tertia,mense</span> 
     </span>
    </p>
   </div>
   <div class='ocr_carea' id='block_1_14' title="bbox 592 1275 2254 1348">
    <p class='ocr_par' dir='ltr' id='par_1_14' title="bbox 592 1275 2254 1348">
     <span class='ocr_line' id='line_1_14' title="bbox 592 1275 2254 1348; baseline -0.004 -15"><span class='ocrx_word' id='word_1_80' title='bbox 592 1278 951 1333; x_wconf 86' lang='lat' dir='ltr'>Novembris</span> <span class='ocrx_word' id='word_1_81' title='bbox 971 1277 1239 1348; x_wconf 79' lang='lat' dir='ltr'>ejusdem</span> <span class='ocrx_word' id='word_1_82' title='bbox 1256 1277 1998 1344; x_wconf 87' lang='lat' dir='ltr'>indictionis,1nnocentius</span> <span class='ocrx_word' id='word_1_83' title='bbox 2019 1291 2162 1344; x_wconf 89' lang='lat' dir='ltr'>papa</span> <span class='ocrx_word' id='word_1_84' title='bbox 2179 1275 2254 1328; x_wconf 89' lang='lat' dir='ltr'><strong>IV</strong></span> 
     </span>
    </p>
   </div>
   <div class='ocr_carea' id='block_1_15' title="bbox 590 1363 2253 1437">
    <p class='ocr_par' dir='ltr' id='par_1_15' title="bbox 590 1363 2253 1437">
     <span class='ocr_line' id='line_1_15' title="bbox 590 1363 2253 1437; baseline -0.003 -16"><span class='ocrx_word' id='word_1_85' title='bbox 590 1366 830 1421; x_wconf 84' lang='lat' dir='ltr'>intravit</span> <span class='ocrx_word' id='word_1_86' title='bbox 881 1366 1186 1435; x_wconf 83' lang='lat' dir='ltr'>Neapolim</span> <span class='ocrx_word' id='word_1_87' title='bbox 1245 1382 1373 1419; x_wconf 90' lang='lat' dir='ltr'>cum</span> <span class='ocrx_word' id='word_1_88' title='bbox 1411 1382 1621 1437; x_wconf 83' lang='lat' dir='ltr'>magna</span> <span class='ocrx_word' id='word_1_89' title='bbox 1671 1365 2081 1431; x_wconf 64' lang='lat' dir='ltr'>exsultatione,</span> <span class='ocrx_word' id='word_1_90' title='bbox 2118 1363 2253 1433; x_wconf 83' lang='lat' dir='ltr'>quia</span> 
     </span>
    </p>
   </div>
   <div class='ocr_carea' id='block_1_16' title="bbox 590 1452 2250 1524">
    <p class='ocr_par' dir='ltr' id='par_1_16' title="bbox 590 1452 2250 1524">
     <span class='ocr_line' id='line_1_16' title="bbox 590 1452 2250 1524; baseline -0.002 -16"><span class='ocrx_word' id='word_1_91' title='bbox 590 1454 865 1509; x_wconf 86' lang='lat' dir='ltr'>dominus</span> <span class='ocrx_word' id='word_1_92' title='bbox 896 1455 1174 1524; x_wconf 86' lang='lat' dir='ltr'>princeps</span> <span class='ocrx_word' id='word_1_93' title='bbox 1204 1455 1471 1519; x_wconf 88' lang='lat' dir='ltr'>voluit,et</span> <span class='ocrx_word' id='word_1_94' title='bbox 1500 1470 1606 1524; x_wconf 90' lang='lat' dir='ltr'>per</span> <span class='ocrx_word' id='word_1_95' title='bbox 1636 1454 1927 1507; x_wconf 88' lang='lat' dir='ltr'>licentiam</span> <span class='ocrx_word' id='word_1_96' title='bbox 1961 1468 2128 1507; x_wconf 89' lang='lat' dir='ltr'>suam</span> <span class='ocrx_word' id='word_1_97' title='bbox 2160 1452 2250 1505; x_wconf 93' lang='lat' dir='ltr'>in-</span> 
     </span>
    </p>
   </div>
   <div class='ocr_carea' id='block_1_17' title="bbox 587 1541 2252 1615">
    <p class='ocr_par' dir='ltr' id='par_1_17' title="bbox 587 1541 2252 1615">
     <span class='ocr_line' id='line_1_17' title="bbox 587 1541 2252 1615; baseline -0.001 -18"><span class='ocrx_word' id='word_1_98' title='bbox 587 1544 766 1597; x_wconf 87' lang='lat' dir='ltr'>travit</span> <span class='ocrx_word' id='word_1_99' title='bbox 796 1544 854 1596; x_wconf 92' lang='lat' dir='ltr'>in</span> <span class='ocrx_word' id='word_1_100' title='bbox 888 1559 1156 1615; x_wconf 83' lang='lat' dir='ltr'>regnum.</span> <span class='ocrx_word' id='word_1_101' title='bbox 1195 1543 1264 1597; x_wconf 87' lang='lat' dir='ltr'>Et</span> <span class='ocrx_word' id='word_1_102' title='bbox 1291 1545 1345 1597; x_wconf 91' lang='lat' dir='ltr'>in</span> <span class='ocrx_word' id='word_1_103' title='bbox 1378 1543 1496 1597; x_wconf 83' lang='lat' dir='ltr'>illis</span> <span class='ocrx_word' id='word_1_104' title='bbox 1526 1543 1736 1596; x_wconf 89' lang='lat' dir='ltr'>diebus</span> <span class='ocrx_word' id='word_1_105' title='bbox 1769 1542 1875 1595; x_wconf 86' lang='lat' dir='ltr'>fuit</span> <span class='ocrx_word' id='word_1_106' title='bbox 1905 1541 2252 1595; x_wconf 77' lang='lat' dir='ltr'>interfectus</span> 
     </span>
    </p>
   </div>
   <div class='ocr_carea' id='block_1_18' title="bbox 576 1629 2251 1703">
    <p class='ocr_par' dir='ltr' id='par_1_18' title="bbox 576 1629 2251 1703">
     <span class='ocr_line' id='line_1_18' title="bbox 576 1629 2251 1703; baseline -0.003 -17"><span class='ocrx_word' id='word_1_107' title='bbox 576 1632 864 1686; x_wconf 62' lang='lat' dir='ltr'>.Borellus</span> <span class='ocrx_word' id='word_1_108' title='bbox 895 1632 966 1685; x_wconf 90' lang='lat' dir='ltr'>de</span> <span class='ocrx_word' id='word_1_109' title='bbox 998 1633 1287 1703; x_wconf 83' lang='lat' dir='ltr'>Anglone.</span> <span class='ocrx_word' id='word_1_110' title='bbox 1324 1632 1392 1684; x_wconf 82' lang='lat' dir='ltr'>Et</span> <span class='ocrx_word' id='word_1_111' title='bbox 1425 1634 1673 1685; x_wconf 85' lang='lat' dir='ltr'>intrante</span> <span class='ocrx_word' id='word_1_112' title='bbox 1705 1645 1909 1684; x_wconf 85' lang='lat' dir='ltr'>mense</span> <span class='ocrx_word' id='word_1_113' title='bbox 1942 1629 2251 1683; x_wconf 90' lang='lat' dir='ltr'>Decembri</span> 
     </span>
    </p>
   </div>
   <div class='ocr_carea' id='block_1_19' title="bbox 588 1717 2248 1789">
    <p class='ocr_par' dir='ltr' id='par_1_19' title="bbox 588 1717 2248 1789">
     <span class='ocr_line' id='line_1_19' title="bbox 588 1717 2248 1789; baseline -0.002 -16"><span class='ocrx_word' id='word_1_114' title='bbox 588 1719 759 1775; x_wconf 67' lang='lat' dir='ltr'>dictas</span> <span class='ocrx_word' id='word_1_115' title='bbox 782 1720 1120 1775; x_wconf 89' lang='lat' dir='ltr'>indictionis</span> <span class='ocrx_word' id='word_1_116' title='bbox 1151 1720 1422 1774; x_wconf 86' lang='lat' dir='ltr'>dominus</span> <span class='ocrx_word' id='word_1_117' title='bbox 1445 1736 1593 1789; x_wconf 88' lang='lat' dir='ltr'>papa</span> <span class='ocrx_word' id='word_1_118' title='bbox 1624 1719 2002 1772; x_wconf 90' lang='lat' dir='ltr'>Innocentius</span> <span class='ocrx_word' id='word_1_119' title='bbox 2035 1717 2248 1771; x_wconf 88' lang='lat' dir='ltr'>obiitin</span> 
     </span>
    </p>
   </div>
   <div class='ocr_carea' id='block_1_20' title="bbox 2364 570 3913 645">
    <p class='ocr_par' dir='ltr' id='par_1_20' title="bbox 2364 570 3913 645">
     <span class='ocr_line' id='line_1_20' title="bbox 2364 570 3913 645; baseline 0.007 -23"><span class='ocrx_word' id='word_1_120' title='bbox 2364 573 2421 622; x_wconf 89' lang='lat' dir='ltr'>et</span> <span class='ocrx_word' id='word_1_121' title='bbox 2436 571 2817 639; x_wconf 82' lang='lat' dir='ltr'>congregatis</span> <span class='ocrx_word' id='word_1_122' title='bbox 2842 570 3913 645; x_wconf 68' lang='lat' dir='ltr'>baronibusCalabrimValIisgratisterra</span> 
     </span>
    </p>
   </div>
   <div class='ocr_carea' id='block_1_21' title="bbox 2362 656 3914 733">
    <p class='ocr_par' dir='ltr' id='par_1_21' title="bbox 2362 656 3914 733">
     <span class='ocr_line' id='line_1_21' title="bbox 2362 656 3914 733; baseline 0.006 -23"><span class='ocrx_word' id='word_1_123' title='bbox 2362 656 2626 721; x_wconf 85' lang='lat' dir='ltr'>Jordani,</span> <span class='ocrx_word' id='word_1_124' title='bbox 2663 662 2718 711; x_wconf 92' lang='lat' dir='ltr'>et</span> <span class='ocrx_word' id='word_1_125' title='bbox 2741 659 2920 711; x_wconf 90' lang='lat' dir='ltr'>totius</span> <span class='ocrx_word' id='word_1_126' title='bbox 2950 659 3189 726; x_wconf 74' lang='lat' dir='ltr'>Siciliae,</span> <span class='ocrx_word' id='word_1_127' title='bbox 3224 659 3324 712; x_wconf 91' lang='lat' dir='ltr'>ivit</span> <span class='ocrx_word' id='word_1_128' title='bbox 3356 677 3482 714; x_wconf 93' lang='lat' dir='ltr'>cum</span> <span class='ocrx_word' id='word_1_129' title='bbox 3505 678 3697 733; x_wconf 79' lang='lat' dir='ltr'>magno</span> <span class='ocrx_word' id='word_1_130' title='bbox 3723 668 3914 720; x_wconf 79' lang='lat' dir='ltr'>exercitu</span> 
     </span>
    </p>
   </div>
   <div class='ocr_carea' id='block_1_22' title="bbox 2364 746 3911 823">
    <p class='ocr_par' dir='ltr' id='par_1_22' title="bbox 2364 746 3911 823">
     <span class='ocr_line' id='line_1_22' title="bbox 2364 746 3911 823; baseline 0.005 -24"><span class='ocrx_word' id='word_1_131' title='bbox 2364 761 2545 815; x_wconf 90' lang='lat' dir='ltr'>super</span> <span class='ocrx_word' id='word_1_132' title='bbox 2578 746 2837 812; x_wconf 82' lang='lat' dir='ltr'>Platiam,</span> <span class='ocrx_word' id='word_1_133' title='bbox 2871 750 2927 799; x_wconf 91' lang='lat' dir='ltr'>et</span> <span class='ocrx_word' id='word_1_134' title='bbox 2949 748 3182 801; x_wconf 86' lang='lat' dir='ltr'>obsedit</span> <span class='ocrx_word' id='word_1_135' title='bbox 3212 752 3268 801; x_wconf 92' lang='lat' dir='ltr'>et</span> <span class='ocrx_word' id='word_1_136' title='bbox 3299 748 3447 817; x_wconf 86' lang='lat' dir='ltr'>cepit</span> <span class='ocrx_word' id='word_1_137' title='bbox 3491 750 3683 818; x_wconf 85' lang='lat' dir='ltr'>ipsam;</span> <span class='ocrx_word' id='word_1_138' title='bbox 3702 755 3748 804; x_wconf 89' lang='lat' dir='ltr'>et</span> <span class='ocrx_word' id='word_1_139' title='bbox 3766 768 3911 823; x_wconf 87' lang='lat' dir='ltr'>quam-</span> 
     </span>
    </p>
   </div>
   <div class='ocr_carea' id='block_1_23' title="bbox 2366 833 3911 905">
    <p class='ocr_par' dir='ltr' id='par_1_23' title="bbox 2366 833 3911 905">
     <span class='ocr_line' id='line_1_23' title="bbox 2366 833 3911 905; baseline 0.005 -19"><span class='ocrx_word' id='word_1_140' title='bbox 2366 833 2495 887; x_wconf 90' lang='lat' dir='ltr'>dam</span> <span class='ocrx_word' id='word_1_141' title='bbox 2528 835 2906 904; x_wconf 83' lang='lat' dir='ltr'>quantitatem</span> <span class='ocrx_word' id='word_1_142' title='bbox 2938 834 3237 889; x_wconf 85' lang='lat' dir='ltr'>hominum</span> <span class='ocrx_word' id='word_1_143' title='bbox 3271 836 3457 905; x_wconf 89' lang='lat' dir='ltr'>ipsius</span> <span class='ocrx_word' id='word_1_144' title='bbox 3486 841 3647 891; x_wconf 76' lang='lat' dir='ltr'>terrae</span> <span class='ocrx_word' id='word_1_145' title='bbox 3680 840 3911 895; x_wconf 85' lang='lat' dir='ltr'>interfecit.</span> 
     </span>
    </p>
   </div>
   <div class='ocr_carea' id='block_1_24' title="bbox 2363 920 3914 999">
    <p class='ocr_par' dir='ltr' id='par_1_24' title="bbox 2363 920 3914 999">
     <span class='ocr_line' id='line_1_24' title="bbox 2363 920 3914 999; baseline 0.005 -25"><span class='ocrx_word' id='word_1_146' title='bbox 2363 920 2431 974; x_wconf 90' lang='lat' dir='ltr'>Et</span> <span class='ocrx_word' id='word_1_147' title='bbox 2464 925 2667 990; x_wconf 90' lang='lat' dir='ltr'>postea</span> <span class='ocrx_word' id='word_1_148' title='bbox 2697 923 2800 975; x_wconf 90' lang='lat' dir='ltr'>ivit</span> <span class='ocrx_word' id='word_1_149' title='bbox 2826 939 3010 991; x_wconf 86' lang='lat' dir='ltr'>super</span> <span class='ocrx_word' id='word_1_150' title='bbox 3025 923 3296 979; x_wconf 83' lang='lat' dir='ltr'>Castrum</span> <span class='ocrx_word' id='word_1_151' title='bbox 3312 925 3661 993; x_wconf 83' lang='lat' dir='ltr'>Joannem,et</span> <span class='ocrx_word' id='word_1_152' title='bbox 3674 924 3914 999; x_wconf 66' lang='lat' dir='ltr'>Aydonem,</span> 
     </span>
    </p>
   </div>
   <div class='ocr_carea' id='block_1_25' title="bbox 2361 1010 3915 1069">
    <p class='ocr_par' dir='ltr' id='par_1_25' title="bbox 2361 1010 3915 1069">
     <span class='ocr_line' id='line_1_25' title="bbox 2361 1010 3915 1069; baseline 0.003 -4"><span class='ocrx_word' id='word_1_153' title='bbox 2361 1015 2418 1065; x_wconf 91' lang='lat' dir='ltr'>et</span> <span class='ocrx_word' id='word_1_154' title='bbox 2449 1010 2719 1064; x_wconf 87' lang='lat' dir='ltr'>homines</span> <span class='ocrx_word' id='word_1_155' title='bbox 2751 1012 3090 1065; x_wconf 89' lang='lat' dir='ltr'>earumdem</span> <span class='ocrx_word' id='word_1_156' title='bbox 3117 1015 3405 1067; x_wconf 87' lang='lat' dir='ltr'>terrarum</span> <span class='ocrx_word' id='word_1_157' title='bbox 3429 1017 3915 1069; x_wconf 82' lang='lat' dir='ltr'>converteruntsead</span> 
     </span>
    </p>
   </div>
   <div class='ocr_carea' id='block_1_26' title="bbox 2362 1100 3912 1170">
    <p class='ocr_par' dir='ltr' id='par_1_26' title="bbox 2362 1100 3912 1170">
     <span class='ocr_line' id='line_1_26' title="bbox 2362 1100 3912 1170; baseline 0.003 -17"><span class='ocrx_word' id='word_1_158' title='bbox 2362 1100 2686 1153; x_wconf 88' lang='lat' dir='ltr'>dominium</span> <span class='ocrx_word' id='word_1_159' title='bbox 2735 1100 2953 1154; x_wconf 87' lang='lat' dir='ltr'>domini</span> <span class='ocrx_word' id='word_1_160' title='bbox 3012 1101 3319 1170; x_wconf 89' lang='lat' dir='ltr'>principis.</span> <span class='ocrx_word' id='word_1_161' title='bbox 3375 1102 3438 1155; x_wconf 93' lang='lat' dir='ltr'>In</span> <span class='ocrx_word' id='word_1_162' title='bbox 3489 1102 3677 1156; x_wconf 90' lang='lat' dir='ltr'>eodem</span> <span class='ocrx_word' id='word_1_163' title='bbox 3704 1118 3823 1157; x_wconf 87' lang='lat' dir='ltr'>anno</span> <span class='ocrx_word' id='word_1_164' title='bbox 3845 1105 3912 1157; x_wconf 80' lang='lat' dir='ltr'>fuit</span> 
     </span>
    </p>
   </div>
   <div class='ocr_carea' id='block_1_27' title="bbox 2352 1187 3424 1259">
    <p class='ocr_par' dir='ltr' id='par_1_27' title="bbox 2352 1187 3424 1259">
     <span class='ocr_line' id='line_1_27' title="bbox 2352 1187 3424 1259; baseline 0.002 -18"><span class='ocrx_word' id='word_1_165' title='bbox 2352 1187 2716 1257; x_wconf 82' lang='lat' dir='ltr'>justitiarius</span> <span class='ocrx_word' id='word_1_166' title='bbox 2750 1188 3056 1259; x_wconf 87' lang='lat' dir='ltr'>Philippus</span> <span class='ocrx_word' id='word_1_167' title='bbox 3087 1189 3159 1243; x_wconf 93' lang='lat' dir='ltr'>de</span> <span class='ocrx_word' id='word_1_168' title='bbox 3186 1191 3424 1243; x_wconf 85' lang='lat' dir='ltr'>Aterno.</span> 
     </span>
    </p>
   </div>
   <div class='ocr_carea' id='block_1_28' title="bbox 2432 1275 3913 1346">
    <p class='ocr_par' dir='ltr' id='par_1_28' title="bbox 2432 1275 3913 1346">
     <span class='ocr_line' id='line_1_28' title="bbox 2432 1275 3913 1346; baseline 0.001 -17"><span class='ocrx_word' id='word_1_169' title='bbox 2432 1276 2572 1330; x_wconf 88' lang='lat' dir='ltr'>Item</span> <span class='ocrx_word' id='word_1_170' title='bbox 2603 1292 2757 1331; x_wconf 90' lang='lat' dir='ltr'>anno</span> <span class='ocrx_word' id='word_1_171' title='bbox 2792 1277 3020 1330; x_wconf 89' lang='lat' dir='ltr'>Domini</span> <span class='ocrx_word' id='word_1_172' title='bbox 3054 1275 3193 1331; x_wconf 74' lang='grc'>1256</span> <span class='ocrx_word' id='word_1_173' title='bbox 3242 1278 3575 1331; x_wconf 90' lang='lat' dir='ltr'>indictionis</span> <span class='ocrx_word' id='word_1_174' title='bbox 3622 1279 3808 1346; x_wconf 66' lang='lat' dir='ltr'>prima,</span> <span class='ocrx_word' id='word_1_175' title='bbox 3846 1280 3913 1332; x_wconf 84' lang='lat' dir='ltr'>fuit</span> 
     </span>
    </p>
   </div>
   <div class='ocr_carea' id='block_1_29' title="bbox 2356 1362 3915 1436">
    <p class='ocr_par' dir='ltr' id='par_1_29' title="bbox 2356 1362 3915 1436">
     <span class='ocr_line' id='line_1_29' title="bbox 2356 1362 3915 1436; baseline 0.003 -20"><span class='ocrx_word' id='word_1_176' title='bbox 2356 1362 2718 1433; x_wconf 82' lang='lat' dir='ltr'>justitiarius</span> <span class='ocrx_word' id='word_1_177' title='bbox 2747 1364 2965 1419; x_wconf 82' lang='lat' dir='ltr'>Siciliae</span> <span class='ocrx_word' id='word_1_178' title='bbox 2996 1365 3335 1420; x_wconf 78' lang='lat' dir='ltr'>Bernardus</span> <span class='ocrx_word' id='word_1_179' title='bbox 3367 1365 3438 1418; x_wconf 90' lang='lat' dir='ltr'>de</span> <span class='ocrx_word' id='word_1_180' title='bbox 3458 1366 3841 1436; x_wconf 75' lang='lat' dir='ltr'>AcquavivaJn</span> <span class='ocrx_word' id='word_1_181' title='bbox 3855 1384 3915 1421; x_wconf 87' lang='lat' dir='ltr'>eo-</span> 
     </span>
    </p>
   </div>
   <div class='ocr_carea' id='block_1_30' title="bbox 2360 1452 3912 1522">
    <p class='ocr_par' dir='ltr' id='par_1_30' title="bbox 2360 1452 3912 1522">
     <span class='ocr_line' id='line_1_30' title="bbox 2360 1452 3912 1522; baseline 0.001 -16"><span class='ocrx_word' id='word_1_182' title='bbox 2360 1452 2490 1506; x_wconf 88' lang='lat' dir='ltr'>dem</span> <span class='ocrx_word' id='word_1_183' title='bbox 2514 1468 2667 1507; x_wconf 90' lang='lat' dir='ltr'>anno</span> <span class='ocrx_word' id='word_1_184' title='bbox 2700 1468 2905 1507; x_wconf 89' lang='lat' dir='ltr'>mense</span> <span class='ocrx_word' id='word_1_185' title='bbox 2927 1453 3146 1522; x_wconf 64' lang='lat' dir='ltr'>Aprilis</span> <span class='ocrx_word' id='word_1_186' title='bbox 3169 1454 3374 1521; x_wconf 73' lang='lat' dir='ltr'>primae</span> <span class='ocrx_word' id='word_1_187' title='bbox 3391 1453 3707 1507; x_wconf 89' lang='lat' dir='ltr'>indictionis</span> <span class='ocrx_word' id='word_1_188' title='bbox 3720 1454 3912 1507; x_wconf 88' lang='lat' dir='ltr'>dominus</span> 
     </span>
    </p>
   </div>
   <div class='ocr_carea' id='block_1_31' title="bbox 2358 1541 3914 1611">
    <p class='ocr_par' dir='ltr' id='par_1_31' title="bbox 2358 1541 3914 1611">
     <span class='ocr_line' id='line_1_31' title="bbox 2358 1541 3914 1611; baseline 0.003 -19"><span class='ocrx_word' id='word_1_189' title='bbox 2358 1541 2636 1609; x_wconf 86' lang='lat' dir='ltr'>princeps</span> <span class='ocrx_word' id='word_1_190' title='bbox 2668 1541 3010 1596; x_wconf 83' lang='lat' dir='ltr'>Mant‘redus</span> <span class='ocrx_word' id='word_1_191' title='bbox 3041 1542 3202 1595; x_wconf 89' lang='lat' dir='ltr'>venit</span> <span class='ocrx_word' id='word_1_192' title='bbox 3232 1541 3584 1608; x_wconf 83' lang='lat' dir='ltr'>Messanam,</span> <span class='ocrx_word' id='word_1_193' title='bbox 3605 1544 3655 1596; x_wconf 85' lang='lat' dir='ltr'>et</span> <span class='ocrx_word' id='word_1_194' title='bbox 3668 1549 3829 1611; x_wconf 85' lang='lat' dir='ltr'>postea</span> <span class='ocrx_word' id='word_1_195' title='bbox 3850 1545 3914 1596; x_wconf 77' lang='lat' dir='ltr'>ivit</span> 
     </span>
    </p>
   </div>
   <div class='ocr_carea' id='block_1_32' title="bbox 2358 1630 3913 1701">
    <p class='ocr_par' dir='ltr' id='par_1_32' title="bbox 2358 1630 3913 1701">
     <span class='ocr_line' id='line_1_32' title="bbox 2358 1630 3913 1701; baseline 0.001 -18"><span class='ocrx_word' id='word_1_196' title='bbox 2358 1630 2738 1698; x_wconf 84' lang='lat' dir='ltr'>Panormum;</span> <span class='ocrx_word' id='word_1_197' title='bbox 2772 1633 2826 1683; x_wconf 87' lang='lat' dir='ltr'>et</span> <span class='ocrx_word' id='word_1_198' title='bbox 2858 1630 2937 1683; x_wconf 87' lang='lat' dir='ltr'>ibi</span> <span class='ocrx_word' id='word_1_199' title='bbox 2972 1630 3109 1683; x_wconf 85' lang='lat' dir='ltr'>fecit</span> <span class='ocrx_word' id='word_1_200' title='bbox 3138 1631 3491 1701; x_wconf 77' lang='lat' dir='ltr'>congregari</span> <span class='ocrx_word' id='word_1_201' title='bbox 3514 1646 3702 1685; x_wconf 88' lang='lat' dir='ltr'>omnes</span> <span class='ocrx_word' id='word_1_202' title='bbox 3719 1633 3913 1700; x_wconf 68' lang='lat' dir='ltr'>praelatos</span> 
     </span>
    </p>
   </div>
   <div class='ocr_carea' id='block_1_33' title="bbox 2359 1718 3915 1791">
    <p class='ocr_par' dir='ltr' id='par_1_33' title="bbox 2359 1718 3915 1791">
     <span class='ocr_line' id='line_1_33' title="bbox 2359 1718 3915 1791; baseline 0.001 -19"><span class='ocrx_word' id='word_1_203' title='bbox 2359 1722 2416 1772; x_wconf 90' lang='lat' dir='ltr'>et</span> <span class='ocrx_word' id='word_1_204' title='bbox 2436 1718 2697 1773; x_wconf 86' lang='lat' dir='ltr'>barones</span> <span class='ocrx_word' id='word_1_205' title='bbox 2713 1719 2895 1773; x_wconf 89' lang='lat' dir='ltr'>totius</span> <span class='ocrx_word' id='word_1_206' title='bbox 2918 1719 3109 1791; x_wconf 80' lang='lat' dir='ltr'>regni;</span> <span class='ocrx_word' id='word_1_207' title='bbox 3140 1722 3198 1773; x_wconf 89' lang='lat' dir='ltr'>et</span> <span class='ocrx_word' id='word_1_208' title='bbox 3229 1719 3302 1772; x_wconf 91' lang='lat' dir='ltr'>ad</span> <span class='ocrx_word' id='word_1_209' title='bbox 3320 1719 3657 1773; x_wconf 88' lang='lat' dir='ltr'>electionem</span> <span class='ocrx_word' id='word_1_210' title='bbox 3680 1735 3838 1774; x_wconf 90' lang='lat' dir='ltr'>eorum</span> <span class='ocrx_word' id='word_1_211' title='bbox 3852 1720 3915 1774; x_wconf 86' lang='lat' dir='ltr'>do-</span> 
     </span>
    </p>
   </div>
   <div class='ocr_carea' id='block_1_34' title="bbox 589 1806 3913 1888">
    <p class='ocr_par' dir='ltr' id='par_1_34' title="bbox 589 1806 3913 1888">
     <span class='ocr_line' id='line_1_34' title="bbox 589 1806 3913 1888; baseline -0.001 -25"><span class='ocrx_word' id='word_1_212' title='bbox 589 1809 793 1863; x_wconf 80' lang='lat' dir='ltr'>eadeni</span> <span class='ocrx_word' id='word_1_213' title='bbox 818 1812 979 1862; x_wconf 91' lang='lat' dir='ltr'>terra</span> <span class='ocrx_word' id='word_1_214' title='bbox 1008 1809 1375 1878; x_wconf 89' lang='lat' dir='ltr'>Neapolis,et</span> <span class='ocrx_word' id='word_1_215' title='bbox 1407 1811 1484 1862; x_wconf 88' lang='lat' dir='ltr'>ibi</span> <span class='ocrx_word' id='word_1_216' title='bbox 1519 1809 1624 1861; x_wconf 92' lang='lat' dir='ltr'>fuit</span> <span class='ocrx_word' id='word_1_217' title='bbox 1663 1808 1952 1876; x_wconf 83' lang='lat' dir='ltr'>sepultus;</span> <span class='ocrx_word' id='word_1_218' title='bbox 1984 1810 2041 1861; x_wconf 90' lang='lat' dir='ltr'>et</span> <span class='ocrx_word' id='word_1_219' title='bbox 2057 1806 2245 1859; x_wconf 87' lang='lat' dir='ltr'>statim</span> <span class='ocrx_word' id='word_1_220' title='bbox 2280 1828 2330 1888; x_wconf 83' lang='grc' dir='ltr'>Β</span> <span class='ocrx_word' id='word_1_221' title='bbox 2361 1806 2557 1861; x_wconf 89' lang='lat' dir='ltr'>minus</span> <span class='ocrx_word' id='word_1_222' title='bbox 2579 1808 2857 1877; x_wconf 89' lang='lat' dir='ltr'>princeps</span> <span class='ocrx_word' id='word_1_223' title='bbox 2895 1807 3003 1861; x_wconf 87' lang='lat' dir='ltr'>fuit</span> <span class='ocrx_word' id='word_1_224' title='bbox 3033 1811 3351 1861; x_wconf 81' lang='lat' dir='ltr'>coronatus</span> <span class='ocrx_word' id='word_1_225' title='bbox 3385 1823 3493 1861; x_wconf 91' lang='lat' dir='ltr'>rex</span> <span class='ocrx_word' id='word_1_226' title='bbox 3520 1807 3716 1862; x_wconf 68' lang='lat' dir='ltr'>Siciliae</span> <span class='ocrx_word' id='word_1_227' title='bbox 3760 1809 3913 1862; x_wconf 86' lang='lat' dir='ltr'>decimo</span> 
     </span>
    </p>
   </div>
   <div class='ocr_carea' id='block_1_35' title="bbox 586 1895 2247 1969">
    <p class='ocr_par' dir='ltr' id='par_1_35' title="bbox 586 1895 2247 1969">
     <span class='ocr_line' id='line_1_35' title="bbox 586 1895 2247 1969; baseline -0.002 -19"><span class='ocrx_word' id='word_1_228' title='bbox 586 1896 864 1951; x_wconf 88' lang='lat' dir='ltr'>dominus</span> <span class='ocrx_word' id='word_1_229' title='bbox 897 1898 1230 1951; x_wconf 83' lang='lat' dir='ltr'>Alexander</span> <span class='ocrx_word' id='word_1_230' title='bbox 1266 1913 1411 1965; x_wconf 86' lang='lat' dir='ltr'>papa</span> <span class='ocrx_word' id='word_1_231' title='bbox 1445 1897 1710 1965; x_wconf 89' lang='lat' dir='ltr'>suscepit</span> <span class='ocrx_word' id='word_1_232' title='bbox 1732 1900 2001 1969; x_wconf 85' lang='lat' dir='ltr'>papatum</span> <span class='ocrx_word' id='word_1_233' title='bbox 2038 1895 2247 1949; x_wconf 83' lang='lat' dir='ltr'>Roma-</span> 
     </span>
    </p>
   </div>
   <div class='ocr_carea' id='block_1_36' title="bbox 589 1982 2249 2054">
    <p class='ocr_par' dir='ltr' id='par_1_36' title="bbox 589 1982 2249 2054">
     <span class='ocr_line' id='line_1_36' title="bbox 589 1982 2249 2054; baseline -0.003 -16"><span class='ocrx_word' id='word_1_234' title='bbox 589 1999 749 2052; x_wconf 86' lang='lat' dir='ltr'>num,</span> <span class='ocrx_word' id='word_1_235' title='bbox 771 1989 826 2038; x_wconf 90' lang='lat' dir='ltr'>et</span> <span class='ocrx_word' id='word_1_236' title='bbox 840 1986 1124 2039; x_wconf 91' lang='lat' dir='ltr'>mansitin</span> <span class='ocrx_word' id='word_1_237' title='bbox 1138 1989 1292 2039; x_wconf 88' lang='lat' dir='ltr'>terra</span> <span class='ocrx_word' id='word_1_238' title='bbox 1310 1986 1608 2053; x_wconf 67' lang='lat' dir='ltr'>Neapolis,</span> <span class='ocrx_word' id='word_1_239' title='bbox 1627 1999 1814 2054; x_wconf 87' lang='lat' dir='ltr'>usque</span> <span class='ocrx_word' id='word_1_240' title='bbox 1832 1984 1888 2036; x_wconf 89' lang='lat' dir='ltr'>in</span> <span class='ocrx_word' id='word_1_241' title='bbox 1906 1982 2249 2037; x_wconf 85' lang='lat' dir='ltr'>menseMaii</span> 
     </span>
    </p>
   </div>
   <div class='ocr_carea' id='block_1_37' title="bbox 589 2072 2248 2139">
    <p class='ocr_par' dir='ltr' id='par_1_37' title="bbox 589 2072 2248 2139">
     <span class='ocr_line' id='line_1_37' title="bbox 589 2072 2248 2139; baseline -0.001 -13"><span class='ocrx_word' id='word_1_242' title='bbox 589 2072 762 2127; x_wconf 70' lang='lat' dir='ltr'>dictae</span> <span class='ocrx_word' id='word_1_243' title='bbox 792 2073 1148 2128; x_wconf 91' lang='lat' dir='ltr'>indictionis.</span> <span class='ocrx_word' id='word_1_244' title='bbox 1185 2074 1322 2126; x_wconf 89' lang='lat' dir='ltr'>Item</span> <span class='ocrx_word' id='word_1_245' title='bbox 1358 2074 1414 2127; x_wconf 91' lang='lat' dir='ltr'>in</span> <span class='ocrx_word' id='word_1_246' title='bbox 1446 2074 1649 2128; x_wconf 90' lang='lat' dir='ltr'>eodem</span> <span class='ocrx_word' id='word_1_247' title='bbox 1680 2089 1854 2139; x_wconf 92' lang='lat' dir='ltr'>anno,</span> <span class='ocrx_word' id='word_1_248' title='bbox 1892 2088 2093 2126; x_wconf 90' lang='lat' dir='ltr'>mense</span> <span class='ocrx_word' id='word_1_249' title='bbox 2132 2072 2248 2124; x_wconf 86' lang='lat' dir='ltr'>De-</span> 
     </span>
    </p>
   </div>
   <div class='ocr_carea' id='block_1_38' title="bbox 589 2161 2249 2231">
    <p class='ocr_par' dir='ltr' id='par_1_38' title="bbox 589 2161 2249 2231">
     <span class='ocr_line' id='line_1_38' title="bbox 589 2161 2249 2231; baseline -0.002 -16"><span class='ocrx_word' id='word_1_250' title='bbox 589 2161 813 2216; x_wconf 89' lang='lat' dir='ltr'>cembri</span> <span class='ocrx_word' id='word_1_251' title='bbox 829 2162 1073 2217; x_wconf 85' lang='lat' dir='ltr'>decimae</span> <span class='ocrx_word' id='word_1_252' title='bbox 1094 2164 1280 2216; x_wconf 76' lang='lat' dir='ltr'>tertia:</span> <span class='ocrx_word' id='word_1_253' title='bbox 1296 2163 1653 2231; x_wconf 88' lang='lat' dir='ltr'>indictionis,</span> <span class='ocrx_word' id='word_1_254' title='bbox 1679 2162 1953 2215; x_wconf 89' lang='lat' dir='ltr'>dominus</span> <span class='ocrx_word' id='word_1_255' title='bbox 1972 2161 2249 2229; x_wconf 89' lang='lat' dir='ltr'>princeps</span> 
     </span>
    </p>
   </div>
   <div class='ocr_carea' id='block_1_39' title="bbox 588 2249 2249 2320">
    <p class='ocr_par' dir='ltr' id='par_1_39' title="bbox 588 2249 2249 2320">
     <span class='ocr_line' id='line_1_39' title="bbox 588 2249 2249 2320; baseline -0.002 -17"><span class='ocrx_word' id='word_1_256' title='bbox 588 2251 965 2320; x_wconf 85' lang='lat' dir='ltr'>recuperavit</span> <span class='ocrx_word' id='word_1_257' title='bbox 979 2251 1282 2305; x_wconf 77' lang='lat' dir='ltr'>Luceriam</span> <span class='ocrx_word' id='word_1_258' title='bbox 1305 2256 1357 2303; x_wconf 85' lang='lat' dir='ltr'>et</span> <span class='ocrx_word' id='word_1_259' title='bbox 1381 2255 1419 2304; x_wconf 85' lang='lat'>.\</span> <span class='ocrx_word' id='word_1_260' title='bbox 1432 2251 1826 2320; x_wconf 66' lang='lat' dir='ltr'>chinengiam;</span> <span class='ocrx_word' id='word_1_261' title='bbox 1860 2251 1918 2303; x_wconf 91' lang='lat' dir='ltr'>in</span> <span class='ocrx_word' id='word_1_262' title='bbox 1937 2266 2050 2319; x_wconf 83' lang='lat' dir='ltr'>qua</span> <span class='ocrx_word' id='word_1_263' title='bbox 2070 2249 2249 2302; x_wconf 90' lang='lat' dir='ltr'>inter-</span> 
     </span>
    </p>
   </div>
   <div class='ocr_carea' id='block_1_40' title="bbox 577 2336 2249 2410">
    <p class='ocr_par' dir='ltr' id='par_1_40' title="bbox 577 2336 2249 2410">
     <span class='ocr_line' id='line_1_40' title="bbox 577 2336 2249 2410; baseline -0.001 -19"><span class='ocrx_word' id='word_1_264' title='bbox 577 2336 781 2393; x_wconf 57' lang='lat' dir='ltr'>fectus</span> <span class='ocrx_word' id='word_1_265' title='bbox 804 2339 912 2393; x_wconf 81' lang='lat' dir='ltr'>fuit</span> <span class='ocrx_word' id='word_1_266' title='bbox 933 2339 1192 2393; x_wconf 81' lang='lat' dir='ltr'>Joannes</span> <span class='ocrx_word' id='word_1_267' title='bbox 1225 2340 1485 2407; x_wconf 85' lang='lat' dir='ltr'>Maurus,</span> <span class='ocrx_word' id='word_1_268' title='bbox 1521 2344 1578 2394; x_wconf 89' lang='lat' dir='ltr'>et</span> <span class='ocrx_word' id='word_1_269' title='bbox 1605 2339 1978 2410; x_wconf 86' lang='lat' dir='ltr'>postmodum</span> <span class='ocrx_word' id='word_1_270' title='bbox 2010 2352 2249 2406; x_wconf 85' lang='lat' dir='ltr'>recupe-</span> 
     </span>
    </p>
   </div>
   <div class='ocr_carea' id='block_1_41' title="bbox 587 2426 2246 2495">
    <p class='ocr_par' dir='ltr' id='par_1_41' title="bbox 587 2426 2246 2495">
     <span class='ocr_line' id='line_1_41' title="bbox 587 2426 2246 2495; baseline 0 -16"><span class='ocrx_word' id='word_1_271' title='bbox 587 2426 736 2481; x_wconf 91' lang='lat' dir='ltr'>ravit</span> <span class='ocrx_word' id='word_1_272' title='bbox 783 2428 1074 2482; x_wconf 87' lang='lat' dir='ltr'>civitatem</span> <span class='ocrx_word' id='word_1_273' title='bbox 1107 2428 1337 2495; x_wconf 83' lang='lat' dir='ltr'>Meltiae,</span> <span class='ocrx_word' id='word_1_274' title='bbox 1372 2434 1427 2482; x_wconf 91' lang='lat' dir='ltr'>et</span> <span class='ocrx_word' id='word_1_275' title='bbox 1458 2429 1750 2483; x_wconf 83' lang='lat' dir='ltr'>destruxit</span> <span class='ocrx_word' id='word_1_276' title='bbox 1798 2429 2090 2482; x_wconf 91' lang='lat' dir='ltr'>civitatem</span> <span class='ocrx_word' id='word_1_277' title='bbox 2126 2427 2246 2480; x_wconf 84' lang='lat' dir='ltr'>Ra-</span> 
     </span>
    </p>
   </div>
   <div class='ocr_carea' id='block_1_42' title="bbox 586 2516 2245 2585">
    <p class='ocr_par' dir='ltr' id='par_1_42' title="bbox 586 2516 2245 2585">
     <span class='ocr_line' id='line_1_42' title="bbox 586 2516 2245 2585; baseline 0 -17"><span class='ocrx_word' id='word_1_278' title='bbox 586 2516 760 2585; x_wconf 88' lang='lat' dir='ltr'>pullae</span> <span class='ocrx_word' id='word_1_279' title='bbox 808 2518 1098 2571; x_wconf 90' lang='lat' dir='ltr'>nolentem</span> <span class='ocrx_word' id='word_1_280' title='bbox 1157 2533 1222 2571; x_wconf 90' lang='lat' dir='ltr'>se</span> <span class='ocrx_word' id='word_1_281' title='bbox 1256 2518 1501 2572; x_wconf 83' lang='lat' dir='ltr'>reddere</span> <span class='ocrx_word' id='word_1_282' title='bbox 1554 2519 1608 2570; x_wconf 90' lang='lat' dir='ltr'>in</span> <span class='ocrx_word' id='word_1_283' title='bbox 1643 2533 1793 2570; x_wconf 88' lang='lat' dir='ltr'>cum.</span> <span class='ocrx_word' id='word_1_284' title='bbox 1834 2517 1901 2571; x_wconf 84' lang='lat' dir='ltr'>Et</span> <span class='ocrx_word' id='word_1_285' title='bbox 1934 2517 1990 2568; x_wconf 90' lang='lat' dir='ltr'>in</span> <span class='ocrx_word' id='word_1_286' title='bbox 2042 2528 2245 2568; x_wconf 87' lang='lat' dir='ltr'>mense</span> 
     </span>
    </p>
   </div>
   <div class='ocr_carea' id='block_1_43' title="bbox 588 2602 2246 2674">
    <p class='ocr_par' dir='ltr' id='par_1_43' title="bbox 588 2602 2246 2674">
     <span class='ocr_line' id='line_1_43' title="bbox 588 2602 2246 2674; baseline 0 -18"><span class='ocrx_word' id='word_1_287' title='bbox 588 2602 895 2658; x_wconf 88' lang='lat' dir='ltr'>Februarii</span> <span class='ocrx_word' id='word_1_288' title='bbox 941 2606 1185 2660; x_wconf 86' lang='lat' dir='ltr'>decimae</span> <span class='ocrx_word' id='word_1_289' title='bbox 1246 2607 1430 2660; x_wconf 67' lang='lat' dir='ltr'>tertiae</span> <span class='ocrx_word' id='word_1_290' title='bbox 1479 2606 1837 2674; x_wconf 84' lang='lat' dir='ltr'>indictionis,</span> <span class='ocrx_word' id='word_1_291' title='bbox 1886 2604 2246 2658; x_wconf 90' lang='lat' dir='ltr'>universitas</span> 
     </span>
    </p>
   </div>
   <div class='ocr_carea' id='block_1_44' title="bbox 587 2691 2247 2766">
    <p class='ocr_par' dir='ltr' id='par_1_44' title="bbox 587 2691 2247 2766">
     <span class='ocr_line' id='line_1_44' title="bbox 587 2691 2247 2766; baseline 0 -22"><span class='ocrx_word' id='word_1_292' title='bbox 587 2692 841 2747; x_wconf 88' lang='lat' dir='ltr'>civitatis</span> <span class='ocrx_word' id='word_1_293' title='bbox 854 2693 1148 2749; x_wconf 65' lang='lat' dir='ltr'>Messanae</span> <span class='ocrx_word' id='word_1_294' title='bbox 1166 2694 1335 2766; x_wconf 87' lang='lat' dir='ltr'>ejecit</span> <span class='ocrx_word' id='word_1_295' title='bbox 1353 2696 1619 2750; x_wconf 88' lang='lat' dir='ltr'>comitem</span> <span class='ocrx_word' id='word_1_296' title='bbox 1644 2696 1880 2749; x_wconf 81' lang='lat' dir='ltr'>Petrum</span> <span class='ocrx_word' id='word_1_297' title='bbox 1898 2695 2162 2746; x_wconf 70' lang='lat' dir='ltr'>Itussum</span> <span class='ocrx_word' id='word_1_298' title='bbox 2177 2691 2247 2744; x_wconf 92' lang='lat' dir='ltr'>de</span> 
     </span>
    </p>
   </div>
   <div class='ocr_carea' id='block_1_45' title="bbox 585 2781 2246 2849">
    <p class='ocr_par' dir='ltr' id='par_1_45' title="bbox 585 2781 2246 2849">
     <span class='ocr_line' id='line_1_45' title="bbox 585 2781 2246 2849; baseline -0.001 -14"><span class='ocrx_word' id='word_1_299' title='bbox 585 2781 851 2837; x_wconf 78' lang='lat' dir='ltr'>Calabria</span> <span class='ocrx_word' id='word_1_300' title='bbox 911 2783 984 2836; x_wconf 88' lang='lat' dir='ltr'>ab</span> <span class='ocrx_word' id='word_1_301' title='bbox 1032 2784 1234 2838; x_wconf 88' lang='lat' dir='ltr'>eadem</span> <span class='ocrx_word' id='word_1_302' title='bbox 1277 2784 1510 2838; x_wconf 88' lang='lat' dir='ltr'>civitate</span> <span class='ocrx_word' id='word_1_303' title='bbox 1558 2799 1689 2838; x_wconf 91' lang='lat' dir='ltr'>cum</span> <span class='ocrx_word' id='word_1_304' title='bbox 1719 2786 1835 2837; x_wconf 88' lang='lat' dir='ltr'>tota</span> <span class='ocrx_word' id='word_1_305' title='bbox 1867 2782 2086 2837; x_wconf 79' lang='lat' dir='ltr'>familia</span> <span class='ocrx_word' id='word_1_306' title='bbox 2116 2795 2246 2849; x_wconf 90' lang='lat' dir='ltr'>sua,</span> 
     </span>
    </p>
   </div>
   <div class='ocr_carea' id='block_1_46' title="bbox 582 2870 2244 2942">
    <p class='ocr_par' dir='ltr' id='par_1_46' title="bbox 582 2870 2244 2942">
     <span class='ocr_line' id='line_1_46' title="bbox 582 2870 2244 2942; baseline 0.001 -18"><span class='ocrx_word' id='word_1_307' title='bbox 582 2870 744 2925; x_wconf 89' lang='lat' dir='ltr'>misit</span> <span class='ocrx_word' id='word_1_308' title='bbox 774 2871 1009 2926; x_wconf 91' lang='lat' dir='ltr'>domino</span> <span class='ocrx_word' id='word_1_309' title='bbox 1040 2872 1285 2942; x_wconf 85' lang='lat' dir='ltr'>principi</span> <span class='ocrx_word' id='word_1_310' title='bbox 1307 2876 1363 2926; x_wconf 93' lang='lat' dir='ltr'>ut</span> <span class='ocrx_word' id='word_1_311' title='bbox 1387 2874 1615 2927; x_wconf 82' lang='lat' dir='ltr'>veniret</span> <span class='ocrx_word' id='word_1_312' title='bbox 1631 2874 2000 2942; x_wconf 89' lang='lat' dir='ltr'>etacciperet</span> <span class='ocrx_word' id='word_1_313' title='bbox 2020 2872 2244 2926; x_wconf 86' lang='lat' dir='ltr'>Messa-</span> 
     </span>
    </p>
   </div>
   <div class='ocr_carea' id='block_1_47' title="bbox 584 2960 2243 3031">
    <p class='ocr_par' dir='ltr' id='par_1_47' title="bbox 584 2960 2243 3031">
     <span class='ocr_line' id='line_1_47' title="bbox 584 2960 2243 3031; baseline 0.001 -18"><span class='ocrx_word' id='word_1_314' title='bbox 584 2974 718 3014; x_wconf 91' lang='lat' dir='ltr'>nam</span> <span class='ocrx_word' id='word_1_315' title='bbox 750 2975 882 3013; x_wconf 91' lang='lat' dir='ltr'>cum</span> <span class='ocrx_word' id='word_1_316' title='bbox 929 2963 1049 3014; x_wconf 88' lang='lat' dir='ltr'>tota</span> <span class='ocrx_word' id='word_1_317' title='bbox 1077 2960 1296 3016; x_wconf 87' lang='lat' dir='ltr'>Sicilia.</span> <span class='ocrx_word' id='word_1_318' title='bbox 1331 2960 1398 3015; x_wconf 80' lang='lat' dir='ltr'>Et</span> <span class='ocrx_word' id='word_1_319' title='bbox 1434 2965 1639 3031; x_wconf 87' lang='lat' dir='ltr'>postea</span> <span class='ocrx_word' id='word_1_320' title='bbox 1699 2961 1943 3016; x_wconf 87' lang='lat' dir='ltr'>sinistro</span> <span class='ocrx_word' id='word_1_321' title='bbox 1994 2960 2243 3015; x_wconf 91' lang='lat' dir='ltr'>consilio</span> 
     </span>
    </p>
   </div>
   <div class='ocr_carea' id='block_1_48' title="bbox 583 3047 2239 3123">
    <p class='ocr_par' dir='ltr' id='par_1_48' title="bbox 583 3047 2239 3123">
     <span class='ocr_line' id='line_1_48' title="bbox 583 3047 2239 3123; baseline 0.001 -21"><span class='ocrx_word' id='word_1_322' title='bbox 583 3047 781 3103; x_wconf 89' lang='lat' dir='ltr'>habito</span> <span class='ocrx_word' id='word_1_323' title='bbox 810 3049 1102 3105; x_wconf 90' lang='lat' dir='ltr'>miserunt</span> <span class='ocrx_word' id='word_1_324' title='bbox 1125 3066 1399 3123; x_wconf 80' lang='lat' dir='ltr'>magnum</span> <span class='ocrx_word' id='word_1_325' title='bbox 1420 3051 1740 3105; x_wconf 85' lang='lat' dir='ltr'>exercitum</span> <span class='ocrx_word' id='word_1_326' title='bbox 1772 3053 1976 3105; x_wconf 91' lang='lat' dir='ltr'>contra</span> <span class='ocrx_word' id='word_1_327' title='bbox 2005 3050 2239 3104; x_wconf 79' lang='lat' dir='ltr'>exerci-</span> 
     </span>
    </p>
   </div>
   <div class='ocr_carea' id='block_1_49' title="bbox 582 3138 2241 3211">
    <p class='ocr_par' dir='ltr' id='par_1_49' title="bbox 582 3138 2241 3211">
     <span class='ocr_line' id='line_1_49' title="bbox 582 3138 2241 3211; baseline 0.001 -21"><span class='ocrx_word' id='word_1_328' title='bbox 582 3141 703 3192; x_wconf 88' lang='lat' dir='ltr'>tum</span> <span class='ocrx_word' id='word_1_329' title='bbox 721 3138 939 3193; x_wconf 89' lang='lat' dir='ltr'>domini</span> <span class='ocrx_word' id='word_1_330' title='bbox 958 3139 1243 3210; x_wconf 87' lang='lat' dir='ltr'>principis</span> <span class='ocrx_word' id='word_1_331' title='bbox 1258 3139 1594 3211; x_wconf 66' lang='lat' dir='ltr'>praedictiin</span> <span class='ocrx_word' id='word_1_332' title='bbox 1609 3139 1964 3209; x_wconf 88' lang='lat' dir='ltr'>Calabria,in</span> <span class='ocrx_word' id='word_1_333' title='bbox 1981 3141 2241 3194; x_wconf 88' lang='lat' dir='ltr'>contrata</span> 
     </span>
    </p>
   </div>
   <div class='ocr_carea' id='block_1_50' title="bbox 580 3226 2241 3295">
    <p class='ocr_par' dir='ltr' id='par_1_50' title="bbox 580 3226 2241 3295">
     <span class='ocr_line' id='line_1_50' title="bbox 580 3226 2241 3295; baseline -0.001 -16"><span class='ocrx_word' id='word_1_334' title='bbox 580 3240 713 3294; x_wconf 73' lang='lat' dir='ltr'>quaa</span> <span class='ocrx_word' id='word_1_335' title='bbox 744 3227 957 3282; x_wconf 91' lang='lat' dir='ltr'>dicitur</span> <span class='ocrx_word' id='word_1_336' title='bbox 986 3227 1238 3283; x_wconf 86' lang='lat' dir='ltr'>Corona.</span> <span class='ocrx_word' id='word_1_337' title='bbox 1291 3228 1361 3282; x_wconf 84' lang='lat' dir='ltr'>Et</span> <span class='ocrx_word' id='word_1_338' title='bbox 1391 3230 1688 3283; x_wconf 82' lang='lat' dir='ltr'>exercitus</span> <span class='ocrx_word' id='word_1_339' title='bbox 1720 3228 1936 3281; x_wconf 88' lang='lat' dir='ltr'>domini</span> <span class='ocrx_word' id='word_1_340' title='bbox 1960 3226 2241 3295; x_wconf 87' lang='lat' dir='ltr'>principis</span> 
     </span>
    </p>
   </div>
   <div class='ocr_carea' id='block_1_51' title="bbox 577 3312 2241 3386">
    <p class='ocr_par' dir='ltr' id='par_1_51' title="bbox 577 3312 2241 3386">
     <span class='ocr_line' id='line_1_51' title="bbox 577 3312 2241 3386; baseline 0.002 -20"><span class='ocrx_word' id='word_1_341' title='bbox 577 3312 804 3370; x_wconf 88' lang='lat' dir='ltr'>insiluit</span> <span class='ocrx_word' id='word_1_342' title='bbox 817 3316 878 3370; x_wconf 94' lang='lat' dir='ltr'>in</span> <span class='ocrx_word' id='word_1_343' title='bbox 889 3316 1237 3386; x_wconf 65' lang='lat' dir='ltr'>praedictum</span> <span class='ocrx_word' id='word_1_344' title='bbox 1250 3318 1576 3371; x_wconf 86' lang='lat' dir='ltr'>exercitum</span> <span class='ocrx_word' id='word_1_345' title='bbox 1589 3316 1969 3385; x_wconf 85' lang='lat' dir='ltr'>Messanae,et</span> <span class='ocrx_word' id='word_1_346' title='bbox 1979 3315 2241 3385; x_wconf 89' lang='lat' dir='ltr'>pessime</span> 
     </span>
    </p>
   </div>
   <div class='ocr_carea' id='block_1_52' title="bbox 576 3404 2237 3471">
    <p class='ocr_par' dir='ltr' id='par_1_52' title="bbox 576 3404 2237 3471">
     <span class='ocr_line' id='line_1_52' title="bbox 576 3404 2237 3471; baseline 0.001 -15"><span class='ocrx_word' id='word_1_347' title='bbox 576 3404 1013 3471; x_wconf 66' lang='lat' dir='ltr'>prmvaluerunt</span> <span class='ocrx_word' id='word_1_348' title='bbox 1042 3406 1103 3459; x_wconf 89' lang='lat' dir='ltr'>in</span> <span class='ocrx_word' id='word_1_349' title='bbox 1118 3421 1253 3460; x_wconf 90' lang='lat' dir='ltr'>eum</span> <span class='ocrx_word' id='word_1_350' title='bbox 1279 3420 1291 3458; x_wconf 93' lang='lat'>:</span> <span class='ocrx_word' id='word_1_351' title='bbox 1320 3405 1592 3460; x_wconf 88' lang='lat' dir='ltr'>videlicet</span> <span class='ocrx_word' id='word_1_352' title='bbox 1615 3405 1765 3458; x_wconf 90' lang='lat' dir='ltr'>alios</span> <span class='ocrx_word' id='word_1_353' title='bbox 1792 3404 2237 3471; x_wconf 88' lang='lat' dir='ltr'>interfecerunt,</span> 
     </span>
    </p>
   </div>
   <div class='ocr_carea' id='block_1_53' title="bbox 577 3492 2239 3562">
    <p class='ocr_par' dir='ltr' id='par_1_53' title="bbox 577 3492 2239 3562">
     <span class='ocr_line' id='line_1_53' title="bbox 577 3492 2239 3562; baseline 0 -15"><span class='ocrx_word' id='word_1_354' title='bbox 577 3494 634 3547; x_wconf 91' lang='lat' dir='ltr'>et</span> <span class='ocrx_word' id='word_1_355' title='bbox 662 3493 811 3547; x_wconf 89' lang='lat' dir='ltr'>alios</span> <span class='ocrx_word' id='word_1_356' title='bbox 834 3492 1376 3558; x_wconf 88' lang='lat' dir='ltr'>vulneraverunt,et</span> <span class='ocrx_word' id='word_1_357' title='bbox 1396 3493 1544 3547; x_wconf 91' lang='lat' dir='ltr'>alios</span> <span class='ocrx_word' id='word_1_358' title='bbox 1567 3493 1992 3562; x_wconf 87' lang='lat' dir='ltr'>produxerunt,</span> <span class='ocrx_word' id='word_1_359' title='bbox 2014 3495 2070 3545; x_wconf 90' lang='lat' dir='ltr'>et</span> <span class='ocrx_word' id='word_1_360' title='bbox 2090 3492 2239 3547; x_wconf 86' lang='lat' dir='ltr'>alios</span> 
     </span>
    </p>
   </div>
   <div class='ocr_carea' id='block_1_54' title="bbox 578 3581 2237 3649">
    <p class='ocr_par' dir='ltr' id='par_1_54' title="bbox 578 3581 2237 3649">
     <span class='ocr_line' id='line_1_54' title="bbox 578 3581 2237 3649; baseline -0.001 -13"><span class='ocrx_word' id='word_1_361' title='bbox 578 3584 877 3649; x_wconf 90' lang='lat' dir='ltr'>ceperunt,</span> <span class='ocrx_word' id='word_1_362' title='bbox 915 3584 971 3634; x_wconf 93' lang='lat' dir='ltr'>et</span> <span class='ocrx_word' id='word_1_363' title='bbox 998 3596 1208 3649; x_wconf 88' lang='lat' dir='ltr'>parum</span> <span class='ocrx_word' id='word_1_364' title='bbox 1238 3597 1312 3634; x_wconf 90' lang='lat' dir='ltr'>cx</span> <span class='ocrx_word' id='word_1_365' title='bbox 1339 3582 1425 3634; x_wconf 89' lang='lat' dir='ltr'>eis</span> <span class='ocrx_word' id='word_1_366' title='bbox 1456 3584 1795 3635; x_wconf 89' lang='lat' dir='ltr'>evaserunt.</span> <span class='ocrx_word' id='word_1_367' title='bbox 1856 3581 1997 3634; x_wconf 92' lang='lat' dir='ltr'>Item</span> <span class='ocrx_word' id='word_1_368' title='bbox 2033 3596 2237 3635; x_wconf 90' lang='lat' dir='ltr'>mense</span> 
     </span>
    </p>
   </div>
   <div class='ocr_carea' id='block_1_55' title="bbox 577 3668 2238 3739">
    <p class='ocr_par' dir='ltr' id='par_1_55' title="bbox 577 3668 2238 3739">
     <span class='ocr_line' id='line_1_55' title="bbox 577 3668 2238 3739; baseline 0.001 -18"><span class='ocrx_word' id='word_1_369' title='bbox 577 3668 834 3739; x_wconf 74' lang='lat' dir='ltr'>Augusti</span> <span class='ocrx_word' id='word_1_370' title='bbox 855 3668 1155 3737; x_wconf 64' lang='lat' dir='ltr'>praedictae</span> <span class='ocrx_word' id='word_1_371' title='bbox 1187 3668 1430 3723; x_wconf 66' lang='lat' dir='ltr'>decima:</span> <span class='ocrx_word' id='word_1_372' title='bbox 1444 3670 1629 3723; x_wconf 86' lang='lat' dir='ltr'>tertiae</span> <span class='ocrx_word' id='word_1_373' title='bbox 1644 3669 1981 3724; x_wconf 89' lang='lat' dir='ltr'>indictionis</span> <span class='ocrx_word' id='word_1_374' title='bbox 1996 3669 2238 3723; x_wconf 92' lang='lat' dir='ltr'>univer-</span> 
     </span>
    </p>
   </div>
   <div class='ocr_carea' id='block_1_56' title="bbox 578 3755 2235 3829">
    <p class='ocr_par' dir='ltr' id='par_1_56' title="bbox 578 3755 2235 3829">
     <span class='ocr_line' id='line_1_56' title="bbox 578 3755 2235 3829; baseline 0.002 -21"><span class='ocrx_word' id='word_1_375' title='bbox 578 3755 726 3809; x_wconf 82' lang='lat' dir='ltr'>sitas</span> <span class='ocrx_word' id='word_1_376' title='bbox 752 3756 1049 3811; x_wconf 70' lang='lat' dir='ltr'>Messanre</span> <span class='ocrx_word' id='word_1_377' title='bbox 1069 3757 1583 3811; x_wconf 85' lang='lat' dir='ltr'>destruxitterram</span> <span class='ocrx_word' id='word_1_378' title='bbox 1598 3758 1974 3812; x_wconf 89' lang='lat' dir='ltr'>Tavormenii</span> <span class='ocrx_word' id='word_1_379' title='bbox 1995 3774 2065 3813; x_wconf 91' lang='lat' dir='ltr'>eo</span> <span class='ocrx_word' id='word_1_380' title='bbox 2081 3759 2235 3829; x_wconf 85' lang='lat' dir='ltr'>quod</span> 
     </span>
    </p>
   </div>
   <div class='ocr_carea' id='block_1_57' title="bbox 576 3843 2237 3901">
    <p class='ocr_par' dir='ltr' id='par_1_57' title="bbox 576 3843 2237 3901">
     <span class='ocr_line' id='line_1_57' title="bbox 576 3843 2237 3901; baseline 0.001 -2"><span class='ocrx_word' id='word_1_381' title='bbox 576 3844 832 3899; x_wconf 90' lang='lat' dir='ltr'>molebat</span> <span class='ocrx_word' id='word_1_382' title='bbox 861 3843 1103 3899; x_wconf 89' lang='lat' dir='ltr'>obedire</span> <span class='ocrx_word' id='word_1_383' title='bbox 1134 3845 1402 3899; x_wconf 87' lang='lat' dir='ltr'>mandato</span> <span class='ocrx_word' id='word_1_384' title='bbox 1435 3860 1664 3899; x_wconf 89' lang='lat' dir='ltr'>eorum.</span> <span class='ocrx_word' id='word_1_385' title='bbox 1695 3846 1834 3900; x_wconf 89' lang='lat' dir='ltr'>Item</span> <span class='ocrx_word' id='word_1_386' title='bbox 1867 3846 2073 3899; x_wconf 90' lang='lat' dir='ltr'>eodem</span> <span class='ocrx_word' id='word_1_387' title='bbox 2087 3862 2237 3901; x_wconf 90' lang='lat' dir='ltr'>anno</span> 
     </span>
    </p>
   </div>
   <div class='ocr_carea' id='block_1_58' title="bbox 575 3934 2235 4005">
    <p class='ocr_par' dir='ltr' id='par_1_58' title="bbox 575 3934 2235 4005">
     <span class='ocr_line' id='line_1_58' title="bbox 575 3934 2235 4005; baseline 0 -17"><span class='ocrx_word' id='word_1_388' title='bbox 575 3949 781 3989; x_wconf 89' lang='lat' dir='ltr'>mense</span> <span class='ocrx_word' id='word_1_389' title='bbox 810 3934 1088 3988; x_wconf 88' lang='lat' dir='ltr'>Octobris</span> <span class='ocrx_word' id='word_1_390' title='bbox 1114 3934 1359 3988; x_wconf 73' lang='lat' dir='ltr'>decimre</span> <span class='ocrx_word' id='word_1_391' title='bbox 1392 3939 1615 4005; x_wconf 68' lang='lat' dir='ltr'>quartte</span> <span class='ocrx_word' id='word_1_392' title='bbox 1646 3935 1983 3989; x_wconf 90' lang='lat' dir='ltr'>indictionis</span> <span class='ocrx_word' id='word_1_393' title='bbox 2003 3935 2235 3988; x_wconf 89' lang='lat' dir='ltr'>univer-</span> 
     </span>
    </p>
   </div>
   <div class='ocr_carea' id='block_1_59' title="bbox 575 4022 2235 4095">
    <p class='ocr_par' dir='ltr' id='par_1_59' title="bbox 575 4022 2235 4095">
     <span class='ocr_line' id='line_1_59' title="bbox 575 4022 2235 4095; baseline 0 -19"><span class='ocrx_word' id='word_1_394' title='bbox 575 4022 723 4077; x_wconf 85' lang='lat' dir='ltr'>sitas</span> <span class='ocrx_word' id='word_1_395' title='bbox 743 4022 1039 4077; x_wconf 74' lang='lat' dir='ltr'>Messante</span> <span class='ocrx_word' id='word_1_396' title='bbox 1097 4023 1256 4076; x_wconf 91' lang='lat' dir='ltr'>misit</span> <span class='ocrx_word' id='word_1_397' title='bbox 1292 4024 1556 4092; x_wconf 84' lang='lat' dir='ltr'>Romam,</span> <span class='ocrx_word' id='word_1_398' title='bbox 1591 4027 1645 4078; x_wconf 89' lang='lat' dir='ltr'>et</span> <span class='ocrx_word' id='word_1_399' title='bbox 1679 4024 1858 4095; x_wconf 82' lang='lat' dir='ltr'>elegit</span> <span class='ocrx_word' id='word_1_400' title='bbox 1889 4026 2235 4094; x_wconf 90' lang='lat' dir='ltr'>potestatem</span> 
     </span>
    </p>
   </div>
   <div class='ocr_carea' id='block_1_60' title="bbox 574 4111 2234 4182">
    <p class='ocr_par' dir='ltr' id='par_1_60' title="bbox 574 4111 2234 4182">
     <span class='ocr_line' id='line_1_60' title="bbox 574 4111 2234 4182; baseline 0.001 -17"><span class='ocrx_word' id='word_1_401' title='bbox 574 4111 874 4165; x_wconf 90' lang='lat' dir='ltr'>dominum</span> <span class='ocrx_word' id='word_1_402' title='bbox 898 4111 1180 4166; x_wconf 89' lang='lat' dir='ltr'>Jacobnm</span> <span class='ocrx_word' id='word_1_403' title='bbox 1208 4112 1277 4166; x_wconf 86' lang='lat' dir='ltr'>de</span> <span class='ocrx_word' id='word_1_404' title='bbox 1306 4113 1505 4182; x_wconf 85' lang='lat' dir='ltr'>Pente,</span> <span class='ocrx_word' id='word_1_405' title='bbox 1541 4117 1596 4166; x_wconf 90' lang='lat' dir='ltr'>et</span> <span class='ocrx_word' id='word_1_406' title='bbox 1627 4113 1951 4182; x_wconf 89' lang='lat' dir='ltr'>permansit</span> <span class='ocrx_word' id='word_1_407' title='bbox 1985 4112 2045 4165; x_wconf 92' lang='lat' dir='ltr'>in</span> <span class='ocrx_word' id='word_1_408' title='bbox 2065 4115 2234 4182; x_wconf 91' lang='lat' dir='ltr'>pote-</span> 
     </span>
    </p>
   </div>
   <div class='ocr_carea' id='block_1_61' title="bbox 574 4201 2234 4272">
    <p class='ocr_par' dir='ltr' id='par_1_61' title="bbox 574 4201 2234 4272">
     <span class='ocr_line' id='line_1_61' title="bbox 574 4201 2234 4272; baseline 0 -17"><span class='ocrx_word' id='word_1_409' title='bbox 574 4202 724 4255; x_wconf 81' lang='lat' dir='ltr'>state</span> <span class='ocrx_word' id='word_1_410' title='bbox 758 4216 949 4272; x_wconf 90' lang='lat' dir='ltr'>usque</span> <span class='ocrx_word' id='word_1_411' title='bbox 996 4202 1069 4255; x_wconf 88' lang='lat' dir='ltr'>ad</span> <span class='ocrx_word' id='word_1_412' title='bbox 1105 4202 1475 4255; x_wconf 84' lang='lat' dir='ltr'>medietatem</span> <span class='ocrx_word' id='word_1_413' title='bbox 1510 4202 1733 4255; x_wconf 87' lang='lat' dir='ltr'>mensis</span> <span class='ocrx_word' id='word_1_414' title='bbox 1767 4201 1903 4255; x_wconf 88' lang='lat' dir='ltr'>Maii</span> <span class='ocrx_word' id='word_1_415' title='bbox 1932 4201 2234 4270; x_wconf 66' lang='lat' dir='ltr'>praedictas</span> 
     </span>
    </p>
   </div>
   <div class='ocr_carea' id='block_1_62' title="bbox 574 4288 2236 4355">
    <p class='ocr_par' dir='ltr' id='par_1_62' title="bbox 574 4288 2236 4355">
     <span class='ocr_line' id='line_1_62' title="bbox 574 4288 2236 4355; baseline 0 -12"><span class='ocrx_word' id='word_1_416' title='bbox 574 4288 935 4355; x_wconf 88' lang='lat' dir='ltr'>indictionis;</span> <span class='ocrx_word' id='word_1_417' title='bbox 990 4295 1047 4344; x_wconf 91' lang='lat' dir='ltr'>et</span> <span class='ocrx_word' id='word_1_418' title='bbox 1077 4306 1209 4344; x_wconf 94' lang='lat' dir='ltr'>cum</span> <span class='ocrx_word' id='word_1_419' title='bbox 1259 4306 1328 4344; x_wconf 90' lang='lat' dir='ltr'>co</span> <span class='ocrx_word' id='word_1_420' title='bbox 1360 4290 1518 4344; x_wconf 82' lang='lat' dir='ltr'>venit</span> <span class='ocrx_word' id='word_1_421' title='bbox 1565 4290 1840 4344; x_wconf 91' lang='lat' dir='ltr'>dominus</span> <span class='ocrx_word' id='word_1_422' title='bbox 1871 4290 2132 4344; x_wconf 83' lang='lat' dir='ltr'>Joannes</span> <span class='ocrx_word' id='word_1_423' title='bbox 2164 4289 2236 4343; x_wconf 90' lang='lat' dir='ltr'>de</span> 
     </span>
    </p>
   </div>
   <div class='ocr_carea' id='block_1_63' title="bbox 572 4375 2235 4448">
    <p class='ocr_par' dir='ltr' id='par_1_63' title="bbox 572 4375 2235 4448">
     <span class='ocr_line' id='line_1_63' title="bbox 572 4375 2235 4448; baseline 0.001 -17"><span class='ocrx_word' id='word_1_424' title='bbox 572 4375 876 4433; x_wconf 90' lang='lat' dir='ltr'>Columnis</span> <span class='ocrx_word' id='word_1_425' title='bbox 895 4378 1303 4433; x_wconf 88' lang='lat' dir='ltr'>Messanensis</span> <span class='ocrx_word' id='word_1_426' title='bbox 1325 4379 1817 4448; x_wconf 81' lang='lat' dir='ltr'>archiepiscopus</span> <span class='ocrx_word' id='word_1_427' title='bbox 1843 4378 2113 4433; x_wconf 88' lang='lat' dir='ltr'>missusa</span> <span class='ocrx_word' id='word_1_428' title='bbox 2129 4379 2235 4433; x_wconf 86' lang='lat' dir='ltr'>do-</span> 
     </span>
    </p>
   </div>
   <div class='ocr_carea' id='block_1_64' title="bbox 571 4466 931 4537">
    <p class='ocr_par' dir='ltr' id='par_1_64' title="bbox 571 4466 931 4537">
     <span class='ocr_line' id='line_1_64' title="bbox 571 4466 931 4537; baseline 0 -17"><span class='ocrx_word' id='word_1_429' title='bbox 571 4466 731 4521; x_wconf 89' lang='lat' dir='ltr'>mino</span> <span class='ocrx_word' id='word_1_430' title='bbox 762 4483 931 4537; x_wconf 90' lang='lat' dir='ltr'>papa.</span> 
     </span>
    </p>
   </div>
   <div class='ocr_carea' id='block_1_65' title="bbox 645 4555 2229 4628">
    <p class='ocr_par' dir='ltr' id='par_1_65' title="bbox 645 4555 2229 4628">
     <span class='ocr_line' id='line_1_65' title="bbox 645 4555 2229 4628; baseline 0.002 -21"><span class='ocrx_word' id='word_1_431' title='bbox 645 4555 788 4609; x_wconf 89' lang='lat' dir='ltr'>Item</span> <span class='ocrx_word' id='word_1_432' title='bbox 820 4571 973 4610; x_wconf 90' lang='lat' dir='ltr'>anno</span> <span class='ocrx_word' id='word_1_433' title='bbox 998 4556 1228 4611; x_wconf 88' lang='lat' dir='ltr'>Domini</span> <span class='ocrx_word' id='word_1_434' title='bbox 1265 4555 1741 4623; x_wconf 60' lang='lat' dir='ltr'>I‘251,indictione</span> <span class='ocrx_word' id='word_1_435' title='bbox 1759 4556 1984 4610; x_wconf 88' lang='lat' dir='ltr'>decima</span> <span class='ocrx_word' id='word_1_436' title='bbox 2002 4561 2229 4628; x_wconf 83' lang='lat' dir='ltr'>quarta,</span> 
     </span>
    </p>
   </div>
   <div class='ocr_carea' id='block_1_66' title="bbox 2359 1894 3913 1967">
    <p class='ocr_par' dir='ltr' id='par_1_66' title="bbox 2359 1894 3913 1967">
     <span class='ocr_line' id='line_1_66' title="bbox 2359 1894 3913 1967; baseline 0.001 -20"><span class='ocrx_word' id='word_1_437' title='bbox 2359 1894 2453 1949; x_wconf 90' lang='lat' dir='ltr'>die</span> <span class='ocrx_word' id='word_1_438' title='bbox 2487 1896 2713 1950; x_wconf 85' lang='lat' dir='ltr'>mensis</span> <span class='ocrx_word' id='word_1_439' title='bbox 2734 1896 3225 1967; x_wconf 66' lang='lat' dir='ltr'>Augusti,primaa</span> <span class='ocrx_word' id='word_1_440' title='bbox 3251 1895 3729 1965; x_wconf 84' lang='lat' dir='ltr'>indictionis,cum</span> <span class='ocrx_word' id='word_1_441' title='bbox 3743 1896 3913 1949; x_wconf 80' lang='lat' dir='ltr'>maxima</span> 
     </span>
    </p>
   </div>
   <div class='ocr_carea' id='block_1_67' title="bbox 2356 1984 3080 2039">
    <p class='ocr_par' dir='ltr' id='par_1_67' title="bbox 2356 1984 3080 2039">
     <span class='ocr_line' id='line_1_67' title="bbox 2356 1984 3080 2039; baseline -0.003 0"><span class='ocrx_word' id='word_1_442' title='bbox 2356 1984 2556 2039; x_wconf 61' lang='lat' dir='ltr'>laetitia</span> <span class='ocrx_word' id='word_1_443' title='bbox 2587 1988 2643 2039; x_wconf 91' lang='lat' dir='ltr'>et</span> <span class='ocrx_word' id='word_1_444' title='bbox 2664 1984 3080 2039; x_wconf 83' lang='lat' dir='ltr'>exsultatione.</span> 
     </span>
    </p>
   </div>
   <div class='ocr_carea' id='block_1_68' title="bbox 2428 2071 3916 2137">
    <p class='ocr_par' dir='ltr' id='par_1_68' title="bbox 2428 2071 3916 2137">
     <span class='ocr_line' id='line_1_68' title="bbox 2428 2071 3916 2137; baseline 0 -11"><span class='ocrx_word' id='word_1_445' title='bbox 2428 2074 2568 2127; x_wconf 88' lang='lat' dir='ltr'>Item</span> <span class='ocrx_word' id='word_1_446' title='bbox 2599 2088 2751 2127; x_wconf 88' lang='lat' dir='ltr'>anno</span> <span class='ocrx_word' id='word_1_447' title='bbox 2785 2072 3016 2127; x_wconf 90' lang='lat' dir='ltr'>Domini</span> <span class='ocrx_word' id='word_1_448' title='bbox 3056 2071 3213 2137; x_wconf 74' lang='lat'><strong>1257,</strong></span> <span class='ocrx_word' id='word_1_449' title='bbox 3268 2071 3585 2128; x_wconf 88' lang='lat' dir='ltr'>indictione</span> <span class='ocrx_word' id='word_1_450' title='bbox 3614 2072 3916 2137; x_wconf 53' lang='lat' dir='ltr'>secunda,»</span> 
     </span>
    </p>
   </div>
   <div class='ocr_carea' id='block_1_69' title="bbox 2357 2160 3913 2231">
    <p class='ocr_par' dir='ltr' id='par_1_69' title="bbox 2357 2160 3913 2231">
     <span class='ocr_line' id='line_1_69' title="bbox 2357 2160 3913 2231; baseline -0.004 -14"><span class='ocrx_word' id='word_1_451' title='bbox 2357 2177 2484 2217; x_wconf 91' lang='lat' dir='ltr'>mes</span> <span class='ocrx_word' id='word_1_452' title='bbox 2516 2162 2870 2216; x_wconf 86' lang='lat' dir='ltr'>Fredericus</span> <span class='ocrx_word' id='word_1_453' title='bbox 2925 2160 3158 2215; x_wconf 87' lang='lat' dir='ltr'>Maletta</span> <span class='ocrx_word' id='word_1_454' title='bbox 3190 2161 3350 2214; x_wconf 89' lang='lat' dir='ltr'>venit</span> <span class='ocrx_word' id='word_1_455' title='bbox 3402 2162 3723 2231; x_wconf 88' lang='lat' dir='ltr'>capitaneus</span> <span class='ocrx_word' id='word_1_456' title='bbox 3746 2162 3793 2214; x_wconf 88' lang='lat' dir='ltr'>in</span> <span class='ocrx_word' id='word_1_457' title='bbox 3813 2160 3913 2214; x_wconf 84' lang='lat' dir='ltr'>Sici-</span> 
     </span>
    </p>
   </div>
   <div class='ocr_carea' id='block_1_70' title="bbox 2354 2248 3914 2321">
    <p class='ocr_par' dir='ltr' id='par_1_70' title="bbox 2354 2248 3914 2321">
     <span class='ocr_line' id='line_1_70' title="bbox 2354 2248 3914 2321; baseline -0.002 -18"><span class='ocrx_word' id='word_1_458' title='bbox 2354 2250 2511 2319; x_wconf 90' lang='lat' dir='ltr'>liam,</span> <span class='ocrx_word' id='word_1_459' title='bbox 2528 2253 2585 2305; x_wconf 92' lang='lat' dir='ltr'>et</span> <span class='ocrx_word' id='word_1_460' title='bbox 2603 2250 2966 2321; x_wconf 86' lang='lat' dir='ltr'>justitiarius</span> <span class='ocrx_word' id='word_1_461' title='bbox 2997 2248 3105 2303; x_wconf 86' lang='lat' dir='ltr'>fuit</span> <span class='ocrx_word' id='word_1_462' title='bbox 3135 2248 3498 2303; x_wconf 85' lang='lat' dir='ltr'>Fredericus</span> <span class='ocrx_word' id='word_1_463' title='bbox 3529 2250 3597 2305; x_wconf 85' lang='lat' dir='ltr'>de</span> <span class='ocrx_word' id='word_1_464' title='bbox 3616 2250 3800 2304; x_wconf 80' lang='lat' dir='ltr'>Avenis</span> <span class='ocrx_word' id='word_1_465' title='bbox 3823 2251 3914 2301; x_wconf 75' lang='lat' dir='ltr'>An-</span> 
     </span>
    </p>
   </div>
   <div class='ocr_carea' id='block_1_71' title="bbox 2350 2334 3243 2394">
    <p class='ocr_par' dir='ltr' id='par_1_71' title="bbox 2350 2334 3243 2394">
     <span class='ocr_line' id='line_1_71' title="bbox 2350 2334 3243 2394; baseline 0 -1"><span class='ocrx_word' id='word_1_466' title='bbox 2350 2354 2479 2394; x_wconf 90' lang='lat' dir='ltr'>nes.</span> <span class='ocrx_word' id='word_1_467' title='bbox 3237 2334 3243 2339; x_wconf 85' lang='grc'><em>’</em></span> 
     </span>
    </p>
   </div>
   <div class='ocr_carea' id='block_1_72' title="bbox 2423 2424 3912 2492">
    <p class='ocr_par' dir='ltr' id='par_1_72' title="bbox 2423 2424 3912 2492">
     <span class='ocr_line' id='line_1_72' title="bbox 2423 2424 3912 2492; baseline -0.005 -11"><span class='ocrx_word' id='word_1_468' title='bbox 2423 2428 2566 2481; x_wconf 92' lang='lat' dir='ltr'>Item</span> <span class='ocrx_word' id='word_1_469' title='bbox 2596 2442 2749 2481; x_wconf 88' lang='lat' dir='ltr'>anno</span> <span class='ocrx_word' id='word_1_470' title='bbox 2781 2426 3010 2481; x_wconf 90' lang='lat' dir='ltr'>Domini</span> <span class='ocrx_word' id='word_1_471' title='bbox 3033 2424 3173 2480; x_wconf 76' lang='grc'>1258</span> <span class='ocrx_word' id='word_1_472' title='bbox 3195 2425 3540 2481; x_wconf 80' lang='lat' dir='ltr'>indictionis</span> <span class='ocrx_word' id='word_1_473' title='bbox 3568 2427 3749 2492; x_wconf 67' lang='lat' dir='ltr'>tertiae,</span> <span class='ocrx_word' id='word_1_474' title='bbox 3776 2439 3912 2478; x_wconf 81' lang='lat' dir='ltr'>mense</span> 
     </span>
    </p>
   </div>
   <div class='ocr_carea' id='block_1_73' title="bbox 2353 2514 3915 2584">
    <p class='ocr_par' dir='ltr' id='par_1_73' title="bbox 2353 2514 3915 2584">
     <span class='ocr_line' id='line_1_73' title="bbox 2353 2514 3915 2584; baseline -0.003 -15"><span class='ocrx_word' id='word_1_475' title='bbox 2353 2515 2834 2584; x_wconf 83' lang='lat' dir='ltr'>Maii,Gabbanus</span> <span class='ocrx_word' id='word_1_476' title='bbox 2858 2515 3257 2569; x_wconf 82' lang='lat' dir='ltr'>&#39;l‘heotonicus</span> <span class='ocrx_word' id='word_1_477' title='bbox 3288 2514 3587 2569; x_wconf 86' lang='lat' dir='ltr'>interfecit</span> <span class='ocrx_word' id='word_1_478' title='bbox 3610 2514 3829 2570; x_wconf 87' lang='lat' dir='ltr'>eumdem</span> <span class='ocrx_word' id='word_1_479' title='bbox 3849 2526 3915 2565; x_wconf 84' lang='lat' dir='ltr'>co-</span> 
     </span>
    </p>
   </div>
   <div class='ocr_carea' id='block_1_74' title="bbox 2352 2598 3914 2669">
    <p class='ocr_par' dir='ltr' id='par_1_74' title="bbox 2352 2598 3914 2669">
     <span class='ocr_line' id='line_1_74' title="bbox 2352 2598 3914 2669; baseline -0.004 -11"><span class='ocrx_word' id='word_1_480' title='bbox 2352 2604 2550 2658; x_wconf 88' lang='lat' dir='ltr'>mitem</span> <span class='ocrx_word' id='word_1_481' title='bbox 2565 2604 2943 2659; x_wconf 88' lang='lat' dir='ltr'>Fredericum</span> <span class='ocrx_word' id='word_1_482' title='bbox 2965 2602 3259 2656; x_wconf 89' lang='lat' dir='ltr'>Malettam</span> <span class='ocrx_word' id='word_1_483' title='bbox 3281 2606 3420 2657; x_wconf 88' lang='lat' dir='ltr'>ante</span> <span class='ocrx_word' id='word_1_484' title='bbox 3456 2607 3698 2659; x_wconf 89' lang='lat' dir='ltr'>montem</span> <span class='ocrx_word' id='word_1_485' title='bbox 3722 2598 3914 2669; x_wconf 83' lang='lat' dir='ltr'>Trapani,</span> 
     </span>
    </p>
   </div>
   <div class='ocr_carea' id='block_1_75' title="bbox 2354 2690 3915 2753">
    <p class='ocr_par' dir='ltr' id='par_1_75' title="bbox 2354 2690 3915 2753">
     <span class='ocr_line' id='line_1_75' title="bbox 2354 2690 3915 2753; baseline -0.004 -7"><span class='ocrx_word' id='word_1_486' title='bbox 2354 2697 2411 2747; x_wconf 91' lang='lat' dir='ltr'>et</span> <span class='ocrx_word' id='word_1_487' title='bbox 2438 2693 2593 2748; x_wconf 90' lang='lat' dir='ltr'>idem</span> <span class='ocrx_word' id='word_1_488' title='bbox 2611 2694 2935 2748; x_wconf 87' lang='lat' dir='ltr'>Gobbanus</span> <span class='ocrx_word' id='word_1_489' title='bbox 2952 2690 3221 2747; x_wconf 90' lang='lat' dir='ltr'>ascendit</span> <span class='ocrx_word' id='word_1_490' title='bbox 3250 2692 3311 2745; x_wconf 91' lang='lat' dir='ltr'>in</span> <span class='ocrx_word' id='word_1_491' title='bbox 3343 2692 3613 2747; x_wconf 90' lang='lat' dir='ltr'>eumdem</span> <span class='ocrx_word' id='word_1_492' title='bbox 3641 2694 3862 2753; x_wconf 82' lang='lat' dir='ltr'>montem;</span> <span class='ocrx_word' id='word_1_493' title='bbox 3880 2692 3915 2740; x_wconf 83' lang='lat' dir='ltr'>et</span> 
     </span>
    </p>
   </div>
   <div class='ocr_carea' id='block_1_76' title="bbox 2353 2779 3915 2851">
    <p class='ocr_par' dir='ltr' id='par_1_76' title="bbox 2353 2779 3915 2851">
     <span class='ocr_line' id='line_1_76' title="bbox 2353 2779 3915 2851; baseline -0.003 -17"><span class='ocrx_word' id='word_1_494' title='bbox 2353 2781 2482 2851; x_wconf 91' lang='lat' dir='ltr'>ipse</span> <span class='ocrx_word' id='word_1_495' title='bbox 2514 2799 2629 2836; x_wconf 91' lang='lat' dir='ltr'>una</span> <span class='ocrx_word' id='word_1_496' title='bbox 2663 2798 2796 2836; x_wconf 91' lang='lat' dir='ltr'>cum</span> <span class='ocrx_word' id='word_1_497' title='bbox 2828 2780 3167 2836; x_wconf 88' lang='lat' dir='ltr'>hominibus</span> <span class='ocrx_word' id='word_1_498' title='bbox 3198 2779 3400 2849; x_wconf 89' lang='lat' dir='ltr'>ipsius</span> <span class='ocrx_word' id='word_1_499' title='bbox 3433 2782 3639 2835; x_wconf 90' lang='lat' dir='ltr'>montis</span> <span class='ocrx_word' id='word_1_500' title='bbox 3667 2780 3915 2834; x_wconf 84' lang='lat' dir='ltr'>calcaneum</span> 
     </span>
    </p>
   </div>
   <div class='ocr_carea' id='block_1_77' title="bbox 2353 2865 3914 2942">
    <p class='ocr_par' dir='ltr' id='par_1_77' title="bbox 2353 2865 3914 2942">
     <span class='ocr_line' id='line_1_77' title="bbox 2353 2865 3914 2942; baseline -0.004 -18"><span class='ocrx_word' id='word_1_501' title='bbox 2353 2871 2698 2926; x_wconf 88' lang='lat' dir='ltr'>rebellionis</span> <span class='ocrx_word' id='word_1_502' title='bbox 2728 2873 3044 2926; x_wconf 85' lang='lat' dir='ltr'>erexerunt</span> <span class='ocrx_word' id='word_1_503' title='bbox 3070 2871 3277 2923; x_wconf 89' lang='lat' dir='ltr'>contra</span> <span class='ocrx_word' id='word_1_504' title='bbox 3304 2868 3604 2925; x_wconf 88' lang='lat' dir='ltr'>dominum</span> <span class='ocrx_word' id='word_1_505' title='bbox 3619 2883 3790 2942; x_wconf 74' lang='lat' dir='ltr'>regem</span> <span class='ocrx_word' id='word_1_506' title='bbox 3812 2865 3914 2920; x_wconf 77' lang='lat' dir='ltr'>Man-</span> 
     </span>
    </p>
   </div>
   <div class='ocr_carea' id='block_1_78' title="bbox 2352 2958 3914 3034">
    <p class='ocr_par' dir='ltr' id='par_1_78' title="bbox 2352 2958 3914 3034">
     <span class='ocr_line' id='line_1_78' title="bbox 2352 2958 3914 3034; baseline -0.004 -22"><span class='ocrx_word' id='word_1_507' title='bbox 2352 2958 2603 3027; x_wconf 87' lang='lat' dir='ltr'>fredum,</span> <span class='ocrx_word' id='word_1_508' title='bbox 2634 2962 2925 3030; x_wconf 73' lang='lat' dir='ltr'>negantes</span> <span class='ocrx_word' id='word_1_509' title='bbox 2952 2979 3170 3034; x_wconf 81' lang='lat' dir='ltr'>nomen</span> <span class='ocrx_word' id='word_1_510' title='bbox 3231 2963 3392 3034; x_wconf 85' lang='lat' dir='ltr'>ejus;</span> <span class='ocrx_word' id='word_1_511' title='bbox 3427 2968 3483 3017; x_wconf 92' lang='lat' dir='ltr'>et</span> <span class='ocrx_word' id='word_1_512' title='bbox 3514 2959 3758 3015; x_wconf 90' lang='lat' dir='ltr'>dominus</span> <span class='ocrx_word' id='word_1_513' title='bbox 3780 2966 3914 3009; x_wconf 82' lang='lat' dir='ltr'>comes</span> 
     </span>
    </p>
   </div>
   <div class='ocr_carea' id='block_1_79' title="bbox 2352 3040 3914 3121">
    <p class='ocr_par' dir='ltr' id='par_1_79' title="bbox 2352 3040 3914 3121">
     <span class='ocr_line' id='line_1_79' title="bbox 2352 3040 3914 3121; baseline -0.006 -20"><span class='ocrx_word' id='word_1_514' title='bbox 2352 3047 2706 3103; x_wconf 86' lang='lat' dir='ltr'>Fredericus</span> <span class='ocrx_word' id='word_1_515' title='bbox 2765 3050 2995 3107; x_wconf 84' lang='lat' dir='ltr'>Lancea</span> <span class='ocrx_word' id='word_1_516' title='bbox 3057 3068 3191 3107; x_wconf 92' lang='lat' dir='ltr'>cum</span> <span class='ocrx_word' id='word_1_517' title='bbox 3220 3052 3492 3107; x_wconf 88' lang='lat' dir='ltr'>exercitu</span> <span class='ocrx_word' id='word_1_518' title='bbox 3540 3063 3733 3121; x_wconf 77' lang='lat' dir='ltr'>magno</span> <span class='ocrx_word' id='word_1_519' title='bbox 3757 3040 3914 3100; x_wconf 80' lang='lat' dir='ltr'>obsedit</span> 
     </span>
    </p>
   </div>
   <div class='ocr_carea' id='block_1_80' title="bbox 2350 3129 3914 3206">
    <p class='ocr_par' dir='ltr' id='par_1_80' title="bbox 2350 3129 3914 3206">
     <span class='ocr_line' id='line_1_80' title="bbox 2350 3129 3914 3206; baseline -0.006 -16"><span class='ocrx_word' id='word_1_520' title='bbox 2350 3137 2695 3206; x_wconf 85' lang='lat' dir='ltr'>praedictum</span> <span class='ocrx_word' id='word_1_521' title='bbox 2726 3143 3009 3204; x_wconf 88' lang='lat' dir='ltr'>montem,</span> <span class='ocrx_word' id='word_1_522' title='bbox 3041 3145 3098 3196; x_wconf 92' lang='lat' dir='ltr'>et</span> <span class='ocrx_word' id='word_1_523' title='bbox 3130 3156 3338 3196; x_wconf 88' lang='lat' dir='ltr'>mense</span> <span class='ocrx_word' id='word_1_524' title='bbox 3368 3140 3639 3196; x_wconf 88' lang='lat' dir='ltr'>Octobris</span> <span class='ocrx_word' id='word_1_525' title='bbox 3664 3129 3914 3191; x_wconf 84' lang='lat' dir='ltr'>indictionis</span> 
     </span>
    </p>
   </div>
   <div class='ocr_carea' id='block_1_81' title="bbox 2348 3220 3913 3298">
    <p class='ocr_par' dir='ltr' id='par_1_81' title="bbox 2348 3220 3913 3298">
     <span class='ocr_line' id='line_1_81' title="bbox 2348 3220 3913 3298; baseline -0.004 -18"><span class='ocrx_word' id='word_1_526' title='bbox 2348 3224 2622 3295; x_wconf 85' lang='lat' dir='ltr'>ejusdem</span> <span class='ocrx_word' id='word_1_527' title='bbox 2649 3228 2804 3298; x_wconf 89' lang='lat' dir='ltr'>cepit</span> <span class='ocrx_word' id='word_1_528' title='bbox 2832 3230 3177 3298; x_wconf 64' lang='lat' dir='ltr'>praedictum</span> <span class='ocrx_word' id='word_1_529' title='bbox 3208 3233 3474 3285; x_wconf 88' lang='lat' dir='ltr'>montem</span> <span class='ocrx_word' id='word_1_530' title='bbox 3507 3242 3638 3282; x_wconf 88' lang='lat' dir='ltr'>cum</span> <span class='ocrx_word' id='word_1_531' title='bbox 3665 3220 3913 3279; x_wconf 81' lang='lat' dir='ltr'>hominibus</span> 
     </span>
    </p>
   </div>
   <div class='ocr_carea' id='block_1_82' title="bbox 2274 3308 3915 3408">
    <p class='ocr_par' dir='ltr' id='par_1_82' title="bbox 2274 3308 3915 3408">
     <span class='ocr_line' id='line_1_82' title="bbox 2274 3308 3915 3408; baseline -0.01 -36"><span class='ocrx_word' id='word_1_532' title='bbox 2274 3347 2323 3408; x_wconf 71' lang='grc' dir='ltr'><strong>Ο</strong></span> <span class='ocrx_word' id='word_1_533' title='bbox 2347 3313 2639 3408; x_wconf 81' lang='lat' dir='ltr'>ejusdem,</span> <span class='ocrx_word' id='word_1_534' title='bbox 2662 3321 2719 3370; x_wconf 91' lang='lat' dir='ltr'>et</span> <span class='ocrx_word' id='word_1_535' title='bbox 2736 3317 2875 3408; x_wconf 86' lang='lat' dir='ltr'>fecit</span> <span class='ocrx_word' id='word_1_536' title='bbox 2889 3332 2993 3373; x_wconf 87' lang='lat' dir='ltr'>eos</span> <span class='ocrx_word' id='word_1_537' title='bbox 3015 3318 3090 3373; x_wconf 89' lang='lat' dir='ltr'>ab</span> <span class='ocrx_word' id='word_1_538' title='bbox 3121 3319 3258 3374; x_wconf 91' lang='lat' dir='ltr'>inde</span> <span class='ocrx_word' id='word_1_539' title='bbox 3281 3317 3617 3382; x_wconf 87' lang='lat' dir='ltr'>discedere,</span> <span class='ocrx_word' id='word_1_540' title='bbox 3645 3316 3695 3369; x_wconf 87' lang='lat' dir='ltr'>et</span> <span class='ocrx_word' id='word_1_541' title='bbox 3709 3308 3915 3383; x_wconf 78' lang='lat' dir='ltr'>quosdam</span> 
     </span>
    </p>
   </div>
   <div class='ocr_carea' id='block_1_83' title="bbox 2347 3405 2833 3460">
    <p class='ocr_par' dir='ltr' id='par_1_83' title="bbox 2347 3405 2833 3460">
     <span class='ocr_line' id='line_1_83' title="bbox 2347 3405 2833 3460; baseline 0.004 -2"><span class='ocrx_word' id='word_1_542' title='bbox 2347 3417 2459 3458; x_wconf 90' lang='lat' dir='ltr'>eos</span> <span class='ocrx_word' id='word_1_543' title='bbox 2487 3405 2833 3460; x_wconf 88' lang='lat' dir='ltr'>devastavit.</span> 
     </span>
    </p>
   </div>
   <div class='ocr_carea' id='block_1_84' title="bbox 2418 3484 3989 3563">
    <p class='ocr_par' dir='ltr' id='par_1_84' title="bbox 2418 3484 3989 3563">
     <span class='ocr_line' id='line_1_84' title="bbox 2418 3484 3989 3563; baseline -0.003 -17"><span class='ocrx_word' id='word_1_544' title='bbox 2418 3492 2588 3547; x_wconf 84' lang='lat' dir='ltr'>Anno</span> <span class='ocrx_word' id='word_1_545' title='bbox 2621 3494 2853 3550; x_wconf 90' lang='lat' dir='ltr'>Domini</span> <span class='ocrx_word' id='word_1_546' title='bbox 2876 3495 3034 3563; x_wconf 76' lang='lat' dir='ltr'>I263,</span> <span class='ocrx_word' id='word_1_547' title='bbox 3070 3511 3223 3551; x_wconf 89' lang='lat' dir='ltr'>nona</span> <span class='ocrx_word' id='word_1_548' title='bbox 3250 3497 3592 3563; x_wconf 88' lang='lat' dir='ltr'>indictione,</span> <span class='ocrx_word' id='word_1_549' title='bbox 3617 3505 3788 3547; x_wconf 88' lang='lat' dir='ltr'>comes</span> <span class='ocrx_word' id='word_1_550' title='bbox 3804 3484 3917 3540; x_wconf 77' lang='lat' dir='ltr'>Caro-</span> <span class='ocrx_word' id='word_1_551' title='bbox 3988 3512 3989 3557; x_wconf 62' lang='lat'>§</span> 
     </span>
    </p>
   </div>
   <div class='ocr_carea' id='block_1_85' title="bbox 2345 3570 3989 3653">
    <p class='ocr_par' dir='ltr' id='par_1_85' title="bbox 2345 3570 3989 3653">
     <span class='ocr_line' id='line_1_85' title="bbox 2345 3570 3989 3653; baseline 0.005 -19"><span class='ocrx_word' id='word_1_552' title='bbox 2345 3580 2442 3635; x_wconf 90' lang='lat' dir='ltr'>lus</span> <span class='ocrx_word' id='word_1_553' title='bbox 2474 3582 2712 3637; x_wconf 90' lang='lat' dir='ltr'>intravit</span> <span class='ocrx_word' id='word_1_554' title='bbox 2742 3584 2988 3638; x_wconf 80' lang='lat' dir='ltr'>Romam</span> <span class='ocrx_word' id='word_1_555' title='bbox 3018 3585 3074 3637; x_wconf 93' lang='lat' dir='ltr'>in</span> <span class='ocrx_word' id='word_1_556' title='bbox 3097 3590 3325 3653; x_wconf 62' lang='lat' dir='ltr'>aestate;</span> <span class='ocrx_word' id='word_1_557' title='bbox 3359 3599 3566 3638; x_wconf 89' lang='lat' dir='ltr'>mense</span> <span class='ocrx_word' id='word_1_558' title='bbox 3596 3596 3722 3635; x_wconf 88' lang='lat' dir='ltr'>vero</span> <span class='ocrx_word' id='word_1_559' title='bbox 3762 3570 3914 3644; x_wconf 70' lang='grc' dir='ltr'>Αρτίίίθ</span> <span class='ocrx_word' id='word_1_560' title='bbox 3988 3574 3989 3643; x_wconf 67' lang='lat' dir='ltr'>l</span> 
     </span>
    </p>
   </div>
   <div class='ocr_carea' id='block_1_86' title="bbox 2343 3665 3915 3741">
    <p class='ocr_par' dir='ltr' id='par_1_86' title="bbox 2343 3665 3915 3741">
     <span class='ocr_line' id='line_1_86' title="bbox 2343 3665 3915 3741; baseline -0.008 -16"><span class='ocrx_word' id='word_1_561' title='bbox 2343 3670 2616 3741; x_wconf 86' lang='lat' dir='ltr'>ejusdem</span> <span class='ocrx_word' id='word_1_562' title='bbox 2630 3672 2855 3740; x_wconf 91' lang='lat' dir='ltr'>indict.,</span> <span class='ocrx_word' id='word_1_563' title='bbox 2881 3674 3157 3728; x_wconf 85' lang='lat' dir='ltr'>dominus</span> <span class='ocrx_word' id='word_1_564' title='bbox 3175 3689 3286 3728; x_wconf 81' lang='lat' dir='ltr'>rex</span> <span class='ocrx_word' id='word_1_565' title='bbox 3310 3672 3651 3728; x_wconf 81' lang='lat' dir='ltr'>Mant‘redus</span> <span class='ocrx_word' id='word_1_566' title='bbox 3667 3668 3798 3723; x_wconf 89' lang='lat' dir='ltr'>misit</span> <span class='ocrx_word' id='word_1_567' title='bbox 3812 3665 3915 3717; x_wconf 67' lang='lat' dir='ltr'>exta</span> 
     </span>
    </p>
   </div>
   <div class='ocr_carea' id='block_1_87' title="bbox 2343 3758 3867 3831">
    <p class='ocr_par' dir='ltr' id='par_1_87' title="bbox 2343 3758 3867 3831">
     <span class='ocr_line' id='line_1_87' title="bbox 2343 3758 3867 3831; baseline -0.004 -19"><span class='ocrx_word' id='word_1_568' title='bbox 2343 3758 2486 3813; x_wconf 92' lang='lat' dir='ltr'>lium</span> <span class='ocrx_word' id='word_1_569' title='bbox 2512 3776 2685 3814; x_wconf 90' lang='lat' dir='ltr'>suum</span> <span class='ocrx_word' id='word_1_570' title='bbox 2711 3761 2865 3831; x_wconf 89' lang='lat' dir='ltr'>apud</span> <span class='ocrx_word' id='word_1_571' title='bbox 2899 3762 3219 3815; x_wconf 88' lang='lat' dir='ltr'>Marsiliam</span> <span class='ocrx_word' id='word_1_572' title='bbox 3258 3762 3329 3816; x_wconf 88' lang='lat' dir='ltr'>ad</span> <span class='ocrx_word' id='word_1_573' title='bbox 3366 3759 3737 3817; x_wconf 88' lang='lat' dir='ltr'>obsidendum</span> <span class='ocrx_word' id='word_1_574' title='bbox 3760 3767 3867 3806; x_wconf 80' lang='lat' dir='ltr'>eam.</span> 
     </span>
    </p>
   </div>
   <div class='ocr_carea' id='block_1_88' title="bbox 2395 3847 3909 3919">
    <p class='ocr_par' dir='ltr' id='par_1_88' title="bbox 2395 3847 3909 3919">
     <span class='ocr_line' id='line_1_88' title="bbox 2395 3847 3909 3919; baseline -0.003 -18"><span class='ocrx_word' id='word_1_575' title='bbox 2395 3848 2562 3902; x_wconf 83' lang='lat' dir='ltr'>Anno</span> <span class='ocrx_word' id='word_1_576' title='bbox 2577 3848 2847 3919; x_wconf 89' lang='lat' dir='ltr'>ejusdem</span> <span class='ocrx_word' id='word_1_577' title='bbox 2871 3850 3299 3905; x_wconf 89' lang='lat' dir='ltr'>lncarnationis</span> <span class='ocrx_word' id='word_1_578' title='bbox 3320 3851 3483 3914; x_wconf 77' lang='grc'>1265,</span> <span class='ocrx_word' id='word_1_579' title='bbox 3500 3847 3781 3902; x_wconf 88' lang='lat' dir='ltr'>indictione</span> <span class='ocrx_word' id='word_1_580' title='bbox 3793 3851 3909 3897; x_wconf 74' lang='lat' dir='ltr'>nona.</span> 
     </span>
    </p>
   </div>
   <div class='ocr_carea' id='block_1_89' title="bbox 2346 3927 3913 4008">
    <p class='ocr_par' dir='ltr' id='par_1_89' title="bbox 2346 3927 3913 4008">
     <span class='ocr_line' id='line_1_89' title="bbox 2346 3927 3913 4008; baseline -0.006 -20"><span class='ocrx_word' id='word_1_581' title='bbox 2346 3951 2547 3990; x_wconf 90' lang='lat' dir='ltr'>comes</span> <span class='ocrx_word' id='word_1_582' title='bbox 2577 3936 2824 3992; x_wconf 87' lang='lat' dir='ltr'>Carolus</span> <span class='ocrx_word' id='word_1_583' title='bbox 2863 3939 3017 4007; x_wconf 88' lang='lat' dir='ltr'>cepit</span> <span class='ocrx_word' id='word_1_584' title='bbox 3044 3942 3279 4006; x_wconf 89' lang='lat' dir='ltr'>pontem</span> <span class='ocrx_word' id='word_1_585' title='bbox 3327 3938 3649 4008; x_wconf 83' lang='lat' dir='ltr'>Ciplanum,</span> <span class='ocrx_word' id='word_1_586' title='bbox 3684 3936 3732 3986; x_wconf 90' lang='lat' dir='ltr'>et</span> <span class='ocrx_word' id='word_1_587' title='bbox 3755 3927 3913 3984; x_wconf 79' lang='lat' dir='ltr'>turbata</span> 
     </span>
    </p>
   </div>
   <div class='ocr_carea' id='block_1_90' title="bbox 2345 4025 3987 4099">
    <p class='ocr_par' dir='ltr' id='par_1_90' title="bbox 2345 4025 3987 4099">
     <span class='ocr_line' id='line_1_90' title="bbox 2345 4025 3987 4099; baseline -0.006 -21"><span class='ocrx_word' id='word_1_588' title='bbox 2345 4025 2659 4079; x_wconf 85' lang='lat' dir='ltr'>estcivitas</span> <span class='ocrx_word' id='word_1_589' title='bbox 2673 4026 2973 4096; x_wconf 86' lang='lat' dir='ltr'>Neapolis.</span> <span class='ocrx_word' id='word_1_590' title='bbox 3002 4026 3465 4095; x_wconf 85' lang='lat' dir='ltr'>Etpostmodum</span> <span class='ocrx_word' id='word_1_591' title='bbox 3484 4027 3631 4080; x_wconf 86' lang='lat' dir='ltr'>idem</span> <span class='ocrx_word' id='word_1_592' title='bbox 3649 4032 3813 4077; x_wconf 89' lang='lat' dir='ltr'>comes</span> <span class='ocrx_word' id='word_1_593' title='bbox 3826 4026 3914 4069; x_wconf 84' lang='lat' dir='ltr'>cum</span> <span class='ocrx_word' id='word_1_594' title='bbox 3986 4096 3987 4099; x_wconf 10' lang='grc' dir='ltr'><strong>η</strong></span> 
     </span>
    </p>
   </div>
   <div class='ocr_carea' id='block_1_91' title="bbox 2344 4111 3987 4207">
    <p class='ocr_par' dir='ltr' id='par_1_91' title="bbox 2344 4111 3987 4207">
     <span class='ocr_line' id='line_1_91' title="bbox 2344 4111 3987 4207; baseline -0.005 -38"><span class='ocrx_word' id='word_1_595' title='bbox 2344 4117 2607 4171; x_wconf 87' lang='lat' dir='ltr'>exercitu</span> <span class='ocrx_word' id='word_1_596' title='bbox 2631 4133 2739 4171; x_wconf 91' lang='lat' dir='ltr'>suo</span> <span class='ocrx_word' id='word_1_597' title='bbox 2758 4118 2916 4171; x_wconf 90' lang='lat' dir='ltr'>venit</span> <span class='ocrx_word' id='word_1_598' title='bbox 2938 4119 3089 4186; x_wconf 88' lang='lat' dir='ltr'>apud</span> <span class='ocrx_word' id='word_1_599' title='bbox 3120 4122 3358 4187; x_wconf 88' lang='lat' dir='ltr'>pontem</span> <span class='ocrx_word' id='word_1_600' title='bbox 3381 4117 3732 4171; x_wconf 80' lang='lat' dir='ltr'>Valentinum</span> <span class='ocrx_word' id='word_1_601' title='bbox 3758 4111 3805 4162; x_wconf 87' lang='lat' dir='ltr'>in</span> <span class='ocrx_word' id='word_1_602' title='bbox 3986 4140 3987 4207; x_wconf 33' lang='grc' dir='ltr'>ι</span> 
     </span>
    </p>
   </div>
   <div class='ocr_carea' id='block_1_92' title="bbox 2345 4190 3916 4277">
    <p class='ocr_par' dir='ltr' id='par_1_92' title="bbox 2345 4190 3916 4277">
     <span class='ocr_line' id='line_1_92' title="bbox 2345 4190 3916 4277; baseline -0.007 -19"><span class='ocrx_word' id='word_1_603' title='bbox 2345 4205 2503 4259; x_wconf 89' lang='lat' dir='ltr'>tibus</span> <span class='ocrx_word' id='word_1_604' title='bbox 2538 4206 2880 4275; x_wconf 85' lang='lat' dir='ltr'>Beneventi,</span> <span class='ocrx_word' id='word_1_605' title='bbox 2923 4211 2977 4259; x_wconf 92' lang='lat' dir='ltr'>et</span> <span class='ocrx_word' id='word_1_606' title='bbox 3003 4207 3097 4260; x_wconf 89' lang='lat' dir='ltr'>die</span> <span class='ocrx_word' id='word_1_607' title='bbox 3134 4206 3389 4261; x_wconf 90' lang='lat' dir='ltr'>Veneris</span> <span class='ocrx_word' id='word_1_608' title='bbox 3428 4205 3701 4277; x_wconf 80' lang='lat' dir='ltr'>vigesimo</span> <span class='ocrx_word' id='word_1_609' title='bbox 3728 4190 3916 4254; x_wconf 62' lang='lat' dir='ltr'>secunda</span> 
     </span>
    </p>
   </div>
   <div class='ocr_carea' id='block_1_93' title="bbox 2343 4284 3913 4364">
    <p class='ocr_par' dir='ltr' id='par_1_93' title="bbox 2343 4284 3913 4364">
     <span class='ocr_line' id='line_1_93' title="bbox 2343 4284 3913 4364; baseline -0.004 -16"><span class='ocrx_word' id='word_1_610' title='bbox 2343 4293 2570 4347; x_wconf 90' lang='lat' dir='ltr'>mensis</span> <span class='ocrx_word' id='word_1_611' title='bbox 2594 4294 2900 4348; x_wconf 84' lang='lat' dir='ltr'>Februarii</span> <span class='ocrx_word' id='word_1_612' title='bbox 2920 4294 3231 4364; x_wconf 69' lang='lat' dir='ltr'>prmvaluit</span> <span class='ocrx_word' id='word_1_613' title='bbox 3250 4296 3309 4348; x_wconf 86' lang='lat' dir='ltr'>in</span> <span class='ocrx_word' id='word_1_614' title='bbox 3327 4296 3597 4350; x_wconf 90' lang='lat' dir='ltr'>eumdem</span> <span class='ocrx_word' id='word_1_615' title='bbox 3619 4302 3790 4361; x_wconf 83' lang='lat' dir='ltr'>regem</span> <span class='ocrx_word' id='word_1_616' title='bbox 3807 4284 3913 4337; x_wconf 70' lang='grc' dir='ltr'>Μαυ-</span> 
     </span>
    </p>
   </div>
   <div class='ocr_carea' id='block_1_94' title="bbox 2346 4380 3913 4452">
    <p class='ocr_par' dir='ltr' id='par_1_94' title="bbox 2346 4380 3913 4452">
     <span class='ocr_line' id='line_1_94' title="bbox 2346 4380 3913 4452; baseline -0.002 -17"><span class='ocrx_word' id='word_1_617' title='bbox 2346 4382 2574 4437; x_wconf 85' lang='lat' dir='ltr'>fredum</span> <span class='ocrx_word' id='word_1_618' title='bbox 2598 4399 2731 4437; x_wconf 91' lang='lat' dir='ltr'>cum</span> <span class='ocrx_word' id='word_1_619' title='bbox 2763 4384 3027 4439; x_wconf 85' lang='lat' dir='ltr'>exercitu</span> <span class='ocrx_word' id='word_1_620' title='bbox 3053 4389 3250 4452; x_wconf 88' lang='lat' dir='ltr'>suo,et</span> <span class='ocrx_word' id='word_1_621' title='bbox 3268 4386 3474 4440; x_wconf 86' lang='lat' dir='ltr'>habuit</span> <span class='ocrx_word' id='word_1_622' title='bbox 3489 4380 3765 4437; x_wconf 87' lang='lat' dir='ltr'>victoriam</span> <span class='ocrx_word' id='word_1_623' title='bbox 3790 4384 3913 4440; x_wconf 67' lang='grc' dir='ltr'>ευριπ</span> 
     </span>
    </p>
   </div>
   <div class='ocr_carea' id='block_1_95' title="bbox 2346 4487 2498 4525">
    <p class='ocr_par' dir='ltr' id='par_1_95' title="bbox 2346 4487 2498 4525">
     <span class='ocr_line' id='line_1_95' title="bbox 2346 4487 2498 4525; baseline 0 0"><span class='ocrx_word' id='word_1_624' title='bbox 2346 4487 2498 4525; x_wconf 86' lang='lat' dir='ltr'>eum.</span> 
     </span>
    </p>
   </div>
   <div class='ocr_carea' id='block_1_96' title="bbox 2418 4558 3985 4632">
    <p class='ocr_par' dir='ltr' id='par_1_96' title="bbox 2418 4558 3985 4632">
     <span class='ocr_line' id='line_1_96' title="bbox 2418 4558 3985 4632; baseline -0.003 -19"><span class='ocrx_word' id='word_1_625' title='bbox 2418 4561 2559 4615; x_wconf 93' lang='lat' dir='ltr'>Item</span> <span class='ocrx_word' id='word_1_626' title='bbox 2590 4576 2741 4615; x_wconf 90' lang='lat' dir='ltr'>anno</span> <span class='ocrx_word' id='word_1_627' title='bbox 2799 4561 2971 4616; x_wconf 67' lang='lat' dir='ltr'>dictae</span> <span class='ocrx_word' id='word_1_628' title='bbox 3022 4562 3471 4630; x_wconf 88' lang='lat' dir='ltr'>lncarnationis,</span> <span class='ocrx_word' id='word_1_629' title='bbox 3534 4558 3747 4632; x_wconf 88' lang='lat' dir='ltr'>ejudem</span> <span class='ocrx_word' id='word_1_630' title='bbox 3790 4561 3903 4606; x_wconf 54' lang='lat' dir='ltr'>nona</span> <span class='ocrx_word' id='word_1_631' title='bbox 3984 4596 3985 4609; x_wconf 37' lang='grc' dir='ltr'>χ</span> 
     </span>
    </p>
   </div>
   <div class='ocr_carea' id='block_1_97' title="bbox 571 4638 3985 4729">
    <p class='ocr_par' dir='ltr' id='par_1_97' title="bbox 571 4638 3985 4729">
     <span class='ocr_line' id='line_1_97' title="bbox 571 4638 3985 4729; baseline -0.001 -32"><span class='ocrx_word' id='word_1_632' title='bbox 571 4656 777 4698; x_wconf 89' lang='lat' dir='ltr'>mense</span> <span class='ocrx_word' id='word_1_633' title='bbox 817 4644 1060 4713; x_wconf 87' lang='lat' dir='ltr'>Aprilis,</span> <span class='ocrx_word' id='word_1_634' title='bbox 1098 4645 1394 4699; x_wconf 79' lang='lat' dir='ltr'>Henricus</span> <span class='ocrx_word' id='word_1_635' title='bbox 1424 4645 1495 4699; x_wconf 90' lang='lat' dir='ltr'>de</span> <span class='ocrx_word' id='word_1_636' title='bbox 1526 4644 1753 4698; x_wconf 75' lang='lat' dir='ltr'>Abbate</span> <span class='ocrx_word' id='word_1_637' title='bbox 1803 4661 1933 4699; x_wconf 92' lang='lat' dir='ltr'>cum</span> <span class='ocrx_word' id='word_1_638' title='bbox 1966 4647 2230 4699; x_wconf 86' lang='lat' dir='ltr'>exercitu</span> <span class='ocrx_word' id='word_1_639' title='bbox 2260 4668 2313 4729; x_wconf 83' lang='lat' dir='ltr'><strong>D</strong></span> <span class='ocrx_word' id='word_1_640' title='bbox 2348 4650 2705 4718; x_wconf 90' lang='lat' dir='ltr'>indictionis,</span> <span class='ocrx_word' id='word_1_641' title='bbox 2731 4650 2823 4705; x_wconf 90' lang='lat' dir='ltr'>die</span> <span class='ocrx_word' id='word_1_642' title='bbox 2853 4650 3112 4718; x_wconf 89' lang='lat' dir='ltr'>Sabbati,</span> <span class='ocrx_word' id='word_1_643' title='bbox 3137 4650 3366 4705; x_wconf 90' lang='lat' dir='ltr'>decimo</span> <span class='ocrx_word' id='word_1_644' title='bbox 3386 4650 3555 4705; x_wconf 89' lang='lat' dir='ltr'>tertio</span> <span class='ocrx_word' id='word_1_645' title='bbox 3586 4645 3781 4702; x_wconf 89' lang='lat' dir='ltr'>mensis</span> <span class='ocrx_word' id='word_1_646' title='bbox 3804 4638 3907 4692; x_wconf 72' lang='lat' dir='ltr'>Mar-</span> <span class='ocrx_word' id='word_1_647' title='bbox 3984 4638 3985 4729; x_wconf 38' lang='grc' dir='ltr'>ἦ</span> 
     </span>
    </p>
   </div>
   <div class='ocr_carea' id='block_1_98' title="bbox 569 4732 2231 4803">
    <p class='ocr_par' dir='ltr' id='par_1_98' title="bbox 569 4732 2231 4803">
     <span class='ocr_line' id='line_1_98' title="bbox 569 4732 2231 4803; baseline 0.001 -16"><span class='ocrx_word' id='word_1_648' title='bbox 569 4732 754 4787; x_wconf 82' lang='lat' dir='ltr'>Vallis</span> <span class='ocrx_word' id='word_1_649' title='bbox 787 4733 1088 4787; x_wconf 74' lang='lat' dir='ltr'>Mazzariaa</span> <span class='ocrx_word' id='word_1_650' title='bbox 1124 4735 1275 4803; x_wconf 88' lang='lat' dir='ltr'>cepit</span> <span class='ocrx_word' id='word_1_651' title='bbox 1304 4735 1670 4802; x_wconf 82' lang='lat' dir='ltr'>I’anormum,</span> <span class='ocrx_word' id='word_1_652' title='bbox 1696 4738 1751 4788; x_wconf 90' lang='lat' dir='ltr'>et</span> <span class='ocrx_word' id='word_1_653' title='bbox 1784 4734 2020 4789; x_wconf 83' lang='lat' dir='ltr'>fratrem</span> <span class='ocrx_word' id='word_1_654' title='bbox 2053 4736 2231 4791; x_wconf 89' lang='lat' dir='ltr'>Busi-</span> 
     </span>
    </p>
   </div>
   <div class='ocr_carea' id='block_1_99' title="bbox 568 4823 2233 4895">
    <p class='ocr_par' dir='ltr' id='par_1_99' title="bbox 568 4823 2233 4895">
     <span class='ocr_line' id='line_1_99' title="bbox 568 4823 2233 4895; baseline -0.001 -16"><span class='ocrx_word' id='word_1_655' title='bbox 568 4838 709 4879; x_wconf 88' lang='lat' dir='ltr'>num</span> <span class='ocrx_word' id='word_1_656' title='bbox 738 4824 1018 4895; x_wconf 76' lang='lat' dir='ltr'>legatum,</span> <span class='ocrx_word' id='word_1_657' title='bbox 1053 4827 1109 4877; x_wconf 93' lang='lat' dir='ltr'>et</span> <span class='ocrx_word' id='word_1_658' title='bbox 1139 4827 1254 4876; x_wconf 91' lang='lat' dir='ltr'>tota</span> <span class='ocrx_word' id='word_1_659' title='bbox 1293 4823 1491 4877; x_wconf 83' lang='lat' dir='ltr'>Sicilia</span> <span class='ocrx_word' id='word_1_660' title='bbox 1522 4839 1588 4878; x_wconf 90' lang='lat' dir='ltr'>se</span> <span class='ocrx_word' id='word_1_661' title='bbox 1615 4825 1904 4878; x_wconf 88' lang='lat' dir='ltr'>convertit</span> <span class='ocrx_word' id='word_1_662' title='bbox 1935 4824 2007 4877; x_wconf 90' lang='lat' dir='ltr'>ad</span> <span class='ocrx_word' id='word_1_663' title='bbox 2040 4825 2233 4878; x_wconf 87' lang='lat' dir='ltr'>domi-</span> 
     </span>
    </p>
   </div>
   <div class='ocr_carea' id='block_1_100' title="bbox 569 4912 2232 4982">
    <p class='ocr_par' dir='ltr' id='par_1_100' title="bbox 569 4912 2232 4982">
     <span class='ocr_line' id='line_1_100' title="bbox 569 4912 2232 4982; baseline 0.001 -15"><span class='ocrx_word' id='word_1_664' title='bbox 569 4913 866 4967; x_wconf 89' lang='lat' dir='ltr'>nationem</span> <span class='ocrx_word' id='word_1_665' title='bbox 894 4912 1113 4966; x_wconf 91' lang='lat' dir='ltr'>domini</span> <span class='ocrx_word' id='word_1_666' title='bbox 1171 4913 1477 4982; x_wconf 72' lang='lat' dir='ltr'>principis,</span> <span class='ocrx_word' id='word_1_667' title='bbox 1538 4916 1757 4981; x_wconf 62' lang='lat' dir='ltr'>praeter</span> <span class='ocrx_word' id='word_1_668' title='bbox 1810 4912 2077 4982; x_wconf 68' lang='lat' dir='ltr'>I’Iatiam,</span> <span class='ocrx_word' id='word_1_669' title='bbox 2120 4913 2232 4968; x_wconf 88' lang='lat' dir='ltr'>Ca-</span> 
     </span>
    </p>
   </div>
   <div class='ocr_carea' id='block_1_101' title="bbox 568 5002 1537 5071">
    <p class='ocr_par' dir='ltr' id='par_1_101' title="bbox 568 5002 1537 5071">
     <span class='ocr_line' id='line_1_101' title="bbox 568 5002 1537 5071; baseline -0.001 -15"><span class='ocrx_word' id='word_1_670' title='bbox 568 5004 760 5057; x_wconf 89' lang='lat' dir='ltr'>strum</span> <span class='ocrx_word' id='word_1_671' title='bbox 781 5003 1091 5071; x_wconf 82' lang='lat' dir='ltr'>Joannem,</span> <span class='ocrx_word' id='word_1_672' title='bbox 1127 5004 1184 5056; x_wconf 90' lang='lat' dir='ltr'>et</span> <span class='ocrx_word' id='word_1_673' title='bbox 1214 5002 1537 5071; x_wconf 79' lang='lat' dir='ltr'>Aydonem.</span> 
     </span>
    </p>
   </div>
   <div class='ocr_carea' id='block_1_102' title="bbox 642 5090 2231 5161">
    <p class='ocr_par' dir='ltr' id='par_1_102' title="bbox 642 5090 2231 5161">
     <span class='ocr_line' id='line_1_102' title="bbox 642 5090 2231 5161; baseline 0 -16"><span class='ocrx_word' id='word_1_674' title='bbox 642 5091 785 5147; x_wconf 90' lang='lat' dir='ltr'>Item</span> <span class='ocrx_word' id='word_1_675' title='bbox 815 5108 965 5148; x_wconf 86' lang='lat' dir='ltr'>anno</span> <span class='ocrx_word' id='word_1_676' title='bbox 988 5091 1219 5147; x_wconf 90' lang='lat' dir='ltr'>Domini</span> <span class='ocrx_word' id='word_1_677' title='bbox 1253 5091 1407 5157; x_wconf 55' lang='lat'>1205,</span> <span class='ocrx_word' id='word_1_678' title='bbox 1432 5090 1655 5145; x_wconf 90' lang='lat' dir='ltr'>decima</span> <span class='ocrx_word' id='word_1_679' title='bbox 1687 5090 1889 5161; x_wconf 87' lang='lat' dir='ltr'>quinta</span> <span class='ocrx_word' id='word_1_680' title='bbox 1915 5090 2231 5147; x_wconf 82' lang='lat' dir='ltr'>indictione</span> 
     </span>
    </p>
   </div>
   <div class='ocr_carea' id='block_1_103' title="bbox 2345 4684 3985 4807">
    <p class='ocr_par' dir='ltr' id='par_1_103' title="bbox 2345 4684 3985 4807">
     <span class='ocr_line' id='line_1_103' title="bbox 2348 4684 3881 4718; baseline 0.001 -16"><span class='ocrx_word' id='word_1_681' title='bbox 2348 4684 2705 4718; x_wconf 70' lang='grc' dir='ltr'>ιιιυιυιιυυιῠ,</span> <span class='ocrx_word' id='word_1_682' title='bbox 2731 4684 2823 4705; x_wconf 73' lang='grc' dir='ltr'>υισ</span> <span class='ocrx_word' id='word_1_683' title='bbox 2853 4684 3112 4718; x_wconf 66' lang='grc' dir='ltr'>υαυυιιιι,</span> <span class='ocrx_word' id='word_1_684' title='bbox 3137 4684 3366 4705; x_wconf 75' lang='grc' dir='ltr'>υυυιιιιυ</span> <span class='ocrx_word' id='word_1_685' title='bbox 3389 4684 3464 4705; x_wconf 60' lang='lat' dir='ltr'>[Cl</span> <span class='ocrx_word' id='word_1_686' title='bbox 3480 4684 3555 4704; x_wconf 71' lang='grc' dir='ltr'>ιιυ</span> <span class='ocrx_word' id='word_1_687' title='bbox 3587 4684 3780 4702; x_wconf 68' lang='grc' dir='ltr'>ιυνιιι-νιν</span> <span class='ocrx_word' id='word_1_688' title='bbox 3804 4684 3881 4692; x_wconf 70' lang='grc'>·“⁸“’</span> 
     </span>
     <span class='ocr_line' id='line_1_104' title="bbox 2345 4684 3985 4807; baseline -0.011 -14"><span class='ocrx_word' id='word_1_689' title='bbox 2345 4740 2426 4802; x_wconf 88' lang='lat' dir='ltr'>tii,</span> <span class='ocrx_word' id='word_1_690' title='bbox 2456 4739 2664 4793; x_wconf 90' lang='lat' dir='ltr'>civitas</span> <span class='ocrx_word' id='word_1_691' title='bbox 2684 4740 2978 4794; x_wconf 71' lang='lat' dir='ltr'>Messanae</span> <span class='ocrx_word' id='word_1_692' title='bbox 2999 4740 3250 4793; x_wconf 87' lang='lat' dir='ltr'>elevavit</span> <span class='ocrx_word' id='word_1_693' title='bbox 3272 4739 3551 4793; x_wconf 79' lang='lat' dir='ltr'>vexillum</span> <span class='ocrx_word' id='word_1_694' title='bbox 3594 4728 3819 4807; x_wconf 64' lang='lat' dir='ltr'>praedicti</span> <span class='ocrx_word' id='word_1_695' title='bbox 3841 4738 3906 4777; x_wconf 81' lang='lat' dir='ltr'>co-</span> <span class='ocrx_word' id='word_1_696' title='bbox 3984 4684 3985 4771; x_wconf 34' lang='grc' dir='ltr'>ι</span> 
     </span>
    </p>
   </div>
   <div class='ocr_carea' id='block_1_104' title="bbox 2344 4812 3908 4903">
    <p class='ocr_par' dir='ltr' id='par_1_104' title="bbox 2344 4812 3908 4903">
     <span class='ocr_line' id='line_1_105' title="bbox 2344 4812 3908 4903; baseline -0.008 -21"><span class='ocrx_word' id='word_1_697' title='bbox 2344 4829 2503 4882; x_wconf 90' lang='lat' dir='ltr'>mitis</span> <span class='ocrx_word' id='word_1_698' title='bbox 2564 4827 2780 4893; x_wconf 81' lang='lat' dir='ltr'>Caroli;</span> <span class='ocrx_word' id='word_1_699' title='bbox 2839 4831 2895 4883; x_wconf 89' lang='lat' dir='ltr'>et</span> <span class='ocrx_word' id='word_1_700' title='bbox 2942 4829 3035 4881; x_wconf 93' lang='lat' dir='ltr'>die</span> <span class='ocrx_word' id='word_1_701' title='bbox 3081 4827 3250 4881; x_wconf 90' lang='lat' dir='ltr'>Jovis</span> <span class='ocrx_word' id='word_1_702' title='bbox 3308 4830 3466 4897; x_wconf 90' lang='lat' dir='ltr'>pimo</span> <span class='ocrx_word' id='word_1_703' title='bbox 3510 4824 3716 4880; x_wconf 89' lang='lat' dir='ltr'>mensis</span> <span class='ocrx_word' id='word_1_704' title='bbox 3754 4812 3908 4903; x_wconf 31' lang='lat' dir='ltr'>Aprilis“?</span> 
     </span>
    </p>
   </div>
   <div class='ocr_carea' id='block_1_105' title="bbox 2342 4900 3906 4991">
    <p class='ocr_par' dir='ltr' id='par_1_105' title="bbox 2342 4900 3906 4991">
     <span class='ocr_line' id='line_1_106' title="bbox 2342 4900 3906 4991; baseline -0.009 -20"><span class='ocrx_word' id='word_1_705' title='bbox 2342 4916 2616 4987; x_wconf 90' lang='lat' dir='ltr'>ejusdem</span> <span class='ocrx_word' id='word_1_706' title='bbox 2646 4916 3006 4984; x_wconf 90' lang='lat' dir='ltr'>indictionis,</span> <span class='ocrx_word' id='word_1_707' title='bbox 3030 4931 3233 4970; x_wconf 91' lang='lat' dir='ltr'>comes</span> <span class='ocrx_word' id='word_1_708' title='bbox 3270 4916 3538 4985; x_wconf 86' lang='lat' dir='ltr'>Pbilipus</span> <span class='ocrx_word' id='word_1_709' title='bbox 3560 4914 3627 4967; x_wconf 91' lang='lat' dir='ltr'>de</span> <span class='ocrx_word' id='word_1_710' title='bbox 3654 4900 3906 4991; x_wconf 45' lang='lat' dir='ltr'>Montefotfi</span> 
     </span>
    </p>
   </div>
   <div class='ocr_carea' id='block_1_106' title="bbox 2341 4988 3906 5075">
    <p class='ocr_par' dir='ltr' id='par_1_106' title="bbox 2341 4988 3906 5075">
     <span class='ocr_line' id='line_1_107' title="bbox 2341 4988 3906 5075; baseline -0.006 -18"><span class='ocrx_word' id='word_1_711' title='bbox 2341 5004 2501 5058; x_wconf 87' lang='lat' dir='ltr'>venit</span> <span class='ocrx_word' id='word_1_712' title='bbox 2527 5003 2789 5058; x_wconf 88' lang='lat' dir='ltr'>vicarius</span> <span class='ocrx_word' id='word_1_713' title='bbox 2838 5004 2898 5058; x_wconf 91' lang='lat' dir='ltr'>in</span> <span class='ocrx_word' id='word_1_714' title='bbox 2930 5003 3192 5057; x_wconf 85' lang='lat' dir='ltr'>Siciliam</span> <span class='ocrx_word' id='word_1_715' title='bbox 3212 5018 3322 5075; x_wconf 92' lang='lat' dir='ltr'>pro</span> <span class='ocrx_word' id='word_1_716' title='bbox 3348 5006 3513 5074; x_wconf 85' lang='lat' dir='ltr'>parte</span> <span class='ocrx_word' id='word_1_717' title='bbox 3541 4999 3717 5071; x_wconf 89' lang='lat' dir='ltr'>ipsius</span> <span class='ocrx_word' id='word_1_718' title='bbox 3741 4988 3906 5048; x_wconf 55' lang='lat' dir='ltr'>comitis</span> 
     </span>
    </p>
   </div>
   <div class='ocr_carea' id='block_1_107' title="bbox 2341 5091 2555 5147">
    <p class='ocr_par' dir='ltr' id='par_1_107' title="bbox 2341 5091 2555 5147">
     <span class='ocr_line' id='line_1_108' title="bbox 2341 5091 2555 5147; baseline -0.005 0"><span class='ocrx_word' id='word_1_719' title='bbox 2341 5091 2555 5147; x_wconf 88' lang='lat' dir='ltr'>Caroli.</span> 
     </span>
    </p>
   </div>
  </div>
