4090 6162
139 351 3545 399 μ

2005 389 2026 390 ,,
2073 389 3540 399 ﬂ__—__

1488 526 1641 565 ΛΝΝο
1682 527 1883 564 DOMIII
1922 528 2225 567 HLXXXVII.

1229 660 2322 802 VVILLELMUS
2422 666 2490 798 Ι

458 949 730 1027 DUX
802 950 1975 1040 NORTHMANNORUM
2026 965 2178 1042 ET
2239 968 2502 1046 REX
2552 968 3259 1051 ANGLORUM

1252 1158 1749 1223 COGNOMINE
1801 1162 2054 1234 CONQ
2069 1164 2244 1228 UES
2260 1167 2457 1231 TOR.

1706 1336 1991 1345 —-——_

932 1459 1645 1555 WILLELMI
1786 1458 2813 1581 CONQUESTORIS

1676 1712 2058 1827 GESTA

510 1961 571 2021 A
637 1962 969 2023 VVillelmo
998 1962 1374 2025 Pictaoensi
1421 1965 1839 2028 Lesooiovvm
1879 1969 2365 2045 archidiacono,
2399 1974 2889 2054 cotemporanco
2915 1975 3165 2058 scripta

896 2156 1258 2223 (Ducunsma,
1293 2154 1579 2210 Historice
1609 2154 1963 2211 Northman.
1995 2156 2200 2228 Script
2232 2158 2440 2229 θυείᾳ,
2473 2174 2607 2229 pag.
2646 2160 2793 2229 1'78.)

200 2543 471 2615 (Initium
504 2544 997 2615 desideratur.)...
1026 2562 1157 2602 eum
1177 2549 1292 2601 vita
1314 2564 1563 2619 regnum
1596 2548 1797 2620 Angli-

1916 2551 2092 2603 vitatc
2138 2537 2500 2604 Londoniam
2547 2551 2672 2621 regi
2703 2553 3034 2607 transmisit
3077 2552 3353 2623 Heraldo,
3396 2558 3451 2610 et
3502 2556 3573 2611 de

130 2648 267 2686 cum
293 2633 672 2704 amisit,quod
692 2636 951 2704 paternae
971 2651 1039 2689 ac
1057 2652 1182 2689 sum
1205 2635 1643 2705 violentiae,non
1666 2637 1797 2691 aliis
1823 2659 1883 2721 Α
1916 2639 2191 2693 comitatu
2223 2638 2441 2709 aliquot
2478 2639 2748 2693 similiter
2786 2641 3013 2695 vinctos
3061 2641 3321 2712 reliquos
3366 2644 3576 2713 partim

129 2720 355 2775 debuit.
417 2722 705 2776 Coronam
755 2723 1017 2777 eamdem
1061 2740 1193 2778 cum
1239 2725 1452 2780 throno
1501 2725 1797 2780 Ileraldus

129 2809 387 2863 obtinuit
447 2809 602 2864 filius
642 2809 796 2880 ejus,
855 2811 1064 2881 partim
1124 2814 1196 2867 ab
1252 2829 1320 2867 eo
1372 2814 1695 2884 tyrannidis
1744 2816 1802 2867 in

129 2914 334 2952 amore
366 2897 649 2970 degener.
688 2898 943 2953 Exsules
986 2901 1176 2956 adhuc.
1205 2902 1517 2955 manebant
1551 2902 1608 2955 in
1642 2903 1803 2955 curia

128 2988 448 3059 prepinqni
464 2988 559 3041 sui
582 2987 863 3042 VVillelmi
887 2990 1169 3059 principis
1191 2990 1521 3045 Edwardus
1544 3007 1611 3044 ac
1632 2991 1803 3045 Alve-

128 3077 335 3143 radiis,
367 3077 467 3147 qui
502 3077 635 3131 olim
665 3077 831 3146 pueri
854 3093 927 3131 ne
944 3077 1363 3148 jugularentur
1384 3079 1456 3134 ad
1477 3080 1803 3133 avunculos

125 3167 189 3219 in
222 3166 713 3219 Northmanniam
757 3165 1104 3237 ell'ugerant.
1148 3166 1412 3221 Gcnitrix
1457 3184 1659 3223 eorum
1698 3168 1806 3222 fuit

128 3254 337 3308 Emma
373 3254 488 3307 tilia
522 3253 803 3307 Richardi
830 3255 1025 3324 primi,
1071 3254 1303 3326 genitor
1338 3256 1668 3311 Edelredus
1698 3273 1804 3311 rex

130 3342 703 3414 Anglorum-Verum
719 3342 787 3396 de
803 3343 1150 3414 genealogia
1166 3344 1372 3399 horum
1389 3360 1805 3418 germanorum

127 3438 185 3485 et
217 3432 375 3501 quod
400 3431 784 3485 hereditatem
813 3448 1015 3485 eorum
1042 3433 1186 3486 Dani
1218 3433 1524 3489 invasione
1548 3450 1802 3503 occupa-

125 3519 345 3585 verint,
384 3519 530 3573 satis
562 3520 656 3572 alii
682 3520 1002 3590 scripsere.
1052 3522 1127 3574 Ut
1150 3537 1293 3593 ergo
1316 3522 1632 3576 decessum
1651 3523 1805 3577 (lliu-

123 3608 251 3661 nuti
270 3608 597 3675 audierant,
618 3608 805 3676 primo
819 3608 1153 3663 Edwardus
1174 3611 1320 3664 mari
1345 3611 1597 3666 decurso
1622 3628 1805 3668 naves

124 3696 520 3767 quadraginta
541 3696 1235 3753 militeinstructissimas
1267 3700 1548 3754 Hantome
1563 3701 1802 3770 appulit,

126 3786 225 3840 ubi
257 3784 692 3838 multitudinem
719 3783 958 3839 offendit
988 3787 1302 3840 maximam
1343 3804 1409 3841 se
1440 3788 1511 3839 ad
1547 3788 1804 3840 interne-

122 3874 361 3927 cionem
394 3873 486 3926 sui
512 3874 893 3942 operientem.
916 3873 1063 3926 Nam
1091 3874 1411 3929 Heraldum
1444 3875 1617 3945 Angli
1643 3875 1809 3928 dese-

122 3976 259 4015 rere
303 3960 601 4029 nolebant,
642 3960 755 4029 vel,
791 3961 948 4031 quod
977 3964 1069 4015 est
1100 3962 1463 4032 credibilius,
1490 3978 1605 4016 non
1632 3963 1806 4017 aude-

122 4050 285 4117 bant,
314 4052 643 4103 metuentes
665 4048 867 4103 adfore
902 4049 1100 4104 Danos
1124 4051 1192 4103 ad
1217 4050 1637 4120 protectionem
1676 4051 1803 4106 sive

120 4139 364 4192 citatam
392 4137 669 4191 ultionem
705 4137 860 4209 ejus,
885 4139 1215 4193 exstinctos
1240 4140 1427 4193 fuisse
1452 4140 1802 4194 truculentia

1913 2726 1971 2780 in
2004 2728 2305 2799 ergastula
2338 2728 2633 2797 deputavit
2653 2731 2957 2798 separatos
2989 2729 3059 2781 ab
3084 2730 3334 2784 invicem
3366 2732 3577 2786 distra-

1911 2816 2101 2869 ctione
2136 2816 2489 2884 miseranda,
2526 2816 2737 2886 partim
2767 2816 2894 2871 diro
2927 2816 3041 2870 fine
3071 2820 3301 2872 necavit
3332 2820 3579 2874 horribi-

1907 2905 2038 2958 liter
2088 2906 2475 2958 evisceratos.
2540 2904 2793 2958 Gavisus
2854 2905 3147 2960 Hcraldus
3206 2906 3263 2959 in
3321 2908 3575 2961 vinculis

1909 2995 2226 3063 conspecto
2258 2992 2574 3059 Alverado,
2613 2994 2895 3046 satellites
2926 2993 3059 3064 ejus
3093 3010 3265 3064 quam
3322 2996 3575 3065 optimos

1907 3096 2104 3133 coram
2140 3096 2209 3135 eo
2226 3080 2409 3151 jussit
2433 3080 2771 3149 decapitari,
2804 3081 2997 3149 ipsum
3021 3083 3217 3135 orbari
3253 3082 3574 3138 luminibus

1905 3169 2041 3223 dein
2072 3172 2409 3239 equestrem
2449 3168 2707 3221 nuditate
2740 3172 3032 3239 turpatum
3069 3170 3140 3222 ad
3172 3186 3329 3224 mare
3362 3170 3575 3225 deduci

1906 3258 2018 3311 sub
2050 3272 2201 3328 equo
2226 3257 2475 3327 pedibus
2499 3256 2811 3327 colligatis,
2833 3261 2895 3311 ut
2915 3259 2969 3311 in
2988 3257 3134 3329 Elge
3158 3258 3359 3330 (Etye)
3381 3258 3575 3313 insula

1906 3346 2115 3400 exsilio
2157 3346 2523 3399 cruciaretur
2571 3349 2627 3399 et
2658 3350 2941 3417 egestate.
2995 3346 3331 3400 Delectabat
3378 3347 3573 3416 ipsum

1905 3434 2021 3488 vita
2041 3433 2256 3487 inimici
2277 3433 2514 3505 gravior
2540 3433 2932 3488 morte.Simul
2953 3434 3573 3502 Edwardum,omnino

1907 3523 2240 3577 absterrere
2289 3522 2624 3576 intendebat
2677 3523 2942 3593 germani
2991 3523 3437 3577 calamitatibus.
3490 3523 3574 3577 lta

1907 3611 2154 3680 deperiit
2176 3609 2657 3665 formosissimus
2674 3610 3387 3681 juvenis,laudatissimus
3413 3611 3576 3665 boni-

1906 3703 2040 3767 tate,
2074 3700 2236 3770 regis
2265 3699 2465 3770 proles
2497 3701 2553 3753 et
2583 3714 2793 3770 regum
2826 3714 3032 3767 nepos,
3059 3714 3165 3752 nec
3189 3700 3572 3769 supervivere

1907 3786 2091 3854 potuit
2117 3786 2212 3839 diu
2240 3805 2253 3851 ;
2287 3786 2379 3840 cui
2399 3786 2534 3840 dum
2554 3785 2707 3841 oculi
2733 3785 3145 3852 effoderentur,
3181 3788 3369 3841 cultro
3404 3803 3572 3842 cere-

1906 3875 2076 3928 brum
2100 3874 2339 3928 violavit
2360 3874 2729 3929 mucro.ldeo
2750 3874 2914 3928 brevi
2939 3875 3359 3930 exclamatione
3392 3876 3499 3931 liae
3519 3881 3572 3931 te

1908 3979 2017 4017 nos
2061 3962 2444 4032 alloquemur,
2476 3962 2779 4027 Godwine,
2814 3961 2989 4033 cujus
3008 3964 3449 4018 mortuinomen
3479 3965 3571 4018 in-

1911 4052 2062 4105 fame
2095 4054 2368 4118 supercst
2399 4053 2571 4120 atque
2604 4050 2894 4104 odiosum.
2918 4050 3063 4104 Nam
3093 4067 3125 4103 a
3156 4052 3571 4123 ﬂagitio,quod

1910 4136 2374 4191 maliliosissime
2440 4136 2779 4205 patravisti,
2830 4136 3125 4191 deterrere
3199 4144 3273 4206 te,
3334 4139 3388 4192 si
3445 4140 3571 4192 fieri

118 4226 350 4279 Danica
385 4241 511 4279 sua;
539 4226 733 4295 gentis
765 4226 1174 4281 nobilissimos
1195 4228 1429 4281 minime
1459 4228 1618 4282 obliti
1640 4232 1796 4283 sunt.
1829 4204 1879 4264 Β
1910 4225 2118 4295 possit,
2156 4223 2448 4278 volumus.
2490 4223 2672 4288 Quam
2703 4226 3065 4278 exsecranda
3097 4225 3248 4278 furia
3278 4226 3523 4295 agitaris
3544 4226 3572 4277 ?

121 4314 513 4384 Congressus
544 4312 700 4365 illico
736 4329 946 4384 magna
979 4314 1138 4368 caede
1164 4317 1482 4384 superavit.
1518 4315 1801 4370 Conside-

124 4417 269 4454 rans
303 4404 501 4453 autem
532 4400 905 4454 adversantis
937 4403 1112 4455 terrae
1144 4402 1303 4456 vires
1336 4403 1631 4474 ingentes,
1652 4421 1801 4475 quas

125 4488 389 4542 traduxit
410 4488 675 4542 modicas
710 4504 868 4558 esse,
894 4490 1187 4560 regyratis
1219 4492 1417 4559 proris
1446 4508 1579 4545 cum
1612 4494 1804 4562 opima

123 4577 333 4644 praeda
348 4576 833 4629 Northmanniam
859 4577 1264 4646 repetit.Hunc
1282 4580 1395 4633 sibi
1418 4580 1599 4634 larem
1620 4583 1801 4634 tntum

122 4665 377 4733 sciebat,
402 4664 629 4735 largum
654 4669 710 4718 et
724 4665 1237 4719 benevolum.Non
1252 4669 1431 4721 multo
1445 4672 1580 4738 post
1593 4669 1801 4722 deinde

122 4753 444 4807 interstitio
475 4754 756 4822 temporis
799 4755 1226 4809 Doroberniam
1264 4756 1421 4809 venit
1471 4756 1799 4810 Alveradus

120 4843 507 4895 transvectus
538 4856 611 4894 ex
654 4844 827 4912 portu
872 4843 1010 4910 lcio,
1043 4844 1379 4897 accuratius
1416 4861 1588 4915 quam
1619 4845 1799 4898 frater

119 4934 291 4984 antea
324 4929 621 4983 adversus
654 4931 770 4983 vim
800 4937 1188 5001 praeparatus,
1232 4936 1531 5002 sceptrum
1580 4937 1634 4987 ct
1668 4934 1796 5002 ipse

117 5024 437 5089 paternum
501 5018 859 5088 requirebat.
911 5020 1095 5084 Quem
1151 5022 1460 5075 adeuntem
1514 5021 1796 5075 interiora

115 5108 454 5163 Godwinns
487 5123 687 5161 comes
740 5107 964 5162 nefario
997 5109 1129 5163 dolo
1167 5110 1506 5179 suscipiens
1542 5109 1796 5164 factione

114 5197 501 5268 iniquissima
526 5196 781 5250 tradidit.
810 5195 877 5250 Et
900 5196 1056 5250 enim
1076 5197 1230 5252 ultro
1264 5199 1596 5252 occurritei
1619 5198 1796 5251 veluti

114 5285 187 5337 ad
209 5283 792 5350 honorem,officium
820 5302 991 5340 suum
1016 5285 1271 5355 benigne
1290 5286 1796 5355 promisit,oscula

116 5373 268 5427 dans
292 5373 365 5426 ad
384 5373 559 5426 fidem
584 5387 651 5426 ac
673 5373 958 5427 dextram.
984 5374 1248 5428 Mensam
1267 5379 1553 5444 praeterea
1578 5391 1709 5429 cum
1728 5390 1796 5428 eo

114 5459 492 5514 familiariter
546 5462 994 5516 communicavit
1043 5465 1217 5533 atque
1269 5461 1535 5516 consilia.
1589 5461 1797 5517 Noctis

111 5554 313 5603 autem
334 5549 624 5603 insecutae
642 5548 835 5603 medio
859 5566 1065 5603 manus
1089 5550 1333 5605 inermis
1358 5567 1428 5604 ex
1453 5566 1659 5605 somno
1683 5550 1798 5603 lan-

112 5630 441 5712 guidipost
461 5640 699 5711 tergum
719 5636 1041 5694 restrinxit.
1077 5638 1202 5693 Tali
1236 5641 1635 5717 expugnatum
1669 5654 1799 5695 sua-

1908 4330 2023 4385 quo
2044 4311 2223 4366 corde
2260 4312 2580 4383 contrajus
2620 4316 2792 4383 atque
2833 4312 2922 4364 fas
2947 4312 3399 4366 abominandum
3425 4312 3573 4366 faei-

1904 4419 2019 4456 nus
2040 4400 2441 4455 machinaris?
2477 4417 2583 4455 cur
2602 4402 2659 4453 in
2680 4401 2923 4455 exitium
2962 4400 3043 4452 tui
3065 4402 3412 4470 tuorumque
3439 4415 3575 4470 per-

1903 4491 2254 4544 ﬁdissimam
2285 4489 2671 4559 proditionem
2709 4489 2990 4556 admittis,
3026 4487 3438 4543 crudelissime
3468 4489 3574 4543 ho-

1902 4579 2159 4632 micida?
2191 4577 2438 4643 Moliris,
2478 4576 2812 4630 confecisse
2845 4576 3165 4647 gratularis
3198 4577 3349 4647 quod
3384 4592 3575 4631 remo-

1900 4668 2265 4721 tissimarum
2288 4682 2318 4719 a
2337 4664 2792 4719 Christianismo
2819 4665 3119 4719 nationum
3139 4665 3286 4719 ritus
3308 4682 3374 4718 ac
3404 4666 3571 4737 leges

1901 4756 2287 4810 detestantur.
2342 4754 2619 4807 Alvcradi
2668 4754 3104 4826 indignissimae
3146 4770 3422 4808 aerumnae
3469 4754 3574 4808 tibi

1902 4844 2345 4914 improbissimo
2376 4842 2675 4914 gaudium,
2710 4843 2979 4896 honestis
3020 4844 3251 4912 pariunt
3280 4843 3571 4913 lacrymas

1902 4932 2072 4985 Dictu
2104 4932 2373 5003 equidem
2403 4930 2537 4984 talia
2570 4942 2698 4984 sunt
2734 4932 3028 5001 lugubria.
3064 4930 3400 4985 \Villclmus
3425 4946 3568 4984 vero

1902 5021 2379 5092 gloriosissimus
2440 5020 2575 5083 dux,
2621 5020 2795 5090 cujus
2841 5021 2967 5072 acta
3006 5022 3308 5072 venturam
3341 5022 3568 5073 aetatem

1901 5109 2095 5162 divina
2129 5108 2503 5177 opitulatione
2542 5107 2675 5161 freti
2722 5108 3089 5171 docebimus,
3111 5106 3340 5159 vindice
3373 5107 3567 5178 gladio

1904 5194 2365 5267 ferietjugulum
2397 5194 2633 5248 Heraldi
2666 5198 2780 5248 tuae
2811 5195 3037 5248 sobolis
3072 5194 3411 5248 crudelitate
3437 5211 3566 5265 per-

1900 5284 2151 5355 fidiaque
2176 5283 2625 5337 eonsimillimze.
2659 5282 2879 5336 Fundis
2903 5282 3211 5336 traditione
3247 5285 3341 5335 tua
3359 5283 3568 5339 imme-

1899 5375 2073 5427 ritum
2095 5373 2445 5443 sanguinem
2464 5371 3568 5445 Northmannorum,fundetursanguis

1902 5465 2133 5516 tuorum
2163 5460 2285 5531 pari
2317 5460 2447 5513 vice
2470 5458 2628 5513 ferro
2665 5459 3224 5513 Northmannorum.
3258 5460 3453 5515 Libuit
3482 5462 3566 5515 in-

1902 5550 2220 5605 humanum
2242 5548 2442 5602 scelus
2467 5548 2577 5608 hoc
2595 5550 2876 5618 perpetuo
2901 5548 3137 5603 silentio
3159 5549 3436 5621 sepelire,
3459 5549 3568 5605 sed

1900 5639 1961 5694 in
2011 5638 2389 5694 historiarum
2422 5637 2578 5694 serie
2608 5651 2707 5693 res
2756 5652 2988 5712 quoque
3026 5637 3222 5699 minus
3260 5637 3564 5712 pulchras,
