4074 6150
562 193 719 261 1219

1694 190 2137 257 WILLELMI
2177 146 2865 268 CONQUESTORIS.
2954 256 2959 261 .

3772 159 3883 277 {eo

566 416 699 457 cum
727 397 1077 454 necessario
1094 394 1376 465 incidunt,
1401 409 1518 448 non
1548 411 1581 448 a
1613 392 1812 447 charta
1834 394 2229 448 semovendas
2260 379 2538 463 Avaluit,
2572 398 2633 448 ut
2667 395 3065 451 directissima
3103 398 3243 452 belli
3286 398 3468 456 fronte
3508 402 3806 464 Valesdunis
3843 414 3881 466 in

564 493 860 561 putamus,
892 490 955 542 ut
985 486 1059 540 ab
1102 484 1419 538 imitatione
1469 482 1605 536 facti
1652 481 2029 536 semovendas
2068 487 2224 536 sunt.

637 577 931 633 Heraldus
964 591 1078 629 non
1109 573 1288 627 multo
1307 574 1441 642 post
1465 571 1741 631 decessit,
1768 569 1861 623 cui
1883 570 2063 623 frater
2088 570 2225 623 Har-

565 668 938 724 dechunutus
956 680 1030 719 ex
1043 663 1246 716 Emma
1260 660 1530 714 Edwardi
1545 662 1725 713 matre
1739 661 2224 725 natus,reversus

563 774 597 812 a
630 753 1039 811 Danimarcliia
1072 750 1386 805 successit.
1416 750 1522 802 I-Iic
1557 747 1761 819 generi
1784 751 2044 800 materno
2061 747 2222 799 simi-

562 846 698 914 lior,
740 859 856 897 non
886 858 997 912 qua
1035 842 1195 910 pater
1215 842 1312 893 aut
1334 838 1512 892 frater
1547 836 1886 890 crudelitate
1914 834 2219 907 regnabat,

562 948 754 1005 neque
782 931 1077 986 interitum
1126 927 1423 994 Edwardi,
1458 926 1564 980 sed
1596 932 1938 995 provectum
1967 923 2218 978 volebat.

562 1021 649 1075 Ob
682 1019 924 1074 morbos
949 1017 1139 1080 etiam,
1184 1031 1336 1086 quos
1362 1013 2061 1084 frequenterpatiebatur,
2088 1012 2221 1080 plus

564 1110 749 1163 Deum
782 1108 842 1161 in
860 1106 1049 1161 oculis
1068 1105 1320 1158 habebat
1341 1105 1397 1157 et
1415 1102 1547 1156 vitae
1570 1101 1841 1156 humana:
1853 1100 2220 1154 brevitatem.

563 1196 853 1251 Caeterum
886 1196 957 1250 de
988 1210 1174 1264 regno
1197 1192 1330 1263 ejus
1352 1195 1451 1245 aut
1479 1192 1595 1245 vita
1619 1191 1884 1244 scribere
1898 1190 2030 1242 aliis
2049 1188 2223 1243 relin-

562 1302 915 1358 quamus,ne
927 1284 1167 1355 longius
1181 1301 1213 1337 a
1228 1285 1468 1337 materia
1487 1281 1785 1352 proposita
1799 1280 2218 1351 digrediamur.

632 1375 827 1430 Illuxit
872 1373 1107 1428 tandem
1152 1372 1431 1443 gaudium
1486 1370 1958 1436 festivissimum,
1993 1383 2222 1422 summe

562 1464 795 1520 cunctis
846 1462 946 1533 qui
988 1476 1193 1532 pacem
1241 1463 1297 1513 et
1337 1459 1627 1529 justitiam
1668 1458 2081 1512 desiderabant
2112 1472 2219 1511 ex-

561 1555 910 1622 spectatum.
962 1550 1093 1605 Dux
1141 1554 1365 1616 noster,
1415 1548 1550 1617 plus
1588 1546 1974 1617 intelligentia
2021 1561 2221 1600 rerum

558 1642 939 1696 honestarum
962 1642 1018 1693 et
1038 1638 1097 1691 vi
1118 1636 1388 1706 corporis
1411 1652 1585 1705 quam
1607 1638 1773 1689 aetate
1797 1635 2219 1703 adultus,arma

2339 482 2636 536 dominum
2685 499 2857 538 suum
2900 488 3251 558 congregati
3302 488 3469 561 longe
3523 508 3620 561 per
3659 495 3884 554 circuitum

2341 572 2532 625 omnia
2562 572 2810 628 tumultu
2841 579 3240 630 concuterent.
3273 576 3621 648 Sequebatur
3651 583 3885 653 impietatis

2340 660 2620 713 vexilium
2634 676 2773 729 pars
2792 660 3192 716 Nortmanniae
3214 663 3622 734 major.Verum
3637 671 3885 741 totgladios

2344 748 2582 802 minime
2612 749 2919 803 exhorruit
2946 751 3131 820 partis
3154 752 3498 809 vindicantis
3517 756 3702 812 ductor
3719 759 3887 815 Willel-

2341 852 2497 890 mus.
2548 838 2788 892 Irruens
2822 839 2977 892 enim
3026 842 3230 912 strage
3278 857 3545 910 pavorem
3588 844 3772 915 injecit,
3809 865 3887 919 quo

2339 922 2466 979 fere
2497 925 2672 979 corda
2703 926 3072 982 adversariis
3102 932 3301 999 erepta
3331 934 3483 1000 sunt,
3515 932 3726 989 brachia
3751 937 3889 991 debili-

2337 1016 2470 1067 tata.
2504 1013 2641 1068 Sola
2675 1031 2841 1069 mens
2876 1032 3008 1086 quas
3041 1018 3098 1069 in
3134 1018 3333 1089 fugam
3361 1022 3733 1091 praecipitaret,
3762 1025 3888 1078 relin-

2333 1102 2640 1171 quebatur.
2701 1103 3108 1158 Insectabatur
3163 1106 3261 1160 ille
3320 1124 3422 1178 per
3474 1109 3697 1164 miliaria
3734 1112 3889 1182 aliquot

2335 1190 2557 1244 duriter
2588 1192 2912 1263 castigans.
2950 1194 3096 1246 Avia
3116 1194 3434 1266 plerosque
3450 1200 3544 1251 aut
3571 1198 3670 1252 vite
3687 1198 3886 1255 difﬁciles

2336 1279 2394 1332 in
2412 1283 2660 1333 mortem
2693 1280 3133 1336 subverterunt.
3168 1282 3481 1339 Nonnullis
3510 1286 3565 1339 in
3592 1286 3788 1355 planitie
3803 1291 3890 1342 trita

2332 1368 2605 1422 celeritas
2635 1368 2708 1423 ad
2739 1370 2965 1423 ruinam
2992 1411 3005 1439 ,
3031 1372 3381 1442 constipatio
3412 1374 3482 1426 ad
3522 1373 3801 1430 lethiferam
3815 1379 3888 1431 col-

2332 1455 2606 1510 lisionem
2644 1457 2771 1512 fuit.
2822 1450 3145 1513 Absbrbuit
3176 1475 3294 1515 non
3323 1476 3543 1531 paucos
3578 1462 3761 1518 ﬂuvius
3791 1464 3888 1519 Olna
3988 1450 3989 1517 Υ

2329 1545 2561 1613 equites
2592 1560 2725 1599 cum
2757 1546 2948 1617 equis.
3001 1546 3273 1602 Interfuit
3317 1550 3454 1603 huic
3484 1550 3673 1619 proelio
3701 1551 3889 1606 Francia

2328 1647 2436 1685 rex
2468 1632 2765 1688 Henricus
2790 1635 3248 1691 victrici'causze
3279 1638 3587 1692 auxiliaris.
3619 1638 3889 1694 Fructiosis-

559 1729 829 1783 militaria
853 1728 1065 1791 sumit;
1103 1725 1204 1796 qui
1232 1739 1437 1778 rumor
1471 1727 1689 1777 metum
1732 1722 1993 1777 Franciae
2015 1723 2220 1777 detulit
2246 1756 2293 1817 Β
2327 1721 2478 1775 sima
2506 1737 2649 1777 sane
2679 1725 2853 1793 atque
2882 1724 3234 1781 notiﬁcanda
3270 1727 3515 1781 saeculis
3539 1729 3697 1781 unius
3722 1728 3808 1781 diei
3829 1745 3893 1797 pu-

559 1818 735 1871 omni.
760 1817 956 1870 Alium
982 1830 1097 1868 non
1120 1812 1372 1867 habebat
1392 1810 1596 1877 Gallia,
1621 1811 1723 1880 qui
1752 1811 1885 1864 talis
1924 1811 2218 1880 praedica-

558 1908 721 1959 retur
754 1919 939 1974 eques
978 1906 1033 1955 et
1060 1903 1341 1955 armatus.
1364 1898 1777 1968 Spectaculum
1807 1901 1932 1952 erat
1959 1898 2217 1953 delecta-

554 1992 673 2047 bile
715 1993 987 2046 simulac
1021 1989 1299 2057 terribile,
1348 2003 1480 2043 eum
1528 2002 1773 2041 cernere
1812 1988 1979 2041 frena
2010 1988 2213 2042 mode-

558 2084 802 2149 rantem,
837 2095 981 2135 ense
1012 2079 1314 2144 decorum,
1351 2077 1554 2145 clypeo
1586 2074 1910 2146 fulgentem
1944 2080 2000 2129 et
2021 2076 2210 2146 galea,

555 2169 789 2239 teloque
810 2168 1191 2222 minitantem.
1235 2165 1382 2218 Nam
1420 2169 1481 2217 ut
1509 2164 1942 2233 pulchritudine
1963 2167 2215 2232 praesta-

553 2257 654 2310 bat
675 2273 808 2310 cum
839 2256 1176 2310 indumenta
1199 2253 1484 2322 principis
1517 2256 1777 2323 gestaret
1806 2255 1906 2305 aut
1942 2252 2104 2321 pacis
2137 2253 2214 2307 ita

555 2349 800 2399 ornatus
815 2345 915 2415 qui
934 2348 1134 2399 contra
1150 2343 1379 2396 hostem
1400 2340 1651 2395 sumitur
1682 2356 1813 2394 eum
1833 2341 2215 2411 singulariter

553 2433 979 2488 decebat.Hinc
998 2432 1187 2485 virilis
1202 2431 1257 2483 in
1280 2446 1349 2484 eo
1367 2430 1598 2483 animus
1633 2432 1689 2483 et
1711 2428 1902 2482 virtus
1924 2431 2214 2484 enitesce-

553 2522 652 2575 bat
673 2521 919 2592 egregia
942 2520 1306 2574 claritudine.
1328 2519 1476 2572 Hinc
1498 2533 1747 2587 namque
1766 2533 1997 2571 summo
2017 2518 2211 2572 studio

555 2610 727 2678 cmpit
750 2608 1039 2663 Ecclesiis
1065 2608 1165 2662 Dei
1183 2606 1555 2677 patrocinari,
1574 2622 1788 2659 causas
1810 2605 2212 2676 impotentium

551 2697 746 2766 tutari,
776 2697 914 2767 jura
944 2696 1245 2767 imponere
1294 2711 1426 2766 quae
1457 2711 1573 2749 non
1605 2699 1941 2765 gravarent,
1985 2694 2213 2765 judicia

552 2785 749 2839 facere
768 2801 901 2856 quae
937 2799 1305 2854 nequaquam
1331 2782 1401 2835 ab
1421 2782 1693 2851 aequitate
1714 2782 1805 2835 vel
1829 2784 2213 2852 temperantia

551 2873 873 2927 deviarent.
924 2871 1216 2942 Imprimis
1261 2871 1575 2940 prohibere
1621 2871 1817 2925 caedes
1844 2913 1857 2939 ,
1917 2871 2209 2942 incendia,

550 2963 811 3032 rapinas.
841 2961 1042 3016 Rebus
1066 2960 1218 3015 enim
1243 2958 1463 3013 illicitis
1485 2959 1663 3013 nimia
1678 2959 1918 3030 ubique,
1950 2964 2011 3014 ut
2029 2976 2212 3029 supra

549 3051 880 3118 docnimus,
931 3049 1163 3104 licentia
1207 3047 1333 3101 fuit.
1387 3047 1651 3118 Denique
1694 3048 1868 3118 coepit
1904 3049 2140 3103 omnino
2178 3065 2211 3103 a

2330 1824 2466 1880 gna,
2501 1826 2654 1880 quae,
2691 1826 2822 1864 cum
2854 1812 3189 1883 exemplum
3229 1816 3589 1870 tremendum
3618 1817 3836 1884 sanciret,
3857 1822 3892 1869 et

2325 1898 2593 1952 cervices
2624 1899 2865 1953 nimium
2888 1901 3070 1955 elatas
3095 1901 3250 1956 ferro
3281 1903 3560 1973 contudit,
3585 1909 3635 1959 et
3652 1920 3895 1975 propugna-
3988 1898 3989 1915 ³

2328 1987 2459 2039 cula
2488 1986 2818 2042 facinorum
2849 1989 3099 2058 plurima
3126 1991 3372 2046 castella
3403 1993 3652 2046 victoria:
3671 2009 3808 2046 manu
3829 1993 3893 2044 im-

2325 2074 2596 2142 pellendo
2629 2075 2885 2146 disjecit,
2931 2082 2986 2132 et
3028 2078 3181 2132 bella
3211 2080 3536 2135 domestica
3578 2081 3713 2151 apud
3736 2097 3817 2135 nos
3855 2082 3893 2134 in
3988 2146 3989 2155 ξ

2327 2162 2568 2233 longum
2582 2165 3196 2236 sopivit.Turpissime
3222 2168 3469 2239 elapsus
3481 2169 3655 2224 Guido
3674 2170 3893 2223 Briouium
3988 2176 3989 2239 ᾖ

2334 2265 2467 2305 cum
2498 2268 2713 2323 magno
2743 2254 3002 2324 equitatu
3033 2256 3356 2310 contendit.
3390 2256 3664 2328 Oppidum
3693 2258 3782 2312 hoc
3805 2273 3895 2311 cum

2332 2338 2447 2394 loci
2485 2344 2710 2406 natura,
2745 2345 2864 2395 tum
2919 2358 3097 2413 opere
3152 2345 3613 2417 inexpugnabile
3651 2347 3895 2400 videbatur.

2330 2428 2480 2482 Nam
2507 2432 2724 2498 praeter
2752 2430 2862 2483 alia
2896 2431 3259 2487 firmamenta
3294 2450 3434 2504 quae
3465 2434 3646 2489 moliri
3673 2433 3900 2489 consuevit

2328 2514 2467 2570 belli
2498 2518 2897 2588 necessitudo,
2919 2521 3110 2574 aulam
3129 2521 3604 2592 habetlapideam
3633 2523 3766 2576 arcis
3780 2536 3898 2575 usum

2323 2606 2726 2675 pugnantibus
2744 2607 3106 2676 praebentem
3124 2651 3138 2677 ,
3162 2626 3337 2680 quam
3366 2612 3581 2665 fluvius
3608 2610 3777 2666 Biscla
3790 2608 3898 2662 nullo

2330 2693 2566 2762 quidem
2605 2697 2795 2749 tractu
2839 2696 2973 2750 vadi
3014 2698 3326 2767 impatiens
3383 2700 3731 2754 circumfluit.
3758 2698 3898 2750 Victor

2322 2786 2547 2835 mature
2578 2782 2883 2839 insecutus
2942 2791 3168 2839 arctam
3200 2786 3423 2842 locavit
3455 2788 3803 2853 obsidionem,
3831 2800 3895 2837 ca-

2325 2870 2493 2923 stella
2514 2870 2788 2941 utrinque
2802 2874 2875 2926 ad
2905 2874 3064 2944 ripas
3088 2875 3350 2930 fluminis
3370 2876 3625 2946 bipartiti
3654 2890 3900 2946 opponens.

2326 2958 2547 3012 Deinde
2584 2962 3022 3032 oppugnatione
3071 2962 3280 3018 diurna
3309 2965 3609 3033 territans,
3638 2960 3899 3035 egrediendi

2323 3045 2657 3101 facultatem
2703 3051 2942 3118 penitus
2978 3051 3330 3107 interclusit.
3384 3054 3683 3108 Postremo
3728 3051 3901 3121 penuria

547 3139 936 3193 familiaritate
994 3152 1103 3192 sua
1158 3151 1464 3191 removere
1520 3152 1671 3207 quos
1735 3136 2042 3205 imperitos
2112 3109 2279 3192 autC
2321 3135 2495 3188 etiam
2524 3137 2863 3192 victualium
2894 3140 3188 3196 obsessus
3219 3141 3600 3214 Burgundio,
3630 3142 3899 3195 intervento-

546 3244 766 3297 pravos
785 3227 1194 3299 dignoscebat,
1210 3225 1783 3296 sapientissimorum
1808 3241 1948 3279 vero
1971 3225 2208 3295 optimo-

543 3333 805 3388 rumque.
854 3316 1124 3371 consiliis
1180 3315 1280 3383 uti,
1344 3312 1608 3367 externis
1663 3312 1919 3366 inimicis
1977 3313 2208 3369 fortiter

545 3405 853 3473 resistere,
887 3402 1173 3473 obsequia
1202 3402 1396 3455 debita
1420 3418 1451 3454 a
1482 3401 1611 3454 suis
1641 3404 1908 3471 potenter
1937 3402 2203 3473 exigere.

615 3491 761 3546 Cum
792 3492 921 3546 haec
956 3491 1114 3544 initia
1146 3506 1320 3543 suum
1348 3489 1728 3559 splendorem
1765 3489 2209 3546 Northmanniae

547 3583 602 3635 et
634 3580 855 3649 antiqui
905 3582 1094 3632 status
1133 3577 1611 3647 tranquillitatem
1636 3577 1761 3647 jam
1811 3578 2124 3633 redderent
2152 3582 2209 3635 et

543 3667 785 3721 meliora
803 3668 1225 3737 promitterent,
1244 3665 1419 3720 bonis
1437 3665 1839 3737 obsequenter
1857 3665 2205 3737 juvantibus

543 3758 831 3809 rectorem
856 3759 1137 3809 consueta
1162 3754 1430 3808 libertate
1466 3754 1709 3825 perfrui,
1750 3755 2040 3809 malebant
2071 3757 2203 3828 qui-

541 3842 673 3896 dam
710 3859 817 3913 pro
854 3843 1021 3897 libitu
1050 3860 1158 3898 sua
1182 3843 1461 3912 retinere,
1486 3843 1676 3898 aliena
1697 3844 1970 3913 diripere.
2006 3842 2204 3916 Hujus

541 3932 805 3986 vesaniaa
844 3933 1098 4004 signifer
1134 3932 1407 4001 prosiluit
1443 3931 1616 3986 Wido
1641 3931 1796 3986 filius
1832 3934 2203 4004 Burgundio-

537 4035 680 4082 num
702 4021 935 4076 comitis
957 4021 1288 4092 Raginaldi,
1314 4021 1415 4092 qui
1440 4020 1803 4075 validissima
1829 4026 2020 4075 castra
2038 4022 2201 4077 Brio-

482 4162 485 4167 .
537 4132 677 4173 num
694 4112 750 4170 et
768 4107 1128 4167 Vernonium
1150 4110 1320 4164 ducis
1344 4110 1496 4164 dono
1529 4111 1781 4180 tenebat,
1820 4127 1851 4165 a
1873 4110 2201 4181 puerilibus

535 4206 707 4263 annis
740 4218 874 4257 cum
900 4198 1030 4271 ipso
1064 4197 1430 4253 familiariter
1450 4197 1729 4253 nutritus.
1763 4200 1878 4254 Sed
1915 4204 2014 4254 aut
2040 4200 2200 4270 prin-

537 4294 811 4365 cipatum,
863 4293 963 4347 aut
1006 4287 1314 4342 maximam
1373 4287 1698 4357 portionem
1757 4288 2200 4344 Northmannize

533 4380 849 4437 ambiebat.
875 4379 1089 4432 Secum
1108 4376 1303 4446 itaque
1321 4377 1378 4429 in
1402 4376 1698 4446 pessimae
1726 4377 2197 4447 conspirationes

2330 3238 2428 3277 res
2459 3239 2563 3295 pro
2585 3224 2892 3280 clementia
2924 3228 3484 3285 missitabat.Motus
3503 3229 3619 3284 dux
3636 3227 3902 3297 consangui-

2322 3313 2519 3382 nitate,
2552 3314 2942 3386 supplicitate,
2964 3316 3204 3371 miseria
3221 3317 3387 3387 victi,
3410 3336 3529 3373 non
3550 3318 3791 3373 acerbius
3815 3315 3898 3366 vin-

2321 3400 2555 3455 dicavit.
2607 3403 2864 3472 Hecepto
2914 3409 3111 3459 castro
3142 3405 3199 3458 in
3245 3407 3414 3461 curia
3470 3424 3578 3461 sua
3613 3415 3899 3461 commanere

2319 3504 2452 3543 eum
2484 3489 3108 3561 concessit.Supplicia
3132 3493 3268 3546 item
3300 3494 3622 3559 consociis,
3647 3510 3760 3563 quae
3788 3488 3898 3557 capi-

2319 3576 2454 3631 talia
2484 3591 2743 3648 exaequo
2768 3578 3193 3651 irrogarentur,
3223 3582 3564 3636 condonare
3585 3581 3763 3635 maluit
3780 3578 3903 3633 obra-
3988 3576 3989 3651 Ε

2316 3665 2630 3720 tionabiles
2663 3680 2898 3720 causas.
2934 3667 3232 3739 Nigellum
3262 3669 3676 3741 aliotempore,
3697 3668 3900 3740 quoniam

2317 3754 2584 3823 improbe
2613 3752 2941 3809 offensabat
2972 3756 3181 3810 exsilio
3213 3759 3484 3826 punitum
3518 3759 3696 3812 fuisse
3727 3766 3901 3824 compe-
3988 3752 3989 3823 ξ

2312 3842 2621 3897 rio.Guido
2653 3844 2713 3896 in
2738 3844 3138 3915 Burgundiam
3167 3851 3379 3914 sponte
3403 3847 3575 3901 rediit
3593 3849 3798 3917 propter
3819 3856 3900 3895 ino-

2312 3930 2544 3985 lestiam
2588 3931 2809 4000 probri.
2862 3930 3042 3986 Ferre
3092 3933 3244 4003 apud
3300 3933 3692 3989 Nortmannos
3727 3930 3903 4004 pigebat

2311 4019 2486 4073 vilem
2519 4036 2584 4074 se
2605 4020 2854 4089 cunctis,
2892 4020 3165 4075 odiosum
3196 4037 3337 4077 esse
3362 4025 3583 4078 multis.
3617 4023 3904 4091 EtBurgun-
3988 4019 3989 4091 1

2312 4108 2406 4162 dia
2439 4108 2725 4163 tolerabat
2754 4123 2888 4163 eum
2921 4109 3124 4163 invita.
3150 4108 3447 4180 Equidem
3479 4113 3531 4166 si
3561 4111 3809 4164 valuisset
3835 4104 3900 4157 ille

2311 4200 2591 4268 quantum
2624 4197 3033 4268 contendebat,
3056 4213 3407 4269 germanum
3439 4217 3611 4255 suum
3633 4198 3796 4269 ipsius
3809 4208 3903 4265 pro-

2308 4286 2520 4340 vinctae
2543 4286 2814 4341 comitem
2847 4286 3224 4341 Guillelmum
3255 4291 3559 4358 potentatu
3582 4287 3836 4358 privasset
3864 4282 3901 4332 et

2306 4376 2443 4429 vita.
2484 4378 2688 4429 Annos
2718 4374 2922 4429 decem
2957 4375 3015 4429 in
3045 4376 3234 4430 armis
3273 4379 3331 4431 et
3370 4378 3623 4448 amplius
3652 4385 3899 4430 consume-

534 4468 723 4523 univit
740 4466 1037 4537 Nigellum
1064 4464 1381 4534 praesidem
1401 4462 1767 4519 Constantini
1787 4466 1944 4536 pagi,
1981 4465 2195 4520 Ranul-
2220 4464 2266 4523 D
2306 4464 2422 4533 bat,
2448 4480 2673 4519 venans
2687 4464 2912 4533 proeliis
2945 4468 3060 4518 tam
3082 4468 3404 4535 cognatum
3433 4454 3898 4537 sanguinemQuid

534 4556 661 4610 fum
685 4554 1075 4625 Bajocensem
1106 4553 1512 4608 vicecomitem
1530 4556 1587 4607 et
1610 4553 1973 4623 Huimonem,
2006 4571 2195 4626 agno-

534 4645 690 4700 mine
739 4644 1069 4710 Dentatum,
1120 4645 1176 4696 et
1230 4641 1379 4695 alios
1428 4645 1715 4710 potentes.
1760 4641 1891 4696 Non
1935 4642 2197 4697 cohibuit

532 4732 721 4804 iniqui
753 4731 1010 4785 hominis
1041 4730 1466 4784 contumaciam
1497 4732 1735 4801 generis
1766 4731 2192 4803 propinquitas,

532 4837 647 4876 non
682 4822 979 4874 tantorum
994 4820 1418 4874 beneficiorum
1438 4819 1705 4888 impensa
1730 4820 2196 4889 liberalitas,non

530 4909 785 4979 denique
817 4908 987 4962 ducis
1035 4907 1094 4960 in
1125 4922 1258 4962 eum
1306 4906 1540 4961 sincera
1584 4907 1816 4962 dilectio
1849 4923 2194 4979 summaque

527 4997 957 5052 benevolentia.
994 4995 1266 5050 Insontes
1298 4996 1513 5050 multos
1554 5011 1860 5067 necavere,
1906 5012 2055 5068 quos
2086 5013 2194 5052 ne-

530 5086 845 5155 quicquam
871 5088 1241 5140 tentaverunt
1273 5085 1344 5139 ad
1376 5085 1885 5139 transvertendum
1923 5086 2013 5139 vel
2043 5102 2193 5156 quos

528 5172 741 5239 majori
782 5174 1087 5229 obstaculo
1120 5173 1232 5228 sibi
1267 5189 1405 5228 esse
1418 5174 1809 5244 perviderant.
1826 5173 2191 5245 Fasquidem

530 5258 910 5329 negligebant
939 5279 1130 5329 omne,
1155 5263 1323 5317 nefas
1345 5262 1569 5317 nullum
1598 5263 1856 5317 devitare
1884 5264 2189 5335 curabant,

534 5345 849 5401 dummodo
863 5353 1179 5417 potentiam
1195 5354 1702 5423 consequerentur
1714 5352 2190 5422 ampliorem.Est

530 5448 950 5503 nonnunquam
1007 5439 1136 5494 haec
1192 5441 1529 5496 ambitionis
1587 5441 1845 5496 caecitas.
1903 5442 2188 5496 Paulatim

529 5535 676 5609 ergo
708 5520 764 5575 id
796 5521 1053 5597 perjuree
1082 5528 1381 5587 societatis
1412 5530 1728 5605 incoeptum
1746 5546 2010 5606 eousque
2041 5548 2186 5588 con-

2304 4552 2589 4622 laborem,
2624 4556 2684 4606 ut
2716 4551 3047 4607 evidentius
3077 4553 3354 4623 nequitiae
3378 4547 3900 4609 testimoniumaddu-

2309 4643 2476 4696 cam?
2508 4640 3134 4711 Nortmannisuperati
3156 4640 3340 4696 semel
3374 4642 3639 4696 universi
3657 4640 3786 4695 colla
3802 4633 3900 4690 sub-

2307 4730 2508 4785 didere
2539 4730 2775 4784 domino
2814 4745 2945 4800 suo,
2982 4733 3155 4800 atque
3184 4729 3434 4785 obsides
3465 4731 3673 4786 dedere
3704 4720 3899 4800 plurimi-

2312 4819 2457 4873 Dein
2492 4818 2565 4872 ad
2600 4817 2844 4889 jussum
2874 4816 3008 4889 ejus
3054 4818 3407 4874 festinanter
3449 4836 3519 4873 ac
3565 4817 3796 4873 funditus
3825 4811 3899 4864 de-

2311 4911 2582 4963 struxere
2607 4907 2958 4962 munitiones
3007 4922 3291 4962 novarum
3343 4923 3548 4962 rerum
3586 4904 3762 4961 ειυάἰο
3793 4913 3898 4955 οσιι-
3988 4936 3989 4963 ;

2306 5000 2583 5052 structas.
2604 4995 2982 5051 Insolentiam
3007 4996 3183 5049 humo
3204 5000 3374 5051 tenus
3397 5011 3650 5067 posuere
3677 4995 3900 5056 metropo-

2303 5086 2420 5140 litzn
2458 5084 2990 5156 Rothomagenses,
3037 5100 3210 5155 quam
3243 5087 3451 5139 contra
3480 5083 3737 5139 tenellam
3763 5072 3897 5132 comi-
3988 5082 3989 5125 i

2302 5176 2418 5229 tem
2436 5179 2887 5243 usurpaverant.
2908 5173 3252 5229 Gaudebant
3282 5173 3499 5228 dehinc
3517 5163 3897 5237 Ecclesiae,an

2301 5263 2564 5317 divinum
2598 5262 2655 5315 in
2677 5261 3094 5333 tranquillitate
3127 5260 3434 5316 celebrare
3457 5252 3890 5332 mysteriumlice—

2298 5353 2416 5418 bat;
2434 5350 2729 5407 exultabat
2749 5351 3101 5423 negotiator,
3122 5353 3243 5405 tuto
3262 5367 3377 5422 quo
3397 5352 3571 5405 vellet
3590 5351 3775 5435 iturus;

2298 5441 2591 5496 tulabatur
2619 5439 2899 5512 agricola,
2925 5440 3079 5511 quod
3098 5454 3375 5494 securum
3407 5443 3530 5494 erat
3550 5434 3756 5492 novalia
3774 5434 3892 5483 scin-

2301 5530 2462 5602 dere,
2479 5545 2647 5605 apem
2662 5528 2900 5602 frugum
2924 5542 3342 5602 spargere,nec
3366 5528 3588 5585 latitare
3601 5524 3758 5581 milite
3772 5516 3888 5575 viso.
