4074 6150
166 264 320 329 1224

1727 255 2000 322 GESTA
2016 315 2021 321 .

3439 258 3592 324 1222

133 462 451 534 Cujusque
484 460 863 528 conditionis,
899 458 1194 531 cujusque
1228 459 1457 514 ordinis
1513 459 1689 513 homo
1712 459 1816 513 du--
1847 446 1901 510 Ᾱ
2003 458 2312 513 Dictitabat
2341 474 2415 512 ex
2446 473 2514 512 ea
2541 457 2906 528 tempestate,
2946 458 3027 512 uti
3051 460 3403 529 opinabatur
3438 458 3597 513 Gau-

137 566 273 605 cem
324 552 600 605 laudibus
651 549 720 603 ad
782 549 979 603 sidera
1010 548 1273 616 tollebat,
1305 548 1734 618 longitudinem
1768 550 1823 603 ei

138 640 281 694 vitae
313 643 485 710 atque
518 638 828 692 sanitatem
858 638 1012 691 votis
1047 637 1320 691 omnibus
1352 636 1608 706 optabat.

217 763 711 818 Vicissitudinem
739 764 876 832 post
907 763 1034 815 haec
1064 762 1193 831 ipse
1225 763 1352 833 regi
1373 761 1485 815 ﬁde
1504 760 1819 815 studiosis-

140 853 296 906 sima
321 851 593 917 reddidit,
630 855 875 921 rogatus
906 851 977 904 ab
1009 865 1077 904 eo
1107 850 1388 905 auxilium
1412 853 1613 903 contra
1637 865 1820 919 quos-

142 942 281 995 dam
313 942 767 995 inimicissimos
816 940 870 993 ei
902 943 1075 1009 atque
1108 939 1555 1008 potentissimos
1587 939 1657 993 ad
1689 938 1822 991 offi-

143 1030 445 1083 ciendum.
510 1029 637 1084 Rex
684 1029 898 1084 etenim
972 1027 1291 1093 Henricus,
1378 1026 1823 1081 contumeliosis

142 1118 436 1172 Gaufredi
465 1118 714 1172 Martelli
747 1116 949 1171 verbis
966 1116 1252 1184 irritatus,
1276 1116 1598 1169 exercitum
1622 1118 1824 1168 contra

144 1223 283 1261 eum
297 1207 487 1276 duxit,
513 1210 570 1261 et
590 1210 850 1261 castrum
872 1204 1006 1275 ejus
1030 1204 1186 1274 quod
1209 1204 1606 1258 Molendinum
1632 1203 1826 1257 Herlae

146 1295 477 1350 vocabatur
505 1296 565 1349 in
621 1311 776 1366 pago
807 1293 1228 1366 Andegavensi
1260 1308 1394 1347 eum
1426 1309 1601 1346 manu
1634 1292 1826 1346 valida

146 1383 392 1438 obsedit
424 1386 479 1437 et
506 1378 1637 1454 expugnavit.CernebantFrancigenae
1668 1379 1825 1450 quod

145 1470 372 1524 invidia
432 1486 547 1524 non
603 1469 766 1523 cerni
824 1468 1016 1537 vellet,
1069 1466 1391 1522 exercitum
1442 1467 1754 1521 deductum
1795 1482 1826 1520 e

148 1557 583 1612 Northmannia
610 1556 737 1610 sola
754 1558 919 1627 regio
949 1554 1253 1626 majorem,
1277 1555 1550 1625 omnique
1575 1555 1826 1626 collegio

148 1650 441 1717 quantum
470 1646 837 1699 adduxerant
866 1644 959 1699 vel
993 1645 1278 1698 miserant
1304 1645 1549 1698 comites
1568 1643 1823 1713 plurimi.

146 1734 556 1789 Celeberrime
586 1734 643 1788 in
661 1733 995 1804 Aquitania,
1017 1733 1155 1787 dum
1188 1733 1441 1786 Pictavis
1464 1734 1822 1799 exsularem,

150 1823 383 1892 eadem,
418 1838 592 1893 quam
626 1823 922 1876 nostrates
968 1824 1391 1887 contestantur,
1436 1820 1825 1875 Northmanni
1860 1818 1911 1880 Β

151 1912 392 1965 comitis
444 1911 861 1982 divulgabatur
904 1909 1209 1977 claritudo,
1243 1914 1406 1980 parta
1436 1909 1495 1963 in
1528 1909 1622 1962 illa
1656 1925 1827 1979 expe-

142 2001 390 2054 ditione.
431 1999 602 2053 Hunc
634 2000 785 2053 inter
814 2001 1062 2053 cunctos
1093 1997 1329 2052 aiebant
1356 1998 1714 2051 excelluisse
1745 1998 1825 2050 in-

141 2087 347 2159 genio,
384 2086 696 2153 industria,
730 2102 923 2141 manu.
959 2087 1087 2140 Rex
1116 2086 1169 2140 ei
1200 2101 1373 2156 quam
1404 2086 1655 2140 libenter
1682 2100 1823 2155 pro-

142 2177 405 2247 ponebat
441 2175 847 2245 consultanda,
882 2180 938 2229 et
985 2175 1239 2228 maxima
1271 2190 1523 2244 quaeque
1572 2175 1645 2228 ad
1685 2174 1821 2245 ejus

143 2265 394 2336 gerebat
453 2264 820 2331 sententiam,
871 2267 1235 2332 anteponens
1293 2264 1352 2316 in
1407 2263 1820 2333 perspicientia

140 2353 405 2409 consulti
430 2353 691 2407 melioris
731 2368 864 2407 eum
898 2352 1193 2406 omnibus.
1230 2351 1481 2405 Unicum
1522 2351 1579 2404 id
1613 2351 1818 2405 redar-

141 2441 387 2512 guebat,
424 2442 581 2512 quod
632 2441 873 2494 nimium
915 2440 1199 2510 periculis
1239 2438 1574 2509 objectabat
1630 2453 1717 2508 se,
1751 2454 1819 2492 ac

139 2530 497 2601 plerumque
551 2545 809 2600 pugnam
851 2529 1219 2599 qumritabat,
1269 2528 1598 2582 decurrens
1629 2524 1817 2596 palam

141 2635 281 2672 cum
342 2618 512 2672 denis
565 2622 663 2671 aut
718 2618 1120 2688 paucioribus.
1156 2617 1594 2671 Northmannos
1643 2615 1815 2669 etiam

138 2707 429 2777 primates
460 2706 814 2761 obsecrabat
844 2722 916 2760 ne
949 2706 1226 2760 committi
1246 2705 1510 2774 praelium
1528 2706 1616 2758 vel
1632 2705 1814 2758 levis-

142 2796 367 2849 simum
398 2798 529 2849 ante
587 2795 968 2864 municipium
999 2794 1234 2865 aliquod
1279 2797 1657 2864 paterentur;
1693 2808 1816 2846 me-

141 2889 326 2939 tuens
359 2884 632 2938 videlicet
661 2899 1013 2937 occasurum
1035 2884 1308 2936 virtutem
1338 2882 1707 2948 ostentando,
1759 2882 1815 2935 in

139 2988 264 3043 quo
298 2973 464 3042 regni
500 2973 593 3026 sui
625 2971 968 3042 praesidium
999 2971 1406 3025 firmissimum
1429 2974 1815 3025 etornamen-

140 3066 269 3114 tum
288 3059 839 3129 splendidissimum
871 3060 1208 3130 reponebat.
1235 3060 1523 3114 Caeterum
1555 3076 1687 3129 quae
1718 3074 1813 3113 ve-

139 3149 225 3203 lut
248 3149 693 3203 immoderatam
733 3148 1095 3203 fortitudinis
1126 3149 1577 3203 ostentationem
1599 3149 1813 3201 multo-
1851 3168 1902 3231 ο

140 3254 284 3307 pere
321 3237 705 3292 dissuadebat
760 3254 861 3292 rex
917 3237 1265 3308 castigabat,
1305 3252 1371 3291 ea
1421 3253 1531 3291 nos
1570 3236 1814 3290 fervidae

138 3330 319 3397 atque
352 3327 635 3381 animosae
670 3328 824 3381 aetati
857 3331 954 3381 aut
986 3326 1574 3381 ofﬁcioascribimus.
1595 3325 1814 3379 Seces-

139 3417 315 3469 sione
371 3414 470 3468 tali
528 3415 819 3469 interdum
856 3414 1215 3484 explorando
1256 3415 1630 3483 reperiuntur
1682 3430 1813 3484 qua:

140 3520 263 3558 non
323 3503 549 3559 modice
594 3504 929 3574 expediunt.
981 3503 1310 3574 Aliquando
1359 3503 1606 3557 malefici
1648 3503 1813 3556 exci-

138 3593 409 3662 piuntur,
441 3593 542 3663 qui
596 3592 997 3647 multitudines
1032 3592 1328 3663 agminum
1362 3594 1607 3655 cavent;
1641 3590 1812 3645 modo

139 3680 407 3734 efﬁcitur
437 3681 592 3733 aliud
626 3680 1024 3734 utilissimum.

222 3803 309 3857 En
344 3804 531 3872 ipsius
554 3804 769 3858 factum
802 3819 977 3873 quem
1012 3818 1370 3858 excusemus
1401 3805 1457 3857 et
1487 3801 1662 3873 cujus
1705 3803 1813 3855 mi-

136 3893 339 3948 rabile
369 3892 699 3946 tirocinium
731 3893 1008 3946 attentius
1041 3892 1384 3945 meminisse
1427 3891 1680 3961 lepidius
1717 3892 1815 3944 de-

136 3982 344 4036 lectat.
364 3979 501 4035 Suis
526 3980 913 4034 familiaribus
937 3979 1143 4034 volens
1166 3980 1521 4050 quasielabi,
1544 3993 1815 4033 secesse-

137 4073 239 4123 rat
261 4069 336 4122 ab
349 4070 627 4135 exercitu,
652 4069 883 4139 equites
905 4068 1129 4122 ducens
1143 4068 1814 4138 aliquantispertrecen-

139 4163 265 4212 tos.
297 4156 404 4210 His
427 4157 559 4211 dein
591 4173 722 4211 cum
754 4157 902 4211 solis
932 4161 1183 4228 quatuor
1212 4156 1506 4210 subtrahit
1535 4172 1621 4223 se,
1644 4159 1817 4227 atque

137 4244 559 4316 palatur.Ecce
581 4247 901 4300 obveniant
915 4261 985 4299 ex
999 4250 1161 4315 parte
1175 4245 1374 4299 hostili
1396 4246 1460 4298 l5
1476 4246 1820 4315 superbien-

139 4339 239 4389 tes
271 4335 332 4387 in
358 4334 529 4403 equis
560 4338 614 4389 et
645 4334 850 4388 armis.
884 4334 1172 4388 Continuo
1207 4334 1519 4387 incurrens
1553 4335 1817 4387 lanceam

138 4422 710 4493 projicit,audacissi
721 4438 875 4476 mum
890 4438 1107 4476 cavens
1121 4422 1614 4492 perfodere.Coxa
1629 4424 1815 4476 autem

1935 547 2139 602 fredus
2196 547 2521 612 Martellus,
2575 562 2775 615 parem
2808 548 3003 600 comiti
3054 548 3599 603 Northmannorum

1935 637 2188 706 equitem
2242 636 2369 689 sive
2393 636 2631 689 militem
2666 635 2778 689 sub
2825 635 2974 689 cmlo
3004 636 3224 689 nullum
3248 637 3485 708 degere.
3516 637 3600 690 De

1938 725 2231 778 Vasconia
2264 729 2318 778 et
2348 724 2632 778 Arvernia
2652 728 2920 793 potentes
2953 726 3002 777 ei
3022 725 3490 778 transmittebant
3508 725 3600 777 vel

1939 812 2305 867 adducebant
2323 827 2509 882 equos
2524 812 2619 881 qui
2637 813 2975 866 nominibus
2996 814 3254 882 propriis
3269 813 3444 883 vulgo
3464 816 3602 866 sunt

1940 902 2247 956 nobilitati.
2284 902 2424 954 ltem
2457 916 2633 970 reges
2660 900 2961 969 Hispaniae
2990 902 3083 953 his
3116 901 3287 955 donis
3312 901 3461 953 inter
3490 900 3601 954 alia

1941 989 2074 1060 ejus
2103 989 2414 1042 amicitiam
2435 988 2761 1057 captabant.
2785 988 2853 1041 Et
2872 995 2997 1041 erat
3015 989 3338 1058 expetenda
3366 988 3600 1058 optimis

1939 1080 1995 1132 et
2015 1077 2444 1146 potentissimis
2483 1076 2732 1129 amicitia
2766 1076 2914 1145 haec,
2950 1080 3121 1146 atque
3158 1077 3421 1131 colenda.
3454 1078 3600 1131 Per-

1938 1165 2264 1221 fectissime
2316 1182 2565 1236 namque
2593 1166 2781 1219 inerat
2812 1181 2990 1218 causa
3020 1166 3079 1218 in
3106 1165 3257 1234 ipso,
3292 1182 3400 1218 cur
3428 1181 3460 1218 a
3492 1166 3600 1219 do-

1937 1255 2223 1322 mesticis,
2244 1270 2274 1307 a
2300 1254 2581 1322 finitimis,
2602 1270 2632 1306 a
2659 1254 2978 1325 longinquo
3012 1254 3294 1322 sepositis
3325 1253 3600 1325 diligere-

1937 1346 2048 1397 tur.
2108 1343 2191 1397 Ad
2226 1342 2338 1396 hoc
2370 1344 2498 1413 ipse
2529 1346 2591 1395 ut
2640 1344 2802 1396 esset
2829 1342 3027 1396 decori
3068 1341 3274 1395 amicis
3306 1342 3399 1396 vel
3428 1342 3600 1412 adju-

1939 1435 2154 1499 mento,
2190 1434 2408 1485 tantum
2438 1431 2745 1501 satagebat
2775 1432 3049 1500 quantum
3084 1445 3222 1484 esse
3253 1429 3519 1494 valebat;
3545 1433 3602 1485 et

1935 1519 2290 1591 procurabat
2339 1534 2574 1587 semper
2611 1521 2672 1571 ut
2724 1518 2838 1571 sibi
2893 1506 3381 1589 quamplurimum
3425 1518 3596 1572 amici

1935 1608 2241 1662 deberent.
2276 1607 2439 1661 Tunc
2472 1607 2824 1661 ﬂorescebat
2853 1606 2906 1659 in
2948 1606 3344 1661 adolescentia
3373 1607 3596 1677 princi-

1932 1712 2081 1767 pans
2118 1697 2216 1750 uni
2248 1696 2593 1766 provinciae,
2644 1710 2751 1749 nec
2784 1696 2986 1766 regnis
3017 1695 3373 1765 dominatus,
3409 1711 3597 1750 annos

1934 1789 2108 1839 natus
2140 1785 2381 1838 circiter
2409 1784 2798 1855 quadraginta
2829 1784 3108 1854 quinque.
3132 1783 3276 1838 Cum
3308 1784 3379 1838 ab
3398 1784 3597 1859 illaad

1935 1877 2165 1928 aetatem
2221 1873 2392 1938 hanc,
2451 1872 2544 1927 vel
2577 1873 2629 1926 si
2670 1871 2865 1943 majus
2896 1888 2925 1924 τι
2968 1873 3215 1941 pueritia
3246 1875 3597 1942 pernoveris

1935 1961 2069 2032 ejus
2127 1964 2314 2028 actus,
2373 1962 2493 2015 tute
2527 1961 2701 2014 sicuti
2732 1976 2870 2015 vere
2906 1965 3089 2030 potes,
3127 1961 3451 2016 afﬁrmahis
3490 1977 3598 2031 per

1938 2065 2069 2105 eum
2090 2065 2385 2121 nunquam
2412 2048 2831 2119 societatisjus
2854 2051 2950 2103 aut
2970 2049 3240 2104 amicitiae
3256 2050 3444 2105 fuisse
3465 2050 3595 2105 vio-

1934 2138 2286 2192 latum.Fixe
2306 2137 2456 2191 enim
2476 2136 2779 2206 perstabat
2800 2137 2856 2189 in
2876 2136 3049 2189 dictis
3072 2140 3243 2207 atque
3262 2141 3593 2210 conventis,

1933 2230 2211 2296 tanquam
2232 2226 2489 2279 edocens
2530 2229 2659 2277 actu
2684 2240 2793 2278 suo
2825 2225 2980 2294 quod
3012 2228 3311 2279 enuntiant
3337 2228 3596 2296 philoso-

1936 2313 2323 2385 phi,justiti1e
2342 2313 2781 2367 fundamentum
2806 2328 2943 2366 esse
2977 2314 3167 2367 fidem.
3194 2313 3255 2367 Si
3302 2315 3476 2385 cujus
3522 2317 3594 2370 ab

1942 2402 2192 2457 amicitia
2211 2399 2473 2472 disjungi
2496 2400 2821 2455 rationibus
2853 2401 3227 2471 gravissimis
3251 2405 3591 2473 cogebatur,

1942 2490 2164 2545 sensim
2181 2490 2330 2543 hanc
2348 2489 2773 2559 diluere,quam
2803 2492 3042 2557 repente
3072 2491 3395 2559 praecidere
3421 2492 3595 2547 male-

1939 2580 2057 2634 bat.
2076 2578 2544 2633 Consentaneum
2565 2578 2617 2630 id
2660 2578 2927 2631 videmus
2956 2579 3281 2647 sapientum
3325 2596 3595 2636 censurae

1943 2668 2141 2737 (Cic/1
2152 2665 2345 2721 micat
2359 2666 2398 2734 ).
2428 2665 2629 2736 Inique
2645 2681 2709 2720 se
2723 2665 2997 2719 alienavit
3017 2667 3467 2737 iniquus,diram
3483 2670 3592 2723 ini-

1938 2756 2211 2810 micitiam
2236 2755 2502 2824 suscepit
2527 2770 2637 2808 rex
2661 2754 2974 2824 Henricus,
3005 2759 3387 2811 transversus
3421 2758 3598 2813 homi-

1931 2861 2070 2899 num
2105 2844 2497 2914 pessimorum
2529 2843 2790 2897 suadela.
2824 2844 2930 2907 Qui
2976 2844 3110 2897 dum
3163 2844 3401 2915 injuriis
3438 2847 3598 2901 Nor-

1932 2933 2287 2987 thmanniam
2343 2932 2667 2986 lacesseret
2720 2932 3034 2985 admodum
3091 2933 3594 3005 intolerabilibus,

1930 3021 2251 3075 contraibat
2265 3021 2333 3075 ad
2353 3036 2526 3090 quem
2545 3019 2985 3074 Northmanniae
3003 3022 3392 3092 prepugnatio
3411 3024 3596 3091 perti-

1930 3111 2102 3164 nebat
2139 3109 2515 3176 Willelmus;
2547 3109 2791 3161 multum
2836 3112 3028 3163 tamen
3077 3111 3263 3163 veteri
3314 3111 3588 3166 amicitiae

1929 3200 2182 3254 tribuent
2199 3202 2253 3252 et
2269 3198 2448 3269 regiae
2463 3198 2749 3269 dignitati.
2777 3196 3109 3268 Conﬂigcre
3129 3213 3260 3252 cum
3275 3199 3409 3270 ejus
3429 3215 3598 3255 exer-

1930 3289 2047 3342 citu
2071 3303 2137 3342 eo
2156 3290 2468 3358 prasente,
2488 3286 2700 3355 studio,
2736 3289 3013 3357 quantum
3039 3288 3413 3343 necessitudo
3434 3290 3596 3344 sine-

1930 3377 2044 3443 bat,
2076 3380 2338 3429 extremo
2369 3375 2631 3429 cavebat.
2668 3375 2737 3428 Et
2770 3375 3212 3431 Northmannos
3277 3378 3591 3432 cohibebat

1931 3480 2360 3534 saepenumero,
2379 3462 2680 3534 neejussu
2695 3464 2864 3517 modo
2879 3462 3028 3536 [sed]
3043 3466 3210 3536 quasi
3231 3470 3598 3538 oratu,quam

1933 3554 2182 3607 maxime
2210 3553 2628 3623 concupientes
2661 3552 2851 3623 praelii
2889 3554 3238 3608 contumelia
3281 3555 3470 3609 dueus
3505 3570 3599 3609 rc-

1934 3642 2094 3713 gium
2112 3641 2335 3696 fcedare
2364 3641 2526 3694 Alias
2542 3640 2750 3695 horum
2766 3641 2958 3711 aliqua
2972 3642 3263 3711 patentius
3279 3643 3602 3715 intelligen-

1936 3734 2067 3800 tur,
2116 3730 2288 3783 simul
2338 3745 2451 3800 qua
2500 3730 2627 3800 ipse
2699 3731 3172 3801 magnanimitate
3234 3732 3601 3787 Francorum

1938 3821 2353 3887 aspernaretur
2375 3834 2573 3886 enses,
2604 3820 2775 3889 atque
2823 3818 3237 3873 universorum
3262 3821 3359 3890 qui
3398 3824 3602 3875 contra

1938 3922 2004 3962 se
2025 3907 2185 3978 regis
2218 3907 2407 3961 edicto
2438 3906 2928 3961 fuerantevocati.

2012 3995 2205 4064 Ipsius
2224 4009 2457 4065 quoque
2475 3994 2703 4048 viribus
2736 3999 2791 4047 et
2821 3993 3070 4049 consilio
3098 3995 3427 4051 Edwardus
3454 3994 3600 4051 Har-

1941 4082 2238 4137 dechuniti
2257 4082 2371 4134 vita
2393 4082 2547 4135 ﬁnita
2566 4082 2796 4137 tandem
2824 4083 2882 4135 in
2904 4086 3143 4150 paterno
3166 4083 3315 4139 solio
3348 4098 3596 4139 corona-

1940 4176 2036 4225 tus
2095 4171 2337 4240 resedit,
2371 4173 2485 4223 tam
2520 4171 2802 4240 sapientia
2848 4174 2903 4224 et
2933 4171 3147 4225 eximia
3206 4186 3435 4226 morum
3466 4186 3599 4243 pro-

1937 4260 2115 4314 bitate
2162 4275 2333 4329 quam
2386 4258 2621 4329 antiqua
2666 4260 2943 4328 prosapia
3001 4273 3064 4312 ea
3113 4257 3333 4330 dignus
3390 4258 3596 4331 gloria.

1937 4349 2348 4417 Disceptantes
2382 4348 2593 4401 etenim
2622 4346 3234 4419 Anglideliberatione
3265 4348 3393 4402 suis
3426 4350 3598 4405 ratio-

1936 4437 2111 4489 nibus
2163 4436 2473 4489 utilissima
2510 4438 2962 4504 consenserunt,
3002 4435 3397 4507 legationibus
3432 4437 3596 4509 justa

141 4511 382 4578 dirupta
412 4515 503 4562 est
534 4509 704 4563 alliso
735 4514 927 4577 terrae,
962 4510 1224 4563 Caeteros
1246 4510 1318 4563 ad
1337 4513 1610 4580 quartum
1632 4508 1819 4561 milia-

1937 4524 2270 4596 petentibus
2293 4526 2694 4595 acquiescere,
2715 4541 2888 4596 quam
2909 4508 3449 4581 Northmannorum
3482 4528 3600 4582 vim

144 4601 303 4653 rium
332 4600 731 4668 persequitur.
754 4598 901 4651 Tres
934 4599 1155 4651 interea
1186 4599 1466 4651 centuriae
1497 4614 1646 4668 quas
1680 4597 1818 4651 reli-

141 4689 378 4758 querat,
412 4686 849 4756 subsequentes
881 4686 1296 4756 investigando
1329 4686 1636 4751 (timebant
1664 4686 1819 4739 enim

142 4775 284 4846 ejus
316 4774 594 4841 ﬁdentize)
624 4778 864 4844 repente
885 4775 1155 4829 comitem
1188 4774 1551 4827 'l‘edbaldum
1594 4775 1821 4843 perspi-

141 4865 311 4917 ciunt
345 4877 477 4915 eum
507 4863 806 4933 equitibus
839 4864 1199 4933 quingentis.
1238 4862 1329 4915 Fit
1360 4862 1556 4931 opinio
1598 4864 1821 4916 tristis-

140 4953 320 5006 sima.
342 4950 929 5005 Hostesarbitrantur
957 4967 1081 5019 eos,
1116 4955 1289 5020 atque
1321 4950 1619 5005 dominum
1648 4966 1821 5005 suum

136 5042 202 5095 in
236 5055 445 5094 eorum
476 5043 762 5108 potestate
792 5040 1286 5108 comprehensum
1318 5039 1525 5093 teneri.
1561 5039 1819 5093 Invicem

140 5130 332 5202 igitur
363 5128 668 5198 cohortati,
702 5144 884 5199 prope
934 5129 990 5181 in
1024 5128 1267 5181 dubium
1297 5143 1526 5193 casum,
1568 5130 1628 5181 ut
1657 5127 1819 5181 illum

138 5218 422 5287 eripiant,
475 5232 612 5271 sese
671 5216 975 5288 objiciunt.
1037 5216 1153 5271 Sed
1187 5217 1284 5271 ubi
1318 5217 1686 5287 recognitum
1730 5219 1822 5269 est

138 5322 366 5378 agmen
399 5307 648 5373 socium,
675 5308 733 5359 in
759 5305 1035 5360 ulteriora
1057 5306 1490 5375 perquirentes,
1518 5306 1824 5359 inveniunt

134 5395 527 5449 recubantem
559 5410 734 5465 quem
764 5395 1019 5449 fractura
1051 5409 1218 5448 coxae
1247 5393 1522 5464 alligabat
1549 5409 1622 5447 ex
1652 5408 1820 5464 quin-

132 5483 339 5538 decim
373 5498 572 5537 unum.
608 5483 915 5538 Paululum
947 5483 1082 5537 hinc
1114 5482 1460 5554 progressis
1490 5481 1686 5536 alacer
1708 5482 1812 5536 ob-

130 5572 267 5627 viat
295 5585 503 5627 eorum
525 5572 822 5643 dominus,
842 5572 1144 5627 adducens
1167 5587 1319 5644 quos
1341 5573 1576 5643 ceperat
1605 5571 1823 5627 milites

128 5680 405 5756 ,θρίω
438 5704 441 5709 λ

1936 4613 2521 4683 cxperirtheducem
2543 4630 2673 4668 cum
2693 4630 2809 4668 non
2830 4615 3081 4669 maximo
3106 4616 3384 4684 praesidio
3398 4616 3598 4669 militis

1938 4702 2381 4757 Northmannici
2398 4702 2606 4772 cupide
2622 4702 2735 4756 sibi
2750 4718 2880 4757 eum
2897 4704 3359 4772 praestituerunt,
3386 4719 3457 4757 ne
3479 4717 3599 4757 ma-

1936 4807 2013 4845 nu
2030 4790 2391 4857 validiore,si
2414 4806 2615 4845 comes
2636 4791 3136 4845 Northmannicus
3164 4792 3596 4855 adveniret,su-

1933 4878 2426 4950 bigerentur.Qui
2456 4881 2592 4952 quid
2627 4880 2779 4933 bello
2794 4880 3278 4945 valeret,rumore
3310 4882 3457 4933 satis
3490 4897 3598 4935 no-

1939 4968 2498 5023 verant.Edwardus
2524 4973 2712 5022 autem
2728 4970 2864 5022 dum
2885 4972 3049 5040 grato
3081 4967 3597 5037 reputaretaffectu

1940 5071 2110 5125 quam
2136 5062 2540 5125 sumptuosam
2576 5057 3000 5119 liberalitatem,
3039 5071 3211 5126 quam
3237 5057 3598 5127 singularem

1942 5144 2423 5215 honorem,quam
2441 5145 2781 5200 familiarem
2798 5146 3165 5199 dilectionem
3178 5146 3236 5199 in
3251 5144 3601 5201 Northman—

1940 5231 2032 5285 nia
2058 5233 2171 5286 sibi
2200 5234 2551 5303 impenderit
2573 5236 2849 5303 princeps
2884 5234 3243 5303 Willelmus,
3268 5237 3383 5287 tam
3414 5234 3601 5290 bene-

1939 5322 2088 5376 ficus
2119 5339 2291 5393 quam
2325 5324 2475 5378 linea
2509 5323 3039 5394 consanguinitatis
3070 5322 3246 5394 longe
3297 5323 3410 5377 sibi
3453 5339 3599 5379 con-

1931 5410 2228 5481 junctior;
2264 5413 2403 5482 quin
2436 5413 2606 5466 etiam
2640 5429 2811 5483 quam
2844 5412 3114 5467 studioso
3142 5411 3274 5483 ejus
3305 5413 3523 5468 auxilio
3542 5415 3600 5469 in

1935 5515 2187 5573 regnum
2205 5500 2277 5554 ab
2297 5501 2508 5555 exsilio
2526 5501 2603 5554 sit
2624 5500 2952 5571 restitutus,
2972 5501 3350 5571 potissimum
3379 5502 3599 5574 aliquid

1932 5592 2107 5661 atque
2128 5589 2532 5662 gratissimum
2562 5604 3023 5661 recompensare
3054 5591 3403 5647 desiderans
3436 5604 3598 5646 more

1933 5676 2341 5749 honestorum,
2383 5692 2623 5735 coronae
2654 5694 2829 5754 quam
2883 5693 2991 5753 per
3035 5696 3171 5739 eum
3203 5680 3451 5756 adeptus
3481 5681 3594 5757 est,
