4074 6150
514 323 669 387 1223

1662 318 2094 383 WILLELMI
2127 316 2794 392 CONQUESTORIS.

3738 325 3859 387 1224

512 540 646 579 eum
693 526 819 577 rata
865 523 1179 579 donatione
1233 520 1531 575 haeredem
1580 520 1840 573 statuere
1889 518 2169 573 decrevit.
2206 502 2249 561 Α
2285 521 2393 573 rat.
2450 516 2662 572 Caeteri
2721 519 2918 572 statim
2947 517 3171 572 amisso
3206 518 3417 588 impetu
3453 519 3522 573 ad
3548 522 3856 578 munitionem

511 611 867 682 Optimatum
914 612 1093 683 igitur
1124 625 1369 664 suorum
1408 623 1665 662 assensu
1712 623 1818 677 per
1849 607 2171 661 Robertum

511 700 998 755 Cantuariensem
1028 698 1514 767 arcliipraesulem
1559 695 1744 767 huius
1777 695 2170 766 delegationis

515 788 894 843 mediatorem
937 786 1178 842 obsides
1221 786 1646 855 potentissima
1685 782 2001 853 parcntelm
2050 782 2169 836 Go-

515 876 677 929 duini
709 876 939 930 comitis
964 876 1145 928 filium
1168 890 1236 928 ac
1259 877 1531 943 nepotem
1563 872 1616 925 ei
1638 871 1869 926 direxit.

588 964 839 1035 Estjam
870 966 1192 1033 permutata
1222 963 1281 1015 in
1308 977 1585 1016 serenum
1614 959 1969 1015 turbulentia
2017 959 2171 1029 apud

511 1068 623 1107 nos
679 1053 1002 1107 domestica
1051 1051 1264 1105 omnis.
1326 1050 1607 1104 AEmulus
1664 1052 1857 1104 autem
1898 1063 1928 1102 e
1975 1049 2169 1101 vicino

515 1141 773 1196 nondum
792 1142 983 1195 omnis
1016 1138 1696 1210 conquievit.Brachium
1710 1137 1943 1192 levabat
1959 1138 2018 1191 in
2035 1152 2168 1206 nos,

516 1244 632 1299 quo
654 1244 773 1283 non
800 1230 1007 1283 leviter
1037 1244 1175 1282 sese
1195 1226 1901 1295 vulnerabat,Gaufredus
1936 1225 2171 1279 Martel-

510 1317 790 1372 lus.Huic
809 1316 1305 1385 enim,calliditate
1318 1316 1574 1370 bellandi
1600 1315 1842 1386 egregie
1858 1316 2168 1383 instructo,

514 1406 671 1460 unde
725 1405 1085 1474 triumphum
1151 1420 1263 1459 non
1322 1404 1787 1473 pollicitarentur
1842 1402 2169 1481 Andegavi,

513 1493 756 1563 Turoni,
780 1494 1077 1561 Pictones,
1101 1492 1456 1562 Burdegala,
1480 1492 1677 1545 multae
1695 1492 1998 1562 regiones,
2032 1490 2172 1544 civi-

512 1585 662 1636 tates
681 1582 952 1652 plurimaa
975 1597 1106 1652 quae
1127 1580 1321 1652 signis
1344 1580 1478 1651 ejus
1496 1580 1825 1649 parebant?
1843 1580 1899 1633 Is
1922 1594 2174 1649 namque

515 1671 818 1725 dominum
850 1686 1023 1724 suum
1067 1670 1338 1723 comitem
1394 1669 1701 1723 Pictonum
1743 1670 1799 1723 et
1828 1668 2176 1739 Burdegalm

514 1758 573 1812 vi
605 1758 816 1813 bellica
861 1759 1033 1828 cepit,
1084 1773 1274 1828 neque
1306 1761 1438 1811 ante
1469 1757 1829 1827 postliminio
1878 1756 2179 1811 concessit

2282 606 2602 677 refugiunt.
2643 606 2898 660 Cursum
2934 611 3243 676 promovet
3289 610 3481 661 notum
3527 612 3857 679 compendium

2281 695 2551 748 tramitis.
2605 694 2705 749 llle
2759 700 2951 748 autem
2984 711 3101 749 non
3132 695 3298 765 prius
3327 696 3397 749 ab
3426 696 3750 751 insecutione
3781 699 3859 753 de-

2282 782 2438 835 sistit
2464 798 2640 853 quam
2660 786 2845 851 portae
2869 783 3208 837 munitionis
3242 783 3471 855 fugatos
3494 785 3731 854 eripiunt.
3759 786 3863 857 (lap-

2280 872 2403 924 tum
2452 871 2579 924 suis
2612 884 2792 924 unum
2823 872 3100 925 manibus
3158 873 3411 926 retinuit.
3464 872 3565 926 His
3606 876 3766 944 magis
3809 876 3859 928 ad

2280 959 2788 1014 obsidendendum
2856 974 3173 1027 accensus,
3254 961 3494 1014 castella
3547 961 3863 1032 circumponit

2280 1052 2549 1118 quatuor.
2582 1046 2852 1101 Celerem
2881 1048 3267 1117 irruptionem
3287 1050 3437 1102 situs
3459 1049 3640 1118 oppidi
3666 1050 3862 1121 denega-

2277 1137 2375 1189 bat
2432 1135 2587 1189 omni
2644 1135 2858 1189 robore
2908 1137 3037 1189 sive
3066 1137 3330 1205 peritiae:
3382 1152 3510 1190 cum
3554 1138 3862 1206 scopulorum

2277 1225 2569 1294 asperitas
2601 1223 2828 1292 pedites
2859 1225 3033 1278 etiam
3063 1225 3420 1294 deturbaret,
3465 1227 3769 1296 praeter-qui
3790 1242 3863 1280 an-

2280 1313 2474 1384 gustis
2505 1312 2817 1366 itineribus
2863 1312 3096 1366 duobus
3126 1315 3299 1384 atque
3334 1313 3532 1367 arduis
3561 1314 3859 1368 accederent.

2350 1401 2565 1455 Incolis
2612 1400 2954 1472 adjumento
3012 1400 3178 1455 viros
3210 1403 3567 1472 imposuerat
3604 1401 3865 1456 Gaufredus

2281 1489 2737 1544 delcctissimos.
2769 1488 3217 1560 Oppugnatione
3280 1492 3468 1544 tamen
3531 1490 3784 1544 instabant
3803 1491 3865 1543 eis

2285 1577 2678 1632 Northmanni
2696 1577 3052 1631 creberrima
3072 1577 3127 1632 fe
3136 1579 3641 1649 rventissimaque.
3655 1580 3763 1633 Dux
3777 1580 3866 1649 ipse

2283 1668 2512 1736 primus
2526 1682 2592 1719 ac
2610 1666 2906 1736 praecipue
2923 1666 3210 1721 terribilis
3231 1667 3584 1721 imminebat.
3610 1668 3864 1739 Aliquando

2284 1754 2525 1824 perdius
2564 1757 2620 1808 et
2645 1769 2872 1824 pernox
2903 1755 3177 1825 equitans
3212 1756 3305 1810 vel
3348 1756 3407 1808 in
3436 1755 3639 1810 abditis
3665 1756 3867 1810 occultus

516 1847 731 1901 reverti
765 1847 1158 1916 mancipatum
1184 1846 1622 1917 indignissimae
1666 1844 1979 1913 custodiae,
2004 1860 2179 1915 quam
2211 1843 2255 1903 Β
2286 1843 2573 1912 explorat,
2630 1842 2683 1895 si
2713 1843 2815 1913 qui
2874 1841 3246 1898 offendantur
3301 1846 3403 1897 aut
3434 1848 3776 1898 commeatum
3798 1843 3866 1895 ad.

519 1935 747 2005 argenti
794 1938 850 1988 et
886 1935 1012 1988 auri
1036 1934 1266 2004 pondus
1300 1934 1747 2005 gravissimum,
1771 1936 1943 2002 atque
1959 1933 2180 2003 praedia

519 2022 812 2077 ditissima
840 2023 1087 2077 extorsit
1118 2038 1251 2076 cum
1284 2024 1654 2076 sacramento
1684 2021 1755 2075 de
1776 2021 2178 2091 paetis.Porro

517 2110 711 2180 ipsius
744 2110 1024 2180 defuncti,
1064 2114 1199 2179 post
1246 2111 1708 2180 redemptionem
1738 2110 1831 2163 die
1871 2113 2099 2179 quarto,
2124 2111 2181 2162 et

444 2236 445 2239 η
518 2213 835 2253 novercam
866 2200 1183 2275 praecipua-
1207 2198 1525 2253 nobilitatis
1542 2201 1671 2253 toro
1691 2214 1800 2253 suo
1823 2198 2082 2263 sociavit,
2124 2200 2182 2251 et

519 2286 735 2342 fratres
765 2287 827 2340 in
857 2288 1097 2341 tutelam
1138 2303 1307 2341 suam
1340 2287 1585 2357 accepit,
1620 2291 1675 2341 et
1703 2287 2020 2341 thesauros
2046 2301 2181 2340 cum

519 2378 637 2430 tota
669 2375 962 2430 honorum
982 2392 1051 2429 ac
1067 2376 1341 2446 potentiae
1359 2376 1736 2444 amplitudine
1773 2376 1944 2446 quasi
1976 2375 2181 2429 ditioni

519 2478 647 2519 sum
666 2463 1257 2520 vindicavit.Finibus
1274 2464 1513 2536 quidem
1529 2465 1982 2535 Andegavensis
2002 2463 2181 2518 comi-

516 2554 674 2606 tatus
707 2552 900 2607 claudi
931 2556 1280 2623 potestatem
1299 2568 1489 2621 suam,
1510 2552 1745 2622 inepem
1759 2556 1933 2623 atque
1951 2552 2181 2622 puden-

519 2640 653 2694 dam
683 2641 1018 2711 angustiam
1057 2641 1555 2695 aestimabat.Late
1574 2641 1633 2693 in
1656 2640 1845 2694 aliena
1874 2656 2008 2694 eum
2039 2656 2180 2709 cap-

519 2729 705 2781 tivum
736 2729 1000 2795 raptabat
1056 2729 1328 2782 immanis
1387 2728 1697 2798 cupiditas.
1732 2728 2014 2782 Dilatatus
2037 2744 2181 2800 ergo

523 2816 853 2887 acquisitis,
888 2817 1067 2870 multa
1089 2817 1406 2888 insigniter
1438 2818 1887 2886 consummavit,
1938 2832 2048 2871 nec
2072 2817 2182 2869 mi-

521 2920 634 2959 nus
665 2905 826 2958 varia
867 2905 1078 2959 astutia
1110 2922 1285 2976 quam
1332 2906 1546 2975 opibus
1603 2921 1809 2977 agens.
1863 2906 2019 2959 Inter
2048 2921 2181 2977 quae

522 2992 894 3047 Turonorum
919 3009 1154 3064 quoque
1184 2995 1483 3066 ingentem
1521 2996 1581 3048 et
1609 2993 1962 3064 opulentiam
1981 2997 2037 3048 et
2066 2994 2181 3047 vir—

518 3085 701 3136 tutem
724 3083 1105 3153 expugnavit,
1131 3084 1379 3137 contrita
1401 3082 1568 3153 prius
1588 3082 1925 3137 fortitudine
1946 3083 2179 3137 comitis

2285 1935 2610 1998 vectantes,
2645 1936 2744 1985 aut
2773 1932 2832 1985 in
2863 1932 3155 2002 legatione
3184 1932 3414 2002 directi,
3464 1935 3558 1987 aut
3584 1932 3867 2003 pabulatori-

2283 2019 2398 2074 bus
2429 2019 2559 2073 suis
2591 2019 2964 2074 insidiantes.
2999 2020 3175 2091 Sane,
3214 2026 3276 2075 ut
3316 2020 3608 2092 intelligas
3635 2037 3778 2092 quam
3800 2036 3869 2074 se-

2286 2123 2426 2161 cure
2478 2109 2536 2160 in
2593 2111 2753 2162 terra
2801 2108 3003 2162 hostili
3045 2110 3316 2180 agitaret,
3351 2109 3636 2165 interdum
3666 2113 3869 2163 venatur.

2286 2196 2392 2250 Est
2420 2195 2586 2267 regio
2615 2195 2715 2249 illa
2736 2196 2908 2250 silvis
2925 2197 3233 2252 abundans
3255 2197 3517 2253 ferarum
3533 2197 3867 2252 feracissimis.

2284 2283 2454 2354 Saepe
2477 2283 2793 2354 falconum,
2827 2285 3163 2353 saepissime
3192 2286 3545 2357 accipitrum
3574 2286 3741 2340 volatu
3758 2283 3870 2338 oble-

2286 2375 2492 2427 ctatur.
2527 2372 2659 2427 Non
2688 2372 2801 2427 loci
2833 2372 3176 2440 difficultas,
3209 2377 3307 2427 aut
3339 2376 3566 2429 saevitia
3588 2374 3871 2437 hiemis,nec

2285 2460 2619 2515 adversitas
2660 2461 2771 2514 alia
2792 2461 3046 2532 rigidam
3078 2463 3359 2517 virtutem
3390 2463 3462 2517 ab
3494 2462 3767 2516 obsidione
3783 2459 3874 2529 qui-

2287 2549 2369 2603 vit
2423 2549 2745 2604 dimovere.
2794 2550 3221 2604 Auxiliaturum
3276 2554 3618 2621 exspectant
3652 2554 3701 2604 et
3724 2548 3871 2603 nuntio

2287 2637 2575 2691 advocant
2593 2637 2920 2691 Martellum
2934 2637 3167 2693 inclusi.
3192 2639 3489 2694 Deserere
3502 2638 3872 2708 haudquaquam

2289 2726 2562 2779 volebant
2593 2726 2914 2795 dominum,
2978 2726 3091 2780 sub
3122 2742 3238 2797 quo
3268 2727 3518 2783 licenter
3547 2729 3796 2798 quaestum
3822 2724 3877 2776 la-

2289 2813 2560 2868 trociniis
2592 2815 3027 2884 contraherent,
3061 2815 3218 2885 quali
3251 2831 3437 2870 causa
3469 2817 3683 2869 fuerant
3708 2809 3878 2867 seducti

2290 2902 2684 2957 inhabitantes
2744 2903 3060 2957 Alentium.
3124 2903 3255 2958 Non
3308 2906 3654 2976 ignorabant
3680 2917 3817 2973 quam
3839 2900 3876 2951 in

2289 2991 2719 3046 Northmannia
2739 2994 2903 3046 esset
2943 2992 3175 3047 invisus
3206 2992 3354 3047 latro
3372 2991 3489 3047 'aut
3516 2993 3715 3062 praedo,
3753 3002 3877 3060 quam

2287 3082 2446 3134 recto
2477 3095 2591 3134 usu
2632 3085 2874 3150 uterque
2923 3080 3211 3149 supplicio
3267 3081 3657 3147 addiceretur,
3701 3074 3877 3147 etquod

524 3168 987 3224 Tedbaldi.Nam
1017 3186 1151 3225 cum
1182 3171 1501 3225 subvenire
1548 3173 1795 3225 mutaret
1844 3171 2179 3225 Tedbaldus
2211 3185 2256 3243 ο
2285 3173 2493 3222 neuter
2518 3184 2704 3238 parvo
2734 3169 3161 3237 absolveretur,
3186 3168 3325 3223 Suis
3362 3170 3658 3224 maleﬁciis
3672 3165 3876 3221 eumdem

519 3258 824 3329 pereharae
856 3259 990 3313 urbi
1009 3274 1157 3329 suae,
1182 3275 1357 3330 quam
1380 3260 1492 3314 sub
1512 3260 1677 3314 duris
1701 3260 1916 3314 ictibus
1932 3259 2180 3313 Martelli

521 3346 851 3401 obsidentis
880 3347 1184 3419 ingemere
1216 3363 1284 3401 ac
1312 3363 1496 3418 prope
1517 3348 1770 3402 deﬁcere
1794 3349 1923 3418 ipsa
1957 3348 2177 3402 denun-

520 3436 697 3490 tiante
719 3435 1020 3505 didicerat,
1038 3436 1479 3505 promptissime
1515 3451 1841 3490 occurrens
1874 3435 2177 3490 Martellus

520 3526 679 3579 vicit.
705 3524 970 3593 Denique
1000 3524 1495 3592 comprehensum
1528 3524 1687 3578 Boiis
1718 3525 1965 3578 aretavit
1983 3525 2179 3595 ipsum

522 3627 657 3666 cum
687 3613 816 3665 suis
839 3612 1183 3681 praecipuis;
1217 3627 1408 3682 neque
1439 3616 1609 3682 pacto
1632 3628 1735 3667 eos
1753 3613 1974 3667 leviore
2005 3629 2179 3683 quam

524 3699 905 3769 Willelmum,
931 3704 1101 3754 antea
1122 3700 1550 3771 Pictavensem,
1580 3700 2082 3772 ejecit.Civitatem
2106 3717 2182 3757 ex

522 3787 659 3841 hinc
688 3787 1040 3842 Turonicam
1061 3790 1424 3859 possidebat;
1443 3789 1677 3843 vexavit
1698 3790 1852 3844 idem
1871 3789 2178 3845 Franciam

521 3875 860 3929 universam
874 3876 1003 3947 regi
1016 3876 1621 3931 rebellans.Tumidus
1635 3878 1832 3946 itaque
1840 3878 2180 3948 praeliorum

521 3964 1260 4019 successuNortbmanniae
1276 3968 1534 4020 castrum
1546 3966 1854 4021 invasione
1872 3966 2181 4037 occupavit

521 4058 577 4107 et
600 4068 973 4123 summopere
1006 4053 1374 4108 custodiebat
1405 4054 1718 4109 Alcntium.
1749 4054 2178 4110 Inhabitatores

518 4143 592 4197 ad
614 4158 681 4198 se
698 4158 918 4212 pronos
936 4143 1696 4211 repererat.lncrementum
1716 4141 2180 4212 pulcherrimum

519 4231 831 4302 deputabat
853 4246 961 4285 suo
992 4232 1234 4302 nomini,
1260 4232 1594 4301 patravisse
1637 4232 1795 4303 quod
1821 4231 2177 4287 Northman-

519 4322 634 4375 nias
652 4320 971 4374 dominium
1003 4321 1297 4375 minuerit.
1321 4320 1639 4375 Wilelmus
1670 4320 1822 4375 tueri
1869 4321 2178 4377 sufﬁciens

513 4408 619 4479 jus
642 4412 948 4478 paternum
991 4413 1045 4462 et
1079 4409 1316 4477 avitum,
1362 4408 1504 4478 quin
1542 4410 1716 4462 etiam
1749 4408 2024 4464 diffusius
2052 4426 2181 4479 pro-

2285 3256 2440 3328 legis
2471 3257 2807 3311 metuebant
2825 3272 3019 3310 usum.
3050 3256 3258 3311 Educit
3278 3257 3615 3313 Gaufredus
3635 3256 3803 3325 copias
3816 3253 3877 3305 in-

2286 3345 2672 3417 gentissimas
2703 3348 3019 3416 equestres
3047 3361 3115 3399 ac
3146 3346 3465 3416 pedestres
3496 3348 3566 3400 ad
3596 3342 3879 3399 subvenien-

2284 3434 2441 3488 dum.
2478 3433 2815 3489 Willelmus
2833 3435 3188 3507 ubilrescivit
3209 3435 3286 3503 id,
3308 3437 3586 3505 properat
3604 3448 3673 3489 ex
3690 3432 3877 3487 adverso

2287 3523 2733 3578 continuatione
2765 3523 3099 3578 obsidionis
3131 3524 3421 3578 militibus
3434 3525 3684 3595 probatis
3697 3519 3879 3575 credita.

2285 3611 2659 3681 Speculatum
2688 3613 3123 3681 praemittuntur
3154 3613 3454 3683 Rogerius
3506 3613 3574 3666 de
3605 3611 3772 3665 Monte
3794 3605 3879 3658 Go-

2284 3700 2502 3755 merico
2531 3703 2588 3754 et
2620 3699 2957 3754 Willelmus
2988 3701 3145 3754 Illius
3176 3699 3455 3771 Osberni,
3495 3701 3657 3754 ambo
3678 3697 3877 3768 juvenes

2285 3804 2354 3842 ac
2372 3788 2618 3857 strenui,
2642 3789 3007 3857 quimentem
3038 3803 3272 3859 quoque
3302 3789 3498 3843 hostis
3523 3780 3877 3857 arrogantissi—

2282 3890 2437 3930 mam
2464 3876 2809 3945 perdiscant
2837 3891 2911 3929 ex
2923 3876 3216 3945 colloquio
3235 3878 3455 3947 ipsius.
3482 3876 3679 3930 Indicit
3703 3888 3790 3942 per
3802 3882 3879 3922 eos

2281 3964 2612 4019 Gaufredus
2643 3964 2896 4020 classico
2914 3980 3026 4020 suo
3050 3964 3337 4019 Willelmi
3376 3965 3531 4036 apud
3556 3962 3877 4017 Danfrontum

2284 4054 2565 4108 excubias
2624 4055 2938 4109 excitatum
2992 4054 3066 4107 iri
3096 4054 3209 4108 sub
3247 4070 3521 4108 auroram
3550 4053 3690 4107 lucis
3716 4046 3875 4103 crasti-

2284 4158 2438 4196 nam.
2471 4143 2804 4214 Praesignat
2833 4142 3065 4212 qualem
3097 4143 3156 4195 in
3194 4142 3404 4212 prmlio
3427 4156 3631 4212 equum
3663 4139 3730 4193 sit
3756 4131 3882 4187 habi-

2285 4235 2474 4300 turus,
2517 4231 2689 4301 quale
2718 4234 2972 4298 scutum,
3005 4229 3239 4301 qualem
3267 4232 3566 4285 vestitum.
3622 4227 3698 4281 llli
3722 4225 3876 4279 contra

2287 4335 2436 4389 opus
2465 4334 2584 4374 non
2613 4334 2751 4374 esse
2773 4319 3132 4388 respondent
3156 4319 3425 4374 instituto
3438 4335 3569 4374 eum
3586 4312 3873 4372 itinerelon-

2287 4408 2424 4479 gius
2482 4407 2734 4480 fatigari,
2776 4424 2910 4462 nam
2935 4408 3235 4478 continuo,
3268 4414 3512 4480 propter
3557 4421 3716 4478 quem
3740 4399 3873 4456 vadit.

520 4497 986 4567 tendere,adibat
1000 4513 1133 4550 cum
1150 4498 1411 4551 exercitu
1427 4501 1644 4551 terram
1659 4498 2175 4569 Andegavensem,
2207 4507 2260 4570 Ῑ)
2288 4494 2492 4552 aifore.
2512 4496 2743 4567 Equum
2756 4497 3024 4551 vicissim
3036 4497 3255 4551 domini
3270 4499 3366 4552 sui
3379 4486 3883 4567 praesignant,vesti-

520 4589 585 4640 ut
613 4586 869 4639 reddens
916 4584 1191 4639 talionem
1235 4586 1423 4656 primo
1484 4586 1842 4640 abalienaret
1885 4586 2179 4643 Gaufredo

518 4674 929 4742 Danfrontum,
955 4674 1399 4744 postreciperet
1428 4674 1742 4728 Alentium.
1775 4674 2062 4730 Caeterum
2087 4675 2182 4731 sui

521 4764 723 4817 militis
755 4763 931 4817 unius
944 4762 1334 4816 fraudulentia
1358 4762 1481 4817 fere
1512 4763 1749 4833 interiit,
1774 4766 1873 4835 qui
1904 4781 2021 4820 non
2043 4766 2183 4820 exti-

518 4851 822 4906 mescebat
840 4851 1013 4905 latam
1030 4851 1397 4920 provinciam
1423 4851 1665 4905 inimici.
1692 4852 1843 4906 Nam
1861 4854 1961 4908 ubi
1977 4870 2183 4924 appro-

520 4939 1645 5010 ximabatuannfronto,cumequitibus
1659 4940 1892 4995 divertit
1905 4943 2184 5014 quinqua-

518 5030 702 5101 ginta,
726 5031 1029 5099 acceptum
1043 5029 1673 5099 quee(sic)stipendium
1685 5034 1990 5101 augerent.
2017 5030 2180 5086 Prai-

520 5118 610 5172 dee
629 5122 821 5174 autem
835 5118 1015 5172 index
1029 5118 1370 5173 castellanis
1383 5119 1639 5188 prodidit
1651 5119 1844 5188 ipsum
1858 5120 2095 5191 quidam
2106 5136 2181 5174 ex

525 5204 948 5261 Northmannis
1004 5206 1356 5278 majoribus,
1420 5208 1696 5261 intimans
1738 5224 1876 5279 quo,
1931 5212 2031 5263 aut
2073 5225 2181 5263 cur

519 5294 735 5362 ierit,et
757 5310 931 5365 quam
951 5297 1159 5365 paucis
1182 5298 1695 5367 comitatus,atque
1726 5298 1883 5352 hunc
1921 5313 2059 5352 esse
2079 5298 2181 5369 qui

521 5383 767 5436 mortem
788 5382 947 5453 fuga
966 5384 1297 5454 praeferret.
1325 5385 1545 5439 Emissi
1568 5385 1919 5455 quantocius
1948 5387 2179 5456 equites

516 5469 1020 5539 trecenti,peditcs
1057 5474 1416 5545 septingenti
1432 5473 1830 5543 inopinantem
1848 5490 1880 5528 a
1901 5477 2068 5546 tergo
2085 5475 2178 5529 in-

521 5557 983 5612 vadunt.Pectus
1013 5574 1155 5613 vero
1178 5561 1465 5631 intrepide
1495 5561 1593 5616 ille
1615 5562 2180 5633 obvertens,dejeeit

517 5647 695 5707 humo
709 5662 882 5723 quem
901 5646 1186 5703 auduacia
1216 5650 1472 5706 maxima
1494 5650 1745 5722 primum
1777 5651 1896 5708 sibi
1922 5650 2180 5725 impege-

2286 4589 2410 4639 tum
2438 4588 2494 4639 et
2521 4601 2701 4639 arma.
2741 4586 3092 4640 Renuntiata
3124 4586 3253 4639 haec
3284 4602 3404 4640 non
3430 4599 3629 4654 parum
3660 4570 3880 4635 alacritati

2287 4674 2823 4729 Northmannorum
2839 4674 3077 4728 addunt.
3111 4675 3184 4728 At
3196 4675 3458 4729 omnium
3477 4671 3776 4727 acerrimus
3786 4665 3880 4731 ipse

2288 4763 2415 4818 dux
2476 4763 2715 4834 inurget
2749 4762 3173 4817 aceelerantes.
3206 4762 3541 4833 Tyrannum
3565 4760 3788 4814 fortasse
3813 4749 3887 4803 ab-

2288 4852 2444 4910 sumi
2484 4852 2857 4907 desiderabat
2902 4852 3255 4907 adolescens
3308 4852 3635 4922 piissimus.
3663 4842 3801 4910 Quod
3826 4853 3877 4891 ex

2287 4942 2560 4998 omnibus
2602 4940 2907 5011 prmclaris
2964 4940 3136 4994 factis
3166 4927 3869 5011 pulcherrimumjudicaVil

2287 5034 2530 5086 senatus
2587 5030 2802 5083 latinus
2851 5033 2908 5082 et
2964 5029 3351 5083 atheniensis.
3388 5029 3602 5083 Verum
3628 5022 3876 5077 subitaneo

2286 5123 2512 5174 terrore
2545 5121 2959 5172 consternatus
2989 5116 3344 5186 Gaufredus,
3378 5116 3625 5170 adversa
3639 5110 3748 5164 acie
3772 5116 3877 5159 nec-

2285 5208 2424 5262 dum
2453 5209 2789 5276 eonspecta,
2823 5204 2960 5275 prof
2964 5205 3099 5276 ugio
3116 5205 3365 5259 salutem
3383 5219 3551 5259 suam
3569 5215 3687 5256 cum
3698 5192 3878 5267 agmine

2285 5300 2404 5351 toto
2461 5295 2783 5350 committit.
2816 5293 2904 5347 En
2957 5292 3101 5347 duci
3133 5290 3588 5346 Northmannico
3638 5286 3764 5339 liber
3784 5289 3881 5347 pro-

2286 5400 2541 5456 gressus
2553 5386 2707 5453 patet
2722 5382 2793 5436 ad
2817 5380 3240 5436 devastandam
3271 5381 3466 5435 hostis
3490 5359 3881 5456 opulentiamiaq
3990 5378 3991 5439 Ῑ

2284 5446 2597 5528 delendum
2627 5468 3386 5541 aemulinomeniignominia
3430 5446 3767 5535 sempiterna.
3793 5446 3880 5505 Sed

2283 5562 2447 5617 novit
2473 5576 2613 5616 esse
2658 5559 3036 5630 prudentium
3092 5559 3356 5615 victoria
3384 5559 3710 5626 temperare.
3736 5546 3871 5630 “In?

2290 5666 2408 5708 non
2438 5650 2586 5707 satis
2612 5626 2907 5724 potentem
2938 5663 3077 5705 esse
3111 5648 3213 5723 qui
3245 5649 3427 5705 semet
3454 5646 3511 5701 in
3542 5637 3789 5717 potestate
3809 5626 3871 5682 ul—
