4074 6150
218 260 374 326 1225

1771 259 2030 321 GESTA
2044 307 2057 320 .

3464 266 3616 329 1226

164 459 432 515 ciscendi
463 459 765 515 continere
805 476 921 516 non
951 460 1163 530 possit.
1213 460 1419 513 Placet
1447 475 1594 530 ergo
1644 459 1833 514 fortu-
1855 440 1912 505 Α
1946 457 2023 511 tis
2051 457 2427 528 imperatoria
2457 473 2600 515 cura
2630 461 2980 531 promeruit.
3023 461 3218 535 Ipsius
3256 469 3414 521 velut
3440 469 3611 523 amici

163 554 363 603 natum
390 548 503 603 iter
533 554 903 604 convertere.
939 548 1218 602 Festinus
1249 548 1382 602 inde
1416 564 1555 602 ecce
1589 550 1833 602 Alenco-

161 638 261 691 nio
323 638 687 706 supervenit,
749 639 993 692 arduam
1050 653 1175 690 rem
1236 654 1437 708 pugna
1496 638 1619 692 fere
1677 637 1837 690 nulla

164 725 426 780 conﬁcit.
455 725 746 795 Oppidum
779 725 935 779 enim
968 727 1197 793 natura,
1232 741 1409 794 opere
1443 728 1612 795 atque
1640 740 1834 778 arma-

160 817 299 867 tura
329 813 788 867 munitissimum
818 814 964 867 adeo
995 817 1269 867 currente
1292 817 1581 882 proventu
1614 814 1671 868 in
1702 813 1752 883 ej
1766 829 1836 867 us

164 917 405 955 manum
435 901 616 970 venit,
647 903 712 955 ut
740 901 978 971 gloriari
1015 901 1108 954 his
1142 903 1341 955 verbis
1373 902 1577 956 liceret
1609 918 1622 956 :
1670 902 1832 971 Veni,

171 990 318 1057 vidi,
359 990 493 1043 vici.
527 990 786 1044 Perculit
818 990 1103 1043 citissime
1157 990 1253 1043 hic
1302 1006 1507 1044 rumor
1554 991 1838 1044 Danfron-

166 1079 347 1132 tinos.
398 1078 747 1132 Difﬁdcntes
787 1079 982 1148 itaque
1042 1078 1193 1132 alius
1242 1079 1446 1148 clypeo
1486 1095 1551 1132 so
1584 1079 1840 1133 liberan-

167 1168 301 1233 dos,
356 1171 491 1237 post
532 1168 734 1239 fugam
776 1167 1165 1221 famosissimi
1210 1167 1513 1221 bellatoris
1560 1167 1840 1221 Gaufredi

168 1254 441 1324 Martelli,
503 1256 776 1310 similiter
833 1255 1125 1309 deditione
1182 1271 1248 1309 se
1280 1255 1530 1309 liberant
1560 1271 1844 1325 propera-

168 1343 427 1411 tissima,
452 1344 686 1413 quando
716 1359 1026 1398 reversum
1058 1345 1131 1397 ad
1153 1345 1611 1415 oppugnandum
1640 1344 1843 1398 vident

168 1433 719 1487 Northmannorum
740 1433 1086 1503 principem.
1112 1433 1434 1487 Perhibent
1452 1433 1724 1487 homines
1746 1449 1841 1487 an-

169 1521 449 1591 tiquioris
492 1521 815 1591 memoriae,
855 1523 1049 1574 castra
1081 1521 1210 1575 haec
1255 1521 1427 1575 ambo
1466 1521 1698 1575 comitis
1747 1520 1847 1574 Ri-

168 1608 382 1663 chardi
404 1624 703 1662 concessu
729 1623 867 1663 esse
890 1608 1148 1675 fundata,
1182 1625 1361 1663 unum
1383 1610 1538 1662 intra
1571 1609 1845 1675 alterum,

167 1697 443 1767 proxime
463 1696 610 1751 ﬁnes
646 1696 1114 1767 Northmanniae,
1155 1701 1327 1768 atque
1364 1702 1483 1751 tam
1517 1698 1848 1752 succeden-

1952 550 2007 600 et
2023 547 2174 601 socii
2193 548 2567 617 prudentiam
2587 548 2647 603 in
2666 550 3085 609 deliberatione
3106 558 3492 610 maximorum
3523 573 3616 611 ne-

1952 634 2249 705 gotiorum
2285 637 2632 707 consulturi,
2658 639 3126 695 benevolentiam
3159 643 3329 696 donis
3360 646 3415 696 et
3438 644 3617 696 multa

1952 722 2197 778 honoris
2216 724 2485 795 impensa
2508 730 3175 795 comparaturi.Nomine
3191 732 3483 800 siquidem
3510 733 3619 785 Ro-

1956 812 2111 865 mani
2124 813 2357 883 imperii
2370 813 2539 869 miles
2558 815 2757 885 fuit,re
2777 816 2959 872 decus
2973 823 3027 871 et
3042 820 3230 887 gloria
3246 835 3473 872 summa
3488 835 3618 873 con-

1958 901 2225 955 siliorum
2238 902 2296 956 in
2309 919 2539 958 summa
2550 906 3011 960 necessitudine.
3025 909 3223 977 lieges
3246 924 3478 978 quoque
3493 923 3617 960 ma-

1958 991 2321 1059 gnitudinem
2340 992 2475 1061 ejus
2494 996 2549 1047 et
2564 996 2824 1048 venerati
2850 998 2985 1048 sunt
3004 1000 3057 1049 et
3076 996 3379 1049 veriti.Est
3393 996 3545 1049 enim
3564 999 3621 1049 et

1956 1077 2293 1132 nationibus
2326 1082 2531 1148 procul
2565 1083 2807 1135 remotis
2853 1083 3243 1148 notissimum,
3284 1098 3457 1153 quam
3506 1082 3619 1136 fre-

1957 1166 2595 1239 quentibus,quamque
2610 1170 2894 1241 gravibus
2909 1172 3080 1225 bellis
3094 1173 3507 1240 imperatorum
3521 1172 3623 1225 im-

1958 1256 2291 1309 manitatem
2307 1258 2810 1328 fatigaverit,pace
2824 1260 3056 1313 demum
3070 1260 3139 1312 ad
3156 1260 3525 1314 conditiones
3544 1261 3623 1330 ip-

1960 1342 2089 1396 sius
2102 1343 2385 1397 arbitratu
2400 1346 2645 1399 dictatas
2661 1349 2985 1417 composita
3013 1364 3025 1416 ;
3062 1364 3194 1402 cum
3209 1363 3415 1419 regum
3432 1349 3621 1402 domi-

1960 1446 2070 1484 nos
2084 1435 2260 1485 terrae
2280 1433 2539 1501 ipsorum
2558 1436 2836 1489 nonnulla
2848 1441 3010 1505 parte
3024 1437 3396 1491 mulctaverit
3410 1437 3623 1492 violen-

1961 1522 2049 1571 ter
2062 1518 2434 1573 extorto.Sua
2450 1537 2699 1591 quaeque
2715 1524 2805 1575 vel
2832 1523 3229 1594 inexpugnata
3249 1524 3342 1578 vel
3356 1523 3621 1580 indefes-

1960 1622 2026 1659 sa
2046 1607 2242 1675 potius
2269 1623 2441 1661 manu
2462 1612 2676 1663 tutans.
2697 1610 2746 1662 M
2757 1612 3035 1664 onarchia
3054 1615 3186 1680 post
3203 1612 3467 1667 Franciaa
3490 1629 3623 1668 cum

1958 1711 2141 1764 puero
2174 1696 2494 1773 monarcha
2528 1699 2719 1766 ipsius
2755 1699 3235 1753 consiliosissimi
3262 1701 3373 1754 viri
3402 1702 3619 1773 tutelae,

165 1785 393 1841 tiumei
414 1785 692 1839 comitum
712 1786 1307 1856 quamipsiusjussis
1332 1787 1848 1855 obtemperareso-
1880 1815 1925 1878 Β
1960 1782 2283 1850 dictatura,
2335 1787 2508 1853 atque
2558 1784 3048 1840 administrationi
3102 1788 3302 1841 cessit.
3362 1789 3624 1843 Marchio

166 1874 507 1928 lita.Victor
518 1874 988 1942 postea,domum
1000 1875 1561 1945 reversus,patriam
1577 1877 1849 1929 cunctam

168 1963 404 2017 recenti
425 1962 643 2016 decore
663 1977 732 2014 ac
754 1962 1013 2032 tripudio
1035 1963 1571 2032 illustrabat,simul
1592 1976 1853 2016 amorem

166 2054 350 2123 atque
367 2054 655 2106 terrorem
672 2050 1010 2105 suiauctius
1034 2052 1092 2104 in
1115 2054 1360 2106 externa
1389 2051 1773 2106 diti‘undebat.

248 2141 382 2193 Alia
404 2140 516 2194 sub
540 2144 771 2209 tempus
790 2139 944 2193 idem
964 2140 1275 2193 Annalium
1292 2140 1696 2194 voluminibus
1719 2143 1850 2209 apta

171 2229 375 2301 gessit
407 2229 684 2298 princeps
721 2228 930 2296 isdem,
966 2244 1097 2297 quae
1130 2228 1305 2281 sicuti
1335 2228 1583 2298 plurima
1615 2228 1850 2282 caateris

169 2317 551 2388 temporibus
592 2316 665 2370 ab
725 2331 801 2379 eo
844 2319 1013 2387 gesta
1049 2317 1591 2385 praetermittimus,
1637 2319 1735 2370 aut
1779 2331 1851 2370 ne

168 2422 358 2478 quem
403 2408 613 2477 gravet
655 2404 958 2474 spatiosus
1016 2405 1223 2474 codex,
1279 2408 1376 2459 aut
1424 2405 1559 2475 quia
1588 2419 1711 2458 rem
1736 2418 1854 2458 non

173 2495 502 2550 admodum
534 2493 928 2547 sufﬁcientem
957 2493 1233 2562 scriptori
1265 2494 1679 2564 cognovimus.
1700 2493 1854 2546 Prae-

171 2588 348 2637 terea
380 2580 722 2652 quantulum
755 2580 813 2632 in
845 2579 1093 2633 dicendo
1125 2579 1421 2633 facultatis
1448 2578 1758 2646 habemus,
1784 2579 1857 2632 ad

171 2670 500 2725 dicendum
542 2668 1035 2738 praestantissima
1055 2668 1315 2722 omnium
1353 2668 1411 2721 id
1456 2681 1855 2721 reservamus.

170 2758 485 2814 Parturire
518 2773 629 2811 suo
660 2761 896 2825 pectore
933 2756 1087 2811 bella
1126 2773 1259 2827 quae
1297 2756 1521 2809 calamo
1546 2756 1862 2809 ederentur

172 2848 381 2918 poetis
411 2846 646 2916 licebat,
680 2849 853 2915 atque
899 2845 1255 2913 ampliﬁcare
1295 2847 1594 2914 utcunque
1625 2843 1861 2914 cognita

172 2953 292 3007 per
323 2949 566 3005 campos
620 2933 1033 3004 ﬁgmentorum
1069 2932 1423 3003 divagando.
1479 2932 1604 2986 Nos
1653 2932 1862 2985 ducem

173 3027 320 3080 sive
366 3038 592 3093 regem,
647 3023 741 3075 cui
785 3037 1083 3092 nunquam
1130 3022 1361 3090 impure
1413 3021 1554 3091 quid
1598 3020 1706 3073 fuit
1736 3019 1861 3089 pul-

1960 1871 2056 1924 hic
2088 1872 2354 1925 fascibus
2385 1888 2453 1926 ac
2484 1873 2668 1927 titulis
2696 1875 2871 1945 longe
2902 1876 3149 1945 amplior
3170 1893 3345 1947 quam
3376 1878 3628 1933 strictim

1963 1961 2041 2014 sit
2088 1960 2454 2030 explicabile,
2503 1964 2693 2015 natam
2731 1978 2899 2016 suam
2948 1964 3119 2019 nobis
3152 1967 3628 2036 acceptissimum

1964 2049 2257 2102 dominam
2296 2049 2355 2102 in
2386 2049 2632 2104 Pontivo
2662 2051 2791 2120 ipse
2822 2053 3226 2123 praesentavit,
3263 2056 3492 2109 soceris
3525 2072 3627 2126 ge-

1964 2153 2225 2207 neroque
2248 2138 2425 2206 digne
2448 2139 3122 2195 adductam.Enutrierat
3143 2146 3337 2196 autem
3366 2144 3626 2213 prudens

1967 2228 2022 2280 et
2054 2229 2256 2280 sancta
2286 2229 2471 2279 mater
2512 2227 2573 2280 in
2622 2227 2739 2281 ﬁlia
2787 2229 2943 2297 quod
2974 2230 3319 2284 muneribus
3363 2232 3626 2300 paternis

1966 2314 2248 2383 multuplo
2278 2315 2775 2384 praeponderaret.
2814 2316 3143 2386 llequirens
3178 2334 3371 2389 genus
3410 2322 3626 2373 mater-

1967 2418 2124 2470 num,
2149 2403 2355 2457 matris
2376 2405 2599 2471 patrem
2622 2403 2771 2457 sciat
2800 2419 3003 2475 regem
3036 2406 3238 2461 Galliw
3276 2407 3622 2477 Robertum,

1967 2492 2067 2561 qui
2097 2491 2253 2545 ﬁlius
2302 2494 2356 2544 et
2401 2506 2587 2560 nepos
2618 2507 2827 2562 regum
2856 2496 3172 2564 progenuit
3212 2511 3414 2567 reges,
3450 2496 3625 2567 cujus

1965 2579 2418 2633 laudabilitatem
2443 2580 2503 2633 in
2524 2580 2810 2652 religione
2833 2581 3029 2635 divina
3069 2586 3124 2637 et
3144 2585 3312 2655 regni
3334 2585 3627 2656 guberna-

1966 2669 2123 2722 tione
2154 2667 2352 2721 mundi
2371 2668 2571 2737 lingua
2592 2684 2708 2723 non
2738 2670 2970 2726 tacebit.
2995 2671 3416 2728 Introductioni
3446 2672 3629 2745 hujus

1969 2772 2209 2826 sponsae
2241 2756 2449 2810 civitas
2476 2759 2977 2830 Rothomagensis
3006 2762 3253 2815 vacabat
3264 2760 3626 2832 jucundans.

2039 2845 2472 2914 Compellamur
2502 2846 2635 2899 istic
2665 2863 2765 2901 ore
2797 2849 3048 2917 quodam
3087 2851 3241 2920 gesti
3272 2851 3625 2921 pervulgati,

1968 2948 2077 2987 nec
2110 2936 2433 2986 Arcensem
2459 2934 2728 2989 comitem
2765 2935 3126 2989 Willelmum
3156 2939 3525 3007 properantis
3556 2939 3632 2992 ad

1969 3022 2174 3076 altiora
2209 3020 2342 3090 styli
2375 3022 2674 3075 celeritate
2709 3024 3020 3092 praeterire
3069 3027 3125 3078 et
3168 3025 3364 3094 ipsum
3393 3026 3632 3096 quidem

178 3114 423 3175 chrum,
475 3126 624 3182 pure
656 3110 1051 3178 laudabimus,
1100 3126 1393 3180 nusquam
1425 3126 1457 3162 a
1486 3109 1752 3163 veritatis
1796 3108 1863 3161 li-
1898 3163 1946 3191 ﬁ
1969 3110 2172 3180 patriae
2213 3109 2486 3179 lacrymis
2506 3110 2655 3163 ultra
2677 3112 2986 3165 terminum
3021 3114 3174 3182 mqui
3196 3115 3253 3167 et
3275 3114 3413 3168 boni
3449 3129 3632 3182 quan-

180 3204 330 3257 mite
362 3216 551 3271 passu
576 3215 692 3253 uno
724 3199 1065 3253 delirantes.

258 3289 508 3358 Cmpere
555 3290 691 3358 post
732 3287 860 3341 haec
911 3286 1302 3341 Northmanni
1362 3290 1685 3341 summates
1738 3284 1864 3339 fere

176 3379 391 3434 cuncti
443 3376 776 3431 incredibili
827 3390 959 3430 eum
1022 3375 1295 3445 amplecti
1341 3376 1739 3443 veneratione,
1800 3377 1865 3427 ut

176 3466 484 3524 obluctari
524 3465 765 3534 dudum,
810 3464 899 3518 sic
928 3464 1100 3518 modo
1130 3479 1406 3517 serenam
1436 3464 1490 3517 ei
1528 3464 1864 3518 ﬁdelitatem

174 3558 451 3630 quisque
482 3570 649 3608 suam
670 3553 923 3624 probare
955 3553 1231 3620 nitentes,
1269 3552 1413 3607 adeo
1434 3556 1497 3607 ut
1527 3551 1660 3622 ejus
1691 3555 1746 3606 et
1768 3568 1859 3607 so-

173 3646 412 3713 bolem,
446 3659 621 3715 quam
651 3643 780 3697 sola
811 3645 932 3696 tum
956 3656 1062 3711 spe
1093 3641 1387 3709 fovebant,
1420 3641 1718 3695 dominum
1744 3641 1862 3695 sibi

177 3733 480 3791 concordi
510 3734 782 3786 votorum
814 3730 1100 3785 electione
1126 3746 1330 3784 creare
1371 3728 1864 3794 certarent.Quod

174 3824 327 3895 ipse
361 3821 662 3889 universa,
696 3835 829 3891 quae
860 3834 1003 3890 erga
1051 3834 1118 3872 se
1148 3819 1240 3872 vel
1273 3835 1306 3872 a
1338 3834 1404 3874 se
1436 3818 1687 3872 ﬁdeliter
1717 3821 1863 3885 acta,

178 3911 405 3967 humili
442 3908 750 3980 prudentia
773 3908 1003 3962 muneri
1038 3907 1236 3961 divino
1263 3910 1327 3961 ut
1346 3906 1669 3977 reputanda
1702 3906 1868 3960 fuere

173 3999 510 4071 reputavit,
535 3997 866 4068 juventutis
906 3996 962 4049 in
983 3996 1303 4066 primordio
1333 3994 1871 4049 moderatissimum

176 4091 393 4144 virum
407 4102 613 4159 agens.
630 4086 911 4140 Consiliis
938 4085 1136 4156 itaque
1150 4085 1219 4139 de
1237 4084 1611 4138 matrimonio
1643 4084 1873 4153 discep-

176 4182 378 4245 tatur,
407 4180 467 4231 ut
490 4177 684 4230 solent
718 4176 777 4229 in
808 4174 1113 4228 diversum
1144 4175 1397 4228 suadere
1429 4173 1665 4244 ingenia
1687 4172 1876 4241 dispa-

176 4268 355 4323 rium
387 4269 559 4335 atque
592 4264 924 4332 sententiae,
957 4264 1288 4332 praesertim
1332 4278 1466 4317 cum
1496 4262 1555 4314 in
1587 4260 1877 4331 frequenti

182 4355 370 4411 curia
397 4353 729 4423 ponderosa
760 4353 831 4406 de
861 4368 925 4406 re
963 4352 1353 4406 consultatur.
1410 4352 1610 4421 Reges
1654 4351 1725 4403 de
1755 4349 1879 4403 lon-

180 4444 431 4517 ginquo
452 4458 596 4496 suas
616 4442 787 4495 unice
810 4441 1023 4495 charas
1060 4441 1211 4494 ﬁlias
1247 4440 1383 4494 huic
1424 4440 1630 4493 marito
1667 4438 1879 4493 volun-

1898 3172 2091 3253 Utum
2138 3199 2196 3252 in
2241 3172 2432 3268 ipsius
2478 3200 2786 3253 conatibus
2826 3200 2934 3254 fuit
2986 3172 3301 3270 potentem.
3353 3172 3632 3273 Ignavam

1970 3287 2356 3358 propaginem
2373 3288 2545 3356 atque
2568 3288 2851 3356 perﬁdam
2873 3289 3176 3358 praeclarae
3199 3289 3402 3359 stirpis
3424 3289 3635 3344 Guido—

1972 3392 2104 3431 nem
2147 3375 2560 3445 (Willelmum)
2600 3391 2707 3430 nec
2758 3377 3028 3431 humanae
3081 3393 3187 3431 nec
3233 3377 3447 3432 divinae
3476 3378 3635 3449 legis

1976 3465 2139 3519 frena
2179 3464 2496 3518 retinuere.
2537 3464 2709 3519 Hunc
2734 3480 2925 3535 neque
2946 3465 3096 3535 hmo,
3122 3480 3311 3536 neque
3347 3466 3635 3521 Guidonis

1976 3554 2164 3621 ruina,
2191 3557 2477 3622 praeterea
2502 3568 2693 3623 neque
2727 3554 2927 3624 magni
2961 3554 3205 3608 victoris
3239 3570 3271 3607 a
3310 3554 3468 3609 nullo
3499 3551 3647 3608 victi

1978 3641 2316 3695 admiranda
2350 3643 2406 3694 et
2428 3639 2619 3693 virtus
2654 3643 2711 3693 et
2744 3639 3017 3709 felicitas,
3065 3644 3412 3711 partumque
3452 3641 3527 3695 iis
3556 3642 3643 3694 in-

1984 3731 2199 3799 clytum
2228 3743 2460 3782 nomen.
2485 3727 2649 3791 Quod
2680 3728 2739 3780 in
2768 3733 3122 3797 praestantes
3164 3731 3393 3783 animos
3424 3732 3480 3783 et
3508 3729 3641 3782 lau-

1986 3816 2174 3870 danda
2201 3831 2451 3886 quaeque
2500 3815 2762 3870 focinora
2814 3817 3045 3886 erigere
3091 3817 3309 3887 debuit,
3353 3817 3501 3870 idin
3534 3817 3640 3870 im-

1983 3906 2338 3959 moderatam
2356 3903 2766 3957 conﬁdentiam
2799 3920 2866 3957 ac
2897 3905 3074 3957 nimis
3106 3904 3281 3959 altam
3313 3904 3646 3959 extollendo

1984 3992 2370 4064 praecipitavit
2412 3994 2745 4062 utrumque,
2797 3996 2966 4046 ortus
3008 3993 3285 4047 videlicet
3334 3994 3429 4047 sui
3470 3994 3648 4046 nimia

1984 4082 2204 4137 notitia.
2239 4080 2425 4134 Ambo
2445 4081 2598 4134 enim
2621 4081 2861 4134 sinistre
2887 4084 3175 4135 noverunt
3194 4081 3253 4133 in
3272 4081 3558 4151 progenie
3582 4095 3649 4133 se

1987 4168 2305 4239 computari
2330 4168 2543 4222 ducum
2561 4168 3026 4221 Northmanniae.
3070 4167 3414 4238 Burgundio
3445 4182 3511 4221 se
3543 4182 3650 4221 ne-

1984 4263 2181 4330 potem
2201 4257 2631 4312 Richardorum
2646 4273 2677 4311 e
2697 4257 2812 4310 ﬁlia
2835 4255 3396 4310 secundizArcensis
3410 4255 3651 4308 fratrem

1988 4364 2054 4403 se
2084 4347 2261 4417 tertii,
2309 4347 2556 4401 secundi
2588 4346 2791 4413 ﬁlium,
2839 4346 3009 4415 primi
3043 4348 3334 4415 nepotem.
3368 4343 3424 4397 Is
3454 4344 3526 4397 ab
3560 4343 3652 4396 in-

1990 4441 2163 4491 eunte
2183 4436 2349 4506 pueri
2367 4435 2696 4505 principatu
2718 4434 2936 4489 inﬁdus
2966 4436 3019 4487 ei
3052 4438 3107 4487 et
3139 4434 3454 4503 adversus,
3480 4448 3657 4502 quan-

178 4511 352 4589 t'arie
385 4530 667 4599 locarent,
698 4546 767 4583 ac
801 4529 1015 4584 afﬁnes
1047 4529 1268 4583 habere
1304 4544 1455 4599 quos
1487 4527 1748 4582 conﬁnes
1778 4543 1880 4597 po—
1906 4511 1964 4581 Β
1990 4542 2163 4598 quam
2223 4525 2557 4579 ﬁdelitatem
2598 4524 2836 4594 juratus
2894 4528 2950 4577 et
2990 4524 3363 4593 obsequium,
3418 4520 3659 4575 hostilia

184 4621 508 4676 tissimum
544 4618 783 4689 placuit,
825 4618 1022 4672 multae
1055 4618 1304 4672 rationis
1336 4617 1624 4689 gravitate
1660 4616 1720 4670 id
1748 4632 1879 4686 per-

191 4708 521 4765 suadente.

284 4796 539 4868 V’igebat
585 4810 655 4850 eo
705 4797 968 4865 tempore
1016 4794 1381 4850 Teutonibus
1427 4794 1778 4849 collimitans
1815 4809 1881 4847 ac

184 4885 483 4954 Francis,
541 4885 927 4953 eminensque
993 4884 1245 4952 potentia
1291 4884 1629 4953 praecipuus
1678 4898 1879 4936 eorum

182 4972 602 5031 Flandrensis
660 4971 924 5025 marchio
972 4971 1334 5040 Balduinus,
1388 4972 1685 5025 nobilitate
1742 4971 1879 5024 item

180 5063 415 5138 prisco
449 5076 524 5115 ex
555 5060 821 5132 germine
869 5060 1077 5114 tradita
1127 5059 1591 5113 illustrissimus.
1625 5059 1773 5112 Nam
1802 5059 1887 5112 uti

180 5170 237 5209 a
270 5149 531 5220 satrapis
564 5149 948 5216 Morinorum,
983 5163 1135 5219 quos
1170 5147 1436 5202 moderni
1472 5146 1759 5200 Flandros
1781 5162 1887 5216 ap-

182 5240 455 5314 pellant,
491 5239 581 5292 sic
610 5253 643 5291 a
691 5238 938 5308 regibus
970 5236 1171 5291 Gallias
1202 5241 1376 5307 atque
1416 5235 1743 5290 Germaniae
1780 5251 1888 5289 na-

180 5329 366 5386 tales
398 5325 747 5393 deducebat,
779 5326 1102 5380 nobilitatis
1132 5326 1305 5380 etiam
1344 5324 1876 5395 Constantinopoli-

182 5422 372 5475 tanae
403 5414 617 5469 lineam
657 5414 994 5486 attigentes.
1033 5414 1397 5484 Stupuerunt
1436 5414 1718 5467 mirantes
1758 5428 1893 5467 eum

182 5503 493 5572 comites,
525 5502 923 5572 marchiones,
972 5504 1176 5573 duces,
1230 5505 1352 5557 tum
1400 5501 1891 5572 archipraesulum

176 5594 334 5655 alta
355 5591 639 5665 dignitas,
666 5591 719 5646 si
741 5591 973 5663 quando
989 5592 1370 5662 praesentiam
1389 5591 1523 5666 ejus
1554 5591 1673 5646 rari
1689 5590 1891 5663 hospi-

507 5698 766 5756 Pa'mon.
804 5697 1063 5757 CXLIX.

1996 4615 2270 4686 agitabat,
2317 4614 2490 4667 modo
2546 4613 2870 4667 temeritate
2921 4628 3037 4666 non
3079 4612 3293 4665 latente
3340 4610 3654 4675 resistens,

1999 4703 2380 4757 clandestinis
2411 4702 2701 4757 interdum
2732 4700 3182 4770 dolis.Improba
3214 4699 3449 4769 quidem
3479 4696 3658 4751 animi

2000 4793 2170 4846 elatio
2204 4791 2475 4845 facillime
2523 4790 2820 4845 hominem
2850 4791 2908 4843 in
2958 4804 3056 4843 res
3088 4787 3343 4857 injustas
3383 4785 3656 4840 detrudit.

1997 4882 2191 4935 Motus
2224 4880 2669 4934 dissensionum
2700 4879 3064 4948 aliorumque
3096 4876 3373 4945 superius
3407 4889 3659 4928 comme—

1999 4970 2322 5023 moratione
2353 4968 2646 5038 aliquanta
2678 4968 3043 5038 digestorum
3076 4964 3379 5033 malorum,
3416 4961 3663 5017 nonnul-

2001 5059 2093 5113 los
2138 5058 2266 5127 ipse
2323 5060 2494 5126 caput
2552 5056 2872 5126 principale
2931 5053 3283 5121 concitavit,
3346 5052 3665 5122 plerosque

2002 5148 2293 5216 exemplo,
2325 5146 2594 5213 consilio,
2618 5144 2820 5198 favore
2851 5146 2906 5196 et
2933 5142 3148 5197 auxilio
3171 5141 3449 5210 incitavit,
3484 5139 3666 5208 auxit,

2004 5236 2391 5291 conﬁrmavit.
2426 5234 2601 5288 Multa
2640 5236 2697 5287 et
2736 5233 3013 5303 inquieta,
3065 5231 3347 5302 longique
3380 5229 3668 5298 temporis

2004 5324 2139 5395 ejus
2169 5323 2466 5378 molimina
2498 5322 2684 5392 fuere,
2718 5336 2824 5392 pro
2855 5336 2965 5374 sua
2995 5324 3048 5374 et
3080 5322 3281 5373 contra
3321 5319 3541 5373 domini
3575 5317 3670 5371 sui

2004 5413 2488 5485 magnitudinem,
2522 5410 2699 5482 cujus
2728 5425 3042 5465 accessum
3086 5425 3206 5464 non
3248 5409 3420 5463 modo
3451 5407 3523 5461 ab
3554 5408 3669 5460 Ar-

2006 5502 2172 5558 censi
2204 5505 2420 5570 castro,
2456 5515 2663 5555 verum
2692 5500 2867 5554 etiam
2907 5499 2979 5553 ab
3012 5500 3063 5553 ei
3095 5498 3425 5570 propinqua
3456 5495 3670 5550 North-

2005 5591 2258 5647 manniae
2278 5592 2459 5661 parte,
2501 5604 2633 5662 quae
2655 5589 2801 5644 citra
2821 5588 3036 5644 ﬂamen
3051 5586 3385 5661 Sequanam
3416 5584 3527 5641 sita
3558 5583 3673 5655 est,

3316 5692 3387 5749 39
