4074 6150
552 216 710 282 1227

1700 188 2145 275 ’ννιιιΕιΜῐ
2187 212 2831 286 CONQUESTORIS

3751 228 3865 291 i228

542 432 746 474 arcere
775 433 1186 487 saepenumero
1236 416 1517 469 surrexit.
1554 417 1865 470 Postremo
1897 415 1955 468 in
1994 433 2208 486 supra-
2230 399 2287 468 Ᾱ
2324 419 2384 470 ut
2418 418 2730 474 seditionis
2753 420 3080 491 principem
3111 423 3172 476 in
3201 424 3433 493 praealto
3460 429 3635 481 monte
3661 445 3769 482 cum
3792 431 3877 485 acie

534 503 674 562 dicti
705 507 1010 562 Danfronti
1045 506 1479 575 oppugnatione
1513 506 1682 574 quasi
1717 506 2041 559 desertoris
2076 505 2202 559 fur—

530 598 652 652 tivo
681 612 845 651 more
880 597 1181 661 discessit,
1232 611 1602 665 nequaquam
1650 597 1825 663 petita
1868 596 2155 648 missione
2190 611 2200 648 :

532 685 792 741 satellitii
829 685 1111 751 debitum,
1146 684 1319 755 cujus
1352 689 1517 736 antea
1552 684 1787 736 nomine
1820 684 2203 737 hostilitatcm

530 777 831 844 utcunque
866 774 1117 841 velabat,
1139 772 1259 842 jam
1290 788 1459 826 omne
1491 773 1846 825 detrectans.
1880 773 1965 825 Ol)
1999 773 2127 826 haec
2149 775 2204 825 et

528 863 642 917 alia
695 865 779 917 tot
825 862 959 931 ejus
1004 867 1057 915 et
1105 865 1256 914 tanta
1298 878 1461 930 ausa,
1498 861 1634 930 dux,
1673 861 1753 913 uti
1806 876 1903 914 res
1957 861 2200 928 monuit,

535 952 876 1021 suspiciens
920 951 1085 1020 plura
1119 954 1174 1003 et
1215 950 1439 1020 majora
1482 966 1788 1017 ausurum,
1824 949 2198 1019 receptaculi,

532 1055 648 1111 quo
679 1040 993 1109 plurimum
1020 1040 1371 1105 confidebat,
1406 1039 1619 1092 editius
1652 1040 2079 1092 firmamentum
2113 1054 2204 1091 oe-

531 1127 787 1197 cupavit,
820 1128 1147 1181 custodiam
1178 1128 1517 1191 immittens,
1554 1128 1611 1179 in
1643 1127 1799 1179 nullo
1841 1126 2092 1195 amplius
2123 1130 2203 1179 ta-

530 1231 665 1270 men
690 1215 795 1286 jus
821 1215 977 1285 ejus
1004 1216 1377 1269 imminueris.
1434 1217 1655 1285 Nempe
1704 1231 1805 1268 eas
1855 1215 2113 1268 latebras
2145 1214 2201 1265 id

530 1296 954 1359 munimentum
987 1305 1145 1358 initae
1195 1304 1464 1358 elationis
1509 1307 1683 1374 atque
1734 1304 2042 1358 dementice
2073 1304 2201 1372 ipse

529 1394 762 1465 primus
795 1393 1078 1462 fundavit,
1128 1398 1182 1446 et
1215 1409 1386 1463 quam
1438 1394 1864 1461 operosissime
1906 1391 2204 1446 exstruxit

528 1481 587 1534 in
638 1481 866 1550 praealti
910 1480 1126 1534 montis
1180 1483 1464 1533 Arearum
1525 1481 1849 1533 cacumine.
1909 1479 2200 1532 Caeterum

530 1570 789 1623 maleﬁdi
820 1570 1101 1623 custodes
1131 1585 1248 1622 non
1272 1569 1451 1622 multo
1477 1572 1612 1637 post
1643 1569 1823 1622 castri
1852 1570 2199 1637 potestatem

532 1657 823 1713 conditori
855 1658 1125 1727 reddunt,
1176 1673 1481 1710 munerum
1533 1656 1952 1726 pollicitatione
2002 1658 2057 1709 et
2086 1656 2197 1708 im-

2322 507 2634 560 multarum
2681 508 2981 579 legionum
3037 514 3358 580 prospexit,
3406 515 3596 569 enisus
3654 517 3705 570 in
3750 518 3878 572 arduo

2322 598 2566 648 cunctos
2597 596 2747 649 intra
2780 599 3159 653 munitionem
3207 603 3374 671 terga
3402 602 3532 655 dare
3562 603 3874 674 impigerrime

2325 684 2621 752 compulit.
2654 686 2739 737 Ac
2770 685 2826 738 ni
2858 686 3233 741 obstitissent
3269 690 3437 743 citius
3467 691 3722 745 obseratae
3747 692 3880 757 fores,

2326 772 2654 842 insecutus,
2690 775 2771 826 uti
2820 775 3052 828 animus
3101 777 3286 830 iratus
3340 777 3611 849 fortisque
3637 780 3757 846 tulit,
3781 782 3884 835 male

2324 860 2612 912 ominatos
2643 875 2716 912 ex
2752 876 2962 931 magna
2994 865 3156 931 parte
3189 864 3658 919 obtruncavisset.

2327 947 2472 1000 Rem
2503 964 2640 1002 vere
2672 954 2898 1017 gestam
2947 954 3002 1003 et
3033 950 3174 1020 quid
3204 968 3385 1020 prope
3426 956 3638 1023 gestum
3678 958 3775 1007 erat
3797 971 3882 1008 me-

2322 1052 2641 1103 moramus,
2666 1037 2771 1090 sed
2795 1054 2926 1106 quae
2963 1039 3281 1106 posteritas
3304 1040 3534 1094 difﬁcile
3555 1043 3623 1095 sit
3647 1042 3881 1097 creditura.

2318 1123 2463 1177 Dein
2479 1125 2592 1194 poti
2601 1125 2647 1178 ri
2664 1125 2939 1179 volens-in
2949 1127 3249 1198 unitionej
3260 1145 3406 1182 ussu
3419 1145 3647 1199 propera
3660 1136 3882 1184 contracto

2318 1213 2577 1265 exercitu
2629 1213 3027 1267 circumsedit.
3084 1214 3214 1268 Fuit
3273 1215 3882 1287 difﬁcillimum,quosea

2317 1304 2521 1354 natura
2574 1300 2686 1354 loci
2740 1302 2988 1356 maxime
3039 1303 3387 1358 defensabat
3417 1319 3741 1374 expugnare.
3778 1305 3880 1359 Sane

2313 1403 2474 1442 more
2505 1404 2616 1442 suo
2675 1389 2773 1443 illo
2805 1390 3022 1459 optimo
3082 1407 3206 1445 rem
3256 1396 3465 1463 optans
3510 1393 3708 1463 absque
3736 1408 3881 1447 cruore

2313 1478 2647 1531 confectum
2681 1477 2774 1545 iri,
2821 1476 3099 1533 efferatos
3148 1484 3203 1533 et
3253 1484 3620 1534 contumaces
3648 1481 3784 1535 obice
3819 1497 3883 1534 ca-

2313 1566 2466 1619 stelli
2483 1566 2552 1618 ad
2573 1567 2788 1620 montis
2809 1567 3014 1636 pedem
3033 1569 3320 1621 exstructi
3345 1568 3881 1639 clausit,przesidioque

2312 1653 2606 1723 imposito,
2666 1655 2799 1708 aliis
2838 1659 3045 1723 postea
3103 1656 3361 1727 negotiis
3422 1657 3761 1710 invitantibus
3797 1658 3882 1726 ipse

530 1746 781 1816 pensius
808 1746 1147 1799 imminente
1176 1746 1336 1798 varia
1371 1740 1780 1798 sollicitatione
1810 1744 2036 1815 fatigati
2068 1745 2202 1798 sub-
2233 1771 2284 1833 Β
2309 1744 2583 1810 recessit,
2620 1746 2683 1797 ut
2713 1744 2851 1797 dum
2884 1746 3040 1797 ferro
3068 1749 3361 1814 parceret,
3398 1744 3547 1799 fame
3569 1745 3801 1799 vinceret.

534 1836 787 1905 actique.

607 1922 791 1976 Solito
816 1938 950 1976 mox
963 1922 1225 1975 acriores
1249 1922 1653 1975 intromissum
1673 1921 1840 1974 furiae
1859 1921 2196 1987 incendunt,

534 2010 819 2064 ultionem
869 2026 1103 2081 quoque
1145 2012 1236 2064 sui
1286 2011 1443 2063 velut
1478 2025 1587 2079 per
1631 2009 1880 2080 injurias
1931 2010 2195 2063 diminuti

534 2103 899 2153 exacturum.
948 2100 1145 2151 Oritur
1192 2102 1311 2152 toto
1353 2099 1570 2152 ambitu
1616 2100 1751 2167 pagi
1792 2099 1964 2151 vicini
2017 2098 2195 2152 multa

532 2188 794 2243 miseria.
830 2187 1160 2253 Tumultus,
1196 2188 1429 2255 praedae,
1466 2188 1683 2255 rapinae
1716 2187 1989 2255 saeviunt,
2023 2187 2199 2240 vasti-

529 2278 709 2333 tatem
729 2276 1039 2329 minantes.
1063 2276 1282 2344 Armis,
1308 2276 1473 2343 viris,
1499 2278 1824 2330 commeatu
1857 2278 1912 2328 et
1943 2276 2193 2345 quibus-

532 2380 765 2435 cunque
787 2365 887 2418 tali
908 2364 1144 2434 negotio
1169 2363 1395 2416 idoneis
1421 2368 1680 2416 castrum
1701 2366 2035 2433 exornatur,
2062 2381 2194 2417 mu-

529 2454 787 2508 nimenta
808 2453 974 2522 prius
998 2454 1162 2504 firma
1184 2452 1441 2505 firmiora
1458 2452 1619 2505 fiunt.
1659 2453 1792 2505 Paci
1814 2455 1868 2505 et
1886 2454 2001 2507 otio
2025 2453 2192 2507 locus

529 2542 727 2595 nullus
760 2541 1128 2614 relinquitur.
1176 2540 1437 2610 Denique
1472 2541 1807 2592 saevissima
1830 2540 2074 2594 rebellio
2106 2542 2191 2593 in-

529 2630 799 2683 struitur.
833 2628 973 2692 Qum
1005 2631 1315 2698 postquam
1345 2628 1480 2681 duci
1528 2632 1821 2696 comperta
1853 2632 1990 2681 sunt
2032 2629 2189 2681 ψη-

526 2716 724 2786 lelmo,
757 2733 788 2771 e
819 2717 1201 2771 Constantino
1233 2732 1403 2787 pago,
1438 2716 1539 2769 ubi
1579 2716 1888 2769 certiorem
1922 2718 2189 2771 nuntium

526 2808 773 2876 accepit,
807 2822 873 2860 ea
904 2806 1257 2876 properabat
1287 2805 1602 2874 celeritate,
1646 2807 1707 2857 ut
1737 2806 1870 2875 equi
1902 2808 2186 2861 comitan-

523 2895 689 2962 tium,
711 2899 931 2964 praater
962 2910 1089 2964 sex,
1126 2910 1331 2947 omnes
1363 2894 1704 2963 priusquam
1736 2898 2077 2963 perventum
2112 2895 2188 2947 sit

521 2983 712 3037 Arcas
745 2984 1097 3037 lassitudine
1148 2983 1488 3036 defecerint.
1528 2982 1673 3035 Nam
1722 2982 2092 3036 festinantem
2125 2986 2185 3036 ut

523 3072 840 3125 contrairet
867 3071 1101 3142 injuria:
1136 3088 1261 3124 suae
1287 3070 1536 3139 amplius
1572 3070 1960 3124 incitaverunt
1990 3071 2183 3123 audita

518 3160 672 3216 mala
688 3162 1009 3231 provinciae
1026 3178 1171 3215 suae.
1200 3160 1597 3213 Ecclesiarum
1621 3160 1793 3229 bona,
1814 3161 2183 3231 aggrestium

517 3249 1214 3320 labores,negotiatorum
1231 3250 1664 3317 lucra,militum
1689 3248 2181 3319 praedaminjuste

517 3338 649 3393 ﬁeri
679 3338 930 3391 dolebat.
968 3339 1299 3391 Miserando
1331 3338 1565 3406 planctu
1595 3337 1849 3390 imbellis
1882 3337 2183 3409 vulgi,qui

515 3426 735 3481 inultus
781 3430 1043 3494 tempore
1092 3427 1229 3478 belli
1279 3430 1375 3478 aut
1426 3425 1777 3478 seditionum
1816 3426 1958 3479 oriri
2006 3428 2178 3498 solet,

515 3514 793 3567 advocari
839 3531 905 3567 se
956 3516 1266 3584 cogitabat.
1321 3514 1630 3581 Caeterum,
1682 3515 1739 3566 in
1771 3514 1975 3567 itinere
2024 3514 2179 3569 haud

515 3603 723 3672 procul
753 3603 825 3654 ab
857 3604 990 3670 ipso
1023 3606 1217 3655 castro
1254 3602 1463 3655 obvios
1497 3602 1697 3655 habuit
1729 3603 2017 3673 quosdam
2049 3621 2175 3659 suae

513 3690 735 3746 militiae
774 3692 1095 3761 principes,
1114 3692 1265 3745 fidos
1288 3696 1681 3762 acceptosque
1701 3693 1837 3746 sibi.
1874 3692 1948 3745 Hi
1969 3709 2175 3763 repen-

513 3780 635 3835 tino
654 3796 888 3835 rumore
903 3784 958 3834 in
972 3782 1117 3834 urbe
1137 3780 1501 3852 ltothomago
1520 3797 1650 3851 quae
1670 3798 1869 3835 comes
1892 3782 2175 3836 Arcensis

511 3870 1168 3941 agitabataudierant,et
1184 3886 1316 3922 cum
1328 3870 1625 3939 equitibus
1641 3871 1919 3924 trecentis
1938 3874 2176 3941 quanto-

511 3959 642 4013 cius
661 3960 848 4012 Arcas
867 3963 1266 4027 accesserant,
1288 3959 1339 4012 si
1362 3960 1863 4013 conveelationem
1900 3958 2177 4013 frumenti

511 4050 569 4102 et
591 4048 832 4101 aliarum
857 4064 1050 4101 rerum
1075 4050 1277 4102 contra
1308 4048 1678 4101 obsidionem
1701 4049 2179 4103 necessariarum

508 4136 830 4207 prohibere
863 4137 1144 4191 valerent.
1180 4137 1396 4191 Verum
1427 4137 1528 4190 ubi
1560 4140 1964 4207 cognoverunt
1990 4138 2178 4190 maxi-

511 4241 640 4280 mas
672 4226 872 4295 cepias
910 4226 1154 4280 militum
1204 4227 1346 4279 inibi
1378 4228 1772 4296 congregatas
1802 4241 1959 4296 esse,
1996 4226 2175 4280 simul

507 4315 643 4385 quia
690 4316 1043 4382 metuebant,
1096 4316 1263 4384 ipsos
1304 4316 1474 4369 etiam
1497 4316 1596 4385 qui
1639 4330 1841 4369 secum
1891 4319 2177 4370 venerant

506 4403 862 4457 transituros
904 4404 1031 4456 fore
1079 4403 1148 4455 ad
1182 4404 1525 4457 societatem
1560 4404 1863 4472 \Villelmi,
1897 4408 2028 4459 ante
2061 4421 2170 4475 po—

2218 3121 2270 3185 Ο

2383 1831 2577 1885 Monet
2608 1832 2878 1902 equidem
2911 1833 3089 1903 digna
3120 1834 3268 1887 ratio
3300 1836 3360 1887 et
3377 1834 3488 1888 hoc
3510 1835 3771 1888 memoria:
3789 1849 3881 1903 pro-

2309 1921 2447 1974 dere
2484 1936 2656 1990 quam
2680 1921 2773 1989 pia
2796 1921 3149 1975 continentia
3173 1922 3399 1976 eadem
3421 1938 3642 1993 semper
3667 1923 3881 1985 vitaverit,

2308 2010 2422 2062 nisi
2442 2009 2652 2062 bellica
2684 2010 2741 2061 vi
2800 2012 2899 2063 aut
2918 2010 3028 2062 alia
3052 2010 3219 2081 gravi
3242 2010 3668 2065 necessitudine
3686 2014 3880 2081 urgente.

2309 2096 2553 2164 Exsilio,
2616 2113 2876 2160 carcere,
2937 2099 3071 2152 item
3123 2099 3239 2152 alia
3284 2099 3759 2153 animadversione
3795 2115 3882 2168 qua

2308 2186 2484 2238 vitam
2525 2201 2643 2239 non
2675 2186 2974 2255 adimeret,
3037 2187 3245 2241 ulcisci
3275 2189 3549 2254 malebat,
3597 2203 3741 2258 quos,
3766 2187 3883 2257 juxta

2307 2274 2480 2328 ritum
2515 2274 2641 2328 sive
2674 2276 2869 2346 legum
2894 2276 3179 2345 instituta,
3215 2279 3421 2332 caeteri
3450 2278 3721 2347 principes
3747 2276 3883 2347 gladio

2304 2364 2621 2430 absumunt
2652 2364 2791 2417 belli
2821 2366 3044 2434 captos,
3074 2365 3167 2418 vel
3214 2366 3375 2420 domi
3419 2367 3707 2420 criminum
3733 2366 3884 2433 capita-

2303 2452 2443 2507 lium
2493 2453 2840 2505 manifestos
2877 2469 2887 2505 :
2924 2452 3248 2507 salubriter
3278 2471 3543 2523 pensans
3584 2455 3673 2524 qui
3713 2452 3886 2506 Arbiter

2300 2556 2473 2609 quam
2505 2540 2847 2594 tremendus
2905 2543 3157 2595 terrenae
3210 2544 3522 2611 potestatis
3552 2546 3666 2595 acta
3696 2541 3885 2608 desuper

2299 2629 2638 2697 prospiciat,
2702 2629 3017 2682 moderata:
3068 2629 3401 2684 clementia}
3461 2635 3518 2685 ut
3568 2629 3883 2684 immoderate

2298 2718 2565 2785 saevitiae,
2601 2718 2876 2787 omnique
2916 2718 3265 2773 meritorum
3319 2720 3579 2790 qualitati
3609 2735 3703 2772 sua
3728 2718 3883 2786 quique

2295 2805 2645 2859 decernens.

2366 2894 2629 2948 Audiens
2659 2909 2802 2948 vero
2826 2911 2931 2949 rex
2961 2896 3258 2949 Henricus
3293 2897 3590 2951 inclusum
3619 2911 3738 2955 esse
3761 2892 3883 2962 cujus

2295 2984 2553 3037 vesaniae
2586 2983 2776 3037 fautor
2806 2986 2927 3037 erat
2951 2987 3125 3054 atque
3148 2986 3481 3053 consultor,
3508 2985 3757 3039 auxilium
3776 2982 3883 3035 ferre

2290 3072 2548 3140 festinat,
2570 3087 2804 3126 manum
2819 3073 3120 3126 adducens
3144 3078 3504 3128 armatorum
3521 3091 3629 3128 non
3644 3072 3879 3131 modicam,

2288 3161 2359 3213 ad
2393 3159 2506 3214 hoc
2537 3161 2755 3231 quibus
2785 3161 3051 3231 indigent
3080 3162 3316 3216 obsessi
3353 3163 3664 3233 complura.
3696 3156 3881 3214 Adducti

2286 3249 2344 3303 in
2376 3265 2542 3319 spem
2567 3250 2923 3303 memorandi
2944 3249 3224 3303 facinoris
3245 3252 3484 3321 quidam
3515 3267 3659 3306 exeo
3679 3251 3881 3315 humero,

2288 3340 2387 3408 qui
2406 3339 2463 3390 in
2499 3337 2777 3406 praesidio
2801 3338 2970 3391 ducis
3001 3338 3189 3392 relicti
3210 3341 3571 3409 custodiunt,
3596 3338 3879 3393 Francorum

2288 3427 2723 3480 adventantium
2764 3426 2976 3480 itinera
3011 3428 3319 3495 explorata
3361 3429 3634 3483 insidunt.
3690 3427 3746 3480 Et
3784 3437 3879 3478 ecce

2288 3530 2601 3569 numerosa
2632 3530 2770 3584 pars
2804 3515 3000 3568 minus
3041 3516 3195 3570 cauti
3223 3518 3612 3587 excipiuntur.
3643 3515 3880 3586 lngelran-

2287 3620 2399 3658 nus
2431 3604 2662 3658 Pontivi
2686 3619 2907 3671 comes,
2938 3605 3240 3659 nobilitate
3266 3608 3448 3660 notus
3487 3622 3555 3660 ac
3597 3602 3879 3663 fortitudine,

2287 3696 2343 3747 et
2371 3708 2503 3746 cum
2535 3708 2604 3746 eo
2634 3691 3012 3762 quamplures
3051 3692 3163 3746 viri
3196 3695 3482 3749 nominati
3520 3694 3875 3748 interimuntur.

2290 3781 2460 3853 llugo
2495 3780 2890 3850 Bardulphus,
2932 3781 3063 3851 ipse
3098 3782 3236 3836 item
3268 3783 3362 3836 vir
3399 3800 3663 3855 magnus,
3695 3780 3877 3849 capitur.

2283 3869 2649 3923 Perveniens
2678 3874 2873 3924 tamen
2902 3886 3019 3940 quo
3057 3870 3143 3924 ire
3183 3871 3516 3926 intenderat
3546 3887 3664 3939 rex,
3694 3881 3878 3923 exacer-

2290 3958 2618 4013 batissimis
2651 3959 2862 4012 animis
2910 3974 3139 4013 summa
3169 3960 3224 4012 vi
3258 3961 3601 4030 praesidium
3627 3956 3878 4019 attentavit,

2289 4046 2654 4100 \Villelmum
2685 4048 2756 4102 ab
2789 4049 3072 4103 aerumnis
3101 4049 3185 4102 uti
3215 4050 3491 4118 eriperet,
3515 4049 3713 4120 pariter
3728 4046 3877 4098 decre-

2286 4140 2543 4190 mentum
2576 4137 2670 4190 sui
2709 4140 2970 4208 stragem
3015 4153 3260 4191 suorum
3309 4139 3650 4192 vindicaret.
3692 4132 3787 4189 Sed
3810 4128 3878 4184 ubi

2284 4225 2585 4296 negotium
2641 4226 2880 4279 difficile
2936 4226 3347 4281 animadvertit
3387 4228 3619 4298 (quippe
3667 4221 3876 4279 inimicos

2279 4314 2532 4382 impetus
2592 4314 2764 4367 facile
2839 4313 3240 4369 toleraverunt
3295 4316 3525 4369 castelli
3589 4311 3877 4368 munimenta

2278 4406 2334 4455 et
2363 4402 2608 4456 militum
2639 4402 2830 4456 virtus
2860 4419 3028 4472 aeque
3057 4403 3293 4472 valida),
3328 4420 3402 4458 ne
3461 4407 3688 4458 cruenta
3735 4398 3873 4452 morte

506 4491 649 4547 steri
681 4490 798 4544 diei
828 4495 1021 4544 ortum
1051 4492 1162 4559 (sic
1202 4492 1289 4545 eis
1339 4493 1661 4545 amicorum
1692 4494 1887 4563 Opinio
1936 4499 2167 4549 secreto
2197 4469 2255 4536 ο
2277 4494 2331 4543 et
2363 4491 2631 4560 pudenda
2663 4490 2800 4561 fuga
2832 4491 3167 4562 pelleretur,
3194 4492 3358 4546 abire
3390 4491 3705 4557 maturavit,
3734 4487 3871 4541 decus

509 4580 893 4651 praedixerat)
925 4580 1105 4633 ditﬁsi
1137 4597 1308 4650 quam
1359 4582 1639 4634 ocissime
1693 4582 1978 4637 redibant.
2024 4584 2166 4639 Haec

500 4670 786 4737 referunt,
821 4673 995 4738 atque
1029 4669 1140 4737 ipsi
1174 4673 1232 4722 ut
1263 4671 1584 4723 exercitum
1617 4671 1990 4739 praestoletur
2020 4689 2164 4726 con-

500 4760 699 4815 silium
733 4758 868 4811 dant
901 4774 911 4811 :
949 4758 1162 4811 etenim
1195 4760 1327 4829 ejus
1360 4763 1582 4827 partem
1632 4761 1763 4829 plns
1805 4776 1975 4831 quam
2010 4762 2162 4815 fama

498 4848 1405 4919 divulgaveritdeseri,viciniam
1428 4864 1571 4916 pene
1596 4864 1828 4902 omnem
1860 4849 1915 4901 in
1946 4850 2160 4903 adver-

497 4939 637 4993 sarii
702 4936 964 4990 favorem
1015 4936 1360 5005 concedere,
1423 4936 1669 4990 ulterius
1722 4954 1974 5009 pergere
2025 4954 2157 4992 cum

493 5027 700 5096 paucis
731 5027 905 5080 nimis
930 5026 1329 5096 periculosum
1349 5041 1505 5078 esse.
1547 5026 1619 5078 At
1641 5026 1966 5080 constantia
1998 5028 2156 5081 illius

494 5115 731 5169 minime
768 5115 861 5168 his
893 5115 963 5167 ad
991 5130 1268 5184 pavorem
1311 5119 1403 5168 est
1434 5118 1607 5183 mota,
1652 5115 1744 5168 vel
1777 5115 1845 5168 ad
1880 5115 2154 5169 diffiden-

489 5201 648 5256 tiam.
676 5203 822 5258 Nam
840 5221 945 5258 eos
979 5206 1335 5258 confirmans
1368 5204 1477 5257 hoc
1511 5219 1823 5273 responso,
1849 5204 1993 5257 nihil
2026 5206 2155 5275 qui-

493 5290 626 5345 dem
655 5292 909 5347 rebelles
958 5294 1017 5346 in
1048 5310 1113 5347 se
1153 5309 1285 5347 eum
1330 5295 1686 5361 praesentem
1734 5293 2151 5362 conspexerint

489 5391 780 5451 ausuros;
846 5395 986 5434 mox
1034 5385 1311 5450 quantum
1363 5382 1612 5436 calcaria
1667 5396 1881 5451 equum
1930 5397 2150 5452 cogere

482 5466 748 5534 poterant
770 5468 1118 5529 accelerans
1143 5472 1421 5538 perrexit.
1449 5471 1584 5543 Egit
1614 5485 1748 5524 eum
1769 5470 2004 5540 propria
2024 5470 2151 5524 for-

470 5550 1041 5634 titudofeucitatem
1072 5556 1123 5609 ei
1151 5559 1423 5629 promisit
1448 5559 1613 5634 justa
1654 5574 1852 5616 causa.
1888 5558 1957 5614 Et
1986 5574 2148 5633 ecce,

2272 4580 2497 4633 nullum
2545 4580 2811 4649 adeptus,
2869 4580 2983 4633 nisi
3043 4579 3194 4634 forte
3244 4580 3525 4637 decorum
3566 4580 3725 4634 fuerit
3763 4586 3868 4645 quo'

2272 4683 2403 4721 rum
2458 4668 2692 4722 advenit
2739 4683 2917 4722 causa
2965 4669 3221 4736 inopiam
3283 4669 3573 4739 stipendio
3620 4664 3867 4723 minuisse,

2275 4757 2557 4811 militibus
2587 4772 2897 4811 numerum
2917 4757 3178 4811 auxisse.
3213 4758 3480 4813 Reverso
3511 4759 3638 4811 dein
3664 4754 3726 4808 ad
3752 4748 3868 4805 obsi-

2271 4847 2504 4900 dionem
2537 4846 2705 4913 duce,
2749 4848 2805 4899 et
2843 4846 3093 4915 qualiter
3130 4846 3312 4900 otium
3343 4846 3577 4917 aliquod
3599 4838 3867 4914 jucundum

2273 4935 2556 4990 celebrari
2614 4934 2784 5001 solet,
2831 4935 2888 4987 in
2942 4934 3247 5004 procinctu
3307 4935 3639 5005 aliquandiu
3675 4928 3864 4985 morato,

2270 5025 2443 5079 famis
2502 5023 2837 5090 acrimonia,
2893 5024 3116 5077 saevius
3165 5027 3221 5077 et
3279 5025 3501 5078 arctius
3532 5036 3692 5093 quam
3728 5012 3864 5070 armis

2268 5129 2510 5185 urgens,
2546 5128 2726 5182 prope
2753 5110 2879 5181 jam
2913 5112 3289 5182 expugnavit.
3329 5112 3452 5166 Rex
3485 5112 3663 5166 denuo
3690 5104 3863 5161 accitus

2264 5203 2444 5255 multo
2478 5204 2533 5255 et
2565 5201 2776 5254 misere
2796 5201 3047 5270 supplici
3068 5201 3288 5267 nuntio,
3314 5202 3518 5255 venire
3539 5197 3755 5255 abnuit;
3780 5205 3861 5243 sll-

2264 5291 2551 5361 periorem
2574 5305 2776 5343 casum
2807 5292 3105 5359 reputans,
3148 5290 3337 5361 magis
3367 5304 3571 5359 aspera
3608 5282 3861 5354 magisque

2260 5379 2653 5450 ignominiosa
2685 5381 2971 5431 metuens.
3014 5378 3211 5432 Cernit
3239 5377 3472 5432 tandem
3500 5373 3852 5447 angustiarum

2259 5469 2426 5523 oculo
2449 5469 2634 5538 papiae
2673 5469 2875 5535 partus
2900 5466 3160 5536 rapiendi
3188 5470 3390 5521 contra
3408 5466 3691 5521 dominum
3722 5468 3857 5513 suum

2256 5558 2618 5630 principatus
2636 5555 2966 5627 cupidinem
2984 5556 3379 5613 malesuadam
3401 5558 3849 5627 esse,sacramen-
