4074 6150
164 236 321 300 1229

1746 234 2040 297 GESTA.

3441 242 3598 306 1230

150 441 263 490 tum
295 439 392 489 aut
434 435 609 490 fidem
642 437 863 491 violare
894 437 955 490 ut
986 435 1269 506 iniquum,
1322 435 1409 487 sic
1461 435 1807 504 plerumque
1841 419 1894 481 Α
1920 434 2029 487 ciis
2060 434 2261 488 multis
2291 434 2642 503 praesideret
2677 436 3036 504 potentibus,
3090 453 3338 508 quarum
3370 440 3594 494 domini

148 524 543 594 perniciosum
572 540 584 578 :
618 526 783 594 pacis
818 540 1025 578 nomen
1058 524 1339 578 blandum
1367 528 1421 576 et
1453 523 1644 591 dulce,
1684 538 1806 576 rem

149 614 331 682 ipsam
378 613 642 683 profecto
682 613 1009 682 jucundam
1067 616 1122 667 et
1174 613 1510 666 salutarem.
1561 612 1805 663 Damnat

147 702 271 771 ipse
302 718 423 770 prae
450 701 680 755 cunctis
710 701 952 754 nimium
976 701 1165 754 audax
1197 701 1534 768 incoeptum,
1560 699 1803 753 demen-

146 790 436 844 tissimum
468 790 802 855 consilium,
836 790 1142 843 ruinosum
1174 788 1411 842 factum.
1438 788 1606 842 Dolet
1622 802 1804 839 arma-

142 883 257 930 tum
302 893 371 931 se
419 878 477 929 in
522 879 702 930 arctis
747 879 982 929 aretari.
1034 876 1347 945 lmpetrant
1396 874 1801 944 supplicantes

145 966 495 1019 deditionem
524 965 746 1034 accipi;
798 968 1013 1033 praeter
1042 964 1214 1017 vitam
1250 964 1390 1016 nihil
1422 963 1578 1017 aliud
1612 978 1802 1033 neque

146 1054 458 1109 honestum
489 1069 679 1124 neque
712 1054 852 1107 utile
885 1054 1058 1123 pacti.
1094 1052 1178 1105 Eu
1199 1052 1798 1121 spectaculumtriste,

145 1142 323 1196 letum
344 1142 704 1197 miserabile.
737 1143 1065 1211 Properant
1082 1142 1229 1194 ultra
1262 1158 1435 1212 quam
1452 1143 1613 1194 vires
1636 1141 1803 1193 inva-

142 1231 276 1285 lidae
334 1231 632 1285 sufﬁciant
691 1231 903 1285 famosi
967 1231 1139 1301 paulo
1197 1234 1328 1284 ante
1386 1230 1614 1299 equites
1670 1245 1802 1282 cum

142 1320 565 1374 Northmannis
596 1321 847 1374 evadere
878 1319 1111 1386 Franci,
1141 1334 1259 1373 non
1290 1320 1485 1372 minus
1512 1319 1801 1372 dedecore

141 1424 314 1479 quam
344 1408 539 1461 inedia
572 1408 907 1462 cervicibus
941 1409 1228 1476 contusis,
1266 1424 1403 1476 pars
1432 1408 1489 1460 in
1513 1406 1800 1476 jumentis

141 1496 428 1551 famelicis
459 1512 592 1567 quin
624 1496 836 1566 pedum
869 1513 1052 1551 cornu
1084 1496 1309 1551 modice
1341 1497 1436 1549 vel
1476 1498 1757 1550 sonarent
1784 1536 1797 1563 ,

139 1586 225 1638 vel
256 1584 564 1654 pulverem
588 1584 929 1651 excitarent,
964 1585 1290 1654 pendentes
1320 1600 1331 1638 :
1357 1600 1496 1653 pars
1528 1584 1722 1637 ocreis
1745 1586 1802 1638 et

135 1672 467 1726 calcaribus
514 1673 701 1726 ornati
760 1671 996 1726 insolito
1030 1673 1305 1725 comitatu
1357 1672 1697 1725 incedentes
1746 1674 1802 1724 et

1919 524 2017 575 aut
2038 526 2304 576 rectores
2326 522 2549 576 militiae
2570 538 2697 577 suae
2716 529 2920 579 essent
2936 525 3295 595 administri;
3320 530 3591 582 comitem

1920 609 2287 663 Willelmum
2334 626 2509 664 suum
2548 627 2658 664 nec
2711 613 2964 667 amicum
3003 630 3110 667 nec
3165 616 3423 681 militem,
3479 619 3585 670 sed

1920 698 2154 751 hostem
2179 713 2341 767 esse;
2366 698 2851 753 Northmanniam
2872 717 3003 771 quae
3018 703 3130 755 sub
3152 704 3395 773 regibus
3417 706 3594 759 Fran-

1927 801 2131 839 corum
2169 786 2289 857 egit
2320 802 2395 839 ex
2426 787 2685 856 antiquo,
2715 804 2898 858 prope
2932 790 2989 841 in,
3022 807 3267 860 regnum
3289 798 3547 845 evectum
3574 811 3586 863 ;

1924 874 2294 944 superiorum
2327 875 2458 944 ejus
2491 876 2767 929 comitum
2807 894 3136 947 quanquam
3171 880 3352 933 ardua
3385 882 3589 935 value-

1919 963 2275 1015 rintnullum
2296 962 2354 1016 in
2375 963 2506 1017 haec
2530 980 2673 1017 ausa
2704 964 2945 1018 illatum.
2976 966 3370 1022 (londolentes
3392 970 3450 1022 in
3489 986 3587 1023 ca-

1917 1052 2048 1105 dem
2068 1052 2805 1118 't'edbaldus,Pictavorum
2830 1055 3426 1125 coxncs,;Gaufredus,
3450 1059 3585 1112 item

1914 1140 2129 1210 reliqui
2152 1145 2475 1193 summates
2499 1142 2751 1211 quadam
2774 1143 3020 1211 insuper
3041 1143 3443 1214 indignatione
3462 1148 3583 1215 pri-

1915 1233 2047 1281 vata
2064 1228 2496 1282 intolerandum
2519 1230 2812 1283 ducebant
2831 1246 2972 1284 sese
2989 1233 3173 1302 regis,
3210 1249 3581 1305 quocumque

1914 1318 2136 1386 praevia
2168 1321 2466 1386 vocarent,
2499 1317 2693 1387 signis
2733 1334 2971 1387 parere;
3024 1320 3386 1375 \Villelmum
3430 1323 3579 1377 Nor-

1911 1406 2321 1459 thmannerum
2352 1421 2723 1476 nequaquam
2755 1423 2860 1474 pro
2883 1423 3045 1479 rege,
3077 1408 3183 1462 sed
3217 1410 3579 1465 confidenter

1910 1500 2083 1563 atque
2106 1494 2509 1548 indesinenter
2524 1495 2596 1547 ad
2619 1493 2752 1563 ejus
2777 1496 3237 1565 magnitudinem
3264 1514 3439 1568 quam
3469 1500 3577 1552 ali-

1908 1585 2185 1652 quantum
2239 1582 2476 1651 attrivit,
2528 1583 2776 1636 ulterius
2825 1586 3202 1654 atterendam,
3252 1586 3343 1640 vel
3377 1589 3431 1641 si
3463 1604 3579 1659 qua

1910 1671 2003 1723 via
2044 1671 2232 1724 valeat
2275 1670 2695 1725 conterendam
2729 1672 2788 1724 in
2818 1672 3001 1725 armis
3030 1674 3579 1744 agitare.Praeterea

137 1776 341 1815 eorum
358 1760 625 1831 plerique
641 1760 847 1814 sellam
872 1763 1208 1830 equestrem
1229 1760 1477 1813 incurvo
1499 1759 1802 1831 languido-
1828 1795 1872 1854 Β
1910 1759 2341 1827 concupiebant
2368 1759 2855 1813 Northmanniam
2885 1764 2981 1814 aut
3015 1761 3148 1831 ejus
3191 1766 3416 1830 partem
3451 1766 3578 1835 qui-

134 1865 246 1920 que
272 1849 474 1918 dorso,
506 1849 771 1903 nonnulli
804 1849 997 1902 solum
1030 1864 1095 1903 se
1127 1848 1451 1902 nutabundi
1488 1849 1590 1902 vix
1620 1863 1797 1918 epor-

135 1940 350 1991 tantes.
388 1937 523 1991 Erat
555 1937 692 1991 item
723 1952 972 1991 cernere
1005 1937 1392 1991 calamitatem
1422 1936 1571 1991 levis
1604 1953 1797 1990 arma-

135 2031 284 2079 turze
315 2041 459 2096 egre
503 2025 679 2079 ientis
702 2024 912 2079 faedam
946 2041 1012 2078 ac
1044 2025 1586 2079 var1am.Miserans
1611 2024 1797 2079 infor-

134 2114 294 2167 tunia
319 2113 500 2184 hujus
517 2128 770 2184 quoque,
790 2116 852 2167 ut
871 2113 1098 2183 pridem
1113 2112 1418 2183 Guidonis,
1446 2114 1799 2168 celebranda

134 2202 308 2256 ducis
340 2203 667 2256 clementia.
715 2201 915 2256 Noluit
959 2206 1251 2257 extorrem
1281 2206 1335 2255 et
1373 2203 1605 2271 inopem
1653 2218 1797 2257 casu

133 2292 331 2363 magis
374 2291 646 2360 pudendo
678 2291 950 2359 cruciari,
985 2290 1092 2344 sed
1115 2307 1246 2345 cum
1265 2291 1451 2361 gratia
1474 2295 1531 2345 et
1551 2307 1793 2360 posses-

133 2380 410 2434 sionibus
444 2380 797 2449 quibusdam
822 2379 1054 2448 amplis,
1088 2384 1262 2450 atque
1295 2380 1609 2434 multorum
1633 2380 1793 2434 redi-

128 2471 316 2536 tuum,
386 2469 631 2537 patriam
699 2468 754 2521 ei
829 2467 1147 2537 concessit;
1209 2466 1510 2522 sestimans
1568 2473 1794 2522 rectum

128 2557 331 2626 potius
361 2557 419 2609 in
452 2572 520 2611 eo
542 2559 813 2627 patruum
833 2556 1157 2625 reminisci,
1181 2571 1357 2625 quam
1386 2557 1795 2611 adversarium

124 2645 433 2700 insectari.

199 2733 268 2787 In
280 2735 413 2803 ipsa
429 2750 595 2788 mora
609 2733 963 2789 obsidionali
982 2733 1520 2788 Northmannorum
1533 2734 1725 2805 aliqua
1734 2752 1793 2788 n-

124 2825 164 2876 ti
190 2822 555 2891 potentiores
576 2839 608 2876 a
628 2824 776 2876 duce
790 2822 861 2876 ad
890 2838 1094 2893 regem
1119 2822 1482 2891 defecerunt,
1508 2839 1659 2894 quos
1669 2824 1795 2894 jam

125 2915 299 2966 antea
326 2911 783 2981 conspirationis
813 2911 1220 2965 rebellantium
1244 2912 1574 2982 occultique
1604 2911 1794 2966 fuisse

125 3001 441 3071 adjutores
480 3000 772 3070 opinabile
821 3004 962 3054 erat.
996 2999 1463 3054 Malevolentiam
1512 3016 1626 3071 qua
1658 3001 1795 3054 olim

128 3093 336 3144 contra
370 3088 647 3142 infantem
683 3088 913 3143 fuerant
955 3088 1156 3157 inﬂati,
1191 3088 1449 3143 nondum
1480 3105 1794 3144 evomuere

1907 1848 2040 1900 dam
2072 1848 2234 1919 regis
2266 1847 2537 1918 proximi.
2576 1848 2647 1900 Hi
2681 1849 2851 1918 quasi
2901 1848 3063 1903 faces
3096 1850 3576 1922 ﬂagrantissimae

1908 1952 2111 2007 regem
2140 1935 2531 1991 incendebant
2562 1940 2617 1990 et
2646 1938 2966 2006 principes.

1980 2025 2097 2078 Eas
2130 2026 2203 2080 ob
2249 2041 2347 2080 res
2392 2029 2526 2094 post
2572 2026 3059 2082 consultationem
3092 2029 3351 2084 infausto
3383 2032 3577 2086 omine

1908 2116 2415 2181 communicatam,
2446 2114 2637 2167 edicto
2660 2114 2826 2184 regio
2857 2115 3075 2169 bellum
3096 2116 3366 2187 jubente,
3398 2120 3573 2174 innu—

1912 2202 2342 2256 merosissimae
2358 2202 2543 2270 copiae
2558 2201 2614 2253 in
2630 2202 3115 2257 Northmanniam
3131 2206 3418 2275 expeditae
3435 2213 3577 2261 sunt

1916 2290 2334 2361 Burgundiam,
2360 2290 2728 2359 Arverniam,
2751 2294 2923 2360 atque
2953 2291 3336 2346 \Vaseoniam
3355 2310 3571 2364 prope-

1914 2395 2048 2435 rare
2073 2378 2307 2432 videres
2332 2377 2646 2431 horribiles
2668 2377 2855 2447 ferro;
2894 2379 3008 2433 imo
3032 2380 3191 2433 vires
3214 2383 3355 2436 tanti
3376 2385 3565 2454 regni,

1912 2472 2190 2541 quantum
2214 2467 2272 2520 in
2294 2465 2521 2519 climata
2556 2466 2756 2519 mundi
2779 2472 3029 2537 quatuor
3044 2472 3526 2541 patentﬁcunctas
3554 2491 3568 2544 ;

1914 2558 2222 2613 Franciam
2253 2561 2445 2609 tamen
2477 2556 2533 2608 et
2561 2555 2918 2609 Britanniam
2957 2561 3174 2627 quanto
3228 2561 3402 2615 nobis
3434 2562 3572 2616 vici-

1909 2647 2110 2701 niores
2139 2647 2296 2698 tanto
2325 2644 2631 2698 ardentius
2671 2644 2941 2699 infectas.
2989 2646 3209 2701 Julium
3247 2647 3567 2719 Caesarem,

1906 2736 2001 2790 vel
2030 2722 2286 2789 bellandi
2316 2733 2652 2801 peritiorem
2693 2734 2969 2805 aliquem,
3002 2736 3055 2790 si
3090 2735 3266 2791 fuerit
3304 2739 3567 2810 peritior,

1905 2824 2202 2878 exercitus
2236 2821 2485 2876 Romani
2530 2822 2760 2891 ducem,
2811 2837 2886 2876 ex
2916 2824 3072 2878 mille
3101 2827 3439 2882 nationibus
3472 2845 3568 2883 co-

1910 2912 2021 2966 acti
2041 2912 2198 2980 olim,
2233 2911 2369 2964 dum
2403 2911 2587 2963 Roma
2616 2911 3033 2964 ﬂorentissima
3058 2914 3213 2968 mille
3240 2917 3569 2983 provinciis

1911 3000 2330 3069 imperitasset,
2354 2997 2534 3067 hujus
2566 2999 2820 3068 agnimis
2843 2998 3200 3055 immanitate
3218 3004 3432 3057 terreri
3460 3020 3570 3072 po-

1906 3090 2100 3142 tuisse
2128 3086 2464 3141 afﬁrmaris.
2511 3086 2800 3140 Nimirum
2845 3088 3100 3158 concipit
3142 3106 3421 3159 pavorem
3466 3092 3567 3145 ali-

126 3182 330 3232 totam.
366 3177 583 3232 Eorum
638 3193 670 3231 e
701 3178 1001 3232 consortio
1044 3177 1412 3231 Guimundus
1460 3179 1792 3247 praesidens
1820 3152 1863 3211 Ο
1916 3175 2895 3248 quantumtcrranostraEcclesiae
2913 3180 3175 3231 metuunt
3196 3178 3573 3249 inquietanda

127 3266 462 3335 munitioni,
495 3281 667 3337 quam
701 3266 1066 3320 Molendinas
1098 3266 1409 3336 appellant,
1445 3267 1505 3320 in
1539 3283 1790 3321 manuus

126 3355 297 3427 regis
332 3370 462 3408 eam
491 3355 667 3425 dedit,
702 3355 979 3425 Imposita
1011 3359 1102 3409 est
1142 3355 1306 3426 regia
1333 3355 1569 3410 cohors.
1604 3357 1791 3411 Guido

126 3444 319 3498 frater
351 3444 581 3497 comitis
624 3442 994 3497 Pictavensis
1025 3442 1304 3497 Willelmi
1333 3447 1505 3515 atque
1535 3446 1794 3515 impera-

125 3532 298 3586 tricis
324 3533 605 3585 Romamre
645 3535 700 3585 et
731 3548 863 3585 cum
895 3547 965 3585 eo
996 3532 1111 3585 viri
1139 3532 1422 3588 militares
1455 3539 1630 3604 atque
1662 3534 1798 3588 illu-

126 3626 314 3676 stres.
348 3621 568 3675 Verum
589 3624 644 3675 et
666 3622 723 3687 ii,
747 3625 803 3674 et
821 3621 1023 3692 quiqui
1040 3621 1186 3676 alias
1209 3622 1400 3676 relicti
1419 3626 1557 3677 sunt
1573 3640 1605 3676 a
1619 3622 1796 3677 Fran-

124 3712 241 3775 cis,
278 3725 412 3764 cum
429 3710 657 3764 deditas
682 3724 821 3764 esse
845 3710 1278 3779 comperissent
1295 3711 1628 3764 Archarum
1648 3711 1797 3765 late-

121 3798 298 3866 bras,
324 3810 463 3850 sese
492 3796 716 3851 nostris
742 3795 884 3867 fuga
906 3796 1253 3851 furatisunt.
1291 3797 1798 3851 Northmanniau-

122 3889 247 3940 tem
304 3885 585 3953 puniendi
618 3884 766 3956 lege
806 3884 1276 3956 transfugarum,
1324 3885 1441 3939 levi
1482 3901 1653 3955 pcena
1702 3888 1803 3940 aut

124 3974 296 4029 nulla
328 3973 565 4028 domino
597 3988 708 4028 suo
738 3973 1101 4028 reconciliati
1121 3977 1278 4042 sunt,
1313 3974 1425 4027 rati
1453 3974 1648 4028 nullas
1673 3972 1795 4045 jam

128 4078 283 4134 opes
316 4062 409 4115 vel
439 4062 688 4116 astutias
711 4065 915 4116 contra
946 4077 1080 4116 eum
1110 4062 1237 4115 fore
1269 4062 1567 4116 efficaces.

198 4151 249 4203 V
272 4151 641 4205 ehementuis
664 4156 798 4221 post
819 4151 1020 4205 hacin
1033 4151 1463 4206 aemulationem
1487 4152 1798 4222 exardere,

124 4255 407 4310 novoque
456 4241 677 4295 moveri
712 4240 962 4294 tumultu
990 4240 1237 4294 Francia
1267 4241 1460 4310 coepit.
1496 4241 1801 4312 Principes

133 4329 429 4398 universi,
466 4345 597 4383 cum
622 4329 1197 4399 rege,Northmanno
1225 4330 1477 4399 principi
1508 4345 1583 4383 ex
1612 4330 1802 4383 inimi-

128 4419 244 4488 cis,
273 4416 399 4488 jam
422 4417 840 4471 inimicissimi.
874 4417 1062 4470 Anxie
1085 4419 1344 4473 tumebat
1364 4420 1422 4471 in
1438 4434 1642 4473 eorum
1672 4434 1799 4471 ma-

1912 3270 2041 3322 fore
2068 3267 2181 3321 otia
2202 3268 2425 3318 sanctae
2456 3264 3083 3335 religionis,stipondia
3102 3284 3210 3321 sua
3235 3283 3307 3321 ex
3326 3269 3570 3324 libidine

1907 3360 2258 3413 armatorum
2273 3354 2615 3422 diripienda,
2633 3355 2905 3424 quamvis
2936 3356 3261 3410 orationum
3286 3358 3565 3425 praesidio

1911 3448 2203 3501 certantes
2218 3442 2715 3498 confidant.Plebs
2739 3444 2961 3497 urbana
2979 3448 3035 3497 et
3052 3446 3570 3515 agrestis,necnon

1908 3531 2516 3606 quicunqueimbellis
2535 3531 2803 3585 etminus
2828 3534 3299 3603 tirmus,solliciti
3334 3538 3471 3589 sunt
3503 3552 3571 3589 ac

1907 3622 2142 3692 trepidi;
2177 3622 2381 3675 timent
2410 3621 2546 3689 sibi,
2595 3620 2902 3689 uxoribus,
2934 3622 3160 3691 liberis,
3197 3624 3379 3678 rebus
3415 3624 3565 3692 suis,

1910 3726 2042 3765 cum
2089 3710 2235 3763 adeo
2265 3724 2477 3779 gavem
2500 3709 2730 3763 hostem
2753 3709 2985 3762 timoris
3010 3711 3181 3765 modo
3227 3712 3575 3782 ampliorem

1912 3814 2087 3870 quam
2117 3798 2196 3850 sit
2242 3796 2576 3851 metiuntur.
2610 3798 2684 3850 At
2714 3813 2846 3850 cum
2901 3800 3363 3853 reminiscuntur
3391 3815 3567 3870 quem

1909 3886 2163 3941 habeant
2183 3887 2702 3955 propugnatorem,
2728 3901 2901 3954 quam
2921 3885 3227 3944 luctuosas
3250 3888 3454 3958 patriae
3475 3905 3569 3942 ca-

1908 3974 2200 4028 lamitates
2232 3973 2424 4026 adhuc
2454 3972 2829 4040 adolescens,
2864 3973 2957 4026 vel
2970 3976 3574 4048 puerpotius,magno

1912 4061 2559 4131 consilio,maximaque
2592 4061 2803 4114 virtute
2837 4062 3283 4132 sustulerit,spe
3308 4064 3575 4118 timorem

1911 4151 2157 4219 leniunt,
2187 4149 2563 4203 afﬂictionem
2594 4148 2805 4201 ﬁducia
2826 4148 3454 4203 consolantur.Verum
3482 4151 3579 4203 ad-

1911 4239 2197 4294 mirandae
2230 4239 2576 4292 censtantiae
2590 4237 2708 4290 dux
2728 4237 3061 4292 Willelmus
3093 4237 3249 4291 nulla
3266 4238 3577 4307 perculsus

1912 4328 2244 4397 formidine,
2271 4327 2400 4396 regi
2421 4327 2521 4396 qui
2556 4326 2740 4379 robur
2767 4327 3082 4380 immanius
3111 4328 3240 4397 ipse
3272 4326 3578 4397 ducit,jam

1909 4417 1971 4471 in
1992 4417 2535 4485 Rothomagensem
2566 4431 2640 4468 ex
2663 4414 3015 4468 Ebroicensi
3032 4431 3179 4487 sago
3202 4415 3429 4469 sensim
3444 4431 3578 4485 pro-

128 4486 348 4561 levolis
377 4507 676 4561 mentibus
729 4508 942 4560 vulnus
974 4508 1274 4577 praecipue
1323 4507 1604 4577 invidum,
1648 4506 1806 4576 quod
1913 4506 2386 4577 cedenti,magno
2411 4506 2603 4558 animo
2627 4519 2765 4558 sese
2790 4503 3045 4558 festinus
3082 4486 3322 4575 opponit
3347 4521 3357 4558 :
3382 4507 3576 4558 trans-

126 4600 407 4650 recenter
451 4595 758 4665 sauciavit,
795 4610 957 4650 mors
1001 4595 1339 4665 lngelranni
1372 4595 1602 4649 comitis
1657 4598 1713 4648 et
1744 4596 1803 4648 in

130 4685 347 4739 eodem
380 4684 654 4738 conﬂictu
673 4684 1206 4753 iuterremptoruin.
1226 4684 1455 4738 Acerbe
1475 4683 1803 4737 inﬂamma-

132 4773 235 4827 bat
252 4788 362 4827 eos
376 4772 660 4827 memoria
674 4776 922 4827 eventus
940 4773 1397 4843 Andegavorum
1417 4772 1646 4827 comitis
1664 4772 1807 4826 Gau-

139 4862 318 4929 fredi,
354 4862 586 4933 depulsi
617 4862 1132 4916 dudumWillelmi
1163 4862 1387 4931 clypeo,
1413 4861 1664 4930 qualiter
1686 4876 1804 4914 me-

131 4951 523 5020 moravimus,
558 4950 924 5019 aliorumque
954 4965 1072 5003 non
1119 4949 1334 5003 modici
1366 4950 1594 5003 numeri
1625 4949 1807 5003 detri-

126 5044 485 5108 mentorum,
505 5043 679 5109 atque
711 5039 1066 5093 dedecorum
1094 5038 1446 5092 inﬂictorum
1479 5038 1566 5093 eis
1596 5039 1809 5093 virtute

128 5129 618 5184 Northmannica.
674 5128 999 5182 Inimicitiae
1030 5143 1247 5182 causas
1276 5129 1571 5182 veraciter
1601 5128 1805 5197 expla-

134 5233 373 5285 namus,
407 5232 474 5270 ac
506 5217 756 5286 pleniter
803 5231 910 5270 rex
943 5217 1237 5288 egerrime
1273 5215 1500 5270 ferebat
1559 5220 1615 5271 et
1645 5217 1805 5271 velut

136 5306 555 5360 contumeliam
600 5320 768 5360 suam
800 5304 1124 5360 difﬁniebat
1155 5321 1331 5376 quam
1362 5306 1613 5360 maxime
1660 5305 1806 5359 ulci-

133 5393 444 5465 scendam,
478 5410 611 5448 cum
643 5395 1057 5464 imperatorem
1089 5395 1438 5463 Romanum,
1464 5410 1580 5465 quo
1609 5394 1804 5464 majus

132 5483 419 5554 potentiae
462 5484 589 5538 sive
622 5480 925 5555 dignitatis
984 5498 1199 5538 nomen
1227 5484 1287 5537 in
1317 5485 1459 5538 orbe
1516 5488 1809 5537 terrarum

122 5574 288 5629 aliud
319 5588 437 5629 non
468 5576 593 5648 est,
625 5574 879 5629 amicum
909 5575 967 5630 et
996 5573 1230 5630 socium
1262 5572 1533 5641 haberet,
1566 5572 1811 5644 provin-

1912 4596 2224 4650 adversam
2247 4595 2431 4663 ripam
2455 4594 2745 4664 Sequanae
2762 4597 2983 4663 partem
2998 4609 3240 4647 suarum
3253 4593 3575 4663 copiarum,

1915 4684 2223 4738 uthostem
2242 4683 2620 4736 distributum
2637 4683 3152 4752 praenovit,contra
3190 4680 3580 4752 dirigens.Sic

1917 4773 2070 4827 enim
2093 4772 2447 4840 dispositum
2479 4774 2571 4825 est
2598 4770 2908 4837 industria,
2935 4786 3065 4840 quae
3103 4770 3345 4823 multum
3376 4769 3581 4838 profu-

1921 4865 2051 4915 tura
2070 4861 2438 4931 sperabatur,
2466 4864 2529 4913 ut
2553 4864 2808 4931 quantus
2840 4860 3010 4913 miles
3058 4859 3207 4911 inter
3248 4858 3582 4927 Sequanam

1925 4954 1980 5003 et
2008 4950 2361 5003 Garumnam
2384 4949 2598 5003 ﬂuvios
2617 4948 3172 5018 colligeretur,quas
3191 4950 3402 5017 gentes
3424 4946 3577 4999 mul-

1919 5043 2013 5093 tas
2040 5054 2156 5093 uno
2170 5039 2403 5092 nomine
2417 5037 2757 5108 Celtigallos
2771 5036 3080 5106 appellant,
3104 5035 3141 5087 ii
3172 5051 3283 5088 nos
3306 5034 3417 5087 hac
3441 5050 3583 5106 rege

1920 5128 2050 5197 ipso
2069 5127 2217 5180 duce
2235 5126 2602 5195 invaderent,
2627 5125 2759 5177 illac
2773 5139 2914 5177 vero
2935 5124 3186 5177 ducibus
3211 5122 3387 5177 fratre
3420 5123 3583 5194 regis

1918 5216 2119 5270 Odoue
2178 5219 2234 5269 et
2296 5214 2577 5269 Bainaldo
2635 5213 3121 5282 familiarissime,
3178 5212 3333 5265 inter
3365 5212 3585 5267 ﬂumen

1921 5306 2193 5360 Rhenum
2222 5308 2279 5359 et
2308 5307 2640 5374 Sequanam
2669 5300 2919 5366 collecti,
2954 5317 3087 5371 qum
3118 5300 3304 5355 Gallia
3337 5301 3587 5373 Belgica

1919 5398 2311 5463 nuncupatur.
2339 5392 2826 5463 Regeminsuper
2838 5389 3224 5443 comitabatur
3247 5389 3591 5460 Aquitania,

1916 5500 2057 5555 pars
2082 5483 2287 5537 Galliae
2326 5481 2496 5535 tertia
2527 5483 2583 5534 et
2610 5478 2914 5532 latitudine
2945 5477 3257 5550 regionum
3306 5481 3366 5532 et
3391 5477 3601 5537 multi—

1924 5573 2125 5629 tudine
2149 5571 2449 5627 hominum
2474 5587 2505 5625 a
2535 5569 2838 5643 plerisque
2852 5567 3157 5624 aestimata.
3191 5566 3318 5622 Nec
3355 5574 3615 5633 mirum,
