4074 6150
142 323 298 388 1233

1726 318 2004 380 GESTA

3441 302 3593 365 4234

134 540 204 578 eo
237 528 591 594 perventum
623 526 714 576 est
746 536 950 586 cursu,
993 523 1049 574 et
1099 521 1187 575 sic
1223 522 1282 574 in
1312 519 1641 587 Franciam,
1672 519 1808 571 dein
1834 500 1887 561 Α
1993 517 2287 571 Comitum
2307 513 2826 583 Andegavensium
2852 510 3165 563 dominatio
3188 510 3587 561 (lenomanno-

138 614 397 666 evadere
421 611 771 679 incolumes,
792 611 1095 679 praeclarae
1112 610 1280 662 famae
1301 608 1672 663 occasionem
1697 607 1812 659 sibi

134 701 493 770 promisere,
526 701 683 770 quod
717 699 1002 752 V‘Villelmi
1044 698 1435 752 Northmanni
1482 701 1697 750 terram
1736 696 1805 749 ad

135 788 303 842 littus
338 803 530 858 usque
583 788 873 841 marinum
946 787 1104 840 ferro
1137 786 1392 857 igneque
1422 784 1803 851 vastaverint,

134 878 374 930 nemine
404 876 752 945 obsistente,
785 876 1015 929 nemine
1046 879 1417 944 insequente.
1473 873 1685 928 Verum
1739 887 1805 925 ea

133 981 301 1035 spes,
330 968 391 1019 ut
410 966 503 1019 illa
525 966 842 1035 quondam,
876 963 1101 1018 fefellit.
1138 964 1287 1017 Nam
1316 963 1454 1016 dum
1484 962 1555 1015 ad
1588 961 1802 1014 vadum

134 1054 303 1108 Divae
324 1053 1068 1122 morarentur,supervenit
1082 1054 1207 1121 ipse
1220 1053 1416 1105 alacer
1438 1066 1568 1104 cum
1588 1051 1676 1104 exi
1685 1065 1800 1120 gua

128 1158 308 1195 manu
322 1142 585 1195 virorum
615 1142 773 1195 felici
792 1142 1111 1195 hora.Pars
1131 1140 1562 1210 exercitusjam
1582 1140 1798 1191 flumen

128 1246 267 1284 cum
290 1246 439 1301 rege
475 1229 888 1285 transierat.Et
923 1245 1061 1284 ecce
1092 1229 1461 1283 fortissimus
1493 1227 1710 1280 vindex
1738 1227 1796 1279 in

129 1319 418 1374 residuos
439 1320 686 1389 insiluit,
712 1319 923 1373 cecidit
946 1318 1594 1389 populatores,parcere
1626 1316 1796 1386 ﬂagi-

124 1409 275 1462 tium
296 1409 714 1474 credens,cum
733 1409 938 1477 patriae
957 1407 1235 1461 sauciatae
1267 1407 1412 1460 adeo
1453 1405 1796 1459 necessaria

123 1512 313 1550 causa
345 1500 647 1568 ageretur,
702 1496 1095 1550 infestissimo
1126 1496 1298 1550 hoste
1328 1497 1387 1548 in
1419 1494 1609 1548 medio
1660 1494 1795 1546 sinu

123 1584 264 1654 ejus
287 1585 685 1654 deprehenso.
714 1586 870 1640 Citra
912 1600 1121 1654 aquam
1155 1585 1480 1653 intercepti,
1514 1584 1573 1636 in
1605 1582 1794 1635 oculis

120 1673 319 1744 regiis
343 1673 468 1727 fere
492 1674 686 1727 cuncti
721 1674 881 1728 ferro
906 1673 1262 1740 ceciderunt,
1286 1674 1504 1742 praeter
1525 1672 1625 1741 qui
1656 1685 1794 1725 sese

120 1761 507 1833 ingurgitare
539 1762 887 1829 maluerunt,
907 1778 1127 1831 pavore
1158 1761 1509 1831 impellente.
1533 1760 1620 1812 Ne
1650 1773 1790 1812 vero

1919 622 2047 659 rum
2080 605 2394 658 comitibus
2428 603 2652 672 pridem
2687 601 2887 671 gravis
2922 615 2985 651 ac
3018 614 3164 666 pene
3199 597 3584 650 intolerabilis

1919 695 2246 747 exstiterat.
2276 693 2349 745 Ut
2368 693 2521 744 enim
2543 691 2651 742 alia
2675 689 2920 758 plurima
2947 687 3581 747 omittlam,novissimo

1919 788 2118 837 nostra
2182 781 2462 834 memoria
2524 778 2703 832 Fulco
2738 775 3193 845 Andegavensis
3230 774 3579 827 llerbertum

1918 871 2414 926 Cenomannicnm
2430 868 2711 937 majorem
2732 868 3020 919 Santones
3038 863 3239 929 illexit,
3259 863 3580 930 sponsione

1918 964 2084 1017 urbis
2109 962 2318 1031 ipsius.
2363 959 2446 1012 lbi
2471 958 2727 1010 vinctum
2764 955 2819 1007 in
2839 954 3029 1007 medio
3054 954 3345 1021 colloquio
3372 954 3441 1004 ad
3474 970 3583 1029 pa-.
3662 1028 3669 1031 _

1920 1054 2165 1119 ctiones,
2182 1066 2330 1122 quas
2344 1062 2520 1101 avare
2541 1044 2934 1113 concupierat,
2954 1057 3190 1094 carcere
3206 1045 3259 1094 et
3274 1043 3578 1096 tormentis

1918 1142 2128 1211 coegit.

1986 1230 2273 1298 Tempore
2304 1241 2445 1279 vero
2463 1223 2754 1295 Hugonis,
2779 1220 3111 1275 Gaufredus
3142 1218 3443 1271 Martellus
3467 1234 3573 1271 ur—

1912 1318 2047 1371 bem
2102 1314 2593 1371 Cenomannieam
2642 1325 2801 1379 smpe
2842 1310 2978 1378 igne
3020 1308 3236 1377 injecto
3270 1308 3567 1375 cremavit,

1912 1423 2072 1477 saepe
2099 1405 2377 1458 militibus
2403 1403 2531 1455 suis
2565 1416 2690 1453 eam
2724 1400 2779 1451 in
2812 1398 3068 1466 praedam
3100 1396 3417 1462 distribuit,
3442 1397 3569 1464 ple-

1909 1512 2156 1566 rumque
2188 1494 2394 1547 vineas
2426 1492 2577 1544 circa
2613 1489 2744 1558 ejuS
2778 1487 3057 1540 ambitum
3084 1485 3569 1552 exstirpavit,ali-

1906 1585 2138 1655 quando
2160 1582 2407 1652 expulso
2427 1579 2700 1649 quijuste
2724 1575 3021 1645 praesedit,
3044 1574 3155 1627 soli
3179 1574 3433 1625 dominio
3457 1589 3566 1627 suo

1906 1690 2033 1729 eam
2063 1671 2399 1726 vindicavit.
2437 1669 2610 1737 llugo
2644 1664 3042 1718 hzeredilalcm
3076 1678 3241 1715 suam
3276 1662 3565 1715 llerbcrto

1907 1764 2141 1832 reliquit
2192 1760 2312 1815 ﬁlio
2364 1762 2419 1811 et
2450 1755 2784 1809 inimicitias
2838 1754 3097 1806 easdem.
3132 1751 3239 1802 Hic
3286 1750 3567 1804 Gaufredi

113 1848 260 1920 jure
294 1850 557 1904 saeviens
581 1850 816 1921 gladius
835 1852 891 1903 in
914 1851 1226 1904 adversam
1256 1848 1793 1918 ripaminsequere-
1822 1866 1869 1926 Β
1906 1850 2213 1923 tyrannide
2269 1850 2539 1901 metuens
2592 1845 2825 1897 omnino
2859 1841 3066 1907 deleri,
3116 1839 3563 1893 Northmanniae

118 1941 243 2005 tur,
270 1953 477 1992 reuma
508 1939 688 1993 maris
717 1939 1007 2008 obstabat,
1041 1939 1270 1992 alveum
1291 1938 1453 1990 Divaa
1476 1938 1791 2006 insupera-

116 2026 227 2081 bili
258 2027 416 2080 mole
446 2028 816 2097 occupantis.
870 2027 1170 2081 Interitum
1219 2043 1464 2080 suorum
1495 2027 1789 2079 miserans

115 2132 189 2168 ac
224 2118 497 2169 metuens
530 2131 658 2185 rex,
681 2132 814 2169 cum
836 2117 1271 2188 Andegavense
1317 2120 1563 2185 tyranno
1615 2131 1787 2184 quam

116 2204 439 2258 celerrime
498 2204 998 2259 Northmannicos
1030 2206 1178 2260 fines
1230 2205 1429 2273 exivit,
1461 2204 1788 2257 decernens

113 2293 321 2346 animo
337 2296 712 2347 consternato
727 2293 820 2347 vir
831 2296 1109 2348 strenuus
1124 2298 1178 2347 et
1190 2294 1523 2347 nominatus
1536 2293 1594 2345 in
1608 2292 1788 2346 rebus

115 2381 702 2449 bellicis,dementia3
722 2382 1110 2451 reputandum
1128 2381 1611 2435 Northmanniam
1640 2381 1788 2433 ultra

112 2473 432 2523 attentare.

194 2559 333 2612 Non
351 2558 529 2611 multo
552 2561 685 2627 post
708 2558 1005 2612 universae
1025 2559 1221 2612 carnis
1240 2558 1392 2611 viam
1416 2557 1784 2628 demigravit,

112 2662 445 2717 numquam
498 2646 790 2717 gloriatus
850 2647 1143 2716 triumpho
1181 2662 1355 2717 quem
1386 2647 1456 2700 de
1491 2646 1788 2699 \Nillelmo

116 2736 532 2789 Northmanno
590 2736 799 2788 comite
858 2736 1145 2803 retulerit;
1197 2736 1313 2789 imo
1366 2750 1473 2788 nec
1504 2735 1701 2789 multa:
1731 2734 1789 2787 in

111 2840 255 2879 eum
287 2823 563 2877 vindictae
596 2838 860 2892 compos.
888 2824 1196 2894 Philippus
1228 2823 1386 2877 filius
1410 2825 1463 2876 ei
1495 2824 1791 2878 successit

114 2913 345 2980 infans,
366 2913 518 2966 inter
539 2924 712 2983 quem
737 2915 792 2965 et
828 2912 1154 2981 principem
1175 2915 1445 2966 nostrum
1483 2913 1647 2965 firma
1676 2928 1791 2981 pax

115 3001 454 3071 composita
492 3002 601 3063 est,
629 3017 696 3054 ac
732 3016 941 3055 serena
976 3001 1247 3069 amicitia,
1272 3003 1388 3054 tota
1422 3000 1665 3054 Francia
1683 3016 1789 3054 cu-

115 3090 173 3159 pi
181 3095 321 3144 ente
355 3092 411 3143 et
445 3094 759 3143 annuente.
1690 3134 1693 3139 .

189 3179 317 3232 Sub
341 3178 494 3231 idem
520 3181 752 3247 tempus
775 3178 921 3231 obiit
942 3184 998 3232 et
1031 3178 1367 3232 Gaufredus
1386 3178 1686 3233 Martellus
1718 3178 1789 3232 ad

112 3272 254 3322 vota
276 3268 596 3321 multorum
621 3268 714 3320 vel
738 3282 890 3337 quos
914 3270 1315 3336 oppresserat,
1337 3269 1427 3321 vel
1453 3269 1552 3337 qui
1570 3270 1788 3322 metue-

111 3360 251 3410 rant
288 3354 549 3409 eum.Sic
596 3358 850 3410 terrenae
894 3357 1166 3424 potestati
1197 3358 1254 3409 et
1283 3357 1553 3410 humanae
1576 3371 1789 3426 super-

108 3446 235 3498 biae
268 3444 444 3497 ﬁnem
467 3447 673 3497 natura
704 3444 867 3513 ponit
906 3444 1320 3499 inevitabilem.
1356 3445 1499 3498 Sero
1522 3445 1791 3514 pmnituit

111 3532 528 3587 miserandum
563 3532 859 3586 hominem
891 3533 1084 3587 nimiae
1117 3533 1496 3603 fortitudinis,
1530 3536 1790 3589 ruinosae

108 3620 835 3692 tyrannidis,perniciosae
857 3621 1506 3692 cupiditatis.Equidem
1530 3638 1635 3675 sua
1656 3639 1789 3677 eum

107 3713 392 3765 extrema
410 3708 663 3763 docuere
688 3710 844 3779 quod
864 3711 1031 3763 antea
1048 3726 1300 3779 pensare
1330 3711 1786 3781 neglexit,etiam

105 3798 436 3871 quaajuste
466 3800 526 3851 in
558 3799 774 3852 mundo
805 3798 1206 3867 possidentur,
1240 3799 1583 3852 necessario
1614 3801 1785 3852 amit—

106 3886 299 3941 tenda
334 3886 478 3939 fore.
515 3886 757 3940 Sororis
814 3887 997 3941 filium
1055 3887 1351 3941 haaredem
1383 3886 1650 3956 reliquit;
1686 3887 1786 3956 qui

104 3974 363 4029 nomine
394 3975 634 4044 proprio
665 3974 820 4028 idem
855 3974 1142 4044 probitate
1173 3973 1462 4028 absimilis
1506 3975 1579 4041 ei,
1614 3974 1786 4028 caele-

105 4068 277 4117 stem
343 4063 564 4133 ltegem
626 4062 834 4117 timere
884 4066 940 4116 et
968 4079 1075 4131 pro
1106 4063 1498 4131 comparando
1548 4067 1788 4118 externo

106 4153 351 4205 honore
375 4150 527 4204 bona
558 4151 801 4204 actitare
824 4151 1019 4220 cwpit.

191 4239 366 4305 Quod
392 4239 663 4294 humana)
681 4239 901 4311 linguae
928 4240 1001 4293 ad
1020 4239 1485 4294 malevolentiam
1513 4255 1689 4310 quam
1719 4240 1791 4293 ad

108 4328 597 4383 benevolentiam
655 4328 1005 4382 laudandam
1056 4328 1174 4382 sint
1203 4329 1594 4397 promptiores
1634 4328 1793 4382 novi-

110 4433 281 4485 mus,
316 4416 391 4468 ob
423 4416 704 4469 invidiam
745 4417 1114 4487 plerumque,
1176 4418 1466 4471 interdum
1515 4418 1588 4471 ob
1622 4416 1791 4471 aliam

102 4504 646 4576 pravitatem.Nam
679 4508 735 4558 et
765 4506 1162 4574 pulcherrima
1181 4505 1519 4560 facinorain
1551 4509 1787 4561 contra-

104 4595 271 4649 riam
304 4597 528 4662 parlem
560 4593 758 4663 iniqua
792 4594 1204 4663 depravatione
1238 4596 1542 4649 traducere
1574 4595 1785 4650 solent.
1818 4577 1862 4637 D

106 4682 298 4737 Unde
344 4697 767 4752 nonnunquam
818 4684 949 4737 fieri
998 4686 1227 4737 constat
1257 4687 1546 4753 quatenus
1576 4684 1789 4740 decora

100 4786 358 4843 regum,
385 4770 511 4824 sive
543 4770 777 4838 ducum,
800 4771 927 4825 sive
961 4771 1375 4842 cujuscunque
1408 4774 1628 4841 optimi,
1659 4790 1791 4827 cum

102 4875 239 4915 non
262 4873 409 4912 vere
440 4858 920 4928 tradunturapud
936 4862 1164 4914 aetatem
1188 4863 1505 4929 posteram,
1528 4878 1786 4917 censura

99 4950 417 5003 bonorum
436 4946 801 5015 damnentur,
836 4952 897 5001 ut
928 4963 1297 5019 nequaquam
1332 4950 1607 5003 imitanda
1644 4952 1796 5004 mala

94 5037 190 5090 ad
215 5035 610 5104 invasionem,
638 5036 731 5089 vel
763 5036 919 5090 aliud
956 5038 1221 5108 iniquum
1253 5037 1485 5091 facinus
1529 5038 1798 5107 placeant

98 5121 790 5194 exemplo.Quapropter
808 5140 916 5178 nos
936 5141 1131 5195 operae
1162 5127 1416 5196 pretium
1441 5127 1796 5181 arbitramur

99 5228 306 5285 quam
340 5212 653 5267 verissime
686 5214 935 5283 tradere,
982 5217 1272 5285 quatenus
1304 5215 1641 5271 VVillelmus
1673 5216 1789 5287 hic,

95 5317 300 5374 quem
332 5300 553 5369 scripto
574 5317 995 5373 propagamus,
1032 5320 1204 5373 quem
1236 5308 1352 5357 tam
1379 5304 1593 5359 futuris
1618 5321 1792 5375 quam

1905 1942 2114 1995 ducem
2144 1938 2536 2003 Guillelmum,
2572 1934 2683 1986 sub
2718 1947 2832 2001 quo
2886 1933 3043 1983 tutus
3090 1929 3259 1995 foret,
3312 1928 3568 1997 supplex

1904 2029 2063 2097 adiit,
2115 2026 2389 2079 manibus
2420 2026 2471 2076 ei
2503 2038 2640 2075 sese
2672 2021 2846 2086 dedit,
2885 2023 3091 2071 cuncta
3142 2034 3249 2071 sua
3284 2018 3355 2070 ab
3403 2032 3473 2070 eo
3504 2019 3567 2071 ut

1902 2118 2074 2172 miles
2096 2134 2128 2169 a
2147 2114 2381 2169 domino
2401 2112 2642 2180 recepit,
2665 2113 3009 2162 cunctorum
3030 2108 3414 2177 singulariter
3428 2122 3562 2161 eum

1905 2210 2169 2261 statuens
2189 2202 2487 2256 haeredem
2524 2200 2575 2251 si
2607 2214 2718 2249 non
2733 2197 3007 2266 gigneret
3035 2195 3559 2261 alium.Praeterea,

1903 2300 1964 2351 ut
1996 2293 2376 2365 cunjunctius
2433 2289 2741 2358 attingeret
2792 2288 3015 2337 tantum
3075 2282 3267 2335 virum
3325 2282 3453 2350 ipse
3506 2287 3563 2337 et

1905 2385 2220 2457 posteritas
2263 2379 2474 2449 ipsius,
2517 2376 2686 2429 ducis
2720 2374 2771 2427 ei
2821 2373 2935 2425 tilia
2986 2372 3160 2442 petita
3192 2376 3363 2441 atque
3393 2374 3563 2441 pacta

1905 2474 2161 2538 est.Quae
2182 2470 2525 2541 priusquam
2557 2465 2790 2518 nubiles
2823 2462 3196 2532 pervenisset
3226 2461 3294 2513 ad
3344 2475 3557 2528 annos,

1906 2562 2109 2617 morbo
2141 2561 2268 2629 ipse
2299 2556 2539 2623 interiit,
2572 2570 2716 2608 suos
2748 2554 2807 2605 in
2856 2552 2986 2620 ipso
3021 2552 3133 2602 ﬁne
3168 2549 3473 2602 obtestans
3505 2551 3563 2603 et

1907 2654 2253 2715 obsecrans,
2285 2662 2357 2700 ne
2403 2646 2735 2715 quaererent
2765 2642 2941 2695 alium
2970 2646 3183 2708 praeter
3213 2653 3389 2708 quem
3434 2638 3566 2708 ipse

1907 2741 2205 2796 dominum
2226 2737 2334 2804 eis,
2360 2735 2653 2788 hcet-edem
2687 2732 2802 2785 sibi
2835 2731 3209 2799 relinqueret.
3245 2728 3350 2780 Cui
3373 2728 3427 2780 si
3458 2743 3568 2781 vo-

1906 2830 2094 2883 lentes
2127 2826 2524 2898 pareant,leve
2544 2820 3217 2876 servitiumtoleraturos
3240 2817 3363 2870 fore
3390 2832 3401 2871 :
3425 2816 3478 2870 si
3507 2817 3564 2870 vi

1907 2917 2158 2984 subacti,
2210 2914 2456 2967 forsitan
2505 2926 2708 2982 grave.
2742 2908 3065 2961 Potentiam
3101 2905 3277 2966 illius,
3310 2903 3567 2971 pruden-

1903 3006 2061 3071 tiam,
2102 3002 2520 3068 fortitudinem,
2583 2998 2830 3069 gloriam
2889 3011 2998 3048 nec
3056 3010 3173 3047 non
3204 3008 3397 3063 genus
3424 2992 3566 3045 anti-

1903 3110 2083 3165 quum
2110 3094 2275 3162 ipsos
2307 3091 2521 3159 optime
2542 3102 2746 3141 nosse.
2781 3085 2901 3137 Sub
2934 3099 3002 3136 eo
3034 3082 3293 3151 praeside
3315 3082 3563 3151 agentes

1903 3181 2200 3237 formidini
2228 3180 2353 3233 fore
2384 3178 2717 3248 quibusque
2751 3172 3103 3226 conﬁnibus.

1973 3273 2049 3324 At
2078 3269 2349 3324 homines
2400 3265 2653 3319 malefidi
2680 3262 2997 3317 Galterium
3030 3259 3426 3313 Medantinum
3458 3274 3564 3313 co-

1904 3361 2099 3413 mitem
2131 3358 2224 3412 cui
2256 3373 2430 3411 soror
2463 3353 2734 3425 Hugonis
2767 3354 3047 3419 nupserat
3089 3350 3440 3417 receperunt
3468 3347 3561 3401 in-

1904 3463 2179 3502 vasorem
2209 3447 2568 3500 desertores.
2605 3442 2927 3512 Indignaris
2959 3455 3101 3510 ergo
3116 3436 3563 3506 repulsamGui-

1901 3537 2113 3592 lelmus
2141 3535 2277 3607 jure
2309 3532 2611 3603 multiplici
2644 3545 3043 3584 successurus
3070 3526 3382 3594 Herberto,
3404 3540 3563 3578 arma

1902 3625 2215 3694 expedivit,
2255 3623 2472 3694 quibus
2514 3620 2843 3690 requireret
2866 3619 2953 3672 sic
2986 3618 3294 3686 praerepta.
3330 3614 3477 3667 Nam
3509 3616 3565 3667 et

1902 3714 2034 3767 olim
2060 3714 2182 3783 egit
2213 3713 2324 3765 sub
2344 3711 2886 3765 Northmannorum
2910 3708 3125 3760 ducum
3146 3706 3365 3758 ditioue
3396 3703 3565 3774 regio

1902 3801 2311 3856 Cenomanica.
2377 3799 2714 3852 Incendium
2774 3797 3086 3849 confestim
3142 3795 3414 3864 injicere,
3467 3794 3566 3846 aut

1902 3890 2108 3945 urbem
2155 3892 2331 3942 totam
2388 3887 2721 3951 excindere,
2783 3899 2965 3937 ausos
3014 3884 3213 3953 iniqua
3244 3882 3560 3950 trucidare,

1902 3980 2182 4050 quantum
2214 3975 2451 4046 ingenio
2502 3974 2821 4027 abundavit
2850 3977 2902 4025 et
2954 3973 3203 4039 viribus,
3249 3971 3559 4039 potuisset.

1901 4067 2015 4121 Sed
2065 4066 2367 4120 hominum
2419 4063 2696 4133 sanguini
2755 4077 3087 4129 quanquam
3132 4058 3561 4112 nocentissima

1902 4170 2145 4225 parcere
2160 4152 2358 4206 maluit
2373 4152 2542 4206 solita
2557 4150 3046 4217 illatemperanlia
3068 4152 3121 4201 et
3137 4146 3563 4199 validissimam

1902 4245 2110 4299 urbem
2164 4242 2497 4311 relinquere
2546 4240 2838 4293 incolume
2898 4240 3088 4306 caput,
3151 4238 3321 4304 atque
3378 4235 3565 4288 muni-

1902 4335 2159 4387 mentum
2193 4337 2365 4385 terrae
2389 4347 2563 4401 quam
2592 4330 2651 4382 in
2683 4344 2855 4381 manu
2891 4327 3163 4381 habebat.
3204 4326 3345 4377 Haec
3370 4324 3564 4394 itaque

1902 4420 2275 4491 expugnandi
2311 4420 2403 4472 via
2436 4419 2651 4488 placuit
2686 4434 2695 4470 :
2732 4417 2961 4471 crebris
3003 4415 3476 4486 expeditionibus
3510 4416 3568 4468 et

1903 4511 2201 4565 diuturnis
2260 4510 2318 4563 in
2376 4511 2506 4579 ipso
2559 4508 2856 4562 territorio
2907 4506 3313 4560 mansionibus
3348 4506 3567 4558 metum

1902 4600 2185 4668 incutere,
2220 4600 2446 4668 vineas,
2481 4614 2682 4669 agros,
2716 4597 2887 4649 villas
2920 4596 3159 4663 vastari,
3198 4597 3321 4649 loca
3346 4594 3569 4648 munita

1904 4690 2362 4758 circumquaque
2392 4704 2624 4758 capere,
2646 4687 2943 4756 praesidia,
2978 4686 3078 4739 ubi
3107 4702 3206 4739 res
3228 4685 3564 4754 postulavit,

1904 4778 2224 4846 imponere,
2261 4778 2512 4847 denique
2560 4777 2805 4845 plurima
2839 4777 3003 4829 turba
3058 4790 3454 4828 :erumnarum
3488 4775 3569 4828 in-

1904 4867 2510 4938 cessanterafﬂigere.
2532 4869 2676 4921 Cum
2695 4882 2761 4919 ea
2792 4867 2919 4937 geri
2950 4866 3218 4918 viderent
3239 4864 3565 4917 ()enoman—

1902 4956 2040 5024 nici,
2075 4971 2248 5025 quam
2308 4956 2465 5009 anxii
2498 4955 2828 5024 trepidique
2890 4953 3126 5021 fuerint,
3160 4968 3334 5022 quam
3366 4953 3567 5021 cupie-

1905 5044 2018 5096 rint
2049 5060 2200 5097 onus
2251 5044 2735 5099 molestissimum
2782 5060 2811 5095 a
2861 5042 3196 5096 cervicibus
3245 5040 3562 5110 depellere,

1907 5132 2242 5203 conjectare
2265 5150 2437 5204 quam
2464 5136 2685 5187 referre
2711 5133 2940 5185 facilius
2965 5137 3075 5185 est.
3112 5132 3314 5184 Accito
3339 5131 3568 5200 smpius

1906 5221 2220 5289 Gaufrcdo,
2254 5238 2427 5293 quem
2458 5238 2687 5291 praases
2707 5237 2909 5274 eorum
2941 5221 3241 5275 GaIterius
3265 5220 3576 5276 dominum

1909 5311 2023 5364 sibi
2049 5327 2116 5363 ac
2147 5316 2394 5365 tutorem
2424 5311 2711 5379 praefecit,
2766 5311 2969 5379 praelio
3016 5312 3335 5365 decernere
3368 5311 3588 5367 minati

94 5390 617 5463 prazsentibusﬁn
647 5391 804 5444 nullo
840 5391 1300 5461 displicere,imo
1316 5393 1546 5447 cunctis
1562 5394 1794 5463 placere

93 5483 418 5548 optamus,
453 5478 886 5533 Cenomannico
926 5481 1257 5550 principatu
1305 5481 1795 5551 quemadmodum

89 5583 311 5639 regno
332 5567 583 5637 Anglico
615 5583 733 5622 non
768 5569 962 5623 solum
994 5569 1127 5623 forti
1150 5586 1323 5623 manu
1344 5571 1565 5641 potitus
1597 5572 1791 5642 fuerit,

96 5655 233 5713 sed
266 5655 590 5727 etjustitize
620 5657 856 5729 legibus
887 5658 1063 5728 potiri
1093 5658 1380 5714 debuerit.

1907 5402 2043 5453 sunt
2073 5415 2511 5468 nonnunquam,
2546 5400 2651 5453 sed
2705 5401 2832 5453 ausi
2859 5416 3173 5470 nunquam.
3209 5402 3606 5461 [’erdomitis

1904 5489 2135 5542 tandem
2160 5488 2421 5542 castellis
2441 5487 2561 5557 jam
2581 5504 2687 5557 per
2707 5492 2887 5542 totum
2918 5490 3253 5543 comitatum
3279 5492 3629 5567 subactis‘

1907 5577 2157 5631 reddunt
2180 5576 2468 5629 civitatem
2519 5578 2882 5647 praevalenti.
2916 5577 2985 5631 lit
3014 5595 3189 5649 quem
3224 5580 3411 5655 longa
3450 5580 3666 5636 (ὶρὶὶ.

1908 5668 2160 5723 nuerunt
2202 5663 2544 5739 rebellione,
2577 5666 2830 5740 supplici
2887 5670 2945 5722 et
2971 5666 3196 5739 ingenti
3238 5666 3701 5734 suscipiunt.
