4090 6162
462 405 620 468 1235

1576 399 2005 463 WILLELMI
2066 395 2732 470 CONQUESTORIS.

3680 400 3809 462 1236

469 604 991 661 honore.Studium
1013 607 1103 656 est
1126 602 1395 669 summis,
1414 599 1870 667 mediis,inﬁmis
1894 599 2128 667 placare
2158 580 2218 640 Α
2245 597 2430 668 Fuga,
2458 596 2690 665 astutia,
2712 596 3040 666 validaeque
3064 596 3414 650 munitiones
3453 610 3565 650 non
3592 598 3841 652 modicum

464 694 794 749 infensum.
867 694 1216 756 Occurrunt,
1278 692 1529 743 clamant
1581 689 1878 743 dominum
1936 704 2130 758 suum,

470 783 783 855 procidunt
813 784 868 834 et
896 781 1252 834 inclinantur
1296 779 1429 849 ejus
1457 778 1744 849 dignitati,
1780 778 2007 848 fingunt
2038 776 2133 829 hi-

469 874 629 926 lares
661 870 879 937 vultus,
910 869 1099 935 laetas,
1132 884 1332 935 voces,
1365 868 1611 936 plausus
1644 866 2135 936 congratulantis.

475 961 650 1014 Fiunt
680 958 915 1011 obviam
959 956 1227 1009 faventes
1260 956 1545 1009 laicorum
1605 955 1820 1023 studio,
1881 953 2141 1007 omnium

479 1051 765 1119 quotquot
782 1046 997 1099 ibidem
1023 1049 1159 1097 sunt
1182 1044 1568 1096 ecclesiarum
1586 1043 1830 1096 ordines
1851 1041 2139 1112 religiosi.

481 1136 722 1204 Templa
755 1148 1151 1201 summopere,
1187 1132 1676 1201 quemadmodum
1698 1132 2140 1199 processiones,

482 1225 764 1278 adornata
796 1222 1094 1293 effulgent,
1130 1222 1396 1275 redolent
1437 1220 1830 1289 thymiamata,
1866 1221 2147 1271 resonant

485 1329 652 1366 sacra
672 1311 916 1365 cantica.
942 1310 1166 1363 Victori
1189 1309 1499 1362 sufficiens
1524 1324 1689 1378 p:ena
1704 1308 2066 1376 perdomitos
2090 1307 2146 1359 in

483 1404 829 1470 potestatem
855 1414 1021 1452 suam
1039 1399 1282 1452 venisse
1315 1400 1369 1451 et
1400 1398 1566 1451 urbis
1588 1399 2017 1450 firmamentum
2041 1411 2151 1448 sua

487 1492 545 1543 in
579 1489 868 1558 reliquum
888 1488 1155 1541 custodia
1173 1486 1817 1555 occupari.Voluntarie
1840 1486 2151 1539 Gualterns

488 1577 771 1631 deditioni
800 1579 1125 1644 consensit,
1162 1591 1233 1629 ne
1267 1576 1475 1628 invasa
1516 1578 1835 1645 protegens
1894 1573 2153 1626 haeredi-

488 1666 635 1720 taria
661 1665 969 1718 amitteret.
1002 1664 1215 1717 Clades
1247 1681 1276 1716 a
1301 1663 1727 1717 Northmannis
1758 1663 1915 1715 illata
1949 1661 2153 1715 vicini-

494 1755 597 1808 tati
625 1753 880 1808 Medanti
912 1756 967 1806 et
1024 1752 1406 1806 Calvimontis
1468 1755 1682 1805 metum
1714 1752 1766 1804 ei
1800 1750 2050 1805 faciebat
2086 1750 2157 1803 de

495 1843 728 1914 majori.

1903 1879 1927 1902 ο

2245 686 2475 739 fiduciae
2505 684 3005 738 ministraverunt.
3042 684 3251 738 Statuit
3298 700 3436 755 ergo
3466 686 3741 755 prudentia
3768 704 3842 739 rc-

2243 774 2461 843 pudiati
2495 772 2711 826 domini
2732 771 3036 825 latibulum
3066 773 3477 826 charissimum
3499 772 3846 829 abalienareei

2246 866 2508 916 castrum
2540 861 2915 930 Meduanum;
2947 861 3251 915 aestimans
3284 861 3463 915 multo
3500 864 3675 915 satius
3700 878 3758 915 ac
3780 864 3845 915 di-

2247 952 2425 1022 gnius
2458 951 2569 1004 hac
2600 966 2769 1019 paena
2792 949 2989 1019 ferire,
3025 965 3199 1020 quam
3232 950 3567 1021 fugitantem
3595 953 3845 1021 persequi,

2247 1044 2303 1095 et
2333 1040 2641 1093 victoriam
2672 1038 2862 1092 levem
2916 1055 2988 1092 ex
3020 1054 3089 1092 co
3146 1043 3313 1107 capto
3357 1038 3676 1109 insignibus
3703 1040 3849 1092 titulis

2248 1129 2483 1181 addere.
2520 1126 2717 1197 Hujus
2749 1127 2931 1180 castri
2960 1126 3114 1180 latus
3172 1128 3440 1194 alterum,
3473 1127 3621 1197 quod
3662 1128 3852 1182 alluitur

2250 1216 2571 1284 scopuloso
2592 1215 2915 1285 rapidoque
2945 1216 3182 1269 flumine
3208 1216 3365 1284 (nam
3396 1231 3567 1284 supra
3597 1215 3847 1270 Meduana;

2251 1306 2438 1375 ripam
2470 1304 2529 1356 in
2566 1307 2862 1373 praerupta
2892 1303 3108 1357 montis
3139 1320 3283 1373 rupe
3320 1306 3496 1358 situm
3527 1306 3630 1373 est)
3661 1305 3710 1357 id
3732 1305 3852 1358 nulla

2254 1392 2513 1460 vi,nullo
2539 1393 2777 1462 ingenio
2824 1393 2917 1445 vel
2950 1394 3072 1445 arte
3122 1392 3373 1445 humana
3404 1394 3660 1446 attentari
3684 1396 3853 1461 potest.

2257 1482 2443 1535 Alteri
2465 1496 2607 1535 vero
2654 1480 3010 1535 munimenta
3035 1481 3281 1549 lapidea,
3306 1480 3628 1550 pariterque
3648 1481 3856 1534 difficili-

2259 1584 2392 1624 mus
2422 1570 2616 1623 aditus
2656 1571 3046 1639 propugnant.
3074 1569 3418 1638 Disponitur
3445 1571 3628 1623 tamen
3656 1569 3858 1637 obsidio,

2260 1659 2528 1712 exercitu
2559 1661 2764 1711 nostro
2794 1658 3026 1711 admoto
3073 1662 3353 1728 quantum
3395 1662 3596 1711 natura
3623 1658 3860 1727 repellens

2262 1749 2496 1817 patitur,
2532 1747 2760 1800 cunctis
2792 1746 3140 1800 mirantibus
3170 1746 3379 1799 ducem
3412 1761 3535 1799 rem
3561 1746 3697 1799 hanc
3725 1746 3859 1798 nimis

2267 1837 2509 1890 arduam
2531 1835 3034 1889 confidentissime
3066 1850 3519 1906 aggressurum.
3554 1834 3789 1904 Equitum
3814 1849 3862 1885 ac

568 1931 762 1984 Volvit
793 1931 849 1982 in
877 1945 1047 1983 omne
1070 1930 1359 1983 saeculum
1392 1933 1447 1983 et
1470 1929 1921 2000 progenieisum
1942 1928 2157 1997 optime
2189 1939 2242 1999 Β
2267 1924 2525 1994 peditum
2553 1924 2755 1993 copias
2787 1927 2978 1978 tantas
3008 1925 3310 1977 incassum
3334 1922 3563 1994 fatigari
3587 1922 3756 1976 cuncti
3772 1921 3861 1975 fere

502 2019 835 2073 consultum
856 2018 1044 2071 fuisse
1070 2018 1695 2086 prudensvictor,pius
1712 2032 1950 2086 parens.
1974 2016 2160 2068 Idcir-

504 2123 572 2161 co
586 2122 929 2177 germanam
944 2106 1281 2174 Heriberto,
1303 2123 1373 2160 ex
1403 2106 1671 2175 partibus
1693 2107 2020 2159 Teutonum
2037 2120 2163 2158 suae

504 2195 921 2249 muniﬁcentiae
942 2196 1216 2247 maximis
1252 2195 1539 2263 impensis
1561 2194 1868 2247 adductam
1892 2197 2023 2245 nato
2057 2209 2166 2247 suo

506 2283 835 2353 conjugare
868 2283 1152 2352 decrevit,
1178 2285 1359 2352 utper
1388 2298 1514 2336 eam
1548 2284 1675 2350 ipse
1708 2286 1763 2335 et
1784 2282 2073 2352 progeniti
2095 2297 2168 2335 ex

508 2373 800 2442 ipso,jure
814 2371 968 2441 quod
988 2372 1145 2424 nulla
1160 2372 1564 2425 controversia
1586 2372 1837 2425 convelli
1855 2376 2061 2441 posset
2077 2372 2171 2425 vel

506 2460 814 2529 inﬁrmari,
851 2460 1146 2514 Heriberti
1168 2460 1565 2514 haereditatem
1589 2462 1966 2530 possiderent
1996 2476 2169 2515 soro-

507 2550 634 2604 rius
657 2552 712 2603 et
734 2548 1079 2618 nepotes.Et
1097 2550 1369 2619 quoniam
1399 2550 1565 2618 pueri
1609 2552 1756 2603 tetas
1778 2549 2035 2603 nondum
2064 2549 2172 2602 fuit

508 2642 739 2691 matura
762 2637 1065 2707 conjugio,
1088 2638 1146 2690 in
1177 2638 1326 2691 locis
1345 2639 1486 2692 tutis
1516 2640 1671 2692 illam
1703 2654 1884 2708 prope
1911 2638 2172 2693 nubilem

511 2741 729 2797 magno
752 2741 884 2779 cum
934 2726 1157 2779 honore
1189 2727 1475 2780 custodiri
1505 2728 1660 2790 fecit,
1687 2728 1971 2781 nobilium
2000 2731 2173 2798 atque

514 2815 868 2885 sapientium
890 2815 1151 2869 virorum
1187 2831 1253 2868 ac
1284 2819 1679 2870 matronarum
1712 2834 1868 2871 curae
1901 2817 2177 2871 commis-

516 2920 662 2959 sam.
700 2904 843 2957 Haec
861 2919 1156 2974 generosa
1174 2904 1368 2975 virgo,
1401 2907 1636 2959 nomine
1660 2907 1992 2978 Margarita,
2026 2908 2176 2963 insi-

518 2993 620 3064 gni
635 2993 835 3062 specie
858 2993 1159 3046 decentior
1176 2993 1452 3047 fuitomni
1472 2997 1809 3065 margarita.
1841 2997 1955 3050 Sed
1987 2999 2179 3067 ipsam

517 3097 631 3136 non
662 3081 840 3151 longe
871 3085 1003 3134 ante
1023 3081 1175 3134 diem
1194 3098 1310 3152 quo
1334 3084 1562 3137 mortali
1592 3101 1814 3153 sponso
1826 3085 2184 3157 jnngeretur

518 3170 834 3225 homnibus
850 3170 1880 3245 abstulitVirginisFilius,virginum
1895 3191 2176 3244 sponsus,

520 3261 762 3364 caelicus
786 3260 1127 3329 imperator;
1154 3261 1338 3332 cujus
1372 3264 1507 3333 igne
1538 3262 1843 3317 salutifero
1875 3265 1967 3334 pia
1985 3265 2179 3335 puella
2208 3303 2260 3364 Ο

519 3349 823 3421 flagrabat,
839 3366 947 3415 pro
962 3349 1137 3420 cujus
1160 3350 1454 3405 desiderio
1469 3351 1854 3420 orationibus,
1876 3354 2180 3407 abstinen-

520 3438 637 3506 tiae,
657 3437 1107 3504 misericordiae,
1134 3438 1462 3507 humilitati,
1498 3438 1750 3508 denique
1782 3440 2049 3508 plurimm
2071 3441 2182 3494 bo-

522 3526 689 3579 nitati
720 3525 1013 3588 studebat;
1049 3526 1428 3579 vehementer
1449 3529 1733 3595 exoptans
1751 3531 1965 3597 praeter
1994 3529 2184 3597 ipsius

525 3613 882 3667 connubium
913 3613 1069 3666 aliud
1092 3615 1373 3682 perpetuo
1412 3614 1712 3684 ignorare.
1746 3615 2026 3684 Sepelivit
2058 3632 2186 3671 eam

527 3701 887 3755 Fiscanense
936 3701 1289 3770 ccenobium,
1335 3702 1490 3772 quod
1536 3718 1667 3756 cum
1718 3703 1851 3757 aliis
1906 3706 2187 3760 ecclesiis

526 3792 806 3860 quantum
850 3789 1063 3843 licebat
1121 3790 1395 3859 religioni
1426 3791 1703 3844 nimirum
1754 3793 1938 3847 doluit
1967 3796 2189 3864 raptam

525 3883 841 3949 properato
899 3879 1083 3945 obitu,
1119 3878 1294 3948 cujus
1350 3878 1787 3950 longaevitatem
1819 3880 2189 3939 affectuosis-

528 3970 677 4022 sime
700 3967 1228 4037 concupivit.ll|ius
1248 3968 1462 4022 etenim
1497 3970 1687 4022 anima
1709 3972 2035 4039 prudenter
2064 3974 2189 4026 evi-

530 4054 725 4126 gilans
758 4071 890 4109 cum
922 4055 1163 4108 lucerna
1193 4054 1434 4109 ardente
1482 4054 1703 4109 Christi
1752 4057 2066 4112 adventum
2094 4075 2194 4113 ex-

531 4144 1130 4214 spectans,ecclesias
1156 4144 1348 4197 colere
1373 4144 1551 4213 coepit
1567 4160 1700 4198 cum
1725 4147 2074 4200 reverentia.
2108 4147 2195 4201 Ci-

527 4235 726 4289 licium
750 4248 1004 4304 quoque,
1041 4248 1157 4302 quo
1185 4232 1464 4286 latentius
1498 4249 1732 4286 carnem
1783 4235 2023 4288 domare
2053 4251 2193 4306 pro-

530 4327 1042 4395 posuerat,postea
1061 4338 1236 4392 quam
1253 4322 1699 4391 transmigravit
1716 4323 2195 4392 proditum,men-

532 4418 650 4468 tem
681 4413 921 4467 aeternis
945 4412 1223 4464 intentam
1254 4410 1528 4479 prodidit.

601 4502 785 4566 Quam
814 4500 1175 4570 longinquus
1201 4516 1231 4551 a
1262 4498 1466 4553 favore
1489 4499 1660 4553 ducis
1677 4499 1970 4554 Guillelmi
2002 4503 2193 4558 animo

531 4591 708 4645 fuerit
739 4592 1019 4643 versutus
1042 4589 1216 4641 homo
1241 4588 1573 4640 Gaufredus
1615 4588 2035 4644 Meduanensis
2069 4608 2194 4646 cer-

2271 2014 2602 2082 opinantur;
2636 2013 2801 2066 multi
2861 2015 3320 2081 conqueruntur,
3354 2012 3515 2065 nulla
3545 2027 3643 2080 spe
3686 2011 3863 2063 animos

2271 2117 2475 2156 eorum
2508 2100 2921 2172 erigente,nisi
2940 2101 3090 2155 forte
3108 2116 3269 2154 mora
3299 2116 3496 2154 annua
3527 2100 3613 2154 vel
3641 2099 3865 2168 ampliore

2272 2191 2459 2244 fames
2484 2189 3038 2260 expugnet.Etenim
3056 2188 3293 2258 gladiis,
3319 2187 3865 2257 lanceis,missilibus,

2272 2279 2415 2331 nihil
2433 2280 2680 2350 geritur,
2702 2277 2847 2331 nihil
2864 2278 3191 2349 gerendum
3214 2280 3509 2347 speratur;
3557 2278 3682 2330 item
3722 2290 3868 2345 neque

2274 2367 2472 2433 ariete,
2498 2382 2688 2436 neque
2712 2367 3341 2434 tormento,cmterisve
3364 2366 3749 2420 instrumentis
3775 2364 3869 2416 bel-

2274 2455 2426 2523 licis,
2448 2454 2739 2525 siquidem
2761 2456 2925 2508 locus
2951 2455 3188 2508 omnino
3206 2454 3685 2508 machinamentis
3700 2453 3869 2521 impor-

2276 2547 2451 2597 tunus
2471 2547 2614 2597 erat.
2646 2544 2865 2597 Verum
2894 2544 3305 2615 magnanimus
3337 2544 3550 2598 ductor
3593 2541 3872 2595 Willelmus

2277 2636 2449 2703 urget
2474 2632 2814 2702 incoeptum,
2839 2633 3122 2700 praecipit,
3145 2632 3440 2700 hortatur,
3464 2632 3749 2686 confirmat
3765 2628 3874 2682 difﬁ-

2277 2720 2711 2788 dentes,laetum
2730 2722 2950 2774 exitum
2966 2721 3438 2791 pollicetur.Nec
3454 2721 3628 2775 multo
3649 2717 3876 2787 temporis

2278 2810 2582 2863 intervallo
2612 2810 2775 2863 dubii
2822 2811 3049 2864 sedent.
3085 2809 3173 2862 En
3228 2809 3436 2863 solerti
3471 2808 3703 2863 consilio
3732 2805 3878 2876 ipsius

2280 2897 2481 2968 injecti
2510 2898 2685 2969 ignes
2717 2901 2977 2953 castrum
3010 2899 3354 2967 corripiunt.
3390 2898 3679 2952 Citissime
3707 2893 3878 2949 diffun-

2283 2987 2499 3040 duntur
2527 3002 2688 3040 more
2720 3003 2851 3051 suo;
2885 2988 3109 3041 saevius
3142 2987 3298 3040 omni
3327 2986 3489 3041 ferro
3507 3000 3737 3056 quaeque
3751 2981 3881 3036 obvia

2283 3078 2604 3129 vastantes.
2633 3075 2927 3129 Custodes
2984 3080 3155 3146 atque
3213 3079 3678 3147 propugnatores
3704 3067 3881 3125 attoniti

2284 3166 2479 3219 subita
2502 3164 2664 3217 clade
2689 3168 2889 3233 portas
2916 3180 3267 3234 murumque
3288 3160 3885 3230 deseruntdiscurrunt

2283 3252 2495 3322 trepidi
2526 3253 2751 3307 laribus
2782 3251 3028 3322 etfrebus
3050 3253 3312 3306 incensis
3346 3254 3535 3322 primo
3566 3260 3879 3305 succurrere.

2286 3343 2434 3397 Dein
2454 3343 2708 3412 propriae
2740 3342 2911 3396 saluti
2975 3357 3090 3412 quo
3123 3341 3354 3412 refugio
3390 3343 3585 3394 valent
3630 3337 3883 3392 consulere

2284 3430 2849 3499 festinant,victores
2876 3430 3108 3502 gladios
3131 3430 3545 3484 vehementius
3563 3444 3721 3500 quam
3742 3426 3886 3479 incen—

2285 3521 2444 3574 dium
2456 3519 3559 3574 metuentes.Northmannialacerrime
3572 3513 3884 3571 concurrunt

2286 3609 2653 3663 exsultantes
2665 3608 2894 3662 animos
2913 3612 2969 3662 et
2992 3589 3382 3678 gratulantem
3400 3607 3702 3661 clamorem
3718 3599 3888 3672 pariter

2287 3698 2580 3767 tollentes;
2614 3697 2879 3751 certatim
2927 3697 3276 3765 irrumpunt,
3324 3700 3594 3765 potenter
3623 3691 3888 3746 munitione

2288 3786 2605 3855 potiuntur.
2639 3786 2843 3857 Opima
2883 3785 3080 3855 praeda
3133 3785 3449 3851 invenitur,
3504 3783 3719 3838 nobiles
3768 3776 3884 3846 equi.

2290 3891 2449 3928 arma
2471 3875 3082 3945 militaria,omnisque
3098 3874 3338 3946 generis
3372 3870 3783 3942 supellex.Qua3
3799 3865 3885 3918 sic-

2290 3968 2352 4018 ut
2381 3964 2519 4018 alibi
2555 3968 2723 4033 capta
2782 3964 3128 4034 plerumque
3175 3963 3443 4033 grandia,
3479 3962 3712 4014 militum
3738 3954 3889 4026 potius

2292 4069 2463 4123 quam
2487 4069 2594 4107 sua
2613 4067 2751 4107 esse
2768 4053 2949 4105 voluit
2963 4052 3517 4105 continentissimus
3535 4067 3599 4104 ac
3614 4040 3895 4103 liberalissi-

2292 4157 2425 4195 mus
2445 4143 2743 4211 princeps.
2768 4140 3104 4207 Castellani,
3126 4140 3226 4211 qui
3247 4140 3304 4193 in
3323 4156 3522 4194 arcem
3542 4130 3889 4204 confugerant,

2294 4230 2386 4284 die
2400 4233 2637 4299 postero
2657 4229 3009 4283 dediderunt
3026 4231 3326 4296 se,contra
3346 4226 3628 4281 \Villelmi
3648 4219 3892 4293 ingenium

2293 4334 2361 4372 ac
2384 4318 2787 4372 fortitudinem
2819 4317 2963 4371 nulli
2989 4318 3353 4371 firmamento
3388 4316 3755 4371 conﬁdentes.
3790 4308 3899 4357 lies-

2297 4407 2540 4460 tauratis
2582 4407 2678 4461 ille
2737 4422 2868 4476 quae
2899 4408 3131 4458 flamma
3161 4409 3524 4475 corruperat,
3559 4397 3895 4472 praesidioque

2298 4496 2678 4565 providenter
2713 4495 3025 4564 disposito,
3051 4494 3351 4548 insolitum
3381 4491 3723 4561 triumphum
3765 4478 3893 4554 (ειεδὶ

2304 4584 2375 4638 de
2405 4588 2609 4637 natura
2661 4587 2939 4653 superata
2970 4583 3205 4636 domum
3238 4583 3467 4636 revexit
3496 4595 3625 4634 cum
3666 4578 3897 4629 immenso

530 4681 761 4734 tissime
810 4693 941 4731 cum
976 4677 1120 4730 urbs
1150 4676 1585 4729 Cenomannica
1617 4677 1931 4731 dederetur
1968 4680 2193 4749 patefa-
2222 4653 2275 4713 D
2306 4673 2521 4744 gaudio
2555 4673 2875 4726 exePCitUS-
2911 4671 2980 4725 Εῐ
3020 4672 3283 4725 conﬁnes
3312 4669 3589 4724 Gallﬁ‘edi
3619 4681 3723 4720 11οη
3771 4658 3897 4713 “is”

533 4772 689 4824 ctum
720 4771 833 4822 est.
867 4766 954 4819 Ne
986 4765 1139 4819 enim
1172 4765 1321 4818 hanc
1345 4764 1479 4834 ejus
1506 4766 1823 4836 gloriosam
1858 4767 2195 4824 felicitatem

531 4873 803 4928 praesens
823 4854 1632 4924 conspiceret,deseruitante
1650 4869 1767 4908 non
1786 4856 1982 4910 minus
1996 4858 2194 4913 invido

534 4949 736 5002 dolore
786 4961 961 5016 quam
992 4944 1360 4997 inconstantc
1402 4943 1648 5011 perfidia
1691 4944 1956 4999 abactus.
1993 4946 2193 5001 Noluit

535 5038 878 5090 meminisse
906 5033 1216 5103 impudens
1238 5031 1802 5101 audacia,quomodo
1837 5034 2061 5103 pridem
2087 5036 2196 5090 cle-

535 5127 810 5179 mentiam
836 5122 1093 5179 oraverit
1112 5121 1495 5191 perdomitus.
1520 5121 1651 5175 Non
1683 5125 1775 5175 est
1795 5124 1983 5176 verita
2004 5125 2194 5194 impu-

537 5214 683 5266 dens
716 5214 995 5283 iniquitas
1020 5209 1419 5281 jurisjurandi
1458 5210 1678 5263 violare
1708 5214 2087 5279 promissum.
2126 5217 2196 5268 At

536 5306 881 5371 perpetuum
940 5314 1155 5355 nomen
1212 5301 1427 5370 quanto
1485 5298 1744 5369 majores
1802 5300 1958 5354 illius
2015 5318 2194 5371 quan-

539 5406 713 5460 quam
781 5393 1068 5459 potentes,
1166 5404 1464 5458 nunquam
1539 5392 1675 5442 sunt
1766 5389 2020 5459 gloriati.
2090 5391 2198 5443 Pa-

536 5493 669 5533 rere
718 5478 831 5539 sibi
878 5478 1204 5543 vidcbaLn.,
1244 5477 1293 5529 si
1334 5477 1605 5531 virtutem
1662 5478 1936 5530 invictam
1996 5478 2193 5532 trium-

536 5567 675 5638 phis
721 5564 1151 5635 magnificatam
1210 5582 1386 5636 quam
1443 5566 1709 5634 plurimis
1758 5565 2058 5619 lacessere
2090 5583 2197 5619 au-

540 5658 723 5713 deret.
757 5655 871 5707 Per
902 5652 1132 5724 legatos
1184 5655 1392 5708 iterum
1440 5654 1768 5724 iterumque
1819 5656 2078 5707 monitus
2117 5655 2189 5707 ad

540 5743 1008 5819 obsequendum,
1088 5745 1339 5799 mentem
1399 5743 1751 5799 obstinatam
1807 5758 1923 5799 non
1980 5742 2195 5799 omisit.

2303 4764 2658 4830 acceperunt
2679 4761 2789 4815 hoc
2819 4777 2951 4815 cum
2975 4760 3165 4815 fuisse
3217 4760 3563 4813 detrimento
3595 4752 3892 4809 mulctatum.

2301 4853 2718 4904 asseverantes
2742 4849 2995 4921 gloriam
3026 4849 3216 4903 solius
3249 4835 3896 4901 Willelmicomitisultio-

2304 4956 2439 4994 nem
2469 4940 2781 4993 multorum
2814 4954 2950 4992 esse
2974 4938 3045 4992 de
3077 4937 3316 5008 perjuro
3350 4953 3416 4989 ac
3450 4933 3727 5003 praedone.

2377 5030 2661 5083 Peridem
2697 5029 2817 5082 fere
2858 5032 3088 5097 tempus
3120 5026 3450 5079 Edwardus
3482 5039 3584 5077 rex
3630 5015 3895 5087 Anglorum

2307 5133 2417 5172 suo
2447 5118 2571 5188 jam
2605 5119 2821 5170 statuto
2853 5116 3077 5169 liaaredi
3109 5115 3440 5177 Guillelmo,
3477 5125 3642 5181 quem
3658 5107 3769 5159 loco
3790 5112 3897 5188 gel'f

2305 5207 2459 5261 mani
2492 5209 2590 5260 aut
2616 5205 2802 5274 prolis
2859 5204 3183 5270 adornabat,
3241 5202 3514 5274 graviore
3570 5210 3726 5268 quam
3754 5184 3897 5242 fuerat

2308 5299 2540 5350 cautum
2576 5296 2822 5365 pignore
2859 5294 3031 5346 cavit.
3068 5291 3293 5345 Placuit
3324 5290 3518 5344 obitus
3545 5277 3894 5365 necessitatem

2308 5385 2659 5454 praevenire,
2695 5381 2869 5452 cujus
2892 5381 3098 5435 horam
3122 5381 3295 5434 homo
3320 5380 3517 5433 sancta
3548 5375 3655 5427 vita
3681 5359 3900 5454 ad‘LftBie'

2308 5475 2423 5527 stia
2454 5473 2723 5533 tendens,
2758 5471 3083 5541 proximam
3111 5469 3313 5523 adfore
3336 5463 3717 5520 meditabatur.
3740 5449 3897 5543 Fidem

2308 5566 2675 5616 sacramento
2709 5560 3188 5614 conﬁrmaturum
3217 5556 3532 5612 Heraldum
3550 5551 3599 5605 ei
3619 5538 3893 5602 destinavit.

2309 5655 2649 5706 cunctorum
2684 5649 2795 5703 sub
2842 5648 3237 5703 dominatione
3281 5662 3387 5701 sua
3416 5639 3684 5705 diversiS,
3713 5633 3888 5686 110110"e

2309 5744 2480 5812 atque
2510 5738 2768 5810 potentia
2798 5735 3348 5807 eminentissimum,
3371 5730 3541 5805 cujus
3569 5728 3719 5781 antea
3754 5714 3892 5772 frater
