4074 6150
1718 286 2004 349 GESTA.
3438 288 3594 354 1238

149 288 317 353 1237

123 490 181 542 et
211 487 514 542 fratruelis
538 488 782 541 obsides
805 486 1035 541 fuerant
1057 487 1282 558 accepti
1302 488 1374 542 de
1401 488 1790 542 successione
1826 470 1883 529 Α
1913 491 2119 557 patruo
2152 504 2284 555 suo,
2315 490 2488 558 atque
2537 488 2792 542 vinculis
2830 488 3303 558 ergastularibus
3362 490 3583 544 manci-

124 576 355 630 eadem.
374 576 443 629 Et
457 592 589 630 eum
612 576 846 646 quidem
868 576 1349 645 prudentissime,
1369 580 1431 629 ut
1451 577 1637 645 ipsius
1654 593 1797 646 opes
1914 579 2064 645 pato,
2090 575 2432 643 provincia),
2458 592 2630 645 quam
2652 576 2802 628 dono
2834 580 3073 644 paterno
3092 578 3334 646 accepit,
3371 595 3582 650 magna

127 668 185 719 et
214 666 537 718 auctoritas
562 666 739 718 totius
764 664 1031 735 Anglicw
1054 666 1250 735 gentis
1275 666 1618 718 dissensum
1644 682 1805 719 coer-
1914 680 2043 717 cum
2093 665 2443 717 truculentia
2496 665 2779 717 dominari
2812 666 3005 733 ccepit.
3053 666 3319 720 Falernae
3366 668 3580 722 dehinc

125 757 351 819 cerent,
389 754 438 805 si
474 768 597 806 rem
651 769 871 807 novare
904 754 1139 807 mallent
1188 754 1409 821 perfida
1458 754 1798 824 mobilitate,
1912 751 2253 805 rebellionis
2280 756 2613 815 renovator,
2640 753 3084 805 Northmannize
3109 753 3300 807 hostis
3332 772 3446 809 non
3471 757 3575 809 mi-
3602 758 3603 765 “

119 845 340 911 quanta
370 856 510 895 sese
557 845 757 912 agunt.
809 842 1104 895 Heraldus
1136 842 1274 895 dum
1306 842 1379 894 ob
1412 842 1466 893 id
1498 842 1799 911 negotium
1910 840 1996 893 les
2028 856 2164 893 esse
2198 840 2399 893 voluit.
2438 841 2720 892 Dominus
2752 845 2943 894 autem
2979 841 3110 910 ejus
3148 843 3386 911 antiquo
3415 843 3570 913 jure,

128 930 333 983 venire
386 930 786 997 contenderet,
820 930 1050 983 itineris
1084 930 1290 983 marini
1323 930 1582 999 periculo
1616 946 1796 985 evaso
1905 929 2079 981 sicuti
2113 928 2657 981 Northmannorum
2692 930 3051 998 \Villclmus,
3088 931 3394 984 castellum
3416 934 3575 1002 quod

114 1019 291 1071 littus
319 1018 569 1088 arripuit
595 1018 846 1084 Pontivi,
878 1019 976 1072 ubi
1002 1020 1059 1071 in
1093 1034 1299 1071 manus
1329 1019 1561 1072 comitis
1587 1020 1798 1073 Guido-
1901 1016 2099 1070 Sancti
2131 1017 2337 1071 Jacobi
2383 1017 2735 1086 appellatum
2777 1020 2868 1069 est
2926 1018 3153 1071 interim
3189 1022 3465 1088 Opposuit
3516 1021 3575 1075 in

114 1107 207 1159 nis
240 1106 467 1159 incidit.
511 1105 674 1175 Capti
722 1107 778 1159 in
828 1106 1162 1160 custodiam
1211 1107 1516 1161 traduntur
1564 1108 1692 1177 ipse
1740 1113 1794 1163 et
1900 1106 2174 1173 confinio,
2210 1122 2281 1158 ne
2311 1106 2559 1159 famelici
2590 1107 2900 1174 praedones
2926 1107 3199 1160 ecclesiis
3244 1109 3569 1163 inermibus

118 1195 435 1248 comitatus
468 1194 604 1264 ejus
637 1195 793 1264 quod
827 1195 1215 1249 infortunium
1237 1196 1330 1248 vir
1358 1195 1503 1249 adeo
1539 1212 1790 1267 magnus
1895 1198 1993 1247 aut
2024 1194 2226 1247 ultimo
2257 1197 2431 1247 terrae
2466 1211 2590 1247 sua)
2622 1195 2801 1264 vulgo
2836 1196 3297 1249 excursionibus
3330 1198 3533 1250 latroci
3560 1228 3569 1239 -

114 1282 431 1353 naufragio
465 1284 732 1336 mutaret.
763 1283 974 1336 Docuit
1003 1284 1157 1336 enim
1192 1284 1470 1338 avaritiae
1502 1285 1787 1339 calliditas
1893 1283 2170 1336 nantibus
2222 1288 2522 1337 nocerent.
2569 1282 2720 1335 Emit
2752 1299 3000 1353 namque
3039 1299 3146 1337 rex
3204 1284 3567 1339 Francorum

111 1370 1787 1440 Galliarumquasdamnationesexsecrandamconsuetu-
1895 1370 2141 1424 Carolus
2174 1388 2377 1440 pacem
2419 1376 2594 1442 atque
2646 1372 2956 1424 amicitiam
2990 1388 3021 1423 a
3072 1372 3319 1427 ltollone
3368 1373 3561 1442 primo

109 1458 308 1512 dinem
343 1500 357 1527 ,
398 1459 707 1513 barbaram
736 1460 1171 1531 etilongissime
1209 1460 1282 1513 ab
1314 1461 1471 1514 omni
1514 1462 1784 1531 aequitate
1888 1458 2037 1512 duce
2079 1460 2634 1527 Northmannorum,
2674 1478 2737 1513 ac
2760 1462 3148 1529 posteriorum
3181 1464 3419 1529 parente
3452 1478 3562 1515 na-

109 1545 451 1600 Christiana
484 1547 753 1601 alienam.
794 1548 1113 1618 Illaqueant
1149 1551 1448 1617 potentes,
1481 1553 1578 1603 aut
1616 1551 1783 1604 loeu-
1887 1550 2001 1601 tam
2033 1566 2198 1603 suam
2230 1549 2451 1602 Gislam
2476 1549 2531 1601 in
2562 1550 2991 1603 matrimonium
3023 1553 3078 1602 et
3111 1550 3469 1603 Britanniam
3498 1550 3560 1604 in

108 1633 302 1703 pletes
336 1640 542 1689 trusos
564 1636 624 1689 in
645 1637 944 1705 ergastula
966 1637 1230 1690 afﬁciunt
1259 1638 1650 1705 contumeliis,
1675 1644 1784 1693 tor-
1887 1638 2198 1690 servitium
2238 1641 2582 1706 perpetuum
2631 1638 2682 1690 ei
2718 1638 2975 1690 tradens.
3037 1637 3441 1690 Exoraverant
3497 1637 3556 1691 id

105 1725 345 1776 mentis.
386 1723 486 1777 Sic
524 1725 684 1777 varia
734 1725 973 1778 miseria
1012 1741 1192 1795 prope
1236 1725 1306 1779 ad
1349 1742 1554 1780 necem
1589 1742 1777 1797 usque
1886 1725 2078 1779 foedus
2100 1726 2311 1779 Franci
2338 1742 2455 1779 non
2471 1727 2732 1778 valentes
2752 1725 3002 1794 amplius
3026 1727 3309 1778 resistere
3333 1725 3553 1779 Gallico

106 1814 401 1865 contritos
419 1811 1299 1884 ejiciuntsaepissimeZvenditos
1320 1815 1778 1886 magno.Directi
1884 1829 2028 1867 ense
2060 1816 2298 1868 Danicze
2334 1815 2552 1867 securi.
2588 1814 2899 1874 Annalium
2922 1815 3154 1884 paginae
3185 1816 3550 1868 attestantur.

101 1899 173 1952 ad
206 1915 281 1953 se
312 1899 434 1954 dux
462 1901 799 1955 VVillelmus
830 1907 1043 1956 eventu
1075 1903 1331 1973 cognito,
1365 1919 1612 1973 propere
1634 1904 1773 1957 mis-
1883 1903 2111 1957 Exinde
2138 1902 2935 1972 comitesliritanniciejugo
2958 1901 3441 1955 Northmanniem
3455 1901 3553 1956 do-

102 1988 188 2041 sis
222 1989 463 2059 legatis,
485 1993 723 2058 precatu
753 1990 931 2043 simul
953 2007 1019 2043 ac
1036 1992 1209 2045 minis
1233 1996 1523 2046 extortum
1559 1994 1768 2047 obvius
1798 2012 1852 2077 Β
1880 1992 2216 2046 minationis
2247 1992 2535 2045 cervicem
2560 1992 2794 2044 omnino
2828 1991 3063 2045 solvere
3106 2005 3404 2060 nunquam
3438 2004 3546 2044 va-

101 2076 440 2131 honoriﬁce
472 2079 735 2147 suscepit
767 2096 918 2133 cum.
965 2080 1215 2134 Guidoni
1246 2081 1395 2135 bene
1435 2084 1639 2136 merito
1672 2083 1771 2153 qui

100 2182 211 2219 nec
243 2167 458 2235 pretio,
493 2183 599 2220 nec
642 2167 931 2221 violentia
980 2168 1343 2238 compulsus,
1375 2171 1567 2224 virum
1598 2187 1771 2241 quem

103 2257 411 2324 torquere,
445 2271 680 2324 necare,
713 2256 967 2310 vendere
999 2258 1289 2326 potuisset
1319 2275 1424 2327 pro
1458 2259 1620 2313 libitu
1644 2262 1772 2328 ipse

99 2342 411 2396 adducens
444 2343 597 2411 apud
630 2346 900 2398 Aucense
934 2349 1193 2399 castrum
1226 2346 1339 2399 sibi
1371 2350 1766 2417 praesentavit,

100 2434 310 2502 grates
341 2431 537 2485 retulit
567 2432 914 2503 condignas,
948 2436 1141 2487 terras
1164 2434 1396 2488 tradidit
1427 2437 1670 2504 amplas,
1704 2453 1770 2491 ac

100 2520 350 2572 multum
369 2520 616 2589 opimas,
644 2520 1122 2592 addiditinsuper
1150 2524 1206 2575 in
1233 2524 1498 2591 pecuniis
1522 2525 1769 2577 maxima

98 2607 253 2660 dona
266 2608 614 2662 .Heraldum
642 2625 779 2663 vero
794 2609 1300 2665 sufﬁcientissime
1319 2627 1449 2666 cum
1466 2612 1690 2666 honore
1712 2614 1769 2665 in

100 2694 312 2748 urbem
350 2696 444 2748 sui
468 2696 831 2765 principatus
851 2701 1021 2766 caput
1052 2698 1485 2769 Rothomagum
1504 2701 1769 2754 introdu-

96 2783 198 2851 xit,
229 2784 337 2837 ubi
372 2784 672 2854 multiplex
692 2784 1106 2854 hospitalitatis
1140 2786 1488 2841 officiositas
1534 2788 1644 2842 viae
1681 2789 1769 2843 1a-

94 2872 309 2926 borem
330 2888 655 2941 perpessos
680 2872 1117 2944 jucundissime
1143 2880 1457 2929 recrearet.
1480 2877 1769 2932 Nimirum

95 2962 514 3031 gratulabatur
542 2965 698 3016 tanto
732 2978 913 3032 super
942 2964 1173 3033 hospite
1207 2965 1321 3018 sibi
1344 2966 1601 3019 omnium
1625 2967 1766 3020 cha-

94 3049 330 3103 rissimi
354 3051 662 3122 propinqui
693 3052 749 3104 ct
772 3051 940 3104 amici
970 3052 1185 3122 legato,
1220 3068 1393 3123 quem
1433 3054 1584 3107 inter
1613 3070 1679 3108 se
1711 3058 1766 3109 et

95 3138 332 3209 Anglos
365 3139 583 3208 quibus
627 3154 659 3192 a
693 3155 835 3211 rege
865 3141 1166 3194 secundus
1201 3145 1343 3210 erat,
1386 3143 1763 3198 mediatorem

89 3226 380 3295 Sperabat
436 3226 810 3281 ﬁdissimum.
849 3228 1184 3283 Coadunato
1241 3231 1311 3283 ad
1348 3232 1764 3288 Bonamvillam

89 3315 374 3383 concilio,
423 3315 542 3368 illic
600 3316 894 3370 Heraldus
925 3318 977 3371 ei
1034 3318 1369 3373 fidelitatem
1401 3324 1606 3375 sancto
1650 3324 1763 3377 ritu

86 3403 571 3457 Christianorum
594 3403 836 3474 juravit.
871 3405 942 3459 Et
964 3406 1117 3461 sicut
1138 3409 1528 3477 veracissimi,
1552 3412 1761 3465 multa-

84 3509 201 3563 que
257 3491 567 3547 honestate
606 3493 1054 3563 prmclarissimi
1093 3495 1363 3551 homines
1412 3499 1755 3569 recitavere,

1882 2082 2132 2147 luerunt,
2160 2081 2283 2134 etsi
2309 2080 2646 2133 multoticns
2671 2079 2726 2132 id
2746 2080 2938 2132 conati
2963 2083 3077 2132 tota
3095 2079 3148 2130 vi
3168 2078 3540 2132 obluctando.

1879 2170 2105 2222 Alanus
2138 2173 2193 2221 et
2221 2169 2516 2233 Conanus,
2551 2171 2767 2236 quanto
2802 2167 3244 2219 Northmannim
3275 2169 3541 2220 rectores

1880 2257 2386 2328 consanguinitate
2420 2256 2661 2324 propius
2695 2254 3072 2325 attingebant,
3105 2256 3262 2306 tanto
3281 2252 3540 2323 glorian-

1876 2346 2036 2399 tibus
2059 2344 2269 2398 animis
2294 2347 2495 2398 contra
2517 2342 2637 2412 eos;
2653 2342 2927 2396 elatiores
2946 2342 3293 2395 existebant.
3314 2340 3539 2395 Conani

1875 2436 1935 2488 in
1970 2437 2185 2488 tantum
2210 2432 2334 2502 jam
2358 2432 2659 2486 temeritas
2690 2431 2892 2497 crevit,
2919 2435 2979 2484 ut
3001 2429 3227 2499 quodie
3248 2429 3534 2482 terminos

1878 2522 2318 2576 Northmanniae
2342 2520 2787 2592 aggrederetur,
2822 2519 3164 2572 denuntiare
3194 2532 3311 2571 non
3338 2516 3538 2570 formi-

1876 2611 2057 2665 daret.
2087 2610 2321 2664 Homini
2344 2610 2591 2662 acrioris
2607 2614 2850 2676 naturae,
2878 2607 3119 2661 fervidae
3154 2605 3342 2659 aetatis
3368 2604 3536 2658 mini-

1877 2700 2085 2753 stravit
2106 2699 2419 2770 plurimum
2440 2697 2651 2751 fiducia
2674 2697 2839 2767 regio
2869 2694 3286 2766 longelateque
3300 2691 3534 2763 diffusa,

1875 2789 2055 2842 milite
2088 2789 2279 2859 magis
2328 2803 2501 2857 quam
2536 2786 2814 2839 credibile
2852 2785 2929 2837 sit
2976 2784 3208 2837 referta.
3259 2781 3536 2835 Partibus

1875 2878 2147 2947 equidem
2178 2878 2235 2929 in
2262 2876 2379 2930 illis
2414 2876 2581 2928 miles
2614 2890 2769 2927 unus
2800 2871 3223 2943 quinquaginta
3257 2872 3532 2941 generat,

1874 2966 2126 3020 sortitus
2158 2981 2319 3019 more
2350 2966 2602 3018 barbaro
2634 2964 2816 3016 denas
2840 2964 2936 3014 aut
2966 2961 3218 3028 amplius
3263 2973 3482 3012 uxores
3516 2972 3532 3028 ;

1872 3055 2028 3125 quod
2055 3054 2126 3108 de
2158 3054 2377 3107 Mauris
2413 3052 2716 3105 veteribus
2748 3050 3018 3116 refertur,
3044 3048 3197 3118 legis
3220 3047 3434 3100 divinae
3456 3047 3535 3100 at-

1870 3160 1983 3214 que
2012 3145 2207 3214 pudici
2240 3145 2386 3197 ritus
2410 3140 2654 3213 ignaris.
2680 3140 2768 3192 Ad
2791 3139 2897 3191 hoc
2918 3136 3284 3207 populositas
3305 3135 3435 3204 ipsa
3450 3150 3529 3188 aro

1869 3234 1983 3286 mis
2006 3237 2061 3287 et
2092 3234 2262 3303 equis
2287 3232 2557 3299 maxime,
2595 3244 2872 3282 arvorum
2904 3226 3147 3280 culturae
3176 3226 3276 3277 aut
3304 3238 3535 3278 morum

1870 3322 2107 3375 minime
2148 3322 2405 3375 student.
2443 3318 2753 3373 Uberrimo
2785 3317 2954 3384 lacte,
2989 3312 3341 3383 parcissime
3381 3325 3532 3382 pane

1870 3426 2008 3464 sese
2040 3410 2394 3480 transigunt.
2430 3407 2678 3477 Pinguia
2704 3404 2915 3475 pabula
2939 3403 3188 3474 gignunt
3215 3399 3531 3470 pecoribus

1868 3499 1999 3553 loca
2019 3503 2184 3553 vasta
2216 3502 2273 3553 et
2303 3499 2487 3552 ferme
2506 3496 2705 3550 nescia
2739 3496 3029 3565 segetum.

81 3582 184 3652 qui
216 3586 368 3635 tunc
387 3581 631 3635 adfuere
650 3584 856 3650 testes,
890 3584 947 3635 in
973 3584 1131 3637 serie
1155 3601 1382 3640 summa
1406 3590 1758 3644 sacramenti
1789 3573 1841 3636 Ο
1940 3589 2084 3643 Cum
2117 3590 2326 3642 vacant
2357 3586 2580 3652 abello,
2610 3583 2852 3653 rapinis,
2886 3580 3228 3645 latrociniis,
3265 3576 3532 3633 caedibus

82 3670 292 3725 libens
326 3670 454 3739 ipse
476 3670 603 3724 haec
634 3671 929 3737 distinxit;
956 3687 1021 3725 se
1043 3673 1101 3725 in
1126 3674 1288 3727 curia
1301 3675 1518 3733 domini
1536 3678 1630 3730 sui
1652 3677 1760 3731 Ed-

81 3759 286 3813 wardi
325 3761 509 3830 regis,
560 3759 813 3829 quandiu
852 3766 1225 3829 superesset,
1260 3762 1429 3817 ducis
1474 3764 1756 3819 W'illelmi

80 3848 384 3902 vicarium
427 3846 581 3916 fore;
630 3849 932 3902 enisurum
963 3853 1177 3920 quanto
1224 3852 1471 3905 consilio
1514 3853 1754 3924 valeret,

78 3943 181 3991 aut
215 3937 460 4006 opibus,
498 3941 556 3990 ut
579 3938 826 4008 Anglica
849 3939 1188 3993 monarchia
1217 3940 1759 4009 postEdwardide-

79 4041 340 4081 cessum
394 4026 452 4078 in
504 4025 638 4096 ejus
670 4043 843 4080 manu
881 4028 1366 4093 confirmaretur;
1413 4030 1760 4084 traditurum

79 4113 332 4169 interim
352 4114 543 4183 ipsius
563 4115 806 4168 militum
836 4116 1122 4170 custodiae
1157 4119 1416 4171 castrum
1449 4119 1756 4189 Doveram,

77 4203 293 4257 studio
333 4205 506 4272 atque
550 4208 787 4274 sumptu
820 4220 930 4258 suo
975 4207 1425 4276 communitum;
1476 4208 1611 4261 item
1655 4224 1762 4277 per

77 4293 334 4346 diversa
386 4291 513 4345 loca
548 4292 705 4346 illius
733 4295 907 4347 terrae
956 4294 1067 4347 alia
1108 4298 1321 4363 castra,
1355 4296 1454 4351 ubi
1486 4298 1759 4351 voluntas

78 4381 266 4435 ducis
297 4395 365 4433 ea
401 4381 621 4434 firmari
646 4382 903 4451 juberet,
939 4383 1168 4437 abunde
1202 4400 1433 4454 quoque
1453 4385 1760 4439 alimonias

78 4470 369 4523 daturum
402 4470 770 4524 custodibus.
788 4471 919 4524 Dux
938 4471 1124 4541 eijam
1142 4473 1501 4527 satellitisuo
1520 4479 1761 4543 accepto

80 4576 194 4629 per
211 4573 426 4612 manus
440 4558 1001 4629 antejusjurandum
1017 4564 1207 4614 terras
1222 4560 1354 4630 ejus
1371 4567 1761 4633 cunctumque

76 4649 457 4716 potentatum
487 4646 645 4700 dedit
669 4648 904 4717 petenti.
932 4647 1063 4702 Non
1099 4650 1251 4702 enim
1276 4650 1333 4703 in
1358 4650 1599 4721 longum
1623 4666 1762 4721 spe-

76 4738 335 4790 rabatur
364 4734 698 4790 Edwardus
730 4737 1073 4807 zegrolantis
1091 4737 1226 4791 vita.

154 4823 390 4878 Deinde
422 4824 557 4894 quia
598 4824 858 4878 ferocem
892 4827 946 4877 ct
1002 4825 1139 4880 novi
1171 4826 1426 4880 nominis
1486 4827 1761 4897 cupidum

76 4914 255 4969 novit
284 4914 480 4983 ipsum
515 4918 571 4966 et
600 4914 698 4984 qui
734 4917 1012 4968 venerant
1046 4931 1178 4968 cum
1204 4915 1357 4984 ipso,
1391 4917 1575 4969 armis
1608 4918 1762 4969 mili-

76 5004 323 5057 taribus
354 5006 411 5055 et
441 5003 612 5072 cquis
651 5003 1070 5056 delectissimis
1110 5004 1433 5058 instructos
1466 5020 1670 5058 secum
1701 5008 1759 5058 in

76 5092 314 5145 bellum
335 5090 731 5145 Britannicum
766 5091 947 5160 duxit,
984 5092 1275 5162 hospitem
1305 5098 1476 5163 atque
1501 5094 1756 5165 legatum
1781 5121 1836 5182 D

73 5180 265 5251 quasi
298 5180 779 5235 contubernalem
799 5182 1047 5251 habens,
1082 5186 1142 5235 ut
1171 5197 1241 5236 eo
1269 5198 1502 5253 quoque
1534 5183 1756 5239 honore

74 5269 349 5340 quodam
380 5268 493 5321 sibi
554 5269 745 5340 magis
804 5270 980 5323 fidum
1039 5273 1094 5323 et
1152 5272 1468 5325 obnoxium
1518 5270 1756 5327 faceret.

74 5358 392 5412 Britannia
422 5374 672 5429 namque
704 5360 1079 5428 praefidenter
1095 5360 1388 5413 adversus
1409 5360 1757 5414 Northman-

72 5448 247 5500 niam
291 5446 397 5500 fuit
438 5448 631 5500 omnis
661 5451 899 5502 armata.
946 5448 1141 5519 Hujus
1174 5448 1433 5502 audaciae
1481 5449 1758 5518 piinceps

72 5541 213 5591 erat
229 5536 509 5589 (Jonanus
529 5536 738 5589 Alanni
758 5536 933 5591 illius.
960 5538 1017 5591 Is
1039 5538 1095 5591 in
1114 5538 1304 5591 virum
1324 5537 1760 5591 ferocissimum

64 5625 348 5694 adultus,
388 5641 420 5678 a
468 5624 647 5680 tutela
683 5625 781 5680 diu
814 5627 1055 5682 tolerata
1094 5626 1271 5696 liber,
1305 5629 1473 5697 capto
1519 5625 1761 5682 Eudone

1870 3677 2214 3731 domesticis
2246 3675 2499 3742 aluntur,
2540 3674 2667 3726 sive
2701 3675 3072 3725 exercentur.
3133 3666 3348 3721 Prmlia
3398 3680 3534 3719 cum

1868 3764 2094 3818 ardenti
2142 3763 2441 3817 alacritate
2488 3764 2689 3815 ineunt
2723 3776 2734 3814 :
2768 3760 2904 3812 dum
2964 3757 3327 3827 praeliantur,
3386 3754 3530 3809 furi-

1866 3854 2046 3908 bundi
2078 3853 2351 3907 saaviunt.
2392 3852 2623 3903 Pellere
2655 3848 2831 3913 soliti,
2869 3846 3107 3899 difﬁcile
3158 3843 3389 3898 cedunt.
3423 3842 3531 3896 Vi-

1868 3943 2048 3997 ctoria
2098 3944 2153 3995 ct
2183 3940 2353 3994 laude
2401 3937 2719 4009 pugnando
2750 3937 2912 4003 parta
2970 3933 3211 3985 nimium
3259 3932 3531 3985 laetantur

1866 4037 2039 4101 atque
2072 4028 2461 4093 extolluntur,
2498 4026 2978 4092 interemptorum
3039 4020 3226 4089 spolia
3272 4020 3527 4087 diripere

1866 4123 1928 4174 ut
1977 4135 2125 4188 opus
2185 4117 2465 4169 decorum
2514 4113 3047 4180 voluptuosumque
3095 4110 3307 4159 amant.
3365 4104 3527 4158 Nihil

1865 4208 2131 4280 pendens
2148 4203 2575 4260 terribilitatem
2608 4201 2759 4253 hanc
2782 4199 2901 4251 dux
2915 4197 3327 4251 VVillelmusin
3350 4209 3527 4266 quem

1867 4298 2019 4352 diem
2052 4296 2367 4349 adventum
2405 4289 2627 4344 Conani
2660 4287 2939 4355 meminit,
2983 4285 3405 4355 denuntiatum,
3455 4298 3525 4340 eo

1866 4388 1995 4456 ipse
2030 4386 2177 4438 intra
2208 4383 2357 4436 ﬁnes
2388 4380 2521 4449 ejus
2554 4379 2830 4433 occurrit.
2886 4378 3009 4445 Ille,
3043 4376 3215 4447 quasi
3258 4374 3525 4430 fulminis

1868 4477 2045 4529 ictum
2080 4472 2345 4542 proxime
2378 4470 2773 4523 imminentem
2806 4468 3117 4535 extimens,
3142 4466 3203 4519 in
3231 4464 3357 4520 loca
3391 4477 3526 4534 pro-

1868 4564 2197 4635 pugnatura
2231 4560 2576 4614 citissimam
2610 4558 2809 4628 fugam
2840 4555 3107 4621 instituit,
3148 4554 3325 4608 castri
3352 4555 3527 4607 terrm

1870 4668 1995 4707 suae
2028 4651 2156 4704 Doli
2176 4648 2610 4720 oppugnatione
2633 4648 2873 4700 omissa.
2902 4646 2965 4699 Id
2994 4646 3169 4712 enim,
3195 4642 3397 4698 rebelli
3419 4641 3526 4696 ad-

1867 4756 2127 4802 versum,
2163 4738 2344 4809 justas
2385 4752 2582 4790 causa:
2624 4737 2801 4789 fidum
2838 4735 3048 4788 stabat.
3085 4733 3310 4787 Sistere
3344 4732 3527 4784 tentat

1867 4830 2168 4884 Conanum
2198 4828 2378 4880 castri
2410 4841 2640 4894 praeses
2681 4826 2948 4892 Ruallus,
2982 4825 3219 4877 revocat
3248 4819 3524 4889 illudens,

1870 4918 2084 4972 morari
2116 4916 2356 4969 biduum
2388 4917 2679 4983 precatur,
2707 4913 3014 4967 sufﬁciens
3043 4912 3179 4965 huic
3212 4924 3392 4963 mora)
3423 4906 3528 4962 sti-

1870 5006 2145 5076 pendium
2185 5004 2256 5057 ab
2291 5004 2420 5072 ipso
2454 5006 2845 5071 sumpturum.
2884 5001 3070 5054 Homo
3105 4999 3321 5052 misere
3342 4999 3529 5052 exter-

1868 5096 2039 5157 ritus,
2077 5109 2350 5163 pavorem
2382 5091 2575 5159 potius
2596 5091 2875 5158 audiens,
2902 5104 3083 5150 cursu
3103 5087 3365 5140 instituto
3394 5087 3527 5141 lon-

1871 5185 2007 5255 gius
2051 5181 2335 5253 profugit.
2371 5182 2588 5234 Duetor
2616 5178 2895 5233 terribilis
2923 5177 3022 5247 qui
3046 5176 3265 5246 depulit
3285 5176 3532 5230 instaret

1873 5271 2163 5342 fugitanti,
2191 5270 2249 5323 ni
2280 5269 2651 5322 manifestum
2684 5266 3007 5335 periculum
3038 5263 3533 5319 animadverteret

1870 5375 2049 5432 agere
2106 5359 2348 5412 militem
2387 5371 2768 5411 numerosum
2796 5356 2911 5425 :pei'
2969 5354 3246 5425 regiones
3302 5356 3527 5424 vastas,

1868 5449 2192 5515 famelicus,
2250 5447 2519 5517 ignotas.
2564 5443 2623 5497 Si
2664 5443 2803 5513 quid
2849 5443 3153 5497 residuum
3212 5444 3335 5496 erat
3368 5442 3535 5513 inopi

1866 5543 2040 5593 terrae
2064 5553 2136 5591 ex
2166 5535 2261 5588 his
2293 5551 2424 5605 quae
2456 5536 2588 5587 nata
2615 5532 2845 5587 fuerant
2876 5548 3027 5585 anno
3079 5531 3408 5602 superiore,
3470 5530 3533 5586 id

1868 5628 1928 5683 in
1958 5628 2099 5685 tutis
2124 5626 2273 5680 locis
2296 5624 2504 5679 incolae
2520 5638 2652 5679 cum
2669 5620 2986 5694 pecoribus
3005 5620 3366 5677 abdiderant.
3398 5618 3541 5676 Sta-
