4090 6162
411 341 569 408 1239
816 404 821 407 ,
1590 332 2030 394 WILLELMI
2062 331 2690 407 CONQUESTORIS
3686 350 3852 414 mo

415 546 556 601 bant
586 544 645 597 in
672 541 874 596 aristis
888 541 1096 610 fruges
1122 540 1467 591 immaturae.
1493 535 1678 607 Igitur
1705 550 1775 587 ne
1793 534 2088 605 sacrilega
2122 520 2170 579 Α
2206 535 2403 604 gentia
2450 536 2664 593 decore
2727 542 3043 597 satellitum
3103 560 3346 599 suorum
3402 552 3873 616 perseverantia

415 634 615 706 praeda
656 630 996 699 diriperent,
1042 628 1092 681 si
1152 643 1269 696 qua
1322 625 1647 694 reperirent
1687 621 2081 676 ecclesiarum
2208 622 2662 695 disponentem,
2724 630 2781 683 in
2812 630 2909 684 illa
2967 632 3405 704 gloriosissima
3456 638 3688 692 civitate
3743 642 3875 694 veri

418 726 593 789 bona,
619 723 919 774 menstrua
953 717 1196 786 penuria
1226 715 1530 785 fatigatum
1558 713 1881 766 exercitum
1913 710 2085 764 redu-
2209 715 2544 784 summique
2578 716 2715 770 boni
2761 719 2967 787 patria.
3000 720 3335 776 Genitorem
3367 740 3541 779 suum
3587 727 3875 797 inclytum

422 813 610 879 cebat,
627 825 843 879 magno
866 808 1058 860 animo
1072 818 1443 873 praesumens
1466 802 1766 855 Conanum
1787 816 1894 869 pro
1912 799 2085 852 venia
2209 800 2420 855 ducem
2453 804 2777 858 Robertum
2808 812 2945 875 post
2988 811 3363 864 memoranda
3394 814 3617 882 merita,
3652 815 3875 885 quibus

426 900 622 953 delicti
653 901 709 951 et
740 895 928 967 gratia
969 892 1309 963 propediem
1355 891 1824 960 deprecaturum.
1862 890 1933 941 At
1977 904 2090 942 ex-

429 987 659 1043 cedenti
685 985 806 1056 jam
856 982 1171 1037 Britanniae
1222 981 1462 1033 limitem
1510 982 1750 1048 repente
1802 977 2091 1030 indicatur

428 1075 788 1131 Gaufredum
814 1072 1308 1141 Andegavensem
1342 1084 1475 1121 cum
1507 1067 1850 1137 ingentibus
1905 1065 2094 1134 copiis

430 1166 667 1219 Conano
700 1162 889 1215 fuisse
937 1158 1315 1228 conjunctum
1361 1159 1416 1209 et
1446 1156 1652 1209 ambos
1701 1157 1939 1224 postero
1996 1154 2090 1208 die

436 1252 763 1323 prmliatum
810 1247 1119 1302 affuturos.
1170 1246 1368 1315 Itaque
1399 1245 1661 1313 aperitur
1686 1244 1993 1298 conflictus
2026 1258 2094 1296 eo

436 1341 704 1410 cupidior
725 1338 880 1409 quod
894 1336 1216 1407 gloriosius
1241 1334 1622 1403 intelligebat,
1648 1332 2007 1401 triumphum
2025 1332 2096 1385 de

436 1432 607 1484 hoste
620 1427 1034 1496 bino,utroque
1053 1423 1433 1492 immani,uno
1448 1422 1733 1491 consequi
1753 1421 2088 1485 certamine;

441 1518 531 1572 Ad
550 1518 660 1571 hoc
679 1516 807 1570 fore
832 1514 1209 1583 multiplicem
1229 1510 1497 1581 ejusdem
1522 1510 1800 1578 triumphi
1819 1509 2089 1562 fructum.

447 1606 693 1660 liuallus
725 1608 938 1672 autem,
976 1601 1150 1671 cujus
1200 1601 1258 1654 in
1316 1599 1608 1653 territorio
1665 1599 1910 1652 tentoria
1951 1597 2101 1667 fige-

444 1696 686 1761 bantur,
730 1690 935 1745 aft‘atur
989 1689 1228 1760 querela
1262 1704 1273 1742 :
1309 1688 1512 1741 haberi
1549 1687 1785 1757 quidem
1830 1689 2061 1757 gratum
2086 1727 2100 1754 ,

447 1783 604 1855 quod
636 1782 707 1835 ab
734 1781 967 1833 inimica
998 1780 1057 1831 vi
1086 1794 1190 1847 per
1221 1793 1353 1831 eum
1383 1777 1557 1830 fuerit
1586 1781 1843 1846 ereptus,
1878 1776 1931 1829 si
1971 1790 2103 1844 pro-

2210 889 2367 963 domi
2410 892 2654 962 claruit,
2692 895 2889 949 fasces
2921 897 3265 967 dignitatum
3297 902 3664 970 seposuisse,
3699 918 3879 972 pere-

2211 979 2444 1049 grinum
2466 981 2575 1034 iter
2604 997 2671 1035 ac
2704 983 2983 1051 periculis
3009 985 3244 1055 plenum
3273 989 3619 1060 arripuisse,
3640 990 3878 1047 deside-

2211 1068 2300 1121 rio
2333 1068 2706 1137 imperatoris
2729 1071 2889 1126 illius
2911 1073 2968 1125 in
2994 1090 3249 1143 superna
3278 1075 3419 1130 Sion
3444 1079 3880 1148 conspiciendi.

2215 1155 2408 1224 Ipsius
2451 1173 2689 1212 crucem
2737 1160 2795 1212 in
2850 1162 3080 1229 fronte,
3138 1162 3508 1219 dilectionem
3554 1167 3614 1218 in
3658 1170 3879 1236 mente,

2211 1245 2603 1299 reverentiam
2635 1248 2696 1300 in
2727 1252 2879 1318 actu,
2918 1250 3253 1306 Riehardos
3286 1269 3354 1306 ac
3369 1255 3713 1322 superiores
3736 1272 3883 1311 avos

2214 1333 2469 1400 potentia
2488 1334 2797 1401 sublimes,
2836 1338 2991 1391 fama
3014 1341 3336 1408 praeclaros
3357 1341 3656 1397 humiliter
3677 1348 3886 1414 gesta—

2216 1419 2790 1493 visse.Pensaverat,
2818 1428 3194 1495 utprudentis
3228 1431 3439 1484 animae
3460 1431 3637 1486 homo
3657 1475 3673 1503 ,
3705 1449 3885 1502 quam

2217 1507 2294 1563 sit
2341 1510 2622 1564 miserum
2680 1516 2854 1583 atque
2912 1515 3254 1570 indecorum
3315 1519 3887 1588 spoliatoshonore

2216 1598 2435 1652 caduco
2496 1600 2555 1652 in
2612 1602 2854 1656 exilium
2940 1605 3333 1675 caliginosum
3387 1608 3699 1678 damnari,
3786 1611 3884 1664 ubi

2214 1684 2447 1739 ﬂamma
2467 1687 2935 1760 inexstinguibili
2962 1693 3268 1764 ardebunt,
3295 1711 3413 1750 non
3434 1702 3886 1769 consumentur,

2215 1776 2495 1846 plangant
2553 1778 2611 1830 in
2658 1779 2919 1833 miseriis
2990 1782 3216 1852 absque
3269 1784 3575 1840 clementia
3614 1829 3628 1856 ,
3692 1791 3889 1841 errata

449 1873 665 1926 ficuum
687 1886 804 1924 non
835 1869 1024 1921 deleat
1054 1866 1421 1920 incommodo
1439 1884 1451 1931 ;
1486 1881 1619 1918 nam
1646 1864 1697 1917 si
1727 1864 2106 1933 prmstolatu-
2140 1888 2191 1949 Β
2216 1863 2688 1920 lamentabuntur
2722 1867 2949 1940 absque
3002 1872 3193 1925 venia.
3246 1872 3495 1929 Econtra
3533 1876 3675 1930 felix
3703 1883 3883 1947 atque

452 1976 554 2014 rus
605 1958 907 2012 consideat
940 1998 952 2024 ,
997 1955 1300 2026 regionem
1334 1954 1560 2007 modice
1592 1952 1901 2007 fecundam
1933 1952 2108 2005 nimis

452 2050 805 2102 attenuatam
836 2044 1097 2099 funditus
1125 2043 1442 2111 devastari;
1476 2058 1584 2095 nec
1600 2058 1784 2111 penes
1814 2041 2109 2112 agricolas

455 2137 747 2190 interesse
803 2133 1262 2188 Northmannieo
1324 2148 1398 2185 an
1442 2132 1777 2185 Britannico
1851 2130 2113 2184 exercitu

458 2227 805 2293 consumpta
834 2223 969 2276 anni
1000 2222 1263 2275 laborem
1297 2219 1642 2288 amiserint;
1677 2220 1793 2273 sibi
1824 2220 1994 2273 modo
2040 2218 2112 2271 ad

455 2313 669 2367 famam
724 2312 1025 2378 valuisse,
1074 2326 1189 2362 non
1240 2309 1312 2362 ad
1356 2308 1864 2362 conservationem
1916 2323 2113 2361 rerum

457 2402 681 2456 Conani
711 2401 1135 2470 depulsionem.
1169 2397 1674 2452 Considerandum
1706 2413 1843 2451 esse
1874 2398 1991 2450 dux
2022 2409 2111 2448 re-

458 2490 763 2561 spondens
797 2531 810 2556 ,
844 2504 918 2543 ne
976 2487 1270 2541 discessio
1327 2487 1733 2555 pr0perantior
1780 2486 2113 2555 opinionem

458 2582 646 2653 pariat
673 2580 871 2634 minus
907 2579 1192 2632 honoram
1214 2619 1227 2645 ,
1266 2579 1594 2633 detrimenti
1637 2583 2116 2650 recompendium

461 2673 521 2725 in
557 2684 703 2736 auro
731 2668 1142 2738 plenissimum
1196 2667 1495 2735 promittit.
1531 2668 1735 2722 Statim
1779 2670 1968 2725 Rualli
2016 2686 2117 2725 se-

465 2762 634 2830 getes
654 2757 941 2810 militibus
965 2756 1259 2810 interdicit
1291 2772 1359 2809 ac
1386 2771 1622 2825 pecora.
1645 2757 2117 2829 Obtemperatum

462 2851 555 2903 est
599 2848 893 2916 praecepto
915 2862 983 2899 ea
1028 2844 1381 2899 continentia
1423 2850 1482 2899 ut
1538 2845 1817 2901 frumenti
1848 2850 2121 2919 manipu-

465 2936 559 2991 lus
618 2936 830 2989 unicus
881 2935 954 2988 ad
998 2936 1566 3003 recompensandum
1628 2952 1799 2991 omne
1845 2938 2119 2992 damnum

465 3024 989 3095 superabundaret.
1022 3025 1329 3078 Certamen
1358 3025 1752 3097 nequidquam
1777 3027 1883 3081 fuit
1913 3043 2124 3097 exspe-

468 3116 686 3168 ctatum
714 3113 1055 3167 adversario
1087 3113 1279 3183 magis
1326 3113 1385 3166 in
1416 3114 1695 3169 ulteriora
1725 3115 2118 3187 profugiente,

466 3205 706 3271 recptus
746 3202 805 3254 in
843 3216 952 3255 sua
1000 3217 1107 3270 per
1146 3202 1389 3256 charum
1442 3203 1733 3273 hospitem
1802 3204 2124 3259 Heraldum
2154 3232 2208 3301 α

466 3291 623 3361 apud
652 3306 719 3344 se
764 3293 901 3360 post
929 3293 1216 3345 moratum
1254 3290 1592 3361 aliquandiu
1622 3292 1796 3347 donis
1843 3296 2120 3347 onustum

466 3380 682 3449 emisit,
716 3379 893 3450 digne
923 3384 1172 3449 utroque
1202 3382 1258 3433 et
1305 3379 1479 3450 cujus
1506 3379 1689 3449 jussu
1717 3384 1773 3435 et
1812 3398 1916 3450 pro
1947 3381 2123 3452 cujus

464 3471 689 3524 honore
735 3467 1064 3537 ampliando
1114 3470 1373 3522 venerat.
1432 3468 1581 3533 Quin
1623 3469 1795 3522 etiam
1859 3469 2124 3524 fratuelis

468 3561 602 3629 ejus
643 3558 788 3611 alter
813 3558 994 3611 obses
1051 3571 1184 3609 cum
1212 3557 1344 3625 ipso
1398 3557 1581 3611 redux
1634 3560 1874 3627 propter
1929 3560 2125 3628 ipsum

466 3645 732 3701 redditus
762 3647 870 3698 est.
905 3645 1119 3697 Paucis
1176 3644 1356 3715 igitur
1384 3647 1440 3699 te
1489 3644 1813 3715 affabimur,
1848 3648 2120 3704 Heralde.

471 3734 598 3797 Quo
622 3734 813 3787 mente
836 3735 968 3802 post
989 3731 1423 3786 haecVVillelmo
1441 3733 1842 3789 hmreditatem
1864 3736 2119 3807 auferre,

468 3822 690 3878 bellum
724 3820 944 3875 inferre
974 3836 1159 3875 ausus
1203 3837 1290 3889 es,
1326 3822 1418 3875 cui
1459 3824 1515 3877 te
1558 3826 1910 3895 gentemque
1968 3828 2126 3880 tuam

470 3926 641 3967 sacro
675 3915 878 3964 sancto
900 3908 1291 3979 jurejurando
1323 3911 1635 3982 subjeeisti
1661 3915 1760 3966 tua
1781 3915 1837 3966 et
1857 3913 2060 3984 lingua
2072 3917 2129 3969 et

468 4015 645 4053 manu
663 4000 691 4052 ‘?
712 3999 999 4052 Coercere
1033 3998 1290 4052 debuisti
1318 4002 1373 4053 et
1394 4000 1904 4075 perniciosissima
1934 4004 2129 4057 conci-

470 4088 626 4142 tasti.
658 4087 975 4141 Infelieiter
997 4088 1243 4141 secundi
1272 4088 1463 4157 flatus,
1485 4090 1582 4158 qui
1615 4090 1961 4159 nigerrimis
1975 4091 2125 4146 velis

468 4176 587 4230 tuis
646 4175 1055 4244 aspiraverunt
1131 4175 1554 4240 redeuntibus;
1617 4177 1791 4246 impie
1864 4179 2126 4233 clemens

467 4265 705 4333 pontus,
739 4263 837 4334 qui
872 4264 1183 4317 vehentem
1222 4267 1276 4317 te
1308 4264 1602 4319 hominem
1646 4265 2025 4320 deterrimum
2054 4268 2127 4321 ad

468 4354 632 4407 littus
662 4352 909 4422 provehi
940 4368 1159 4420 passus
1193 4356 1322 4421 est;
1372 4353 1611 4407 sinistre
1669 4354 1897 4423 placida
1956 4356 2128 4411 statio

469 4442 596 4511 fuit,
630 4456 763 4511 quae
777 4442 1000 4509 recepit
1018 4443 1072 4494 te
1088 4441 1462 4511 naufragium
1493 4441 1894 4497 miserrimum
1923 4446 2127 4513 patriae

467 4529 825 4584 afferentem.

543 4619 700 4673 Inter
721 4620 1137 4688 occupationes
1164 4622 1357 4674 tamen
1389 4635 1585 4673 rerum
1616 4620 1979 4689 bellicarum,
1997 4621 2123 4675 sive

473 4707 952 4775 domesticarum,
1002 4724 1150 4777 quas
1182 4709 1502 4762 mondanas
1562 4709 1871 4779 appellant,
1932 4710 2122 4764 studia

474 4798 675 4867 optimi
713 4796 999 4866 principis
1036 4797 1095 4850 in
1126 4795 1340 4850 divinis
1373 4798 1617 4867 egregia
1661 4798 1961 4867 exstitere,
1993 4815 2125 4868 quae

469 4900 577 4956 per
608 4885 843 4956 singula
888 4900 956 4939 ac
985 4900 1089 4954 pro
1114 4884 1514 4956 magnitudine
1563 4902 1670 4939 sua
1728 4887 1977 4940 recitare
2009 4903 2125 4942 non

474 4973 828 5027 sufﬁcimus.
854 4974 1114 5027 Noverat
1135 4975 1290 5027 enim
1319 4990 1432 5027 non
1457 4974 1649 5029 solum
1682 4974 2046 5044 principatus
2068 4977 2128 5028 in

471 5063 687 5116 mundo
747 5062 1025 5116 florentes
1058 5062 1225 5115 brevi
1285 5078 1502 5116 occasu
1540 5063 1872 5132 terminari,
1925 5078 2128 5117 verum

473 5150 645 5203 etiam
676 5151 865 5219 ipsius
896 5150 1093 5204 mundi
1126 5151 1373 5222 figuram
1394 5152 1714 5219 praeterire.
1752 5152 2002 5206 Unicum
2033 5168 2129 5206 au-

471 5239 590 5291 tem
635 5253 883 5309 regnum
940 5239 1313 5293 immobiliter
1370 5244 1546 5309 stare,
1609 5240 1744 5294 huic
1801 5242 2125 5310 praesidere

473 5323 880 5392 imperatorem
921 5326 1274 5381 ineffabilem
1326 5328 1623 5381 dominatu
1652 5333 1892 5397 aeterno,
1926 5345 2126 5383 rerum

473 5412 972 5466 universalitatem
1007 5431 1179 5481 quam
1221 5416 1479 5469 condidit
1519 5419 1809 5469 coaeterna
1842 5416 1958 5470 sibi
1998 5433 2127 5485 pro-

472 5498 729 5552 videntia
742 5499 1561 5572 gubernantem,terrenorum
1578 5504 1871 5557 dulcedini
1886 5505 2127 5558 nimium

475 5587 707 5642 deditos
752 5590 1030 5657 tyrannos
1076 5595 1369 5645 momento
1425 5596 1733 5646 conterere
1799 5594 2107 5661 potentem

474 5676 802 5730 diademata
829 5678 1004 5745 atque
1033 5678 1244 5746 palatia
1274 5680 1977 5751 inoestimabiliperpetim
2008 5680 2126 5736 ful-

2162 4577 2219 4647 Ο

2218 1953 2532 2022 pulchrum
2561 1970 2699 2009 esse
2731 1962 2863 2025 post
2891 1960 3436 2018 consulatlisterrae
3466 1964 3617 2019 stola
3650 1965 3884 2019 immor-

2218 2041 2456 2096 talitatis
2489 2043 2791 2099 redimitos
2848 2050 3191 2118 angelorum
3222 2051 3386 2105 cives
3429 2052 3731 2123 ordinari,
3789 2054 3890 2108 ubi

2223 2130 2539 2199 voluptate,
2560 2134 2715 2187 omni
2766 2135 3229 2205 delectabuntur,
3272 2140 3496 2209 Deum,
3556 2142 3739 2196 sicuti
3775 2146 3888 2208 est,

2225 2221 2789 2293 contemplabuntur,
2827 2224 2881 2277 in
2915 2224 3049 2295 ejus
3081 2226 3250 2281 laude
3282 2232 3564 2299 perpetua
3587 2230 3890 2301 jucunda-

2228 2307 2465 2362 buntur.

2299 2396 2402 2449 Vir
2429 2388 2624 2469 itaque
2654 2400 2872 2471 dignus
2903 2403 2998 2472 pio
3030 2407 3271 2473 parente
3302 2409 3360 2460 et
3386 2407 3499 2477 piis
3533 2408 3893 2479 majoribus,

2239 2499 2429 2554 neque
2462 2488 2598 2540 dum
2638 2492 2898 2543 armatus
2945 2493 3236 2563 actitabat,
3273 2496 3506 2550 oculum
3548 2498 3899 2552 interiorem

2234 2590 2265 2625 a
2294 2575 2503 2629 timore
2537 2577 2910 2645 sempiternae
2942 2580 3271 2650 majestatis
3311 2584 3643 2654 dejiciebat.
3688 2588 3898 2641 Armis

2234 2678 2483 2733 namque
2514 2668 2867 2733 proterendo
2890 2668 3041 2723 bella
3071 2674 3332 2741 externa,
3357 2674 3610 2728 arcendo
3644 2675 3901 2729 seditio-

2235 2766 2363 2819 nes,
2388 2753 2644 2824 rapinas,
2675 2757 2930 2827 prasdas,
2964 2759 3167 2827 patriae
3216 2762 3559 2817 consulebat
3588 2763 3900 2818 Christum

2237 2841 2450 2896 colenti
2476 2858 2489 2911 ;
2522 2848 2581 2897 ut
2613 2861 2728 2915 quo
2745 2861 2890 2915 pace
2913 2849 3046 2916 plus
3068 2848 3385 2923 frueretur,
3418 2853 3615 2905 minus
3645 2853 3905 2908 violaret

2237 2946 2406 2983 sacra
2424 2931 2706 2986 instituta.
2743 2935 2865 2989 Nec
2888 2952 3028 2991 vere
3051 2938 3269 2992 dictum
3282 2956 3537 3010 unquam
3553 2942 3660 2995 erit
3684 2958 3906 2997 susce-

2234 3019 2399 3088 pisse
2429 3035 2562 3074 eum
2600 3021 2814 3076 bellum
2849 3026 3005 3094 quod
3041 3025 3269 3096 justitia
3321 3034 3578 3084 vacaret.
3613 3031 3692 3084 Ita
3719 3030 3907 3084 Chri-

2237 3109 2461 3163 sticolae
2492 3125 2669 3181 reges
2721 3114 2981 3183 gentium
3028 3116 3420 3171 Romanarum
3452 3124 3507 3172 et
3552 3119 3901 3174 Graecarum

2236 3200 2496 3252 tutantur
2524 3215 2653 3268 sua,
2687 3202 3033 3272 propulsant
3062 3204 3516 3277 injurias,juste
3541 3208 3613 3262 ad
3642 3208 3901 3279 palmam

2240 3287 2614 3342 contendunt.
2646 3290 2790 3353 Quis
2833 3295 3025 3346 autem
3058 3294 3213 3348 dicat
3250 3310 3389 3349 esse
3437 3296 3576 3350 boni
3610 3298 3903 3368 principis

2236 3375 2355 3444 pati
2376 3376 2696 3431 seditiosos
2727 3385 2825 3433 aut
2855 3384 3122 3449 raptores
3144 3385 3171 3435 ξ)
3201 3382 3348 3454 Ejus
3384 3385 3901 3440 animadversione

2239 3467 2295 3517 et
2315 3464 2552 3535 legibus
2566 3482 2596 3519 e
2615 3467 3038 3523 Northmannia
3060 3474 3199 3525 sunt
3220 3462 3591 3527 exterminati
3613 3474 3898 3541 latrones,

2243 3551 2576 3621 homicidae,
2610 3556 2879 3611 malefici.
2924 3557 3308 3614 Sanctissime
3337 3562 3394 3613 in
3426 3561 3861 3616 Northmannia
3885 3604 3901 3630 ,

2242 3642 2673 3718 observabatur
2712 3649 3150 3700 sucramentum
3188 3649 3353 3717 pacis
3405 3665 3580 3720 quam
3625 3651 3898 3704 Treviam

2239 3737 2473 3801 vocant,
2508 3733 2665 3802 quod
2696 3732 2933 3788 effrenis
2981 3737 3294 3806 regionum
3321 3738 3567 3792 aliarum
3620 3740 3902 3811 iniquitas

2240 3816 2581 3889 frequenter
2610 3824 2874 3877 temerat.
2917 3822 3168 3879 Causam
3197 3826 3413 3895 viduae,
3446 3828 3662 3898 inopis,
3698 3829 3906 3898 pupilli

2242 3906 2371 3975 ipse
2429 3908 2726 3965 humiliter
2772 3912 3080 3979 audiebat,
3144 3915 3612 3970 misericorditer
3666 3918 3901 3988 agebat,

2244 3997 2579 4052 rectissime
2609 3999 2944 4054 deﬁniebat.
2996 4002 3146 4072 Ejus
3197 4004 3467 4074 aequitate
3522 4006 3901 4074 reprimente,

2242 4083 2501 4157 iniquam
2533 4088 2904 4157 cupiditatem
2945 4090 3121 4145 vicini
3155 4093 3351 4146 minus
3379 4093 3655 4161 valentis,
3691 4099 3786 4147 aut
3829 4094 3901 4147 li-

2240 4176 2440 4230 mitem
2469 4178 2597 4247 agri
2622 4193 2862 4231 movere
2880 4182 2977 4232 aut
2997 4194 3121 4233 rem
3140 4181 3314 4234 ullam
3335 4197 3650 4251 usurpare,
3671 4198 3781 4236 nec
3802 4198 3902 4252 po-

2241 4267 2374 4319 tens
2397 4265 2646 4319 audebat
2667 4267 2979 4337 quisquam
3002 4283 3111 4322 nec
3128 4269 3657 4337 familiaris.Villae,
3682 4274 3898 4335 castra,

2242 4352 2565 4422 urbesjura
2588 4369 2694 4423 per
2716 4371 2846 4408 eum
2863 4356 3155 4410 habebant
3185 4358 3417 4411 stabilia
3447 4360 3503 4411 et
3520 4358 3901 4427 bona.lpsum

2239 4440 2393 4496 laetis
2411 4442 2741 4511 plausibus,
2767 4444 3042 4499 dulcibus
3058 4446 3366 4499 cantilenis
3380 4446 3561 4516 vulgo
3585 4446 3900 4501 efferebant

2240 4531 2526 4600 Accipere
2576 4531 2788 4586 solitus
2819 4538 2911 4587 est
2942 4533 3114 4588 avido
3146 4534 3344 4588 auditu
3383 4536 3675 4605 suavique
3725 4538 3895 4606 gustu

2243 4635 2431 4673 sacrae
2460 4621 2694 4692 pagina:
2726 4636 3053 4691 sermones,
3090 4623 3167 4676 iis
3199 4627 3260 4677 ut
3288 4624 3498 4677 animae
3529 4623 3769 4693 epulum
3798 4640 3901 4677 su-

2242 4713 2421 4763 meret
2450 4708 2728 4763 delectari
2748 4710 3115 4775 desiderans,
3146 4712 3426 4782 castigari
3446 4716 3620 4783 atque
3647 4712 3894 4766 edoceri.

2238 4798 2516 4853 Sumebat
2559 4801 2615 4852 et
2663 4799 2990 4853 honorabat
3028 4799 3377 4854 condecenti
3429 4803 3763 4855 reverentia
3792 4800 3895 4852 I10-

2244 4887 2413 4940 stiam
2463 4887 2809 4956 salutarem;
2857 4887 3226 4942 Dominicum
3260 4888 3635 4959 sanguinem,
3670 4889 3893 4942 sincera

2246 4975 2359 5028 fide
2392 4978 2597 5029 tenens
2627 4976 2782 5046 quod
2814 4991 2953 5029 vera
2987 4976 3248 5030 doctrina
3272 4983 3661 5047 praeceperat,
3696 4990 3895 5047 panem

2245 5066 2300 5117 et
2346 5063 2544 5118 vinum
2588 5080 2721 5134 quae
2771 5064 2935 5117 altari
2984 5070 3497 5135 superponuntur,
3558 5066 3893 5120 consecrata

2240 5153 2570 5207 sacerdotis
2600 5153 2799 5224 lingua
2842 5157 2897 5207 et
2928 5169 3103 5207 manu
3131 5156 3337 5207 sancto
3370 5168 3617 5221 canone,
3652 5154 3887 5208 Redem-

2236 5243 2421 5311 ptoris
2439 5258 2635 5295 veram
2651 5258 2787 5296 esse
2809 5258 3046 5296 carnem
3070 5246 3125 5296 et
3148 5258 3349 5296 verum
3366 5257 3503 5296 esse
3518 5242 3880 5312 sanguinem.

2238 5332 2451 5401 Utique
2484 5347 2600 5385 non
2633 5331 2898 5402 ignotum
2930 5336 3022 5385 est
3054 5334 3268 5400 quanto
3296 5331 3420 5385 zelo
3448 5331 3623 5385 fuerit
3646 5332 3887 5384 insecta-

2233 5423 2354 5488 tus,
2387 5423 2559 5489 atque
2590 5420 2982 5473 exterminare
3015 5420 3300 5488 sategerit
3327 5435 3360 5472 e
3408 5425 3565 5473 terra
3596 5435 3701 5473 sua
3729 5418 3892 5471 aliter

2238 5509 2585 5561 sentientem
2637 5509 3003 5576 pravitatem.
3036 5507 3280 5561 Colebat
3329 5507 3578 5561 devotus
3629 5524 3659 5560 a
3702 5512 3887 5560 tenera

2239 5599 2406 5650 aetate
2457 5612 2626 5650 sacra
2658 5597 2963 5665 solemnia,
2997 5595 3423 5651 concelebrans
3451 5611 3518 5650 ea
3560 5592 3881 5666 saapissime

2237 5701 2368 5739 cum
2403 5685 2731 5755 frequentia
2751 5685 3020 5756 religiosi
3051 5686 3399 5753 conventus,
3426 5683 3590 5754 cieri,
3619 5684 3740 5739 sive
3767 5696 3878 5734 cu:—
