4074 6150
201 259 356 322 1241

1752 257 2044 321 GESTA.

3462 253 3621 326 1242

151 462 512 516 nobitarum.
551 459 807 514 Senibus
839 458 935 513 ille
961 457 1206 529 juvenis
1239 459 1460 530 grande
1493 457 1828 528 exemplum
1853 440 1906 503 Α
1941 457 2298 528 promittere.
2323 459 2522 527 Ipsum
2551 459 2646 528 pia
2675 460 2924 530 quadam
2958 460 3229 515 violentia
3262 462 3610 516 monasterii

151 551 431 604 inclaruit
480 549 788 603 sedulitate
846 549 1139 618 quodiana
1195 547 1620 618 frequentando
1655 563 1825 601 sacra

155 639 460 709 mysteria.
523 638 666 690 Item
696 636 829 706 ejus
879 637 1049 689 liberi
1096 637 1373 705 pietatem
1437 637 1834 690 Christianam

163 729 424 780 infantes
482 726 740 779 didicere
785 724 1053 794 diligenti
1096 725 1438 793 provisione
1473 724 1836 793 ipsius.Ful-

161 821 307 887 gent
353 813 670 885 plangandi
719 813 955 884 quidam
1015 813 1077 866 in
1129 814 1487 868 culminibus
1527 813 1834 882 potestatis

154 910 438 973 terrenae,
472 918 609 956 sese
651 902 708 955 in
739 902 1036 955 interitum
1084 902 1292 956 animae
1325 903 1397 956 ab
1419 902 1512 956 eis
1536 902 1652 971 ipsi
1685 917 1836 970 prae-

156 992 494 1060 cipitantes,
543 1005 792 1059 quorum
849 1004 1028 1042 avara
1087 989 1421 1060 malignitas
1479 990 1833 1059 optimorum

155 1083 346 1151 largae
367 1078 649 1132 voluntati
669 1077 996 1142 obsistens,
1018 1077 1301 1131 basilicas
1327 1078 1478 1131 intra
1499 1077 1841 1132 dominatio-

157 1184 294 1223 nem
317 1183 489 1222 suam
510 1166 1028 1220 construidifﬁcile
1051 1169 1148 1219 aut
1181 1166 1515 1220 nullatenus
1537 1166 1835 1236 permittit,

159 1259 540 1311 constructas
600 1256 804 1309 donari
861 1257 1035 1323 vetat,
1089 1270 1198 1308 nec
1257 1259 1499 1308 veretur
1557 1255 1835 1325 spoliare,

160 1346 490 1416 sacrilegio
526 1344 833 1398 cumulans
848 1343 1082 1396 divitias
1101 1343 1455 1412 peculiares.
1485 1329 1552 1396 In
1569 1343 1839 1413 pluribus

158 1452 304 1490 vero
337 1434 614 1488 ecclesiis
639 1433 947 1486 Dominum
978 1431 1267 1485 collaudat
1296 1431 1480 1500 patria
1511 1433 1715 1486 nostra
1746 1431 1840 1485 sui

162 1524 456 1594 principis
481 1521 763 1575 Willelmi
783 1520 1044 1591 benigno
1062 1521 1264 1574 favore
1281 1520 1622 1589 exstructis,
1647 1535 1842 1589 prom—

157 1616 256 1683 pta
291 1611 565 1682 largitate
596 1610 881 1663 adauctis.
917 1608 1028 1673 Qui
1057 1610 1278 1663 volenti
1331 1609 1600 1662 conferre
1651 1609 1841 1662 libens

161 1702 380 1770 cuique
436 1699 685 1752 liberam
741 1699 1143 1751 auctoritatem
1177 1698 1555 1767 concedebat,
1599 1699 1838 1751 sanctos

161 1790 322 1844 nulla
359 1803 614 1857 unquam
647 1786 860 1856 injuria
886 1786 1134 1855 laedens,
1167 1786 1422 1840 dicatum
1440 1785 1527 1838 eis
1545 1786 1840 1856 quidpiam

161 1875 574 1932 abalienando.
631 1874 1044 1928 meulabatur
1090 1873 1222 1944 ejus
1295 1877 1556 1942 tempore
1614 1875 1843 1928 beatam

159 1963 918 2037 ."EgyptumNor-thmannia
937 1962 1296 2033 regularium
1312 1962 1713 2016 coenobiorum
1730 1961 1844 2016 col-

162 2055 368 2125 legiis,
407 2068 538 2122 quae
567 2051 931 2121 praecipuum
967 2052 1273 2105 consulem
1305 2052 1598 2105 habebant
1651 2051 1845 2120 ipsum

166 2143 330 2197 ﬁdeli
389 2141 710 2211 patrocinio
764 2139 1005 2193 instanti
1036 2139 1400 2210 magisterio.
1438 2139 1678 2194 Cunctis
1709 2139 1842 2208 qui-

167 2232 302 2285 dem
335 2245 617 2294 amorem,
651 2229 958 2297 honorem,
985 2244 1186 2282 curam
1207 2229 1555 2293 exhibebat;
1612 2229 1845 2297 impen-

164 2322 295 2374 sius
329 2323 525 2373 tamen
578 2318 698 2371 illis
729 2333 880 2388 quos
911 2316 1106 2387 major
1162 2318 1515 2372 existimatio
1559 2319 1846 2373 studiosae

163 2409 481 2480 religionis
515 2407 966 2462 commendavit.
1025 2406 1071 2459 Ο
1102 2407 1497 2473 recolendam,
1545 2423 1577 2460 ο
1609 2407 1846 2460 imitan-

161 2500 319 2568 dam,
358 2514 391 2551 o
427 2498 482 2550 in
517 2512 688 2550 omne
721 2511 914 2550 aevum
948 2495 1390 2565 propagandam
1437 2495 1798 2566 diligentiam
1829 2493 1841 2548 l

169 2588 434 2641 Abbates
453 2589 626 2656 atque
644 2585 954 2654 pontifices
987 2599 1242 2652 persona
1267 2584 1609 2653 principans
1628 2587 1684 2637 et
1699 2583 1848 2637 laica

163 2692 268 2746 pro
303 2675 622 2744 disciplina
654 2673 1062 2728 ecclesiastica
1097 2673 1679 2727 subtilitermonebat
1709 2689 1846 2726 con-

169 2768 397 2818 stanter
430 2762 875 2829 exhortabatur,
930 2776 1140 2816 severe
1191 2761 1541 2832 castigabat.
1604 2763 1846 2826 Quoties

165 2855 299 2924 ejus
338 2853 529 2906 edicto
561 2855 616 2904 et
647 2852 884 2906 hortatu
915 2865 1248 2904 convenere
1280 2851 1592 2920 praesules,
1625 2853 1845 2905 metro-

167 2944 469 3012 politanus
527 2956 658 2994 cum
718 2938 1136 3010 suffraganeis,
1185 2940 1256 2992 de
1302 2943 1457 2994 statu
1512 2939 1840 3011 religionis,

169 3032 550 3098 clericorum,
608 3028 1034 3083 monachorum
1081 3031 1254 3098 atque
1311 3027 1594 3081 laicorum
1637 3030 1845 3100 acturi,

165 3119 418 3191 synodis
480 3118 575 3171 his
607 3117 896 3171 arbitrum
955 3132 1021 3171 se
1053 3116 1268 3170 deesse
1327 3117 1580 3186 nolebat,
1624 3133 1758 3172 cum
1789 3120 1850 3172 ut

169 3207 495 3280 praesentia
545 3222 652 3260 sua
684 3205 974 3260 studiosis
1007 3205 1248 3259 adderet
1293 3205 1573 3273 studium,
1623 3207 1850 3261 cautio-

169 3315 308 3353 nem
364 3296 574 3363 cautis,
638 3299 759 3348 tum
816 3311 888 3348 ne
937 3294 1129 3348 alieno
1202 3294 1536 3348 testimonio
1615 3295 1849 3350 discere

171 3387 470 3456 indigeret
499 3383 749 3454 qualiter
779 3381 1035 3436 fuissent
1067 3384 1216 3446 acta,
1259 3399 1392 3452 quas
1424 3386 1633 3437 cuncta
1673 3385 1851 3438 ratio-

171 3475 468 3539 nabiliter,
503 3472 769 3525 ordinate
795 3472 852 3524 et
873 3474 1078 3524 sancte
1098 3473 1225 3524 acta
1242 3472 1434 3525 fuisse
1453 3473 1847 3527 desiderabat.

175 3565 385 3618 Delato
407 3562 554 3615 forte
572 3577 715 3614 suas
737 3561 809 3614 ad
831 3575 1007 3613 auras
1025 3559 1263 3612 immani
1297 3560 1551 3631 alicujus
1582 3563 1846 3632 crimine,

172 3652 336 3722 quod
361 3650 678 3719 episcopus
713 3653 811 3701 aut
840 3647 1294 3702 archidiaconus
1323 3649 1488 3718 justo
1520 3651 1850 3705 dementius

173 3738 587 3806 vindicaverit,
621 3753 785 3791 reum
816 3737 1147 3806 majestatis
1179 3740 1416 3791 aeternis
1445 3739 1635 3791 teneri
1668 3738 1854 3808 jussit

176 3830 638 3894 incarceratum,
673 3842 983 3896 quousque
1038 3841 1216 3879 causa
1275 3825 1526 3880 Domimi
1581 3827 1852 3896 aequitate

175 3917 448 3971 districta
477 3916 918 3983 decerneretur,
969 3916 1313 3984 episcopum
1353 3917 1449 3968 aut
1479 3915 1852 3968 archidiaco-

173 4022 315 4061 num
351 4005 530 4058 veluti
562 4004 948 4057 adversarios
979 4003 1194 4057 divinae
1227 4004 1412 4073 partis
1447 4003 1772 4057 criminans
1794 4004 1853 4057 in

170 4094 469 4164 judicium
525 4092 922 4159 devocandos,
972 4092 1272 4146 feriendos
1331 4092 1497 4162 gravi
1539 4093 1852 4147 sententia.

175 4183 416 4246 Clerici,
469 4183 596 4235 sive
655 4181 946 4247 monachi,
982 4179 1158 4251 cujus
1194 4197 1227 4234 a
1259 4180 1633 4249 professione
1675 4183 1854 4236 vitam

178 4289 295 4327 non
349 4271 690 4339 discrepare
744 4269 1076 4324 testimonio
1163 4269 1455 4338 probabili
1546 4272 1850 4341 comperit,

181 4361 425 4414 charam
481 4359 733 4412 habebat
811 4357 1284 4426 collocutionem,
1337 4359 1602 4426 precatui
1677 4361 1855 4412 totam

179 4449 542 4502 voluntatem
575 4446 906 4500 inclinabat.
943 4446 1242 4500 Ediverso
1257 4460 1447 4516 neque
1497 4447 1671 4501 amici
1702 4448 1855 4502 oculi

249 4625 650 4680 Lanfrancum
681 4625 1011 4695 quemdam,
1038 4625 1109 4678 de
1133 4640 1248 4695 quo
1271 4625 1431 4679 venit
1461 4626 1516 4678 in
1539 4626 1698 4680 litem
1720 4627 1854 4695 plus

181 4732 251 4770 ne
288 4715 368 4768 sit
399 4714 644 4767 meritus
677 4713 1064 4766 reverentiam
1097 4719 1270 4783 atque
1313 4715 1558 4784 gloriam
1604 4715 1856 4769 saacula-

183 4804 341 4857 rium
390 4819 458 4856 ac
491 4802 819 4855 divinarum
845 4802 1163 4855 litterarum
1195 4802 1482 4872 singulari
1523 4804 1747 4872 peritia,
1782 4821 1855 4858 an

186 4892 417 4946 ordinis
445 4890 776 4944 mouacliici
809 4891 1099 4961 singulari
1131 4891 1526 4961 observantia,
1561 4892 1758 4947 intima
1773 4893 1857 4946 fa-

186 4981 521 5034 miliaritate
546 4979 774 5033 colebat
800 4997 810 5032 :
834 4982 894 5031 ut
914 4981 1136 5048 patrem
1167 4995 1479 5046 venerans,
1522 4995 1738 5036 verens
1797 4986 1859 5036 ut

186 5071 637 5139 praeceptorem,
685 5067 939 5138 diligens
997 5070 1059 5121 ut
1089 5083 1434 5138 germanum
1465 5071 1564 5122 aut
1604 5070 1852 5138 prolem.

185 5159 266 5211 Illi
305 5157 574 5211 consulta
606 5156 816 5210 anima:
848 5173 994 5224 sum,
1053 5157 1136 5210 illi
1168 5158 1470 5227 speculam
1516 5159 1846 5228 quamdam,

185 5247 342 5300 unde
363 5247 670 5300 ordinibus
691 5245 1116 5299 ecclesiasticis
1130 5261 1478 5314 peromnem
1503 5248 1852 5302 Northman-

188 5336 345 5388 niam
385 5335 846 5405 prospiceretur,
891 5335 1203 5389 commisit.
1241 5337 1428 5389 Potuit
1460 5352 1710 5408 namque
1743 5339 1853 5392 viri

185 5424 323 5475 talis
354 5423 611 5494 vigilans
645 5440 806 5489 cura,
836 5439 967 5475 cum
1003 5424 1310 5476 maximam
1343 5426 1745 5480 auctoritatem
1770 5444 1858 5481 sa-

191 5513 401 5580 pieniae
434 5511 658 5581 pariter
705 5527 774 5565 ac
816 5513 1146 5566 sanctitatis
1180 5514 1575 5584 praerogativa
1629 5531 1858 5586 compa-

191 5601 358 5668 ravit,
386 5602 764 5655 securitatem
795 5617 911 5656 non
943 5617 1182 5672 parvam
1213 5602 1445 5671 Optimae
1475 5603 1856 5660 sollicitudini

1877 3165 1929 3230 Ο

1946 546 2330 601 Cadomensis
2361 548 2629 602 abbatem
2675 549 2894 617 statuit,
2929 564 3046 603 non
3083 550 3278 604 minus
3310 551 3615 604 reluctan-

1944 638 2058 690 tem
2110 635 2504 706 subjectionis
2547 653 2764 705 amore,
2807 653 2978 707 quam
3014 639 3240 692 altioris
3274 640 3498 710 gradus
3529 640 3607 693 ti-

1944 739 2126 778 more.
2164 724 2360 777 Multis
2380 725 2589 778 deinde
2612 727 3127 795 possessionibus,
3161 727 3300 780 item
3340 729 3606 797 argento,

1946 829 2108 882 auro,
2144 813 2520 883 diversisque
2577 815 2939 867 ornamentis
2969 816 3395 869 monasterium
3452 816 3603 868 idem

1945 901 2339 971 locupletavit,
2370 918 2479 956 suo
2497 901 2663 973 largo
2680 907 2916 972 sumptu
2935 921 2967 957 a
2988 903 3365 958 fundamento
3395 909 3616 958 astrue-

1945 993 2066 1045 tum
2097 990 2321 1061 ingenti
2371 992 2427 1043 et
2455 990 2856 1061 magnitudine
2908 995 2962 1045 et
2992 992 3226 1060 decore,
3263 993 3441 1064 digne
3470 991 3615 1046 bea-

1947 1079 2180 1133 tissimo
2226 1081 2650 1148 protomarter
2707 1078 3028 1148 Stephano,
3103 1079 3279 1151 cujus
3348 1080 3618 1150 reliquiis

1947 1167 2464 1240 magniﬁcandum,
2499 1167 2728 1222 honore
2781 1168 3172 1222 dedicandum
3206 1171 3347 1223 erat.
3371 1169 3619 1239 Majoris

1945 1257 2203 1327 pendere
2233 1272 2406 1310 nemo
2435 1257 2856 1325 poteritofficia
2887 1272 3152 1327 precum,
3177 1274 3310 1327 quae
3332 1258 3392 1310 in
3415 1259 3621 1312 caeles-

1948 1347 2028 1398 tia
2065 1345 2388 1398 mittuntur.
2421 1343 2642 1399 Crebro
2684 1345 3035 1398 famulorum
3063 1344 3280 1399 Christi
3313 1347 3614 1400 orationes

1952 1433 2251 1505 ﬂagitabat
2287 1436 2342 1487 et
2370 1432 2599 1486 emebat
2630 1433 2883 1487 maximo
2935 1434 3178 1504 majore,
3213 1449 3346 1489 cum
3402 1434 3617 1489 bellum

1952 1526 2047 1575 aut
2077 1521 2188 1574 alia
2208 1537 2306 1574 res
2337 1521 2517 1574 ardua
2551 1521 2907 1575 imminebat.

2017 1611 2159 1664 Cum
2185 1609 2795 1678 h’eecretracto,dulcis
2809 1611 3142 1665 recordatio
3169 1611 3409 1665 obvenit
3426 1612 3617 1666 Theo-

1949 1698 2103 1752 dosii
2150 1697 2426 1768 Augusti,
2463 1713 2636 1768 quem
2697 1698 2756 1752 in
2805 1713 3063 1772 pugnam
3095 1702 3298 1753 contra
3329 1703 3612 1770 tyrannos

1864 1810 1911 1871 Β
1946 1802 2373 1856 processurum
2427 1786 2763 1840 auimabant
2817 1787 2984 1855 prius
3018 1789 3252 1842 oracula
3299 1792 3472 1858 atque
3519 1804 3621 1842 re-

1947 1893 2168 1947 sponsa
2201 1876 2450 1931 Joannis
2482 1876 2756 1930 monachi
2785 1877 2844 1930 in
2901 1877 3102 1930 ultima
3131 1877 3431 1932 Thebaide
3454 1893 3620 1932 com-

1945 1966 2251 2020 morantis.
2306 1966 2664 2035 Acceptabat
2721 1981 2794 2019 ex
2852 1966 3128 2020 omnibus
3179 1967 3486 2021 monachis
3516 1965 3613 2020 ille

1940 2053 2224 2125 joannem
2271 2053 2598 2108 obediendo
2661 2054 2930 2124 adeptum
2966 2055 3289 2125 prophetiae
3349 2055 3620 2126 gratiam,

1953 2143 2065 2197 iste
2122 2143 2512 2197 Laufrancum
2589 2157 2862 2196 sermone
2919 2147 2977 2197 et
3032 2146 3164 2196 actu
3193 2143 3466 2212 spiritum
3516 2143 3622 2196 Dei

1954 2232 2335 2285 redolentem.

2026 2319 2172 2374 Boni
2195 2320 2460 2390 plerique
2487 2320 2815 2373 transversi
2846 2318 3053 2374 effectu
3073 2319 3290 2373 cameli
3310 2319 3620 2390 sanguinis

1955 2409 2387 2482 propinquitate
2434 2406 2884 2478 conjunctorum
2945 2408 3291 2462 criminibus
3349 2409 3618 2477 parcunt,

1956 2500 2016 2553 in
2047 2498 2285 2553 excelso
2317 2496 2663 2567 dignitatum
2694 2496 2934 2568 indigne
2964 2497 3358 2566 praesidentes
3391 2511 3508 2550 non
3523 2496 3624 2549 de-
3681 2519 3696 2532 -

1955 2588 2240 2642 scendere
2261 2586 2482 2638 volunt.
2507 2585 2623 2639 Eos
2642 2585 3100 2639 clementissime
3117 2588 3391 2655 tanquam
3415 2587 3622 2638 caecat-

1955 2692 2153 2730 amore
2187 2675 2460 2741 indicant,
2497 2673 2646 2727 alios
2677 2673 3103 2743 perspicaciter
3131 2676 3303 2742 atque
3335 2672 3620 2726 districta.

1955 2761 2624 2831 CmterumWillelmus,
2644 2761 2821 2833 cujus
2840 2762 3282 2833 integerrimam
3305 2761 3624 2815 bonitatem

1956 2854 2360 2921 inscribimus,
2416 2852 2610 2906 animo
2641 2851 2922 2906 intentius
2963 2851 3228 2904 volutare
3252 2849 3391 2903 libet
3416 2865 3484 2903 ac
3511 2849 3625 2902 mi-

1956 2946 2095 3010 rari,
2114 2958 2244 2996 cum
2265 2942 2451 3011 patris
2465 2940 2856 3011 dejectionem
2873 2940 3085 2993 divinae
3101 2953 3470 3008 nequaquam
3486 2951 3625 2992 esse

1955 3031 2384 3105 praeferendam
2415 3029 2662 3097 noverit,
2721 3029 3022 3101 negotium
3054 3028 3155 3082 Dei
3187 3026 3508 3097 prudenter
3539 3027 3626 3078 si-

1954 3124 2075 3178 mul
2106 3125 2162 3176 et
2186 3121 2346 3192 juste
2378 3121 2578 3174 contra
2609 3122 2912 3188 pratruum
2945 3131 3117 3172 suum
3138 3115 3370 3187 peregit
3399 3113 3627 3184 Malge-

1956 3214 2108 3267 rium
2141 3209 2648 3279 archiprmsulem.
2670 3209 2726 3260 ls
2753 3205 3032 3260 Ricberdi
3065 3204 3316 3259 secundi
3346 3203 3507 3256 illius
3535 3217 3626 3256 sa—

1959 3317 2060 3355 cra
2095 3299 2378 3370 dignitate
2402 3297 2769 3364 abutebatur,
2802 3296 2985 3349 veluti
3033 3293 3314 3348 natalium
3337 3292 3471 3364 jure
3495 3305 3625 3345 sua.

1959 3391 2142 3443 Pallio
2189 3391 2384 3442 tamen
2441 3401 2738 3456 nunquam
2767 3387 2859 3438 est
2905 3383 3247 3455 insignitus,
3282 3381 3438 3452 quod
3470 3381 3629 3450 prin-

1963 3478 2148 3548 cipale
2166 3493 2233 3530 ac
2250 3476 2564 3547 mysticum
2583 3472 3110 3542 archiprzesulatus
3127 3468 3463 3542 insigneJm
3476 3482 3626 3522 anus

1965 3566 2215 3622 Romani
2253 3564 2547 3634 pontificis
2605 3563 2835 3616 mittere
2885 3561 3057 3616 solita
3111 3560 3164 3614 ei
3202 3557 3539 3630 denegavit,
3570 3548 3632 3610 ut

1963 3656 2158 3709 minus
2206 3655 2437 3708 idoneo.
2490 3653 2923 3722 Scripturarum
2983 3665 3197 3704 arcana
3227 3646 3630 3718 intelligentiae

1965 3743 2232 3797 litteralis
2264 3741 2433 3796 oculo
2458 3740 2736 3811 colligere
2768 3755 2885 3793 non
2907 3739 3180 3792 indoctus
3220 3737 3348 3805 fuit,
3383 3737 3490 3790 sed
3516 3749 3631 3805 quo

1963 3831 2312 3900 praecipiunt
2341 3828 2758 3896 moderamine,
2784 3842 2975 3897 neque
2998 3826 3408 3896 subjectorum
3438 3839 3630 3894 neque

1964 3919 2260 3989 propriam
2307 3918 2485 3970 vitam
2532 3915 2868 3987 gubernare
2927 3915 3169 3968 studuit.
3215 3913 3399 3978 Quam
3443 3912 3632 3982 pietas

1964 4008 2350 4078 plurimorum
2379 4004 2640 4058 ornando
2679 4003 2902 4073 ditavit,
2923 4003 3019 4057 ille
3042 4003 3348 4072 spoliando
3366 4003 3633 4055 attenua-

1967 4096 2050 4150 vit
2067 4096 2400 4164 ecclesiam,
2435 4109 2552 4148 non
2575 4108 2834 4162 sponsus
2859 4091 2993 4162 ejus
3026 4092 3115 4144 vel
3147 4092 3314 4159 pater
3344 4089 3632 4143 dicendus

1969 4185 2074 4239 sed
2105 4184 2506 4256 gravissimus
2528 4183 2801 4236 dominus
2822 4181 2914 4235 vel
2946 4179 3373 4248 rapacissimus
3405 4177 3629 4246 praedo.

1967 4274 2207 4328 Mensas
2226 4272 2497 4343 equidem
2509 4271 2750 4325 nimium
2766 4266 3405 4335 sufﬁcientes,nimium
3417 4264 3634 4318 nitidas

1965 4362 2258 4432 praebere,
2316 4360 2620 4432 largiendo
2652 4358 2882 4413 laudem
2913 4372 3109 4413 emere
3143 4355 3394 4423 amabat,
3429 4353 3629 4423 specie

1914 4481 1952 4514 ς
1964 4449 2334 4518 liberalitatis
2363 4447 2672 4519 prodigus.
2697 4447 2867 4516 Saepe
2899 4460 3145 4500 numero
3169 4443 3426 4498 monitus
3461 4445 3634 4511 atque

180 4540 463 4606 respectu
493 4536 844 4607 dignabatur
869 4535 1148 4589 infamem
1171 4536 1246 4589 ob
1279 4537 1682 4591 enormitatem
1697 4538 1852 4591 vitae.
1887 4524 1936 4584 Β

1966 4539 2292 4609 castigatus
2310 4537 2584 4606 privatim
2614 4541 2787 4607 atque
2801 4534 3034 4606 publice
3047 4533 3267 4588 domini
3281 4529 3634 4602 suijuvenis

1965 4630 2021 4681 et
2049 4627 2183 4679 laici
2215 4627 2478 4696 sapiente
2508 4625 2830 4697 diligentia,
2865 4639 3117 4696 pergere
3148 4622 3398 4676 malebat
3430 4619 3632 4674 eadem

1967 4716 2271 4785 pravitatis
2321 4715 2435 4769 via.
2493 4715 2616 4769 Nec
2649 4715 2802 4768 enim
2832 4715 3068 4768 modum
3090 4712 3287 4782 posuit
3316 4708 3630 4780 largitioni,

1971 4805 2158 4859 donec
2207 4805 2384 4859 sedes
2438 4804 2880 4873 metropolitana
2939 4803 3100 4856 omni
3139 4801 3262 4855 fere
3293 4801 3634 4854 ornamento

1974 4895 2160 4948 caruit
2190 4898 2246 4948 et
2263 4895 2560 4948 thesauro.
2581 4893 2920 4964 Sequuntur
2941 4890 3236 4946 multoties
3267 4887 3636 4959 largitionem

1973 4983 2216 5052 rapinae,
2253 4985 2547 5037 Praeterea
2575 4983 2864 5036 molestus
2896 4981 3150 5034 infamiae
3183 4979 3314 5050 ejus
3350 4977 3496 5031 odor
3526 4974 3634 5028 dif-

1973 5071 2328 5126 fundebatur
2345 5073 2419 5126 ob
2451 5071 2562 5124 alia
2595 5071 2859 5124 crimina.
2893 5071 3008 5124 Sed
3041 5085 3073 5122 a
3106 5069 3331 5122 ratione
3379 5065 3635 5121 alienum

1970 5160 2240 5215 ducimus
2271 5161 2329 5213 in
2348 5162 2505 5214 vitiis
2519 5160 2887 5230 publicandis
2909 5158 3225 5227 immorari,
3251 5171 3500 5228 quorum
3525 5171 3636 5208 nec

1969 5251 2189 5304 decens
2239 5249 2470 5304 videtur
2525 5248 3021 5315 commemoratio,
3070 5263 3178 5301 nec
3217 5245 3420 5300 notitia
3449 5245 3634 5299 utilis.

1971 5340 2156 5393 Leesit
2177 5341 2419 5407 insuper
2447 5338 2667 5408 injuria
2698 5352 2812 5391 non
2837 5338 2950 5390 levi
2972 5336 3300 5390 Ecclesiam
3324 5334 3640 5389 universa-

1967 5429 2102 5497 lem,
2140 5427 2315 5498 cujus
2349 5427 2584 5480 unicum
2618 5427 2919 5495 primatem
2953 5441 3246 5481 summum
3269 5425 3328 5478 in
3362 5423 3506 5479 orbe
3527 5430 3643 5479 ter-

1969 5533 2168 5572 rarum
2200 5515 2538 5585 antistitem,
2571 5530 2688 5569 non
2709 5531 2824 5586 qua
2855 5516 3068 5586 decuit,
3101 5514 3648 5572 obedientiavene-

1967 5611 2130 5663 ratus
2169 5607 2280 5660 est.
2316 5604 2466 5659 Nam
2513 5605 2824 5677 apostolici
2855 5606 3143 5662 mandato
3167 5604 3390 5673 saepius
3422 5603 3497 5657 ad
3527 5607 3660 5666 Ro-
