4074 6150
452 318 607 385 1943

1587 315 2026 389 WILLELMI
2098 314 2738 389 CONQUESTORIS

3660 321 3783 386 1264

431 535 671 576 manum
699 521 1013 577 concilium
1046 522 1292 589 accitus,
1327 520 1526 577 renuit
1554 521 1660 575 ire.
1686 520 1838 574 Sane
1867 518 2111 589 pigebat
2138 499 2188 555 Α
2218 533 2536 587 generoso,
2561 516 2803 588 juvenis
2833 534 2866 571 a
2889 517 3156 587 principe
3174 517 3596 586 pontiﬁcatusin
3625 521 3805 589 apicem

431 610 887 681 Rothomagum,
933 611 1173 681 pigebat
1194 614 1463 664 cunctam
1498 608 1986 663 Northmauniam
2017 623 2107 660 ar-

440 698 838 769 chiprzesulis,
875 698 975 769 qui
1006 714 1139 752 cum
1186 698 1514 752 honestatis
1548 697 1740 751 forma
1780 696 2110 750 eminentes

430 803 701 859 quosque
742 788 1088 842 antecedere
1144 788 1406 854 deberet,
1502 786 1834 839 inﬁmarum
1912 801 2111 854 persoo

437 892 648 931 narum
694 875 1031 930 testimonio
1061 878 1376 930 accusante
1411 875 1844 943 confutabatur,
1877 875 2110 928 univer-

447 980 648 1019 sorum
680 965 962 1034 despectu
993 964 1413 1035 degradandus
1446 965 1820 1017 censebatur.

509 1050 796 1122 Princeps
848 1054 1028 1121 igitur
1069 1052 1548 1106 animadvertens
1577 1052 1701 1122 jam
1730 1067 1846 1106 non
1872 1051 2111 1106 monitis

438 1141 537 1212 agi
566 1144 838 1210 oportere
870 1142 930 1193 in
964 1156 1139 1194 causa
1168 1141 1481 1210 praecipuae
1510 1141 1839 1211 gravitatis,
1865 1154 1941 1193 ne
1960 1140 2111 1193 ultra

446 1229 719 1298 patiendo
750 1228 995 1297 superni
1015 1228 1221 1298 judieii
1256 1230 1401 1282 iram
1446 1229 1700 1282 irritaret
1732 1229 1790 1282 in
1813 1244 1899 1297 se,
1934 1229 2110 1297 depo-

444 1317 563 1371 suit
588 1320 863 1387 patruum
893 1317 952 1370 in
982 1316 1218 1385 publico
1252 1320 1473 1371 sanctas
1507 1317 1738 1388 synodi,
1799 1318 2107 1387 apostolici

432 1403 658 1458 vicario
718 1404 1066 1473 cunctisque
1097 1404 1541 1459 Northmannim
1591 1404 1913 1473 episcopis,
1941 1403 2110 1475 juxta

434 1506 726 1547 canonum
783 1492 1207 1560 auctoritatem,
1262 1492 1611 1546 sententiam
1649 1492 1923 1546 dantibus
1962 1506 2110 1546 una-

431 1581 576 1635 nimi
608 1596 927 1635 conscnsu.
961 1580 1292 1634 Maurilium
1340 1596 1479 1633 vero
1517 1580 1813 1633 cathedrae
1847 1580 2112 1633 liberatae

436 1669 711 1739 providit,
745 1684 821 1723 ex
852 1669 1033 1736 Italia,
1068 1668 1167 1722 ubi
1190 1684 1390 1738 supra,
1428 1672 1680 1723 caeteros
1711 1669 1947 1722 abbatis
1978 1669 2115 1722 emi-

438 1758 559 1813 cuit
607 1757 862 1811 eximius
894 1758 1222 1824 reductum,
1258 1757 1678 1829 dignissimum
1721 1772 1952 1810 summo
1983 1772 2111 1811 om-

2214 610 2555 674 provectus,
2582 607 2873 677 spirituali
2904 621 3040 660 mox
3071 606 3281 659 canitie
3309 606 3542 660 senibus
3574 610 3806 663 maturior

2213 696 2486 749 enitebat.
2512 695 2895 765 Nequaquam
2914 694 3012 748 ille
3035 694 3108 749 ob
3121 695 3418 764 antiquum
3436 698 3659 749 stemma
3673 702 3803 751 uota~

2210 784 2382 838 batur
2403 783 2731 851 fastuosus,
2760 798 2866 837 nec
2879 784 2954 836 ob
2969 783 3232 837 altiorem
3250 783 3490 853 gradum
3518 785 3630 837 sive
3643 785 3808 839 ﬂoren-

2210 876 2325 926 tem
2357 875 2586 926 aetatem
2615 873 2809 925 animo
2839 874 2937 924 aut
2967 872 3179 937 elatus,
3210 874 3309 924 aut
3336 886 3437 940 per
3464 872 3698 926 lubricas
3724 890 3806 927 vo-

2208 960 2460 1029 luptates
2494 976 2706 1032 vagus.
2742 960 3024 1014 Librabat
3040 959 3313 1029 equidem
3331 963 3561 1013 strenua
3577 961 3809 1015 sollicitu-

2215 1048 2349 1119 dine
2372 1064 2556 1120 grave
2587 1064 2823 1117 munus,
2856 1051 3023 1102 caute
3043 1048 3395 1120 gestandum
3418 1063 3580 1102 onus.
3602 1049 3811 1117 Propriae

2209 1138 2688 1192 conversationis
2702 1137 3011 1192 directioni
3032 1140 3247 1191 attente
3269 1136 3688 1208 vigilabat,jugi
3707 1154 3813 1191 cura

2208 1226 2635 1296 speculabatur
2652 1226 2947 1295 pascendo
2965 1240 3173 1296 grege,
3190 1226 3277 1279 sic
3301 1224 3668 1278 manifestans
3680 1241 3812 1295 quam

2208 1318 2377 1369 acute
2409 1314 2776 1385 prospiceret
2795 1314 3023 1369 interno
3055 1314 3295 1381 lumine,
3319 1313 3477 1383 quod
3498 1329 3713 1367 sacrum
3737 1317 3813 1368 mi-

2209 1403 2524 1457 nisterium
2580 1404 2895 1472 acceperit,
2927 1402 3198 1473 regimen
3224 1402 3814 1467 ecclestasticum,'non

2210 1492 2572 1545 dominatum
2603 1490 2697 1544 vel
2729 1493 3033 1545 honorem.
3067 1490 3288 1558 Terris,
3320 1490 3617 1557 thesauro,
3647 1491 3818 1559 pretio-

2209 1595 2425 1635 sorum
2457 1582 2931 1633 ornamentorum
2962 1578 3176 1633 decore
3206 1583 3472 1632 sanctam
3502 1593 3745 1647 sponsam
3762 1579 3821 1632 di-

2209 1669 2372 1723 tavit.
2405 1667 2871 1722 Convenustavit
2899 1682 3027 1720 eam
3049 1667 3265 1721 mdium
3293 1682 3528 1737 quoque
3556 1666 3675 1736 ejus
3700 1670 3819 1721 tanto

2213 1757 2372 1812 cultu
2403 1760 2466 1810 ut
2485 1756 2811 1828 ambigeret
2841 1757 3162 1826 inspector,
3196 1756 3412 1810 melius
3445 1771 3513 1810 ne
3544 1771 3681 1809 nova
3712 1771 3819 1809 con-

439 1847 603 1900 nium
640 1845 1131 1915 archipraesulatu
1149 1845 1356 1899 merito
1380 1845 1641 1916 generis,
1668 1860 1964 1915 personis,
1990 1845 2107 1898 vir-
2139 1836 2186 1889 Β
2212 1847 2530 1916 surgerent
2576 1847 2677 1898 aut
2705 1847 2936 1899 vetusta
2980 1847 3423 1913 rapararentur.
3450 1844 3653 1898 Verum
3675 1844 3725 1897 in
3749 1858 3823 1897 se-

438 1937 647 2001 tutum,
680 1934 982 1987 doctrina).

508 2021 708 2092 Hujus
756 2037 962 2091 parem
1021 2023 1351 2092 quemdam,
1413 2027 1468 2077 et
1497 2023 1555 2076 in
1592 2023 1991 2077 anachoretici
2034 2022 2109 2075 ri-

439 2109 606 2181 goris
621 2109 960 2164 commilitio
976 2110 1246 2165 sedulum
1266 2111 1740 2165 contubernalem
1758 2108 2109 2166 Gerbertum

439 2200 666 2253 cuncta
679 2198 1007 2252 sanctitatis
1030 2200 1394 2253 conscientia
1415 2205 1470 2253 et
1488 2199 1640 2253 fama
1666 2200 1833 2269 juxta
1853 2200 2106 2265 beatum,

439 2285 661 2356 aliquot
716 2291 852 2355 post
882 2302 1070 2340 annos
1114 2288 1384 2341 coenobio
1416 2288 1613 2342 Sancti
1668 2287 2111 2358 Guandregisili

439 2373 761 2444 praefecit.,
822 2374 1083 2429 ordinem
1117 2376 1405 2445 dilapsum
1441 2376 1752 2430 restituere
1798 2375 2112 2429 intendens

438 2477 546 2533 per
576 2462 847 2518 abbatem
876 2463 1261 2532 spiritualem.
1287 2464 1473 2519 Ambo
1504 2464 1583 2531 hi,
1608 2465 1667 2518 in
1700 2468 1868 2519 aetate
1900 2465 2111 2519 ﬂoren-

394 2594 399 2598 .
438 2551 672 2606 tissima
707 2551 1091 2620 divinitatem,
1123 2556 1179 2606 et
1204 2570 1377 2623 quam
1393 2553 2111 2625 divinitaslargitur,bea-

454 2638 761 2692 titudinem
819 2640 1125 2709 speculati,
1177 2641 1289 2694 alio
1357 2642 1653 2712 multoque
1704 2642 2113 2710 perspicatiori

448 2725 663 2781 mentis
694 2727 985 2793 acumine,
1022 2744 1193 2797 quam
1225 2730 1410 2796 l’lato,
1446 2730 2111 2799 nudaprofessioneim-

440 2814 771 2884 pedimenta
807 2831 1004 2870 rerum
1023 2817 1427 2886 temporalium
1451 2833 1719 2887 evasere,
1736 2818 2112 2888 despicantes

445 2903 757 2959 mundanae
786 2904 1183 2975 phi1080phiae
1216 2905 1545 2960 vehementi
1566 2908 1955 2977 applicatione
1985 2925 2017 2960 a
2045 2923 2112 2962 se

444 2994 630 3047 amata
661 2993 991 3063 gymnasia,
1027 2994 1196 3063 patrii
1221 2994 1578 3049 solidulcem
1603 2996 2112 3066 arrisum,opibus

445 3097 514 3135 ac
571 3082 968 3153 generositate
1026 3082 1244 3137 claram
1297 3084 1676 3153 parentelam,
1712 3100 1878 3155 spem
1920 3085 2113 3139 subli-

2196 1935 2464 2004 rmetipso
2510 1934 2734 1988 dicavit
2783 1934 2837 1987 ei
2859 1933 3053 1987 dotem
3073 1948 3216 1986 auro
3246 1936 3301 1987 et
3326 1933 3543 1986 electro
3558 1932 3824 1985 chariorem

2213 2024 2491 2093 omnique
2522 2022 2734 2092 lapide,
2756 2022 2886 2076 sive
2916 2037 3148 2093 gemma
3172 2020 3644 2090 splendidiorem.
3675 2020 3822 2073 Vene-

2213 2117 2418 2166 rantur
2448 2126 2515 2164 ac
2545 2110 2798 2181 diligunt
2830 2109 3384 2164 reverentissimum
3408 2108 3701 2178 praesulem
3729 2124 3825 2160 mo-

2214 2199 2495 2267 nasteria,
2529 2199 2763 2269 synodi,
2807 2198 3007 2264 curiae,
3038 2202 3101 2251 ut
3120 2196 3578 2267 prudentem,ita
3594 2196 3828 2265 eloquen-

2213 2292 2351 2353 tem,
2408 2291 2471 2341 ut
2519 2287 2771 2358 justum,
2818 2288 2897 2341 ita
2942 2286 3286 2340 discretum.
3337 2285 3451 2349 Qui
3482 2300 3587 2338 nec
3614 2284 3826 2353 pecunias

2215 2393 2471 2447 unquam
2530 2376 2720 2430 faveat
2747 2378 2847 2429 aut
2878 2376 3105 2447 gratim,
3139 2374 3269 2428 sive
3319 2375 3383 2428 in
3408 2373 3628 2444 judicio
3656 2374 3762 2426 sive
3784 2370 3826 2423 in

2214 2465 2464 2521 consilio
2494 2466 2844 2520 sententiam
2869 2465 3096 2519 dicens.
3138 2464 3273 2534 Ipse
3303 2463 3589 2534 profecto,
3622 2476 3735 2517 cum
3759 2460 3831 2514 de-

2215 2559 2535 2624 poneretur
2546 2554 2689 2607 arch
2710 2553 2957 2624 ipraasul
2971 2553 3315 2625 Malgerius,
3328 2552 3832 2623 voxjustitiaasono-

2216 2661 2277 2698 ra
2309 2644 2441 2711 fuit,
2474 2647 2814 2697 constanter
2836 2657 3191 2711 permanens
3222 2643 3277 2695 in
3301 2646 3469 2712 parte
3492 2641 3611 2708 Dei,
3636 2642 3828 2709 propter

2216 2734 2401 2787 Deum
2423 2732 2710 2785 damnans
2761 2732 2944 2785 filium
2976 2730 3185 2801 patrui.
3226 2730 3485 2784 Exhibet
3515 2744 3580 2782 se
3599 2726 3826 2781 blandum

2214 2838 2282 2876 ac
2329 2836 2607 2875 severum
2656 2820 3076 2874 decentissima
3107 2820 3165 2872 in
3198 2820 3551 2873 alterutrum
3586 2817 3830 2887 permuta-

2216 2911 2392 2975 tione;
2413 2910 2650 2964 mullius
2664 2908 3160 2978 hominis,'omnis
3183 2908 3311 2962 vitii
3330 2907 3593 2962 clemens
3614 2919 3840 2974 persecu-

2217 3003 2325 3067 tor,
2360 2999 2495 3069 pius
2545 2999 2842 3051 inimicus.
2874 2996 3176 3068 Subjectis
3217 2995 3566 3050 ﬁdelissime
3607 2990 3834 3055 consulit,

2217 3087 2647 3159 comparandus
2678 3086 2999 3155 prudenter
3038 3084 3429 3157 diligentibus
3463 3082 3730 3153 patribus,
3760 3077 3831 3148 qui

442 3169 622 3225 mium
647 3174 1009 3240 provectum.
1042 3172 1140 3225 Sic
1192 3172 1384 3227 animo
1419 3173 1641 3228 victore
1672 3174 1927 3243 expediti
1958 3190 2114 3228 nunc
2141 3162 2187 3218 Ο
2208 3177 2497 3249 juvenum
2527 3176 2781 3230 filiorum
2813 3189 2932 3229 non
2954 3177 3071 3227 tam
3099 3176 3233 3228 vota
3263 3174 3529 3244 cogitant
3545 3185 3704 3242 quam
3717 3181 3833 3221 com-

442 3259 555 3313 sub
583 3258 731 3331 jugo
753 3260 1351 3329 emnobiorum,nunc
1384 3263 1438 3314 in
1472 3262 1653 3316 eremi
1688 3264 1842 3316 lucta
1873 3263 2111 3317 aemulis

445 3347 920 3403 Machabmorum
951 3348 1687 3414 decertabantsudoribus,
1714 3367 1820 3420 pro
1851 3352 2117 3406 intermi-

448 3435 1067 3509 nabililetzliberalitate
1100 3441 1155 3491 et
1176 3438 1393 3507 quiete,
1416 3454 1647 3493 omnem
1668 3442 2112 3510 extremitatem,

448 3525 667 3579 nullam
696 3526 1102 3595 praelationem
1139 3527 1199 3579 in
1231 3525 1443 3580 exsilio
1467 3528 1669 3581 mundi
1699 3530 2115 3596 praetereuntis

447 3612 795 3669 ambientes.

519 3701 871 3757 Sublimavit
902 3701 1056 3756 idem
1086 3702 1362 3772 princeps
1385 3705 1767 3774 quamplures
1800 3705 2112 3776 ecclesias,

451 3789 695 3859 provide
724 3790 1001 3845 trutinata
1057 3791 1422 3847 ordinatione
1453 3794 1774 3862 prmsulum
1804 3797 1977 3866 atque
2008 3794 2115 3849 ab-

452 3880 676 3949 batum,
710 3879 817 3933 sed
874 3880 1172 3951 praecipue
1218 3882 1675 3952 Lexoviensem,
1703 3884 2112 3955 Bajocensem,

454 3968 901 4023 Abrincensem.
954 3970 1162 4024 Statuit
1192 3971 1345 4025 enim
1390 3987 1618 4026 summe
1659 3974 1905 4027 idoneos
1935 3972 2118 4043 ponti-

450 4056 617 4125 ﬁces,
643 4056 955 4129 Hugonem
986 4059 1248 4128 Lexovii,
1269 4059 1571 4129 proprium
1596 4061 1836 4116 fratrem
1857 4062 2117 4116 Odonem

451 4144 825 4216 Bajocarum,
909 4147 1196 4203 Joannem
1228 4149 1640 4203 Abrincarum.
1728 4152 1987 4214 Quorum
2058 4150 2116 4204 in

451 4234 738 4290 electione
795 4250 980 4305 penes
1030 4235 1327 4307 judicium
1378 4237 1511 4308 ejus
1558 4238 1820 4308 probitas
1853 4239 2118 4309 ipsorum

450 4324 633 4377 valuit
688 4338 806 4378 non
863 4324 1104 4379 altitudo
1191 4325 1469 4380 natalium
1528 4328 1933 4395 proximorum
1980 4328 2114 4397 ipsi.

451 4410 710 4465 Joannes
746 4411 1038 4481 Radulphi
1073 4414 1305 4467 comitis
1348 4413 1503 4467 filius
1537 4413 1896 4485 jampridem
1926 4414 2121 4470 laicus

2214 3267 2404 3321 moda.
2440 3264 2621 3318 Favet
2651 3263 3095 3334 congratulans,
3121 3266 3179 3317 et
3205 3262 3526 3316 auxiliatur
3552 3259 3724 3315 coeliei
3745 3257 3832 3309 Re-

2213 3357 2309 3427 gis
2341 3354 2603 3426 quolibet
2633 3352 2694 3407 in
2725 3352 2933 3407 ordine
2955 3351 3263 3419 militibus,
3296 3351 3354 3403 in
3389 3350 3743 3405 veneratione
3758 3343 3834 3397 mi-

2213 3445 2378 3498 litum
2436 3445 2491 3496 et
2548 3457 2748 3496 amore
2794 3456 2999 3512 regem
3020 3441 3216 3511 ipsum
3256 3444 3492 3493 calens.
3527 3437 3621 3491 Sic
3648 3448 3838 3503 semper

2214 3532 2507 3587 humanus
2537 3531 2700 3599 vivit,
2733 3530 2822 3584 sic
2855 3529 3203 3597 abstemius,
3223 3530 3287 3582 ut
3325 3527 3717 3581 indesinenter
3740 3518 3842 3574 atie-

2215 3624 2304 3673 rat
2360 3617 2583 3672 homini
2617 3617 2856 3688 cuique,
2916 3616 3141 3686 saepius
3200 3619 3394 3669 tamen
3442 3631 3558 3669 non
3608 3611 3839 3673 redituro,

2216 3708 2457 3779 prandia
2492 3722 2621 3774 sua,
2661 3706 2780 3760 Deo
2807 3704 3039 3776 jejunia
3070 3721 3200 3759 sua.
3237 3704 3499 3757 Hilarem
3531 3718 3596 3756 se
3624 3706 3675 3755 et
3714 3712 3841 3752 com-

2217 3796 2494 3850 munione
2513 3797 2765 3866 gratum,
2786 3794 3025 3848 minime
3049 3793 3457 3859 silescentem,
3475 3805 3687 3846 mensae
3699 3787 3840 3841 abun-

2218 3884 2375 3939 danti
2407 3887 2463 3937 et
2490 3883 2664 3937 lautae
2696 3897 2814 3937 non
2844 3882 3116 3954 denegat,
3139 3885 3337 3953 gustat
3364 3880 3618 3951 imperio
3643 3882 3840 3935 natum,

2220 3988 2337 4027 non
2360 3972 2647 4041 epulatur.
2689 3972 2952 4025 Pascunt
2982 3986 3116 4025 eum
3143 3970 3395 4037 deliciae,
3433 3969 3645 4039 quibus
3673 3964 3841 4019 animm

2219 4062 2557 4115 esurientes
2587 4065 2808 4114 mterna
2841 4060 3007 4129 pasci
3028 4058 3344 4124 desiderat,
3382 4073 3533 4129 quas
3550 4054 3841 4110 Paracletus

2221 4149 2485 4205 cmlestis
2517 4149 2761 4203 dulcore
2792 4148 3045 4202 infundit
3069 4148 3463 4212 suavissimo;
3488 4144 3736 4200 excubiae
3754 4152 3848 4192 ora-

2218 4238 2484 4293 tionibus
2517 4242 2819 4303 vacantes,
2872 4237 3206 4291 divinorum
3245 4235 3580 4290 officiorum
3624 4230 3846 4286 studiosa

2220 4327 2669 4396 concelebratio,
2696 4326 3270 4381 saertebibliothecm
3300 4324 3497 4379 cultus
3527 4317 3840 4394 perfamilia—

2228 4418 2595 4488 ris,denique
2615 4415 3112 4486 sancticujusque
3131 4416 3331 4484 operis
3347 4414 3680 4468 indefessus
3695 4421 3843 4461 amor.

451 4498 679 4569 ordine,
708 4499 973 4553 eruditus
1006 4501 1215 4555 litteris
1248 4502 1428 4571 clero,
1464 4505 1579 4557 imo
1610 4504 1944 4558 rectoribus
1979 4506 2132 4579 cleri
2157 4515 2208 4573 D
2237 4508 2367 4576 His,
2390 4508 2650 4577 inquam,
2684 4505 2981 4575 praecipue
3013 4503 3356 4571 delectatur,
3376 4503 3474 4556 his
3503 4499 3663 4554 avide
3690 4492 3846 4567 pasci-

456 4588 840 4642 admirandus
890 4589 1223 4643 innotuerat
1270 4590 1388 4645 vita
1425 4591 1730 4663 religiosa.
1784 4592 1914 4647 Non
1965 4594 2125 4649 illius

458 4676 754 4732 desideria
790 4677 990 4747 specie
1022 4679 1407 4734 sacerdotalis
1438 4680 1662 4751 gradus
1692 4680 1997 4750 honorem,
2016 4683 2121 4737 sed

458 4765 623 4821 illum
652 4770 789 4820 vota
819 4766 1141 4835 praesulum
1169 4767 1501 4823 ambierunt
1524 4769 1813 4841 collegam
1836 4771 1951 4826 sibi
1982 4788 2120 4826 con-

465 4855 844 4911 secrandum.
869 4854 1131 4910 Odonem
1150 4856 1221 4909 ab
1237 4857 1407 4911 annis
1425 4858 1753 4927 puerilibus
1770 4859 2120 4929 optimorum

456 4960 702 5000 numero
734 4959 998 4999 consona
1028 4946 1323 5014 praeconia
1341 4946 1690 5016 optimorum
1723 4948 2119 5020 inseruerunt,

459 5031 671 5089 Fertur
687 5033 783 5088 hic
800 5032 1227 5105 inlonginquas
1250 5035 1528 5107 regiones
1543 5035 1926 5092 celeberrima
1946 5038 2123 5109 fama;

460 5122 567 5175 sed
622 5122 815 5192 ipsius
847 5122 1251 5177 liberalissimi
1283 5126 1456 5195 atque
1505 5124 1813 5179 humillimi
1861 5128 2039 5181 multa
2071 5132 2127 5182 et

462 5207 750 5263 industria
772 5213 830 5265 et
848 5211 1084 5267 bonitas
1134 5212 1387 5282 amplius
1419 5216 1696 5268 meretur.

537 5299 849 5369 Hugonem
874 5317 1048 5372 quem
1081 5304 1354 5373 propiore
1376 5303 1769 5359 familiaritate
1783 5308 2128 5376 conspecta-

464 5387 681 5455 vimus,
714 5387 932 5443 dictatu
954 5391 1328 5464 longiuscule
1342 5394 1475 5447 aliis
1496 5394 1758 5449 indicare
1787 5396 2129 5466 neutiquam

464 5487 802 5544 gravamur,
834 5479 1107 5545 quoniam
1138 5479 1271 5550 ejus
1303 5482 1702 5554 cognitionem
1720 5484 1850 5538 aliis
1868 5499 1986 5539 non
2016 5483 2128 5538 du—

462 5557 724 5617 bitamus
772 5563 1155 5634 profuturam.
1216 5569 1273 5623 Is
1335 5570 1616 5627 Richardi
1660 5573 1897 5644 Inepos
1927 5574 2128 5629 etfilio

464 5645 769 5712 Willelmo
817 5654 1078 5710 Aucensi
1108 5657 1338 5728 comite,
1371 5675 1493 5717 non
1531 5662 1727 5721 minus
1764 5663 1922 5720 bono
1952 5677 2129 5736 quam

2231 4600 2329 4655 tur
2342 4596 2596 4668 Optimus
2620 4591 3094 4647 Dominiciovilis
3106 4593 3311 4661 pastor
3334 4590 3530 4661 Hugo.
3551 4588 3611 4641 In
3623 4580 3849 4639 adversis

2231 4686 2543 4744 eventibus
2575 4681 2923 4749 constantia,
2948 4682 3006 4733 in
3036 4680 3319 4735 secundis
3333 4677 3618 4733 modestia
3645 4672 3846 4743 parilem

2226 4775 2459 4831 laudem
2473 4771 2872 4842 consequitur,
2891 4768 3109 4823 nullius
3127 4767 3398 4838 cupidus.
3416 4767 3670 4837 Linguas
3682 4774 3848 4815 aman-

2228 4867 2319 4920 tes
2333 4863 2581 4918 alienam
2598 4862 2808 4915 famam
2828 4859 3041 4913 laedere
3071 4857 3217 4911 adeo
3248 4856 3439 4910 sensit
3470 4847 3845 4908 abominandas

2229 4956 2292 5009 ut
2329 4967 2530 5006 aurem
2581 4964 2750 5004 suam
2798 4948 3103 5019 pravitatis
3132 4960 3332 4999 carum
3355 4957 3645 5013 nunquam
3674 4939 3844 4992 testem

2232 5042 2513 5097 adhibere
2544 5040 2704 5094 velit.
2744 5037 3121 5091 Altitudinem
3146 5050 3314 5087 suam
3329 5030 3676 5086 admiranda
3688 5022 3845 5080 humi-

2233 5130 2412 5185 litatis
2442 5127 2755 5199 privilegio
2778 5125 3075 5194 sublimat,
3110 5122 3525 5177 continentiam
3553 5122 3607 5172 et
3640 5114 3847 5169 virtutes

2234 5219 2519 5289 reliquas,
2557 5217 2694 5271 item
2723 5228 3109 5285 quoscunque
3135 5212 3265 5281 pias
3296 5209 3663 5281 operationes
3691 5218 3750 5294 eo

2235 5307 2465 5362 tissima
2488 5310 2659 5376 atque
2691 5303 3077 5358 saluberrima
3102 5300 3347 5355 custode
3361 5297 3644 5363 muniens,
3673 5290 3844 5359 Mysti-

2237 5412 2370 5451 cum
2427 5410 2677 5465 namque
2707 5392 2849 5447 illud
2881 5391 3163 5446 rationale
3196 5387 3453 5459 pectoris
3498 5388 3679 5439 Aaron
3706 5389 3845 5432 orna-

2236 5488 2493 5539 mentum
2526 5481 2907 5553 spiritualiter
2933 5479 3066 5550 ejus
3084 5470 3841 5537 adornatinteriora,Patrum

2239 5552 2606 5628 sanctitatem
2635 5585 2887 5642 quorum
2908 5569 2963 5624 ei
2993 5568 3228 5623 nomina
3278 5562 3522 5619 inscribi
3550 5552 3847 5630 praecipiun‘

2238 5666 2354 5734 tur,
2369 5661 3009 5735 jugitercommonens.
3026 5657 3116 5712 Ne
3127 5671 3269 5712 vero
3287 5669 3464 5725 supra
3479 5648 3626 5705 modi
3643 5642 3840 5700 limitem
