4074 6150
219 274 372 336 1245

1769 273 2060 339 (ΞΕΞΊἾὶ.

3489 274 3648 337 1246

204 475 630 546 digrediamur,
690 474 826 527 dum
857 490 968 544 per
998 475 1438 530 honestissimae
1475 475 1612 529 vitae
1656 474 1868 542 templa
1889 462 1944 526 Α
1977 475 2154 545 longe
2186 473 2488 544 majorem.
2549 474 2765 528 Habuit
2798 475 2854 528 in
2892 475 3158 528 consiliis
3207 492 3272 530 ea
3302 477 3645 544 tempestate

192 564 460 633 jucunda
515 565 815 632 raptamur
890 563 1382 632 consideratione,

197 652 483 704 \V’illelmi
519 655 687 722 gesta
718 653 934 706 reverti
961 653 1169 721 placet.

274 740 576 810 Hispaniae
592 755 772 810 reges
791 740 905 794 duo
924 741 1190 810 germani
1209 741 1403 794 audita
1425 740 1556 811 ejus
1578 740 1866 811 magnitu-

199 830 334 882 dine
385 833 576 881 natam
631 829 766 898 ejus
824 829 882 882 in
933 829 1363 883 matrimonium
1424 828 1866 897 cupientissime

197 918 514 988 petierunt,
579 933 751 970 suum
794 920 850 970 et
893 932 1144 988 regnum
1194 920 1247 970 et
1301 917 1700 986 posteritatem
1759 916 1868 969 hac

197 1005 632 1076 magnificaturi
693 1004 994 1058 afﬁnitate.
1029 1005 1176 1058 Nam
1226 1008 1281 1058 et
1312 1005 1386 1057 lis
1425 1004 1593 1058 valde
1635 1005 1869 1058 inimica

194 1096 347 1148 inter
369 1094 538 1162 ipsos
562 1098 800 1162 propter
820 1110 948 1147 eam
966 1097 1089 1146 orta
1109 1098 1199 1147 est
1219 1093 1456 1146 minime
1491 1093 1866 1164 degenerem,

194 1183 297 1237 sed
317 1183 558 1236 omnino
583 1181 822 1253 dignam
853 1184 950 1236 tali
975 1186 1233 1251 parente,
1273 1183 1361 1236 sic
1392 1182 1658 1236 moribus
1690 1197 1869 1236 orna-

195 1277 326 1338 tam,
361 1273 451 1324 sic
484 1271 542 1324 in
575 1287 772 1324 amore
807 1271 1030 1324 Christi
1061 1271 1386 1324 studiosam
1429 1275 1491 1324 ut
1532 1270 1760 1341 reginis
1801 1286 1869 1324 ac

195 1359 752 1413 sanctimonialibus
795 1360 1066 1427 exemplo
1107 1374 1245 1413 esse
1285 1362 1492 1429 posset
1534 1359 1724 1428 puella
1753 1374 1872 1412 non

197 1447 859 1514 velata.Admirabatur,
893 1446 1188 1515 laudabat,
1223 1463 1290 1500 ac
1322 1447 1713 1501 venerabatur
1737 1461 1870 1499 eum

194 1552 370 1605 supra
386 1537 621 1590 nomina
637 1535 1090 1606 regumimperii
1112 1536 1356 1589 Romani
1379 1533 1872 1605 majestas,cujus

195 1624 330 1678 olim
369 1624 850 1695 gloriosissimus
909 1624 1244 1678 moderator
1276 1624 1571 1678 Henricus
1623 1622 1877 1677 (lo'nradi

199 1714 575 1782 imperatoris
594 1715 853 1783 Augusti
871 1712 1030 1767 filius
1049 1729 1179 1766 cum
1200 1714 1330 1782 ipso
1349 1713 1522 1766 etiam
1541 1717 1661 1766 tum
1691 1727 1875 1782 puero

196 1802 371 1856 veluti
399 1818 529 1855 cum
576 1802 1051 1856 nominatissimo
1082 1817 1226 1873 rege
1249 1801 1563 1854 amicitiam
1583 1801 1779 1872 junxit
1812 1817 1878 1854 ac

203 1891 562 1944 societatem.
597 1889 744 1960 Ejus
764 1890 920 1942 enim
939 1889 1132 1943 adhuc
1158 1891 1326 1958 pueri
1361 1905 1573 1944 nomen
1605 1891 1874 1943 clarissi-

196 1995 348 2033 mum
384 1995 493 2048 per
524 1985 735 2050 gentes
758 1979 1073 2032 ferebatur.
1100 1978 1215 2032 Sed
1234 1979 1304 2032 de
1330 1979 1730 2049 magnitudine
1760 1971 1876 2033 viri

197 2068 511 2122 disseram.
543 2067 788 2135 Optabat
816 2067 973 2120 hunc
1005 2067 1262 2120 vicinum
1295 2072 1348 2120 et
1373 2067 1622 2121 amicum
1658 2069 1876 2123 nobilis

197 2162 247 2210 et
277 2155 473 2224 ampla
508 2155 824 2225 multisque
849 2155 1096 2226 regibus
1129 2155 1439 2209 dominans
1465 2156 1878 2212 ConstantinO'

199 2245 497 2315 polis,quo
513 2247 952 2315 propugnatore
967 2248 1277 2313 sperneret
1300 2260 1538 2314 gravem
1561 2247 1876 2314 potentiam

201 2333 545 2403 Babylonis.
583 2333 707 2386 Jam
742 2333 799 2385 in
830 2333 1316 2387 Northmanniam
1357 2349 1526 2387 nemo
1559 2335 1876 2389 confinium

201 2423 521 2493 quidquam
554 2421 824 2475 audebat.
852 2422 927 2474 Ut
957 2421 1332 2491 seditionum,
1355 2422 1444 2476 sic
1476 2423 1702 2476 externi
1737 2422 1877 2476 belli

197 2511 457 2580 procella
479 2511 671 2564 omnis
691 2510 1022 2564 defremuit.
1044 2510 1329 2579 Franciae,
1353 2511 1712 2582 Burgundim
1736 2511 1874 2564 item

199 2601 447 2654 ulterius
495 2602 852 2654 remotarum
883 2600 1322 2670 provinciarum
1367 2601 1660 2669 praesules
1700 2603 1873 2670 atque

202 2691 446 2743 comites
468 2689 912 2743 Northmanniae
925 2689 1144 2742 domini
1163 2690 1383 2742 curiam
1400 2688 1871 2760 frequentabant;

198 2779 290 2832 alii
318 2782 383 2831 ut
415 2778 680 2846 consilia,
708 2778 802 2830 alii
831 2781 891 2831 ut
919 2777 1205 2831 beneficia
1231 2778 1583 2846 acciperent,
1606 2777 1871 2848 plerique

202 2869 317 2921 sola
349 2867 545 2938 gratia
579 2867 909 2937 gloriaturi.
946 2867 1160 2921 Portus
1193 2870 1249 2920 et
1279 2865 1575 2936 refugium
1607 2870 1738 2936 apte
1761 2883 1870 2922 no-

200 2955 532 3009 minabatur
582 2955 714 3025 ejus
759 2955 1120 3026 benignitas,
1156 2955 1468 3009 admittens
1514 2958 1568 3008 et
1599 2955 1872 3010 relevans

200 3045 509 3112 plurimos.
581 3043 868 3098 Homines
901 3045 1146 3099 advenae
1189 3049 1500 3098 cernentes
1549 3046 1703 3114 apud
1759 3060 1873 3100 nos

201 3134 431 3203 equites
470 3133 581 3186 hac
616 3133 747 3186 illac
789 3149 1040 3204 pergere
1072 3134 1328 3187 inermes
1370 3136 1426 3186 et
1481 3149 1712 3204 quoque
1762 3135 1873 3186 iter

202 3223 414 3292 cuique
440 3222 619 3274 vianti
652 3224 835 3274 tutum
868 3225 1087 3290 patere,
1123 3220 1537 3291 hujuscemodi
1565 3221 1874 3275 beatitudi-

202 3325 346 3378 nem,
408 3310 644 3378 quoties
690 3313 1046 3378 exoptavere
1100 3311 1230 3364 suis
1277 3309 1623 3379 regionibus
1659 3307 1670 3363 ι
1705 3310 1872 3363 Hanc

202 3415 427 3467 pacem,
478 3399 628 3452 hanc
680 3398 1023 3468 dignitatem
1081 3397 1364 3452 \Villelmi
1423 3399 1610 3451 virtus
1668 3399 1872 3467 patriae

201 3488 448 3557 peperit.
495 3486 660 3540 Juste
703 3487 897 3556 itaque
945 3487 1133 3556 patria
1183 3502 1288 3556 pro
1327 3487 1457 3556 ipso
1489 3486 1871 3541 invalitudine

200 3576 368 3630 dubia
440 3575 754 3645 aliquando
815 3575 1203 3630 decumbente
1279 3575 1566 3644 lacrymas
1615 3575 1874 3644 profudit

200 3670 368 3736 atque
407 3680 642 3734 preces,
675 3665 880 3734 quales
905 3665 1181 3718 defuncto
1217 3665 1391 3718 vitam
1415 3664 1872 3732 valerentimpe-

203 3757 347 3809 trare
376 3773 389 3818 ;
437 3769 612 3806 orans
645 3753 985 3807 tardissime
1018 3753 1384 3819 moriturum,
1411 3752 1586 3823 cujus
1630 3753 1689 3806 in
1713 3752 1875 3806 obitu

203 3846 562 3912 praematuro
593 3843 906 3909 turbinem,
941 3858 1057 3912 quo
1090 3843 1257 3912 prius
1301 3843 1646 3907 vexabatur,
1680 3841 1872 3894 denuo

204 3933 447 3986 timebat
480 3932 764 3984 oriturum
790 3950 802 3994 ;
855 3948 963 3985 nec
993 3932 1147 3985 enim
1178 3931 1400 3999 prolem
1433 3935 1552 3984 tum
1577 3929 1870 4000 relinque-

205 4026 306 4090 ret,
339 4022 420 4075 ad
470 4020 923 4091 gubernandum
954 4022 1120 4074 aetate
1152 4020 1440 4074 idoneam.
1493 4018 1784 4085 Creditur,
1819 4022 1876 4072 et

206 4110 561 4180 dignissime
585 4110 842 4179 quidem,
867 4109 960 4178 pia
979 4109 1308 4162 devotionis
1327 4109 1626 4162 Arbitrum
1658 4123 1874 4177 supcr-

206 4216 336 4253 num
402 4205 648 4252 strenuo
709 4197 1038 4268 majestatis
1096 4213 1223 4252 suae
1281 4197 1477 4251 clienti
1532 4197 1876 4266 sospitatem

206 4288 564 4356 praestitisse
593 4291 647 4339 et
679 4286 1114 4356 quietissimum
1147 4286 1347 4354 otium,
1373 4285 1528 4340 omni
1552 4285 1720 4340 hoste
1750 4301 1877 4354 pro-

209 4377 354 4444 trito,
394 4379 461 4430 ut
492 4375 737 4429 meritus
769 4375 842 4428 ad
883 4375 1088 4429 altiora
1123 4375 1328 4443 evehi,.
1357 4391 1542 4446 regno
1589 4378 1878 4444 praerepto

209 4482 337 4518 mox
359 4465 600 4517 facilius
616 4465 920 4533 potiretur,
953 4480 1204 4518 securus
1224 4464 1294 4517 de
1318 4467 1472 4517 statu
1487 4464 1876 4533 principatus.

1462 564 1531 616 ad
1583 562 1868 632 principis

1975 563 2027 616 N
2040 562 2982 632 orthmannia,praaterepiscopos
2995 568 3050 616 et
3064 563 3468 632 abbates,laici
3483 566 3642 618 ordi-

1981 653 2074 704 nis
2089 653 2619 721 praestantissimos
2633 652 3074 722 viros,quorum
3091 652 3150 705 in
3175 652 3423 723 collegio
3452 654 3646 723 splen-

1980 740 2206 794 didiora
2238 741 2508 810 quaedam
2539 741 2672 810 ejus
2704 741 2921 794 lumina
2954 747 3127 811 atque
3151 745 3487 794 ornamenta
3506 742 3646 795 emi-

1983 844 2181 897 cuere,
2217 829 2512 883 Robertus
2527 829 2946 883 Moritoliensis
2967 845 3187 895 comes,
3206 830 3498 883 Robertus
3525 830 3645 882 Au-

1985 917 2186 971 censis
2200 917 2822 983 comes,Lexoviensis
2837 918 3098 987 episcopi
3115 918 3406 988 Hugonis,
3441 917 3511 970 de
3537 934 3644 972 cu-

1972 1005 2080 1076 jus
2108 1004 2223 1057 vita
2241 1021 2422 1073 supra
2453 1006 3430 1075 scripsimus,frater,Ebroicensis
3449 1021 3650 1060 comes

1985 1093 2318 1147 Richardus
2353 1094 2595 1147 ltoberti
2627 1094 3058 1165 archiepiscopi
3082 1095 3258 1163 filius,
3283 1096 3558 1166 Roget-us
3577 1095 3649 1147 de

1981 1181 2365 1250 Bellomonte,
2399 1183 2674 1253 Rogerus
2698 1183 2768 1236 de
2797 1183 3648 1254 Montegomerici,VVillelmus

1983 1269 2140 1324 filius
2170 1270 2442 1339 Osberni,
2461 1271 2632 1342 Hugo
2645 1272 3000 1326 vicecomes.
3027 1273 3253 1326 Horum
3285 1271 3543 1342 ingeniis
3566 1275 3648 1324 at-

1985 1371 2098 1427 que
2113 1358 2400 1412 industria
2423 1362 2987 1429 conservariposset
3007 1361 3319 1415 incolumis
3338 1379 3352 1425 ;
3369 1376 3478 1414 nec
3500 1360 3646 1413 adeo

1985 1446 2363 1500 senatoribus
2420 1447 2690 1502 ducentis
2726 1449 3017 1520 indigeret
3052 1448 3199 1502 freta
3243 1449 3337 1502 his
3386 1449 3646 1502 Romana

1984 1535 2341 1604 respublica,
2363 1536 2414 1588 si
2447 1540 2660 1605 quanta
2679 1537 2830 1607 apud
2848 1541 3080 1591 veteres
3099 1553 3255 1591 nunc
3276 1537 3541 1607 polleret.
3582 1537 3646 1591 In

1983 1626 2141 1680 omni
2157 1628 2351 1679 tamen
2369 1625 2789 1680 deliberatione
2806 1627 3130 1695 prudentiae
3145 1627 3429 1696 principis
3453 1643 3484 1679 a
3499 1641 3646 1680 cun-

1987 1715 2098 1768 ctis
2129 1729 2482 1768 concessum
2540 1714 2729 1768 fuisse
2761 1715 3179 1784 comperimus,
3242 1731 3310 1769 ac
3357 1717 3410 1768 si
3458 1718 3648 1769 mente

1905 1831 1956 1892 Β
1987 1803 2182 1856 divina
2211 1803 2348 1873 quid
2369 1803 2661 1874 agendum
2681 1803 2830 1857 foret
2849 1807 2944 1857 aut
2968 1804 3267 1857 vitandum
3305 1819 3648 1873 prmnosce-

1988 1892 2203 1946 ret.Pie
2217 1891 2532 1962 agentibus
2552 1891 2712 1946 Deus
2743 1892 2899 1946 dedit
2930 1893 3296 1961 sapientiam,
3321 1892 3399 1944 ait
3415 1893 3652 1962 quidam

1984 1981 2211 2050 peritus
2230 1980 2582 2034 divinorum.
2616 1980 2716 2034 llle
2733 1982 2925 2034 autem
2943 1981 3016 2034 ab
3039 1981 3279 2034 infantia
3311 1980 3403 2050 pie
3440 1995 3650 2050 opera-

1985 2069 2176 2123 batur.
2210 2071 2499 2132 Quantum
2551 2085 2694 2124 vero
2729 2069 2943 2139 jubere
2995 2069 3184 2137 libuit,
3246 2073 3486 2137 tantum,
3535 2069 3652 2122 nisi

1987 2158 2319 2211 necessitas
2351 2158 2688 2226 obsisteret,
2720 2173 2970 2227 paruere
3002 2157 3217 2211 cuncti.
3241 2156 3425 2221 Quam
3474 2157 3654 2228 igitur

1984 2245 2256 2315 prudenti
2304 2246 2494 2314 ipsius
2548 2245 2936 2314 dispositione
2968 2261 3149 2299 naves
3199 2246 3424 2312 ﬁerent,
3463 2245 3651 2310 armis

1984 2333 2152 2401 viris,
2189 2336 2516 2387 commeatu
2535 2331 2786 2402 aliisque
2803 2333 2983 2385 rebus
3003 2347 3136 2402 qua:
3154 2331 3308 2384 bello
3335 2334 3472 2384 sunt
3492 2331 3646 2408 usui,

1985 2422 2434 2488 instruet-antur,
2469 2421 2718 2491 qualiter
2775 2421 2952 2475 totius
2986 2419 3427 2475 Northmanniae
3457 2419 3648 2473 studia

1988 2510 2301 2578 ferverent,
2334 2511 2626 2580 prolixum
2648 2513 2741 2564 est
2760 2525 2864 2578 per
2882 2509 3115 2581 singula
3133 2508 3647 2578 enarrare.Neque

1983 2599 2180 2652 minus
2211 2599 2456 2668 provide
2487 2599 2781 2668 disposuit
2810 2601 2907 2668 qui
2940 2597 3425 2652 Northmanniam
3458 2612 3524 2651 se
3554 2597 3650 2651 ab-

1984 2690 2152 2740 sente
2197 2680 2598 2757 gubernarent
2647 2702 2714 2740 ac
2754 2689 3100 2740 tutarentur.
3140 2687 3426 2741 Convenit
3475 2685 3647 2740 etiam

1983 2777 2264 2829 externus
2297 2775 2466 2828 miles
2488 2775 2546 2828 in
2576 2776 2855 2829 auxilium
2885 2776 3187 2845 copiosus,
3213 2791 3363 2845 quos
3391 2789 3466 2829 ex
3485 2777 3649 2845 parte

1982 2864 2288 2918 notissima
2304 2863 3023 2918 ducisliberalitasverum
3051 2879 3256 2918 omnes
3279 2864 3462 2934 justaa
3505 2879 3650 2917 cau-

1981 2969 2066 3007 sae
2081 2953 2292 3006 ﬁducia
2306 2953 2612 3006 contraxit.
2633 2954 2856 3022 ltapina
2889 2953 3044 3006 omni
3067 2952 3394 3019 interdicta,
3430 2952 3650 3020 stipen-

1980 3041 2074 3094 dio
2090 3041 2280 3110 ipsius
2296 3040 2470 3094 millia
2484 3040 2728 3094 militum
2743 3040 3165 3111 quinquaginta
3178 3040 3649 3108 alebantur,dum

1981 3135 2289 3184 ventorum
2307 3129 2752 3183 incommoditas
2783 3129 2854 3182 ad
2885 3132 3115 3198 portum
3162 3129 3324 3182 Divaa
3355 3127 3653 3182 detinebat

1981 3235 2144 3274 mora
2176 3223 2496 3273 menstrua.
2539 3217 2619 3271 Ea
2655 3218 2813 3272 illius
2854 3218 3234 3288 temperantia
3267 3217 3373 3271 fuit
3416 3233 3484 3270 ac
3513 3233 3651 3286 pru-

1981 3309 2176 3363 dentia
2202 3325 2213 3362 :
2249 3308 2531 3362 militibus
2563 3311 2620 3361 et
2640 3307 2974 3377 hospitibus
2997 3307 3227 3361 abunde
3251 3309 3524 3376 sumptus
3554 3307 3652 3359 mi-

1981 3398 2362 3465 nistrabatur,
2388 3397 2603 3450 nemini
2636 3411 2842 3466 rapere
2874 3396 3171 3466 quidpiam
3191 3395 3648 3463 concedebatur,

1981 3486 2431 3556 provincialium
2447 3489 2572 3540 tuto
2595 3488 2854 3539 armenta
2878 3485 2970 3538 vel
2991 3500 3210 3557 greges
3228 3484 3648 3554 pascebantur,

1985 3591 2091 3630 seu
2123 3591 2227 3644 per
2250 3575 2742 3644 campestria,seu
2764 3589 2869 3644 per
2885 3578 3094 3645 tesqua
3118 3591 3129 3629 :
3157 3577 3396 3645 segetes
3442 3573 3650 3627 falcem

1985 3665 2228 3718 cultoris
2253 3665 2484 3718 intactae
2517 3664 2956 3733 exspectabant,
2983 3680 3132 3733 quas
3165 3679 3272 3717 nec
3297 3662 3515 3717 attrivit
3547 3678 3653 3716 su-

1982 3753 2164 3823 perba
2178 3753 2438 3822 equitum
2453 3752 2798 3819 effusio,nec
2823 3754 3149 3806 demessuit
3173 3753 3497 3821 pabulator.
3536 3751 3652 3805 Ho-

1986 3858 2082 3896 mo
2096 3840 2405 3894 imbecillis
2419 3844 2516 3893 aut
2529 3841 2952 3910 inermis,equo
2967 3844 3211 3895 cantans
3224 3856 3338 3912 qua
3353 3839 3519 3894 libuit
3531 3853 3657 3893 ver-

1989 3931 2478 3998 sabatur,turmas
2493 3929 2737 3982 militum
2757 3945 3026 3994 cernens,
3053 3946 3170 3984 non
3192 3929 3652 3984 exhorrescens.

2057 4019 2346 4088 Tempore
2373 4017 2577 4071 eodem
2611 4017 2855 4071 sedebat
2877 4019 3064 4070 sancti
3087 4018 3245 4072 Petri
3279 4019 3482 4072 Romae
3506 4033 3653 4086 papa

1989 4108 2322 4162 Alexander
2339 4105 2732 4177 dignissimus
2763 4107 2855 4159 cui
2875 4106 3158 4173 obediret,
3183 4121 3476 4176 quemque
3507 4121 3654 4159 con-

1987 4197 2205 4252 suleret
2242 4194 2510 4250 Ecclesia
2541 4195 2842 4249 universa.
2873 4195 3183 4264 Responsa
3209 4194 3423 4248 etenim
3446 4193 3656 4248 edebat

1979 4286 2143 4358 justa
2175 4285 2593 4354 salutariaque.
2629 4284 2684 4337 Is
2707 4283 2929 4352 praesul
2960 4282 3294 4351 Luciensis,
3329 4299 3460 4336 cum
3489 4281 3654 4336 altio-

1984 4374 2368 4446 remgradum
2383 4372 2715 4427 nullatenus
2748 4375 3064 4442 appeteret,
3102 4373 3356 4426 violento
3379 4371 3657 4442 plurimo—

1987 4480 2115 4518 rum
2148 4478 2468 4530 consensu,
2493 4477 2740 4533 quorum
2759 4460 2912 4531 apud
2937 4463 3236 4516 Romanos
3253 4463 3388 4516 tunc
3412 4461 3654 4530 prmcel-

275 4555 473 4608 Verus
524 4569 774 4622 namque
809 4568 1008 4607 rumor
1040 4554 1338 4621 insperato
1382 4553 1539 4606 venit
1572 4540 1956 4623 Anglicum”
1986 4553 2140 4606 lebat
2171 4551 2513 4617 auctoritas,
2546 4551 2769 4622 ingenti
2791 4551 3041 4605 concilio
3067 4551 3451 4616 assentiente,
3479 4550 3535 4603 in
3585 4567 3654 4604 eo

212 4648 426 4697 terram
450 4657 593 4712 rege
626 4642 916 4695 Edwardo
951 4643 1209 4694 orbatam
1244 4657 1380 4695 esse
1412 4645 1465 4695 et
1499 4641 1632 4712 ejus
1665 4658 1880 4696 corona

217 4731 537 4786 l-leraldum
569 4734 858 4785 ornatum.
891 4731 1015 4784 Nec
1047 4731 1327 4784 sustinuit
1357 4746 1618 4784 vesanus
1651 4731 1881 4801 Anglus

214 4821 344 4889 quid
381 4820 594 4874 electio
626 4819 859 4889 publica
888 4822 1172 4873 statueret
1203 4821 1551 4889 consulere;
1579 4820 1682 4874 sed
1706 4820 1763 4872 in
1788 4820 1882 4873 die

213 4909 452 4980 lugubri
482 4926 600 4979 quo
625 4909 879 4976 optimus
903 4908 1000 4961 ille
1019 4908 1294 4962 humatus
1313 4912 1564 4976 est,cum
1584 4925 1734 4979 gens
1756 4909 1882 4961 uni-

214 5012 384 5051 versa
398 4996 1017 5068 plangeret,pei;jurus
1039 4998 1268 5068 regium
1287 4997 1500 5050 solium
1515 5013 1648 5051 cum
1671 4998 1882 5066 plausu

217 5086 544 5156 occupavit,
571 5086 923 5155 quibusdam
946 5087 1166 5155 iniquis
1185 5085 1540 5140 faventibus.
1564 5086 1883 5140 Ordinatus

217 5180 432 5229 estnon
449 5182 647 5228 sancta
673 5176 1119 5229 consecratione
1138 5175 1448 5246 Stigandi,j
1461 5179 1591 5229 usto
1609 5177 1731 5229 zelo
1751 5191 1884 5245 apo-

217 5265 406 5318 stolici
430 5264 865 5318 etanathematc
891 5263 1219 5318 ministerio
1249 5265 1620 5318 sacerdotum
1649 5265 1880 5334 privati.

218 5351 340 5405 Dux
363 5353 724 5417 \Villelmus,
743 5353 937 5406 habita
953 5369 1084 5406 cum
1100 5353 1228 5406 suis
1244 5352 1882 5420 consultatione,armis

218 5440 496 5508 injuriani
514 5441 930 5506 ulcisci,armis
947 5442 1340 5494 haereditatem
1360 5457 1674 5510 reposcere
1690 5441 1888 5494 decre-

221 5529 556 5594 vit,tametsi
576 5529 909 5598 complures
936 5529 1222 5600 majorum
1245 5531 1302 5582 id
1331 5530 1638 5600 ingeniose
1660 5530 1884 5584 dissua-

225 5615 452 5685 derent,
479 5622 677 5672 utrem
697 5618 872 5672 nimis
905 5619 1166 5687 arduam,
1188 5617 1632 5675 Northmanniae
1661 5618 1890 5674 viribus

1984 4643 2214 4696 locatus
2246 4646 2336 4695 est
2368 4641 2618 4711 primatu
2631 4657 2747 4711 quo
2761 4641 3084 4710 priesulum
3099 4641 3262 4695 orbis
3285 4643 3460 4695 terrae
3483 4644 3657 4710 caput

1987 4731 2266 4785 existeret
2309 4733 2484 4800 atque
2512 4729 3210 4801 magister.Allectionem
3243 4729 3394 4783 hanc
3431 4728 3654 4782 sancti-

1985 4823 2100 4874 tate
2141 4823 2438 4874 meruerat
2470 4823 2641 4889 atque
2691 4819 2974 4873 doctrina.
3009 4818 3122 4872 Per
3177 4818 3381 4872 eadem
3412 4822 3547 4889 post
3583 4819 3655 4871 ad

1990 4912 2179 4963 ortum
2203 4909 2350 4962 solis
2383 4912 2730 4962 etoccasum
2748 4906 3084 4979 etfulgebat.
3109 4908 3312 4978 Neque
3327 4907 3420 4961 sui
3438 4923 3654 4962 cursus

1991 4998 2234 5051 limitem
2267 4997 2357 5052 sol
2382 4997 2802 5052 immutabilius
2825 5001 3231 5067 natura,quam
3252 5013 3358 5065 per
3388 4996 3654 5050 veritatis

1992 5087 2088 5140 ille
2108 5086 2679 5141 directumtendebat
2695 5087 2829 5152 vita,
2857 5086 3168 5157 quodquod
3188 5085 3527 5156 ubiquaque
3551 5101 3657 5154 per

1992 5175 2268 5230 mundum
2290 5175 2758 5244 potuit,iniquum
2780 5177 3108 5246 corrigens,
3132 5174 3273 5228 nulli
3295 5176 3652 5228 concedens.

1993 5265 2190 5335 Hujus
2221 5264 2527 5334 apostolici
2561 5264 2824 5318 favorem
2845 5267 3051 5334 petens
3083 5263 3222 5330 dux,
3257 5264 3518 5318 intimato
3551 5280 3651 5318 nc-

1991 5355 2152 5425 gotio
2183 5355 2337 5424 quod
2363 5353 2638 5423 agitabat,
2672 5353 2947 5407 vexillum
2973 5354 3196 5406 amouit
3221 5352 3354 5424 ejus
3386 5353 3655 5424 benigni-

1991 5447 2123 5508 tate,
2153 5444 2309 5497 vclut
2339 5442 2687 5512 suffragium
2714 5442 2904 5496 sancti
2927 5444 3227 5513 Petri,quo
3249 5443 3439 5512 primo
3469 5440 3654 5495 confi—

1992 5531 2225 5584 dentius
2257 5545 2326 5582 ac
2354 5531 2538 5582 tutius
2569 5530 2873 5583 invaderet
2901 5531 3335 5604 adversarium.

2067 5619 2133 5675 Et
2170 5621 2565 5675 Romanorum
2589 5618 2928 5689 imperatori
2960 5619 3241 5690 Henrico,
3278 5617 3514 5674 Henrici
3545 5616 3655 5670 im-
