  <div class='ocr_page' id='page_1' title='image "/cluster/home/n/w/nwhite01/storage/ocr_20150623/149/hvd.32044054760079/629.png"; bbox 0 0 4074 6150; ppageno 0'>
   <div class='ocr_carea' id='block_1_1' title="bbox 436 291 3798 397">
    <p class='ocr_par' dir='ltr' id='par_1_1' title="bbox 436 291 3798 397">
     <span class='ocr_line' id='line_1_1' title="bbox 436 291 3798 397; baseline 0 -9"><span class='ocrx_word' id='word_1_1' title='bbox 436 320 592 388; x_wconf 76' lang='lat'>1247</span> <span class='ocrx_word' id='word_1_2' title='bbox 1574 324 2014 388; x_wconf 87' lang='lat' dir='ltr'>WILLELMI</span> <span class='ocrx_word' id='word_1_3' title='bbox 2055 291 2704 397; x_wconf 21' lang='lat' dir='ltr'>CONQUESTORIS&#39;</span> <span class='ocrx_word' id='word_1_4' title='bbox 3672 324 3798 389; x_wconf 61' lang='lat' dir='ltr'>me</span> 
     </span>
    </p>
   </div>
   <div class='ocr_carea' id='block_1_2' title="bbox 436 508 3834 596">
    <p class='ocr_par' dir='ltr' id='par_1_2' title="bbox 436 508 3834 596">
     <span class='ocr_line' id='line_1_2' title="bbox 436 508 3834 596; baseline -0.001 -16"><span class='ocrx_word' id='word_1_5' title='bbox 436 525 725 596; x_wconf 86' lang='lat' dir='ltr'>peratoris</span> <span class='ocrx_word' id='word_1_6' title='bbox 755 525 895 594; x_wconf 81' lang='lat' dir='ltr'>ﬁlio,</span> <span class='ocrx_word' id='word_1_7' title='bbox 937 526 1131 595; x_wconf 88' lang='lat' dir='ltr'>nepoti</span> <span class='ocrx_word' id='word_1_8' title='bbox 1164 526 1541 595; x_wconf 83' lang='lat' dir='ltr'>imperatoris</span> <span class='ocrx_word' id='word_1_9' title='bbox 1571 525 1844 593; x_wconf 82' lang='lat' dir='ltr'>Conradi,</span> <span class='ocrx_word' id='word_1_10' title='bbox 1879 525 2110 579; x_wconf 92' lang='lat' dir='ltr'>noviter</span> <span class='ocrx_word' id='word_1_11' title='bbox 2135 508 2188 570; x_wconf 65' lang='grc' dir='ltr'><em>Ἀ</em></span> <span class='ocrx_word' id='word_1_12' title='bbox 2223 540 2392 578; x_wconf 90' lang='lat' dir='ltr'>suam</span> <span class='ocrx_word' id='word_1_13' title='bbox 2424 527 2481 578; x_wconf 89' lang='lat' dir='ltr'>et</span> <span class='ocrx_word' id='word_1_14' title='bbox 2513 523 2763 595; x_wconf 78' lang='lat' dir='ltr'>gloriam</span> <span class='ocrx_word' id='word_1_15' title='bbox 2792 526 3319 594; x_wconf 85' lang='lat' dir='ltr'>augere,quantum</span> <span class='ocrx_word' id='word_1_16' title='bbox 3345 524 3493 576; x_wconf 90' lang='lat' dir='ltr'>ritus</span> <span class='ocrx_word' id='word_1_17' title='bbox 3513 523 3834 580; x_wconf 85' lang='lat' dir='ltr'>Christianos</span> 
     </span>
    </p>
   </div>
   <div class='ocr_carea' id='block_1_3' title="bbox 432 612 3832 684">
    <p class='ocr_par' dir='ltr' id='par_1_3' title="bbox 432 612 3832 684">
     <span class='ocr_line' id='line_1_3' title="bbox 432 612 3832 684; baseline -0.001 -17"><span class='ocrx_word' id='word_1_18' title='bbox 432 612 677 684; x_wconf 83' lang='lat' dir='ltr'>junctus</span> <span class='ocrx_word' id='word_1_19' title='bbox 708 612 817 666; x_wconf 88' lang='lat' dir='ltr'>fuit</span> <span class='ocrx_word' id='word_1_20' title='bbox 849 613 907 666; x_wconf 91' lang='lat' dir='ltr'>in</span> <span class='ocrx_word' id='word_1_21' title='bbox 941 613 1212 677; x_wconf 80' lang='lat' dir='ltr'>amicitia,</span> <span class='ocrx_word' id='word_1_22' title='bbox 1249 614 1425 684; x_wconf 92' lang='lat' dir='ltr'>cujus</span> <span class='ocrx_word' id='word_1_23' title='bbox 1457 613 1646 667; x_wconf 91' lang='lat' dir='ltr'>edicto</span> <span class='ocrx_word' id='word_1_24' title='bbox 1679 614 1738 665; x_wconf 92' lang='lat' dir='ltr'>in</span> <span class='ocrx_word' id='word_1_25' title='bbox 1789 613 2109 682; x_wconf 84' lang='lat' dir='ltr'>quemlibet</span> <span class='ocrx_word' id='word_1_26' title='bbox 2222 613 2489 681; x_wconf 89' lang='lat' dir='ltr'>partibus</span> <span class='ocrx_word' id='word_1_27' title='bbox 2521 613 2577 665; x_wconf 93' lang='lat' dir='ltr'>in</span> <span class='ocrx_word' id='word_1_28' title='bbox 2602 613 2717 666; x_wconf 82' lang='lat' dir='ltr'>illis</span> <span class='ocrx_word' id='word_1_29' title='bbox 2751 612 3052 681; x_wconf 82' lang='lat' dir='ltr'>corrigere</span> <span class='ocrx_word' id='word_1_30' title='bbox 3085 613 3345 665; x_wconf 77' lang='lat' dir='ltr'>intendit.</span> <span class='ocrx_word' id='word_1_31' title='bbox 3370 613 3497 665; x_wconf 82' lang='lat' dir='ltr'>Jam</span> <span class='ocrx_word' id='word_1_32' title='bbox 3522 615 3632 665; x_wconf 85' lang='lat' dir='ltr'>tota</span> <span class='ocrx_word' id='word_1_33' title='bbox 3657 612 3832 666; x_wconf 82' lang='lat' dir='ltr'>classis</span> 
     </span>
    </p>
   </div>
   <div class='ocr_carea' id='block_1_4' title="bbox 434 701 3832 772">
    <p class='ocr_par' dir='ltr' id='par_1_4' title="bbox 434 701 3832 772">
     <span class='ocr_line' id='line_1_4' title="bbox 434 701 3832 772; baseline 0 -17"><span class='ocrx_word' id='word_1_34' title='bbox 434 701 667 756; x_wconf 85' lang='lat' dir='ltr'>hostem</span> <span class='ocrx_word' id='word_1_35' title='bbox 706 701 1016 756; x_wconf 82' lang='lat' dir='ltr'>Germania</span> <span class='ocrx_word' id='word_1_36' title='bbox 1048 703 1120 764; x_wconf 84' lang='lat' dir='ltr'>ei,</span> <span class='ocrx_word' id='word_1_37' title='bbox 1171 703 1219 755; x_wconf 89' lang='lat' dir='ltr'>si</span> <span class='ocrx_word' id='word_1_38' title='bbox 1280 704 1622 770; x_wconf 80' lang='lat' dir='ltr'>postularet,</span> <span class='ocrx_word' id='word_1_39' title='bbox 1658 701 1884 755; x_wconf 79' lang='lat' dir='ltr'><strong>veniret</strong></span> <span class='ocrx_word' id='word_1_40' title='bbox 1930 701 2104 772; x_wconf 89' lang='lat' dir='ltr'>adju-</span> <span class='ocrx_word' id='word_1_41' title='bbox 2223 701 2743 770; x_wconf 81' lang='lat' dir='ltr'>providentissime</span> <span class='ocrx_word' id='word_1_42' title='bbox 2767 705 3048 754; x_wconf 87' lang='lat' dir='ltr'>exornata</span> <span class='ocrx_word' id='word_1_43' title='bbox 3079 701 3151 753; x_wconf 92' lang='lat' dir='ltr'>ab</span> <span class='ocrx_word' id='word_1_44' title='bbox 3186 701 3334 754; x_wconf 91' lang='lat' dir='ltr'>ostio</span> <span class='ocrx_word' id='word_1_45' title='bbox 3363 701 3524 753; x_wconf 78' lang='lat' dir='ltr'>Divae</span> <span class='ocrx_word' id='word_1_46' title='bbox 3553 701 3832 771; x_wconf 89' lang='lat' dir='ltr'>vicinisque</span> 
     </span>
    </p>
   </div>
   <div class='ocr_carea' id='block_1_5' title="bbox 437 789 3836 860">
    <p class='ocr_par' dir='ltr' id='par_1_5' title="bbox 437 789 3836 860">
     <span class='ocr_line' id='line_1_5' title="bbox 437 789 3836 860; baseline -0 -17"><span class='ocrx_word' id='word_1_47' title='bbox 437 790 572 844; x_wconf 89' lang='lat' dir='ltr'>trix.</span> <span class='ocrx_word' id='word_1_48' title='bbox 607 791 735 843; x_wconf 80' lang='lat' dir='ltr'>Rex</span> <span class='ocrx_word' id='word_1_49' title='bbox 760 805 993 860; x_wconf 91' lang='lat' dir='ltr'>quoque</span> <span class='ocrx_word' id='word_1_50' title='bbox 1020 791 1315 843; x_wconf 89' lang='lat' dir='ltr'>Danorum</span> <span class='ocrx_word' id='word_1_51' title='bbox 1334 791 1567 844; x_wconf 91' lang='lat' dir='ltr'>Suenus</span> <span class='ocrx_word' id='word_1_52' title='bbox 1598 789 2100 860; x_wconf 81' lang='lat' dir='ltr'>ﬁdemlegationi—</span> <span class='ocrx_word' id='word_1_53' title='bbox 2225 790 2639 858; x_wconf 88' lang='lat' dir='ltr'>portubus,ubi</span> <span class='ocrx_word' id='word_1_54' title='bbox 2673 789 2951 856; x_wconf 90' lang='lat' dir='ltr'>Nothum,</span> <span class='ocrx_word' id='word_1_55' title='bbox 2997 804 3112 858; x_wconf 94' lang='lat' dir='ltr'>quo</span> <span class='ocrx_word' id='word_1_56' title='bbox 3155 790 3629 854; x_wconf 87' lang='lat' dir='ltr'>transmitterent,</span> <span class='ocrx_word' id='word_1_57' title='bbox 3661 789 3836 842; x_wconf 79' lang='lat' dir='ltr'>diutius</span> 
     </span>
    </p>
   </div>
   <div class='ocr_carea' id='block_1_6' title="bbox 437 876 3833 947">
    <p class='ocr_par' dir='ltr' id='par_1_6' title="bbox 437 876 3833 947">
     <span class='ocr_line' id='line_1_6' title="bbox 437 876 3833 947; baseline -0.001 -15"><span class='ocrx_word' id='word_1_58' title='bbox 437 877 552 932; x_wconf 88' lang='lat' dir='ltr'>bus</span> <span class='ocrx_word' id='word_1_59' title='bbox 585 878 638 930; x_wconf 90' lang='lat' dir='ltr'>ei</span> <span class='ocrx_word' id='word_1_60' title='bbox 671 879 1119 947; x_wconf 89' lang='lat' dir='ltr'>spopondit,sed</span> <span class='ocrx_word' id='word_1_61' title='bbox 1144 879 1399 932; x_wconf 88' lang='lat' dir='ltr'>mimicis</span> <span class='ocrx_word' id='word_1_62' title='bbox 1432 877 1566 947; x_wconf 84' lang='lat' dir='ltr'>ejus</span> <span class='ocrx_word' id='word_1_63' title='bbox 1585 877 1837 931; x_wconf 88' lang='lat' dir='ltr'>amicum</span> <span class='ocrx_word' id='word_1_64' title='bbox 1856 877 2105 932; x_wconf 89' lang='lat' dir='ltr'>exhibe-</span> <span class='ocrx_word' id='word_1_65' title='bbox 2227 880 2650 946; x_wconf 75' lang='lat' dir='ltr'>exspectavere</span> <span class='ocrx_word' id='word_1_66' title='bbox 2668 876 2905 946; x_wconf 80' lang='lat' dir='ltr'>zephyri</span> <span class='ocrx_word' id='word_1_67' title='bbox 2925 878 3062 930; x_wconf 84' lang='lat' dir='ltr'>ﬂatu</span> <span class='ocrx_word' id='word_1_68' title='bbox 3093 878 3153 930; x_wconf 87' lang='lat' dir='ltr'>in</span> <span class='ocrx_word' id='word_1_69' title='bbox 3177 878 3482 930; x_wconf 90' lang='lat' dir='ltr'>stationem</span> <span class='ocrx_word' id='word_1_70' title='bbox 3517 879 3690 929; x_wconf 87' lang='lat' dir='ltr'>sancti</span> <span class='ocrx_word' id='word_1_71' title='bbox 3710 876 3833 930; x_wconf 88' lang='lat' dir='ltr'>Gua-</span> 
     </span>
    </p>
   </div>
   <div class='ocr_carea' id='block_1_7' title="bbox 442 965 3832 1038">
    <p class='ocr_par' dir='ltr' id='par_1_7' title="bbox 442 965 3832 1038">
     <span class='ocr_line' id='line_1_7' title="bbox 442 965 3832 1038; baseline -0.001 -18"><span class='ocrx_word' id='word_1_72' title='bbox 442 965 543 1020; x_wconf 85' lang='lat' dir='ltr'>bat</span> <span class='ocrx_word' id='word_1_73' title='bbox 574 981 640 1019; x_wconf 90' lang='lat' dir='ltr'>se</span> <span class='ocrx_word' id='word_1_74' title='bbox 673 966 922 1029; x_wconf 84' lang='lat' dir='ltr'>fidelem,</span> <span class='ocrx_word' id='word_1_75' title='bbox 959 967 1112 1020; x_wconf 85' lang='lat' dir='ltr'>sicut</span> <span class='ocrx_word' id='word_1_76' title='bbox 1132 967 1189 1019; x_wconf 90' lang='lat' dir='ltr'>in</span> <span class='ocrx_word' id='word_1_77' title='bbox 1213 967 1600 1038; x_wconf 86' lang='lat' dir='ltr'>sequentibus</span> <span class='ocrx_word' id='word_1_78' title='bbox 1632 966 1881 1037; x_wconf 89' lang='lat' dir='ltr'>legendo</span> <span class='ocrx_word' id='word_1_79' title='bbox 1916 965 2106 1035; x_wconf 88' lang='lat' dir='ltr'>ipsius</span> <span class='ocrx_word' id='word_1_80' title='bbox 2225 965 2389 1019; x_wconf 90' lang='lat' dir='ltr'>leriei</span> <span class='ocrx_word' id='word_1_81' title='bbox 2407 966 2595 1018; x_wconf 89' lang='lat' dir='ltr'>delata</span> <span class='ocrx_word' id='word_1_82' title='bbox 2627 968 2735 1018; x_wconf 91' lang='lat' dir='ltr'>est.</span> <span class='ocrx_word' id='word_1_83' title='bbox 2764 965 2848 1017; x_wconf 88' lang='lat' dir='ltr'>Ibi</span> <span class='ocrx_word' id='word_1_84' title='bbox 2877 981 3113 1035; x_wconf 90' lang='lat' dir='ltr'>quoque</span> <span class='ocrx_word' id='word_1_85' title='bbox 3143 965 3444 1034; x_wconf 83' lang='lat' dir='ltr'>precibus,</span> <span class='ocrx_word' id='word_1_86' title='bbox 3479 965 3661 1030; x_wconf 91' lang='lat' dir='ltr'>donis,</span> <span class='ocrx_word' id='word_1_87' title='bbox 3690 966 3832 1034; x_wconf 86' lang='lat' dir='ltr'>votis,</span> 
     </span>
    </p>
   </div>
   <div class='ocr_carea' id='block_1_8' title="bbox 444 1052 3838 1124">
    <p class='ocr_par' dir='ltr' id='par_1_8' title="bbox 444 1052 3838 1124">
     <span class='ocr_line' id='line_1_8' title="bbox 444 1052 3838 1124; baseline -0.001 -17"><span class='ocrx_word' id='word_1_88' title='bbox 444 1053 786 1109; x_wconf 86' lang='lat' dir='ltr'>detrimenta</span> <span class='ocrx_word' id='word_1_89' title='bbox 821 1055 1137 1124; x_wconf 85' lang='lat' dir='ltr'>spectabis.</span> <span class='ocrx_word' id='word_1_90' title='bbox 2227 1054 2454 1108; x_wconf 88' lang='lat' dir='ltr'>ccelesti</span> <span class='ocrx_word' id='word_1_91' title='bbox 2473 1052 2757 1124; x_wconf 74' lang='lat' dir='ltr'>suffragio</span> <span class='ocrx_word' id='word_1_92' title='bbox 2778 1069 2843 1107; x_wconf 92' lang='lat' dir='ltr'>se</span> <span class='ocrx_word' id='word_1_93' title='bbox 2867 1053 3390 1122; x_wconf 88' lang='lat' dir='ltr'>eommisitoptime</span> <span class='ocrx_word' id='word_1_94' title='bbox 3406 1053 3838 1121; x_wconf 81' lang='lat' dir='ltr'>conﬁdens,prin-</span> 
     </span>
    </p>
   </div>
   <div class='ocr_carea' id='block_1_9' title="bbox 515 1142 3837 1212">
    <p class='ocr_par' dir='ltr' id='par_1_9' title="bbox 515 1142 3837 1212">
     <span class='ocr_line' id='line_1_9' title="bbox 515 1142 3837 1212; baseline 0 -17"><span class='ocrx_word' id='word_1_95' title='bbox 515 1142 806 1196; x_wconf 86' lang='lat' dir='ltr'>Heraldus</span> <span class='ocrx_word' id='word_1_96' title='bbox 833 1143 1054 1197; x_wconf 88' lang='lat' dir='ltr'>interea</span> <span class='ocrx_word' id='word_1_97' title='bbox 1076 1147 1386 1212; x_wconf 88' lang='lat' dir='ltr'>promptus</span> <span class='ocrx_word' id='word_1_98' title='bbox 1409 1145 1479 1197; x_wconf 86' lang='lat' dir='ltr'>ad</span> <span class='ocrx_word' id='word_1_99' title='bbox 1498 1143 1936 1198; x_wconf 89' lang='lat' dir='ltr'>decernendum</span> <span class='ocrx_word' id='word_1_100' title='bbox 1959 1158 2107 1211; x_wconf 85' lang='lat' dir='ltr'>prae-</span> <span class='ocrx_word' id='word_1_101' title='bbox 2228 1157 2369 1212; x_wconf 90' lang='lat' dir='ltr'>ceps</span> <span class='ocrx_word' id='word_1_102' title='bbox 2387 1158 2560 1212; x_wconf 87' lang='lat' dir='ltr'>quem</span> <span class='ocrx_word' id='word_1_103' title='bbox 2583 1157 2772 1212; x_wconf 90' lang='lat' dir='ltr'>neque</span> <span class='ocrx_word' id='word_1_104' title='bbox 2786 1157 2947 1196; x_wconf 91' lang='lat' dir='ltr'>mora</span> <span class='ocrx_word' id='word_1_105' title='bbox 2962 1142 3090 1195; x_wconf 88' lang='lat' dir='ltr'>sive</span> <span class='ocrx_word' id='word_1_106' title='bbox 3111 1142 3500 1196; x_wconf 85' lang='lat' dir='ltr'>contrarietas</span> <span class='ocrx_word' id='word_1_107' title='bbox 3519 1143 3837 1210; x_wconf 86' lang='lat' dir='ltr'>venti,neque</span> 
     </span>
    </p>
   </div>
   <div class='ocr_carea' id='block_1_10' title="bbox 440 1229 3832 1302">
    <p class='ocr_par' dir='ltr' id='par_1_10' title="bbox 440 1229 3832 1302">
     <span class='ocr_line' id='line_1_10' title="bbox 440 1229 3832 1302; baseline -0.001 -15"><span class='ocrx_word' id='word_1_108' title='bbox 440 1230 519 1287; x_wconf 92' lang='lat' dir='ltr'>lio</span> <span class='ocrx_word' id='word_1_109' title='bbox 551 1230 678 1284; x_wconf 86' lang='lat' dir='ltr'>sive</span> <span class='ocrx_word' id='word_1_110' title='bbox 709 1232 994 1299; x_wconf 84' lang='lat' dir='ltr'>terrestri,</span> <span class='ocrx_word' id='word_1_111' title='bbox 1032 1233 1160 1285; x_wconf 86' lang='lat' dir='ltr'>sive</span> <span class='ocrx_word' id='word_1_112' title='bbox 1190 1233 1400 1299; x_wconf 89' lang='lat' dir='ltr'>navali,</span> <span class='ocrx_word' id='word_1_113' title='bbox 1454 1233 1798 1302; x_wconf 81' lang='lat' dir='ltr'>plerumque</span> <span class='ocrx_word' id='word_1_114' title='bbox 1832 1247 1964 1285; x_wconf 91' lang='lat' dir='ltr'>cum</span> <span class='ocrx_word' id='word_1_115' title='bbox 1997 1231 2109 1283; x_wconf 92' lang='lat' dir='ltr'>im-</span> <span class='ocrx_word' id='word_1_116' title='bbox 2228 1231 2515 1284; x_wconf 85' lang='lat' dir='ltr'>terribilia</span> <span class='ocrx_word' id='word_1_117' title='bbox 2545 1230 2877 1301; x_wconf 88' lang='lat' dir='ltr'>naufragia,</span> <span class='ocrx_word' id='word_1_118' title='bbox 2909 1246 3100 1300; x_wconf 91' lang='lat' dir='ltr'>neque</span> <span class='ocrx_word' id='word_1_119' title='bbox 3131 1231 3340 1300; x_wconf 86' lang='lat' dir='ltr'>pavida</span> <span class='ocrx_word' id='word_1_120' title='bbox 3381 1230 3522 1300; x_wconf 87' lang='lat' dir='ltr'>fuga</span> <span class='ocrx_word' id='word_1_121' title='bbox 3551 1229 3832 1296; x_wconf 89' lang='lat' dir='ltr'>multorum,</span> 
     </span>
    </p>
   </div>
   <div class='ocr_carea' id='block_1_11' title="bbox 441 1316 3838 1390">
    <p class='ocr_par' dir='ltr' id='par_1_11' title="bbox 441 1316 3838 1390">
     <span class='ocr_line' id='line_1_11' title="bbox 441 1316 3838 1390; baseline -0.001 -18"><span class='ocrx_word' id='word_1_122' title='bbox 441 1319 594 1372; x_wconf 89' lang='lat' dir='ltr'>mani</span> <span class='ocrx_word' id='word_1_123' title='bbox 638 1320 901 1373; x_wconf 85' lang='lat' dir='ltr'>exercitu</span> <span class='ocrx_word' id='word_1_124' title='bbox 955 1321 1025 1373; x_wconf 90' lang='lat' dir='ltr'>ad</span> <span class='ocrx_word' id='word_1_125' title='bbox 1057 1320 1218 1374; x_wconf 87' lang='lat' dir='ltr'>littus</span> <span class='ocrx_word' id='word_1_126' title='bbox 1250 1321 1540 1374; x_wconf 90' lang='lat' dir='ltr'>marinum</span> <span class='ocrx_word' id='word_1_127' title='bbox 1572 1321 1868 1390; x_wconf 86' lang='lat' dir='ltr'>operiens,</span> <span class='ocrx_word' id='word_1_128' title='bbox 1902 1319 2109 1372; x_wconf 89' lang='lat' dir='ltr'>callide</span> <span class='ocrx_word' id='word_1_129' title='bbox 2231 1321 2329 1390; x_wconf 90' lang='lat' dir='ltr'>qui</span> <span class='ocrx_word' id='word_1_130' title='bbox 2361 1319 2532 1373; x_wconf 83' lang='lat' dir='ltr'>ﬁdem</span> <span class='ocrx_word' id='word_1_131' title='bbox 2565 1319 3021 1387; x_wconf 82' lang='lat' dir='ltr'>spoponderant,</span> <span class='ocrx_word' id='word_1_132' title='bbox 3062 1319 3337 1389; x_wconf 81' lang='lat' dir='ltr'>frangere</span> <span class='ocrx_word' id='word_1_133' title='bbox 3368 1318 3692 1387; x_wconf 63' lang='lat' dir='ltr'>praevalent.</span> <span class='ocrx_word' id='word_1_134' title='bbox 3722 1316 3838 1380; x_wconf 88' lang='lat' dir='ltr'>Quin</span> 
     </span>
    </p>
   </div>
   <div class='ocr_carea' id='block_1_12' title="bbox 443 1406 3841 1478">
    <p class='ocr_par' dir='ltr' id='par_1_12' title="bbox 443 1406 3841 1478">
     <span class='ocr_line' id='line_1_12' title="bbox 443 1406 3841 1478; baseline -0.002 -16"><span class='ocrx_word' id='word_1_135' title='bbox 443 1407 1147 1462; x_wconf 88' lang='lat' dir='ltr'>subornatostransmisit</span> <span class='ocrx_word' id='word_1_136' title='bbox 1165 1411 1591 1478; x_wconf 85' lang='lat' dir='ltr'>exploratores.</span> <span class='ocrx_word' id='word_1_137' title='bbox 1618 1408 1876 1472; x_wconf 86' lang='lat' dir='ltr'>Quorum</span> <span class='ocrx_word' id='word_1_138' title='bbox 1897 1407 2110 1476; x_wconf 84' lang='lat' dir='ltr'>depre-</span> <span class='ocrx_word' id='word_1_139' title='bbox 2229 1411 2284 1461; x_wconf 87' lang='lat' dir='ltr'>et</span> <span class='ocrx_word' id='word_1_140' title='bbox 2305 1407 2555 1461; x_wconf 91' lang='lat' dir='ltr'>consilio</span> <span class='ocrx_word' id='word_1_141' title='bbox 2587 1407 3046 1460; x_wconf 87' lang='lat' dir='ltr'>adversitatibus</span> <span class='ocrx_word' id='word_1_142' title='bbox 3080 1406 3748 1475; x_wconf 87' lang='lat' dir='ltr'>obvius,submersorum</span> <span class='ocrx_word' id='word_1_143' title='bbox 3773 1406 3841 1457; x_wconf 87' lang='lat' dir='ltr'>in-</span> 
     </span>
    </p>
   </div>
   <div class='ocr_carea' id='block_1_13' title="bbox 443 1493 3841 1566">
    <p class='ocr_par' dir='ltr' id='par_1_13' title="bbox 443 1493 3841 1566">
     <span class='ocr_line' id='line_1_13' title="bbox 443 1493 3841 1566; baseline -0.001 -18"><span class='ocrx_word' id='word_1_144' title='bbox 443 1495 630 1549; x_wconf 92' lang='lat' dir='ltr'>henso</span> <span class='ocrx_word' id='word_1_145' title='bbox 645 1497 766 1562; x_wconf 87' lang='lat' dir='ltr'>uni,</span> <span class='ocrx_word' id='word_1_146' title='bbox 791 1511 1150 1566; x_wconf 86' lang='lat' dir='ltr'>causamque</span> <span class='ocrx_word' id='word_1_147' title='bbox 1183 1497 1274 1549; x_wconf 88' lang='lat' dir='ltr'>sui</span> <span class='ocrx_word' id='word_1_148' title='bbox 1296 1498 1583 1550; x_wconf 84' lang='lat' dir='ltr'>adventus</span> <span class='ocrx_word' id='word_1_149' title='bbox 1617 1513 1731 1566; x_wconf 89' lang='lat' dir='ltr'>qua</span> <span class='ocrx_word' id='word_1_150' title='bbox 1751 1497 2112 1565; x_wconf 81' lang='lat' dir='ltr'>praeceptum</span> <span class='ocrx_word' id='word_1_151' title='bbox 2228 1494 2460 1564; x_wconf 89' lang='lat' dir='ltr'>teritus,</span> <span class='ocrx_word' id='word_1_152' title='bbox 2494 1498 2774 1565; x_wconf 90' lang='lat' dir='ltr'>quantum</span> <span class='ocrx_word' id='word_1_153' title='bbox 2831 1497 3078 1564; x_wconf 87' lang='lat' dir='ltr'>poterat,</span> <span class='ocrx_word' id='word_1_154' title='bbox 3113 1495 3450 1562; x_wconf 87' lang='lat' dir='ltr'>occultavit,</span> <span class='ocrx_word' id='word_1_155' title='bbox 3488 1493 3739 1548; x_wconf 89' lang='lat' dir='ltr'>latentius</span> <span class='ocrx_word' id='word_1_156' title='bbox 3775 1495 3841 1546; x_wconf 86' lang='lat' dir='ltr'>tn-</span> 
     </span>
    </p>
   </div>
   <div class='ocr_carea' id='block_1_14' title="bbox 443 1581 3839 1656">
    <p class='ocr_par' dir='ltr' id='par_1_14' title="bbox 443 1581 3839 1656">
     <span class='ocr_line' id='line_1_14' title="bbox 443 1581 3839 1656; baseline -0.001 -20"><span class='ocrx_word' id='word_1_157' title='bbox 443 1585 535 1638; x_wconf 87' lang='lat' dir='ltr'>est</span> <span class='ocrx_word' id='word_1_158' title='bbox 556 1583 754 1653; x_wconf 84' lang='lat' dir='ltr'>specie</span> <span class='ocrx_word' id='word_1_159' title='bbox 779 1585 1059 1656; x_wconf 80' lang='lat' dir='ltr'>obtegere</span> <span class='ocrx_word' id='word_1_160' title='bbox 1084 1590 1311 1654; x_wconf 89' lang='lat' dir='ltr'>conato,</span> <span class='ocrx_word' id='word_1_161' title='bbox 1339 1585 1456 1638; x_wconf 85' lang='lat' dir='ltr'>dux</span> <span class='ocrx_word' id='word_1_162' title='bbox 1486 1586 1660 1637; x_wconf 88' lang='lat' dir='ltr'>animi</span> <span class='ocrx_word' id='word_1_163' title='bbox 1686 1585 1776 1637; x_wconf 91' lang='lat' dir='ltr'>sui</span> <span class='ocrx_word' id='word_1_164' title='bbox 1815 1583 2113 1653; x_wconf 88' lang='lat' dir='ltr'>magnitu-</span> <span class='ocrx_word' id='word_1_165' title='bbox 2228 1583 2523 1651; x_wconf 89' lang='lat' dir='ltr'>mulando,</span> <span class='ocrx_word' id='word_1_166' title='bbox 2574 1586 2960 1636; x_wconf 83' lang='lat' dir='ltr'>commeatum</span> <span class='ocrx_word' id='word_1_167' title='bbox 3010 1584 3070 1636; x_wconf 90' lang='lat' dir='ltr'>in</span> <span class='ocrx_word' id='word_1_168' title='bbox 3127 1582 3256 1636; x_wconf 90' lang='lat' dir='ltr'>dies</span> <span class='ocrx_word' id='word_1_169' title='bbox 3289 1583 3583 1654; x_wconf 85' lang='lat' dir='ltr'>augendo,</span> <span class='ocrx_word' id='word_1_170' title='bbox 3637 1581 3839 1650; x_wconf 85' lang='lat' dir='ltr'>inopiam</span> 
     </span>
    </p>
   </div>
   <div class='ocr_carea' id='block_1_15' title="bbox 447 1671 3839 1743">
    <p class='ocr_par' dir='ltr' id='par_1_15' title="bbox 447 1671 3839 1743">
     <span class='ocr_line' id='line_1_15' title="bbox 447 1671 3839 1743; baseline -0.001 -18"><span class='ocrx_word' id='word_1_171' title='bbox 447 1671 642 1726; x_wconf 92' lang='lat' dir='ltr'>dinem</span> <span class='ocrx_word' id='word_1_172' title='bbox 672 1672 927 1741; x_wconf 88' lang='lat' dir='ltr'>prodidit</span> <span class='ocrx_word' id='word_1_173' title='bbox 959 1673 1054 1727; x_wconf 90' lang='lat' dir='ltr'>his</span> <span class='ocrx_word' id='word_1_174' title='bbox 1079 1673 1281 1727; x_wconf 91' lang='lat' dir='ltr'>verbis</span> <span class='ocrx_word' id='word_1_175' title='bbox 1317 1690 1327 1726; x_wconf 93' lang='lat'>:</span> <span class='ocrx_word' id='word_1_176' title='bbox 1369 1696 1390 1718; x_wconf 90' lang='lat'><strong>«</strong></span> <span class='ocrx_word' id='word_1_177' title='bbox 1430 1674 1562 1726; x_wconf 91' lang='lat' dir='ltr'>Non</span> <span class='ocrx_word' id='word_1_178' title='bbox 1604 1674 1843 1743; x_wconf 83' lang='lat' dir='ltr'>indiget,</span> <span class='ocrx_word' id='word_1_179' title='bbox 1903 1671 2110 1742; x_wconf 88' lang='lat' dir='ltr'>inquit,</span> <span class='ocrx_word' id='word_1_180' title='bbox 2227 1671 3011 1725; x_wconf 86' lang='lat' dir='ltr'>lenivit.Adhochortamine</span> <span class='ocrx_word' id='word_1_181' title='bbox 3034 1671 3534 1725; x_wconf 85' lang='lat' dir='ltr'>diversoretraxit</span> <span class='ocrx_word' id='word_1_182' title='bbox 3559 1671 3839 1736; x_wconf 86' lang='lat' dir='ltr'>exterritos,</span> 
     </span>
    </p>
   </div>
   <div class='ocr_carea' id='block_1_16' title="bbox 451 1757 3840 1830">
    <p class='ocr_par' dir='ltr' id='par_1_16' title="bbox 451 1757 3840 1830">
     <span class='ocr_line' id='line_1_16' title="bbox 451 1757 3840 1830; baseline -0.001 -17"><span class='ocrx_word' id='word_1_183' title='bbox 451 1759 750 1814; x_wconf 84' lang='lat' dir='ltr'>Heraldus</span> <span class='ocrx_word' id='word_1_184' title='bbox 774 1763 900 1814; x_wconf 88' lang='lat' dir='ltr'>auri</span> <span class='ocrx_word' id='word_1_185' title='bbox 921 1763 1013 1815; x_wconf 92' lang='lat' dir='ltr'>sui</span> <span class='ocrx_word' id='word_1_186' title='bbox 1037 1762 1126 1814; x_wconf 87' lang='lat' dir='ltr'>vel</span> <span class='ocrx_word' id='word_1_187' title='bbox 1145 1761 1624 1830; x_wconf 78' lang='lat' dir='ltr'>argentijactura</span> <span class='ocrx_word' id='word_1_188' title='bbox 1655 1761 2112 1814; x_wconf 88' lang='lat' dir='ltr'>tuamaliorum-</span> <span class='ocrx_word' id='word_1_189' title='bbox 2226 1759 2504 1813; x_wconf 84' lang='lat' dir='ltr'>animavit</span> <span class='ocrx_word' id='word_1_190' title='bbox 2543 1763 2847 1827; x_wconf 86' lang='lat' dir='ltr'>paventes.</span> <span class='ocrx_word' id='word_1_191' title='bbox 2899 1758 3102 1813; x_wconf 90' lang='lat' dir='ltr'>Sacris</span> <span class='ocrx_word' id='word_1_192' title='bbox 3159 1759 3682 1829; x_wconf 87' lang='lat' dir='ltr'>supplicationibus</span> <span class='ocrx_word' id='word_1_193' title='bbox 3730 1757 3840 1809; x_wconf 86' lang='lat' dir='ltr'>adeo</span> 
     </span>
    </p>
   </div>
   <div class='ocr_carea' id='block_1_17' title="bbox 447 1846 3841 1941">
    <p class='ocr_par' dir='ltr' id='par_1_17' title="bbox 447 1846 3841 1941">
     <span class='ocr_line' id='line_1_17' title="bbox 447 1846 3841 1941; baseline -0.001 -40"><span class='ocrx_word' id='word_1_194' title='bbox 447 1863 560 1918; x_wconf 88' lang='lat' dir='ltr'>que</span> <span class='ocrx_word' id='word_1_195' title='bbox 593 1849 766 1902; x_wconf 82' lang='lat' dir='ltr'>fidem</span> <span class='ocrx_word' id='word_1_196' title='bbox 799 1854 972 1919; x_wconf 89' lang='lat' dir='ltr'>atque</span> <span class='ocrx_word' id='word_1_197' title='bbox 992 1849 1290 1903; x_wconf 90' lang='lat' dir='ltr'>solertiam</span> <span class='ocrx_word' id='word_1_198' title='bbox 1327 1865 1544 1915; x_wconf 91' lang='lat' dir='ltr'>emere,</span> <span class='ocrx_word' id='word_1_199' title='bbox 1571 1849 1668 1918; x_wconf 93' lang='lat' dir='ltr'>qui</span> <span class='ocrx_word' id='word_1_200' title='bbox 1693 1849 1940 1902; x_wconf 86' lang='lat' dir='ltr'>subdole</span> <span class='ocrx_word' id='word_1_201' title='bbox 1975 1863 2112 1916; x_wconf 77' lang='lat' dir='ltr'>spe—</span> <span class='ocrx_word' id='word_1_202' title='bbox 2150 1878 2198 1941; x_wconf 69' lang='grc' dir='ltr'>Β</span> <span class='ocrx_word' id='word_1_203' title='bbox 2226 1848 2550 1903; x_wconf 89' lang='lat' dir='ltr'>decertavit</span> <span class='ocrx_word' id='word_1_204' title='bbox 2580 1851 2642 1901; x_wconf 92' lang='lat' dir='ltr'>ut</span> <span class='ocrx_word' id='word_1_205' title='bbox 2700 1863 2918 1916; x_wconf 82' lang='lat' dir='ltr'>corpus</span> <span class='ocrx_word' id='word_1_206' title='bbox 2952 1847 3124 1902; x_wconf 88' lang='lat' dir='ltr'>etiam</span> <span class='ocrx_word' id='word_1_207' title='bbox 3153 1847 3562 1917; x_wconf 87' lang='lat' dir='ltr'>acceptissimi</span> <span class='ocrx_word' id='word_1_208' title='bbox 3590 1846 3698 1900; x_wconf 91' lang='lat' dir='ltr'>Deo</span> <span class='ocrx_word' id='word_1_209' title='bbox 3739 1859 3841 1897; x_wconf 88' lang='lat' dir='ltr'>con-</span> 
     </span>
    </p>
   </div>
   <div class='ocr_carea' id='block_1_18' title="bbox 448 1936 3840 2008">
    <p class='ocr_par' dir='ltr' id='par_1_18' title="bbox 448 1936 3840 2008">
     <span class='ocr_line' id='line_1_18' title="bbox 448 1936 3840 2008; baseline -0.002 -18"><span class='ocrx_word' id='word_1_210' title='bbox 448 1936 705 1990; x_wconf 76' lang='lat' dir='ltr'>sulatum</span> <span class='ocrx_word' id='word_1_211' title='bbox 739 1952 848 1991; x_wconf 87' lang='lat' dir='ltr'>nos</span> <span class='ocrx_word' id='word_1_212' title='bbox 871 1937 1142 1990; x_wconf 89' lang='lat' dir='ltr'>veniatis.</span> <span class='ocrx_word' id='word_1_213' title='bbox 1167 1937 1314 2001; x_wconf 87' lang='lat' dir='ltr'>Quid</span> <span class='ocrx_word' id='word_1_214' title='bbox 1348 1938 1712 2006; x_wconf 87' lang='lat' dir='ltr'>consulatur,</span> <span class='ocrx_word' id='word_1_215' title='bbox 1765 1937 1904 2008; x_wconf 89' lang='lat' dir='ltr'>quid</span> <span class='ocrx_word' id='word_1_216' title='bbox 1935 1952 2114 2005; x_wconf 87' lang='lat' dir='ltr'>appa-</span> <span class='ocrx_word' id='word_1_217' title='bbox 2150 1936 2180 1941; x_wconf 55' lang='grc'><strong><em>⁷</em></strong></span> <span class='ocrx_word' id='word_1_218' title='bbox 2229 1938 2484 1991; x_wconf 90' lang='lat' dir='ltr'>fessoris</span> <span class='ocrx_word' id='word_1_219' title='bbox 2505 1936 2801 1990; x_wconf 89' lang='lat' dir='ltr'>Gualerici</span> <span class='ocrx_word' id='word_1_220' title='bbox 2835 1941 3036 1990; x_wconf 91' lang='lat' dir='ltr'>contra</span> <span class='ocrx_word' id='word_1_221' title='bbox 3076 1936 3537 2006; x_wconf 88' lang='lat' dir='ltr'>praepedientem</span> <span class='ocrx_word' id='word_1_222' title='bbox 3585 1939 3634 1987; x_wconf 88' lang='lat' dir='ltr'>et</span> <span class='ocrx_word' id='word_1_223' title='bbox 3659 1948 3749 2003; x_wconf 86' lang='lat' dir='ltr'>pro</span> <span class='ocrx_word' id='word_1_224' title='bbox 3773 1947 3840 1984; x_wconf 85' lang='lat' dir='ltr'>se-</span> 
     </span>
    </p>
   </div>
   <div class='ocr_carea' id='block_1_19' title="bbox 446 2017 3841 2094">
    <p class='ocr_par' dir='ltr' id='par_1_19' title="bbox 446 2017 3841 2094">
     <span class='ocr_line' id='line_1_19' title="bbox 446 2017 3841 2094; baseline -0.001 -19"><span class='ocrx_word' id='word_1_225' title='bbox 446 2024 610 2075; x_wconf 87' lang='lat' dir='ltr'>retur</span> <span class='ocrx_word' id='word_1_226' title='bbox 639 2023 793 2090; x_wconf 90' lang='lat' dir='ltr'>apud</span> <span class='ocrx_word' id='word_1_227' title='bbox 826 2038 934 2076; x_wconf 90' lang='lat' dir='ltr'>nos</span> <span class='ocrx_word' id='word_1_228' title='bbox 970 2025 1190 2077; x_wconf 88' lang='lat' dir='ltr'>certior</span> <span class='ocrx_word' id='word_1_229' title='bbox 1219 2039 1350 2076; x_wconf 90' lang='lat' dir='ltr'>eum</span> <span class='ocrx_word' id='word_1_230' title='bbox 1383 2039 1555 2094; x_wconf 86' lang='lat' dir='ltr'>quam</span> <span class='ocrx_word' id='word_1_231' title='bbox 1585 2024 1724 2077; x_wconf 90' lang='lat' dir='ltr'>velit</span> <span class='ocrx_word' id='word_1_232' title='bbox 1755 2028 1810 2077; x_wconf 89' lang='lat' dir='ltr'>et</span> <span class='ocrx_word' id='word_1_233' title='bbox 1841 2024 2115 2092; x_wconf 86' lang='lat' dir='ltr'>Opinione</span> <span class='ocrx_word' id='word_1_234' title='bbox 2227 2017 2419 2080; x_wconf 73' lang='lat' dir='ltr'>dundo</span> <span class='ocrx_word' id='word_1_235' title='bbox 2451 2028 2626 2080; x_wconf 90' lang='lat' dir='ltr'>vento</span> <span class='ocrx_word' id='word_1_236' title='bbox 2657 2029 2822 2079; x_wconf 80' lang='lat' dir='ltr'>extra</span> <span class='ocrx_word' id='word_1_237' title='bbox 2851 2024 3157 2078; x_wconf 88' lang='lat' dir='ltr'>basilicam</span> <span class='ocrx_word' id='word_1_238' title='bbox 3181 2024 3444 2078; x_wconf 86' lang='lat' dir='ltr'>deferret</span> <span class='ocrx_word' id='word_1_239' title='bbox 3475 2039 3490 2093; x_wconf 84' lang='lat'><strong>;</strong></span> <span class='ocrx_word' id='word_1_240' title='bbox 3516 2023 3841 2076; x_wconf 87' lang='lat' dir='ltr'>concurrente</span> 
     </span>
    </p>
   </div>
   <div class='ocr_carea' id='block_1_20' title="bbox 451 2108 3839 2182">
    <p class='ocr_par' dir='ltr' id='par_1_20' title="bbox 451 2108 3839 2182">
     <span class='ocr_line' id='line_1_20' title="bbox 451 2108 3839 2182; baseline -0.001 -18"><span class='ocrx_word' id='word_1_241' title='bbox 451 2108 584 2179; x_wconf 85' lang='lat' dir='ltr'>ejus</span> <span class='ocrx_word' id='word_1_242' title='bbox 619 2109 787 2164; x_wconf 90' lang='lat' dir='ltr'>citior</span> <span class='ocrx_word' id='word_1_243' title='bbox 841 2110 1038 2179; x_wconf 86' lang='lat' dir='ltr'>index,</span> <span class='ocrx_word' id='word_1_244' title='bbox 1093 2112 1307 2181; x_wconf 87' lang='lat' dir='ltr'>quippe</span> <span class='ocrx_word' id='word_1_245' title='bbox 1347 2128 1475 2166; x_wconf 90' lang='lat' dir='ltr'>mea</span> <span class='ocrx_word' id='word_1_246' title='bbox 1511 2113 1825 2182; x_wconf 83' lang='lat' dir='ltr'>praesentia</span> <span class='ocrx_word' id='word_1_247' title='bbox 1859 2112 2112 2166; x_wconf 86' lang='lat' dir='ltr'>docebit.</span> <span class='ocrx_word' id='word_1_248' title='bbox 2227 2114 2286 2168; x_wconf 91' lang='lat' dir='ltr'>in</span> <span class='ocrx_word' id='word_1_249' title='bbox 2317 2115 2519 2168; x_wconf 90' lang='lat' dir='ltr'>eadem</span> <span class='ocrx_word' id='word_1_250' title='bbox 2555 2114 2901 2168; x_wconf 87' lang='lat' dir='ltr'>humilitatis</span> <span class='ocrx_word' id='word_1_251' title='bbox 2923 2129 3084 2166; x_wconf 90' lang='lat' dir='ltr'>arma</span> <span class='ocrx_word' id='word_1_252' title='bbox 3118 2114 3407 2168; x_wconf 90' lang='lat' dir='ltr'>concione</span> <span class='ocrx_word' id='word_1_253' title='bbox 3429 2113 3839 2182; x_wconf 84' lang='lat' dir='ltr'>profecturorum</span> 
     </span>
    </p>
   </div>
   <div class='ocr_carea' id='block_1_21' title="bbox 451 2198 2552 2272">
    <p class='ocr_par' dir='ltr' id='par_1_21' title="bbox 451 2198 2552 2272">
     <span class='ocr_line' id='line_1_21' title="bbox 451 2198 2552 2272; baseline 0.003 -21"><span class='ocrx_word' id='word_1_254' title='bbox 451 2198 578 2252; x_wconf 84' lang='lat' dir='ltr'>Hoc</span> <span class='ocrx_word' id='word_1_255' title='bbox 600 2213 673 2252; x_wconf 87' lang='lat' dir='ltr'>ex</span> <span class='ocrx_word' id='word_1_256' title='bbox 704 2214 794 2252; x_wconf 90' lang='lat' dir='ltr'>me</span> <span class='ocrx_word' id='word_1_257' title='bbox 829 2199 990 2254; x_wconf 90' lang='lat' dir='ltr'>refer</span> <span class='ocrx_word' id='word_1_258' title='bbox 1013 2199 1096 2252; x_wconf 88' lang='lat' dir='ltr'>illi</span> <span class='ocrx_word' id='word_1_259' title='bbox 1139 2201 1609 2268; x_wconf 84' lang='lat' dir='ltr'>mandatum,nee</span> <span class='ocrx_word' id='word_1_260' title='bbox 1642 2201 1815 2254; x_wconf 89' lang='lat' dir='ltr'>ullam</span> <span class='ocrx_word' id='word_1_261' title='bbox 1847 2199 2116 2254; x_wconf 89' lang='lat' dir='ltr'>adversi-</span> <span class='ocrx_word' id='word_1_262' title='bbox 2233 2218 2363 2256; x_wconf 90' lang='lat' dir='ltr'>cum</span> <span class='ocrx_word' id='word_1_263' title='bbox 2401 2203 2552 2272; x_wconf 89' lang='lat' dir='ltr'>ipso.</span> 
     </span>
    </p>
   </div>
   <div class='ocr_carea' id='block_1_22' title="bbox 451 2287 3843 2361">
    <p class='ocr_par' dir='ltr' id='par_1_22' title="bbox 451 2287 3843 2361">
     <span class='ocr_line' id='line_1_22' title="bbox 451 2287 3843 2361; baseline -0.001 -21"><span class='ocrx_word' id='word_1_264' title='bbox 451 2289 626 2341; x_wconf 88' lang='lat' dir='ltr'>tatem</span> <span class='ocrx_word' id='word_1_265' title='bbox 649 2303 721 2341; x_wconf 91' lang='lat' dir='ltr'>ex</span> <span class='ocrx_word' id='word_1_266' title='bbox 751 2288 926 2342; x_wconf 90' lang='lat' dir='ltr'>nobis</span> <span class='ocrx_word' id='word_1_267' title='bbox 958 2288 1008 2341; x_wconf 90' lang='lat' dir='ltr'>ei</span> <span class='ocrx_word' id='word_1_268' title='bbox 1043 2289 1484 2358; x_wconf 85' lang='lat' dir='ltr'>suscipiendam</span> <span class='ocrx_word' id='word_1_269' title='bbox 1517 2305 1674 2356; x_wconf 90' lang='lat' dir='ltr'>esse,</span> <span class='ocrx_word' id='word_1_270' title='bbox 1697 2290 2011 2359; x_wconf 90' lang='lat' dir='ltr'>quominus</span> <span class='ocrx_word' id='word_1_271' title='bbox 2034 2304 2120 2342; x_wconf 88' lang='lat' dir='ltr'>re-</span> <span class='ocrx_word' id='word_1_272' title='bbox 2304 2291 2576 2361; x_wconf 90' lang='lat' dir='ltr'>Spirante</span> <span class='ocrx_word' id='word_1_273' title='bbox 2598 2291 2733 2346; x_wconf 90' lang='lat' dir='ltr'>dein</span> <span class='ocrx_word' id='word_1_274' title='bbox 2755 2307 2900 2345; x_wconf 87' lang='lat' dir='ltr'>aura</span> <span class='ocrx_word' id='word_1_275' title='bbox 2918 2293 3257 2360; x_wconf 81' lang='lat' dir='ltr'>exspectata</span> <span class='ocrx_word' id='word_1_276' title='bbox 3274 2305 3462 2344; x_wconf 89' lang='lat' dir='ltr'>voces</span> <span class='ocrx_word' id='word_1_277' title='bbox 3486 2305 3613 2344; x_wconf 89' lang='lat' dir='ltr'>cum</span> <span class='ocrx_word' id='word_1_278' title='bbox 3628 2287 3843 2342; x_wconf 88' lang='lat' dir='ltr'>mambus</span> 
     </span>
    </p>
   </div>
   <div class='ocr_carea' id='block_1_23' title="bbox 456 2374 3844 2450">
    <p class='ocr_par' dir='ltr' id='par_1_23' title="bbox 456 2374 3844 2450">
     <span class='ocr_line' id='line_1_23' title="bbox 456 2374 3844 2450; baseline -0.001 -22"><span class='ocrx_word' id='word_1_279' title='bbox 456 2374 674 2445; x_wconf 87' lang='lat' dir='ltr'>liquam</span> <span class='ocrx_word' id='word_1_280' title='bbox 705 2379 932 2430; x_wconf 62' lang='lat' dir='ltr'>aetatem</span> <span class='ocrx_word' id='word_1_281' title='bbox 967 2392 1217 2430; x_wconf 83' lang='lat' dir='ltr'>securus</span> <span class='ocrx_word' id='word_1_282' title='bbox 1247 2381 1384 2448; x_wconf 87' lang='lat' dir='ltr'>agat</span> <span class='ocrx_word' id='word_1_283' title='bbox 1406 2379 1520 2431; x_wconf 90' lang='lat' dir='ltr'>nisi</span> <span class='ocrx_word' id='word_1_284' title='bbox 1544 2378 1691 2431; x_wconf 88' lang='lat' dir='ltr'>intra</span> <span class='ocrx_word' id='word_1_285' title='bbox 1708 2393 1961 2432; x_wconf 90' lang='lat' dir='ltr'>annuum</span> <span class='ocrx_word' id='word_1_286' title='bbox 1987 2393 2118 2446; x_wconf 90' lang='lat' dir='ltr'>spa-</span> <span class='ocrx_word' id='word_1_287' title='bbox 2233 2380 2288 2432; x_wconf 90' lang='lat' dir='ltr'>in</span> <span class='ocrx_word' id='word_1_288' title='bbox 2324 2380 2534 2433; x_wconf 76' lang='lat' dir='ltr'>ecelum</span> <span class='ocrx_word' id='word_1_289' title='bbox 2569 2379 2992 2450; x_wconf 82' lang='lat' dir='ltr'>gratificantes,</span> <span class='ocrx_word' id='word_1_290' title='bbox 3026 2394 3094 2432; x_wconf 92' lang='lat' dir='ltr'>ac</span> <span class='ocrx_word' id='word_1_291' title='bbox 3125 2377 3300 2432; x_wconf 90' lang='lat' dir='ltr'>simul</span> <span class='ocrx_word' id='word_1_292' title='bbox 3334 2377 3616 2431; x_wconf 86' lang='lat' dir='ltr'>tumultus</span> <span class='ocrx_word' id='word_1_293' title='bbox 3644 2375 3844 2429; x_wconf 84' lang='lat' dir='ltr'>invicem</span> 
     </span>
    </p>
   </div>
   <div class='ocr_carea' id='block_1_24' title="bbox 457 2463 3848 2538">
    <p class='ocr_par' dir='ltr' id='par_1_24' title="bbox 457 2463 3848 2538">
     <span class='ocr_line' id='line_1_24' title="bbox 457 2463 3848 2538; baseline -0.001 -20"><span class='ocrx_word' id='word_1_294' title='bbox 457 2463 621 2532; x_wconf 87' lang='lat' dir='ltr'>tium,</span> <span class='ocrx_word' id='word_1_295' title='bbox 657 2465 756 2518; x_wconf 92' lang='lat' dir='ltr'>ubi</span> <span class='ocrx_word' id='word_1_296' title='bbox 781 2467 1051 2519; x_wconf 90' lang='lat' dir='ltr'>tutiorem</span> <span class='ocrx_word' id='word_1_297' title='bbox 1085 2466 1277 2519; x_wconf 90' lang='lat' dir='ltr'>locum</span> <span class='ocrx_word' id='word_1_298' title='bbox 1308 2467 1438 2519; x_wconf 91' lang='lat' dir='ltr'>suis</span> <span class='ocrx_word' id='word_1_299' title='bbox 1469 2467 1720 2536; x_wconf 87' lang='lat' dir='ltr'>pedibus</span> <span class='ocrx_word' id='word_1_300' title='bbox 1751 2472 1971 2536; x_wconf 88' lang='lat' dir='ltr'>sperat,</span> <span class='ocrx_word' id='word_1_301' title='bbox 2029 2480 2120 2519; x_wconf 89' lang='lat' dir='ltr'>me</span> <span class='ocrx_word' id='word_1_302' title='bbox 2236 2468 2485 2522; x_wconf 88' lang='lat' dir='ltr'>incitans</span> <span class='ocrx_word' id='word_1_303' title='bbox 2517 2470 2923 2535; x_wconf 89' lang='lat' dir='ltr'>tollitur,terra</span> <span class='ocrx_word' id='word_1_304' title='bbox 2957 2483 3130 2538; x_wconf 90' lang='lat' dir='ltr'>quam</span> <span class='ocrx_word' id='word_1_305' title='bbox 3178 2467 3694 2538; x_wconf 87' lang='lat' dir='ltr'>preperantissime</span> <span class='ocrx_word' id='word_1_306' title='bbox 3719 2465 3848 2518; x_wconf 84' lang='lat' dir='ltr'>dese-</span> 
     </span>
    </p>
   </div>
   <div class='ocr_carea' id='block_1_25' title="bbox 458 2552 3848 2627">
    <p class='ocr_par' dir='ltr' id='par_1_25' title="bbox 458 2552 3848 2627">
     <span class='ocr_line' id='line_1_25' title="bbox 458 2552 3848 2627; baseline -0 -22"><span class='ocrx_word' id='word_1_307' title='bbox 458 2554 856 2621; x_wconf 81' lang='lat' dir='ltr'>conspexerit.</span> <span class='ocrx_word' id='word_1_308' title='bbox 896 2576 916 2599; x_wconf 83' lang='lat'><strong>»</strong></span> <span class='ocrx_word' id='word_1_309' title='bbox 971 2555 1286 2622; x_wconf 80' lang='lat' dir='ltr'>Stupentes</span> <span class='ocrx_word' id='word_1_310' title='bbox 1318 2569 1458 2608; x_wconf 88' lang='lat' dir='ltr'>vero</span> <span class='ocrx_word' id='word_1_311' title='bbox 1490 2556 1714 2624; x_wconf 86' lang='lat' dir='ltr'>grande</span> <span class='ocrx_word' id='word_1_312' title='bbox 1761 2554 2122 2624; x_wconf 89' lang='lat' dir='ltr'>promissum</span> <span class='ocrx_word' id='word_1_313' title='bbox 2234 2558 2404 2621; x_wconf 89' lang='lat' dir='ltr'>ritur,</span> <span class='ocrx_word' id='word_1_314' title='bbox 2441 2558 2682 2610; x_wconf 88' lang='lat' dir='ltr'>dubium</span> <span class='ocrx_word' id='word_1_315' title='bbox 2716 2558 2827 2611; x_wconf 89' lang='lat' dir='ltr'>iter</span> <span class='ocrx_word' id='word_1_316' title='bbox 2874 2573 3047 2627; x_wconf 89' lang='lat' dir='ltr'>quam</span> <span class='ocrx_word' id='word_1_317' title='bbox 3099 2557 3550 2626; x_wconf 80' lang='lat' dir='ltr'>cupientissima</span> <span class='ocrx_word' id='word_1_318' title='bbox 3580 2555 3750 2608; x_wconf 89' lang='lat' dir='ltr'>initur.</span> <span class='ocrx_word' id='word_1_319' title='bbox 3788 2552 3848 2604; x_wconf 81' lang='lat' dir='ltr'>Eo</span> 
     </span>
    </p>
   </div>
   <div class='ocr_carea' id='block_1_26' title="bbox 457 2640 3846 2716">
    <p class='ocr_par' dir='ltr' id='par_1_26' title="bbox 457 2640 3846 2716">
     <span class='ocr_line' id='line_1_26' title="bbox 457 2640 3846 2716; baseline 0 -24"><span class='ocrx_word' id='word_1_320' title='bbox 457 2640 750 2708; x_wconf 90' lang='lat' dir='ltr'>primores</span> <span class='ocrx_word' id='word_1_321' title='bbox 785 2641 1342 2709; x_wconf 87' lang='lat' dir='ltr'>Norlhmannorum,</span> <span class='ocrx_word' id='word_1_322' title='bbox 1365 2643 1526 2695; x_wconf 90' lang='lat' dir='ltr'>multi</span> <span class='ocrx_word' id='word_1_323' title='bbox 1550 2643 1930 2697; x_wconf 78' lang='lat' dir='ltr'>diffidentiam</span> <span class='ocrx_word' id='word_1_324' title='bbox 1955 2659 2121 2697; x_wconf 89' lang='lat' dir='ltr'>suam</span> <span class='ocrx_word' id='word_1_325' title='bbox 2237 2662 2488 2716; x_wconf 91' lang='lat' dir='ltr'>namque</span> <span class='ocrx_word' id='word_1_326' title='bbox 2521 2647 2838 2700; x_wconf 88' lang='lat' dir='ltr'>celeritatis</span> <span class='ocrx_word' id='word_1_327' title='bbox 2869 2652 3032 2700; x_wconf 89' lang='lat' dir='ltr'>motu</span> <span class='ocrx_word' id='word_1_328' title='bbox 3062 2646 3449 2715; x_wconf 88' lang='lat' dir='ltr'>impelluntur</span> <span class='ocrx_word' id='word_1_329' title='bbox 3482 2648 3542 2698; x_wconf 86' lang='lat' dir='ltr'>ut</span> <span class='ocrx_word' id='word_1_330' title='bbox 3572 2659 3690 2697; x_wconf 91' lang='lat' dir='ltr'>cum</span> <span class='ocrx_word' id='word_1_331' title='bbox 3717 2642 3846 2696; x_wconf 85' lang='lat' dir='ltr'>armi-</span> 
     </span>
    </p>
   </div>
   <div class='ocr_carea' id='block_1_27' title="bbox 458 2729 3849 2806">
    <p class='ocr_par' dir='ltr' id='par_1_27' title="bbox 458 2729 3849 2806">
     <span class='ocr_line' id='line_1_27' title="bbox 458 2729 3849 2806; baseline 0 -25"><span class='ocrx_word' id='word_1_332' title='bbox 458 2743 576 2781; x_wconf 91' lang='lat' dir='ltr'>non</span> <span class='ocrx_word' id='word_1_333' title='bbox 612 2729 1256 2799; x_wconf 83' lang='lat' dir='ltr'>reticent.Ampliﬁcant</span> <span class='ocrx_word' id='word_1_334' title='bbox 1291 2732 1552 2786; x_wconf 90' lang='lat' dir='ltr'>oratione</span> <span class='ocrx_word' id='word_1_335' title='bbox 1583 2748 1755 2801; x_wconf 87' lang='lat' dir='ltr'>quam</span> <span class='ocrx_word' id='word_1_336' title='bbox 1788 2733 2121 2802; x_wconf 87' lang='lat' dir='ltr'>desperatio</span> <span class='ocrx_word' id='word_1_337' title='bbox 2235 2750 2441 2806; x_wconf 88' lang='lat' dir='ltr'>gerum</span> <span class='ocrx_word' id='word_1_338' title='bbox 2476 2735 2828 2800; x_wconf 89' lang='lat' dir='ltr'>bic,socium</span> <span class='ocrx_word' id='word_1_339' title='bbox 2860 2735 3135 2787; x_wconf 90' lang='lat' dir='ltr'>inclamet</span> <span class='ocrx_word' id='word_1_340' title='bbox 3165 2734 3281 2802; x_wconf 91' lang='lat' dir='ltr'>ille,</span> <span class='ocrx_word' id='word_1_341' title='bbox 3316 2735 3583 2803; x_wconf 89' lang='lat' dir='ltr'>plerique</span> <span class='ocrx_word' id='word_1_342' title='bbox 3613 2734 3849 2785; x_wconf 83' lang='lat' dir='ltr'>immemo-</span> 
     </span>
    </p>
   </div>
   <div class='ocr_carea' id='block_1_28' title="bbox 459 2816 3848 2892">
    <p class='ocr_par' dir='ltr' id='par_1_28' title="bbox 459 2816 3848 2892">
     <span class='ocr_line' id='line_1_28' title="bbox 459 2816 3848 2892; baseline 0.001 -24"><span class='ocrx_word' id='word_1_343' title='bbox 459 2816 716 2886; x_wconf 88' lang='lat' dir='ltr'>dietavit,</span> <span class='ocrx_word' id='word_1_344' title='bbox 747 2833 890 2886; x_wconf 86' lang='lat' dir='ltr'>Opes</span> <span class='ocrx_word' id='word_1_345' title='bbox 949 2819 1189 2872; x_wconf 83' lang='lat' dir='ltr'>Hcraldi</span> <span class='ocrx_word' id='word_1_346' title='bbox 1222 2835 1364 2873; x_wconf 86' lang='lat' dir='ltr'>suas</span> <span class='ocrx_word' id='word_1_347' title='bbox 1398 2821 1744 2874; x_wconf 88' lang='lat' dir='ltr'>diminuunt.</span> <span class='ocrx_word' id='word_1_348' title='bbox 1795 2822 2120 2876; x_wconf 89' lang='lat' dir='ltr'>Thesauris</span> <span class='ocrx_word' id='word_1_349' title='bbox 2234 2839 2334 2877; x_wconf 90' lang='lat' dir='ltr'>res</span> <span class='ocrx_word' id='word_1_350' title='bbox 2366 2823 2664 2892; x_wconf 90' lang='lat' dir='ltr'>clientum,</span> <span class='ocrx_word' id='word_1_351' title='bbox 2701 2826 2796 2877; x_wconf 88' lang='lat' dir='ltr'>aut</span> <span class='ocrx_word' id='word_1_352' title='bbox 2828 2823 3149 2890; x_wconf 90' lang='lat' dir='ltr'>sociorum,</span> <span class='ocrx_word' id='word_1_353' title='bbox 3178 2828 3276 2876; x_wconf 93' lang='lat' dir='ltr'>aut</span> <span class='ocrx_word' id='word_1_354' title='bbox 3305 2839 3512 2876; x_wconf 88' lang='lat' dir='ltr'>rerum</span> <span class='ocrx_word' id='word_1_355' title='bbox 3541 2819 3848 2875; x_wconf 82' lang='lat' dir='ltr'>necessaria-</span> 
     </span>
    </p>
   </div>
   <div class='ocr_carea' id='block_1_29' title="bbox 457 2903 3846 2983">
    <p class='ocr_par' dir='ltr' id='par_1_29' title="bbox 457 2903 3846 2983">
     <span class='ocr_line' id='line_1_29' title="bbox 457 2903 3846 2983; baseline 0.001 -27"><span class='ocrx_word' id='word_1_356' title='bbox 457 2903 622 2958; x_wconf 89' lang='lat' dir='ltr'>illum</span> <span class='ocrx_word' id='word_1_357' title='bbox 651 2907 970 2976; x_wconf 88' lang='lat' dir='ltr'>abundare,</span> <span class='ocrx_word' id='word_1_358' title='bbox 996 2909 1216 2978; x_wconf 88' lang='lat' dir='ltr'>quibus</span> <span class='ocrx_word' id='word_1_359' title='bbox 1245 2909 1426 2977; x_wconf 87' lang='lat' dir='ltr'>partis</span> <span class='ocrx_word' id='word_1_360' title='bbox 1460 2926 1586 2964; x_wconf 64' lang='lat' dir='ltr'>suae</span> <span class='ocrx_word' id='word_1_361' title='bbox 1619 2911 1803 2964; x_wconf 87' lang='lat' dir='ltr'>duces</span> <span class='ocrx_word' id='word_1_362' title='bbox 1835 2914 1890 2965; x_wconf 82' lang='lat' dir='ltr'>et</span> <span class='ocrx_word' id='word_1_363' title='bbox 1942 2926 2121 2983; x_wconf 87' lang='lat' dir='ltr'>reges</span> <span class='ocrx_word' id='word_1_364' title='bbox 2233 2928 2384 2980; x_wconf 88' lang='lat' dir='ltr'>rum,</span> <span class='ocrx_word' id='word_1_365' title='bbox 2419 2913 2476 2965; x_wconf 91' lang='lat' dir='ltr'>id</span> <span class='ocrx_word' id='word_1_366' title='bbox 2525 2913 2740 2979; x_wconf 92' lang='lat' dir='ltr'>solum,</span> <span class='ocrx_word' id='word_1_367' title='bbox 2794 2927 2866 2966; x_wconf 88' lang='lat' dir='ltr'>ne</span> <span class='ocrx_word' id='word_1_368' title='bbox 2899 2912 3321 2983; x_wconf 87' lang='lat' dir='ltr'>relinquantur,</span> <span class='ocrx_word' id='word_1_369' title='bbox 3351 2913 3611 2981; x_wconf 86' lang='lat' dir='ltr'>cogitant</span> <span class='ocrx_word' id='word_1_370' title='bbox 3637 2927 3696 2962; x_wconf 85' lang='lat' dir='ltr'>ac</span> <span class='ocrx_word' id='word_1_371' title='bbox 3723 2907 3846 2961; x_wconf 80' lang='lat' dir='ltr'>festi-</span> 
     </span>
    </p>
   </div>
   <div class='ocr_carea' id='block_1_30' title="bbox 458 2996 3846 3071">
    <p class='ocr_par' dir='ltr' id='par_1_30' title="bbox 458 2996 3846 3071">
     <span class='ocr_line' id='line_1_30' title="bbox 458 2996 3846 3071; baseline 0 -24"><span class='ocrx_word' id='word_1_372' title='bbox 458 2996 2122 3070; x_wconf 78' lang='lat' dir='ltr'>praepotentesconducenter;elassemhabereplurimam</span> <span class='ocrx_word' id='word_1_373' title='bbox 2235 3003 2390 3053; x_wconf 92' lang='lat' dir='ltr'>nant.</span> <span class='ocrx_word' id='word_1_374' title='bbox 2442 3000 2711 3070; x_wconf 88' lang='lat' dir='ltr'>Increpat</span> <span class='ocrx_word' id='word_1_375' title='bbox 2761 3003 2954 3054; x_wconf 90' lang='lat' dir='ltr'>tamen</span> <span class='ocrx_word' id='word_1_376' title='bbox 2985 3005 3158 3070; x_wconf 88' lang='lat' dir='ltr'>atque</span> <span class='ocrx_word' id='word_1_377' title='bbox 3217 3004 3396 3071; x_wconf 85' lang='lat' dir='ltr'>urget</span> <span class='ocrx_word' id='word_1_378' title='bbox 3443 3001 3503 3052; x_wconf 92' lang='lat' dir='ltr'>in</span> <span class='ocrx_word' id='word_1_379' title='bbox 3530 3013 3734 3069; x_wconf 88' lang='lat' dir='ltr'>puppes</span> <span class='ocrx_word' id='word_1_380' title='bbox 3780 3010 3846 3047; x_wconf 85' lang='lat' dir='ltr'>ar-</span> 
     </span>
    </p>
   </div>
   <div class='ocr_carea' id='block_1_31' title="bbox 459 3074 3842 3160">
    <p class='ocr_par' dir='ltr' id='par_1_31' title="bbox 459 3074 3842 3160">
     <span class='ocr_line' id='line_1_31' title="bbox 459 3074 3842 3160; baseline 0 -25"><span class='ocrx_word' id='word_1_381' title='bbox 459 3081 802 3138; x_wconf 88' lang='lat' dir='ltr'>hominesin</span> <span class='ocrx_word' id='word_1_382' title='bbox 823 3074 1164 3140; x_wconf 83' lang='lat' dir='ltr'>ministeriis</span> <span class='ocrx_word' id='word_1_383' title='bbox 1184 3087 1844 3157; x_wconf 87' lang='lat' dir='ltr'>nauticisperitissimos</span> <span class='ocrx_word' id='word_1_384' title='bbox 1871 3089 1972 3158; x_wconf 92' lang='lat' dir='ltr'>qui</span> <span class='ocrx_word' id='word_1_385' title='bbox 2004 3105 2124 3143; x_wconf 71' lang='lat' dir='ltr'>saa-</span> <span class='ocrx_word' id='word_1_386' title='bbox 2234 3089 2382 3143; x_wconf 90' lang='lat' dir='ltr'>dens</span> <span class='ocrx_word' id='word_1_387' title='bbox 2439 3090 2807 3143; x_wconf 88' lang='lat' dir='ltr'>vehementia</span> <span class='ocrx_word' id='word_1_388' title='bbox 2842 3091 3032 3159; x_wconf 90' lang='lat' dir='ltr'>ducis,</span> <span class='ocrx_word' id='word_1_389' title='bbox 3085 3091 3133 3142; x_wconf 93' lang='lat' dir='ltr'>si</span> <span class='ocrx_word' id='word_1_390' title='bbox 3165 3105 3319 3160; x_wconf 86' lang='lat' dir='ltr'>quos</span> <span class='ocrx_word' id='word_1_391' title='bbox 3350 3090 3642 3143; x_wconf 86' lang='lat' dir='ltr'>ullatenus</span> <span class='ocrx_word' id='word_1_392' title='bbox 3670 3099 3842 3139; x_wconf 86' lang='lat' dir='ltr'>moram</span> 
     </span>
    </p>
   </div>
   <div class='ocr_carea' id='block_1_32' title="bbox 459 3170 3845 3248">
    <p class='ocr_par' dir='ltr' id='par_1_32' title="bbox 459 3170 3845 3248">
     <span class='ocr_line' id='line_1_32' title="bbox 459 3170 3845 3248; baseline -0 -24"><span class='ocrx_word' id='word_1_393' title='bbox 459 3170 593 3240; x_wconf 90' lang='lat' dir='ltr'>pius</span> <span class='ocrx_word' id='word_1_394' title='bbox 618 3173 880 3241; x_wconf 89' lang='lat' dir='ltr'>pericula</span> <span class='ocrx_word' id='word_1_395' title='bbox 909 3178 966 3228; x_wconf 91' lang='lat' dir='ltr'>et</span> <span class='ocrx_word' id='word_1_396' title='bbox 997 3176 1196 3244; x_wconf 75' lang='lat' dir='ltr'>praelia</span> <span class='ocrx_word' id='word_1_397' title='bbox 1232 3177 1519 3230; x_wconf 89' lang='lat' dir='ltr'>maritima</span> <span class='ocrx_word' id='word_1_398' title='bbox 1537 3178 1655 3230; x_wconf 90' lang='lat' dir='ltr'>sint</span> <span class='ocrx_word' id='word_1_399' title='bbox 1673 3179 1918 3246; x_wconf 88' lang='lat' dir='ltr'>experti.</span> <span class='ocrx_word' id='word_1_400' title='bbox 1940 3179 2125 3231; x_wconf 90' lang='lat' dir='ltr'>Terra</span> <span class='ocrx_word' id='word_1_401' title='bbox 2163 3182 2471 3248; x_wconf 61' lang='lat' dir='ltr'>_nectere</span> <span class='ocrx_word' id='word_1_402' title='bbox 2502 3181 2679 3231; x_wconf 91' lang='lat' dir='ltr'>notat.</span> <span class='ocrx_word' id='word_1_403' title='bbox 2716 3178 2934 3230; x_wconf 87' lang='lat' dir='ltr'>Verum</span> <span class='ocrx_word' id='word_1_404' title='bbox 2951 3193 3022 3232; x_wconf 91' lang='lat' dir='ltr'>ne</span> <span class='ocrx_word' id='word_1_405' title='bbox 3042 3177 3358 3248; x_wconf 89' lang='lat' dir='ltr'>priusluee</span> <span class='ocrx_word' id='word_1_406' title='bbox 3380 3178 3563 3243; x_wconf 87' lang='lat' dir='ltr'>littus,</span> <span class='ocrx_word' id='word_1_407' title='bbox 3583 3191 3688 3246; x_wconf 90' lang='lat' dir='ltr'>quo</span> <span class='ocrx_word' id='word_1_408' title='bbox 3705 3174 3845 3225; x_wconf 83' lang='lat' dir='ltr'>inten-</span> 
     </span>
    </p>
   </div>
   <div class='ocr_carea' id='block_1_33' title="bbox 461 3228 3843 3336">
    <p class='ocr_par' dir='ltr' id='par_1_33' title="bbox 461 3228 3843 3336">
     <span class='ocr_line' id='line_1_33' title="bbox 461 3228 3843 3336; baseline -0 -25"><span class='ocrx_word' id='word_1_409' title='bbox 461 3228 635 3314; x_wconf 47' lang='lat' dir='ltr'>illius.</span> <span class='ocrx_word' id='word_1_410' title='bbox 653 3261 733 3315; x_wconf 90' lang='lat' dir='ltr'>uti</span> <span class='ocrx_word' id='word_1_411' title='bbox 765 3228 1090 3331; x_wconf 58' lang='lat' dir='ltr'>divitiis,ita</span> <span class='ocrx_word' id='word_1_412' title='bbox 1117 3263 1320 3318; x_wconf 87' lang='lat' dir='ltr'>militis</span> <span class='ocrx_word' id='word_1_413' title='bbox 1358 3266 1525 3333; x_wconf 91' lang='lat' dir='ltr'>copia</span> <span class='ocrx_word' id='word_1_414' title='bbox 1557 3266 1708 3318; x_wconf 88' lang='lat' dir='ltr'>hanc</span> <span class='ocrx_word' id='word_1_415' title='bbox 1729 3228 2127 3335; x_wconf 75' lang='lat' dir='ltr'>multipliciter</span> <span class='ocrx_word' id='word_1_416' title='bbox 2161 3228 2395 3334; x_wconf 43' lang='lat' dir='ltr'>c.dunt,</span> <span class='ocrx_word' id='word_1_417' title='bbox 2431 3266 2811 3336; x_wconf 89' lang='lat' dir='ltr'>attingentes,</span> <span class='ocrx_word' id='word_1_418' title='bbox 2869 3228 3070 3336; x_wconf 66' lang='lat' dir='ltr'>iniqua</span> <span class='ocrx_word' id='word_1_419' title='bbox 3647 3262 3843 3316; x_wconf 82' lang='lat' dir='ltr'>statione</span> 
     </span>
    </p>
   </div>
   <div class='ocr_carea' id='block_1_34' title="bbox 460 3348 3844 3426">
    <p class='ocr_par' dir='ltr' id='par_1_34' title="bbox 460 3348 3844 3426">
     <span class='ocr_line' id='line_1_34' title="bbox 460 3348 3844 3426; baseline -0.001 -24"><span class='ocrx_word' id='word_1_420' title='bbox 460 3349 902 3416; x_wconf 88' lang='lat' dir='ltr'>superari.Quis</span> <span class='ocrx_word' id='word_1_421' title='bbox 934 3351 1109 3420; x_wconf 77' lang='lat' dir='ltr'>enim,</span> <span class='ocrx_word' id='word_1_422' title='bbox 1140 3351 1306 3422; x_wconf 82' lang='lat' dir='ltr'>juxta</span> <span class='ocrx_word' id='word_1_423' title='bbox 1340 3354 1754 3423; x_wconf 66' lang='lat' dir='ltr'>praesntutum,</span> <span class='ocrx_word' id='word_1_424' title='bbox 1780 3371 1962 3408; x_wconf 90' lang='lat' dir='ltr'>naves</span> <span class='ocrx_word' id='word_1_425' title='bbox 1993 3371 2126 3424; x_wconf 90' lang='lat' dir='ltr'>per-</span> <span class='ocrx_word' id='word_1_426' title='bbox 2236 3355 3075 3426; x_wconf 58' lang='lat' dir='ltr'>periclitentur,datpraeconis</span> <span class='ocrx_word' id='word_1_427' title='bbox 3108 3370 3255 3408; x_wconf 90' lang='lat' dir='ltr'>voce</span> <span class='ocrx_word' id='word_1_428' title='bbox 3279 3355 3556 3421; x_wconf 86' lang='lat' dir='ltr'>edictum,</span> <span class='ocrx_word' id='word_1_429' title='bbox 3599 3356 3652 3406; x_wconf 88' lang='lat' dir='ltr'>ut</span> <span class='ocrx_word' id='word_1_430' title='bbox 3673 3365 3779 3404; x_wconf 87' lang='lat' dir='ltr'>cum</span> <span class='ocrx_word' id='word_1_431' title='bbox 3802 3348 3844 3398; x_wconf 85' lang='lat' dir='ltr'>in</span> 
     </span>
    </p>
   </div>
   <div class='ocr_carea' id='block_1_35' title="bbox 461 3436 3846 3513">
    <p class='ocr_par' dir='ltr' id='par_1_35' title="bbox 461 3436 3846 3513">
     <span class='ocr_line' id='line_1_35' title="bbox 461 3436 3846 3513; baseline -0.001 -24"><span class='ocrx_word' id='word_1_432' title='bbox 461 3436 943 3508; x_wconf 83' lang='lat' dir='ltr'>fiei,autperfecti</span> <span class='ocrx_word' id='word_1_433' title='bbox 971 3440 1228 3510; x_wconf 87' lang='lat' dir='ltr'>remiges</span> <span class='ocrx_word' id='word_1_434' title='bbox 1270 3441 1515 3494; x_wconf 88' lang='lat' dir='ltr'>inveniri</span> <span class='ocrx_word' id='word_1_435' title='bbox 1533 3457 1722 3495; x_wconf 88' lang='lat' dir='ltr'>annua</span> <span class='ocrx_word' id='word_1_436' title='bbox 1738 3444 1926 3512; x_wconf 89' lang='lat' dir='ltr'>spatio</span> <span class='ocrx_word' id='word_1_437' title='bbox 1943 3459 2126 3513; x_wconf 91' lang='lat' dir='ltr'>posse</span> <span class='ocrx_word' id='word_1_438' title='bbox 2237 3445 2416 3498; x_wconf 90' lang='lat' dir='ltr'>altum</span> <span class='ocrx_word' id='word_1_439' title='bbox 2449 3444 2567 3497; x_wconf 90' lang='lat' dir='ltr'>sint</span> <span class='ocrx_word' id='word_1_440' title='bbox 2605 3443 2893 3510; x_wconf 83' lang='lat' dir='ltr'>deductae,</span> <span class='ocrx_word' id='word_1_441' title='bbox 2926 3443 3226 3513; x_wconf 88' lang='lat' dir='ltr'>paululum</span> <span class='ocrx_word' id='word_1_442' title='bbox 3257 3444 3458 3498; x_wconf 90' lang='lat' dir='ltr'>noctis</span> <span class='ocrx_word' id='word_1_443' title='bbox 3489 3437 3846 3512; x_wconf 83' lang='lat' dir='ltr'>conquiescant</span> 
     </span>
    </p>
   </div>
   <div class='ocr_carea' id='block_1_36' title="bbox 461 3528 3843 3604">
    <p class='ocr_par' dir='ltr' id='par_1_36' title="bbox 461 3528 3843 3604">
     <span class='ocr_line' id='line_1_36' title="bbox 461 3528 3843 3604; baseline -0.001 -27"><span class='ocrx_word' id='word_1_444' title='bbox 461 3532 727 3594; x_wconf 87' lang='lat' dir='ltr'>speraret</span> <span class='ocrx_word' id='word_1_445' title='bbox 749 3528 936 3590; x_wconf 78' lang='lat' dir='ltr'>‘?Quis</span> <span class='ocrx_word' id='word_1_446' title='bbox 960 3543 1110 3582; x_wconf 92' lang='lat' dir='ltr'>nova</span> <span class='ocrx_word' id='word_1_447' title='bbox 1135 3528 1244 3581; x_wconf 91' lang='lat' dir='ltr'>hac</span> <span class='ocrx_word' id='word_1_448' title='bbox 1267 3529 1638 3596; x_wconf 86' lang='lat' dir='ltr'>expeditione</span> <span class='ocrx_word' id='word_1_449' title='bbox 1661 3531 2124 3599; x_wconf 88' lang='lat' dir='ltr'>pulcherrimum</span> <span class='ocrx_word' id='word_1_450' title='bbox 2237 3549 2354 3587; x_wconf 91' lang='lat' dir='ltr'>non</span> <span class='ocrx_word' id='word_1_451' title='bbox 2385 3532 2562 3604; x_wconf 88' lang='lat' dir='ltr'>longe</span> <span class='ocrx_word' id='word_1_452' title='bbox 2588 3547 2742 3584; x_wconf 89' lang='lat' dir='ltr'>asua</span> <span class='ocrx_word' id='word_1_453' title='bbox 2757 3538 2915 3586; x_wconf 90' lang='lat' dir='ltr'>rates</span> <span class='ocrx_word' id='word_1_454' title='bbox 2930 3536 3179 3604; x_wconf 74' lang='lat' dir='ltr'>cunctae,</span> <span class='ocrx_word' id='word_1_455' title='bbox 3201 3533 3256 3585; x_wconf 93' lang='lat' dir='ltr'>in</span> <span class='ocrx_word' id='word_1_456' title='bbox 3283 3531 3567 3586; x_wconf 87' lang='lat' dir='ltr'>anchoris</span> <span class='ocrx_word' id='word_1_457' title='bbox 3588 3529 3843 3587; x_wconf 74' lang='lat' dir='ltr'>fluitantes,</span> 
     </span>
    </p>
   </div>
   <div class='ocr_carea' id='block_1_37' title="bbox 463 3615 3844 3691">
    <p class='ocr_par' dir='ltr' id='par_1_37' title="bbox 463 3615 3844 3691">
     <span class='ocr_line' id='line_1_37' title="bbox 463 3615 3844 3691; baseline 0.001 -25"><span class='ocrx_word' id='word_1_458' title='bbox 463 3617 677 3667; x_wconf 86' lang='lat' dir='ltr'>statum</span> <span class='ocrx_word' id='word_1_459' title='bbox 696 3615 898 3681; x_wconf 87' lang='lat' dir='ltr'>patriae</span> <span class='ocrx_word' id='word_1_460' title='bbox 922 3617 982 3668; x_wconf 90' lang='lat' dir='ltr'>iu</span> <span class='ocrx_word' id='word_1_461' title='bbox 1005 3631 1233 3670; x_wconf 91' lang='lat' dir='ltr'>omnem</span> <span class='ocrx_word' id='word_1_462' title='bbox 1258 3618 1445 3687; x_wconf 87' lang='lat' dir='ltr'>redigi</span> <span class='ocrx_word' id='word_1_463' title='bbox 1477 3619 1773 3672; x_wconf 88' lang='lat' dir='ltr'>miseriam</span> <span class='ocrx_word' id='word_1_464' title='bbox 1805 3635 1922 3674; x_wconf 92' lang='lat' dir='ltr'>non</span> <span class='ocrx_word' id='word_1_465' title='bbox 1953 3623 2123 3675; x_wconf 91' lang='lat' dir='ltr'>time-</span> <span class='ocrx_word' id='word_1_466' title='bbox 2243 3623 2427 3676; x_wconf 89' lang='lat' dir='ltr'>donec</span> <span class='ocrx_word' id='word_1_467' title='bbox 2445 3622 2503 3674; x_wconf 91' lang='lat' dir='ltr'>in</span> <span class='ocrx_word' id='word_1_468' title='bbox 2530 3620 2663 3691; x_wconf 90' lang='lat' dir='ltr'>ejus</span> <span class='ocrx_word' id='word_1_469' title='bbox 2696 3621 2832 3673; x_wconf 89' lang='lat' dir='ltr'>mali</span> <span class='ocrx_word' id='word_1_470' title='bbox 2864 3635 3095 3674; x_wconf 90' lang='lat' dir='ltr'>summo</span> <span class='ocrx_word' id='word_1_471' title='bbox 3125 3620 3396 3689; x_wconf 88' lang='lat' dir='ltr'>lampade</span> <span class='ocrx_word' id='word_1_472' title='bbox 3431 3621 3740 3688; x_wconf 86' lang='lat' dir='ltr'>conspecta,</span> <span class='ocrx_word' id='word_1_473' title='bbox 3767 3629 3844 3665; x_wconf 79' lang='lat' dir='ltr'>ex-</span> 
     </span>
    </p>
   </div>
   <div class='ocr_carea' id='block_1_38' title="bbox 463 3700 3841 3781">
    <p class='ocr_par' dir='ltr' id='par_1_38' title="bbox 463 3700 3841 3781">
     <span class='ocr_line' id='line_1_38' title="bbox 463 3700 3841 3781; baseline 0.002 -29"><span class='ocrx_word' id='word_1_474' title='bbox 463 3701 597 3765; x_wconf 84' lang='lat' dir='ltr'>ret?</span> <span class='ocrx_word' id='word_1_475' title='bbox 624 3700 768 3764; x_wconf 89' lang='lat' dir='ltr'>Quis</span> <span class='ocrx_word' id='word_1_476' title='bbox 805 3702 1050 3756; x_wconf 81' lang='lat' dir='ltr'>Romani</span> <span class='ocrx_word' id='word_1_477' title='bbox 1081 3704 1456 3774; x_wconf 86' lang='lat' dir='ltr'>imperatoris</span> <span class='ocrx_word' id='word_1_478' title='bbox 1491 3722 1635 3775; x_wconf 91' lang='lat' dir='ltr'>opes</span> <span class='ocrx_word' id='word_1_479' title='bbox 1666 3723 1731 3761; x_wconf 91' lang='lat' dir='ltr'>ea</span> <span class='ocrx_word' id='word_1_480' title='bbox 1765 3708 1919 3762; x_wconf 87' lang='lat' dir='ltr'>vinci</span> <span class='ocrx_word' id='word_1_481' title='bbox 1965 3709 2123 3763; x_wconf 83' lang='lat' dir='ltr'>diffi-</span> <span class='ocrx_word' id='word_1_482' title='bbox 2243 3710 2457 3779; x_wconf 89' lang='lat' dir='ltr'>templo</span> <span class='ocrx_word' id='word_1_483' title='bbox 2473 3710 2738 3763; x_wconf 62' lang='lat' dir='ltr'>buccina)</span> <span class='ocrx_word' id='word_1_484' title='bbox 2760 3710 3099 3781; x_wconf 89' lang='lat' dir='ltr'>clangorem</span> <span class='ocrx_word' id='word_1_485' title='bbox 3125 3725 3344 3763; x_wconf 88' lang='lat' dir='ltr'>cursus</span> <span class='ocrx_word' id='word_1_486' title='bbox 3364 3707 3841 3778; x_wconf 80' lang='lat' dir='ltr'>aceipiantsignum</span> 
     </span>
    </p>
   </div>
   <div class='ocr_carea' id='block_1_39' title="bbox 463 3789 3845 3868">
    <p class='ocr_par' dir='ltr' id='par_1_39' title="bbox 463 3789 3845 3868">
     <span class='ocr_line' id='line_1_39' title="bbox 463 3789 3845 3868; baseline -0 -27"><span class='ocrx_word' id='word_1_487' title='bbox 463 3789 674 3843; x_wconf 87' lang='lat' dir='ltr'>cultate</span> <span class='ocrx_word' id='word_1_488' title='bbox 702 3806 816 3845; x_wconf 92' lang='lat' dir='ltr'>non</span> <span class='ocrx_word' id='word_1_489' title='bbox 840 3792 1157 3847; x_wconf 80' lang='lat' dir='ltr'>afﬁrmaret</span> <span class='ocrx_word' id='word_1_490' title='bbox 1177 3797 1205 3848; x_wconf 70' lang='lat'>‘2</span> <span class='ocrx_word' id='word_1_491' title='bbox 2244 3799 2525 3853; x_wconf 88' lang='lat' dir='ltr'>Memorat</span> <span class='ocrx_word' id='word_1_492' title='bbox 2554 3797 2790 3868; x_wconf 89' lang='lat' dir='ltr'>antiqua</span> <span class='ocrx_word' id='word_1_493' title='bbox 2811 3797 3040 3852; x_wconf 63' lang='lat' dir='ltr'>Graecia</span> <span class='ocrx_word' id='word_1_494' title='bbox 3063 3791 3845 3868; x_wconf 51' lang='lat' dir='ltr'>Atridem,Agamennonafrac</span> 
     </span>
    </p>
   </div>
   <div class='ocr_carea' id='block_1_40' title="bbox 532 3877 3847 3951">
    <p class='ocr_par' dir='ltr' id='par_1_40' title="bbox 532 3877 3847 3951">
     <span class='ocr_line' id='line_1_40' title="bbox 532 3877 3847 3951; baseline 0 -20"><span class='ocrx_word' id='word_1_495' title='bbox 532 3877 734 3932; x_wconf 89' lang='lat' dir='ltr'>Erexit</span> <span class='ocrx_word' id='word_1_496' title='bbox 754 3885 946 3934; x_wconf 86' lang='lat' dir='ltr'>autem</span> <span class='ocrx_word' id='word_1_497' title='bbox 966 3881 1301 3937; x_wconf 83' lang='lat' dir='ltr'>difﬁdentes</span> <span class='ocrx_word' id='word_1_498' title='bbox 1325 3885 1442 3939; x_wconf 81' lang='lat' dir='ltr'>dux</span> <span class='ocrx_word' id='word_1_499' title='bbox 1464 3886 1575 3938; x_wconf 90' lang='lat' dir='ltr'>hac</span> <span class='ocrx_word' id='word_1_500' title='bbox 1593 3887 1921 3942; x_wconf 87' lang='lat' dir='ltr'>elocutione</span> <span class='ocrx_word' id='word_1_501' title='bbox 1944 3903 1954 3941; x_wconf 94' lang='lat'><strong>:</strong></span> <span class='ocrx_word' id='word_1_502' title='bbox 1995 3909 2015 3935; x_wconf 77' lang='grc' dir='ltr'><strong><em>ιι</em></strong></span> <span class='ocrx_word' id='word_1_503' title='bbox 2046 3889 2128 3942; x_wconf 90' lang='lat' dir='ltr'>In-</span> <span class='ocrx_word' id='word_1_504' title='bbox 2241 3893 2441 3942; x_wconf 90' lang='lat' dir='ltr'>ternos</span> <span class='ocrx_word' id='word_1_505' title='bbox 2473 3888 2762 3941; x_wconf 88' lang='lat' dir='ltr'>thalamos</span> <span class='ocrx_word' id='word_1_506' title='bbox 2792 3887 2972 3939; x_wconf 89' lang='lat' dir='ltr'>ultum</span> <span class='ocrx_word' id='word_1_507' title='bbox 3008 3886 3194 3940; x_wconf 88' lang='lat' dir='ltr'>ivisse</span> <span class='ocrx_word' id='word_1_508' title='bbox 3216 3885 3374 3940; x_wconf 90' lang='lat' dir='ltr'>mille</span> <span class='ocrx_word' id='word_1_509' title='bbox 3399 3886 3670 3951; x_wconf 83' lang='lat' dir='ltr'>navibus;</span> <span class='ocrx_word' id='word_1_510' title='bbox 3699 3880 3847 3949; x_wconf 87' lang='lat' dir='ltr'>prote-</span> 
     </span>
    </p>
   </div>
   <div class='ocr_carea' id='block_1_41' title="bbox 462 3967 3846 4046">
    <p class='ocr_par' dir='ltr' id='par_1_41' title="bbox 462 3967 3846 4046">
     <span class='ocr_line' id='line_1_41' title="bbox 462 3967 3846 4046; baseline 0.001 -26"><span class='ocrx_word' id='word_1_511' title='bbox 462 3967 649 4022; x_wconf 84' lang='lat' dir='ltr'>notuit</span> <span class='ocrx_word' id='word_1_512' title='bbox 668 3969 863 4038; x_wconf 86' lang='lat' dir='ltr'>nobis,</span> <span class='ocrx_word' id='word_1_513' title='bbox 885 3971 982 4039; x_wconf 88' lang='lat' dir='ltr'>ait,</span> <span class='ocrx_word' id='word_1_514' title='bbox 1021 3972 1256 4026; x_wconf 85' lang='lat' dir='ltr'>Ileraldi</span> <span class='ocrx_word' id='word_1_515' title='bbox 1288 3975 1598 4043; x_wconf 88' lang='lat' dir='ltr'>sapientia,</span> <span class='ocrx_word' id='word_1_516' title='bbox 1632 3979 1919 4031; x_wconf 89' lang='lat' dir='ltr'>terrorem</span> <span class='ocrx_word' id='word_1_517' title='bbox 1951 3978 2124 4031; x_wconf 89' lang='lat' dir='ltr'>nobis</span> <span class='ocrx_word' id='word_1_518' title='bbox 2243 3981 2468 4030; x_wconf 86' lang='lat' dir='ltr'>stamur</span> <span class='ocrx_word' id='word_1_519' title='bbox 2483 3991 2594 4030; x_wconf 89' lang='lat' dir='ltr'>nos</span> <span class='ocrx_word' id='word_1_520' title='bbox 2625 3975 2989 4028; x_wconf 78' lang='lat' dir='ltr'>\Villelmum</span> <span class='ocrx_word' id='word_1_521' title='bbox 3022 3975 3288 4028; x_wconf 90' lang='lat' dir='ltr'>diadema</span> <span class='ocrx_word' id='word_1_522' title='bbox 3318 3975 3548 4046; x_wconf 86' lang='lat' dir='ltr'>regium</span> <span class='ocrx_word' id='word_1_523' title='bbox 3576 3967 3846 4041; x_wconf 75' lang='lat' dir='ltr'>requisisse</span> 
     </span>
    </p>
   </div>
   <div class='ocr_carea' id='block_1_42' title="bbox 462 4055 3844 4134">
    <p class='ocr_par' dir='ltr' id='par_1_42' title="bbox 462 4055 3844 4134">
     <span class='ocr_line' id='line_1_42' title="bbox 462 4055 3844 4134; baseline -0.001 -27"><span class='ocrx_word' id='word_1_524' title='bbox 462 4055 698 4127; x_wconf 84' lang='lat' dir='ltr'>ingerit,</span> <span class='ocrx_word' id='word_1_525' title='bbox 734 4057 838 4111; x_wconf 90' lang='lat' dir='ltr'>sed</span> <span class='ocrx_word' id='word_1_526' title='bbox 872 4074 1038 4128; x_wconf 91' lang='lat' dir='ltr'>spem</span> <span class='ocrx_word' id='word_1_527' title='bbox 1067 4067 1263 4133; x_wconf 89' lang='lat' dir='ltr'>auget.</span> <span class='ocrx_word' id='word_1_528' title='bbox 1299 4063 1416 4116; x_wconf 87' lang='lat' dir='ltr'>Sua</span> <span class='ocrx_word' id='word_1_529' title='bbox 1447 4064 1683 4133; x_wconf 90' lang='lat' dir='ltr'>quidem</span> <span class='ocrx_word' id='word_1_530' title='bbox 1715 4065 1997 4119; x_wconf 88' lang='lat' dir='ltr'>inutiliter</span> <span class='ocrx_word' id='word_1_531' title='bbox 2025 4081 2126 4119; x_wconf 84' lang='lat' dir='ltr'>ex-</span> <span class='ocrx_word' id='word_1_532' title='bbox 2242 4066 2533 4134; x_wconf 85' lang='lat' dir='ltr'>pluribus.</span> <span class='ocrx_word' id='word_1_533' title='bbox 2583 4065 2843 4118; x_wconf 86' lang='lat' dir='ltr'>Xerxem</span> <span class='ocrx_word' id='word_1_534' title='bbox 2875 4064 3171 4118; x_wconf 82' lang='lat' dir='ltr'>fabulatur</span> <span class='ocrx_word' id='word_1_535' title='bbox 3217 4064 3316 4116; x_wconf 88' lang='lat' dir='ltr'>illa</span> <span class='ocrx_word' id='word_1_536' title='bbox 3345 4063 3556 4116; x_wconf 86' lang='lat' dir='ltr'>Seston</span> <span class='ocrx_word' id='word_1_537' title='bbox 3587 4064 3637 4114; x_wconf 92' lang='lat' dir='ltr'>et</span> <span class='ocrx_word' id='word_1_538' title='bbox 3665 4055 3844 4110; x_wconf 78' lang='lat' dir='ltr'>Abidon</span> 
     </span>
    </p>
   </div>
   <div class='ocr_carea' id='block_1_43' title="bbox 461 4145 3847 4225">
    <p class='ocr_par' dir='ltr' id='par_1_43' title="bbox 461 4145 3847 4225">
     <span class='ocr_line' id='line_1_43' title="bbox 461 4145 3847 4225; baseline -0.001 -26"><span class='ocrx_word' id='word_1_539' title='bbox 461 4145 693 4214; x_wconf 86' lang='lat' dir='ltr'>pendet,</span> <span class='ocrx_word' id='word_1_540' title='bbox 719 4162 926 4200; x_wconf 89' lang='lat' dir='ltr'>aurum</span> <span class='ocrx_word' id='word_1_541' title='bbox 943 4149 1266 4219; x_wconf 85' lang='lat' dir='ltr'>dissipans,</span> <span class='ocrx_word' id='word_1_542' title='bbox 1292 4167 1408 4206; x_wconf 90' lang='lat' dir='ltr'>non</span> <span class='ocrx_word' id='word_1_543' title='bbox 1423 4152 2123 4207; x_wconf 86' lang='lat' dir='ltr'>eonsolidanshonorem.</span> <span class='ocrx_word' id='word_1_544' title='bbox 2241 4157 2418 4225; x_wconf 90' lang='lat' dir='ltr'>ponto</span> <span class='ocrx_word' id='word_1_545' title='bbox 2451 4152 2781 4223; x_wconf 90' lang='lat' dir='ltr'>disjunctas</span> <span class='ocrx_word' id='word_1_546' title='bbox 2798 4153 2978 4206; x_wconf 90' lang='lat' dir='ltr'>urbes</span> <span class='ocrx_word' id='word_1_547' title='bbox 2993 4152 3232 4206; x_wconf 87' lang='lat' dir='ltr'>navium</span> <span class='ocrx_word' id='word_1_548' title='bbox 3263 4156 3439 4220; x_wconf 81' lang='lat' dir='ltr'>ponte</span> <span class='ocrx_word' id='word_1_549' title='bbox 3470 4147 3809 4220; x_wconf 80' lang='lat' dir='ltr'>conjunxisse</span> <span class='ocrx_word' id='word_1_550' title='bbox 3837 4154 3847 4204; x_wconf 85' lang='lat'>;</span> 
     </span>
    </p>
   </div>
   <div class='ocr_carea' id='block_1_44' title="bbox 466 4233 3845 4312">
    <p class='ocr_par' dir='ltr' id='par_1_44' title="bbox 466 4233 3845 4312">
     <span class='ocr_line' id='line_1_44' title="bbox 466 4233 3845 4312; baseline -0.002 -26"><span class='ocrx_word' id='word_1_551' title='bbox 466 4233 596 4287; x_wconf 85' lang='lat' dir='ltr'>Non</span> <span class='ocrx_word' id='word_1_552' title='bbox 626 4249 696 4289; x_wconf 91' lang='lat' dir='ltr'>eo</span> <span class='ocrx_word' id='word_1_553' title='bbox 727 4236 902 4290; x_wconf 89' lang='lat' dir='ltr'>animi</span> <span class='ocrx_word' id='word_1_554' title='bbox 937 4238 1095 4308; x_wconf 87' lang='lat' dir='ltr'>viget</span> <span class='ocrx_word' id='word_1_555' title='bbox 1126 4240 1360 4308; x_wconf 89' lang='lat' dir='ltr'>robore,</span> <span class='ocrx_word' id='word_1_556' title='bbox 1397 4257 1512 4310; x_wconf 91' lang='lat' dir='ltr'>quo</span> <span class='ocrx_word' id='word_1_557' title='bbox 1545 4243 1634 4295; x_wconf 91' lang='lat' dir='ltr'>vel</span> <span class='ocrx_word' id='word_1_558' title='bbox 1656 4242 1954 4296; x_wconf 90' lang='lat' dir='ltr'>minimum</span> <span class='ocrx_word' id='word_1_559' title='bbox 1989 4242 2125 4312; x_wconf 88' lang='lat' dir='ltr'>quid</span> <span class='ocrx_word' id='word_1_560' title='bbox 2243 4241 2609 4295; x_wconf 82' lang='lat' dir='ltr'>\Nillelmum</span> <span class='ocrx_word' id='word_1_561' title='bbox 2641 4256 2752 4294; x_wconf 93' lang='lat' dir='ltr'>nos</span> <span class='ocrx_word' id='word_1_562' title='bbox 2784 4255 2991 4294; x_wconf 89' lang='lat' dir='ltr'>revera</span> <span class='ocrx_word' id='word_1_563' title='bbox 3022 4256 3424 4311; x_wconf 87' lang='lat' dir='ltr'>propagamus</span> <span class='ocrx_word' id='word_1_564' title='bbox 3448 4255 3559 4292; x_wconf 92' lang='lat' dir='ltr'>uno</span> <span class='ocrx_word' id='word_1_565' title='bbox 3581 4238 3726 4289; x_wconf 86' lang='lat' dir='ltr'>clavo</span> <span class='ocrx_word' id='word_1_566' title='bbox 3749 4243 3845 4284; x_wconf 67' lang='lat' dir='ltr'>suae</span> 
     </span>
    </p>
   </div>
   <div class='ocr_carea' id='block_1_45' title="bbox 462 4321 3845 4401">
    <p class='ocr_par' dir='ltr' id='par_1_45' title="bbox 462 4321 3845 4401">
     <span class='ocr_line' id='line_1_45' title="bbox 462 4321 3845 4401; baseline 0.001 -26"><span class='ocrx_word' id='word_1_567' title='bbox 462 4337 726 4376; x_wconf 90' lang='lat' dir='ltr'>meorum</span> <span class='ocrx_word' id='word_1_568' title='bbox 742 4325 1005 4393; x_wconf 90' lang='lat' dir='ltr'>polliceri</span> <span class='ocrx_word' id='word_1_569' title='bbox 1023 4328 1335 4382; x_wconf 83' lang='lat' dir='ltr'>audeat.At</span> <span class='ocrx_word' id='word_1_570' title='bbox 1351 4329 1593 4384; x_wconf 90' lang='lat' dir='ltr'>arbitrio</span> <span class='ocrx_word' id='word_1_571' title='bbox 1615 4345 1742 4384; x_wconf 92' lang='lat' dir='ltr'>meo</span> <span class='ocrx_word' id='word_1_572' title='bbox 1761 4332 1980 4399; x_wconf 89' lang='lat' dir='ltr'>pariter</span> <span class='ocrx_word' id='word_1_573' title='bbox 1997 4346 2128 4400; x_wconf 86' lang='lat' dir='ltr'>quae</span> <span class='ocrx_word' id='word_1_574' title='bbox 2238 4331 2550 4401; x_wconf 90' lang='lat' dir='ltr'>potestatis</span> <span class='ocrx_word' id='word_1_575' title='bbox 2566 4330 2969 4383; x_wconf 88' lang='lat' dir='ltr'>Nortmannici</span> <span class='ocrx_word' id='word_1_576' title='bbox 2990 4328 3102 4383; x_wconf 92' lang='lat' dir='ltr'>soli</span> <span class='ocrx_word' id='word_1_577' title='bbox 3127 4333 3183 4383; x_wconf 89' lang='lat' dir='ltr'>et</span> <span class='ocrx_word' id='word_1_578' title='bbox 3213 4329 3450 4399; x_wconf 84' lang='lat' dir='ltr'>Anglici</span> <span class='ocrx_word' id='word_1_579' title='bbox 3471 4321 3845 4394; x_wconf 80' lang='lat' dir='ltr'>amplitudinem</span> 
     </span>
    </p>
   </div>
   <div class='ocr_carea' id='block_1_46' title="bbox 464 4414 3843 4489">
    <p class='ocr_par' dir='ltr' id='par_1_46' title="bbox 464 4414 3843 4489">
     <span class='ocr_line' id='line_1_46' title="bbox 464 4414 3843 4489; baseline -0.002 -25"><span class='ocrx_word' id='word_1_580' title='bbox 464 4414 760 4479; x_wconf 90' lang='lat' dir='ltr'>measunt,</span> <span class='ocrx_word' id='word_1_581' title='bbox 783 4429 1032 4483; x_wconf 87' lang='lat' dir='ltr'>quaeque</span> <span class='ocrx_word' id='word_1_582' title='bbox 1047 4415 1511 4487; x_wconf 89' lang='lat' dir='ltr'>dicunturillius,</span> <span class='ocrx_word' id='word_1_583' title='bbox 1534 4419 2128 4489; x_wconf 90' lang='lat' dir='ltr'>promittenturatque</span> <span class='ocrx_word' id='word_1_584' title='bbox 2242 4420 2642 4488; x_wconf 88' lang='lat' dir='ltr'>eopulavisse.</span> <span class='ocrx_word' id='word_1_585' title='bbox 2677 4417 3039 4472; x_wconf 73' lang='lat' dir='ltr'>V’Villelmum</span> <span class='ocrx_word' id='word_1_586' title='bbox 3064 4419 3163 4488; x_wconf 93' lang='lat' dir='ltr'>qui</span> <span class='ocrx_word' id='word_1_587' title='bbox 3195 4434 3226 4470; x_wconf 91' lang='lat' dir='ltr'>a</span> <span class='ocrx_word' id='word_1_588' title='bbox 3257 4417 3418 4471; x_wconf 91' lang='lat' dir='ltr'>nullo</span> <span class='ocrx_word' id='word_1_589' title='bbox 3445 4429 3679 4486; x_wconf 89' lang='lat' dir='ltr'>unquam</span> <span class='ocrx_word' id='word_1_590' title='bbox 3707 4421 3843 4475; x_wconf 82' lang='lat' dir='ltr'>supe-</span> 
     </span>
    </p>
   </div>
   <div class='ocr_carea' id='block_1_47' title="bbox 464 4495 3844 4578">
    <p class='ocr_par' dir='ltr' id='par_1_47' title="bbox 464 4495 3844 4578">
     <span class='ocr_line' id='line_1_47' title="bbox 464 4495 3844 4578; baseline -0.002 -25"><span class='ocrx_word' id='word_1_591' title='bbox 464 4499 780 4554; x_wconf 86' lang='lat' dir='ltr'>dabuntur.</span> <span class='ocrx_word' id='word_1_592' title='bbox 817 4501 1060 4556; x_wconf 83' lang='lat' dir='ltr'>Hostem</span> <span class='ocrx_word' id='word_1_593' title='bbox 1111 4505 1262 4558; x_wconf 86' lang='lat' dir='ltr'>haud</span> <span class='ocrx_word' id='word_1_594' title='bbox 1315 4507 1490 4560; x_wconf 90' lang='lat' dir='ltr'>dubie</span> <span class='ocrx_word' id='word_1_595' title='bbox 1523 4509 1844 4577; x_wconf 90' lang='lat' dir='ltr'>superabit,</span> <span class='ocrx_word' id='word_1_596' title='bbox 1881 4509 1980 4578; x_wconf 89' lang='lat' dir='ltr'>qui</span> <span class='ocrx_word' id='word_1_597' title='bbox 2010 4524 2129 4563; x_wconf 90' lang='lat' dir='ltr'>non</span> <span class='ocrx_word' id='word_1_598' title='bbox 2244 4511 2407 4562; x_wconf 90' lang='lat' dir='ltr'>ratus</span> <span class='ocrx_word' id='word_1_599' title='bbox 2430 4507 2674 4577; x_wconf 90' lang='lat' dir='ltr'>patriam</span> <span class='ocrx_word' id='word_1_600' title='bbox 2708 4507 2944 4576; x_wconf 75' lang='lat' dir='ltr'>inclytis</span> <span class='ocrx_word' id='word_1_601' title='bbox 2995 4507 3228 4560; x_wconf 90' lang='lat' dir='ltr'>ornavit</span> <span class='ocrx_word' id='word_1_602' title='bbox 3259 4508 3520 4576; x_wconf 83' lang='lat' dir='ltr'>tropaeis,</span> <span class='ocrx_word' id='word_1_603' title='bbox 3555 4495 3844 4556; x_wconf 83' lang='lat' dir='ltr'>clarissimis</span> 
     </span>
    </p>
   </div>
   <div class='ocr_carea' id='block_1_48' title="bbox 463 4581 3844 4667">
    <p class='ocr_par' dir='ltr' id='par_1_48' title="bbox 463 4581 3844 4667">
     <span class='ocr_line' id='line_1_48' title="bbox 463 4581 3844 4667; baseline -0.002 -26"><span class='ocrx_word' id='word_1_604' title='bbox 463 4588 661 4643; x_wconf 89' lang='lat' dir='ltr'>minus</span> <span class='ocrx_word' id='word_1_605' title='bbox 693 4605 825 4659; x_wconf 74' lang='lat' dir='ltr'>quae</span> <span class='ocrx_word' id='word_1_606' title='bbox 859 4591 1051 4645; x_wconf 85' lang='lat' dir='ltr'>hostis</span> <span class='ocrx_word' id='word_1_607' title='bbox 1074 4595 1342 4662; x_wconf 88' lang='lat' dir='ltr'>possidet</span> <span class='ocrx_word' id='word_1_608' title='bbox 1362 4611 1536 4666; x_wconf 89' lang='lat' dir='ltr'>quam</span> <span class='ocrx_word' id='word_1_609' title='bbox 1554 4597 2009 4667; x_wconf 87' lang='lat' dir='ltr'>proprialargiri</span> <span class='ocrx_word' id='word_1_610' title='bbox 2029 4614 2128 4650; x_wconf 91' lang='lat' dir='ltr'>va-</span> <span class='ocrx_word' id='word_1_611' title='bbox 2165 4581 2622 4666; x_wconf 52' lang='lat' dir='ltr'>Wlocupletavit</span> <span class='ocrx_word' id='word_1_612' title='bbox 2652 4595 2991 4665; x_wconf 85' lang='lat' dir='ltr'>triumphis,</span> <span class='ocrx_word' id='word_1_613' title='bbox 3025 4595 3332 4664; x_wconf 90' lang='lat' dir='ltr'>superiore</span> <span class='ocrx_word' id='word_1_614' title='bbox 3383 4593 3571 4648; x_wconf 88' lang='lat' dir='ltr'>hostis</span> <span class='ocrx_word' id='word_1_615' title='bbox 3602 4603 3751 4642; x_wconf 88' lang='lat' dir='ltr'>manu</span> <span class='ocrx_word' id='word_1_616' title='bbox 3773 4584 3844 4635; x_wconf 83' lang='lat' dir='ltr'>de-</span> 
     </span>
    </p>
   </div>
   <div class='ocr_carea' id='block_1_49' title="bbox 463 4673 3847 4756">
    <p class='ocr_par' dir='ltr' id='par_1_49' title="bbox 463 4673 3847 4756">
     <span class='ocr_line' id='line_1_49' title="bbox 463 4673 3847 4756; baseline -0.003 -24"><span class='ocrx_word' id='word_1_617' title='bbox 463 4677 563 4732; x_wconf 90' lang='lat' dir='ltr'>let.</span> <span class='ocrx_word' id='word_1_618' title='bbox 587 4677 838 4750; x_wconf 83' lang='lat' dir='ltr'>Navigio</span> <span class='ocrx_word' id='word_1_619' title='bbox 867 4695 983 4750; x_wconf 88' lang='lat' dir='ltr'>quo</span> <span class='ocrx_word' id='word_1_620' title='bbox 1004 4682 1338 4737; x_wconf 77' lang='lat' dir='ltr'>sufficiente</span> <span class='ocrx_word' id='word_1_621' title='bbox 1361 4685 1534 4738; x_wconf 91' lang='lat' dir='ltr'>citius</span> <span class='ocrx_word' id='word_1_622' title='bbox 1553 4685 1966 4756; x_wconf 86' lang='lat' dir='ltr'>gaudebimus,</span> <span class='ocrx_word' id='word_1_623' title='bbox 2016 4703 2128 4740; x_wconf 92' lang='lat' dir='ltr'>non</span> <span class='ocrx_word' id='word_1_624' title='bbox 2247 4687 2401 4738; x_wconf 86' lang='lat' dir='ltr'>vieto</span> <span class='ocrx_word' id='word_1_625' title='bbox 2443 4685 2650 4752; x_wconf 87' lang='lat' dir='ltr'>Xerxi,</span> <span class='ocrx_word' id='word_1_626' title='bbox 2693 4688 2749 4737; x_wconf 89' lang='lat' dir='ltr'>et</span> <span class='ocrx_word' id='word_1_627' title='bbox 2780 4684 2908 4738; x_wconf 90' lang='lat' dir='ltr'>sine</span> <span class='ocrx_word' id='word_1_628' title='bbox 2959 4683 3155 4737; x_wconf 86' lang='lat' dir='ltr'>classe</span> <span class='ocrx_word' id='word_1_629' title='bbox 3186 4683 3553 4752; x_wconf 86' lang='lat' dir='ltr'>aequandum,</span> <span class='ocrx_word' id='word_1_630' title='bbox 3587 4694 3648 4731; x_wconf 90' lang='lat' dir='ltr'>ac</span> <span class='ocrx_word' id='word_1_631' title='bbox 3675 4673 3847 4727; x_wconf 84' lang='lat' dir='ltr'>fortitu-</span> 
     </span>
    </p>
   </div>
   <div class='ocr_carea' id='block_1_50' title="bbox 464 4767 3244 4844">
    <p class='ocr_par' dir='ltr' id='par_1_50' title="bbox 464 4767 3244 4844">
     <span class='ocr_line' id='line_1_50' title="bbox 464 4767 3244 4844; baseline 0.001 -24"><span class='ocrx_word' id='word_1_632' title='bbox 464 4767 920 4838; x_wconf 87' lang='lat' dir='ltr'>praepediemur.</span> <span class='ocrx_word' id='word_1_633' title='bbox 944 4769 1169 4824; x_wconf 87' lang='lat' dir='ltr'>Sintilli</span> <span class='ocrx_word' id='word_1_634' title='bbox 1195 4773 1440 4842; x_wconf 82' lang='lat' dir='ltr'>experti,</span> <span class='ocrx_word' id='word_1_635' title='bbox 1476 4790 1608 4844; x_wconf 76' lang='lat' dir='ltr'>quae</span> <span class='ocrx_word' id='word_1_636' title='bbox 1641 4790 1751 4828; x_wconf 92' lang='lat' dir='ltr'>nos</span> <span class='ocrx_word' id='word_1_637' title='bbox 1774 4790 1907 4828; x_wconf 91' lang='lat' dir='ltr'>eum</span> <span class='ocrx_word' id='word_1_638' title='bbox 1939 4774 2129 4829; x_wconf 88' lang='lat' dir='ltr'>felici-</span> <span class='ocrx_word' id='word_1_639' title='bbox 2251 4773 2384 4827; x_wconf 85' lang='lat' dir='ltr'>dine</span> <span class='ocrx_word' id='word_1_640' title='bbox 2405 4772 2876 4841; x_wconf 90' lang='lat' dir='ltr'>anteponendum</span> <span class='ocrx_word' id='word_1_641' title='bbox 2908 4787 3244 4826; x_wconf 89' lang='lat' dir='ltr'>censemus.</span> 
     </span>
    </p>
   </div>
   <div class='ocr_carea' id='block_1_51' title="bbox 465 4847 3840 4933">
    <p class='ocr_par' dir='ltr' id='par_1_51' title="bbox 465 4847 3840 4933">
     <span class='ocr_line' id='line_1_51' title="bbox 465 4847 3840 4933; baseline -0.003 -24"><span class='ocrx_word' id='word_1_642' title='bbox 465 4858 580 4910; x_wconf 88' lang='lat' dir='ltr'>tate</span> <span class='ocrx_word' id='word_1_643' title='bbox 611 4857 840 4929; x_wconf 81' lang='lat' dir='ltr'>majore</span> <span class='ocrx_word' id='word_1_644' title='bbox 869 4859 1262 4928; x_wconf 84' lang='lat' dir='ltr'>experiamur.</span> <span class='ocrx_word' id='word_1_645' title='bbox 1309 4861 1532 4915; x_wconf 77' lang='lat' dir='ltr'>Virtute</span> <span class='ocrx_word' id='word_1_646' title='bbox 1554 4862 1766 4916; x_wconf 91' lang='lat' dir='ltr'>melius</span> <span class='ocrx_word' id='word_1_647' title='bbox 1812 4879 1987 4933; x_wconf 91' lang='lat' dir='ltr'>quam</span> <span class='ocrx_word' id='word_1_648' title='bbox 2017 4879 2129 4917; x_wconf 87' lang='lat' dir='ltr'>nu—</span> <span class='ocrx_word' id='word_1_649' title='bbox 2322 4860 2544 4915; x_wconf 88' lang='lat' dir='ltr'>Solutis</span> <span class='ocrx_word' id='word_1_650' title='bbox 2574 4863 2748 4915; x_wconf 89' lang='lat' dir='ltr'>noctu</span> <span class='ocrx_word' id='word_1_651' title='bbox 2801 4865 2932 4929; x_wconf 90' lang='lat' dir='ltr'>post</span> <span class='ocrx_word' id='word_1_652' title='bbox 2961 4861 3215 4930; x_wconf 89' lang='lat' dir='ltr'>quietem</span> <span class='ocrx_word' id='word_1_653' title='bbox 3248 4859 3518 4925; x_wconf 84' lang='lat' dir='ltr'>navibus,</span> <span class='ocrx_word' id='word_1_654' title='bbox 3548 4855 3744 4909; x_wconf 88' lang='lat' dir='ltr'>vehens</span> <span class='ocrx_word' id='word_1_655' title='bbox 3767 4847 3840 4933; x_wconf 41' lang='lat' dir='ltr'>du:</span> 
     </span>
    </p>
   </div>
   <div class='ocr_carea' id='block_1_52' title="bbox 466 4930 3838 5021">
    <p class='ocr_par' dir='ltr' id='par_1_52' title="bbox 466 4930 3838 5021">
     <span class='ocr_line' id='line_1_52' title="bbox 466 4930 3838 5021; baseline -0.002 -24"><span class='ocrx_word' id='word_1_656' title='bbox 466 4960 632 5000; x_wconf 91' lang='lat' dir='ltr'>mero</span> <span class='ocrx_word' id='word_1_657' title='bbox 654 4947 902 5001; x_wconf 90' lang='lat' dir='ltr'>militum</span> <span class='ocrx_word' id='word_1_658' title='bbox 935 4948 1086 5002; x_wconf 89' lang='lat' dir='ltr'>bella</span> <span class='ocrx_word' id='word_1_659' title='bbox 1111 4953 1413 5019; x_wconf 89' lang='lat' dir='ltr'>geruntur.</span> <span class='ocrx_word' id='word_1_660' title='bbox 1436 4951 1749 5018; x_wconf 84' lang='lat' dir='ltr'>Praeterea,</span> <span class='ocrx_word' id='word_1_661' title='bbox 1769 4930 1846 5006; x_wconf 78' lang='lat' dir='ltr'>ne</span> <span class='ocrx_word' id='word_1_662' title='bbox 1869 4951 2131 5021; x_wconf 90' lang='lat' dir='ltr'>rapinam</span> <span class='ocrx_word' id='word_1_663' title='bbox 2254 4965 2401 5018; x_wconf 91' lang='lat' dir='ltr'>cem,</span> <span class='ocrx_word' id='word_1_664' title='bbox 2436 4952 2594 5003; x_wconf 86' lang='lat' dir='ltr'>retro</span> <span class='ocrx_word' id='word_1_665' title='bbox 2645 4951 2894 5003; x_wconf 86' lang='lat' dir='ltr'>caeteras</span> <span class='ocrx_word' id='word_1_666' title='bbox 2947 4948 3205 5019; x_wconf 85' lang='lat' dir='ltr'>agillime</span> <span class='ocrx_word' id='word_1_667' title='bbox 3236 4947 3471 5017; x_wconf 89' lang='lat' dir='ltr'>reliquit</span> <span class='ocrx_word' id='word_1_668' title='bbox 3498 4940 3763 4998; x_wconf 84' lang='lat' dir='ltr'>ardentius</span> <span class='ocrx_word' id='word_1_669' title='bbox 3791 4930 3838 4986; x_wconf 81' lang='lat' dir='ltr'>ad</span> 
     </span>
    </p>
   </div>
   <div class='ocr_carea' id='block_1_53' title="bbox 469 5021 3841 5115">
    <p class='ocr_par' dir='ltr' id='par_1_53' title="bbox 469 5021 3841 5115">
     <span class='ocr_line' id='line_1_53' title="bbox 469 5021 3841 5115; baseline -0.003 -29"><span class='ocrx_word' id='word_1_670' title='bbox 469 5033 689 5088; x_wconf 88' lang='lat' dir='ltr'>amittat</span> <span class='ocrx_word' id='word_1_671' title='bbox 717 5035 814 5090; x_wconf 91' lang='lat' dir='ltr'>ille</span> <span class='ocrx_word' id='word_1_672' title='bbox 841 5038 1146 5109; x_wconf 86' lang='lat' dir='ltr'>pugnabit,</span> <span class='ocrx_word' id='word_1_673' title='bbox 1172 5054 1284 5092; x_wconf 92' lang='lat' dir='ltr'>nos</span> <span class='ocrx_word' id='word_1_674' title='bbox 1307 5055 1438 5108; x_wconf 63' lang='lat' dir='ltr'>quin</span> <span class='ocrx_word' id='word_1_675' title='bbox 1471 5039 1624 5094; x_wconf 92' lang='lat' dir='ltr'>dono</span> <span class='ocrx_word' id='word_1_676' title='bbox 1655 5040 1978 5110; x_wconf 88' lang='lat' dir='ltr'>accipimus</span> <span class='ocrx_word' id='word_1_677' title='bbox 2024 5043 2131 5096; x_wconf 89' lang='lat' dir='ltr'>be-</span> <span class='ocrx_word' id='word_1_678' title='bbox 2253 5039 2556 5093; x_wconf 89' lang='lat' dir='ltr'>victoriam</span> <span class='ocrx_word' id='word_1_679' title='bbox 2581 5039 2972 5106; x_wconf 89' lang='lat' dir='ltr'>properantis,</span> <span class='ocrx_word' id='word_1_680' title='bbox 2997 5037 3242 5107; x_wconf 88' lang='lat' dir='ltr'>imperio</span> <span class='ocrx_word' id='word_1_681' title='bbox 3267 5053 3394 5090; x_wconf 80' lang='lat' dir='ltr'>suae</span> <span class='ocrx_word' id='word_1_682' title='bbox 3413 5031 3709 5090; x_wconf 83' lang='lat' dir='ltr'>velocitatis</span> <span class='ocrx_word' id='word_1_683' title='bbox 3724 5021 3841 5115; x_wconf 45' lang='lat' dir='ltr'>pari:</span> 
     </span>
    </p>
   </div>
   <div class='ocr_carea' id='block_1_54' title="bbox 471 5121 3842 5199">
    <p class='ocr_par' dir='ltr' id='par_1_54' title="bbox 471 5121 3842 5199">
     <span class='ocr_line' id='line_1_54' title="bbox 471 5121 3842 5199; baseline -0.003 -26"><span class='ocrx_word' id='word_1_684' title='bbox 471 5121 699 5177; x_wconf 86' lang='lat' dir='ltr'>netieiis</span> <span class='ocrx_word' id='word_1_685' title='bbox 723 5128 1218 5195; x_wconf 85' lang='lat' dir='ltr'>comparavimus,</span> <span class='ocrx_word' id='word_1_686' title='bbox 1245 5128 1623 5199; x_wconf 86' lang='lat' dir='ltr'>requirimus.</span> <span class='ocrx_word' id='word_1_687' title='bbox 1644 5127 1786 5192; x_wconf 65' lang='lat' dir='ltr'>Quae</span> <span class='ocrx_word' id='word_1_688' title='bbox 1809 5130 1991 5199; x_wconf 88' lang='lat' dir='ltr'>partis</span> <span class='ocrx_word' id='word_1_689' title='bbox 2024 5146 2131 5184; x_wconf 91' lang='lat' dir='ltr'>no-</span> <span class='ocrx_word' id='word_1_690' title='bbox 2254 5129 2412 5182; x_wconf 88' lang='lat' dir='ltr'>litate</span> <span class='ocrx_word' id='word_1_691' title='bbox 2440 5127 2613 5197; x_wconf 88' lang='lat' dir='ltr'>quasi</span> <span class='ocrx_word' id='word_1_692' title='bbox 2636 5126 3074 5197; x_wconf 90' lang='lat' dir='ltr'>obtemperans.</span> <span class='ocrx_word' id='word_1_693' title='bbox 3100 5127 3321 5180; x_wconf 80' lang='lat' dir='ltr'>Jussus</span> <span class='ocrx_word' id='word_1_694' title='bbox 3352 5141 3515 5178; x_wconf 90' lang='lat' dir='ltr'>mane</span> <span class='ocrx_word' id='word_1_695' title='bbox 3543 5133 3716 5175; x_wconf 83' lang='lat' dir='ltr'>remex</span> <span class='ocrx_word' id='word_1_696' title='bbox 3736 5123 3842 5166; x_wconf 80' lang='lat' dir='ltr'>man</span> 
     </span>
    </p>
   </div>
   <div class='ocr_carea' id='block_1_55' title="bbox 473 5206 3843 5287">
    <p class='ocr_par' dir='ltr' id='par_1_55' title="bbox 473 5206 3843 5287">
     <span class='ocr_line' id='line_1_55' title="bbox 473 5206 3843 5287; baseline -0.001 -26"><span class='ocrx_word' id='word_1_697' title='bbox 473 5211 613 5262; x_wconf 73' lang='lat' dir='ltr'>stne</span> <span class='ocrx_word' id='word_1_698' title='bbox 635 5213 824 5279; x_wconf 89' lang='lat' dir='ltr'>prima</span> <span class='ocrx_word' id='word_1_699' title='bbox 840 5215 1050 5271; x_wconf 86' lang='lat' dir='ltr'>ﬁducia</span> <span class='ocrx_word' id='word_1_700' title='bbox 1069 5218 1390 5286; x_wconf 89' lang='lat' dir='ltr'>periculum</span> <span class='ocrx_word' id='word_1_701' title='bbox 1413 5232 1582 5272; x_wconf 92' lang='lat' dir='ltr'>omne</span> <span class='ocrx_word' id='word_1_702' title='bbox 1605 5217 1926 5287; x_wconf 86' lang='lat' dir='ltr'>depellens,</span> <span class='ocrx_word' id='word_1_703' title='bbox 1953 5220 2132 5273; x_wconf 79' lang='lat' dir='ltr'>laetis-</span> <span class='ocrx_word' id='word_1_704' title='bbox 2256 5218 2327 5271; x_wconf 89' lang='lat' dir='ltr'>ab</span> <span class='ocrx_word' id='word_1_705' title='bbox 2359 5217 2494 5285; x_wconf 90' lang='lat' dir='ltr'>alto,</span> <span class='ocrx_word' id='word_1_706' title='bbox 2529 5232 2666 5269; x_wconf 93' lang='lat' dir='ltr'>num</span> <span class='ocrx_word' id='word_1_707' title='bbox 2686 5231 2818 5286; x_wconf 69' lang='lat' dir='ltr'>quae</span> <span class='ocrx_word' id='word_1_708' title='bbox 2839 5216 3073 5269; x_wconf 90' lang='lat' dir='ltr'>veniant</span> <span class='ocrx_word' id='word_1_709' title='bbox 3099 5231 3416 5285; x_wconf 71' lang='lat' dir='ltr'>eonsequae</span> <span class='ocrx_word' id='word_1_710' title='bbox 3434 5206 3718 5282; x_wconf 86' lang='lat' dir='ltr'>speculari,</span> <span class='ocrx_word' id='word_1_711' title='bbox 3733 5213 3843 5270; x_wconf 69' lang='lat' dir='ltr'>prie-</span> 
     </span>
    </p>
   </div>
   <div class='ocr_carea' id='block_1_56' title="bbox 475 5296 3840 5376">
    <p class='ocr_par' dir='ltr' id='par_1_56' title="bbox 475 5296 3840 5376">
     <span class='ocr_line' id='line_1_56' title="bbox 475 5296 3840 5376; baseline -0.002 -26"><span class='ocrx_word' id='word_1_712' title='bbox 475 5297 1056 5371; x_wconf 88' lang='lat' dir='ltr'>simumtriumphum</span> <span class='ocrx_word' id='word_1_713' title='bbox 1074 5306 1569 5375; x_wconf 89' lang='lat' dir='ltr'>nobis,summum</span> <span class='ocrx_word' id='word_1_714' title='bbox 1596 5307 2136 5376; x_wconf 82' lang='lat' dir='ltr'>deeus,praeelaris-</span> <span class='ocrx_word' id='word_1_715' title='bbox 2254 5308 2345 5361; x_wconf 91' lang='lat' dir='ltr'>ter</span> <span class='ocrx_word' id='word_1_716' title='bbox 2372 5305 2621 5376; x_wconf 86' lang='lat' dir='ltr'>pelagus</span> <span class='ocrx_word' id='word_1_717' title='bbox 2635 5308 2690 5358; x_wconf 91' lang='lat' dir='ltr'>et</span> <span class='ocrx_word' id='word_1_718' title='bbox 2717 5304 3329 5373; x_wconf 86' lang='lat' dir='ltr'>aeraprospectuisuo</span> <span class='ocrx_word' id='word_1_719' title='bbox 3352 5302 3501 5356; x_wconf 89' lang='lat' dir='ltr'>aliud</span> <span class='ocrx_word' id='word_1_720' title='bbox 3515 5296 3641 5352; x_wconf 91' lang='lat' dir='ltr'>nihil</span> <span class='ocrx_word' id='word_1_721' title='bbox 3659 5301 3840 5356; x_wconf 80' lang='lat' dir='ltr'>compa-</span> 
     </span>
    </p>
   </div>
   <div class='ocr_carea' id='block_1_57' title="bbox 478 5379 3837 5462">
    <p class='ocr_par' dir='ltr' id='par_1_57' title="bbox 478 5379 3837 5462">
     <span class='ocr_line' id='line_1_57' title="bbox 478 5379 3837 5462; baseline -0.003 -24"><span class='ocrx_word' id='word_1_722' title='bbox 478 5385 692 5439; x_wconf 92' lang='lat' dir='ltr'>simum</span> <span class='ocrx_word' id='word_1_723' title='bbox 740 5405 951 5443; x_wconf 89' lang='lat' dir='ltr'>nomen</span> <span class='ocrx_word' id='word_1_724' title='bbox 995 5395 1172 5449; x_wconf 88' lang='lat' dir='ltr'>dabit.</span> <span class='ocrx_word' id='word_1_725' title='bbox 1211 5419 1232 5443; x_wconf 75' lang='grc' dir='ltr'>ιι</span> <span class='ocrx_word' id='word_1_726' title='bbox 1271 5395 1496 5450; x_wconf 88' lang='lat' dir='ltr'>Etenim</span> <span class='ocrx_word' id='word_1_727' title='bbox 1530 5396 1836 5450; x_wconf 89' lang='lat' dir='ltr'>constabat</span> <span class='ocrx_word' id='word_1_728' title='bbox 1870 5397 1998 5450; x_wconf 90' lang='lat' dir='ltr'>viro</span> <span class='ocrx_word' id='word_1_729' title='bbox 2035 5413 2136 5450; x_wconf 88' lang='lat' dir='ltr'>ca-</span> <span class='ocrx_word' id='word_1_730' title='bbox 2260 5410 2388 5449; x_wconf 89' lang='lat' dir='ltr'>rere</span> <span class='ocrx_word' id='word_1_731' title='bbox 2418 5394 2654 5447; x_wconf 88' lang='lat' dir='ltr'>indicat.</span> <span class='ocrx_word' id='word_1_732' title='bbox 2687 5391 3008 5447; x_wconf 86' lang='lat' dir='ltr'>Confestim</span> <span class='ocrx_word' id='word_1_733' title='bbox 3067 5392 3322 5446; x_wconf 89' lang='lat' dir='ltr'>anchora</span> <span class='ocrx_word' id='word_1_734' title='bbox 3373 5393 3542 5462; x_wconf 84' lang='lat' dir='ltr'>jacla,</span> <span class='ocrx_word' id='word_1_735' title='bbox 3581 5401 3644 5440; x_wconf 91' lang='lat' dir='ltr'>ne</span> <span class='ocrx_word' id='word_1_736' title='bbox 3691 5379 3837 5433; x_wconf 80' lang='lat' dir='ltr'>melus</span> 
     </span>
    </p>
   </div>
   <div class='ocr_carea' id='block_1_58' title="bbox 477 5467 3838 5557">
    <p class='ocr_par' dir='ltr' id='par_1_58' title="bbox 477 5467 3838 5557">
     <span class='ocr_line' id='line_1_58' title="bbox 477 5467 3838 5557; baseline -0.001 -31"><span class='ocrx_word' id='word_1_737' title='bbox 477 5472 695 5528; x_wconf 87' lang='lat' dir='ltr'>tholico</span> <span class='ocrx_word' id='word_1_738' title='bbox 750 5492 820 5530; x_wconf 90' lang='lat' dir='ltr'>ac</span> <span class='ocrx_word' id='word_1_739' title='bbox 851 5479 1098 5546; x_wconf 88' lang='lat' dir='ltr'>sapienti</span> <span class='ocrx_word' id='word_1_740' title='bbox 1138 5485 1295 5553; x_wconf 92' lang='lat' dir='ltr'>quod</span> <span class='ocrx_word' id='word_1_741' title='bbox 1356 5485 1770 5554; x_wconf 75' lang='lat' dir='ltr'>omnipotentis</span> <span class='ocrx_word' id='word_1_742' title='bbox 1821 5485 1946 5553; x_wconf 92' lang='lat' dir='ltr'>Dei,</span> <span class='ocrx_word' id='word_1_743' title='bbox 1995 5485 2138 5539; x_wconf 89' lang='lat' dir='ltr'>nihil</span> <span class='ocrx_word' id='word_1_744' title='bbox 2257 5487 2428 5554; x_wconf 88' lang='lat' dir='ltr'>atque</span> <span class='ocrx_word' id='word_1_745' title='bbox 2461 5498 2678 5537; x_wconf 86' lang='lat' dir='ltr'>mceror</span> <span class='ocrx_word' id='word_1_746' title='bbox 2727 5483 3000 5536; x_wconf 88' lang='lat' dir='ltr'>comitem</span> <span class='ocrx_word' id='word_1_747' title='bbox 3038 5482 3269 5536; x_wconf 89' lang='lat' dir='ltr'>turbam</span> <span class='ocrx_word' id='word_1_748' title='bbox 3300 5467 3838 5557; x_wconf 56' lang='lat' dir='ltr'>eonfunderet,abutl-</span> 
     </span>
    </p>
   </div>
   <div class='ocr_carea' id='block_1_59' title="bbox 476 5560 3834 5648">
    <p class='ocr_par' dir='ltr' id='par_1_59' title="bbox 476 5560 3834 5648">
     <span class='ocr_line' id='line_1_59' title="bbox 476 5560 3834 5648; baseline -0.006 -14"><span class='ocrx_word' id='word_1_749' title='bbox 476 5560 989 5635; x_wconf 65' lang='grc' dir='ltr'>νολθηείηίίῖυυῐην</span> <span class='ocrx_word' id='word_1_750' title='bbox 1011 5567 1233 5648; x_wconf 76' lang='lat' dir='ltr'>justam</span> <span class='ocrx_word' id='word_1_751' title='bbox 1263 5588 1502 5627; x_wconf 89' lang='lat' dir='ltr'>causam</span> <span class='ocrx_word' id='word_1_752' title='bbox 1526 5575 1735 5628; x_wconf 89' lang='lat' dir='ltr'>cadere</span> <span class='ocrx_word' id='word_1_753' title='bbox 1757 5590 1874 5628; x_wconf 90' lang='lat' dir='ltr'>non</span> <span class='ocrx_word' id='word_1_754' title='bbox 1893 5574 2137 5643; x_wconf 90' lang='lat' dir='ltr'>sineret,</span> <span class='ocrx_word' id='word_1_755' title='bbox 2256 5574 2403 5627; x_wconf 90' lang='lat' dir='ltr'>dans</span> <span class='ocrx_word' id='word_1_756' title='bbox 2425 5572 2733 5642; x_wconf 90' lang='lat' dir='ltr'>prandium</span> <span class='ocrx_word' id='word_1_757' title='bbox 2766 5587 2874 5625; x_wconf 90' lang='lat' dir='ltr'>nec</span> <span class='ocrx_word' id='word_1_758' title='bbox 2900 5571 3133 5625; x_wconf 91' lang='lat' dir='ltr'>Baccho</span> <span class='ocrx_word' id='word_1_759' title='bbox 3168 5571 3515 5642; x_wconf 86' lang='lat' dir='ltr'>pigmentato</span> <span class='ocrx_word' id='word_1_760' title='bbox 3535 5575 3714 5618; x_wconf 86' lang='lat' dir='ltr'>carens</span> <span class='ocrx_word' id='word_1_761' title='bbox 3739 5566 3834 5605; x_wconf 71' lang='lat'><strong>8111&#39;</strong></span> 
     </span>
    </p>
   </div>
   <div class='ocr_carea' id='block_1_60' title="bbox 477 5650 3831 5738">
    <p class='ocr_par' dir='ltr' id='par_1_60' title="bbox 477 5650 3831 5738">
     <span class='ocr_line' id='line_1_60' title="bbox 477 5650 3831 5738; baseline -0.003 -30"><span class='ocrx_word' id='word_1_762' title='bbox 477 5654 809 5731; x_wconf 71' lang='lat' dir='ltr'>praesertim</span> <span class='ocrx_word' id='word_1_763' title='bbox 823 5652 2138 5738; x_wconf 85' lang='lat' dir='ltr'>considerantisesequinontantumditionem</span> <span class='ocrx_word' id='word_1_764' title='bbox 2256 5661 2639 5717; x_wconf 88' lang='lat' dir='ltr'>mosissimus</span> <span class='ocrx_word' id='word_1_765' title='bbox 2670 5661 2807 5731; x_wconf 89' lang='lat' dir='ltr'>dux,</span> <span class='ocrx_word' id='word_1_766' title='bbox 2831 5676 2901 5714; x_wconf 85' lang='lat' dir='ltr'>ac</span> <span class='ocrx_word' id='word_1_767' title='bbox 2932 5662 2984 5714; x_wconf 89' lang='lat' dir='ltr'>si</span> <span class='ocrx_word' id='word_1_768' title='bbox 3016 5663 3075 5715; x_wconf 89' lang='lat' dir='ltr'>in</span> <span class='ocrx_word' id='word_1_769' title='bbox 3105 5659 3404 5715; x_wconf 80' lang='lat' dir='ltr'>caenaculo</span> <span class='ocrx_word' id='word_1_770' title='bbox 3435 5650 3722 5712; x_wconf 85' lang='lat' dir='ltr'>domestico</span> <span class='ocrx_word' id='word_1_771' title='bbox 3745 5651 3831 5693; x_wconf 80' lang='lat' dir='ltr'>me-</span> 
     </span>
    </p>
   </div>
  </div>
