4074 6150
194 231 346 312 1249
1724 227 2039 292 _.GES!I‘A.
3438 233 3596 298 1250

155 429 412 484 morabili
472 445 605 482 cum
659 427 947 481 hilaritate
988 427 1232 496 accepit,
1269 431 1517 480 cunctos
1549 428 1808 481 actutum
1833 413 1884 468 Α
1917 425 2204 496 Equidem
2227 427 2603 481 Heraldusin
2627 427 3070 483 Eboracensem
3091 445 3310 502 pagum
3328 447 3592 487 recesse-

159 517 328 573 atl‘ore
373 518 746 588 promittens,
781 515 922 583 Deo,
957 515 1132 585 cujus
1163 531 1267 569 eos
1289 517 1486 569 tutelae
1537 515 1806 582 credidit,

157 607 494 661 adducente.
513 607 644 660 Non
663 604 968 675 indignum
991 604 1234 658 duceret
1251 604 1602 657 Mantuanus
1620 608 1813 673 poeta-

161 713 278 750 rum
300 696 578 764 princeps
611 693 885 747 laudibus
917 693 1126 746 fEneae
1158 692 1424 762 'I‘rojani,
1458 692 1557 761 qui
1598 693 1814 761 priscae

155 786 349 838 Romae
368 789 430 837 ut
449 799 663 852 parens
687 783 879 853 gloria
898 781 1417 851 fuit,securitatem
1439 786 1611 850 atque
1634 781 1816 835 inten-

153 875 363 926 tionem
378 871 561 942 hujus
581 886 805 925 mensae
825 871 1112 924 inserere.
1135 869 1461 940 Inquisitus
1477 869 1669 924 denuo
1690 884 1820 937 spe-

154 961 393 1030 culator,
417 975 600 1014 naves
619 962 871 1029 quatuor
892 960 1190 1027 advenire,
1216 959 1386 1013 tertio
1408 961 1600 1011 tantas
1624 958 1816 1011 excla-

155 1052 262 1102 mat
290 1051 356 1102 ut
384 1048 661 1102 arborum
685 1047 1066 1102 veliferarum
1099 1046 1399 1101 uberrima
1423 1047 1689 1100 densitas
1713 1060 1818 1099 ne-

154 1138 330 1192 moris
386 1140 630 1206 praestet
676 1136 1140 1191 similitudinem.
1193 1137 1317 1202 Quo
1377 1137 1621 1207 proinde
1675 1151 1818 1205 Spes

154 1225 317 1279 ducis
345 1225 560 1296 gaudio
592 1225 669 1278 sit
699 1228 1129 1295 mutata,quam
1155 1242 1227 1280 ex
1249 1227 1451 1279 intimo
1485 1223 1662 1278 corde
1677 1223 1822 1276 divi-

154 1329 279 1367 nam
333 1313 762 1383 gloriﬁcaverit
813 1313 1084 1382 pietatem
1133 1314 1569 1384 conjiciendum
1628 1313 1820 1367 cuivis

156 1402 565 1472 relinquimus.
621 1401 1071 1454 Penevesellum
1101 1418 1389 1472 prospero
1421 1403 1559 1456 flatu
1608 1417 1819 1471 prove-

155 1495 302 1558 ctus,
319 1491 506 1544 libere
520 1490 1109 1561 navibus'egreditur,
1130 1507 1328 1562 pugna
1350 1490 1507 1545 nulla
1527 1491 1818 1544 obstante.

1922 519 2028 582 rat,
2070 531 2203 568 cum
2238 515 2415 569 fratre
2449 525 2557 570 Suo
2583 517 2827 570 Tostillo
2861 520 2917 570 et
2952 517 3207 573 Heraldo
3239 519 3592 596 Noricorum

1918 619 2097 674 reges
2129 605 2534 657 dimicaturus.
2556 605 2679 658 Nec
2707 606 2919 658 mirere
2943 607 3097 674 quod
3119 623 3436 676 germanus
3459 625 3584 677 per-

1921 694 2115 746 motus
2141 691 2399 762 injuriis,
2429 694 2622 746 invasi
2639 693 2885 747 honoris
2905 695 3154 748 zemulus
3177 710 3336 750 arma
3355 701 3594 753 externa

1921 780 2164 833 adduxit
2221 781 2278 833 in
2333 781 2674 850 Heraldum,
2711 797 2884 852 quem
2917 794 3196 853 germana
3245 801 3478 855 quoque
3510 786 3590 838 illi

1923 869 2192 922 moribus
2225 869 2599 922 absimillima
2626 885 2758 922 cum
2801 871 2982 924 armis
3015 887 3129 925 non
3162 872 3402 938 valeret,
3436 873 3590 926 votis

1923 958 2379 1029 impugnabatet
2404 959 2913 1028 consilio,luxuria
2949 960 3591 1028 foedum,truculentum
3633 1006 3642 1012 .

1927 1045 2300 1114 homicidam,
2337 1047 2515 1100 divite
2564 1048 2769 1116 rapina
2800 1049 3144 1118 superbum,
3177 1050 3594 1104 adversarium

1929 1135 2086 1204 aequi
2107 1138 2159 1188 et
2180 1135 2338 1188 boni.
2361 1135 2556 1189 Voluit
2575 1139 2768 1189 autem
2789 1137 2978 1189 virilis
3011 1137 3338 1205 prudentiae
3361 1138 3596 1209 femina,

1931 1223 2274 1293 intelligens
2297 1223 2545 1277 honesta
2573 1225 2870 1293 quaelibet,
2904 1241 2971 1278 ac
2995 1226 3112 1278 vita
3134 1226 3599 1294 colens,VVillel-

1932 1327 2090 1365 mum
2111 1312 2320 1381 Anglis
2352 1312 2663 1380 dominari,
2702 1329 2876 1382 quem
2905 1313 3180 1376 Edwardi
3212 1315 3375 1384 regis
3405 1316 3595 1371 mariti

1933 1400 2026 1455 sui
2055 1399 2285 1469 adoptio
2319 1399 2420 1452 ﬁlii
2443 1400 2572 1454 loco
2598 1402 2709 1455 sibi
2744 1403 3066 1458 succedere
3099 1403 3323 1472 statuit,
3357 1403 3598 1472 sapien-

1929 1490 2068 1558 tem,
2088 1487 2342 1559 justum,
2369 1488 2601 1543 fortem.

509 1699 822 1754 BELLUM
847 1700 1081 1755 lNTER
1107 1698 1593 1752 WILLELMUM
1629 1696 1888 1752 DUCEM
1912 1695 2008 1750 ET
2041 1695 2471 1751 HERALDUM
2508 1696 2768 1750 REGEM
2792 1697 3241 1754 ANGLORUM.

219 2014 560 2068 Gaudentes
579 2015 817 2083 arrepto
847 2013 1042 2068 littore
1073 2013 1462 2068 Northmanni
1488 2015 1677 2083 prima
1706 2031 1830 2068 mu-
1859 1995 1906 2049 Β
1937 2014 2042 2068 sed
2093 2013 2472 2086 conﬂigerem
2533 2015 2966 2085 quamprimum
3000 2031 3132 2071 cum
3177 2017 3457 2090 Heraldo,
3490 2035 3599 2076 nec

156 2104 374 2157 nitione
399 2103 1059 2172 Penevesellum,altera
1077 2102 1402 2174 Hastingas
1435 2118 1825 2173 occupavere,

156 2208 283 2262 quae
304 2192 420 2245 sibi
442 2191 834 2268 receptaculo,
856 2191 1107 2245 navibus
1127 2191 1573 2262 propugnaculo
1605 2192 1820 2245 forent.

154 2280 410 2348 Marius,
445 2283 542 2333 aut
584 2296 836 2350 magnus
879 2279 1216 2348 Pompeius,
1252 2282 1498 2350 uterque
1548 2279 1826 2343 eximius,

154 2368 470 2422 calliditate
503 2370 675 2437 atque
707 2368 996 2421 industria
1034 2369 1280 2420 meritus
1313 2367 1694 2436 triumphum,
1731 2369 1827 2422 hic

154 2456 409 2509 adducto
460 2457 704 2510 Romam
753 2456 812 2509 in
859 2456 1115 2510 vinculis
1147 2456 1462 2525 Jugurtha,
1497 2456 1592 2510 ille
1626 2461 1828 2511 coacto

151 2544 486 2598 Mithridate
520 2543 592 2598 ad
612 2557 925 2608 venenum,
955 2545 1044 2598 sic
1067 2545 1125 2596 in
1149 2544 1408 2597 hostium
1428 2544 1578 2598 fines
1597 2544 1829 2599 delatus

154 2632 504 2686 formidaret
534 2647 722 2705 agens
743 2633 987 2686 militem
1017 2634 1386 2701 universum,
1421 2646 1488 2686 se
1513 2633 1571 2686 in
1589 2635 1828 2702 pericu-
1875 2648 1883 2657 ί

152 2720 271 2774 lum
299 2720 560 2774 seorsim
584 2721 655 2774 ab
673 2721 908 2791 agmine
941 2737 1072 2774 cum
1097 2721 1329 2792 legione
1354 2722 1620 2791 segniter
1642 2721 1827 2776 daret.

155 2807 285 2862 Fuit
307 2807 569 2877 illorum,
604 2811 661 2863 et
704 2812 796 2863 est
827 2809 1040 2863 ducum
1072 2809 1523 2863 consuetudinis
1546 2810 1826 2881 dirigere,

154 2911 269 2951 non
302 2896 394 2950 ire
417 2897 844 2967 exploratores,
869 2898 1062 2968 magis
1097 2897 1166 2951 ad
1200 2898 1378 2950 vitam
1409 2897 1545 2965 sibi,
1573 2914 1746 2968 quam
1770 2901 1832 2952 ut

154 2985 423 3039 exercitu
456 2985 885 3053 providentiam
914 3001 1080 3040 suam
1110 2989 1555 3040 conservarent.
1594 2987 1830 3040 Willel-

155 3090 291 3127 mus
311 3089 456 3127 vero
482 3089 611 3126 cum
640 3074 849 3150 viginti
881 3076 1142 3144 quinque
1170 3089 1289 3127 non
1316 3075 1568 3143 amplius
1584 3075 1830 3128 militum

155 3161 441 3217 comitatu
459 3165 765 3230 promptus
779 3162 906 3232 ipse
924 3162 1049 3215 loca
1064 3162 1360 3216 etincolas
1375 3162 1722 3231 exploravit.
1743 3162 1832 3216 In-

1935 2102 2265 2170 diffiderem
2316 2102 2656 2156 fortitudine
2690 2119 2952 2158 meorum
2978 2121 3112 2159 cum
3135 2107 3263 2160 suis
3288 2123 3422 2162 eum
3452 2124 3597 2162 con-

1931 2192 2127 2244 tritum
2161 2190 2250 2258 iri,
2279 2190 2576 2246 voluntate
2607 2191 2802 2259 divina
2834 2209 2953 2246 non
2974 2195 3318 2260 resistente;
3369 2197 3600 2250 tametsi

1933 2280 2135 2333 decem
2167 2279 2294 2332 sola
2352 2278 2531 2332 millia
2584 2280 2848 2332 virorum
2909 2281 3210 2350 haberem,
3259 2283 3468 2352 quales
3526 2284 3599 2338 ad

1932 2367 2246 2437 sexaginta
2277 2366 2456 2419 millia
2475 2366 2715 2420 adduxi.
2753 2391 2774 2416 υ

2001 2455 2264 2517 Quadam
2290 2469 2433 2508 vero
2465 2454 2581 2523 die,
2616 2455 2752 2508 dum
2773 2455 3102 2510 custodiam
3125 2459 3363 2513 navium
3376 2459 3602 2514 viseret

1932 2544 2070 2612 dux,
2130 2542 2449 2596 indicatum
2481 2545 2576 2596 est
2603 2543 2753 2596 forte
2801 2544 3077 2612 spatianti
3133 2562 3315 2616 prope
3361 2547 3594 2602 navalia

1930 2631 2282 2710 monachum
2323 2631 2565 2684 Heraldi
2596 2631 2854 2702 legatum
2883 2633 3119 2688 adesse.
3155 2635 3287 2704 lpse
3331 2636 3602 2706 protinus

1931 2721 2094 2775 illum
2127 2720 2401 2774 convenit
2430 2720 2744 2790 ingeniosa
2776 2721 2885 2774 hac
2917 2721 3248 2778 elocutione
3284 2741 3296 2779 :
3334 2746 3355 2774 ι
3393 2724 3604 2779 Proxi-

1932 2823 2086 2876 mus,
2109 2807 2254 2876 infit,
2290 2822 2404 2878 ego
2437 2823 2570 2860 sum
2591 2807 2878 2862 Willelmi
2905 2811 3138 2863 comitis
3169 2810 3605 2865 Northmanno-

1930 2911 2061 2949 rum
2091 2911 2160 2948 ac
2183 2895 2431 2965 dapifer.
2449 2895 2592 2948 Cum
2607 2895 2942 2966 alloquendi
2975 2898 3088 2952 nisi
3114 2913 3221 2967 per
3251 2914 3344 2952 me
3376 2901 3606 2968 copiam

1934 2984 2151 3038 habere
2174 2999 2288 3038 non
2312 2985 2555 3054 poteris;
2581 2985 2738 3053 quod
2771 2983 2948 3039 affers
2972 2986 3117 3038 mihi
3150 3002 3344 3041 narra.
3378 2987 3604 3043 Libens

1933 3072 2030 3126 ille
2050 3075 2374 3144 cognoscet
2395 3072 2550 3126 idem
2582 3088 2687 3142 per
2717 3088 2829 3143 me,
2865 3074 3001 3146 quia
3032 3074 3325 3129 neminem
3358 3090 3605 3130 suorum

1934 3161 2267 3214 chariorem
2295 3161 2472 3214 habet
2501 3176 2612 3214 me.
2648 3162 2790 3215 Post
2821 3165 3143 3232 opportune
3170 3163 3250 3216 uti
3278 3163 3448 3216 voles
3469 3179 3600 3219 mea

155 3251 224 3304 de
238 3253 560 3304 revertens
590 3250 664 3304 ob
698 3249 1073 3319 asperitatem
1106 3250 1356 3304 tramitis
1391 3250 1595 3321 pedes,
1621 3267 1683 3304 re
1716 3241 1833 3306 non
1859 3236 1903 3290 Ο
1935 3264 2132 3318 opera,
2157 3265 2357 3302 coram
2386 3249 2642 3303 locutum
2660 3249 2884 3303 venies.
2916 3250 3268 3322 «Legatione
3298 3255 3598 3322 percepta,

153 3339 391 3408 absque
441 3339 568 3392 risu
618 3341 808 3408 gesta,
862 3354 1196 3409 quanquam
1225 3338 1412 3393 lector
1442 3339 1590 3393 forte
1624 3340 1831 3410 rideat,

151 3427 341 3481 seriae
366 3425 525 3478 laudi
558 3427 857 3480 materiam
891 3427 1070 3495 dedit,
1097 3430 1342 3497 gestans
1371 3428 1429 3481 in
1471 3428 1716 3484 humero
1747 3444 1839 3482 so-

156 3517 376 3569 ciatam
404 3530 530 3568 suae
561 3514 803 3568 loricam
820 3514 1112 3582 satellitis,
1140 3516 1276 3569 dum
1300 3517 1836 3570 nominatissimum

154 3603 509 3672 vicorporis
535 3607 594 3656 ut
618 3604 793 3656 animi
815 3603 1072 3657 Osberni
1103 3604 1287 3658 tilium
1324 3605 1691 3660 VVillelmum
1724 3605 1836 3660 fer-

156 3709 261 3749 reo
283 3693 452 3746 fasce
473 3692 707 3747 levavit.

231 3783 422 3835 Dives
453 3781 691 3855 quidam
733 3781 936 3834 ﬁmum
965 3781 1197 3836 illorum
1221 3780 1568 3852 inquilinus,
1603 3781 1839 3836 natione

160 3868 641 3936 Northmannus,
665 3869 963 3923 Robertus
987 3869 1144 3922 filius
1168 3868 1460 3923 Guimarae
1479 3869 1696 3922 nobilis
1715 3885 1838 3921 mu-

157 3957 360 4025 lieris,
386 3957 712 4028 Hastingas
746 3956 880 4010 duci
904 3955 1138 4010 domino
1165 3972 1274 4010 suo
1295 3961 1467 4026 atque
1488 3957 1842 4027 consangui-

159 4062 278 4100 neo
303 4045 572 4098 nuntium
594 4044 929 4113 destinavit,
953 4045 1047 4098 his
1071 4045 1302 4099 verbis:
1329 4067 1350 4091 α
1374 4044 1686 4098 Praeliatus
1706 4059 1840 4097 cum

164 4135 354 4188 fratre
378 4134 614 4203 proprio
637 4149 739 4187 rex
767 4133 1061 4187 Heraldus
1092 4137 1296 4187 etcum
1327 4149 1469 4204 rege
1488 4133 1842 4187 Noricorum

163 4238 287 4294 quo
322 4221 629 4276 fortiorem
660 4222 773 4276 sub
798 4222 948 4275 coelo
981 4221 1203 4275 nullum
1255 4223 1454 4275 vivere
1488 4222 1682 4292 Opinio
1712 4221 1839 4288 fuit,

164 4326 374 4382 pugna
407 4325 519 4364 una
538 4309 746 4363 ambos
770 4310 1003 4378 occidit,
1021 4311 1293 4381 ingentes
1319 4326 1522 4364 eorum
1545 4311 1842 4364 exercitus

164 4400 412 4454 delevit.
448 4399 754 4452 Animatus
778 4414 847 4452 eo
880 4414 1193 4468 successu,
1228 4398 1481 4452 festinus
1503 4399 1654 4452 redit
1685 4399 1742 4451 in
1766 4401 1840 4465 te,

166 4488 741 4542 numerosissimum
785 4487 1066 4556 populum
1125 4487 1352 4540 ducens
1400 4503 1466 4540 ac
1497 4487 1842 4540 robustisis-

165 4575 655 4644 mum,adversus
673 4590 845 4647 quem
865 4591 981 4628 non
995 4575 1249 4644 amplius
1266 4578 1399 4629 tuos
1416 4590 1590 4645 quam
1604 4575 1841 4628 totidem

1932 3336 2320 3406 patefaciente
2334 3337 2643 3406 monacho,
2665 3338 2795 3392 sine
2810 3339 3326 3407 cunctatione,dux
3343 3339 3608 3411 legatum

1935 3425 2193 3496 hospitio
2225 3426 2408 3496 recipi
2439 3429 2495 3479 et
2536 3425 2801 3480 ofﬁciosa
2836 3426 3192 3482 humanitate
3217 3430 3411 3482 curari
3443 3444 3601 3498 prae-

1936 3514 2107 3582 cepit.
2127 3513 2258 3584 lpse
2274 3513 2506 3567 interim
2522 3529 2728 3568 secum
2750 3517 2808 3568 et
2837 3528 2970 3568 cum
3002 3514 3132 3568 suis
3160 3515 3300 3586 quid
3317 3515 3609 3570 mandatis

1936 3601 2324 3671 responderet
2353 3601 2735 3656 deliberabat.

2008 3689 2071 3742 In
2105 3692 2364 3744 crastino
2399 3690 2784 3746 discumbens
2809 3691 2868 3745 in
2899 3691 3094 3746 medio
3116 3691 3432 3760 primatum
3465 3707 3610 3748 suo-

1937 3794 2089 3845 rum,
2124 3778 2414 3832 cucullato
2458 3778 2741 3832 advocato
2773 3778 2918 3831 dixit
2953 3795 2964 3832 :
3006 3800 3028 3830 «
3065 3779 3193 3851 Ego
3216 3796 3345 3833 sum
3379 3780 3612 3835 Willel-

1937 3882 2071 3919 mus
2100 3866 2205 3918 Dei
2236 3865 2424 3936 gratia
2438 3865 3440 3938 Northmannorumprinceps.Qu£e
3459 3868 3602 3923 mihi

1939 3954 2218 4007 hesterno
2243 3953 2335 4006 die
2361 3953 2638 4022 retulisti,
2663 3953 2722 4005 in
2753 3953 2963 4006 horum
2982 3970 3138 4008 nunc
3169 3956 3487 4024 prmsentia
3516 3972 3610 4011 re-

1940 4041 2082 4096 fer.»
2112 4042 2372 4112 Legatus
2406 4041 2484 4094 ita
2535 4040 2803 4094 elocutus
2838 4045 2929 4095 est
2963 4057 2975 4094 :
3004 4059 3027 4090 α
3065 4041 3208 4096 Haec
3241 4044 3346 4097 tibi
3378 4043 3614 4098 mandat

1941 4147 2046 4185 rex
2076 4129 2638 4184 Heraldusz'l‘erram
2655 4129 2788 4199 ejus
2813 4129 3130 4200 ingressus
3149 4145 3358 4200 es;qua
3373 4131 3610 4202 fiducia,

1943 4235 2056 4290 qua
2087 4218 2412 4272 temeritate
2445 4217 2653 4272 nescit.
2715 4217 2977 4271 Meminit
3032 4216 3266 4287 quidem
3315 4219 3473 4288 quod
3506 4234 3613 4272 rex

1946 4306 2279 4361 Edwardus
2313 4309 2367 4359 te
2399 4305 2637 4377 Anglici
2670 4306 2838 4376 regni
2898 4305 3197 4360 haaredem
3230 4305 3356 4360 fore
3385 4306 3615 4376 pridem

1947 4396 2281 4450 decreverit
2337 4399 2394 4449 et
2438 4395 2594 4466 quod
2650 4395 2780 4466 ipse
2836 4395 2897 4448 in
2933 4395 3354 4448 Northmannia
3385 4395 3457 4450 de
3505 4395 3615 4450 hac

1947 4485 2336 4539 successione
2378 4484 2754 4538 securitatem
2784 4483 2889 4538 tibi
2921 4484 3264 4538 firmaverit.
3299 4485 3477 4540 Novit
3506 4501 3614 4540 au-

1948 4576 2065 4628 tem
2087 4573 2225 4644 jure
2261 4589 2434 4627 suum
2483 4588 2622 4626 esse
2654 4588 2925 4644 regnum,
2959 4572 3115 4627 idem
3145 4571 3418 4644 ejusdem
3450 4573 3617 4645 regis

167 4664 610 4734 despectabiles
626 4679 805 4718 canes
821 4665 1051 4718 aestimo
1067 4663 1561 4717 valere.Prudens
1589 4633 1922 4717 vircom-D
1951 4661 2170 4716 domini
2202 4662 2296 4715 sui
2346 4662 2499 4716 dono
2527 4661 2586 4714 in
2635 4661 2920 4715 extremis
2975 4661 3133 4716 illius
3193 4661 3308 4734 sibi
3363 4677 3618 4716 conces-

159 4753 420 4824 putaris,
443 4752 597 4806 domi
629 4752 970 4822 militiaeque
989 4755 1198 4806 cuncta
1218 4752 1505 4806 hactenus
1525 4752 1847 4821 prudenter

169 4841 379 4913 egisti.
415 4840 586 4894 Nunc
634 4840 738 4894 tibi
771 4840 1035 4910 consule,
1080 4840 1346 4909 provide,
1379 4841 1603 4909 labora,
1638 4856 1711 4894 ne
1742 4855 1849 4909 per

170 4930 570 4984 temeritatem
610 4929 671 4982 in
703 4929 1022 4982 discrimen
1056 4928 1210 4982 unde
1244 4945 1356 4981 non
1388 4929 1606 4982 evadas
1640 4932 1846 4981 temet-

171 5020 308 5088 ipse
359 5019 717 5087 praecipites.
778 5017 1008 5072 Suadeo
1055 5016 1204 5070 intra
1264 5017 1622 5071 munitiones
1656 5031 1846 5086 mane,

172 5122 359 5160 manu
389 5105 462 5159 ad
493 5120 766 5176 praesens
794 5105 1114 5178 conﬂigere
1147 5105 1285 5160 noli.
1324 5127 1345 5154 ι

253 5195 380 5248 Duc
414 5198 614 5249 contra
655 5195 858 5248 nuntio
893 5210 905 5248 :
943 5216 964 5240 «ι
1003 5195 1116 5247 Pro
1149 5193 1440 5261 mandato,
1495 5193 1702 5264 inquit,
1736 5209 1850 5264 quo

176 5284 330 5338 mihi
361 5283 638 5337 dominus
670 5287 809 5336 tuus
868 5282 993 5336 vult
1050 5297 1188 5336 esse
1223 5286 1475 5350 cautum,
1519 5297 1854 5353 quanquam

174 5373 316 5427 sine
336 5371 689 5426 contumelia
709 5371 965 5426 suadere
985 5370 1499 5442 decuerit,gratias
1515 5370 1630 5440 ipsi
1655 5377 1710 5425 et
1726 5371 1855 5425 haec

174 5460 364 5518 refer.
419 5460 552 5516 Non
584 5475 677 5516 me
707 5462 929 5516 tutarer
957 5459 1096 5515 valli
1129 5463 1231 5516 aut
1275 5461 1556 5516 moenium
1586 5459 1851 5533 latebris,

1952 4767 2106 4805 sum.
2131 4749 2357 4804 Etenim
2386 4751 2457 4804 ab
2490 4765 2558 4804 eo
2591 4754 2996 4820 tempore,quo
3023 4749 3232 4804 beatus
3246 4750 3618 4822 Augustinus

1951 4840 2009 4893 in
2034 4839 2184 4892 hanc
2217 4839 2377 4892 venit
2423 4839 2750 4909 regionem,
2793 4853 3160 4892 communem
3190 4840 3386 4908 gentis
3436 4836 3618 4907 hujus

1952 4927 2140 4981 fuisse
2171 4927 2655 4981 consuetudinem
2713 4927 3083 4981 donationem
3130 4942 3303 4997 quam
3331 4927 3389 4979 in
3417 4926 3619 4982 ultimo

1954 5015 2068 5069 fine
2083 5031 2192 5070 suo
2227 5015 2361 5085 quis
2393 5015 2755 5082 fecerit,eam
2789 5018 2976 5069 ratam
3002 5014 3226 5068 haberi.
3257 5013 3622 5086 Quapropter

1956 5103 2027 5157 de
2047 5107 2203 5156 terra
2218 5102 2380 5173 juste
2400 5120 2507 5157 sua
2527 5119 2660 5156 cum
2678 5103 2795 5156 tuis
2829 5107 2885 5157 te
2907 5101 3420 5174 regredipostulat.
3456 5101 3623 5158 Alio-

1957 5193 2098 5264 quin
2118 5192 2432 5246 amicitiam
2463 5195 2520 5246 et
2550 5195 2759 5245 cuncta
2784 5194 2953 5260 pacta
2984 5205 3091 5260 per
3120 5190 3315 5262 ipsum
3329 5192 3386 5246 in
3409 5191 3623 5246 North.

1956 5282 2188 5334 mannia
2213 5280 2318 5334 tibi
2354 5280 2578 5334 firmata
2610 5279 2820 5348 solvet,
2861 5294 3047 5350 penes
3078 5283 3133 5334 te
3165 5282 3401 5334 omnino
3451 5279 3627 5335 relin-

1957 5385 2149 5441 quens
2168 5385 2254 5425 ea.
2293 5393 2316 5417 ι)

2031 5459 2262 5514 Auditis
2285 5457 2527 5514 Heraldi
2557 5457 2998 5532 mandatis,dux
3043 5459 3397 5518 monachum
3426 5459 3631 5535 inqui-
