4074 6150
506 271 657 333 1251

1666 264 2100 330 WILLELMI
2159 261 2791 339 CONQUESTORIS

3749 281 3867 343 125‘2

509 473 645 527 sivit
674 489 813 528 num
871 473 1129 544 legatum
1160 486 1335 524 suum
1367 469 1437 523 ad
1472 469 1792 523 Heraldum
1825 485 1959 523 cum
1977 469 2166 523 salute
2205 460 2460 539 Atuum,
2498 471 2601 524 sed
2653 471 2958 542 singulare
3018 473 3319 526 certamen
3367 473 3739 530 Northmanno
3765 479 3878 533 duci

506 569 842 638 penducere
872 568 1066 621 vellet.
1102 566 1203 620 Ille
1227 566 1436 618 salutis
1452 564 1586 634 ejus
1607 569 1666 619 ut
1689 565 1945 633 propriae
1969 580 2173 618 curam

509 672 574 710 se
605 657 940 710 habiturum
958 654 1598 724 spopondit.DuxilIico
1621 653 1820 706 verbis
1840 652 1934 706 his
1959 668 2165 706 mona-

507 745 683 799 chum
707 745 1190 798 Fiscamnensem
1212 743 1524 814 quemdam
1541 742 1975 811 instruxit,quae
1995 741 2168 794 citius

509 834 765 888 Heraldo
787 833 1061 887 deferret.
1100 855 1119 880 ι
1147 832 1291 906 Non
1310 835 1552 900 temere,
1585 846 1778 900 neque
1810 829 2166 899 injuste,sed

507 922 777 976 consulto
810 925 866 975 et
889 921 1178 991 aequitatis
1201 920 1377 974 ductu
1400 920 1457 973 in
1480 920 1630 974 hanc
1653 923 1870 972 terram
1893 923 2165 972 transve-

505 1016 636 1065 ctus
660 1027 810 1080 sum,
845 1010 1020 1080 ciuus
1046 1025 1136 1063 me
1157 1009 1476 1077 haeredem,
1501 1008 1882 1078 ut;Heraldus
1915 1008 2043 1077 ipse
2077 1007 2169 1060 fa-

504 1104 677 1168 tetur,
701 1100 901 1153 statuit
946 1098 1220 1152 dominus
1251 1114 1418 1152 meus
1449 1101 1508 1151 et
1536 1097 2020 1168 consanguineus
2053 1110 2164 1149 rex

511 1185 944 1252 Edwardus,ob
961 1185 1248 1238 maximos
1273 1184 1528 1238 honores
1551 1185 1865 1254 etplurima
1885 1182 2170 1236 beneﬁcia

501 1289 633 1343 quae
663 1273 743 1326 illi
775 1275 948 1342 atque
971 1272 1136 1325 fratri
1161 1288 1291 1338 suo,
1318 1287 1426 1325 nec
1450 1286 1566 1324 non
1590 1271 1928 1324 hominibus
1962 1285 2164 1323 eorum

501 1378 612 1433 ego
629 1365 685 1416 et
700 1360 958 1432 majores
969 1366 1085 1415 mei
1102 1359 1582 1431 impendimus;ct
1593 1359 1868 1430 quoniam
1882 1358 2161 1426 omnium,

499 1451 600 1520 qui
624 1466 817 1522 genus
843 1447 1017 1504 suum
1053 1449 1425 1520 attingerent,
1448 1465 1539 1503 me
1571 1447 1850 1503 credebat
1871 1446 2165 1501 excellen-

497 1539 927 1609 tissimum,qui
952 1539 1165 1608 optime
1190 1539 1449 1592 valerem
1471 1538 1561 1591 vel
1584 1537 1634 1590 ei
1658 1537 1915 1608 quandiu
1939 1536 2165 1589 viveret

500 1628 844 1694 subvenire,
879 1627 974 1681 vel
1005 1630 1389 1697 posteaquam
1419 1626 1734 1681 decederet
1768 1641 2018 1695 regnum
2049 1640 2163 1695 gu-

497 1717 770 1770 bernare.
804 1714 956 1769 Sane
985 1730 1176 1785 neque
1216 1715 1273 1768 id
1297 1715 1522 1785 absque
1545 1730 1788 1768 suorum
1821 1714 2162 1782 optimatum

2279 559 2532 627 placere.
2565 560 2712 612 Nam
2743 561 2836 612 vir
2866 563 3148 614 strenuus
3174 564 3228 615 et
3250 561 3439 615 bonus
3459 562 3668 632 justum
3699 566 3865 636 aliquid

2278 663 2348 700 ac
2371 649 2566 702 lzetum
2583 649 3056 718 renuntiare,nec
3075 650 3291 704 multos
3314 652 3649 706 occumbere
3667 655 3864 722 volebat,

2281 736 2525 790 Heraldi
2558 741 2750 805 caput,
2785 755 2890 806 pro
2921 754 3035 808 quo
3092 738 3284 793 minor
3337 738 3618 810 fortitudo,
3673 745 3866 812 aequitas

2281 823 2439 877 nulla
2496 829 2696 894 staret,
2731 842 3010 880 casurum
3043 827 3364 882 conﬁdens.
3421 829 3559 881 Tum
3589 830 3752 883 levato
3778 832 3866 884 He-

2283 912 2486 966 raldus
2517 915 2575 966 in
2608 915 2821 968 ctelum
2863 915 3026 970 vultu
3055 917 3134 969 ait
3166 933 3178 970 ς
3213 940 3233 962 α
3270 917 3548 970 Dominus
3580 919 3714 972 inter
3737 937 3808 972 me
3830 924 3867 974 et

2285 1000 2649 1055 \Villelmum
2681 1004 2855 1058 hodie
2887 1005 3044 1075 quod
3068 1004 3298 1074 justum
3329 1009 3419 1058 est
3440 1006 3713 1060 decernat.
3737 1033 3752 1054 -
3786 1010 3868 1061 He-

2283 1091 2502 1160 gnandi
2532 1092 2827 1162 siquidem
2854 1093 3124 1162 cupidine
3157 1097 3435 1163 emeatus,
3471 1095 3633 1148 simul
3651 1095 3714 1148 ob
3728 1098 3865 1165 trepi-

2283 1178 2576 1233 dationem
2607 1180 2824 1235 oblitus
2853 1181 3106 1252 injuriae,
3143 1183 3560 1236 conscientiam
3589 1183 3641 1236 in
3685 1185 3861 1237 ruinam

2284 1269 2378 1320 sui
2410 1273 2632 1323 rectum
2645 1269 2908 1340 judicem
2941 1273 3178 1340 optavit.

2353 1355 2579 1410 Interea
2610 1359 2975 1428 exploratum
3007 1360 3212 1413 directi
3234 1359 3404 1413 ducis
3430 1358 3605 1428 jussu
3635 1361 3867 1429 probatis-

2280 1445 2412 1498 simi
2437 1447 2687 1516 equites,
2715 1447 2944 1502 hostem
2963 1448 3177 1502 adesse
3193 1448 3288 1501 citi
3309 1449 3592 1502 nuntiant.
3625 1449 3866 1502 Acceleia-

2278 1533 2374 1586 bat
2392 1535 2548 1587 enim
2580 1551 2648 1589 eo
2671 1536 2865 1607 magis
2886 1553 2993 1590 rex
3023 1536 3403 1604 furibundus,
3430 1537 3579 1606 quod
3613 1538 3866 1607 prepinqua

2277 1623 2494 1676 castris
2525 1623 3064 1679 Northmannorum
3085 1625 3311 1679 vastari
3341 1625 3867 1679 audierat.Nocturno

2275 1711 2448 1764 etiam
2462 1711 2706 1767 incursu
2721 1717 2818 1766 aut
2841 1716 3145 1784 repentino
3164 1715 3365 1769 minus
3385 1718 3587 1768 cautos
3608 1716 3869 1785 oppriment

499 1819 821 1872 consensu,
867 1819 1072 1857 verum
1130 1803 1378 1856 consilio
1411 1803 1676 1873 Stigandi
1707 1801 2158 1871 archiepiscopi,
2201 1824 2246 1883 Β
2276 1801 2588 1871 cogitabat.
2627 1801 2695 1855 Et
2726 1819 2798 1856 ne
2823 1803 3096 1873 perfugio
3115 1804 3373 1873 abirent,
3395 1805 3586 1858 classe
3615 1809 3797 1856 armata
3820 1803 3868 1855 ad

499 1891 770 1946 Godwini
802 1892 1055 1960 comitis,
1089 1892 1323 1945 Levrici
1355 1891 1608 1958 comitis,
1642 1889 1875 1962 Sigardi
1903 1889 2156 1957 comitis,

499 1981 600 2049 qui
622 1979 1193 2049 etiamjurejurando
1213 1980 1341 2032 suis
1354 1979 1628 2032 manibus
1643 1977 2158 2047 confirmaverunt,

497 2068 655 2137 quod
686 2071 820 2136 post
853 2066 1126 2121 Edwardi
1152 2068 1467 2122 decessum
1487 2083 1578 2121 me
1608 2067 1938 2136 reciperent
1969 2067 2158 2120 domi-

497 2171 658 2224 num,
687 2171 796 2210 nec
829 2156 1121 2209 ullatenus
1153 2160 1416 2226 peterent
1448 2157 1506 2208 in
1537 2155 1655 2209 vita
1706 2155 1864 2209 illius
1912 2155 2158 2224 patriam

499 2246 647 2298 hanc
669 2245 788 2300 ullo
822 2244 1234 2314 impedimento
1249 2247 1453 2299 contra
1487 2260 1575 2299 me
1599 2243 2156 2314 occupari.0bsides

495 2333 635 2388 mihi
666 2333 823 2387 dedit
876 2333 1146 2388 Godwini
1187 2333 1371 2387 filium
1403 2348 1472 2387 ac
1504 2336 1797 2402 nepotem.
1850 2333 2155 2386 Postremo

495 2423 814 2477 Heraldum
872 2424 1066 2491 ipsum
1100 2423 1158 2476 in
1217 2422 1640 2476 Northmannia
1698 2421 2047 2489 transmisit,
2095 2423 2158 2474 ut

493 2512 650 2582 quod
681 2513 848 2581 pater
895 2510 1030 2580 ejus
1078 2513 1252 2581 atque
1311 2511 1508 2565 caeteri
1565 2510 2029 2580 supranominati
2061 2508 2155 2561 hic

494 2598 633 2651 mihi
653 2597 933 2668 juravere
960 2598 1214 2665 absenti,
1250 2598 1303 2650 is
1326 2597 1406 2651 ibi
1437 2613 1711 2667 praesens
1738 2596 1968 2668 juraret
1998 2611 2155 2666 prae-

493 2687 668 2740 senti.
705 2685 816 2750 Qui
851 2686 989 2740 dum
1032 2689 1310 2758 pergeret
1332 2687 1406 2740 ad
1436 2703 1548 2755 me,
1583 2687 1642 2739 in
1693 2686 2021 2755 periculum
2051 2700 2152 2738 ca-

490 2775 711 2845 ptionis
740 2775 962 2842 incidit,
996 2775 1134 2828 inde
1164 2790 1292 2828 mea
1325 2791 1458 2829 eum
1489 2775 1796 2844 prudentia
1833 2790 1899 2827 ac
1924 2773 2151 2828 fortitu-

490 2862 624 2918 dine
655 2863 863 2932 eripui.
881 2864 956 2917 Se
978 2863 1115 2916 mihi
1134 2879 1242 2933 per
1263 2880 1473 2918 manus
1489 2879 1632 2918 suas
1653 2863 1945 2932 dedit,sua
1977 2878 2152 2915 manu

490 2953 867 3006 securitatem
893 2953 1034 3006 mihi
1067 2952 1138 3006 de
1157 2968 1344 3025 regno
1362 2953 1612 3024 Anglico
1637 2951 2150 3006 firmavitPraesto

489 3055 602 3112 ego
635 3057 769 3095 sum
798 3042 871 3095 ad
901 3043 1195 3112 agendum
1229 3058 1466 3096 causam
1499 3045 1700 3096 contra
1731 3039 1891 3093 illum
1917 3039 2151 3110 injudi-

487 3129 598 3200 cio,
623 3131 751 3184 sive
779 3131 969 3201 placet
990 3131 1273 3201 illejuxta
1301 3129 1408 3200 jus
1426 3129 1983 3196 Northmannorum,
2021 3127 2148 3181 sive

484 3220 682 3288 potius
701 3219 1050 3290 Anglorum.
1077 3219 1136 3273 Si
1166 3220 1493 3274 secundum
1518 3219 1813 3289 aequitatis
1843 3217 2146 3270 veritatem

486 3306 858 3362 decreverint
875 3308 1267 3362 Northmanni
1282 3311 1379 3361 aut
1399 3307 1762 3378 Angli,quod
1781 3306 1878 3360 ille
1897 3320 2148 3378 regnum

485 3395 749 3467 hocjure
781 3396 988 3451 debeat
1017 3397 1351 3466 possidere,
1387 3411 1523 3449 cum
1551 3411 1696 3464 pace
1727 3395 2050 3464 possideat.
2085 3394 2146 3447 Si

485 3499 625 3538 vero
643 3483 816 3554 miliij
828 3485 1043 3538 ustitiae
1066 3484 1262 3538 debito
1285 3483 1649 3538 reddendum
1667 3498 1805 3537 esse
1829 3499 2144 3538 consense-

482 3570 615 3639 rint,
641 3571 783 3624 mihi
807 3572 1153 3626 dimittat.At
1185 3571 1237 3625 si
1261 3572 1656 3625 conditionem
1685 3571 1835 3626 hanc
1866 3573 2144 3642 repudia-

482 3659 656 3729 verit,
688 3674 806 3714 non
825 3659 1220 3730 ducojustum
1242 3664 1304 3714 ut
1327 3661 1595 3714 homines
1623 3661 1738 3713 mei
1769 3660 1861 3714 vel
1895 3661 1989 3714 sui
2013 3677 2145 3715 con-

482 3745 676 3801 cidant
706 3747 1047 3818 praeliando,
1073 3765 1322 3820 quorum
1341 3749 1400 3803 in
1431 3749 1530 3804 lite
1561 3752 1763 3804 nostra
1786 3749 1955 3820 culpa
1985 3751 2142 3805 nulla

480 3839 591 3890 est.
614 3835 766 3891 Ecce
788 3843 1028 3907 paratus
1060 3853 1170 3908 ego
1195 3854 1328 3893 sum
1359 3839 1545 3908 capite
1576 3855 1705 3894 meo
1736 3845 1938 3894 contra
1970 3843 2144 3911 caput

479 3923 637 3979 illius
668 3939 945 3980 asserere
963 3927 1119 3997 quod
1149 3926 1290 3980 mihi
1309 3928 1506 3998 potius
1529 3943 1702 3998 quam
1721 3928 1800 3981 illi
1812 3929 1950 4000 jure
1975 3928 2142 3983 cedat

477 4027 727 4085 regnum
759 4015 1092 4086 Anglicum.
1123 4037 1144 4064 υ

549 4102 713 4157 Hanc
744 4103 1062 4158 verborum
1088 4105 1256 4159 ducis
1289 4105 1602 4176 diligenter
1626 4110 1984 4178 compertam
2003 4122 2140 4161 sen-

474 4191 712 4246 tentiam
743 4193 937 4262 magis
981 4210 1154 4264 quam
1212 4195 1490 4248 dictatum
1545 4199 1812 4250 nostrum
1843 4197 1901 4249 in
1929 4197 2138 4251 oculos

472 4281 860 4350 plurimorum
878 4283 1080 4337 venire
1101 4283 1398 4353 volumus,
1429 4285 1565 4355 quia
1583 4285 1972 4354 plurimorum
1997 4303 2130 4357 per-

471 4372 646 4437 petuo
705 4370 906 4424 favore
955 4385 1090 4424 eum
1131 4371 1542 4427 desideramus
1601 4373 1848 4429 laudari.
1885 4374 2136 4430 Pulchre

472 4457 784 4529 colligetur
811 4462 868 4512 et
899 4473 973 4512 ex
987 4475 1075 4529 ea,
1098 4461 1256 4531 quod
1275 4476 1414 4516 vere
1432 4461 1950 4533 prudens,justus,
1976 4465 2130 4534 pius,

2275 1889 2681 1960 septingentas
2736 1880 2919 1944 naves
2975 1891 3035 1944 in
3064 1892 3208 1944 mari
3240 1895 3599 1962 opposuerat
3653 1891 3865 1944 insidias.

2275 1978 2404 2031 Dux
2435 1994 2684 2048 propere
2713 1982 3001 2049 quotquot
3027 1981 3086 2033 in
3117 1981 3332 2034 castris
3371 1981 3586 2034 inventi
3615 1984 3735 2034 sunt
3761 1980 3867 2048 (ple-

2272 2082 2454 2136 raque
2488 2068 2643 2120 enim
2673 2068 2974 2122 sociorum
3005 2083 3142 2136 pars
3175 2083 3243 2122 eo
3277 2069 3870 2138 die,'pabulatumierat'),
3900 2079 3902 2081 '

2273 2171 2478 2210 omnes
2504 2154 2675 2225 jubet
2731 2157 2965 2209 armari.
3026 2157 3179 2226 Ipse,
3213 2159 3501 2227 mysterio
3533 2158 3716 2211 missae
3742 2172 3870 2226 quam

2272 2244 2525 2297 maxima
2557 2260 2691 2298 cum
2722 2244 3032 2299 devotione
3063 2245 3387 2313 assistens,
3425 2248 3680 2315 corporis
3703 2262 3757 2299 ac
3773 2261 3872 2298 san-

2272 2332 2473 2402 guinis
2508 2333 2795 2386 Dominiei
2856 2334 3388 2388 communicatione
3430 2351 3600 2389 suum
3630 2350 3811 2402 corpus
3832 2337 3871 2386 et

2271 2422 2522 2474 animam
2570 2422 2837 2475 munivit.
2872 2422 3163 2491 Appendit
3195 2423 3371 2477 etiam
3407 2423 3608 2476 humili
3638 2422 3764 2477 collo
3791 2435 3870 2474 suo

2271 2510 2553 2579 reliquias
2585 2526 2833 2580 quarum
2865 2509 3128 2564 favorem
3161 2509 3466 2564 Haraldus
3506 2511 3870 2565 abalienaverat

2269 2598 2403 2665 sibi,
2431 2597 2640 2651 violata
2674 2597 2787 2651 ﬁde
2813 2614 2987 2667 quam
3006 2614 3189 2668 super
3219 2614 3321 2652 eas
3343 2599 3605 2668 jurando
3635 2600 3869 2652 sanxerat.

2267 2686 2530 2740 Aderant
2551 2686 2805 2740 comitati
2830 2701 2860 2739 e
2881 2686 3307 2740 Northmannia
3331 2687 3454 2741 duo
3469 2685 3872 2757 pontiﬁces,0do

2266 2773 2618 2842 Bajocensis
2651 2778 2706 2828 et
2736 2773 3088 2828 Goisfredus
3113 2775 3563 2844 Constantinus,
3585 2791 3688 2828 una
3705 2771 3869 2827 multus

2265 2863 2464 2917 clerus
2494 2867 2549 2918 et
2578 2863 2849 2918 monachi
2882 2863 3174 2917 nonnulli.
3209 2864 3270 2917 Id
3303 2865 3622 2935 collegium
3653 2862 3870 2933 precibus

2261 2968 2528 3023 pugnare
2559 2953 2914 3022 disponitur.
2974 2952 3246 3007 'I‘erreret
3298 2953 3486 3006 alium
3541 2953 3742 3020 loricae,
3769 2949 3868 3001 dum

2261 3041 2602 3110 vestiretur,
2638 3041 2880 3094 sinistra
2913 3041 3246 3095 conversio.
3271 3041 3446 3094 Hanc
3481 3040 3868 3095 conversionem

2259 3132 2390 3185 risit
2421 3131 2517 3186 ille
2547 3135 2607 3184 ut
2640 3147 2865 3199 casum,
2899 3147 3016 3184 non
3048 3135 3108 3184 ut
3139 3128 3276 3184 mali
3305 3131 3642 3202 prodigium
3669 3125 3866 3196 expavit.

2332 3220 2813 3274 Exliortationem
2828 3236 2940 3290 qua
2961 3235 3068 3289 pro
3099 3223 3363 3289 tempore
3391 3220 3649 3274 breviter
3677 3216 3868 3271 militum

2258 3309 2460 3363 virtuti
2491 3308 2807 3378 plurimum
2825 3309 3144 3363 alacritatis
3159 3309 3710 3380 addidit,egregiam
3723 3306 3866 3358 fuisse

2258 3414 2376 3452 non
2395 3397 2751 3467 dubitamus,
2773 3398 2896 3451 etsi
2919 3398 3113 3467 nobis,
3130 3414 3247 3451 non
3261 3413 3333 3450 ex
3355 3401 3480 3452 tota
3507 3397 3764 3468 dignitate
3790 3407 3866 3445 sua

2257 3487 2514 3541 relatam.
2551 3485 2920 3540 Commonuit
2944 3486 3411 3557 Northmannos,
3449 3487 3600 3556 quod
3635 3486 3687 3538 in
3716 3481 3868 3536 multis

2258 3581 2431 3646 atque
2489 3577 2721 3646 magnis
2777 3575 3058 3645 periculis
3116 3572 3392 3629 victores‘
3439 3580 3632 3628 tamen
3675 3587 3732 3627 se
3757 3570 3866 3624 duce

2255 3680 2495 3735 semper
2527 3665 2894 3734 exstiterint;
2925 3664 3284 3718 commonuit
3317 3680 3530 3718 omnes
3562 3663 3749 3733 patria:
3774 3672 3866 3711 sua:

2256 3753 2541 3808 nobilium
2559 3757 2865 3824 gestorum
2881 3753 3197 3824 magnique
3217 3753 3480 3807 nominis
3500 3769 3647 3806 nunc
3661 3747 3864 3820 proban-

2256 3843 2393 3896 dum
2423 3858 2561 3896 esse
2593 3859 2765 3896 manu
2797 3858 2910 3913 qua
2951 3844 3164 3896 virtute
3197 3841 3479 3911 polleant,
3515 3857 3677 3911 quem
3707 3841 3867 3908 gerant

2253 3930 2642 4002 animus;jam
2663 3947 2776 3985 non
2797 3931 2852 3984 id
2871 3931 2968 4002 agi
2988 3931 3122 4002 quis
3158 3946 3423 4002 regnans
3456 3930 3627 3998 vivat,
3651 3927 3744 3981 sed
3767 3924 3866 3994 quis

2252 4021 2580 4090 periculum
2629 4020 2943 4074 imminens
3005 4036 3137 4074 cum
3199 4020 3313 4073 vita
3378 4020 3621 4086 evadat;
3671 4018 3716 4069 si
3743 4026 3866 4067 more

2252 4110 2516 4162 virorum
2535 4113 2818 4179 pugnent,
2835 4109 3160 4176 victoriam,
3181 4108 3389 4178 decus,
3427 4108 3657 4161 divitias
3679 4103 3865 4156 habitu-

2250 4197 2649 4268 ros;alioquin
2665 4200 2762 4251 aut
2781 4198 2948 4251 ocius
2970 4180 3269 4265 trucidari,
3295 4202 3393 4252 aut
3429 4200 3630 4266 captos
3657 4189 3864 4247 ludibrio

2251 4286 2379 4340 fore
2436 4286 2713 4340 hostibus
2774 4286 3239 4350 crudelissimis;
3302 4287 3374 4340 ad
3428 4286 3541 4339 hoc
3596 4276 3862 4354 ignominia

2250 4376 2607 4446 sempiterna
2636 4375 3091 4439 infamatumiri;
3123 4376 3194 4429 ad
3225 4375 3509 4447 effugium
3526 4374 3727 4428 nullam
3747 4369 3864 4419 viam

2247 4467 2465 4533 patere,
2492 4480 2624 4518 cum
2655 4465 2792 4518 hinc
2825 4481 2984 4517 arma
3017 4468 3074 4518 et
3130 4465 3368 4518 inimica
3401 4465 3706 4535 ignotaque
3734 4456 3861 4524 regio

470 4560 541 4600 ac
572 4546 746 4601 fortis
785 4548 1095 4602 exstiterit.
1125 4549 1441 4605 Rationum
1476 4567 1727 4621 namque
1761 4553 1947 4623 copia,
1982 4554 2136 4608 sicut
2159 4538 2213 4600 Ῑ)
2249 4552 2597 4622 subsistant,
2631 4553 2792 4606 illinc
2822 4557 3035 4623 pontus
3067 4557 3124 4607 et
3155 4553 3488 4623 armaﬁnon
3518 4553 3714 4606 decere
3741 4547 3864 4596 viros

469 4633 654 4704 liquet
675 4637 915 4706 attento,
933 4651 1082 4706 quas
1097 4636 1395 4692 inﬁrmare
1419 4655 1525 4693 nec
1547 4640 1766 4694 valeret
1785 4640 2132 4712 eloquentiae

470 4722 754 4777 Romanae
785 4724 1076 4777 maximus
1094 4728 1298 4779 auctor
1315 4726 1564 4794 Tullius,
1590 4727 1828 4782 Heraldi
1848 4731 2130 4784 rationem

469 4810 781 4867 destruxit.
804 4812 1070 4883 Denique
1091 4813 1379 4884 judicium
1395 4816 1548 4885 quod
1565 4815 1702 4886 jura
1733 4818 1994 4888 gentium
2023 4819 2130 4872 de-

468 4898 724 4971 linirent,
757 4901 1030 4970 accipere
1054 4905 1276 4972 praesto
1296 4903 1423 4957 fuit.
1445 4905 1958 4976 Anglosinimieos
1981 4909 2128 4961 mori

467 4987 543 5041 ob
574 4988 735 5043 litem
769 5005 939 5045 suam
960 4990 1164 5062 noluit,
1216 4993 1505 5064 singulari
1544 4994 1859 5048 certamine
1889 4997 2128 5066 proprio

467 5077 654 5143 capite
685 5093 930 5133 causam
969 5080 1360 5135 determinare
1376 5081 1578 5136 voluit.
1601 5083 1677 5136 Ut
1695 5099 1837 5154 ergo
1861 5084 2128 5139 mandata

467 5162 671 5216 eadem
690 5165 946 5224 Heraldo
965 5170 1453 5241 appropinquanti
1476 5186 1582 5240 per
1611 5172 1963 5227 monachum
1990 5177 2128 5228 sunt

467 5249 665 5308 relata,
723 5258 963 5325 stupore
1020 5258 1316 5328 expalluit,
1371 5262 1544 5330 atque
1605 5260 1703 5314 diu
1757 5264 1818 5315 ut
1868 5261 2125 5332 elinguis

466 5337 990 5413 obticuit.Hoganti
1011 5352 1202 5401 autem
1225 5363 1580 5418 responsum
1625 5348 1821 5421 legato
1854 5349 2039 5404 semel
2070 5352 2128 5405 et

465 5425 696 5497 iterum,
721 5429 908 5497 primo
927 5436 1230 5502 respondit
1263 5453 1274 5490 :
1315 5460 1335 5484 «
1369 5438 1683 5510 Pergimus
1738 5439 2123 5511 continenter;

463 5515 730 5571 secundo
762 5518 1066 5588 pergimus
1099 5523 1166 5577 ad
1184 5527 1453 5592 pretium.
1475 5549 1496 5573 »
1515 5527 1776 5582 Instabat
1804 5527 2037 5599 legatus
2060 5531 2122 5582 ut

459 5601 621 5660 aliud
632 5603 1118 5682 responderetur,
1149 5615 1426 5683 repetens
1439 5631 1557 5671 non
1569 5616 1868 5673 interitum
1884 5617 2118 5672 exerci-

2245 4641 2612 4695 multitudine
2629 4642 2857 4711 terreri;
2874 4643 3525 4713 saepenumeroAnglos
3539 4638 3724 4694 hostili
3740 4635 3859 4688 {erro

2246 4729 2512 4800 dejectos
2544 4731 2859 4800 cecidisse,
2905 4731 3249 4800 plerumque
3283 4733 3598 4799 superatos
3626 4729 3678 4780 in
3709 4720 3860 4779 hostis

2245 4820 2490 4872 venisse
2521 4818 2898 4888 deditionem,
2930 4835 3228 4890 nunquam
3259 4820 3452 4890 gloria
3471 4810 3861 4872 militiaelauda-

2247 4909 2360 4975 tos,
2396 4907 2700 4976 imperitos
2747 4908 3002 4963 bellandi
3062 4911 3305 4962 strenua
3338 4909 3551 4961 virtute
3582 4911 3858 4976 paucorum

2245 4995 2420 5050 facile
2449 5011 2632 5065 posse
2664 4997 2908 5065 conteri,
2967 4997 3304 5064 praesertim
3334 5013 3469 5050 cum
3496 4995 3670 5065 justae
3698 5001 3857 5043 causa:

2241 5085 2586 5153 praesidium
2646 5084 2886 5139 cceleste
2953 5101 3071 5138 non
3122 5085 3295 5139 desit.
3383 5085 3647 5138 Audeant
3698 5074 3853 5139 modo,

2240 5188 2612 5244 nequaquam
2643 5174 2868 5239 cedant,
2907 5173 3200 5242 triumpho
3217 5174 3391 5227 citius
3420 5175 3722 5244 gavisuros
3738 5167 3852 5218 fore.

2314 5261 2440 5316 Hac
2473 5265 2664 5315 autem
2697 5262 3176 5316 commodissima
3209 5262 3572 5316 ordinatione
3603 5249 3854 5328 progredi-

2234 5351 2332 5404 tur
2366 5366 2376 5403 :
2406 5350 2621 5404 vexillo
2645 5352 2871 5420 praevio
2891 5351 3044 5421 quod
3085 5350 3449 5420 apostolicus
3470 5342 3850 5404 transmiserat;

2234 5438 2536 5507 peditesin
2551 5439 2740 5494 fronte
2759 5439 2990 5508 locavit,
3017 5439 3250 5510 sagittis
3284 5441 3539 5492 armatos
3555 5439 3605 5488 et
3630 5428 3846 5488 balistis,

2234 5527 2370 5580 item
2402 5527 2630 5596 pedites
2657 5528 2716 5582 in
2746 5527 2951 5582 ordine
2975 5527 3238 5582 secundo
3264 5527 3554 5581 ﬁrmiores
3595 5528 3646 5578 et
3673 5518 3844 5574 lorica-

2229 5618 2349 5693 tos,
2380 5617 2580 5673 ultimo
2619 5621 2844 5674 turmas
2901 5617 3180 5689 equitum,
3241 5632 3486 5690 quorum
3543 5615 3664 5685 ipse
3689 5602 3847 5664 fuitin
