4074 6150
189 228 337 293 1253
1710 232 1825 293 GE‘

1935 232 2001 294 Α.
3425 238 3581 304 1254

164 429 347 484 medio
396 445 529 483 cum
580 428 924 484 ﬁrmissimo
966 430 1217 499 robore;
1272 431 1427 485 unde
1485 431 1545 485 in
1588 446 1820 486 omnem
1847 412 1907 475 Α
1937 432 2867 505 exitiumcurritisacperpetuum
2886 436 3607 510 opprobrium.Abeundo,

163 521 380 588 partem
411 518 750 572 consuleret
780 534 957 573 manu
990 521 1047 573 et
1081 534 1244 573 voce.
1271 519 1554 573 Scribens
1584 520 1822 575 Heraldi

163 621 366 677 agmen
387 605 527 659 illud
547 608 811 660 veterum
833 606 1071 677 aliquis,
1093 608 1151 660 in
1165 607 1562 677 ejustransitu
1584 608 1824 662 flumina

163 697 407 763 epotata,
442 694 629 748 silvas
660 696 720 748 in
750 696 989 764 planum
1012 697 1288 750 reductas
1320 696 1510 751 fuisse
1542 713 1829 752 memora-

161 787 263 836 ret.
300 781 567 836 Maximae
600 784 755 837 enim
785 799 861 837 ex
882 784 1159 839 omnibus
1186 785 1444 856 undique
1477 786 1831 856 regionibus

165 871 347 938 copiae
372 871 701 942 Anglorum
729 877 1148 927 convenerant.
1172 873 1442 928 Studium
1474 890 1611 944 pars
1635 875 1836 929 Heral-

169 961 237 1013 do
260 961 670 1029 cunctipatriae
688 962 1049 1031 praestabant
1074 977 1247 1033 quem
1267 965 1470 1017 contra
1491 966 1827 1033 extraneos,

161 1050 389 1102 tametsi
411 1064 529 1103 non
544 1050 709 1119 juste
728 1050 1041 1104 defensare
1076 1052 1370 1105 volebant.
1396 1049 1655 1121 Cepiosa
1674 1068 1825 1122 quo-

160 1154 269 1207 que
296 1137 518 1191 auxilia
534 1138 777 1192 miserat
802 1139 891 1193 eis
915 1142 1166 1210 cognata
1184 1142 1340 1193 terra
1365 1139 1827 1195 Danorum.Non

158 1230 351 1280 tamen
380 1226 666 1281 audentes
689 1243 823 1281 cum
855 1227 1158 1282 Willelmo
1181 1244 1253 1282 ex
1277 1244 1447 1299 aequo
1479 1229 1826 1301 confligere,

157 1314 287 1383 plus
307 1330 441 1368 eum
456 1330 632 1385 quam
653 1331 857 1386 regem
874 1315 1233 1371 Noricorum
1251 1317 1822 1384 extimentes,locum

159 1401 465 1456 editiorem
493 1418 1009 1473 prmoccupavere,
1038 1409 1294 1459 montem
1327 1405 1497 1460 silva)
1520 1422 1627 1475 per
1652 1398 1827 1477 quam

158 1490 450 1546 advenere
479 1491 758 1546 vicinum.
802 1492 1082 1547 Protinus
1113 1508 1400 1564 equorum
1442 1510 1551 1564 ope
1597 1494 1821 1564 relicta,

158 1581 355 1632 cuncti
391 1580 622 1649 pedites
653 1581 973 1635 constitere
1005 1581 1253 1635 densius
1303 1583 1657 1653 conglobati.
1693 1582 1825 1637 Dux

156 1682 285 1721 cum
318 1668 452 1721 suis
488 1683 678 1738 neque
696 1669 811 1722 loci
831 1670 1072 1723 territus
1093 1671 1433 1740 asperitate,
1469 1672 1651 1725 ardua
1685 1672 1822 1726 clivi

154 1756 382 1809 sensim
401 1756 688 1810 ascendit.
711 1757 1019 1812 Terribilis
1039 1759 1282 1830 clangor
1307 1759 1583 1814 lituorum
1604 1776 1821 1832 pugna

1935 524 2182 575 mortem
2216 523 2415 576 nullus
2437 528 2703 578 vestrum
2741 525 2999 579 evadet.»
3030 526 3137 579 His
3156 526 3606 599 dictis,recepe-

1933 613 2069 664 runt
2090 610 2339 664 animos.
2365 612 2600 665 Primus
2620 613 2746 682 ipse
2764 615 3078 683 procurrit,
3100 616 3420 671 fulminans
3439 633 3605 688 ense,

1934 698 2468 752 stravitadversam
2489 704 2723 771 gentem
2747 716 2879 771 quae
2899 702 3012 756 sibi
3035 703 3162 773 regi
3178 719 3290 758 suo
3307 706 3604 762 rebellans

1932 788 2278 841 commeruit
2300 792 2567 842 mortem.
2594 788 2963 844 Exardentes
2984 790 3374 847 Northmanni
3399 798 3452 848 et
3486 795 3606 849 cir-

1931 876 2376 929 cumvenientes
2407 875 2629 946 aliquot
2659 877 2837 931 millia
2868 878 3134 934 insecuta
3173 896 3260 951 se,
3309 887 3603 938 momento

1931 962 2278 1017 deleverunt
2311 979 2398 1030 ea,
2447 967 2509 1018 ut
2538 980 2612 1018 ne
2645 965 2881 1036 quidem
2921 983 3076 1022 unus
3116 974 3485 1038 superesset.
3524 972 3607 1026 Ita

1931 1051 2261 1105 confirmati
2293 1051 2702 1106 vehementius
2734 1053 3152 1108 immanitatem
3183 1058 3483 1111 exercitus
3519 1059 3605 1111 in-

1929 1141 2215 1194 vaserunt
2250 1155 2264 1208 ;
2298 1140 2399 1210 qui
2430 1142 2746 1194 maximum
2780 1141 3190 1196 detrimentum
3240 1160 3459 1212 passus
3487 1161 3607 1201 non

1928 1227 2237 1281 videbatur
2292 1229 2501 1281 minor.
2546 1229 2725 1300 Angli
2765 1229 3130 1285 conﬁdenter
3185 1233 3325 1287 totis
3366 1233 3602 1288 viribus

1928 1316 2434 1386 oppugnabant,id
2458 1317 2709 1371 maxime
2726 1316 3164 1386 laborantes,ne
3187 1336 3361 1391 quem
3382 1322 3607 1377 aditum

1928 1403 2254 1473 irrumpere
2287 1404 2622 1459 volentibus
2671 1407 2985 1474 aperirent.
3023 1406 3109 1462 Ob
3140 1408 3381 1463 nimiam
3415 1410 3607 1466 densi-

1928 1494 2101 1546 tatem
2133 1507 2337 1547 eorum
2367 1492 2486 1546 labi
2515 1495 2617 1547 vix
2645 1498 2960 1564 potuerunt
2988 1496 3261 1552 interemi
3282 1498 3321 1553 '.
3384 1500 3607 1555 Patue-

1930 1584 2066 1634 runt
2098 1583 2292 1635 tamen
2320 1581 2380 1635 in
2429 1597 2534 1636 eos
2565 1582 2677 1636 viae
2709 1583 2914 1638 incisae
2955 1599 3061 1654 per
3090 1585 3361 1641 diversas
3403 1590 3603 1658 partes

1932 1668 2399 1723 fortissimorum
2428 1671 2676 1724 militum
2706 1671 2882 1726 ferro.
2919 1672 3261 1728 Institerunt
3285 1675 3374 1729 eis
3404 1675 3598 1731 Ceno-

1934 1756 2169 1825 manici,
2204 1743 2622 1828 Francigenae,
2646 1758 2930 1827 Britanni,
2964 1758 3259 1831 Aquitani,
3312 1762 3420 1817 sed
3464 1779 3599 1817 cum

157 1844 333 1915 signa
364 1844 597 1914 cecinit,
620 1846 899 1916 utrinque
918 1846 1459 1902 Northmannorum
1477 1848 1693 1903 alacris
1723 1865 1821 1904 au-
1851 1843 1904 1905 Β
1934 1843 2235 1914 praecipua
2265 1843 2477 1898 virtute
2512 1844 2925 1899 Northmanni.

155 1932 322 1986 dacia
344 1949 563 2004 pugnae
585 1934 937 2004 principium
956 1935 1113 1989 dedit
1136 1952 1147 1989 :
1182 1936 1378 1991 taliter
1399 1952 1532 1990 cum
1555 1940 1824 1993 oratores

152 2021 210 2074 in
228 2020 463 2092 judicio
498 2023 659 2077 litem
689 2027 871 2095 agunt
891 2024 963 2077 de
993 2026 1219 2094 rapina,
1246 2026 1406 2094 prior
1424 2025 1558 2080 ferit
1574 2026 1825 2081 dictione

152 2111 250 2179 qui
308 2110 533 2164 crimen
590 2111 855 2166 intendit.
914 2112 1152 2166 Pedites
1211 2113 1405 2183 itaque
1429 2113 1826 2169 Northmanni

152 2200 403 2268 propius
423 2200 773 2254 accedentes
794 2207 1117 2270 provocant
1136 2202 1384 2273 Anglos,
1412 2202 1745 2258 missilibus
1769 2206 1826 2257 in

152 2298 256 2339 eos
316 2287 565 2341 vulnera
618 2289 879 2359 dirigunt
936 2294 1111 2360 atque
1169 2306 1394 2344 necem.
1476 2291 1567 2344 Illi
1624 2295 1826 2347 contra

154 2373 391 2429 fortiter
411 2391 525 2446 quo
547 2377 799 2448 quisque
821 2378 975 2432 valet
998 2379 1237 2449 ingenio
1266 2379 1574 2434 resistunt.
1597 2380 1827 2435 Jactant

153 2463 440 2532 cuSpides
470 2480 539 2517 ac
569 2465 941 2520 diversorum
966 2481 1251 2538 generum
1282 2468 1417 2537 tela,
1453 2469 1826 2523 saevissimas

154 2567 432 2621 quasque
454 2568 702 2607 secures
734 2557 790 2608 et
811 2554 995 2626 lignis
1025 2555 1298 2625 imposita
1340 2572 1502 2610 saxa.
1536 2557 1615 2611 lis
1646 2558 1826 2613 veluti

150 2639 304 2694 mole
325 2640 599 2695 lethifera
626 2643 821 2696 statim
849 2646 1089 2698 nostros
1112 2643 1281 2697 obrui
1301 2648 1566 2714 putares.
1592 2644 1824 2700 Subve-

148 2730 317 2782 niunt
350 2729 579 2799 equites
611 2734 667 2784 et
696 2732 796 2801 qui
827 2732 1193 2801 posteriores
1246 2732 1410 2786 fuere
1454 2733 1598 2787 fiunt
1627 2734 1818 2804 primi.

151 2817 589 2872 Pudeteminus
609 2834 898 2889 pugnare,
937 2820 1153 2891 gladiis
1183 2836 1307 2875 rem
1341 2837 1552 2891 gerere
1587 2823 1818 2877 audent.

147 2906 501 2961 Altissimus
534 2906 753 2962 clamor
782 2907 918 2961 hinc
948 2908 1470 2980 Northmannicus,
1504 2910 1666 2965 illinc
1694 2911 1824 2965 bar-

146 2995 398 3049 baricus
452 3010 749 3050 armorum
800 2997 996 3051 sonitu
1047 3003 1100 3051 et
1169 2997 1388 3068 gemitu
1451 2999 1821 3053 morientium

148 3089 495 3155 superatur.
537 3084 634 3139 Sic
684 3085 1022 3155 aliquandiu
1066 3102 1295 3139 summa
1338 3086 1397 3139 vi
1444 3089 1701 3142 certatur
1748 3089 1820 3143 ab

147 3173 446 3244 utrisque.
481 3173 657 3245 Angli
688 3174 930 3227 nimium
961 3173 1316 3244 adjuvantur
1349 3176 1675 3244 superioris
1707 3177 1820 3231 loci

2004 1932 2141 1986 Tiro
2192 1932 2429 2003 quidam
2489 1932 2934 1988 Nortlimannus
2994 1935 3312 2007 Robertus,
3362 1938 3606 2010 Bogerii

1932 2022 2004 2075 de
2034 2020 2397 2076 Bellomonte
2426 2021 2604 2087 ﬁlius,
2646 2023 2918 2094 Hugonis
2945 2023 3017 2078 de
3047 2024 3321 2080 Mellento
3373 2027 3606 2083 comitis

1931 2126 2004 2165 ex
2032 2110 2279 2165 Adelina
2303 2126 2511 2164 sorore
2552 2126 2739 2180 nepos
2770 2116 2826 2165 et
2855 2111 3050 2166 haeres
3079 2114 3349 2182 praelium
3383 2115 3480 2170 illo
3511 2116 3605 2172 die

1931 2200 2183 2269 primum
2244 2199 2557 2268 experiens
2612 2200 2734 2270 egit
2778 2201 2935 2270 quod
2978 2203 3381 2257 aeternandum
3438 2208 3603 2260 esset

1927 2287 2118 2357 laude,
2155 2302 2287 2340 cum
2344 2287 2579 2358 legione
2638 2303 2812 2357 quam
2844 2288 2904 2341 in
2944 2289 3157 2359 ‘dextro
3200 2305 3385 2345 cornu
3438 2291 3603 2347 duxit

1927 2376 2184 2442 irruens,
2219 2390 2288 2428 ac
2319 2376 2597 2428 sternens
2627 2391 2841 2446 magna
2873 2391 3008 2430 cum
3047 2376 3309 2431 audacia.
3344 2378 3478 2434 Non
3508 2382 3601 2435 est

1927 2466 2147 2519 nostrae
2165 2461 2482 2532 facultatis,
2520 2478 2631 2517 nec
2657 2464 2938 2533 permittit
2966 2464 3209 2520 intentio
3245 2471 3448 2522 nostra
3486 2468 3605 2523 sin-

1928 2552 2202 2624 gulorum
2261 2550 2438 2605 fortia
2494 2550 2647 2606 facta
2701 2568 2808 2622 pro
2854 2554 3060 2608 merito
3109 2570 3372 2611 narrare.
3423 2554 3604 2627 Copia

1928 2641 2161 2695 dicendi
2192 2640 2660 2708 valentissimus,
2710 2642 2811 2712 qui
2832 2641 3052 2696 bellum
3084 2642 3227 2697 illud
3250 2644 3380 2698 suis
3412 2646 3600 2701 oculis

1926 2719 2570 2799 didicerit,difficillime
2588 2729 2823 2800 singula
2845 2746 3098 2802 quaeque
3115 2736 3598 2803 persequeretur.

1928 2820 2001 2872 At
2031 2820 2142 2872 hoc
2177 2834 2287 2873 nos
2320 2818 2419 2872 illo
2454 2833 2863 2888 properamus,
2899 2822 2959 2873 ut
2989 2820 3149 2874 finita
3185 2820 3470 2876 W’illelmi
3502 2839 3599 2877 co-

1926 2908 2085 2961 mitis
2117 2906 2308 2975 laude,
2343 2906 2626 2960 Willelmi
2658 2906 2822 2978 regis
2854 2907 3103 2977 gloriam
3133 2909 3490 2965 scribamus.
3570 2957 3580 2965 .

2000 2995 2553 3050 Animadvertentes
2609 2993 3019 3065 Northmanni,
3068 2997 3347 3068 sociaque
3406 2999 3599 3071 turba,

1932 3100 2045 3138 non
2080 3084 2306 3154 absque
2338 3082 2517 3137 nimio
2564 3083 2658 3137 sui
2703 3084 3074 3139 incommodo
3107 3085 3336 3139 hostem
3378 3089 3603 3142 tantum

1933 3172 2108 3227 simul
2130 3172 2505 3226 resistentem
2547 3172 2816 3241 superari
2853 3187 3057 3241 posse,
3093 3174 3261 3244 terga
3291 3173 3602 3248 dederunt,

146 3261 791 3333 opportunitate,quem
812 3263 939 3317 sine
962 3278 1257 3332 procursu
1275 3266 1473 3318 tenent
1488 3267 1544 3318 et
1570 3266 1821 3321 maxime
1854 3254 1905 3316 C
1934 3261 2133 3333 fugam
2160 3276 2235 3315 ex
2264 3260 2556 3315 industria
2587 3260 2955 3314 simulantes.
3003 3260 3393 3316 Meminerunt
3427 3278 3606 3334 quam

146 3350 431 3419 conferti,
482 3350 706 3423 ingenti
754 3367 988 3422 quoque
1030 3353 1453 3407 numerositate
1502 3369 1610 3407 sua
1648 3357 1823 3426 atque

142 3440 524 3494 validissima
546 3439 926 3510 corpulentia;
947 3443 1228 3509 praeterea
1241 3458 1456 3514 pugnae
1476 3443 1827 3498 instrumen-

144 3531 245 3597 tis,
296 3545 433 3598 qucc
474 3528 645 3583 facile
694 3545 801 3599 per
845 3533 1014 3583 scuta
1056 3530 1150 3585 vel
1199 3531 1311 3584 alia
1359 3532 1617 3603 tegmina
1671 3533 1824 3586 viam

143 3617 479 3671 inveniunt.
513 3616 864 3671 Fortissime
896 3618 1090 3688 itaque
1128 3619 1424 3673 sustinent
1473 3620 1562 3674 vel
1597 3621 1827 3689 propel-

142 3706 277 3761 lunt
296 3722 483 3760 ausos
505 3706 562 3760 in
582 3721 648 3760 se
681 3706 1012 3761 districtum
1034 3707 1282 3762 ensibus
1307 3708 1585 3777 impetum
1608 3708 1826 3763 facere.

151 3796 486 3851 Vulnerant
515 3811 621 3850 eos
665 3795 765 3866 qui
796 3795 1027 3850 eminus
1062 3795 1119 3849 in
1152 3812 1219 3850 se
1251 3795 1448 3867 jacula
1480 3795 1827 3867 conjiciunt.

143 3884 309 3938 Ecce
333 3884 513 3954 igitur
534 3884 640 3938 hac
664 3884 896 3939 smvitia
918 3883 1215 3954 perterriti
1239 3887 1582 3939 avertuntur
1600 3884 1829 3954 pedites

142 3974 382 4044 pariter
402 3975 574 4044 atque
592 3974 822 4044 equites
840 3974 1103 4027 Britanni
1126 3976 1182 4027 et
1202 3976 1488 4043 quotquot
1509 3973 1830 4027 auxiliares

145 4066 326 4116 erant
374 4063 434 4115 in
481 4062 727 4116 sinistro
779 4078 986 4130 cornu,
1035 4061 1188 4116 cedit
1238 4061 1362 4116 fere
1413 4064 1623 4115 cuncta
1658 4062 1830 4116 ducis

140 4151 342 4219 acies,
375 4150 529 4221 quod
561 4167 694 4204 cum
725 4166 869 4221 pace
910 4151 1129 4205 dictum
1176 4150 1253 4204 sit
1289 4149 1830 4205 Northmannorum

142 4239 570 4294 invictissimm
592 4239 870 4294 nationis.
890 4240 1170 4293 Romanae
1190 4237 1829 4309 majestatisexcrcitus

143 4330 362 4400 copias
420 4344 629 4400 regum
686 4329 1035 4397 continens,
1104 4328 1343 4382 vincere
1407 4327 1619 4381 solitus
1674 4330 1830 4381 terra

140 4419 425 4488 marique
456 4416 605 4488 fugit
644 4416 979 4488 aliquando,
1036 4432 1169 4471 cum
1199 4415 1409 4470 ducem
1441 4431 1616 4469 suum
1647 4416 1831 4470 sciret

141 4510 250 4561 aut
273 4506 545 4559 crederet
567 4507 851 4560 occisum.
868 4505 1184 4559 Credidere
1209 4505 1255 4558 Ν
1264 4504 1598 4559 orthmanni
1618 4504 1828 4558 ducem

141 4611 219 4649 ac
248 4594 554 4648 dominum
586 4609 761 4648 suum
792 4593 1105 4648 cecidisse.
1162 4592 1293 4648 Non
1333 4609 1477 4665 ergo
1508 4593 1686 4647 nimis
1712 4609 1824 4663 pu-

1932 3352 2144 3421 optataa
2194 3349 2277 3403 rei
2321 3348 2495 3418 paulo
2527 3350 2660 3402 ante
2707 3348 2908 3421 fugam
2941 3349 3167 3404 dederit
3205 3352 3601 3408 occasionem.

1932 3438 2212 3493 Barbaris
2230 3453 2363 3492 cum
2381 3452 2487 3507 spe
2509 3436 2772 3492 victoria
2809 3437 3024 3509 ingens
3043 3438 3242 3493 laetitia
3258 3443 3459 3494 exorta
3491 3443 3601 3496 est.

1931 3530 2077 3583 Sese
2102 3527 2479 3582 cohortantes
2509 3525 2842 3580 exsultante
2878 3527 3134 3582 clamore
3155 3531 3396 3582 nostros
3428 3528 3606 3584 male-
3636 3556 3641 3561 -

1931 3616 2104 3670 dictis
2168 3614 2550 3684 increpabant
2609 3617 2666 3668 et
2720 3613 3093 3669 minabantur
3155 3620 3401 3671 cunctos
3449 3616 3605 3673 illico

1932 3704 2196 3757 ruituros
2215 3703 2543 3756 esse.Ausa
2561 3704 2718 3768 sunt,
2747 3705 2809 3756 ut
2830 3702 3134 3773 superius,
3156 3704 3379 3775 aliquot
3399 3704 3599 3772 millia,

1930 3791 2103 3863 quasi
2138 3789 2370 3844 volante
2406 3804 2610 3858 cursu,
2640 3805 2792 3860 quos
2822 3789 3029 3861 fugere
3057 3793 3338 3861 putabant
3365 3808 3602 3865 urgere.

1932 3879 2317 3933 Northmanni
2354 3881 2593 3948 repente
2626 3878 2916 3949 regyratis
2948 3879 3120 3948 equis
3158 3880 3519 3950 interceptos
3550 3883 3609 3936 et

1932 3967 2197 4021 inclusos
2224 3966 2483 4035 undique
2506 3966 3158 4032 mactaverunt,nullum
3180 3969 3604 4038 relinquentes.

1932 4056 2036 4110 Bis
2068 4071 2137 4110 eo
2169 4055 2302 4109 dolo
2334 4053 2511 4108 simili
2543 4056 2756 4107 eventu
2785 4052 2901 4121 usi,
2929 4053 3197 4124 reliquos
3228 4054 3440 4125 majori
3472 4072 3607 4111 cum

1933 4144 2230 4198 alacritate
2263 4141 2545 4214 aggressi
2580 4140 2932 4209 sunt,aciem
2952 4140 3144 4194 adhuc
3162 4140 3520 4197 horrendam
3550 4146 3609 4198 et

1931 4248 2106 4304 quam
2155 4230 2567 4285 difficillimum
2608 4237 2728 4283 erat
2761 4227 3212 4283 circumvenire.
3259 4228 3354 4283 Fit
3392 4229 3605 4285 deinde

1932 4321 2153 4376 insoliti
2171 4320 2415 4393 generis
2438 4333 2658 4391 pugna;
2677 4332 2852 4389 quam
2883 4316 3065 4370 altera
3093 4332 3234 4388 pars
3260 4317 3605 4374 incursibus

1933 4414 1990 4465 et.
2024 4408 2283 4464 diversis
2318 4406 2577 4462 motibus
2604 4406 2761 4478 agit;
2797 4405 2999 4476 altera,
3033 4406 3193 4461 velut
3222 4407 3398 4462 humo
3428 4407 3607 4462 affixa

1934 4499 2160 4554 tolerat.
2213 4497 2522 4567 Languent
2550 4495 2747 4567 Angli,
2780 4499 2838 4549 et
2868 4494 3041 4566 quasi
3070 4499 3295 4550 reatum
3336 4496 3468 4566 ipso
3499 4496 3606 4551 de-

1936 4588 2093 4643 fectu
2142 4586 2506 4654 confitentes,
2558 4584 2875 4638 vindictam
2917 4586 3234 4654 patiuntur.
3296 4583 3603 4656 Sagittant,

141 4682 349 4737 denda
394 4681 536 4753 fuga
586 4697 848 4750 cessere,
898 4682 1133 4736 minime
1182 4698 1325 4737 vero
1375 4682 1644 4751 dolenda,
1692 4669 1906 4735 cumD
1938 4676 2174 4745 feriunt,
2217 4673 2551 4746 perfodiunt
2582 4672 2992 4742 Northmanni,
3029 4673 3244 4727 mortui
3277 4673 3432 4743 plus,
3468 4673 3607 4728 dum

140 4771 471 4841 plurimum
496 4770 740 4840 juverit.

222 4858 516 4929 Princeps
539 4876 791 4931 namque
808 4861 1186 4931 prospiciens
1209 4860 1448 4914 multam
1468 4861 1691 4929 partem
1722 4858 1828 4912 ad-

141 4963 357 5002 versae
377 4949 649 5002 stationis
671 4948 1030 5019 prosiluisse
1053 4952 1108 5003 et
1128 4949 1542 5019 insequiterga
1564 4962 1829 5016 suorum,

136 5037 526 5108 fugientibus
544 5038 801 5091 occurrit
824 5040 879 5092 et
896 5038 1120 5092 obstitit
1141 5036 1465 5091 verberans
1490 5038 1586 5089 aut
1603 5035 1834 5090 minans

138 5127 350 5181 basta.
372 5125 604 5179 Nudato
634 5126 879 5195 insuper
900 5126 1090 5196 capite
1129 5126 1506 5195 detractaque
1534 5124 1703 5196 galea
1726 5140 1832 5179 ex-

139 5215 424 5270 clamans
459 5229 471 5268 :
509 5235 530 5264 ι
567 5214 679 5284 Me,
706 5216 912 5286 inquit,
948 5214 1423 5285 circumspicite;
1456 5213 1593 5267 vivo
1626 5216 1682 5267 et
1707 5213 1832 5267 vin-

141 5319 309 5368 cam,
346 5302 665 5372 cpitulante
703 5304 843 5358 Deo.
895 5303 1037 5368 Quae
1088 5303 1260 5358 vobis
1292 5303 1582 5357 dementia
1632 5301 1833 5374 fugam

149 5391 427 5446 suadet?
473 5390 615 5456 Quae
647 5392 739 5445 via
771 5392 988 5462 patebit
1019 5392 1089 5447 ad
1122 5391 1517 5463 effugiendum
1538 5388 1745 5455 ?Quos
1776 5392 1837 5445 ut

144 5495 382 5552 pecora
403 5484 663 5534 mactare
680 5481 951 5552 potestis,
984 5480 1282 5552 depellunt
1311 5494 1422 5535 vos
1460 5482 1517 5534 et
1538 5478 1832 5534 occidunt.

137 5569 477 5631 Victoriam
535 5569 832 5643 deseritis,
892 5587 959 5627 ac
988 5573 1333 5646 perpetuum
1392 5567 1715 5641 honorem;
1774 5567 1836 5625 in

1939 4765 2170 4833 cadunt,
2204 4779 2379 4835 quam
2424 4762 2542 4815 vivi
2589 4762 2809 4816 moveri
2863 4761 3156 4815 videntur.
3205 4760 3440 4815 Leviter
3470 4776 3607 4815 sau-

1938 4855 2121 4909 ciatos
2180 4868 2299 4907 non
2358 4848 2635 4922 permittit
2690 4849 2961 4913 evadere,
3008 4849 3115 4902 sed
3163 4848 3604 4917 comprimendo

1935 4945 2105 4996 necat
2135 4942 2432 4995 sociorum
2464 4939 2746 4994 densitas.
2784 4938 2864 4991 Ita
2886 4935 3136 4991 felicitas
3158 4951 3268 5006 pro
3305 4935 3601 4990 Willelmo

1933 5029 2229 5100 triumpho
2261 5028 2604 5082 maturando
2632 5026 2908 5081 cucurrit.

2005 5117 2400 5173 Interfuerunt
2432 5117 2567 5169 huic
2597 5114 2799 5185 praelio
2832 5111 3187 5167 Eustachius
3219 5111 3481 5168 Bolonim
3505 5128 3605 5170 co-

1935 5224 2084 5278 mes,
2102 5206 2439 5260 Willelmus
2462 5203 2737 5260 Richardi
2761 5200 3146 5256 Ebroicensis
3164 5201 3397 5255 comitis
3419 5201 3603 5273 ﬁlius,

1935 5296 2287 5352 Goisfredus
2311 5293 2589 5349 Botronis
2622 5290 2949 5346 Moritoniaa
2984 5289 3216 5344 comitis
3249 5290 3426 5359 filius,
3451 5289 3609 5350 Wil-

1936 5387 2149 5442 lelmus
2169 5383 2422 5439 Osberni
2438 5378 2958 5450 ﬁlius,Haimerius
2972 5378 3328 5433 Toarcensis
3347 5394 3620 5457 praeses,

1938 5475 2250 5532 Gualterus
2266 5468 2763 5539 Giffardus,Hugo
2785 5467 2858 5521 de
2880 5465 3235 5537 Monteforti,
3256 5466 3637 5542 Rodolphus

1941 5565 2013 5622 de
2033 5561 2452 5636 Toneia,Hugo
2473 5558 2545 5615 de
2559 5555 3344 5630 Grantmaisnil,Willelmus
3360 5554 3439 5614 de
3461 5558 3664 5633 Gula.

4012 1244 4013 1311 ι

4012 1322 4017 1435 1

4014 1452 4017 1505 γ
