4074 6150
501 243 666 319 133.55

1663 238 2106 303 WILLELMI
2147 233 2788 312 OONQUESTORIS

3735 249 3855 311 1256

504 443 934 515 renna,aliique
952 443 1333 514 quamplures
1351 441 1626 496 militaris
1648 441 2011 511 prmstantiae
2027 441 2180 494 fama
2214 426 2262 489 Α
2297 440 2639 512 profugere.
2661 441 2940 496 Veientes
2963 440 3106 495 fecit
3127 441 3352 514 aliquos
3379 443 3610 497 salutem
3635 445 3774 499 valde
3797 465 3869 504 cu-

505 532 966 590 celebratissimi
990 535 1046 586 et
1069 547 1320 602 quorum
1343 531 1580 584 nomina
1603 531 1985 584 historiarum
2011 530 2177 583 volu—

505 621 768 678 minibus
806 622 960 676 inter
977 619 1479 674 bellicosissimos
1517 619 1914 672 commendari
1951 619 2174 672 deceat.

511 711 850 765 Willelmus
871 725 1011 764 vero
1034 709 1154 762 dux
1177 724 1381 763 eorum
1403 708 1550 761 adeo
1575 707 1894 776 praestabat
1912 708 1998 761 eis
2021 705 2180 760 forti-

509 797 1130 868 tudine,quemadinod
1140 813 1234 850 um
1248 796 1648 866 prudentia,ut
1661 795 1914 865 antiquis
1927 795 2176 848 ducibus

508 888 852 942 Graecorum
902 886 1030 940 sive
1065 887 1467 939 Romanorum
1507 885 1606 954 qui
1637 885 1887 938 maxime
1935 883 2175 954 scriptis

500 977 831 1044 laudantur,
869 975 1000 1027 aliis
1022 975 1228 1028 merito
1270 975 1349 1027 sit
1383 973 1815 1043 praeferendus,
1850 973 1981 1026 aliis
2019 988 2176 1026 com-

505 1063 824 1134 parandus.
851 1062 1146 1116 Mobiliter
1166 1062 1332 1115 duxit
1353 1062 1448 1115 ille
1467 1061 1754 1115 cohibens
1782 1061 2000 1132 fugam,
2026 1061 2175 1114 dans

502 1153 730 1206 animos
747 1151 995 1220 periculi
1017 1151 1242 1217 socius,
1263 1150 1488 1219 saepius
1513 1149 1780 1203 clamans
1801 1154 1860 1203 ut
1885 1150 2172 1219 venirent,

502 1256 676 1310 quam
689 1239 911 1310 jubens
934 1241 1039 1292 ire.
1077 1239 1244 1292 Unde
1267 1238 1490 1309 liquido
1510 1239 1876 1310 intelligitur,
1904 1240 2178 1292 virtutem

503 1330 584 1383 illi
617 1329 898 1398 praeviam
933 1329 1155 1397 pariter
1187 1328 1409 1382 fecisse
1448 1328 1732 1382 militibus
1769 1329 1880 1381 iter
1909 1330 1965 1382 et
1995 1327 2178 1381 auda-

503 1418 674 1472 ciam.
701 1417 815 1472 Cor
837 1417 1033 1470 amisit
1075 1417 1303 1487 absque
1325 1417 1570 1471 vulnere
1595 1433 1736 1487 pars
1779 1417 2040 1470 hostium
2062 1432 2179 1470 non

502 1505 1134 1575 modica,prospiciens
1156 1505 1310 1560 hunc
1330 1505 1740 1560 admirandum
1765 1521 1834 1558 ac
1857 1505 2180 1559 terribilem

502 1595 779 1666 equitem.
807 1593 958 1664 Equi
981 1597 1105 1648 tres
1130 1594 1470 1648 ceciderunt
1494 1594 1607 1648 sub
1649 1609 1718 1648 eo
1745 1594 2032 1648 confossi.
2067 1594 2182 1648 Ter

502 1683 601 1738 ille
619 1683 860 1737 desiluit
882 1682 1232 1752 intrepidus,
1257 1698 1368 1736 nec
1405 1683 1503 1736 diu
1531 1697 1694 1736 mors
1719 1682 1976 1736 vectoris
1999 1682 2181 1736 inulta

504 1771 807 1827 remansit.
835 1771 944 1824 Hic
966 1770 1252 1824 velocitas
1290 1769 1447 1841 ejus,
1487 1771 1584 1824 hic
1609 1771 1792 1826 robur
1827 1769 1960 1841 ejus
1990 1770 2182 1824 videri

506 1861 692 1931 potuit
706 1859 978 1929 corporis
1004 1863 1057 1912 et
1072 1859 1271 1913 animi.
1297 1859 1495 1929 Scuta,
1527 1860 1750 1930 galeas,
1775 1859 2012 1926 loricas,
2033 1859 2180 1913 irato

506 1961 787 2002 mucrone
819 1951 874 2000 et
901 1963 1123 2001 moram
1158 1947 1514 2018 dedignante
1553 1947 1918 2017 penetravit;
1974 1947 2180 2017 clypeo

510 2051 624 2092 suo
652 2034 968 2089 nonnullos
1002 2034 1240 2089 collisit.
1292 2035 1574 2088 Mirantes
1621 2051 1754 2090 eum
1802 2035 2054 2105 peditem
2085 2035 2179 2088 sui

506 2123 746 2192 milites,
799 2123 1068 2193 plerique
1109 2123 1363 2178 confecti
1413 2123 1783 2193 vulneribus,
1827 2124 2006 2178 corde
2041 2127 2179 2178 sunt

509 2211 922 2282 redintegrati.
940 2211 1011 2265 Et
1033 2211 1319 2279 nonnulli,
1355 2211 1541 2282 quosj
1551 2227 1642 2265 am
1666 2213 1913 2282 sanguis
1931 2227 1997 2265 ac
2019 2213 2178 2267 vires

508 2300 810 2368 deficiunt,
851 2300 1040 2354 scutis
1085 2299 1268 2354 innixi
1316 2300 1566 2354 viriliter
1606 2300 1963 2370 depugnant,
1997 2301 2178 2370 aliqui

508 2403 654 2444 voce
686 2391 742 2442 et
773 2389 1035 2457 nutibus,
1079 2405 1210 2443 cum
1233 2389 1391 2442 aliud
1409 2404 1526 2442 non
1548 2390 1764 2458 valent,
1790 2390 1991 2443 socios
2013 2390 2177 2442 insti-

508 2481 668 2550 gant,
694 2492 766 2531 ne
789 2477 989 2531 timide
1010 2477 1220 2531 ducem
1244 2480 1668 2547 sequantur,ne
1692 2477 1996 2531 victoriam
2018 2492 2050 2530 e
2069 2493 2183 2534 ma.

505 2566 684 2620 nibus
725 2565 1032 2620 dimittant.
1076 2565 1314 2619 Auxilio
1364 2565 1493 2635 ipse
1529 2565 1730 2620 multis
1779 2569 1953 2636 atque
2005 2565 2180 2620 saluti

507 2651 635 2708 fuit.

578 2742 724 2796 Cum
757 2741 1016 2796 Heraldo
1047 2742 1166 2809 tali,
1219 2742 1450 2812 qualem
1493 2746 1761 2812 poemata
1789 2744 1990 2797 dicunt
2019 2743 2176 2797 Hec-

507 2833 696 2885 torem
728 2829 822 2884 vel
855 2829 1137 2899 Turnum,
1170 2846 1289 2885 non
1322 2831 1518 2884 minus
1549 2832 1794 2886 auderet
1840 2832 2178 2887 \Villelmus

509 2919 797 2990 congredi
848 2920 1138 2991 singulari
1172 2922 1512 2990 certamine,
1547 2937 1720 2991 quam
1753 2921 2017 2976 Achilles
2049 2937 2180 2976 cum

511 3007 788 3077 Hectore,
813 3009 905 3064 vel
929 3008 1158 3063 fEneas
1181 3024 1315 3063 cum
1356 3009 1574 3064 Turno.
1601 3010 1836 3081 Tydeus
1864 3011 2180 3065 adversum

513 3097 825 3152 insidiatos
855 3098 1284 3169 quinquaginta
1317 3099 1482 3168 rupis
1506 3101 1708 3169 petivit
1728 3115 1918 3169 Opem,
1954 3099 2179 3153 Willel-

2293 529 2465 598 piens
2494 531 2747 583 animus.
2775 529 2952 583 Multa
2986 530 3361 585 silvestribus
3389 532 3443 584 in
3475 531 3669 585 abditis
3695 551 3868 590 reman-

2294 621 2500 671 serunt
2524 619 2834 685 cadavera,
2856 619 3060 687 plures
3086 618 3394 673 obfuerunt
3415 622 3759 690 sequentibus
3777 639 3871 691 per-

2292 705 2504 760 itinera
2540 707 2808 776 collapsi.
2845 707 3234 761 Northmanni
3271 708 3404 761 licet
3441 708 3626 778 ignari
3649 712 3870 780 regionis,

2294 795 2462 848 avide
2512 795 2995 865 insequebantur,
3058 796 3354 849 caedentes
3410 811 3506 849 rea
3536 800 3697 867 terga,
3735 799 3874 866 impo-

2295 888 2502 938 nentes
2530 899 2764 938 manum
2786 886 3047 937 ultimam
3070 885 3332 938 secundo
3357 886 3602 955 negotio.
3625 887 3665 938 A
3688 890 3874 941 mortuis

2297 972 2468 1024 etiam
2499 987 2785 1042 equorum
2816 973 3058 1041 ungulae
3110 972 3396 1040 supplicia
3444 989 3739 1040 sumpsere,
3777 975 3874 1028 dum

2297 1073 2510 1112 cursus
2545 1060 2709 1113 ﬁeret
2739 1075 2920 1128 super
2957 1058 3250 1128 jacentes.
3287 1059 3476 1114 Rediit
3507 1065 3678 1114 tamen
3706 1061 3878 1132 fugien-

2297 1147 2454 1200 tibus
2485 1147 2856 1215 confidentia,
2889 1148 3077 1200 nactis
3109 1148 3179 1200 ad
3231 1147 3620 1201 renovandum
3647 1155 3876 1205 certamen

2297 1236 2608 1289 maximam
2625 1236 3114 1305 Opportunitatem
3128 1236 3410 1305 praerupti
3435 1235 3595 1288 vallis
3608 1240 3657 1290 et
3673 1237 3876 1307 frequen-

2297 1324 2437 1377 tium
2471 1325 2788 1379 fossarum.
2815 1325 2973 1378 Gens
2997 1324 3270 1395 equidem
3292 1323 3387 1377 illa
3411 1328 3602 1378 natura
3625 1341 3815 1394 semper
3835 1328 3873 1379 in

2295 1412 2516 1467 ferrum
2547 1417 2812 1482 prompta
2842 1413 2968 1476 fuit,
2994 1413 3367 1466 descendens
3391 1414 3464 1466 ab
3501 1414 3714 1483 antiqua
3737 1415 3874 1468 Saxo-

2291 1517 2431 1555 num
2464 1503 2714 1573 origine,
2767 1503 3283 1556 ferocissimorum
3329 1502 3637 1556 hominum.
3668 1504 3874 1572 PrOpulsi

2291 1606 2410 1646 non
2471 1591 2748 1658 fuissent,
2781 1591 2900 1644 nisi
2945 1590 3273 1644 fortissima
3317 1591 3375 1642 vi
3424 1593 3674 1661 urgente.
3713 1592 3874 1660 Regem

2295 1679 2667 1746 Noricorum,
2720 1693 2936 1750 magno
2997 1679 3265 1733 exercitu
3298 1678 3510 1732 fretum
3563 1684 3614 1732 et
3639 1679 3874 1746 bellicoso,

2217 1799 2261 1856 Β
2295 1784 2469 1838 quam
2501 1768 2670 1821 facile
2704 1783 2892 1837 nuper
2922 1767 3215 1822 vicerunt.
3269 1785 3276 1788 ·

2366 1856 2632 1911 Cernens
2647 1859 2837 1910 autem
2854 1856 3113 1910 felicium
3135 1857 3446 1927 signorum
3469 1857 3660 1910 ductor
3671 1856 3875 1911 cohortes

2295 1947 2590 2015 inopinato
2614 1944 3204 2016 collectas,fquamvis
3228 1945 3462 1999 noviter
3479 1945 3725 1998 advenire
3745 1945 3880 1997 subsi-

2297 2035 2457 2088 dium
2488 2036 2737 2104 putaret,
2785 2049 2901 2087 non
2952 2034 3112 2087 ﬂexit
3155 2035 3266 2087 iter
3295 2049 3488 2104 neque
3519 2033 3764 2100 substitit,
3798 2036 3873 2085 ter-

2297 2123 2524 2177 ribilior
2554 2139 2685 2176 cum
2715 2127 2880 2192 parte
2913 2123 3099 2176 hastae
3133 2138 3306 2192 quam
3339 2123 3581 2194 grandia
3607 2122 3797 2190 spicula
3818 2123 3872 2172 vi-

2295 2213 2554 2278 brantes,
2587 2210 2971 2265 Eustachium
3002 2212 3275 2265 comitem
3309 2227 3442 2264 cum
3481 2211 3731 2263 militibus
3754 2210 3879 2280 quin-

2297 2301 2575 2371 quaginta
2590 2315 2868 2354 aversum
2883 2302 2936 2352 et
2951 2299 3210 2368 receptui
3225 2299 3403 2370 signa
3423 2315 3623 2354 canere
3636 2299 3877 2357 volentem,

2297 2406 2370 2443 ne
2402 2389 2588 2443 abiret
2617 2389 2771 2442 virili
2802 2403 2948 2443 voce
2978 2388 3376 2458 compellavit.
3410 2389 3506 2442 Ille
3549 2393 3724 2442 contra
3758 2386 3878 2439 fami-

2299 2479 2520 2532 liariter
2549 2479 2606 2530 in
2639 2492 2839 2530 aurem
2883 2477 3051 2530 ducis
3084 2477 3338 2531 reditum
3379 2479 3584 2546 suasit,
3630 2477 3877 2545 proximam

2301 2567 2356 2620 ei
2385 2567 2438 2620 si
2467 2570 2741 2637 pergeret
2773 2569 3017 2619 mortem
3048 2566 3405 2634 praedicens.
3431 2567 3565 2619 Haec.
3595 2566 3727 2617 inter
3753 2561 3876 2615 verba

2302 2671 2634 2724 percussus
2683 2654 3039 2708 Eustachius
3071 2655 3222 2707 inter
3251 2654 3528 2724 scapulas
3572 2655 3676 2706 ictu
3703 2667 3875 2716 sonoro,

2303 2745 2478 2815 cujus
2509 2744 2855 2814 gravitatem
2887 2743 3082 2796 statim
3114 2745 3368 2813 sanguis
3399 2740 3787 2796 demonstrabat
3809 2755 3877 2791 na-

2296 2833 2465 2887 ribus
2483 2837 2538 2886 et
2560 2847 2681 2900 ore,
2707 2831 2877 2901 quasi
2896 2831 3284 2886 moribundus
3310 2833 3500 2885 evasit
3521 2847 3621 2900 ope
3641 2829 3867 2882 comitum.

2295 2923 2446 2990 Dux,
2482 2921 2883 2976 fortitudinem
2915 2920 3151 2974 omnino
3183 2920 3519 2991 dedignans
3550 2922 3638 2972 aut
3667 2916 3874 2978 dedecus,

2295 3010 2580 3064 invadens
2611 3009 2883 3079 protrivit
2935 3008 3343 3062 adversarios.
3397 3009 3458 3062 ln
3507 3023 3574 3063 eo
3620 3018 3875 3076 congressu

2295 3098 2836 3153 Northmannorum
2867 3097 3045 3168 aliqui
3090 3096 3422 3152 nobiliores
3475 3097 3786 3159 ceciderunt,
3811 3091 3876 3143 ad-

511 3201 644 3240 mus
675 3202 799 3256 par,
844 3186 999 3240 haud
1049 3186 1294 3242 inferior
1341 3187 1492 3257 loco,
1539 3187 1707 3242 solus
1752 3204 1869 3242 non
1917 3188 2184 3242 extimuit
2213 3154 2262 3215 Ο
2297 3187 2573 3242 versitate
2602 3187 2717 3240 loci
2749 3186 2966 3240 virtute
2998 3201 3200 3240 eorum
3234 3186 3530 3256 impedita.
3577 3185 3663 3238 Sic
3701 3179 3876 3234 victoria

518 3274 694 3328 mille.
729 3273 994 3344 Scriptor
1023 3275 1359 3329 Thebaidos
1393 3276 1486 3329 vel
1519 3275 1836 3345 ZEneidos,
1881 3277 1979 3346 qui
2012 3277 2182 3330 libris

513 3364 571 3416 in
603 3363 754 3432 ipsis
789 3363 1018 3432 poetica
1042 3363 1174 3432 lege
1203 3363 1274 3416 de
1304 3368 1538 3434 magnis
1575 3363 1801 3433 majora
1841 3368 2076 3433 canunt,
2109 3379 2184 3418 ex

511 3451 743 3505 actibus
764 3449 946 3520 hujus
973 3450 1084 3502 viri
1108 3465 1277 3520 aeque
1301 3451 1741 3522 magnum,plus
1761 3453 2001 3524 dignum
2037 3469 2182 3507 con-

512 3539 775 3593 siderent
787 3535 803 3608 [
814 3537 854 3590 f.
865 3536 1426 3608 ,conficerent]opus
1439 3555 1578 3593 vera
1593 3541 1875 3595 canendo.
1888 3541 2179 3611 Profecto,

509 3626 562 3680 si
594 3628 875 3695 quantum
907 3625 1164 3697 dignitas
1191 3627 1448 3681 materiae
1472 3629 1878 3698 suppeditaret
1900 3629 2181 3684 carmini-

507 3714 624 3768 bus
647 3713 1050 3769 edissererent
1069 3714 1716 3786 condecentibus,inter
1733 3718 2182 3789 divosipsorum

507 3801 648 3871 styli
669 3805 977 3858 venustate
999 3803 1393 3858 transferrent
1408 3820 1562 3860 eum.
1584 3806 1802 3861 Nostra
1823 3822 1963 3862 vero
1984 3809 2182 3864 tenuis

508 3905 687 3960 prosa
709 3891 1010 3945 titulatura
1031 3891 1223 3962 ipsius
1247 3892 1569 3948 humillime
1591 3896 1975 3967 regnantibus
1993 3897 2182 3966 pieta-

506 3980 624 4032 tem
655 3979 716 4032 in
747 3979 908 4034 cultu
939 3980 1069 4034 veri
1100 3981 1227 4051 Dei,
1252 3982 1353 4053 qui
1380 3982 1547 4038 solus
1571 3985 1642 4038 ab
1678 3988 1902 4040 aeterno
1924 3985 1984 4039 in
2005 3986 2182 4040 finem

511 4067 870 4124 saeculorum
918 4071 974 4124 et
1003 4069 1154 4123 ultra
1207 4070 1366 4124 Deus
1414 4076 1524 4141 est,
1572 4073 1860 4143 praelium,
1911 4090 2026 4145 quo
2057 4077 2176 4128 tam

514 4155 744 4210 fortiter
774 4171 950 4228 quam
974 4157 1139 4228 juste
1173 4159 1334 4228 vicit,
1377 4161 1572 4215 veraci
1610 4163 1858 4218 termino
1887 4163 2172 4235 brevique

513 4244 845 4300 concludat.

580 4332 710 4388 Jam
748 4333 1028 4388 inclinato
1051 4335 1164 4403 die,
1195 4335 1349 4391 haud
1371 4337 1548 4392 dubie
1570 4338 1851 4394 intellexit
1882 4342 2179 4396 exercitus

509 4421 840 4491 Anglorum
862 4437 928 4476 se
953 4425 1110 4477 stare
1139 4427 1340 4478 contra
1363 4425 1804 4482 Northmannos
1828 4429 2047 4484 diutius
2066 4445 2183 4484 non

507 4506 716 4562 valeri.
769 4509 1076 4564 Noverunt
1121 4526 1188 4566 se
1219 4512 1539 4568 diminutos
1589 4515 1823 4570 interitu
1869 4518 2180 4572 multarum

509 4596 832 4669 legionum,
867 4613 1072 4669 regem
1118 4600 1314 4668 ipsum
1357 4605 1412 4656 et
1443 4601 1659 4658 fratres
1693 4603 1846 4674 ejus,
1895 4607 2184 4678 regnique

506 4686 754 4754 primate
777 4687 1094 4742 nonnullos
1117 4690 1788 4764 occubuisse,quotquot
1809 4694 2015 4765 reliqui
2048 4698 2188 4750 sunt

506 4788 690 4844 prope
715 4774 945 4830 viribus
967 4776 1655 4846 exhaustos,subsidium
1671 4783 1825 4854 quod
1840 4787 2186 4852 exspectent

511 4863 739 4918 nullum
761 4865 1050 4919 relictum.
1094 4865 1381 4921 Viderunt
1403 4861 1845 4926 Northmannos
1877 4888 1993 4926 non
2028 4874 2183 4927 mul-

513 4953 636 5006 tum
659 4953 1007 5008 decrevisse
1024 4959 1465 5026 peremptorum
1501 4974 1666 5028 casu,
1697 4964 1752 5014 et
1783 4961 1951 5031 quasi
1971 4962 2182 5016 virium

518 5038 877 5106 incrementa
921 5044 1240 5115 pugnando
1295 5050 1616 5117 sumerent,
1663 5050 1860 5104 acrius
1911 5066 2086 5122 quam
2123 5053 2182 5105 in

521 5129 807 5198 principio
829 5131 1135 5187 imminere
1160 5149 1174 5203 ;
1207 5133 1376 5188 ducis
1398 5150 1526 5188 eam
1554 5137 1842 5191 smvitiam
1872 5155 2005 5210 quis
2039 5141 2179 5194 nulli

511 5217 711 5269 contra
744 5221 921 5273 stanti
955 5222 1244 5291 parceret,
1295 5238 1424 5277 eam
1457 5222 1855 5280 fortitudinem
1897 5243 2029 5297 quae
2065 5229 2183 5282 nisi

511 5301 725 5355 victrix
768 5321 884 5360 non
927 5310 1284 5377 quiesceret.
1336 5312 1400 5365 In
1431 5311 1632 5384 fugam
1677 5314 1871 5385 itaque
1904 5317 2183 5372 conversi

511 5391 864 5476 quantocius
886 5394 1176 5467 abierunt,
1201 5399 1298 5452 alii
1338 5401 1522 5470 raptis
1553 5401 1746 5473 equis,
1785 5405 2050 5460 nonnulli
2081 5420 2182 5476 pe-

511 5474 685 5543 dites,
711 5493 850 5544 pars
888 5497 995 5550 per
1016 5485 1440 5557 vias,plerique
1465 5506 1570 5558 per
1588 5493 1738 5547 avia.
1771 5474 2100 5549 Jacuerunt
2121 5496 2180 5549 in

511 5563 805 5637 sanguine
823 5567 926 5640 qui
943 5569 1393 5643 niterentur,aut
1413 5586 1751 5655 surgerent,
1777 5597 1894 5639 non
1915 5584 2180 5643 valentes

2295 3279 2719 3341 consummata,
2777 3275 2848 3328 ad
2893 3291 3091 3329 aream
3139 3274 3280 3328 belli
3346 3289 3672 3345 regressus,
3724 3269 3877 3339 reperit

2293 3369 2555 3437 stragem
2587 3381 2761 3435 quam
2802 3380 2918 3418 non
2957 3364 3184 3434 absque
3228 3364 3602 3418 miseratione
3627 3358 3874 3427 conspexit,

2295 3454 2527 3508 tametsi
2543 3453 2751 3507 factam
2767 3453 2824 3506 in
2844 3453 3078 3522 impios,
3104 3453 3660 3522 tametsi,tyrannum
3680 3446 3875 3502 occidere

2292 3542 2458 3614 justo
2485 3541 2746 3611 bello,sit
2764 3541 3093 3610 pulchrum,
3116 3540 3270 3593 fama
3296 3541 3635 3611 gloriosum,
3663 3533 3876 3590 beneﬁcio

2299 3635 2548 3703 gratum.
2583 3630 2725 3683 Late
2759 3630 2951 3684 solum
3003 3629 3234 3699 operuit
3269 3630 3608 3683 sordidatus
3649 3628 3699 3679 in
3729 3635 3877 3677 cruore

2296 3721 2406 3774 ﬂos
2455 3719 2722 3790 Anglicae
2753 3717 3075 3772 nobilitatis
3108 3721 3282 3788 atque
3325 3717 3661 3789 juventutis.
3693 3710 3877 3778 Propius

2295 3823 2499 3880 regem
2550 3808 2766 3861 fratres
2816 3805 2951 3877 ejus
2982 3807 3094 3860 duo
3129 3807 3348 3874 reperti
3391 3809 3542 3860 sunt.
3583 3805 3699 3873 Ipse
3726 3811 3876 3854 carens

2295 3898 2453 3952 omni
2486 3897 2699 3951 decore
2730 3895 3084 3966 quibusdam
3137 3895 3358 3965 signis,
3391 3907 3730 3965 nequaquam
3757 3886 3876 3949 facie,

2295 3985 2640 4057 rocognitus
2699 3989 2791 4039 est
2848 3989 2903 4038 et
2946 3985 3006 4038 in
3069 3987 3266 4038 castra
3315 3985 3486 4039 ducis
3537 3983 3766 4044 delatus,
3811 3973 3876 4043 qui

2295 4075 2699 4129 tumulandum
2730 4090 2862 4127 eum
2894 4073 3199 4128 W’illelmo
3230 4074 3544 4144 agnomine
3562 4070 3760 4124 Maletto
3781 4077 3876 4116 con-

2298 4165 2499 4231 cessit,
2547 4180 2664 4218 non
2696 4163 2863 4218 matri
2893 4178 2998 4231 pro
3047 4178 3298 4232 corpore
3351 4163 3572 4216 dilectae
3609 4157 3766 4228 prolis
3789 4149 3874 4204 auri

2293 4271 2401 4324 par
2430 4252 2660 4322 pondus
2693 4251 2978 4306 offerenti.
3013 4252 3197 4305 Scivit
3255 4251 3413 4305 enim
3461 4266 3571 4304 non
3599 4249 3775 4300 decere
3811 4237 3873 4290 tali

2297 4343 2652 4397 commercio
2681 4357 2886 4395 aurum
2904 4340 3110 4409 accipi.
3139 4339 3482 4393 ACstimavit
3501 4337 3766 4408 indignum
3788 4329 3874 4382 fore

2295 4431 2366 4486 ad
2399 4432 2602 4485 matris
2641 4431 2869 4484 libitum
2893 4429 3153 4499 sepeliri,
3181 4428 3357 4499 cujus
3373 4429 3445 4482 ob
3467 4427 3680 4480 nimiam
3709 4416 3873 4488 cupidi-

2299 4523 2469 4575 tatem
2501 4518 2779 4588 insepulti
2809 4522 3178 4571 remanerent
3211 4515 3677 4571 innumerabiles.
3704 4508 3873 4562 Dictum

2298 4611 2388 4662 est
2417 4607 2714 4662 illudendo
2744 4610 3016 4678 Oportere
3039 4607 3218 4660 situm
3250 4622 3390 4660 esse
3414 4603 3696 4659 custodem
3719 4597 3871 4648 littoris

2298 4700 2353 4751 et
2382 4696 2595 4767 pelagi,
2633 4677 2956 4765 quaecum
3005 4695 3184 4750 armis
3231 4700 3362 4749 ante
3410 4705 3654 4747 vesanus
3697 4677 3868 4773 insedit.

2299 4785 2425 4839 Nos
2457 4785 2582 4855 tibi,
2644 4784 2919 4853 Heralde,
2952 4800 3068 4838 non
3122 4784 3497 4850 insultamus,
3533 4779 3628 4833 sed
3681 4786 3783 4827 cum
3806 4778 3871 4835 pIO

2298 4877 2522 4928 victore
2544 4877 2700 4928 tuam
2739 4874 2967 4927 ruinam
2992 4874 3308 4942 lacrymato
3330 4873 3661 4924 miseremur
3684 4865 3729 4916 et
3753 4858 3869 4928 plan-

2299 4963 2495 5034 gimus
2544 4966 2620 5016 te.
2682 4962 2892 5015 Vicisti
2929 4959 3109 5032 digno
3165 4964 3221 5014 te
3270 4963 3550 5029 proventu
3579 4955 3643 5008 ad
3669 4947 3869 5004 meritum

2297 5054 2458 5105 tuum
2481 5053 2536 5104 et
2553 5051 2611 5104 in
2634 5065 2846 5103 cruore
2863 5048 3104 5120 jacuisti
3127 5052 3182 5102 et
3200 5050 3258 5101 in
3279 5049 3503 5102 littoreo
3526 5040 3716 5097 tumulo
3729 5035 3868 5120 jaces,

2293 5144 2347 5194 et
2360 5140 2692 5209 posthumae
2708 5115 3072 5210 generationi
3086 5140 3206 5190 tam
3221 5137 3539 5208 Anglorum
3557 5143 3706 5201 quam
3717 5115 3869 5207 North:

2294 5245 2642 5284 mannorum
2673 5227 3088 5281 abominabilis
3123 5225 3263 5280 eris.
3318 5227 3594 5279 Corruere
3622 5212 3866 5298 solent

2293 5334 2582 5372 summam
2608 5318 2665 5370 in
2689 5316 2906 5370 mundo
2928 5318 3276 5386 potestatem
3315 5325 3592 5368 summam
3626 5292 3867 5358 beatitudi-

2293 5423 2425 5462 nem
2455 5408 2657 5478 putant
2684 5422 2697 5475 ;
2749 5408 2805 5459 et
2835 5410 2896 5459 ut
2927 5403 3178 5458 maxime
3209 5402 3360 5458 beati
3394 5402 3507 5454 sint
3533 5392 3733 5463 rapiunt
3757 5394 3864 5478 etim,

2293 5469 2516 5566 raptam
2545 5497 2603 5548 vi
2633 5469 2843 5549 bellica
2890 5494 3146 5548 retinere
3187 5493 3464 5546 nituntur.
3516 5479 3670 5552 Atqui
3707 5480 3760 5566 tu
3779 5469 3864 5566 fra-

2293 5558 2460 5642 terno
2495 5583 2785 5657 sanguine
2824 5581 3124 5655 maduisti,
3158 5597 3232 5638 ne
3283 5577 3479 5637 fratris
3507 5561 3792 5644 magnitudo
3825 5558 3864 5608 ιθ
