4074 6150
134 191 284 253 1257

1700 172 1975 234 GESTA

3405 174 3562 239 1258

2736 241 2755 265 ὓ

132 390 345 445 faceret
399 386 595 441 minus
632 383 962 454 potentem.
1025 378 1222 434 Ruisti
1256 377 1391 430 dein
1426 375 1693 428 furiosus
1718 372 1792 427 in
1820 357 1870 413 Α
1910 371 2075 424 multi
2126 371 2417 439 profluvio
2450 371 2675 425 ventris
2708 373 2985 426 exstincti
3017 377 3174 441 sunt,
3230 374 3465 444 plurimi
3514 376 3572 429 in

135 480 378 532 alterum
422 474 781 540 conflictum,
827 472 891 524 ut
950 466 1190 537 adjutus
1237 465 1439 535 patriae
1478 460 1794 532 parricidio

136 566 333 637 regale
367 565 551 618 decus
584 576 701 615 non
724 559 1045 613 amitteres.
1079 554 1280 608 Traxit
1309 553 1493 623 igitur
1512 554 1566 604 te
1596 549 1795 602 clades

136 655 433 708 contracta
462 666 570 720 per
598 652 677 702 te.
722 647 875 700 Ecce
904 660 1022 699 non
1042 644 1240 713 fulges
1272 642 1328 694 in
1361 654 1596 705 corona,
1622 652 1797 707 quam

134 742 353 812 perﬁde
383 738 680 806 invasisti,
704 752 821 790 non
838 734 1072 788 resides
1092 733 1150 784 in
1168 731 1340 796 solio,
1366 728 1522 800 quod
1541 725 1796 796 superbe

134 829 474 884 ascendisti.
509 827 784 896 Arguunt
816 827 1073 876 extrema
1107 828 1204 873 tua
1236 834 1409 887 quam
1430 820 1584 869 recte
1607 814 1795 867 subli-

133 923 324 972 matus
356 915 541 969 fueris
576 911 853 966 Edwardi
888 911 1040 963 dono
1074 910 1131 961 in
1164 908 1355 976 ipsius
1389 906 1524 958 fine.
1568 905 1797 972 Iiegum

132 1010 323 1060 terror
365 1004 609 1068 cometa,
641 1004 777 1069 post
812 998 1040 1051 initium
1086 994 1409 1048 altitudinis
1440 996 1554 1045 tuae
1586 1006 1796 1044 corus-

133 1109 296 1161 cans,
331 1091 571 1147 exitium
592 1089 698 1142 tibi
722 1088 1075 1140 vaticinatus
1101 1084 1226 1137 fuit.

199 1183 445 1248 Verum,
504 1178 727 1232 omissa
787 1176 997 1238 naenia,
1033 1173 1365 1226 felicitatem
1396 1185 1569 1241 quam
1598 1168 1802 1221 eadem

134 1271 308 1326 stella
336 1267 633 1339 portendit
673 1266 1066 1319 disseramus.
1124 1260 1482 1329 Argivorum
1516 1272 1621 1310 rex
1652 1257 1803 1325 Aga-

136 1355 669 1424 memnon,habens
687 1353 743 1406 in
763 1351 981 1405 auxilio
996 1350 1210 1403 multos
1230 1348 1413 1400 duces
1430 1349 1603 1415 atque
1624 1359 1802 1414 rcges

133 1448 368 1501 unicam
395 1445 606 1497 urbem
646 1440 863 1494 Priami
898 1438 1031 1492 dolo
1076 1437 1176 1489 vix
1214 1435 1421 1489 evertit
1471 1432 1802 1487 obsidionis

132 1550 286 1590 anno
319 1532 572 1587 decimo.
626 1528 769 1592 Quae
821 1527 1038 1580 fuerint
1087 1525 1223 1594 ejus
1262 1524 1507 1577 militum
1544 1521 1801 1591 ingenia,

131 1640 266 1694 quae
311 1621 527 1688 virtus,
589 1617 850 1671 carmina
890 1617 1201 1668 testantur.
1274 1612 1417 1666 Item
1481 1612 1666 1664 Roma
1716 1608 1803 1661 sic

1910 463 2235 513 extremum
2266 461 2401 513 vitae
2420 459 2702 513 debilitati
2720 461 3062 515 discrimen.
3086 463 3352 517 Adversa
3376 466 3569 519 tamen

1912 552 1965 600 et
1988 547 2113 600 hanc
2138 548 2533 602 fortitudinem
2558 549 2725 601 ducis
2749 566 2864 602 non
2886 550 3574 620 fregeruntﬂustodiam

1912 636 2053 687 inihi
2077 651 2309 706 quoque
2328 637 2673 706 relinquens
2692 641 2748 690 et
2769 639 3105 707 dysenteria
3122 640 3573 711 languentes,ad

1915 725 2373 791 perdomandum
2392 742 2540 793 quos
2568 726 2781 779 devicit
2804 728 3220 796 proﬁciscitur.
3246 730 3577 784 Occurrunt

1915 812 2065 864 ultro
2098 813 2393 865 Cantuarii
2425 813 2577 866 haud
2610 815 2814 882 procul
2844 831 2876 867 a
2910 816 3157 885 Dovera,
3194 817 3397 887 jurant
3435 818 3577 871 ﬁde-

1917 899 2152 961 litatem,
2188 900 2324 952 dant
2357 901 2618 954 obsides.
2639 902 2999 958 Contremuit
3029 906 3200 959 etiam
3231 911 3441 975 potens
3458 921 3576 961 me-

2221 993 2374 1042 ;uctu
2425 993 2499 1057 et,
2558 1006 2629 1044 ne
2670 992 2933 1045 funditus
2986 994 3244 1063 caderet,
3279 995 3576 1049 ullatenus

1916 1079 2272 1145 resistendo,
2304 1081 2610 1133 maturavit
2641 1082 2952 1151 impetrare
2984 1086 3197 1137 statum
3229 1084 3574 1138 obcdiendo.

1918 1167 2176 1221 Veniens
2216 1172 2453 1236 postero
2481 1170 2573 1223 die
2603 1172 2674 1224 ad
2708 1172 2973 1225 Fraclam
2997 1171 3227 1225 Turrim
3246 1174 3439 1225 castra
3460 1188 3579 1226 me-

1917 1261 2071 1310 tatus
2086 1262 2197 1324 est,
2219 1274 2334 1328 quo
2358 1259 2414 1310 in
2432 1259 2557 1311 loco
2582 1261 2939 1329 gravissima
2957 1262 3051 1314 sui
3067 1261 3333 1330 corporis
3357 1262 3578 1315 valetu-

1916 1347 2051 1400 dine
2085 1347 2312 1401 animos
2346 1347 2714 1401 familiarium
2754 1350 2880 1418 pari
2900 1351 3580 1420 conturbavitaegritudi-

1915 1451 2008 1488 ne.
2049 1435 2269 1489 Volens
2317 1437 2509 1488 autem
2552 1435 2852 1504 publicum
2910 1436 3229 1505 bonum,ne
3275 1438 3575 1491 exercitus

1918 1526 2180 1594 egestate
2205 1540 2403 1577 rerum
2425 1524 2896 1577 necessariarum
2920 1524 3233 1595 laboraret,
3269 1526 3454 1580 noluit
3482 1526 3577 1579 in-

1918 1612 2164 1683 dulgere
2223 1612 2338 1666 sibi
2398 1627 2593 1665 moras
2632 1613 2714 1665 ibi
2746 1612 2994 1683 agendo.
3028 1615 3373 1685 Quanquam
3403 1613 3580 1668 fuerit

1922 994 2163 1056 ‘t'ui-iliil‘v

131 1712 335 1766 adulta
374 1708 607 1776 Opibus,
644 1708 708 1758 ut
756 1703 885 1757 orbi
927 1705 1220 1756 terrarum
1252 1700 1430 1754 vellet
1458 1698 1802 1768 praesidere,
1841 1721 1890 1780 Β
1918 1716 2227 1755 commune
2257 1700 2581 1769 proﬁcuum
2611 1716 2679 1754 ac
2735 1701 2904 1755 valde
2951 1703 3265 1772 optandum
3298 1703 3579 1773 optimum

132 1801 323 1855 urbes
384 1796 607 1866 aliquot
663 1792 901 1860 devicit,
960 1790 1231 1860 singulas
1286 1787 1561 1858 pluribus
1610 1786 1802 1840 annis.

128 1887 386 1958 Subegit
413 1888 610 1939 autem
647 1881 830 1935 urbes
870 1879 1199 1950 Anglorum
1219 1880 1464 1931 cunctas
1495 1875 1615 1929 dux
1650 1874 1805 1926 Wil—

125 1978 344 2031 lelmus
377 1974 565 2043 copiis
596 1968 1044 2025 Northmanniaa
1075 1981 1191 2021 uno
1223 1966 1318 2019 die
1349 1965 1423 2018 ab
1448 1964 1595 2018 hora
1633 1962 1804 2016 tertia

126 2067 187 2119 in
235 2076 582 2132 vesperum,
616 2074 734 2114 non
763 2056 946 2111 multo
980 2055 1357 2109 extrinsecus
1388 2052 1707 2122 adjutorio.
1741 2050 1802 2103 Si

133 2156 446 2208 tuerentur
461 2165 564 2203 eas
588 2146 806 2201 muenia
822 2144 1097 2214 Trojana,
1117 2142 1285 2196 brevi
1312 2141 1445 2195 talis
1467 2141 1579 2193 viri
1596 2153 1806 2193 manus

134 2246 193 2297 et
248 2239 571 2295 consilium
625 2234 1005 2290 excinderent
1049 2232 1356 2302 Pergama.
1404 2230 1619 2282 Posset
1650 2227 1807 2280 illico

136 2332 335 2384 victor
357 2327 560 2382 sedem
590 2323 815 2395 regiam
838 2322 1023 2390 adire,
1043 2321 1345 2390 imponere
1376 2318 1492 2371 sibi
1520 2316 1805 2383 diadema,

130 2424 321 2474 terra:
365 2415 601 2470 divitias
639 2413 699 2465 in
747 2410 1008 2481 praedam
1042 2409 1171 2462 suis
1209 2407 1493 2461 militibus
1525 2405 1805 2470 tribuere,

131 2518 417 2577 quosque
447 2502 719 2571 potentes
749 2497 899 2551 alios
927 2496 1224 2567 jugulare,
1259 2494 1405 2547 alios
1447 2493 1505 2546 in
1536 2491 1812 2545 exsilium

133 2594 385 2665 ejicere.
418 2589 535 2644 Sed
569 2585 929 2641 moderatius
958 2585 1044 2638 ire
1066 2583 1302 2653 placuit,
1344 2585 1518 2651 atque
1550 2580 1807 2633 clemen-

132 2685 262 2737 tius
290 2674 929 2734 dominari.Consuevit
946 2687 1196 2742 namque
1215 2670 1440 2741 pridem
1458 2669 1812 2723 adolescens

131 2766 533 2839 temperantia
563 2765 845 2818 decorare
887 2762 1238 2830 triumphos.
1270 2760 1388 2812 Par
1419 2758 1654 2826 fuisset,
1687 2756 1812 2809 An-

136 2861 387 2931 glorum
405 2855 504 2927 qui
540 2868 678 2907 sese
706 2867 813 2922 per
838 2850 1115 2920 injuriam
1151 2851 1370 2902 tantam
1398 2845 1817 2917 pessumdede-

131 2951 283 3002 runt
312 2947 378 2999 in
409 2945 895 3012 mortem,carnes
941 2940 1077 3010 gula
1108 2937 1360 2991 vulturis
1382 2936 1620 3006 lupique
1639 2934 1814 2988 devo-

134 3034 546 3103 rari,ossibus
566 3028 885 3098 insepultis
905 3042 1144 3096 campos
1161 3025 1284 3079 fore
1303 3026 1588 3094 sepultos.
1621 3022 1810 3076 Cmte-

138 3141 275 3181 rum
286 3124 347 3193 ,il
358 3119 639 3175 licrudele
653 3118 846 3171 visum
859 3119 950 3173 est
960 3116 1073 3169 tale
1088 3115 1459 3184 supplicium.
1471 3112 1815 3166 Volentibus

135 3214 214 3268 ad
239 3210 607 3266 humandum
624 3221 728 3261 eos
752 3204 1030 3276 colligere
1052 3205 1294 3257 liberam
1308 3202 1608 3256 concessit
1622 3204 1816 3271 potes-

132 3307 349 3358 tatem.
393 3296 663 3352 Humatis
690 3297 884 3348 autem
920 3294 1070 3362 suis,
1104 3292 1509 3362 dispositaque
1528 3290 1815 3357 custodia,

136 3391 484 3459 Hastingas
517 3401 649 3440 cum
678 3386 921 3437 strenuo
946 3382 1227 3451 praefecto
1263 3380 1697 3435 Romanaerium
1718 3396 1819 3434 ac-

132 3482 398 3545 cedens,
423 3491 596 3546 quam
625 3473 843 3542 placuit
872 3486 1104 3540 pcenam
1126 3471 1322 3541 exegit
1351 3485 1454 3539 pro
1485 3469 1650 3524 clade
1673 3485 1818 3524 suo-

138 3585 311 3637 rum,
347 3580 500 3635 quos
542 3562 680 3616 illuc
712 3576 915 3615 errore
961 3559 1244 3637 appulsos
1276 3558 1402 3613 fera
1431 3574 1582 3630 gens
1612 3558 1818 3612 adorta

134 3656 368 3731 praelia
416 3668 549 3706 cum
602 3650 912 3719 utriusque
952 3648 1135 3718 partis
1185 3648 1438 3702 maximo
1470 3648 1819 3701 detrimento

134 3746 413 3802 fuderat.

222 3835 388 3888 Hinc
417 3831 707 3885 Doveram
736 3825 1052 3894 contendit,
1070 3825 1171 3880 ubi
1186 3827 1466 3896 populum
1484 3826 1822 3880 innumera-

130 3926 339 3981 bilem
358 3920 786 3990 congregatum
809 3917 1136 3985 acceperat,
1170 3916 1326 3985 quod
1352 3916 1519 3970 locus
1540 3916 1635 3968 ille
1652 3915 1821 3968 inex-

129 4030 229 4086 pu
242 4008 502 4083 gnabilis
532 4004 867 4060 videbatur.
910 4005 985 4058 At
1030 4003 1163 4075 ejus
1194 4005 1625 4074 propinquitate
1646 4004 1824 4075 Angli

1881 3068 1899 3090 ς.
1922 3037 2043 3090 latu
2085 3033 2363 3087 abundat.

1919 1791 2128 1843 ducem
2148 1790 2221 1843 ad
2244 1789 2551 1843 sanitatem
2579 1789 2910 1844 convalere.

1992 1879 2218 1933 Interea
2276 1878 2618 1949 Stigandus,
2669 1878 3114 1933 Cantuariensis
3164 1879 3610 1950 archipraesul,.

1922 1968 2189 2039 quisicut
2209 1967 2532 2021 excellebat
2555 1967 2765 2036 opibus
2795 1972 2970 2039 atque
3005 1969 3307 2040 dignitate,
3329 1970 3404 2023 ita
3437 1983 3581 2023 con-

1925 2057 2097 2111 sultis
2140 2056 2457 2125 plurimum
2475 2057 2628 2126 apud
2645 2057 2873 2127 Anglos
2894 2060 3138 2127 poterat,
3162 2073 3294 2112 cum
3317 2058 3454 2112 ﬁliis
3485 2057 3583 2111 Al-

1921 2146 2089 2217 gardi
2113 2146 2361 2216 aliisque
2392 2146 2861 2214 praepotentibus
2889 2146 3157 2214 praelium
3170 2147 3441 2200 minatur.
3464 2146 3579 2200 Re-

1924 2250 2057 2305 gem
2107 2236 2433 2288 statuerant
2490 2233 2788 2303 Edgarum
2818 2233 3150 2304 Adelinum,
3202 2250 3275 2287 ex
3306 2234 3582 2288 Edwardi

1923 2324 2086 2393 regis
2122 2321 2422 2376 nobilitate
2452 2322 2622 2374 annis
2641 2336 2905 2390 puerum.
2936 2321 3075 2374 Erat
3097 2322 3583 2377 videliceteorum

1923 2412 2042 2465 voti
2059 2427 2287 2465 summa
2304 2425 2421 2464 non
2443 2409 2661 2462 habere
2680 2409 2979 2463 dominum
2991 2426 3161 2480 quem
3186 2426 3304 2465 non
3322 2410 3583 2465 habuere

1924 2500 2385 2569 compatriotam.
2444 2498 2684 2565 Verum,
2737 2498 2838 2567 qui
2896 2499 3186 2553 dominari
3235 2499 3437 2554 debuit
3466 2500 3576 2570 eis,

1923 2588 2209 2659 intrepide
2267 2602 2690 2657 approperans,
2741 2587 2841 2642 ubi
2874 2587 3333 2658 frequentiorem
3362 2588 3585 2642 audivit

1923 2693 2126 2733 eorum
2157 2678 2530 2744 conventum,
2564 2692 2681 2730 non
2711 2676 2887 2747 longe
2910 2693 2942 2729 a
2964 2678 3271 2731 Lundonia
3292 2678 3581 2732 consedit.

1997 2766 2326 2821 Preeterluit
2340 2781 2466 2819 eam
2482 2766 2687 2819 urbem
2701 2765 2917 2818 fluvius
2936 2765 3584 2838 Tamesis,peregrinas

1923 2871 1954 2910 θ
1985 2858 2158 2927 portu
2181 2855 2403 2908 marino
2427 2854 2662 2907 divitias
2682 2853 3021 2907 advectans.
3068 2856 3213 2907 (lum
3231 2854 3397 2909 solos
3420 2855 3584 2909 cives

1925 2946 2155 3013 habeat,
2182 2944 2425 3013 cepioso
2445 2959 2512 2996 ac
2532 2943 2871 3011 praestantia
2904 2942 3136 2995 militari
3164 2943 3394 2997 famoso
3414 2942 3584 2997 inco—

2444 3031 2608 3084 Tunc
2664 3045 2806 3085 vero
2875 3031 3238 3085 confluxerat
3283 3032 3356 3085 ad
3394 3032 3584 3101 ipsam

1926 3126 2148 3194 hospes
2181 3122 2349 3175 turba
2409 3124 2927 3191 propugnatorum,
2975 3134 3168 3189 quam,
3202 3119 3339 3174 licet
3366 3119 3587 3175 ambitu

1927 3212 2102 3267 nimis
2125 3212 2335 3280 ampla,
2357 3224 2473 3262 non
2492 3208 2660 3261 facile
2684 3207 3287 3277 capiebat.Preemissi
3304 3208 3405 3263 illo
3424 3209 3586 3279 equi-

1926 3306 2018 3357 tes
2034 3297 2423 3354 Northmanni
2444 3297 2581 3366 quin
2590 3295 3086 3366 genti,egressam
3100 3300 3302 3352 contra
3318 3314 3385 3353 se
3401 3299 3588 3354 aciem

1928 3390 2204 3460 refugere
2236 3388 2385 3440 intra
2442 3385 2657 3438 moenia
2716 3384 2965 3454 impigre
3013 3387 3387 3456 compellunt,
3419 3390 3587 3460 terga

1931 3479 2228 3534 cedentes.
2265 3475 2460 3528 Multae
2478 3474 2630 3544 tragi
2644 3473 2863 3526 addunt
2880 3475 3236 3544 incendium,
3254 3480 3588 3532 cremantes

1931 3566 2215 3639 quidquid
2274 3564 2656 3618 aediﬁciorum
2706 3563 2851 3617 citra
2901 3564 3114 3618 flumen
3174 3566 3476 3636 invenere,
3528 3571 3591 3622 ut

1932 3658 2084 3711 malo
2108 3654 2325 3725 duplici
2347 3652 2604 3721 superba
2626 3651 2847 3706 ferocia
2865 3654 3274 3709 contundatur.
3299 3655 3429 3710 Dux
3449 3670 3590 3725 pro-

1934 3745 2216 3816 grediens
2248 3741 2383 3794 dein
2414 3755 2650 3810 quoquo
2698 3755 2936 3794 versum
2966 3742 3202 3810 placuit,
3236 3746 3591 3797 transmeato

1936 3833 2173 3887 llumine
2205 3830 2460 3894 Tamesi,
2495 3827 2646 3882 vado
2704 3828 2877 3881 simul
2923 3835 3097 3899 atque
3127 3835 3301 3900 ponte
3333 3832 3406 3885 ad
3438 3834 3595 3903 oppi-

1935 3924 2072 3977 dum
2103 3918 2539 3988 Guarengefort
2568 3915 3003 3989 [Walengford]
3030 3921 3316 3987 pervenit.

2009 4008 2346 4064 Adveniens
2371 4005 2577 4059 eodem
2593 4004 2914 4075 Stigandus
2926 4008 3191 4076 pontifex
3208 4010 3597 4079 metropolita-

130 4099 447 4174 perculsi,
468 4109 659 4165 neque
675 4096 898 4148 naturae
922 4094 1012 4147 vel
1037 4094 1233 4163 operis
1250 4093 1828 4163 munimento,neque

134 4186 521 4246 multitudini
540 4184 809 4237 virorum
831 4182 1147 4236 conﬁdunt.
1183 4182 1369 4237 Situm
1400 4185 1490 4236 est
1519 4182 1578 4235 id
1612 4182 1829 4236 castel-

136 4282 288 4335 lum
322 4277 383 4329 in
413 4288 556 4343 rupe
586 4272 733 4325 mari
765 4271 1059 4341 contigua,
1099 4287 1231 4341 quae
1254 4271 1597 4325 naturaliter
1638 4275 1829 4342 acuta,
1942 4278 2093 4330 Hinc
2152 4273 2512 4344 procedenti,
2575 4273 2769 4326 statim
2815 4274 2879 4325 ut
2919 4272 3223 4327 Lundonia
3254 4276 3599 4344 conspectui

139 4366 429 4435 undique
487 4361 559 4415 ad
609 4360 722 4414 hoc
760 4359 1132 4413 ferramentis
1190 4360 1488 4414 elaborate
1530 4361 1739 4428 incisa,
1774 4361 1905 4437 in_
1939 4366 2192 4437 patebat,
2255 4363 2487 4417 obviam
2537 4364 2750 4415 exeunt
2806 4362 3107 4431 principes
3151 4362 3425 4433 civitatis,
3460 4379 3600 4418 sese

138 4455 434 4526 speciem
466 4448 618 4504 muri
648 4449 1044 4505 directissima
1066 4449 1388 4517 altitudine,
1422 4452 1703 4519 quantum
1734 4466 1834 4503 sa-
1857 4429 1916 4494 Β
1944 4459 2330 4523 cunctamque
2352 4452 2645 4505 civitatem
2663 4450 2722 4504 in
2739 4450 3089 4521 obsequium
3112 4451 3291 4520 illius,
3317 4453 3601 4523 quemad-

140 4546 335 4617 gittae
384 4541 587 4610 jactus
633 4540 940 4613 permetiri
995 4541 1208 4608 potest,
1244 4539 1581 4609 consurgit;
1629 4555 1744 4609 quo
1775 4540 1836 4593 in
1945 4544 2182 4597 modum
2228 4545 2359 4594 ante
2413 4540 2709 4593 Cantuarii
2765 4540 3021 4605 tradunt,
3073 4540 3317 4595 obsides
3374 4556 3525 4611 quos
3548 4544 3605 4594 et

132 4636 354 4689 latere
386 4630 540 4683 unda
565 4630 791 4684 marina
829 4627 1083 4682 alluitur.
1119 4627 1264 4680 Cum
1294 4630 1488 4681 autem
1520 4627 1835 4682 Castellani
1949 4634 2351 4703 quotimperat
2381 4629 2880 4683 adducunt.0rant
2910 4634 3045 4699 post
3075 4629 3204 4684 haec
3232 4633 3295 4684 ut
3324 4645 3605 4684 coronam

141 4718 483 4789 supplices
515 4719 870 4773 deditionem
909 4716 1508 4787 pararent,'armigeri
1540 4717 1840 4771 exercitus
1952 4723 2144 4775 sumat
2172 4735 2287 4773 una
2335 4718 2640 4788 pontifices
2671 4720 2843 4788 atque
2887 4718 3086 4772 caeteri
3144 4721 3497 4785 summates;
3540 4733 3606 4771 se

138 4809 368 4867 nostri
400 4808 616 4876 praedae
647 4807 920 4877 cupidine
942 4806 1140 4877 ignem
1171 4805 1527 4875 injeeerunt.
1582 4806 1842 4859 Flamma
1953 4810 2188 4881 quidem
2223 4807 2433 4861 solitos
2478 4822 2615 4860 esse
2647 4806 2777 4877 regi
2807 4808 3053 4877 servire,
3088 4822 3290 4878 regem
3308 4806 3609 4860 dominum

138 4896 414 4954 levitate
448 4910 557 4949 sua
577 4896 832 4950 volitans
854 4894 1136 4963 pleraque
1158 4893 1460 4962 corripuit.
1488 4894 1618 4948 Dux
1634 4895 1843 4948 nolens
1956 4899 2173 4951 habere
2205 4897 2377 4950 velle.
2402 4895 2734 4949 Consulens
2765 4895 2861 4948 ille
2881 4895 3186 4949 eomitatos
3208 4910 3240 4948 e
3256 4894 3610 4949 Northman-

139 4985 549 5042 incommoda
581 5000 808 5053 eorum,
855 4983 951 5053 qui
977 4997 1180 5036 secum
1206 4981 1636 5036 deditionaliter
1666 4998 1844 5053 agere
1957 4988 2069 5055 nia,
2130 5000 2383 5055 quorum
2438 4999 2556 5038 non
2594 4983 2789 5037 minus
2832 4983 3201 5051 prudentiam
3234 4997 3409 5052 quam
3437 4982 3613 5036 ﬁdem

140 5076 505 5141 coeperant,
563 5072 815 5141 pretium
863 5072 1021 5125 dedit
1080 5071 1575 5125 restituendarum
1632 5072 1845 5126 aedium
1959 5077 2282 5145 Spectatam
2312 5072 2583 5141 habebat,
2624 5070 2899 5141 patefecit
2927 5072 3015 5124 eis
3044 5070 3184 5141 quid
3212 5071 3464 5124 maxime
3497 5070 3615 5125 sibi

138 5162 414 5231 aliaque
427 5159 651 5213 amissa
664 5159 1445 5229 recompensavit.Severius
1464 5157 1849 5212 animadverti
1960 5161 2331 5217 dissuaderet
2349 5159 2505 5229 quod
2521 5159 2693 5230 Angli
2718 5158 2963 5213 orabant
2985 5175 2998 5223 ;
3020 5174 3117 5212 res
3137 5157 3327 5213 adhuc
3347 5157 3615 5213 turbidas

139 5248 578 5325 praecepisset
610 5248 670 5301 in
700 5251 976 5302 auctores
1007 5247 1281 5316 incendii,
1326 5248 1385 5300 ni
1413 5247 1631 5301 utilitas
1662 5251 1719 5301 et
1747 5264 1851 5302 nu-
1959 5267 2118 5320 esse,
2143 5249 2431 5304 rebellare
2461 5247 2797 5313 nonnullos,
2833 5262 2898 5300 se
2930 5245 3124 5315 potius
3158 5246 3330 5317 regni
3360 5246 3618 5317 quietem

150 5337 505 5396 merositas
520 5337 784 5405 ipsorum
799 5337 1356 5391 oceultavisseteos.
1385 5337 1644 5406 Recepto
1660 5340 1854 5391 castro
1960 5355 2137 5411 quam
2166 5353 2445 5393 coronam
2476 5350 2690 5405 cupere
2717 5339 3055 5404 ;praeterea,
3076 5335 3130 5388 si
3152 5334 3311 5389 Deus
3328 5334 3445 5405 ipsi
3463 5334 3620 5389 hunc

139 5443 320 5502 quae
352 5425 548 5479 minus
600 5428 764 5480 erant
784 5438 890 5495 per
914 5426 1043 5480 dies
1060 5427 1193 5480 octo
1223 5424 1443 5480 addidit
1472 5425 1853 5481 firmamenta.
1964 5428 2234 5484 concedit
2255 5427 2558 5494 honorem,
2593 5439 2796 5479 secum
2818 5424 2968 5476 velle
2991 5422 3310 5495 conjugem
3332 5439 3504 5478 suam
3524 5437 3623 5478 eo-

136 5514 403 5577 Milites
438 5512 560 5568 illic
617 5514 956 5569 recentibus
1007 5515 1287 5570 carnibus
1327 5517 1383 5571 et
1411 5530 1562 5587 aqua
1600 5517 1854 5587 utentes,
1961 5518 2191 5585 ronari;
2247 5515 2497 5586 denique
2557 5528 2673 5568 non
2704 5515 2975 5584 oportere
3022 5513 3268 5569 nimium
3296 5512 3625 5587 properari,

555 5654 811 5714 PATROL.
846 5655 1099 5714 CXLIX.
3207 5653 3279 5714 40

1935 4096 2357 4169 nus,manibus
2389 4094 2443 4147 ci
2472 4108 2609 4148 sese
2644 4093 2819 4160 dedit,
2855 4095 3029 4148 ﬁdem
3052 4101 3420 4152 sacramento
3451 4114 3595 4151 con-

1937 4187 2214 4253 ﬁrmavit,
2235 4186 2534 4254 abrogans
2556 4184 2868 4238 Adelinum
2889 4199 3063 4254 quem
3086 4183 3295 4239 leviter
3313 4186 3594 4256 elegerat,
