  <div class='ocr_page' id='page_1' title='image "/cluster/home/n/w/nwhite01/storage/ocr_20150623/149/hvd.32044054760079/635.png"; bbox 0 0 4090 6162; ppageno 0'>
   <div class='ocr_carea' id='block_1_1' title="bbox 577 219 734 283">
    <p class='ocr_par' dir='ltr' id='par_1_1' title="bbox 577 219 734 283">
     <span class='ocr_line' id='line_1_1' title="bbox 577 219 734 283; baseline 0.006 -3"><span class='ocrx_word' id='word_1_1' title='bbox 577 219 734 283; x_wconf 78' lang='grc'><strong>4259</strong></span> 
     </span>
    </p>
   </div>
   <div class='ocr_carea' id='block_1_2' title="bbox 1720 160 2877 285">
    <p class='ocr_par' dir='ltr' id='par_1_2' title="bbox 1720 160 2877 285">
     <span class='ocr_line' id='line_1_2' title="bbox 1720 160 2877 285; baseline 0.007 -14"><span class='ocrx_word' id='word_1_2' title='bbox 1720 160 2161 272; x_wconf 67' lang='lat' dir='ltr'><strong>WILLELMI</strong></span> <span class='ocrx_word' id='word_1_3' title='bbox 2230 211 2877 285; x_wconf 86' lang='lat' dir='ltr'><strong>CONQUESTORIS</strong></span> 
     </span>
    </p>
   </div>
   <div class='ocr_carea' id='block_1_3' title="bbox 3805 231 3925 296">
    <p class='ocr_par' dir='ltr' id='par_1_3' title="bbox 3805 231 3925 296">
     <span class='ocr_line' id='line_1_3' title="bbox 3805 231 3925 296; baseline 0.058 -7"><span class='ocrx_word' id='word_1_4' title='bbox 3805 231 3925 296; x_wconf 78' lang='lat' dir='ltr'><strong>t260</strong></span> 
     </span>
    </p>
   </div>
   <div class='ocr_carea' id='block_1_4' title="bbox 577 397 3937 497">
    <p class='ocr_par' dir='ltr' id='par_1_4' title="bbox 577 397 3937 497">
     <span class='ocr_line' id='line_1_4' title="bbox 577 397 3937 497; baseline 0.003 -25"><span class='ocrx_word' id='word_1_5' title='bbox 577 418 716 473; x_wconf 90' lang='lat' dir='ltr'><strong>dum</strong></span> <span class='ocrx_word' id='word_1_6' title='bbox 746 416 805 470; x_wconf 90' lang='lat' dir='ltr'><strong>in</strong></span> <span class='ocrx_word' id='word_1_7' title='bbox 836 416 1015 470; x_wconf 88' lang='lat' dir='ltr'><strong>altum</strong></span> <span class='ocrx_word' id='word_1_8' title='bbox 1056 414 1287 469; x_wconf 86' lang='lat' dir='ltr'><strong>culmen</strong></span> <span class='ocrx_word' id='word_1_9' title='bbox 1317 411 1680 465; x_wconf 82' lang='lat' dir='ltr'><strong>ascenditur.</strong></span> <span class='ocrx_word' id='word_1_10' title='bbox 1715 409 1987 463; x_wconf 77' lang='lat' dir='ltr'><strong>Profecto</strong></span> <span class='ocrx_word' id='word_1_11' title='bbox 2019 426 2133 463; x_wconf 90' lang='lat' dir='ltr'><strong>non</strong></span> <span class='ocrx_word' id='word_1_12' title='bbox 2158 410 2237 463; x_wconf 87' lang='lat' dir='ltr'><strong>illi</strong></span> <span class='ocrx_word' id='word_1_13' title='bbox 2266 397 2320 455; x_wconf 78' lang='grc' dir='ltr'>Α</span> <span class='ocrx_word' id='word_1_14' title='bbox 2353 428 2556 481; x_wconf 82' lang='lat' dir='ltr'><strong>regem</strong></span> <span class='ocrx_word' id='word_1_15' title='bbox 2608 415 2961 470; x_wconf 79' lang='lat' dir='ltr'><strong>Edwardum</strong></span> <span class='ocrx_word' id='word_1_16' title='bbox 3007 420 3265 489; x_wconf 77' lang='lat' dir='ltr'><strong>attigerit</strong></span> <span class='ocrx_word' id='word_1_17' title='bbox 3322 420 3474 477; x_wconf 85' lang='lat' dir='ltr'><strong>filius</strong></span> <span class='ocrx_word' id='word_1_18' title='bbox 3517 423 3678 478; x_wconf 82' lang='lat' dir='ltr'><strong>ducis</strong></span> <span class='ocrx_word' id='word_1_19' title='bbox 3723 427 3937 497; x_wconf 82' lang='lat' dir='ltr'><strong>Roberti,</strong></span> 
     </span>
    </p>
   </div>
   <div class='ocr_carea' id='block_1_5' title="bbox 577 498 2238 575">
    <p class='ocr_par' dir='ltr' id='par_1_5' title="bbox 577 498 2238 575">
     <span class='ocr_line' id='line_1_5' title="bbox 577 498 2238 575; baseline -0.007 -13"><span class='ocrx_word' id='word_1_20' title='bbox 577 506 989 562; x_wconf 82' lang='lat' dir='ltr'><strong>dominabatur</strong></span> <span class='ocrx_word' id='word_1_21' title='bbox 1032 502 1320 575; x_wconf 76' lang='lat' dir='ltr'><strong>regnandi</strong></span> <span class='ocrx_word' id='word_1_22' title='bbox 1350 501 1552 555; x_wconf 88' lang='lat' dir='ltr'><strong>libido.</strong></span> <span class='ocrx_word' id='word_1_23' title='bbox 1589 500 1865 553; x_wconf 89' lang='lat' dir='ltr'><strong>Sanctum</strong></span> <span class='ocrx_word' id='word_1_24' title='bbox 1896 514 2033 552; x_wconf 90' lang='lat' dir='ltr'><strong>esse</strong></span> <span class='ocrx_word' id='word_1_25' title='bbox 2066 498 2238 551; x_wconf 87' lang='lat' dir='ltr'><strong>intel-</strong></span> 
     </span>
    </p>
   </div>
   <div class='ocr_carea' id='block_1_6' title="bbox 573 587 2234 664">
    <p class='ocr_par' dir='ltr' id='par_1_6' title="bbox 573 587 2234 664">
     <span class='ocr_line' id='line_1_6' title="bbox 573 587 2234 664; baseline -0.008 -12"><span class='ocrx_word' id='word_1_26' title='bbox 573 598 815 664; x_wconf 84' lang='lat' dir='ltr'><strong>lexerat,</strong></span> <span class='ocrx_word' id='word_1_27' title='bbox 852 597 1172 663; x_wconf 81' lang='lat' dir='ltr'><strong>sancteque</strong></span> <span class='ocrx_word' id='word_1_28' title='bbox 1204 592 1483 661; x_wconf 77' lang='lat' dir='ltr'><strong>diligebat</strong></span> <span class='ocrx_word' id='word_1_29' title='bbox 1516 589 1778 660; x_wconf 83' lang='lat' dir='ltr'><strong>conjugii</strong></span> <span class='ocrx_word' id='word_1_30' title='bbox 1800 588 2035 657; x_wconf 88' lang='lat' dir='ltr'><strong>pignus.</strong></span> <span class='ocrx_word' id='word_1_31' title='bbox 2056 587 2234 640; x_wconf 83' lang='lat' dir='ltr'><strong>Fami-</strong></span> 
     </span>
    </p>
   </div>
   <div class='ocr_carea' id='block_1_7' title="bbox 576 676 2235 740">
    <p class='ocr_par' dir='ltr' id='par_1_7' title="bbox 576 676 2235 740">
     <span class='ocr_line' id='line_1_7' title="bbox 576 676 2235 740; baseline -0.007 0"><span class='ocrx_word' id='word_1_32' title='bbox 576 686 759 740; x_wconf 87' lang='lat' dir='ltr'><strong>liares</strong></span> <span class='ocrx_word' id='word_1_33' title='bbox 782 687 981 739; x_wconf 91' lang='lat' dir='ltr'><strong>contra</strong></span> <span class='ocrx_word' id='word_1_34' title='bbox 1016 696 1266 735; x_wconf 79' lang='lat' dir='ltr'><strong>suasere</strong></span> <span class='ocrx_word' id='word_1_35' title='bbox 1318 684 1377 733; x_wconf 89' lang='lat' dir='ltr'><strong>ut</strong></span> <span class='ocrx_word' id='word_1_36' title='bbox 1424 680 1600 732; x_wconf 84' lang='lat' dir='ltr'><strong>totius</strong></span> <span class='ocrx_word' id='word_1_37' title='bbox 1649 679 1949 731; x_wconf 88' lang='lat' dir='ltr'><strong>exercitus</strong></span> <span class='ocrx_word' id='word_1_38' title='bbox 1981 676 2235 730; x_wconf 87' lang='lat' dir='ltr'><strong>unanimi</strong></span> 
     </span>
    </p>
   </div>
   <div class='ocr_carea' id='block_1_8' title="bbox 573 766 2234 840">
    <p class='ocr_par' dir='ltr' id='par_1_8' title="bbox 573 766 2234 840">
     <span class='ocr_line' id='line_1_8' title="bbox 573 766 2234 840; baseline -0.006 -10"><span class='ocrx_word' id='word_1_39' title='bbox 573 774 870 830; x_wconf 89' lang='lat' dir='ltr'><strong>desiderio</strong></span> <span class='ocrx_word' id='word_1_40' title='bbox 895 772 1078 840; x_wconf 87' lang='lat' dir='ltr'><strong>optari</strong></span> <span class='ocrx_word' id='word_1_41' title='bbox 1112 771 1395 824; x_wconf 80' lang='lat' dir='ltr'><strong>sciebant.</strong></span> <span class='ocrx_word' id='word_1_42' title='bbox 1423 771 1783 837; x_wconf 81' lang='lat' dir='ltr'><strong>Quamquam</strong></span> <span class='ocrx_word' id='word_1_43' title='bbox 1814 768 2070 819; x_wconf 89' lang='lat' dir='ltr'><strong>rationes</strong></span> <span class='ocrx_word' id='word_1_44' title='bbox 2102 766 2234 835; x_wconf 86' lang='lat' dir='ltr'><strong>ejus</strong></span> 
     </span>
    </p>
   </div>
   <div class='ocr_carea' id='block_1_9' title="bbox 575 856 2231 934">
    <p class='ocr_par' dir='ltr' id='par_1_9' title="bbox 575 856 2231 934">
     <span class='ocr_line' id='line_1_9' title="bbox 575 856 2231 934; baseline -0.007 -15"><span class='ocrx_word' id='word_1_45' title='bbox 575 864 837 934; x_wconf 91' lang='lat' dir='ltr'><strong>opprime</strong></span> <span class='ocrx_word' id='word_1_46' title='bbox 879 860 1201 915; x_wconf 86' lang='lat' dir='ltr'><strong>laudabiles</strong></span> <span class='ocrx_word' id='word_1_47' title='bbox 1233 860 1669 929; x_wconf 90' lang='lat' dir='ltr'><strong>dignoscereut,</strong></span> <span class='ocrx_word' id='word_1_48' title='bbox 1707 874 1777 910; x_wconf 91' lang='lat' dir='ltr'><strong>ex</strong></span> <span class='ocrx_word' id='word_1_49' title='bbox 1810 872 2027 909; x_wconf 87' lang='lat' dir='ltr'><strong>arcano</strong></span> <span class='ocrx_word' id='word_1_50' title='bbox 2059 856 2231 908; x_wconf 86' lang='lat' dir='ltr'><strong>uber-</strong></span> 
     </span>
    </p>
   </div>
   <div class='ocr_carea' id='block_1_10' title="bbox 577 950 1426 1020">
    <p class='ocr_par' dir='ltr' id='par_1_10' title="bbox 577 950 1426 1020">
     <span class='ocr_line' id='line_1_10' title="bbox 577 950 1426 1020; baseline -0.005 -15"><span class='ocrx_word' id='word_1_51' title='bbox 577 953 741 1005; x_wconf 67' lang='lat' dir='ltr'><strong>rima)</strong></span> <span class='ocrx_word' id='word_1_52' title='bbox 767 950 1068 1020; x_wconf 63' lang='lat' dir='ltr'><strong>sapientiae</strong></span> <span class='ocrx_word' id='word_1_53' title='bbox 1106 953 1426 1002; x_wconf 85' lang='lat' dir='ltr'><strong>manantes.</strong></span> 
     </span>
    </p>
   </div>
   <div class='ocr_carea' id='block_1_11' title="bbox 645 1034 2234 1104">
    <p class='ocr_par' dir='ltr' id='par_1_11' title="bbox 645 1034 2234 1104">
     <span class='ocr_line' id='line_1_11' title="bbox 645 1034 2234 1104; baseline -0.007 -8"><span class='ocrx_word' id='word_1_54' title='bbox 645 1041 860 1096; x_wconf 79' lang='lat' dir='ltr'><strong>Aderat</strong></span> <span class='ocrx_word' id='word_1_55' title='bbox 887 1040 1021 1092; x_wconf 92' lang='lat' dir='ltr'><strong>huic</strong></span> <span class='ocrx_word' id='word_1_56' title='bbox 1037 1037 1281 1091; x_wconf 89' lang='lat' dir='ltr'><strong>consilio</strong></span> <span class='ocrx_word' id='word_1_57' title='bbox 1301 1035 1631 1088; x_wconf 90' lang='lat' dir='ltr'><strong>Haimerius</strong></span> <span class='ocrx_word' id='word_1_58' title='bbox 1648 1034 2234 1104; x_wconf 70' lang='lat' dir='ltr'><strong>Aquitanus,prteses</strong></span> 
     </span>
    </p>
   </div>
   <div class='ocr_carea' id='block_1_12' title="bbox 574 1121 2229 1197">
    <p class='ocr_par' dir='ltr' id='par_1_12' title="bbox 574 1121 2229 1197">
     <span class='ocr_line' id='line_1_12' title="bbox 574 1121 2229 1197; baseline -0.006 -14"><span class='ocrx_word' id='word_1_59' title='bbox 574 1129 951 1195; x_wconf 88' lang='lat' dir='ltr'><strong>Toarcensis,</strong></span> <span class='ocrx_word' id='word_1_60' title='bbox 976 1127 1175 1197; x_wconf 80' lang='lat' dir='ltr'><strong>lingua</strong></span> <span class='ocrx_word' id='word_1_61' title='bbox 1208 1142 1323 1178; x_wconf 91' lang='lat' dir='ltr'><strong>non</strong></span> <span class='ocrx_word' id='word_1_62' title='bbox 1356 1123 1673 1194; x_wconf 80' lang='lat' dir='ltr'><strong>ignobilior</strong></span> <span class='ocrx_word' id='word_1_63' title='bbox 1702 1139 1874 1192; x_wconf 89' lang='lat' dir='ltr'><strong>quam</strong></span> <span class='ocrx_word' id='word_1_64' title='bbox 1906 1122 2128 1174; x_wconf 88' lang='lat' dir='ltr'><strong>dextra.</strong></span> <span class='ocrx_word' id='word_1_65' title='bbox 2152 1121 2229 1189; x_wconf 88' lang='lat' dir='ltr'><strong>Is,</strong></span> 
     </span>
    </p>
   </div>
   <div class='ocr_carea' id='block_1_13' title="bbox 573 1211 2233 1279">
    <p class='ocr_par' dir='ltr' id='par_1_13' title="bbox 573 1211 2233 1279">
     <span class='ocr_line' id='line_1_13' title="bbox 573 1211 2233 1279; baseline -0.006 -8"><span class='ocrx_word' id='word_1_66' title='bbox 573 1218 871 1272; x_wconf 89' lang='lat' dir='ltr'><strong>demirans</strong></span> <span class='ocrx_word' id='word_1_67' title='bbox 902 1219 957 1270; x_wconf 92' lang='lat' dir='ltr'><strong>et</strong></span> <span class='ocrx_word' id='word_1_68' title='bbox 988 1216 1207 1269; x_wconf 85' lang='lat' dir='ltr'><strong>urbane</strong></span> <span class='ocrx_word' id='word_1_69' title='bbox 1232 1213 1521 1267; x_wconf 82' lang='lat' dir='ltr'><strong>extollens</strong></span> <span class='ocrx_word' id='word_1_70' title='bbox 1557 1212 1901 1265; x_wconf 89' lang='lat' dir='ltr'><strong>modestiam</strong></span> <span class='ocrx_word' id='word_1_71' title='bbox 1937 1211 2233 1279; x_wconf 85' lang='lat' dir='ltr'><strong>inquiren-</strong></span> 
     </span>
    </p>
   </div>
   <div class='ocr_carea' id='block_1_14' title="bbox 572 1300 2233 1360">
    <p class='ocr_par' dir='ltr' id='par_1_14' title="bbox 572 1300 2233 1360">
     <span class='ocr_line' id='line_1_14' title="bbox 572 1300 2233 1360; baseline -0.007 0"><span class='ocrx_word' id='word_1_72' title='bbox 572 1309 688 1360; x_wconf 90' lang='lat' dir='ltr'><strong>tem</strong></span> <span class='ocrx_word' id='word_1_73' title='bbox 736 1306 962 1359; x_wconf 89' lang='lat' dir='ltr'><strong>animos</strong></span> <span class='ocrx_word' id='word_1_74' title='bbox 1015 1304 1261 1357; x_wconf 88' lang='lat' dir='ltr'><strong>militum</strong></span> <span class='ocrx_word' id='word_1_75' title='bbox 1309 1318 1448 1355; x_wconf 92' lang='lat' dir='ltr'><strong>num</strong></span> <span class='ocrx_word' id='word_1_76' title='bbox 1483 1301 1696 1354; x_wconf 89' lang='lat' dir='ltr'><strong>vellent</strong></span> <span class='ocrx_word' id='word_1_77' title='bbox 1730 1300 2026 1352; x_wconf 89' lang='lat' dir='ltr'><strong>dominum</strong></span> <span class='ocrx_word' id='word_1_78' title='bbox 2059 1314 2233 1351; x_wconf 88' lang='lat' dir='ltr'><strong>suum</strong></span> 
     </span>
    </p>
   </div>
   <div class='ocr_carea' id='block_1_15' title="bbox 572 1385 2229 1466">
    <p class='ocr_par' dir='ltr' id='par_1_15' title="bbox 572 1385 2229 1466">
     <span class='ocr_line' id='line_1_15' title="bbox 572 1385 2229 1466; baseline -0.008 -17"><span class='ocrx_word' id='word_1_79' title='bbox 572 1409 774 1466; x_wconf 84' lang='lat' dir='ltr'><strong>regem</strong></span> <span class='ocrx_word' id='word_1_80' title='bbox 790 1393 937 1460; x_wconf 85' lang='lat' dir='ltr'><strong>fieri,</strong></span> <span class='ocrx_word' id='word_1_81' title='bbox 977 1414 998 1442; x_wconf 70' lang='grc' dir='ltr'>ε</span> <span class='ocrx_word' id='word_1_82' title='bbox 1024 1392 1111 1444; x_wconf 88' lang='lat' dir='ltr'><strong>Ad</strong></span> <span class='ocrx_word' id='word_1_83' title='bbox 1128 1390 1632 1459; x_wconf 84' lang='lat' dir='ltr'><strong>disceptationem,</strong></span> <span class='ocrx_word' id='word_1_84' title='bbox 1658 1388 1862 1457; x_wconf 82' lang='lat' dir='ltr'><strong>inquit,</strong></span> <span class='ocrx_word' id='word_1_85' title='bbox 1888 1385 2229 1456; x_wconf 89' lang='lat' dir='ltr'><strong>hujusmodi</strong></span> 
     </span>
    </p>
   </div>
   <div class='ocr_carea' id='block_1_16' title="bbox 570 1474 2233 1552">
    <p class='ocr_par' dir='ltr' id='par_1_16' title="bbox 570 1474 2233 1552">
     <span class='ocr_line' id='line_1_16' title="bbox 570 1474 2233 1552; baseline -0.005 -17"><span class='ocrx_word' id='word_1_86' title='bbox 570 1482 787 1537; x_wconf 88' lang='lat' dir='ltr'><strong>milites</strong></span> <span class='ocrx_word' id='word_1_87' title='bbox 810 1497 1107 1552; x_wconf 89' lang='lat' dir='ltr'><strong>nunquam</strong></span> <span class='ocrx_word' id='word_1_88' title='bbox 1138 1483 1234 1532; x_wconf 92' lang='lat' dir='ltr'><strong>aut</strong></span> <span class='ocrx_word' id='word_1_89' title='bbox 1266 1495 1399 1532; x_wconf 90' lang='lat' dir='ltr'><strong>raro</strong></span> <span class='ocrx_word' id='word_1_90' title='bbox 1430 1479 1599 1532; x_wconf 84' lang='lat' dir='ltr'><strong>acciti</strong></span> <span class='ocrx_word' id='word_1_91' title='bbox 1631 1482 1786 1530; x_wconf 90' lang='lat' dir='ltr'><strong>sunt.</strong></span> <span class='ocrx_word' id='word_1_92' title='bbox 1822 1477 1954 1529; x_wconf 91' lang='lat' dir='ltr'><strong>Non</strong></span> <span class='ocrx_word' id='word_1_93' title='bbox 1994 1480 2085 1528; x_wconf 87' lang='lat' dir='ltr'><strong>est</strong></span> <span class='ocrx_word' id='word_1_94' title='bbox 2134 1474 2233 1527; x_wconf 92' lang='lat' dir='ltr'><strong>diu</strong></span> 
     </span>
    </p>
   </div>
   <div class='ocr_carea' id='block_1_17' title="bbox 568 1565 2231 1636">
    <p class='ocr_par' dir='ltr' id='par_1_17' title="bbox 568 1565 2231 1636">
     <span class='ocr_line' id='line_1_17' title="bbox 568 1565 2231 1636; baseline -0.007 -10"><span class='ocrx_word' id='word_1_95' title='bbox 568 1572 920 1627; x_wconf 88' lang='lat' dir='ltr'><strong>trahendum</strong></span> <span class='ocrx_word' id='word_1_96' title='bbox 949 1573 1152 1624; x_wconf 90' lang='lat' dir='ltr'><strong>nostra</strong></span> <span class='ocrx_word' id='word_1_97' title='bbox 1186 1567 1605 1622; x_wconf 89' lang='lat' dir='ltr'><strong>deliberatione</strong></span> <span class='ocrx_word' id='word_1_98' title='bbox 1636 1566 1791 1636; x_wconf 90' lang='lat' dir='ltr'><strong>quod</strong></span> <span class='ocrx_word' id='word_1_99' title='bbox 1823 1565 2231 1618; x_wconf 82' lang='lat' dir='ltr'><strong>desideramus</strong></span> 
     </span>
    </p>
   </div>
   <div class='ocr_carea' id='block_1_18' title="bbox 569 1651 2231 1730">
    <p class='ocr_par' dir='ltr' id='par_1_18' title="bbox 569 1651 2231 1730">
     <span class='ocr_line' id='line_1_18' title="bbox 569 1651 2231 1730; baseline -0.008 -15"><span class='ocrx_word' id='word_1_100' title='bbox 569 1661 698 1715; x_wconf 82' lang='lat' dir='ltr'><strong>ﬁeri</strong></span> <span class='ocrx_word' id='word_1_101' title='bbox 738 1676 912 1730; x_wconf 88' lang='lat' dir='ltr'><strong>quam</strong></span> <span class='ocrx_word' id='word_1_102' title='bbox 946 1658 1244 1713; x_wconf 87' lang='lat' dir='ltr'><strong>ocissime.</strong></span> <span class='ocrx_word' id='word_1_103' title='bbox 1273 1680 1293 1701; x_wconf 71' lang='grc' dir='ltr'><strong>ι»</strong></span> <span class='ocrx_word' id='word_1_104' title='bbox 1356 1658 1429 1708; x_wconf 89' lang='lat' dir='ltr'><strong>At</strong></span> <span class='ocrx_word' id='word_1_105' title='bbox 1468 1654 1913 1725; x_wconf 88' lang='lat' dir='ltr'><strong>prudentissimi</strong></span> <span class='ocrx_word' id='word_1_106' title='bbox 1944 1655 2001 1706; x_wconf 91' lang='lat' dir='ltr'><strong>et</strong></span> <span class='ocrx_word' id='word_1_107' title='bbox 2032 1651 2231 1721; x_wconf 85' lang='lat' dir='ltr'><strong>Optimi</strong></span> 
     </span>
    </p>
   </div>
   <div class='ocr_carea' id='block_1_19' title="bbox 566 1741 2230 1819">
    <p class='ocr_par' dir='ltr' id='par_1_19' title="bbox 566 1741 2230 1819">
     <span class='ocr_line' id='line_1_19' title="bbox 566 1741 2230 1819; baseline -0.005 -17"><span class='ocrx_word' id='word_1_108' title='bbox 566 1750 681 1804; x_wconf 89' lang='lat' dir='ltr'><strong>viri</strong></span> <span class='ocrx_word' id='word_1_109' title='bbox 726 1762 1095 1819; x_wconf 89' lang='lat' dir='ltr'><strong>nequaquam</strong></span> <span class='ocrx_word' id='word_1_110' title='bbox 1129 1747 1202 1798; x_wconf 90' lang='lat' dir='ltr'><strong>ita</strong></span> <span class='ocrx_word' id='word_1_111' title='bbox 1237 1748 1516 1814; x_wconf 90' lang='lat' dir='ltr'><strong>cuperent</strong></span> <span class='ocrx_word' id='word_1_112' title='bbox 1547 1744 1606 1796; x_wconf 84' lang='lat' dir='ltr'><strong>in</strong></span> <span class='ocrx_word' id='word_1_113' title='bbox 1636 1743 1749 1796; x_wconf 92' lang='lat' dir='ltr'><strong>alto</strong></span> <span class='ocrx_word' id='word_1_114' title='bbox 1781 1741 1962 1812; x_wconf 85' lang='lat' dir='ltr'><strong>hujus</strong></span> <span class='ocrx_word' id='word_1_115' title='bbox 1996 1757 2230 1794; x_wconf 85' lang='lat' dir='ltr'><strong>monar-</strong></span> 
     </span>
    </p>
   </div>
   <div class='ocr_carea' id='block_1_20' title="bbox 569 1830 2230 1902">
    <p class='ocr_par' dir='ltr' id='par_1_20' title="bbox 569 1830 2230 1902">
     <span class='ocr_line' id='line_1_20' title="bbox 569 1830 2230 1902; baseline -0.005 -10"><span class='ocrx_word' id='word_1_116' title='bbox 569 1837 722 1892; x_wconf 69' lang='lat' dir='ltr'><strong>chiaa</strong></span> <span class='ocrx_word' id='word_1_117' title='bbox 742 1836 906 1890; x_wconf 91' lang='lat' dir='ltr'><strong>illum</strong></span> <span class='ocrx_word' id='word_1_118' title='bbox 938 1834 1139 1901; x_wconf 87' lang='lat' dir='ltr'><strong>locari,</strong></span> <span class='ocrx_word' id='word_1_119' title='bbox 1174 1833 1287 1885; x_wconf 81' lang='lat' dir='ltr'><strong>nisi</strong></span> <span class='ocrx_word' id='word_1_120' title='bbox 1319 1831 1616 1902; x_wconf 82' lang='lat' dir='ltr'><strong>praecipue</strong></span> <span class='ocrx_word' id='word_1_121' title='bbox 1648 1831 1923 1884; x_wconf 91' lang='lat' dir='ltr'><strong>idoneum</strong></span> <span class='ocrx_word' id='word_1_122' title='bbox 1954 1830 2230 1899; x_wconf 90' lang='lat' dir='ltr'><strong>pervide—</strong></span> 
     </span>
    </p>
   </div>
   <div class='ocr_carea' id='block_1_21' title="bbox 566 1919 2232 1992">
    <p class='ocr_par' dir='ltr' id='par_1_21' title="bbox 566 1919 2232 1992">
     <span class='ocr_line' id='line_1_21' title="bbox 566 1919 2232 1992; baseline -0.005 -13"><span class='ocrx_word' id='word_1_123' title='bbox 566 1928 728 1992; x_wconf 90' lang='lat' dir='ltr'><strong>rent,</strong></span> <span class='ocrx_word' id='word_1_124' title='bbox 765 1924 898 1977; x_wconf 91' lang='lat' dir='ltr'><strong>licet</strong></span> <span class='ocrx_word' id='word_1_125' title='bbox 918 1924 1182 1991; x_wconf 90' lang='lat' dir='ltr'><strong>ipsorum</strong></span> <span class='ocrx_word' id='word_1_126' title='bbox 1200 1920 1505 1975; x_wconf 89' lang='lat' dir='ltr'><strong>commoda</strong></span> <span class='ocrx_word' id='word_1_127' title='bbox 1536 1923 1592 1973; x_wconf 91' lang='lat' dir='ltr'><strong>et</strong></span> <span class='ocrx_word' id='word_1_128' title='bbox 1613 1919 1869 1973; x_wconf 87' lang='lat' dir='ltr'><strong>honores</strong></span> <span class='ocrx_word' id='word_1_129' title='bbox 1896 1934 2001 1987; x_wconf 91' lang='lat' dir='ltr'><strong>per</strong></span> <span class='ocrx_word' id='word_1_130' title='bbox 2020 1919 2232 1972; x_wconf 85' lang='lat' dir='ltr'><strong>exalta-</strong></span> 
     </span>
    </p>
   </div>
   <div class='ocr_carea' id='block_1_22' title="bbox 567 2007 2230 2082">
    <p class='ocr_par' dir='ltr' id='par_1_22' title="bbox 567 2007 2230 2082">
     <span class='ocr_line' id='line_1_22' title="bbox 567 2007 2230 2082; baseline -0.007 -12"><span class='ocrx_word' id='word_1_131' title='bbox 567 2014 787 2070; x_wconf 89' lang='lat' dir='ltr'><strong>tionem</strong></span> <span class='ocrx_word' id='word_1_132' title='bbox 845 2012 978 2082; x_wconf 86' lang='lat' dir='ltr'><strong>ejus</strong></span> <span class='ocrx_word' id='word_1_133' title='bbox 1030 2011 1233 2082; x_wconf 84' lang='lat' dir='ltr'><strong>augeri</strong></span> <span class='ocrx_word' id='word_1_134' title='bbox 1285 2009 1572 2063; x_wconf 90' lang='lat' dir='ltr'><strong>volentes.</strong></span> <span class='ocrx_word' id='word_1_135' title='bbox 1610 2007 1761 2077; x_wconf 89' lang='lat' dir='ltr'><strong>Ipse,</strong></span> <span class='ocrx_word' id='word_1_136' title='bbox 1798 2008 2005 2060; x_wconf 90' lang='lat' dir='ltr'><strong>iterum</strong></span> <span class='ocrx_word' id='word_1_137' title='bbox 2038 2010 2230 2061; x_wconf 89' lang='lat' dir='ltr'><strong>omnia</strong></span> 
     </span>
    </p>
   </div>
   <div class='ocr_carea' id='block_1_23' title="bbox 571 2096 2229 2171">
    <p class='ocr_par' dir='ltr' id='par_1_23' title="bbox 571 2096 2229 2171">
     <span class='ocr_line' id='line_1_23' title="bbox 571 2096 2229 2171; baseline -0.005 -14"><span class='ocrx_word' id='word_1_138' title='bbox 571 2117 777 2157; x_wconf 88' lang='lat' dir='ltr'><strong>secum</strong></span> <span class='ocrx_word' id='word_1_139' title='bbox 807 2100 1202 2171; x_wconf 87' lang='lat' dir='ltr'><strong>perpendens,</strong></span> <span class='ocrx_word' id='word_1_140' title='bbox 1230 2098 1523 2168; x_wconf 83' lang='lat' dir='ltr'><strong>acquievit</strong></span> <span class='ocrx_word' id='word_1_141' title='bbox 1552 2100 1635 2150; x_wconf 89' lang='lat' dir='ltr'><strong>tot</strong></span> <span class='ocrx_word' id='word_1_142' title='bbox 1668 2096 1999 2164; x_wconf 85' lang='lat' dir='ltr'><strong>petentibus</strong></span> <span class='ocrx_word' id='word_1_143' title='bbox 2032 2098 2229 2165; x_wconf 85' lang='lat' dir='ltr'><strong>totque</strong></span> 
     </span>
    </p>
   </div>
   <div class='ocr_carea' id='block_1_24' title="bbox 566 2183 2228 2256">
    <p class='ocr_par' dir='ltr' id='par_1_24' title="bbox 566 2183 2228 2256">
     <span class='ocr_line' id='line_1_24' title="bbox 566 2183 2228 2256; baseline -0.004 -11"><span class='ocrx_word' id='word_1_144' title='bbox 566 2187 1313 2256; x_wconf 86' lang='lat' dir='ltr'><strong>suadentibus,praesertim</strong></span> <span class='ocrx_word' id='word_1_145' title='bbox 1347 2199 1617 2254; x_wconf 85' lang='lat' dir='ltr'><strong>sperans,</strong></span> <span class='ocrx_word' id='word_1_146' title='bbox 1644 2183 1740 2237; x_wconf 93' lang='lat' dir='ltr'><strong>ubi</strong></span> <span class='ocrx_word' id='word_1_147' title='bbox 1766 2198 2017 2254; x_wconf 89' lang='lat' dir='ltr'><strong>regnare</strong></span> <span class='ocrx_word' id='word_1_148' title='bbox 2037 2199 2228 2253; x_wconf 87' lang='lat' dir='ltr'><strong>coepe-</strong></span> 
     </span>
    </p>
   </div>
   <div class='ocr_carea' id='block_1_25' title="bbox 563 2272 2220 2349">
    <p class='ocr_par' dir='ltr' id='par_1_25' title="bbox 563 2272 2220 2349">
     <span class='ocr_line' id='line_1_25' title="bbox 563 2272 2220 2349; baseline -0.004 -15"><span class='ocrx_word' id='word_1_149' title='bbox 563 2280 659 2349; x_wconf 88' lang='lat' dir='ltr'><strong>rit,</strong></span> <span class='ocrx_word' id='word_1_150' title='bbox 680 2277 959 2333; x_wconf 87' lang='lat' dir='ltr'><strong>rebellem</strong></span> <span class='ocrx_word' id='word_1_151' title='bbox 989 2290 1279 2347; x_wconf 89' lang='lat' dir='ltr'><strong>quemque</strong></span> <span class='ocrx_word' id='word_1_152' title='bbox 1300 2274 1491 2327; x_wconf 91' lang='lat' dir='ltr'><strong>minus</strong></span> <span class='ocrx_word' id='word_1_153' title='bbox 1510 2288 1791 2326; x_wconf 90' lang='lat' dir='ltr'><strong>ausurum</strong></span> <span class='ocrx_word' id='word_1_154' title='bbox 1813 2273 1869 2324; x_wconf 92' lang='lat' dir='ltr'><strong>in</strong></span> <span class='ocrx_word' id='word_1_155' title='bbox 1893 2287 1978 2340; x_wconf 91' lang='lat' dir='ltr'><strong>se,</strong></span> <span class='ocrx_word' id='word_1_156' title='bbox 2002 2272 2220 2327; x_wconf 83' lang='lat' dir='ltr'><strong>faciius</strong></span> 
     </span>
    </p>
   </div>
   <div class='ocr_carea' id='block_1_26' title="bbox 564 2361 2219 2432">
    <p class='ocr_par' dir='ltr' id='par_1_26' title="bbox 564 2361 2219 2432">
     <span class='ocr_line' id='line_1_26' title="bbox 564 2361 2219 2432; baseline -0.007 -6"><span class='ocrx_word' id='word_1_157' title='bbox 564 2367 988 2426; x_wconf 89' lang='lat' dir='ltr'><strong>conterendum</strong></span> <span class='ocrx_word' id='word_1_158' title='bbox 1044 2381 1077 2418; x_wconf 89' lang='lat' dir='ltr'><strong>a</strong></span> <span class='ocrx_word' id='word_1_159' title='bbox 1106 2379 1191 2418; x_wconf 93' lang='lat' dir='ltr'><strong>se.</strong></span> <span class='ocrx_word' id='word_1_160' title='bbox 1231 2362 1525 2417; x_wconf 68' lang='lat' dir='ltr'><strong>Prtemisit</strong></span> <span class='ocrx_word' id='word_1_161' title='bbox 1556 2377 1698 2432; x_wconf 89' lang='lat' dir='ltr'><strong>ergo</strong></span> <span class='ocrx_word' id='word_1_162' title='bbox 1724 2361 2087 2414; x_wconf 90' lang='lat' dir='ltr'><strong>Lundoniam</strong></span> <span class='ocrx_word' id='word_1_163' title='bbox 2119 2364 2219 2431; x_wconf 92' lang='lat' dir='ltr'><strong>qui</strong></span> 
     </span>
    </p>
   </div>
   <div class='ocr_carea' id='block_1_27' title="bbox 562 2451 2219 2523">
    <p class='ocr_par' dir='ltr' id='par_1_27' title="bbox 562 2451 2219 2523">
     <span class='ocr_line' id='line_1_27' title="bbox 562 2451 2219 2523; baseline -0.005 -10"><span class='ocrx_word' id='word_1_164' title='bbox 562 2458 944 2514; x_wconf 85' lang='lat' dir='ltr'><strong>munitionem</strong></span> <span class='ocrx_word' id='word_1_165' title='bbox 975 2455 1033 2507; x_wconf 91' lang='lat' dir='ltr'><strong>in</strong></span> <span class='ocrx_word' id='word_1_166' title='bbox 1077 2454 1206 2523; x_wconf 90' lang='lat' dir='ltr'><strong>ipsa</strong></span> <span class='ocrx_word' id='word_1_167' title='bbox 1237 2454 1647 2505; x_wconf 88' lang='lat' dir='ltr'><strong>construerent</strong></span> <span class='ocrx_word' id='word_1_168' title='bbox 1678 2451 1822 2503; x_wconf 90' lang='lat' dir='ltr'><strong>urbe</strong></span> <span class='ocrx_word' id='word_1_169' title='bbox 1852 2453 1908 2503; x_wconf 90' lang='lat' dir='ltr'><strong>et</strong></span> <span class='ocrx_word' id='word_1_170' title='bbox 1940 2451 2219 2521; x_wconf 87' lang='lat' dir='ltr'><strong>pleraque</strong></span> 
     </span>
    </p>
   </div>
   <div class='ocr_carea' id='block_1_28' title="bbox 564 2539 2219 2616">
    <p class='ocr_par' dir='ltr' id='par_1_28' title="bbox 564 2539 2219 2616">
     <span class='ocr_line' id='line_1_28' title="bbox 564 2539 2219 2616; baseline -0.005 -14"><span class='ocrx_word' id='word_1_171' title='bbox 564 2545 951 2616; x_wconf 85' lang='lat' dir='ltr'><strong>competentia</strong></span> <span class='ocrx_word' id='word_1_172' title='bbox 980 2542 1144 2613; x_wconf 87' lang='lat' dir='ltr'><strong>regia</strong></span> <span class='ocrx_word' id='word_1_173' title='bbox 1161 2539 1592 2611; x_wconf 84' lang='lat' dir='ltr'><strong>magnificentia</strong></span> <span class='ocrx_word' id='word_1_174' title='bbox 1610 2542 2219 2608; x_wconf 59' lang='lat' dir='ltr'><strong>praepararent,mora-</strong></span> 
     </span>
    </p>
   </div>
   <div class='ocr_carea' id='block_1_29' title="bbox 564 2627 2221 2699">
    <p class='ocr_par' dir='ltr' id='par_1_29' title="bbox 564 2627 2221 2699">
     <span class='ocr_line' id='line_1_29' title="bbox 564 2627 2221 2699; baseline -0.005 -9"><span class='ocrx_word' id='word_1_175' title='bbox 564 2640 733 2690; x_wconf 93' lang='lat' dir='ltr'><strong>turus</strong></span> <span class='ocrx_word' id='word_1_176' title='bbox 760 2632 992 2687; x_wconf 90' lang='lat' dir='ltr'><strong>interim</strong></span> <span class='ocrx_word' id='word_1_177' title='bbox 1023 2645 1129 2699; x_wconf 91' lang='lat' dir='ltr'><strong>per</strong></span> <span class='ocrx_word' id='word_1_178' title='bbox 1156 2630 1368 2682; x_wconf 91' lang='lat' dir='ltr'><strong>vicina.</strong></span> <span class='ocrx_word' id='word_1_179' title='bbox 1407 2628 1754 2681; x_wconf 87' lang='lat' dir='ltr'><strong>Adversitas</strong></span> <span class='ocrx_word' id='word_1_180' title='bbox 1794 2627 1984 2680; x_wconf 93' lang='lat' dir='ltr'><strong>omnis</strong></span> <span class='ocrx_word' id='word_1_181' title='bbox 2018 2629 2221 2696; x_wconf 88' lang='lat' dir='ltr'><strong>procul</strong></span> 
     </span>
    </p>
   </div>
   <div class='ocr_carea' id='block_1_30' title="bbox 564 2716 2221 2793">
    <p class='ocr_par' dir='ltr' id='par_1_30' title="bbox 564 2716 2221 2793">
     <span class='ocr_line' id='line_1_30' title="bbox 564 2716 2221 2793; baseline -0.005 -14"><span class='ocrx_word' id='word_1_182' title='bbox 564 2724 692 2793; x_wconf 87' lang='lat' dir='ltr'><strong>fuit,</strong></span> <span class='ocrx_word' id='word_1_183' title='bbox 726 2721 872 2776; x_wconf 87' lang='lat' dir='ltr'><strong>adeo</strong></span> <span class='ocrx_word' id='word_1_184' title='bbox 902 2721 963 2775; x_wconf 95' lang='lat' dir='ltr'><strong>ut</strong></span> <span class='ocrx_word' id='word_1_185' title='bbox 985 2718 1218 2773; x_wconf 85' lang='lat' dir='ltr'><strong>venatui</strong></span> <span class='ocrx_word' id='word_1_186' title='bbox 1250 2720 1306 2771; x_wconf 92' lang='lat' dir='ltr'><strong>et</strong></span> <span class='ocrx_word' id='word_1_187' title='bbox 1353 2717 1545 2769; x_wconf 91' lang='lat' dir='ltr'><strong>avium</strong></span> <span class='ocrx_word' id='word_1_188' title='bbox 1576 2716 1733 2785; x_wconf 89' lang='lat' dir='ltr'><strong>ludo,</strong></span> <span class='ocrx_word' id='word_1_189' title='bbox 1768 2716 1821 2769; x_wconf 90' lang='lat' dir='ltr'><strong>si</strong></span> <span class='ocrx_word' id='word_1_190' title='bbox 1854 2716 2004 2769; x_wconf 89' lang='lat' dir='ltr'><strong>forte</strong></span> <span class='ocrx_word' id='word_1_191' title='bbox 2036 2717 2221 2786; x_wconf 90' lang='lat' dir='ltr'><strong>libuit,</strong></span> 
     </span>
    </p>
   </div>
   <div class='ocr_carea' id='block_1_31' title="bbox 563 2814 1063 2867">
    <p class='ocr_par' dir='ltr' id='par_1_31' title="bbox 563 2814 1063 2867">
     <span class='ocr_line' id='line_1_31' title="bbox 563 2814 1063 2867; baseline -0.012 0"><span class='ocrx_word' id='word_1_192' title='bbox 563 2828 778 2867; x_wconf 82' lang='lat' dir='ltr'><strong>secure</strong></span> <span class='ocrx_word' id='word_1_193' title='bbox 807 2814 1063 2864; x_wconf 86' lang='lat' dir='ltr'><strong>vacaret.</strong></span> 
     </span>
    </p>
   </div>
   <div class='ocr_carea' id='block_1_32' title="bbox 635 2895 2226 2966">
    <p class='ocr_par' dir='ltr' id='par_1_32' title="bbox 635 2895 2226 2966">
     <span class='ocr_line' id='line_1_32' title="bbox 635 2895 2226 2966; baseline -0.004 -11"><span class='ocrx_word' id='word_1_194' title='bbox 635 2901 740 2956; x_wconf 92' lang='lat' dir='ltr'><strong>Die</strong></span> <span class='ocrx_word' id='word_1_195' title='bbox 762 2896 1112 2955; x_wconf 90' lang='lat' dir='ltr'><strong>ordinationi</strong></span> <span class='ocrx_word' id='word_1_196' title='bbox 1130 2896 1367 2949; x_wconf 88' lang='lat' dir='ltr'><strong>decreto</strong></span> <span class='ocrx_word' id='word_1_197' title='bbox 1386 2895 1652 2950; x_wconf 80' lang='lat' dir='ltr'><strong>elocutus</strong></span> <span class='ocrx_word' id='word_1_198' title='bbox 1673 2895 1743 2948; x_wconf 90' lang='lat' dir='ltr'><strong>ad</strong></span> <span class='ocrx_word' id='word_1_199' title='bbox 1767 2896 1993 2966; x_wconf 79' lang='lat' dir='ltr'><strong>Anglos</strong></span> <span class='ocrx_word' id='word_1_200' title='bbox 2014 2895 2226 2949; x_wconf 79' lang='lat' dir='ltr'><strong>conde-</strong></span> 
     </span>
    </p>
   </div>
   <div class='ocr_carea' id='block_1_33' title="bbox 562 2984 2225 3055">
    <p class='ocr_par' dir='ltr' id='par_1_33' title="bbox 562 2984 2225 3055">
     <span class='ocr_line' id='line_1_33' title="bbox 562 2984 2225 3055; baseline -0.006 -9"><span class='ocrx_word' id='word_1_201' title='bbox 562 2991 716 3047; x_wconf 92' lang='lat' dir='ltr'><strong>centi</strong></span> <span class='ocrx_word' id='word_1_202' title='bbox 748 3001 1022 3043; x_wconf 88' lang='lat' dir='ltr'><strong>sermone</strong></span> <span class='ocrx_word' id='word_1_203' title='bbox 1043 2984 1440 3038; x_wconf 86' lang='lat' dir='ltr'><strong>Eboracensis</strong></span> <span class='ocrx_word' id='word_1_204' title='bbox 1454 2984 1962 3053; x_wconf 88' lang='lat' dir='ltr'><strong>archiepiscopus,</strong></span> <span class='ocrx_word' id='word_1_205' title='bbox 1984 2985 2225 3055; x_wconf 79' lang='lat' dir='ltr'><strong>aequita-</strong></span> 
     </span>
    </p>
   </div>
   <div class='ocr_carea' id='block_1_34' title="bbox 2357 502 3936 584">
    <p class='ocr_par' dir='ltr' id='par_1_34' title="bbox 2357 502 3936 584">
     <span class='ocr_line' id='line_1_34' title="bbox 2357 502 3936 584; baseline 0.011 -31"><span class='ocrx_word' id='word_1_206' title='bbox 2357 502 2533 571; x_wconf 85' lang='lat' dir='ltr'><strong>cujus</strong></span> <span class='ocrx_word' id='word_1_207' title='bbox 2581 505 2754 557; x_wconf 88' lang='lat' dir='ltr'><strong>amita</strong></span> <span class='ocrx_word' id='word_1_208' title='bbox 2810 506 3087 560; x_wconf 82' lang='lat' dir='ltr'><strong>Richardi</strong></span> <span class='ocrx_word' id='word_1_209' title='bbox 3134 510 3379 563; x_wconf 88' lang='lat' dir='ltr'><strong>secundi</strong></span> <span class='ocrx_word' id='word_1_210' title='bbox 3418 526 3607 580; x_wconf 91' lang='lat' dir='ltr'><strong>soror,</strong></span> <span class='ocrx_word' id='word_1_211' title='bbox 3637 514 3760 568; x_wconf 64' lang='lat' dir='ltr'><strong>filiae</strong></span> <span class='ocrx_word' id='word_1_212' title='bbox 3785 516 3936 584; x_wconf 85' lang='lat' dir='ltr'><strong>primi,</strong></span> 
     </span>
    </p>
   </div>
   <div class='ocr_carea' id='block_1_35' title="bbox 2352 590 3334 661">
    <p class='ocr_par' dir='ltr' id='par_1_35' title="bbox 2352 590 3334 661">
     <span class='ocr_line' id='line_1_35' title="bbox 2352 590 3334 661; baseline 0.009 -19"><span class='ocrx_word' id='word_1_213' title='bbox 2352 590 2575 657; x_wconf 79' lang='lat' dir='ltr'><strong>Emme,</strong></span> <span class='ocrx_word' id='word_1_214' title='bbox 2613 593 2868 661; x_wconf 88' lang='lat' dir='ltr'><strong>genitrix</strong></span> <span class='ocrx_word' id='word_1_215' title='bbox 2900 594 3006 647; x_wconf 87' lang='lat' dir='ltr'><strong>fuit</strong></span> <span class='ocrx_word' id='word_1_216' title='bbox 3040 595 3334 651; x_wconf 79' lang='lat' dir='ltr'><strong>Edwardi.</strong></span> 
     </span>
    </p>
   </div>
   <div class='ocr_carea' id='block_1_36' title="bbox 2426 681 3937 754">
    <p class='ocr_par' dir='ltr' id='par_1_36' title="bbox 2426 681 3937 754">
     <span class='ocr_line' id='line_1_36' title="bbox 2426 681 3937 754; baseline 0.009 -22"><span class='ocrx_word' id='word_1_217' title='bbox 2426 681 2567 733; x_wconf 83' lang='lat' dir='ltr'><strong>Post</strong></span> <span class='ocrx_word' id='word_1_218' title='bbox 2623 681 2978 735; x_wconf 79' lang='lat' dir='ltr'><strong>celebratam</strong></span> <span class='ocrx_word' id='word_1_219' title='bbox 3031 685 3475 754; x_wconf 88' lang='lat' dir='ltr'><strong>ordinationem,</strong></span> <span class='ocrx_word' id='word_1_220' title='bbox 3535 704 3646 743; x_wconf 91' lang='lat' dir='ltr'><strong>non</strong></span> <span class='ocrx_word' id='word_1_221' title='bbox 3673 693 3728 743; x_wconf 90' lang='lat' dir='ltr'><strong>ut</strong></span> <span class='ocrx_word' id='word_1_222' title='bbox 3751 691 3937 745; x_wconf 88' lang='lat' dir='ltr'><strong>solitum</strong></span> 
     </span>
    </p>
   </div>
   <div class='ocr_carea' id='block_1_37' title="bbox 2354 770 3936 843">
    <p class='ocr_par' dir='ltr' id='par_1_37' title="bbox 2354 770 3936 843">
     <span class='ocr_line' id='line_1_37' title="bbox 2354 770 3936 843; baseline 0.008 -22"><span class='ocrx_word' id='word_1_223' title='bbox 2354 771 2464 835; x_wconf 90' lang='lat' dir='ltr'><strong>est,</strong></span> <span class='ocrx_word' id='word_1_224' title='bbox 2491 772 2625 838; x_wconf 83' lang='lat' dir='ltr'><strong>post</strong></span> <span class='ocrx_word' id='word_1_225' title='bbox 2654 770 2941 824; x_wconf 88' lang='lat' dir='ltr'><strong>honorum</strong></span> <span class='ocrx_word' id='word_1_226' title='bbox 2962 778 3293 843; x_wconf 87' lang='lat' dir='ltr'><strong>augmenta,</strong></span> <span class='ocrx_word' id='word_1_227' title='bbox 3322 776 3936 842; x_wconf 84' lang='lat' dir='ltr'><strong>fieri,remissiuslauda-</strong></span> 
     </span>
    </p>
   </div>
   <div class='ocr_carea' id='block_1_38' title="bbox 2354 857 3936 936">
    <p class='ocr_par' dir='ltr' id='par_1_38' title="bbox 2354 857 3936 936">
     <span class='ocr_line' id='line_1_38' title="bbox 2354 857 3936 936; baseline 0.008 -27"><span class='ocrx_word' id='word_1_228' title='bbox 2354 857 2493 910; x_wconf 88' lang='lat' dir='ltr'><strong>bilia</strong></span> <span class='ocrx_word' id='word_1_229' title='bbox 2520 872 2727 927; x_wconf 78' lang='lat' dir='ltr'><strong>gerere</strong></span> <span class='ocrx_word' id='word_1_230' title='bbox 2760 860 2952 928; x_wconf 87' lang='lat' dir='ltr'><strong>coepit,</strong></span> <span class='ocrx_word' id='word_1_231' title='bbox 2988 862 3095 914; x_wconf 90' lang='lat' dir='ltr'><strong>sed</strong></span> <span class='ocrx_word' id='word_1_232' title='bbox 3126 878 3279 916; x_wconf 89' lang='lat' dir='ltr'><strong>novo</strong></span> <span class='ocrx_word' id='word_1_233' title='bbox 3312 864 3747 936; x_wconf 89' lang='lat' dir='ltr'><strong>admirandoque</strong></span> <span class='ocrx_word' id='word_1_234' title='bbox 3772 868 3936 922; x_wconf 86' lang='lat' dir='ltr'><strong>ardore</strong></span> 
     </span>
    </p>
   </div>
   <div class='ocr_carea' id='block_1_39' title="bbox 2354 946 3936 1024">
    <p class='ocr_par' dir='ltr' id='par_1_39' title="bbox 2354 946 3936 1024">
     <span class='ocr_line' id='line_1_39' title="bbox 2354 946 3936 1024; baseline 0.008 -26"><span class='ocrx_word' id='word_1_235' title='bbox 2354 946 2424 998; x_wconf 93' lang='lat' dir='ltr'><strong>ad</strong></span> <span class='ocrx_word' id='word_1_236' title='bbox 2442 947 2721 1001; x_wconf 89' lang='lat' dir='ltr'><strong>honestos</strong></span> <span class='ocrx_word' id='word_1_237' title='bbox 2735 951 2790 1001; x_wconf 90' lang='lat' dir='ltr'><strong>et</strong></span> <span class='ocrx_word' id='word_1_238' title='bbox 2802 950 3073 1019; x_wconf 87' lang='lat' dir='ltr'><strong>ingentes</strong></span> <span class='ocrx_word' id='word_1_239' title='bbox 3087 956 3254 1004; x_wconf 89' lang='lat' dir='ltr'><strong>actus</strong></span> <span class='ocrx_word' id='word_1_240' title='bbox 3269 953 3602 1006; x_wconf 89' lang='lat' dir='ltr'><strong>accenditur</strong></span> <span class='ocrx_word' id='word_1_241' title='bbox 3613 954 3936 1024; x_wconf 87' lang='lat' dir='ltr'><strong>dignissimus</strong></span> 
     </span>
    </p>
   </div>
   <div class='ocr_carea' id='block_1_40' title="bbox 2354 1036 3934 1111">
    <p class='ocr_par' dir='ltr' id='par_1_40' title="bbox 2354 1036 3934 1111">
     <span class='ocr_line' id='line_1_40' title="bbox 2354 1036 3934 1111; baseline 0.008 -25"><span class='ocrx_word' id='word_1_242' title='bbox 2354 1050 2477 1101; x_wconf 84' lang='lat' dir='ltr'><strong>rex,</strong></span> <span class='ocrx_word' id='word_1_243' title='bbox 2513 1036 2669 1104; x_wconf 91' lang='lat' dir='ltr'><strong>quod</strong></span> <span class='ocrx_word' id='word_1_244' title='bbox 2700 1051 2933 1105; x_wconf 87' lang='lat' dir='ltr'><strong>nomen,</strong></span> <span class='ocrx_word' id='word_1_245' title='bbox 2967 1040 3159 1107; x_wconf 90' lang='lat' dir='ltr'><strong>posito</strong></span> <span class='ocrx_word' id='word_1_246' title='bbox 3193 1039 3362 1093; x_wconf 90' lang='lat' dir='ltr'><strong>ducis</strong></span> <span class='ocrx_word' id='word_1_247' title='bbox 3394 1043 3642 1111; x_wconf 90' lang='lat' dir='ltr'><strong>nomine,</strong></span> <span class='ocrx_word' id='word_1_248' title='bbox 3676 1043 3839 1097; x_wconf 87' lang='lat' dir='ltr'><strong>libens</strong></span> <span class='ocrx_word' id='word_1_249' title='bbox 3862 1062 3934 1098; x_wconf 87' lang='lat' dir='ltr'><strong>ac-</strong></span> 
     </span>
    </p>
   </div>
   <div class='ocr_carea' id='block_1_41' title="bbox 2353 1125 3933 1200">
    <p class='ocr_par' dir='ltr' id='par_1_41' title="bbox 2353 1125 3933 1200">
     <span class='ocr_line' id='line_1_41' title="bbox 2353 1125 3933 1200; baseline 0.006 -25"><span class='ocrx_word' id='word_1_250' title='bbox 2353 1127 2543 1191; x_wconf 90' lang='lat' dir='ltr'><strong>ceptat</strong></span> <span class='ocrx_word' id='word_1_251' title='bbox 2566 1125 2754 1193; x_wconf 69' lang='lat' dir='ltr'><strong>stylus</strong></span> <span class='ocrx_word' id='word_1_252' title='bbox 2786 1129 3007 1179; x_wconf 91' lang='lat' dir='ltr'><strong>noster.</strong></span> <span class='ocrx_word' id='word_1_253' title='bbox 3041 1126 3441 1182; x_wconf 65' lang='lat' dir='ltr'><strong>Saecularibus</strong></span> <span class='ocrx_word' id='word_1_254' title='bbox 3479 1146 3715 1200; x_wconf 84' lang='lat' dir='ltr'><strong>namque</strong></span> <span class='ocrx_word' id='word_1_255' title='bbox 3741 1147 3796 1185; x_wconf 87' lang='lat' dir='ltr'><strong>ac</strong></span> <span class='ocrx_word' id='word_1_256' title='bbox 3820 1133 3933 1186; x_wconf 85' lang='lat' dir='ltr'><strong>divi-</strong></span> 
     </span>
    </p>
   </div>
   <div class='ocr_carea' id='block_1_42' title="bbox 2355 1211 3932 1289">
    <p class='ocr_par' dir='ltr' id='par_1_42' title="bbox 2355 1211 3932 1289">
     <span class='ocr_line' id='line_1_42' title="bbox 2355 1211 3932 1289; baseline 0.007 -26"><span class='ocrx_word' id='word_1_257' title='bbox 2355 1211 2449 1263; x_wconf 90' lang='lat' dir='ltr'><strong>nis</strong></span> <span class='ocrx_word' id='word_1_258' title='bbox 2479 1228 2713 1279; x_wconf 89' lang='lat' dir='ltr'><strong>operam</strong></span> <span class='ocrx_word' id='word_1_259' title='bbox 2745 1213 3114 1282; x_wconf 84' lang='lat' dir='ltr'><strong>impendebat</strong></span> <span class='ocrx_word' id='word_1_260' title='bbox 3137 1220 3436 1270; x_wconf 88' lang='lat' dir='ltr'><strong>strenuam</strong></span> <span class='ocrx_word' id='word_1_261' title='bbox 3455 1220 3727 1289; x_wconf 85' lang='lat' dir='ltr'><strong>utrisque,</strong></span> <span class='ocrx_word' id='word_1_262' title='bbox 3756 1222 3812 1274; x_wconf 90' lang='lat' dir='ltr'><strong>ad</strong></span> <span class='ocrx_word' id='word_1_263' title='bbox 3833 1237 3932 1274; x_wconf 84' lang='lat' dir='ltr'><strong>sur-</strong></span> 
     </span>
    </p>
   </div>
   <div class='ocr_carea' id='block_1_43' title="bbox 2355 1300 3930 1377">
    <p class='ocr_par' dir='ltr' id='par_1_43' title="bbox 2355 1300 3930 1377">
     <span class='ocr_line' id='line_1_43' title="bbox 2355 1300 3930 1377; baseline 0.007 -26"><span class='ocrx_word' id='word_1_264' title='bbox 2355 1300 2557 1353; x_wconf 88' lang='lat' dir='ltr'><strong>vitium</strong></span> <span class='ocrx_word' id='word_1_265' title='bbox 2589 1305 2777 1354; x_wconf 90' lang='lat' dir='ltr'><strong>tamen</strong></span> <span class='ocrx_word' id='word_1_266' title='bbox 2815 1303 2998 1372; x_wconf 74' lang='lat' dir='ltr'><strong>Regis</strong></span> <span class='ocrx_word' id='word_1_267' title='bbox 3028 1306 3287 1359; x_wconf 91' lang='lat' dir='ltr'><strong>omnium</strong></span> <span class='ocrx_word' id='word_1_268' title='bbox 3304 1322 3511 1377; x_wconf 88' lang='lat' dir='ltr'><strong>regum</strong></span> <span class='ocrx_word' id='word_1_269' title='bbox 3531 1324 3629 1362; x_wconf 93' lang='lat' dir='ltr'><strong>cor</strong></span> <span class='ocrx_word' id='word_1_270' title='bbox 3644 1310 3930 1377; x_wconf 87' lang='lat' dir='ltr'><strong>propensius</strong></span> 
     </span>
    </p>
   </div>
   <div class='ocr_carea' id='block_1_44' title="bbox 2354 1388 3930 1465">
    <p class='ocr_par' dir='ltr' id='par_1_44' title="bbox 2354 1388 3930 1465">
     <span class='ocr_line' id='line_1_44' title="bbox 2354 1388 3930 1465; baseline 0.007 -26"><span class='ocrx_word' id='word_1_271' title='bbox 2354 1388 2622 1455; x_wconf 85' lang='lat' dir='ltr'><strong>habebat,</strong></span> <span class='ocrx_word' id='word_1_272' title='bbox 2642 1390 2857 1458; x_wconf 84' lang='lat' dir='ltr'><strong>quippe</strong></span> <span class='ocrx_word' id='word_1_273' title='bbox 2891 1391 2985 1443; x_wconf 90' lang='lat' dir='ltr'><strong>cui</strong></span> <span class='ocrx_word' id='word_1_274' title='bbox 3017 1407 3161 1446; x_wconf 91' lang='lat' dir='ltr'><strong>suos</strong></span> <span class='ocrx_word' id='word_1_275' title='bbox 3184 1399 3503 1461; x_wconf 89' lang='lat' dir='ltr'><strong>provectus</strong></span> <span class='ocrx_word' id='word_1_276' title='bbox 3522 1398 3813 1465; x_wconf 83' lang='lat' dir='ltr'><strong>reputabat,</strong></span> <span class='ocrx_word' id='word_1_277' title='bbox 3831 1414 3930 1451; x_wconf 83' lang='lat' dir='ltr'><strong>con-</strong></span> 
     </span>
    </p>
   </div>
   <div class='ocr_carea' id='block_1_45' title="bbox 2349 1479 3929 1545">
    <p class='ocr_par' dir='ltr' id='par_1_45' title="bbox 2349 1479 3929 1545">
     <span class='ocr_line' id='line_1_45' title="bbox 2349 1479 3929 1545; baseline 0.007 -18"><span class='ocrx_word' id='word_1_278' title='bbox 2349 1480 2435 1528; x_wconf 92' lang='lat' dir='ltr'><strong>tra</strong></span> <span class='ocrx_word' id='word_1_279' title='bbox 2492 1492 2664 1545; x_wconf 88' lang='lat' dir='ltr'><strong>quem</strong></span> <span class='ocrx_word' id='word_1_280' title='bbox 2717 1479 2969 1545; x_wconf 91' lang='lat' dir='ltr'><strong>potentia</strong></span> <span class='ocrx_word' id='word_1_281' title='bbox 3027 1483 3127 1533; x_wconf 92' lang='lat' dir='ltr'><strong>aut</strong></span> <span class='ocrx_word' id='word_1_282' title='bbox 3184 1481 3300 1534; x_wconf 90' lang='lat' dir='ltr'><strong>vita</strong></span> <span class='ocrx_word' id='word_1_283' title='bbox 3355 1485 3641 1538; x_wconf 90' lang='lat' dir='ltr'><strong>neminem</strong></span> <span class='ocrx_word' id='word_1_284' title='bbox 3669 1486 3929 1539; x_wconf 87' lang='lat' dir='ltr'><strong>mortalium</strong></span> 
     </span>
    </p>
   </div>
   <div class='ocr_carea' id='block_1_46' title="bbox 2345 1566 3929 1642">
    <p class='ocr_par' dir='ltr' id='par_1_46' title="bbox 2345 1566 3929 1642">
     <span class='ocr_line' id='line_1_46' title="bbox 2345 1566 3929 1642; baseline 0.007 -26"><span class='ocrx_word' id='word_1_285' title='bbox 2345 1566 2515 1632; x_wconf 89' lang='lat' dir='ltr'><strong>potiri</strong></span> <span class='ocrx_word' id='word_1_286' title='bbox 2548 1566 2646 1617; x_wconf 89' lang='lat' dir='ltr'><strong>diu</strong></span> <span class='ocrx_word' id='word_1_287' title='bbox 2681 1581 2858 1635; x_wconf 91' lang='lat' dir='ltr'><strong>posse</strong></span> <span class='ocrx_word' id='word_1_288' title='bbox 2890 1567 3136 1635; x_wconf 87' lang='lat' dir='ltr'><strong>sciebat,</strong></span> <span class='ocrx_word' id='word_1_289' title='bbox 3159 1585 3190 1620; x_wconf 89' lang='lat' dir='ltr'><strong>a</strong></span> <span class='ocrx_word' id='word_1_290' title='bbox 3222 1585 3338 1639; x_wconf 85' lang='lat' dir='ltr'><strong>quo</strong></span> <span class='ocrx_word' id='word_1_291' title='bbox 3377 1573 3621 1642; x_wconf 81' lang='lat' dir='ltr'><strong>gloriam</strong></span> <span class='ocrx_word' id='word_1_292' title='bbox 3665 1575 3929 1628; x_wconf 79' lang='lat' dir='ltr'><strong>intamina-</strong></span> 
     </span>
    </p>
   </div>
   <div class='ocr_carea' id='block_1_47' title="bbox 2347 1654 3927 1731">
    <p class='ocr_par' dir='ltr' id='par_1_47' title="bbox 2347 1654 3927 1731">
     <span class='ocr_line' id='line_1_47' title="bbox 2347 1654 3927 1731; baseline 0.007 -26"><span class='ocrx_word' id='word_1_293' title='bbox 2347 1654 2543 1721; x_wconf 87' lang='lat' dir='ltr'><strong>bilem,</strong></span> <span class='ocrx_word' id='word_1_294' title='bbox 2562 1654 2658 1707; x_wconf 88' lang='lat' dir='ltr'><strong>ubi</strong></span> <span class='ocrx_word' id='word_1_295' title='bbox 2680 1656 3057 1723; x_wconf 89' lang='lat' dir='ltr'><strong>temporalem</strong></span> <span class='ocrx_word' id='word_1_296' title='bbox 3090 1657 3301 1725; x_wconf 79' lang='lat' dir='ltr'><strong>finiret,</strong></span> <span class='ocrx_word' id='word_1_297' title='bbox 3325 1662 3779 1729; x_wconf 82' lang='lat' dir='ltr'><strong>exspectabat.ln</strong></span> <span class='ocrx_word' id='word_1_298' title='bbox 3797 1663 3927 1731; x_wconf 67' lang='lat' dir='ltr'><strong>hujus</strong></span> 
     </span>
    </p>
   </div>
   <div class='ocr_carea' id='block_1_48' title="bbox 2266 1742 3925 1824">
    <p class='ocr_par' dir='ltr' id='par_1_48' title="bbox 2266 1742 3925 1824">
     <span class='ocr_line' id='line_1_48' title="bbox 2266 1742 3925 1824; baseline 0.004 -29"><span class='ocrx_word' id='word_1_299' title='bbox 2266 1763 2316 1824; x_wconf 80' lang='grc' dir='ltr'>Β</span> <span class='ocrx_word' id='word_1_300' title='bbox 2345 1757 2489 1811; x_wconf 87' lang='lat' dir='ltr'><strong>ergo</strong></span> <span class='ocrx_word' id='word_1_301' title='bbox 2546 1742 2917 1810; x_wconf 87' lang='lat' dir='ltr'><strong>imperatoris</strong></span> <span class='ocrx_word' id='word_1_302' title='bbox 2964 1746 3136 1813; x_wconf 88' lang='lat' dir='ltr'><strong>quasi</strong></span> <span class='ocrx_word' id='word_1_303' title='bbox 3180 1747 3463 1801; x_wconf 89' lang='lat' dir='ltr'><strong>tributum</strong></span> <span class='ocrx_word' id='word_1_304' title='bbox 3507 1749 3665 1819; x_wconf 88' lang='lat' dir='ltr'><strong>large</strong></span> <span class='ocrx_word' id='word_1_305' title='bbox 3703 1752 3925 1820; x_wconf 72' lang='lat' dir='ltr'><strong>erogavit,</strong></span> 
     </span>
    </p>
   </div>
   <div class='ocr_carea' id='block_1_49' title="bbox 2344 1830 3924 1901">
    <p class='ocr_par' dir='ltr' id='par_1_49' title="bbox 2344 1830 3924 1901">
     <span class='ocr_line' id='line_1_49' title="bbox 2344 1830 3924 1901; baseline 0.005 -18"><span class='ocrx_word' id='word_1_306' title='bbox 2344 1830 2499 1900; x_wconf 91' lang='lat' dir='ltr'><strong>quod</strong></span> <span class='ocrx_word' id='word_1_307' title='bbox 2526 1830 2762 1885; x_wconf 35' lang='lat' dir='ltr'><strong>l‘leroldi</strong></span> <span class='ocrx_word' id='word_1_308' title='bbox 2790 1832 2955 1901; x_wconf 89' lang='lat' dir='ltr'><strong>regis</strong></span> <span class='ocrx_word' id='word_1_309' title='bbox 2988 1834 3261 1886; x_wconf 74' lang='lat' dir='ltr'><strong>aerarium</strong></span> <span class='ocrx_word' id='word_1_310' title='bbox 3293 1851 3473 1888; x_wconf 80' lang='lat' dir='ltr'><strong>avare</strong></span> <span class='ocrx_word' id='word_1_311' title='bbox 3504 1837 3742 1890; x_wconf 87' lang='lat' dir='ltr'><strong>inclusit.</strong></span> <span class='ocrx_word' id='word_1_312' title='bbox 3781 1838 3924 1890; x_wconf 75' lang='lat' dir='ltr'><strong>Terrae</strong></span> 
     </span>
    </p>
   </div>
   <div class='ocr_carea' id='block_1_50' title="bbox 2346 1918 3925 1995">
    <p class='ocr_par' dir='ltr' id='par_1_50' title="bbox 2346 1918 3925 1995">
     <span class='ocr_line' id='line_1_50' title="bbox 2346 1918 3925 1995; baseline 0.005 -25"><span class='ocrx_word' id='word_1_313' title='bbox 2346 1919 2423 1971; x_wconf 89' lang='lat' dir='ltr'><strong>illi</strong></span> <span class='ocrx_word' id='word_1_314' title='bbox 2458 1934 2565 1971; x_wconf 90' lang='lat' dir='ltr'><strong>sua</strong></span> <span class='ocrx_word' id='word_1_315' title='bbox 2596 1918 2890 1972; x_wconf 77' lang='lat' dir='ltr'><strong>fertilitate</strong></span> <span class='ocrx_word' id='word_1_316' title='bbox 2910 1920 3119 1988; x_wconf 66' lang='lat' dir='ltr'><strong>opimae</strong></span> <span class='ocrx_word' id='word_1_317' title='bbox 3138 1921 3479 1977; x_wconf 87' lang='lat' dir='ltr'><strong>uberiorem</strong></span> <span class='ocrx_word' id='word_1_318' title='bbox 3499 1926 3814 1995; x_wconf 87' lang='lat' dir='ltr'><strong>opulentiam</strong></span> <span class='ocrx_word' id='word_1_319' title='bbox 3829 1941 3925 1979; x_wconf 84' lang='lat' dir='ltr'><strong>con-</strong></span> 
     </span>
    </p>
   </div>
   <div class='ocr_carea' id='block_1_51' title="bbox 2345 2007 3920 2083">
    <p class='ocr_par' dir='ltr' id='par_1_51' title="bbox 2345 2007 3920 2083">
     <span class='ocr_line' id='line_1_51' title="bbox 2345 2007 3920 2083; baseline 0.003 -23"><span class='ocrx_word' id='word_1_320' title='bbox 2345 2010 2578 2075; x_wconf 90' lang='lat' dir='ltr'><strong>portare</strong></span> <span class='ocrx_word' id='word_1_321' title='bbox 2634 2007 2793 2061; x_wconf 91' lang='lat' dir='ltr'><strong>soliti</strong></span> <span class='ocrx_word' id='word_1_322' title='bbox 2842 2013 2981 2061; x_wconf 91' lang='lat' dir='ltr'><strong>sunt</strong></span> <span class='ocrx_word' id='word_1_323' title='bbox 3020 2011 3424 2081; x_wconf 86' lang='lat' dir='ltr'><strong>negotiatores</strong></span> <span class='ocrx_word' id='word_1_324' title='bbox 3482 2030 3619 2083; x_wconf 87' lang='lat' dir='ltr'><strong>gaza</strong></span> <span class='ocrx_word' id='word_1_325' title='bbox 3665 2015 3920 2068; x_wconf 79' lang='lat' dir='ltr'><strong>advectitia.</strong></span> 
     </span>
    </p>
   </div>
   <div class='ocr_carea' id='block_1_52' title="bbox 2349 2095 3921 2171">
    <p class='ocr_par' dir='ltr' id='par_1_52' title="bbox 2349 2095 3921 2171">
     <span class='ocr_line' id='line_1_52' title="bbox 2349 2095 3921 2171; baseline 0.004 -25"><span class='ocrx_word' id='word_1_326' title='bbox 2349 2095 2583 2148; x_wconf 84' lang='lat' dir='ltr'><strong>Maximi</strong></span> <span class='ocrx_word' id='word_1_327' title='bbox 2600 2111 2867 2163; x_wconf 85' lang='lat' dir='ltr'><strong>numero,</strong></span> <span class='ocrx_word' id='word_1_328' title='bbox 2891 2113 3130 2166; x_wconf 86' lang='lat' dir='ltr'><strong>genere,</strong></span> <span class='ocrx_word' id='word_1_329' title='bbox 3150 2099 3396 2154; x_wconf 84' lang='lat' dir='ltr'><strong>artificio</strong></span> <span class='ocrx_word' id='word_1_330' title='bbox 3417 2101 3671 2155; x_wconf 88' lang='lat' dir='ltr'><strong>thesauri</strong></span> <span class='ocrx_word' id='word_1_331' title='bbox 3685 2102 3921 2171; x_wconf 86' lang='lat' dir='ltr'><strong>compositi</strong></span> 
     </span>
    </p>
   </div>
   <div class='ocr_carea' id='block_1_53' title="bbox 2348 2183 3923 2260">
    <p class='ocr_par' dir='ltr' id='par_1_53' title="bbox 2348 2183 3923 2260">
     <span class='ocr_line' id='line_1_53' title="bbox 2348 2183 3923 2260; baseline 0.004 -25"><span class='ocrx_word' id='word_1_332' title='bbox 2348 2183 2597 2251; x_wconf 83' lang='lat' dir='ltr'><strong>fuerant,</strong></span> <span class='ocrx_word' id='word_1_333' title='bbox 2645 2188 2743 2237; x_wconf 87' lang='lat' dir='ltr'><strong>aut</strong></span> <span class='ocrx_word' id='word_1_334' title='bbox 2783 2186 3152 2239; x_wconf 89' lang='lat' dir='ltr'><strong>custodiendi</strong></span> <span class='ocrx_word' id='word_1_335' title='bbox 3182 2188 3249 2241; x_wconf 88' lang='lat' dir='ltr'><strong>ad</strong></span> <span class='ocrx_word' id='word_1_336' title='bbox 3276 2205 3492 2243; x_wconf 90' lang='lat' dir='ltr'><strong>vanum</strong></span> <span class='ocrx_word' id='word_1_337' title='bbox 3514 2191 3766 2260; x_wconf 88' lang='lat' dir='ltr'><strong>gaudium</strong></span> <span class='ocrx_word' id='word_1_338' title='bbox 3783 2192 3923 2243; x_wconf 82' lang='lat' dir='ltr'><strong>avari-</strong></span> 
     </span>
    </p>
   </div>
   <div class='ocr_carea' id='block_1_54' title="bbox 2348 2273 3920 2345">
    <p class='ocr_par' dir='ltr' id='par_1_54' title="bbox 2348 2273 3920 2345">
     <span class='ocr_line' id='line_1_54' title="bbox 2348 2273 3920 2345; baseline 0.004 -21"><span class='ocrx_word' id='word_1_339' title='bbox 2348 2274 2463 2338; x_wconf 56' lang='lat' dir='ltr'><strong>tiae,</strong></span> <span class='ocrx_word' id='word_1_340' title='bbox 2497 2276 2594 2325; x_wconf 86' lang='lat' dir='ltr'><strong>aut</strong></span> <span class='ocrx_word' id='word_1_341' title='bbox 2618 2273 2759 2326; x_wconf 87' lang='lat' dir='ltr'><strong>luxu</strong></span> <span class='ocrx_word' id='word_1_342' title='bbox 2778 2274 3029 2343; x_wconf 83' lang='lat' dir='ltr'><strong>Anglico</strong></span> <span class='ocrx_word' id='word_1_343' title='bbox 3046 2276 3291 2345; x_wconf 89' lang='lat' dir='ltr'><strong>turpiter</strong></span> <span class='ocrx_word' id='word_1_344' title='bbox 3313 2280 3710 2332; x_wconf 87' lang='lat' dir='ltr'><strong>consumendi.</strong></span> <span class='ocrx_word' id='word_1_345' title='bbox 3728 2277 3920 2341; x_wconf 86' lang='lat' dir='ltr'><strong>Quorum</strong></span> 
     </span>
    </p>
   </div>
   <div class='ocr_carea' id='block_1_55' title="bbox 2345 2362 3919 2437">
    <p class='ocr_par' dir='ltr' id='par_1_55' title="bbox 2345 2362 3919 2437">
     <span class='ocr_line' id='line_1_55' title="bbox 2345 2362 3919 2437; baseline 0.005 -24"><span class='ocrx_word' id='word_1_346' title='bbox 2345 2364 2570 2430; x_wconf 88' lang='lat' dir='ltr'><strong>partem</strong></span> <span class='ocrx_word' id='word_1_347' title='bbox 2601 2362 2671 2414; x_wconf 88' lang='lat' dir='ltr'><strong>ad</strong></span> <span class='ocrx_word' id='word_1_348' title='bbox 2703 2363 3011 2416; x_wconf 90' lang='lat' dir='ltr'><strong>ministros</strong></span> <span class='ocrx_word' id='word_1_349' title='bbox 3034 2364 3287 2418; x_wconf 87' lang='lat' dir='ltr'><strong>confecti</strong></span> <span class='ocrx_word' id='word_1_350' title='bbox 3308 2367 3449 2420; x_wconf 89' lang='lat' dir='ltr'><strong>belli</strong></span> <span class='ocrx_word' id='word_1_351' title='bbox 3469 2367 3919 2437; x_wconf 78' lang='lat' dir='ltr'><strong>magniﬁceeroga-</strong></span> 
     </span>
    </p>
   </div>
   <div class='ocr_carea' id='block_1_56' title="bbox 2345 2450 3919 2525">
    <p class='ocr_par' dir='ltr' id='par_1_56' title="bbox 2345 2450 3919 2525">
     <span class='ocr_line' id='line_1_56' title="bbox 2345 2450 3919 2525; baseline 0.003 -24"><span class='ocrx_word' id='word_1_352' title='bbox 2345 2450 2445 2516; x_wconf 90' lang='lat' dir='ltr'><strong>vit,</strong></span> <span class='ocrx_word' id='word_1_353' title='bbox 2471 2450 2718 2518; x_wconf 89' lang='lat' dir='ltr'><strong>plurima</strong></span> <span class='ocrx_word' id='word_1_354' title='bbox 2748 2468 2815 2504; x_wconf 89' lang='lat' dir='ltr'><strong>ac</strong></span> <span class='ocrx_word' id='word_1_355' title='bbox 2842 2452 3277 2519; x_wconf 87' lang='lat' dir='ltr'><strong>pretiosissima</strong></span> <span class='ocrx_word' id='word_1_356' title='bbox 3307 2456 3518 2525; x_wconf 89' lang='lat' dir='ltr'><strong>egenis</strong></span> <span class='ocrx_word' id='word_1_357' title='bbox 3545 2460 3597 2510; x_wconf 91' lang='lat' dir='ltr'><strong>et</strong></span> <span class='ocrx_word' id='word_1_358' title='bbox 3626 2455 3919 2509; x_wconf 84' lang='lat' dir='ltr'><strong>monasteriis</strong></span> 
     </span>
    </p>
   </div>
   <div class='ocr_carea' id='block_1_57' title="bbox 2343 2538 3917 2607">
    <p class='ocr_par' dir='ltr' id='par_1_57' title="bbox 2343 2538 3917 2607">
     <span class='ocr_line' id='line_1_57' title="bbox 2343 2538 3917 2607; baseline 0.003 -18"><span class='ocrx_word' id='word_1_359' title='bbox 2343 2538 2713 2591; x_wconf 88' lang='lat' dir='ltr'><strong>diversarum</strong></span> <span class='ocrx_word' id='word_1_360' title='bbox 2744 2540 3180 2607; x_wconf 89' lang='lat' dir='ltr'><strong>provinciarum</strong></span> <span class='ocrx_word' id='word_1_361' title='bbox 3203 2542 3525 2597; x_wconf 86' lang='lat' dir='ltr'><strong>distribuit.</strong></span> <span class='ocrx_word' id='word_1_362' title='bbox 3559 2545 3617 2597; x_wconf 90' lang='lat' dir='ltr'><strong>ld</strong></span> <span class='ocrx_word' id='word_1_363' title='bbox 3648 2543 3917 2597; x_wconf 83' lang='lat' dir='ltr'><strong>muniﬁcen-</strong></span> 
     </span>
    </p>
   </div>
   <div class='ocr_carea' id='block_1_58' title="bbox 2346 2627 3916 2702">
    <p class='ocr_par' dir='ltr' id='par_1_58' title="bbox 2346 2627 3916 2702">
     <span class='ocr_line' id='line_1_58' title="bbox 2346 2627 3916 2702; baseline 0.001 -23"><span class='ocrx_word' id='word_1_364' title='bbox 2346 2628 2437 2679; x_wconf 68' lang='lat' dir='ltr'><strong>tiae</strong></span> <span class='ocrx_word' id='word_1_365' title='bbox 2461 2627 2715 2680; x_wconf 90' lang='lat' dir='ltr'><strong>studium</strong></span> <span class='ocrx_word' id='word_1_366' title='bbox 2739 2628 2962 2698; x_wconf 79' lang='lat' dir='ltr'><strong>adjuvit</strong></span> <span class='ocrx_word' id='word_1_367' title='bbox 2980 2644 3096 2683; x_wconf 91' lang='lat' dir='ltr'><strong>non</strong></span> <span class='ocrx_word' id='word_1_368' title='bbox 3114 2631 3382 2685; x_wconf 91' lang='lat' dir='ltr'><strong>modicus</strong></span> <span class='ocrx_word' id='word_1_369' title='bbox 3402 2647 3789 2702; x_wconf 89' lang='lat' dir='ltr'><strong>census,quem</strong></span> <span class='ocrx_word' id='word_1_370' title='bbox 3802 2630 3916 2683; x_wconf 80' lang='lat' dir='ltr'><strong>undi-</strong></span> 
     </span>
    </p>
   </div>
   <div class='ocr_carea' id='block_1_59' title="bbox 2343 2716 3914 2791">
    <p class='ocr_par' dir='ltr' id='par_1_59' title="bbox 2343 2716 3914 2791">
     <span class='ocr_line' id='line_1_59' title="bbox 2343 2716 3914 2791; baseline 0.001 -24"><span class='ocrx_word' id='word_1_371' title='bbox 2343 2731 2456 2785; x_wconf 85' lang='lat' dir='ltr'><strong>que</strong></span> <span class='ocrx_word' id='word_1_372' title='bbox 2479 2716 2744 2769; x_wconf 90' lang='lat' dir='ltr'><strong>civitates</strong></span> <span class='ocrx_word' id='word_1_373' title='bbox 2778 2722 2833 2769; x_wconf 92' lang='lat' dir='ltr'><strong>et</strong></span> <span class='ocrx_word' id='word_1_374' title='bbox 2851 2718 3173 2786; x_wconf 89' lang='lat' dir='ltr'><strong>locupletes</strong></span> <span class='ocrx_word' id='word_1_375' title='bbox 3195 2720 3416 2791; x_wconf 89' lang='lat' dir='ltr'><strong>quique</strong></span> <span class='ocrx_word' id='word_1_376' title='bbox 3439 2722 3744 2775; x_wconf 88' lang='lat' dir='ltr'><strong>obtulerant</strong></span> <span class='ocrx_word' id='word_1_377' title='bbox 3756 2719 3914 2773; x_wconf 82' lang='lat' dir='ltr'><strong>novitio</strong></span> 
     </span>
    </p>
   </div>
   <div class='ocr_carea' id='block_1_60' title="bbox 2342 2805 3912 2879">
    <p class='ocr_par' dir='ltr' id='par_1_60' title="bbox 2342 2805 3912 2879">
     <span class='ocr_line' id='line_1_60' title="bbox 2342 2805 3912 2879; baseline 0 -22"><span class='ocrx_word' id='word_1_378' title='bbox 2342 2805 2596 2857; x_wconf 91' lang='lat' dir='ltr'><strong>domino.</strong></span> <span class='ocrx_word' id='word_1_379' title='bbox 2618 2805 2896 2858; x_wconf 71' lang='lat' dir='ltr'><strong>Romanae</strong></span> <span class='ocrx_word' id='word_1_380' title='bbox 2909 2806 3180 2861; x_wconf 70' lang='lat' dir='ltr'><strong>ecclesiae</strong></span> <span class='ocrx_word' id='word_1_381' title='bbox 3206 2808 3409 2863; x_wconf 88' lang='lat' dir='ltr'><strong>Sancti</strong></span> <span class='ocrx_word' id='word_1_382' title='bbox 3438 2810 3592 2864; x_wconf 88' lang='lat' dir='ltr'><strong>Petri</strong></span> <span class='ocrx_word' id='word_1_383' title='bbox 3608 2809 3860 2879; x_wconf 87' lang='lat' dir='ltr'><strong>pecuniam</strong></span> <span class='ocrx_word' id='word_1_384' title='bbox 3876 2806 3912 2857; x_wconf 89' lang='lat' dir='ltr'><strong>in</strong></span> 
     </span>
    </p>
   </div>
   <div class='ocr_carea' id='block_1_61' title="bbox 2340 2893 3911 2967">
    <p class='ocr_par' dir='ltr' id='par_1_61' title="bbox 2340 2893 3911 2967">
     <span class='ocr_line' id='line_1_61' title="bbox 2340 2893 3911 2967; baseline 0 -23"><span class='ocrx_word' id='word_1_385' title='bbox 2340 2908 2483 2945; x_wconf 91' lang='lat' dir='ltr'><strong>auro</strong></span> <span class='ocrx_word' id='word_1_386' title='bbox 2514 2897 2686 2963; x_wconf 90' lang='lat' dir='ltr'><strong>atque</strong></span> <span class='ocrx_word' id='word_1_387' title='bbox 2707 2898 2955 2964; x_wconf 89' lang='lat' dir='ltr'><strong>argento</strong></span> <span class='ocrx_word' id='word_1_388' title='bbox 2985 2895 3325 2963; x_wconf 90' lang='lat' dir='ltr'><strong>ampliorem</strong></span> <span class='ocrx_word' id='word_1_389' title='bbox 3345 2913 3521 2967; x_wconf 89' lang='lat' dir='ltr'><strong>quam</strong></span> <span class='ocrx_word' id='word_1_390' title='bbox 3544 2899 3690 2952; x_wconf 86' lang='lat' dir='ltr'><strong>dictu</strong></span> <span class='ocrx_word' id='word_1_391' title='bbox 3704 2893 3911 2950; x_wconf 83' lang='lat' dir='ltr'><strong>credibile</strong></span> 
     </span>
    </p>
   </div>
   <div class='ocr_carea' id='block_1_62' title="bbox 2342 2981 3908 3056">
    <p class='ocr_par' dir='ltr' id='par_1_62' title="bbox 2342 2981 3908 3056">
     <span class='ocr_line' id='line_1_62' title="bbox 2342 2981 3908 3056; baseline 0 -23"><span class='ocrx_word' id='word_1_392' title='bbox 2342 2981 2437 3048; x_wconf 91' lang='lat' dir='ltr'><strong>sit,</strong></span> <span class='ocrx_word' id='word_1_393' title='bbox 2473 2985 2530 3034; x_wconf 90' lang='lat' dir='ltr'><strong>ct</strong></span> <span class='ocrx_word' id='word_1_394' title='bbox 2560 2985 2903 3034; x_wconf 85' lang='lat' dir='ltr'><strong>ornamenta</strong></span> <span class='ocrx_word' id='word_1_395' title='bbox 2934 2999 3066 3052; x_wconf 68' lang='lat' dir='ltr'><strong>quae</strong></span> <span class='ocrx_word' id='word_1_396' title='bbox 3090 2984 3412 3038; x_wconf 86' lang='lat' dir='ltr'><strong>Bizantium</strong></span> <span class='ocrx_word' id='word_1_397' title='bbox 3428 2987 3700 3056; x_wconf 88' lang='lat' dir='ltr'><strong>perchara</strong></span> <span class='ocrx_word' id='word_1_398' title='bbox 3719 2985 3908 3045; x_wconf 78' lang='lat' dir='ltr'><strong>haberet,</strong></span> 
     </span>
    </p>
   </div>
   <div class='ocr_carea' id='block_1_63' title="bbox 561 3069 3909 3182">
    <p class='ocr_par' dir='ltr' id='par_1_63' title="bbox 561 3069 3909 3182">
     <span class='ocr_line' id='line_1_63' title="bbox 561 3069 3909 3182; baseline -0.004 -48"><span class='ocrx_word' id='word_1_399' title='bbox 561 3082 677 3135; x_wconf 89' lang='lat' dir='ltr'><strong>tem</strong></span> <span class='ocrx_word' id='word_1_400' title='bbox 736 3076 905 3131; x_wconf 88' lang='lat' dir='ltr'><strong>valde</strong></span> <span class='ocrx_word' id='word_1_401' title='bbox 949 3089 1174 3141; x_wconf 88' lang='lat' dir='ltr'><strong>amans,</strong></span> <span class='ocrx_word' id='word_1_402' title='bbox 1226 3088 1353 3127; x_wconf 81' lang='lat' dir='ltr'><strong>aevo</strong></span> <span class='ocrx_word' id='word_1_403' title='bbox 1384 3076 1669 3140; x_wconf 89' lang='lat' dir='ltr'><strong>maturus,</strong></span> <span class='ocrx_word' id='word_1_404' title='bbox 1704 3074 1968 3142; x_wconf 88' lang='lat' dir='ltr'><strong>sapiens,</strong></span> <span class='ocrx_word' id='word_1_405' title='bbox 2003 3073 2217 3141; x_wconf 90' lang='lat' dir='ltr'><strong>bonus,</strong></span> <span class='ocrx_word' id='word_1_406' title='bbox 2261 3120 2314 3182; x_wconf 70' lang='grc' dir='ltr'>Ο</span> <span class='ocrx_word' id='word_1_407' title='bbox 2341 3069 2398 3121; x_wconf 91' lang='lat' dir='ltr'><strong>in</strong></span> <span class='ocrx_word' id='word_1_408' title='bbox 2430 3085 2661 3123; x_wconf 89' lang='lat' dir='ltr'><strong>manum</strong></span> <span class='ocrx_word' id='word_1_409' title='bbox 2696 3070 3013 3124; x_wconf 81' lang='lat' dir='ltr'><strong>Alexandri</strong></span> <span class='ocrx_word' id='word_1_410' title='bbox 3041 3087 3206 3141; x_wconf 70' lang='lat' dir='ltr'><strong>papae</strong></span> <span class='ocrx_word' id='word_1_411' title='bbox 3237 3076 3583 3129; x_wconf 89' lang='lat' dir='ltr'><strong>transmisit.</strong></span> <span class='ocrx_word' id='word_1_412' title='bbox 3615 3069 3909 3127; x_wconf 80' lang='lat' dir='ltr'><strong>Memorabile</strong></span> 
     </span>
     <span class='ocr_line' id='line_1_64' title="bbox 597 3160 3906 3182; baseline 0 0"><span class='ocrx_word' id='word_1_413' title='bbox 597 3167 613 3182; x_wconf 65' lang='grc' dir='ltr'>ι</span> <span class='ocrx_word' id='word_1_414' title='bbox 755 3181 761 3182; x_wconf 60' lang='lat'><strong><em>,</em></strong></span> <span class='ocrx_word' id='word_1_415' title='bbox 796 3181 802 3182; x_wconf 60' lang='lat'><strong><em>,</em></strong></span> <span class='ocrx_word' id='word_1_416' title='bbox 913 3180 924 3182; x_wconf 40' lang='grc' dir='ltr'><strong>Α</strong></span> <span class='ocrx_word' id='word_1_417' title='bbox 960 3181 966 3182; x_wconf 60' lang='lat'><strong><em>,</em></strong></span> <span class='ocrx_word' id='word_1_418' title='bbox 1020 3163 1408 3182; x_wconf 42' lang='grc' dir='ltr'><strong>ᾼ-,-ι-..ιξ,.-..ι</strong></span> <span class='ocrx_word' id='word_1_419' title='bbox 1448 3177 1567 3182; x_wconf 64' lang='lat'><strong>--_..-</strong></span> <span class='ocrx_word' id='word_1_420' title='bbox 1607 3163 1715 3182; x_wconf 58' lang='lat'><strong>-31:</strong></span> <span class='ocrx_word' id='word_1_421' title='bbox 1759 3162 2032 3182; x_wconf 51' lang='grc'><strong>1-..-2..----</strong></span> <span class='ocrx_word' id='word_1_422' title='bbox 2071 3176 2197 3182; x_wconf 67' lang='lat'><strong>--_-</strong></span> <span class='ocrx_word' id='word_1_423' title='bbox 2342 3175 2567 3182; x_wconf 61' lang='lat'><strong>,..--...-..</strong></span> <span class='ocrx_word' id='word_1_424' title='bbox 2605 3160 2876 3182; x_wconf 61' lang='grc' dir='ltr'><strong>-.Α-,211-----</strong></span> <span class='ocrx_word' id='word_1_425' title='bbox 2908 3161 3144 3182; x_wconf 59' lang='lat' dir='ltr'><strong>II-..-IJ:</strong></span> <span class='ocrx_word' id='word_1_426' title='bbox 3190 3162 3439 3182; x_wconf 59' lang='lat' dir='ltr'><strong>I-___-&#39;,-&#39;,</strong></span> <span class='ocrx_word' id='word_1_427' title='bbox 3552 3161 3906 3182; x_wconf 54' lang='lat' dir='ltr'><strong>,,,‘&quot;_._-2.._.n</strong></span> 
     </span>
    </p>
   </div>
   <div class='ocr_carea' id='block_1_64' title="bbox 562 3162 2225 3239">
    <p class='ocr_par' dir='ltr' id='par_1_64' title="bbox 562 3162 2225 3239">
     <span class='ocr_line' id='line_1_65' title="bbox 562 3162 2225 3239; baseline -0.005 -16"><span class='ocrx_word' id='word_1_428' title='bbox 562 3167 869 3239; x_wconf 89' lang='lat' dir='ltr'><strong>eloquens,</strong></span> <span class='ocrx_word' id='word_1_429' title='bbox 905 3180 977 3218; x_wconf 90' lang='lat' dir='ltr'><strong>an</strong></span> <span class='ocrx_word' id='word_1_430' title='bbox 1011 3163 1411 3217; x_wconf 88' lang='lat' dir='ltr'><strong>consentirent</strong></span> <span class='ocrx_word' id='word_1_431' title='bbox 1440 3177 1573 3216; x_wconf 90' lang='lat' dir='ltr'><strong>eum</strong></span> <span class='ocrx_word' id='word_1_432' title='bbox 1603 3163 1719 3215; x_wconf 91' lang='lat' dir='ltr'><strong>sibi</strong></span> <span class='ocrx_word' id='word_1_433' title='bbox 1742 3162 2038 3216; x_wconf 88' lang='lat' dir='ltr'><strong>dominum</strong></span> <span class='ocrx_word' id='word_1_434' title='bbox 2064 3176 2225 3215; x_wconf 90' lang='lat' dir='ltr'><strong>coro-</strong></span> 
     </span>
    </p>
   </div>
   <div class='ocr_carea' id='block_1_65' title="bbox 563 3250 2222 3325">
    <p class='ocr_par' dir='ltr' id='par_1_65' title="bbox 563 3250 2222 3325">
     <span class='ocr_line' id='line_1_66' title="bbox 563 3250 2222 3325; baseline -0.005 -14"><span class='ocrx_word' id='word_1_435' title='bbox 563 3256 691 3311; x_wconf 88' lang='lat' dir='ltr'><strong>nari</strong></span> <span class='ocrx_word' id='word_1_436' title='bbox 721 3252 1048 3325; x_wconf 87' lang='lat' dir='ltr'><strong>inquisivit.</strong></span> <span class='ocrx_word' id='word_1_437' title='bbox 1086 3251 1392 3305; x_wconf 87' lang='lat' dir='ltr'><strong>Protestati</strong></span> <span class='ocrx_word' id='word_1_438' title='bbox 1428 3255 1563 3304; x_wconf 90' lang='lat' dir='ltr'><strong>sunt</strong></span> <span class='ocrx_word' id='word_1_439' title='bbox 1590 3250 1834 3305; x_wconf 89' lang='lat' dir='ltr'><strong>hilarem</strong></span> <span class='ocrx_word' id='word_1_440' title='bbox 1863 3266 2222 3304; x_wconf 89' lang='lat' dir='ltr'><strong>consensum</strong></span> 
     </span>
    </p>
   </div>
   <div class='ocr_carea' id='block_1_66' title="bbox 561 3338 2222 3405">
    <p class='ocr_par' dir='ltr' id='par_1_66' title="bbox 561 3338 2222 3405">
     <span class='ocr_line' id='line_1_67' title="bbox 561 3338 2222 3405; baseline -0.005 -5"><span class='ocrx_word' id='word_1_441' title='bbox 561 3344 827 3400; x_wconf 90' lang='lat' dir='ltr'><strong>universi</strong></span> <span class='ocrx_word' id='word_1_442' title='bbox 886 3341 1124 3395; x_wconf 91' lang='lat' dir='ltr'><strong>minime</strong></span> <span class='ocrx_word' id='word_1_443' title='bbox 1182 3340 1546 3405; x_wconf 83' lang='lat' dir='ltr'><strong>haesitantes,</strong></span> <span class='ocrx_word' id='word_1_444' title='bbox 1609 3354 1676 3392; x_wconf 90' lang='lat' dir='ltr'><strong>ac</strong></span> <span class='ocrx_word' id='word_1_445' title='bbox 1727 3339 1778 3393; x_wconf 90' lang='lat' dir='ltr'><strong>si</strong></span> <span class='ocrx_word' id='word_1_446' title='bbox 1817 3338 2070 3405; x_wconf 75' lang='lat' dir='ltr'><strong>cmlitus,</strong></span> <span class='ocrx_word' id='word_1_447' title='bbox 2106 3354 2222 3393; x_wconf 91' lang='lat' dir='ltr'><strong>una</strong></span> 
     </span>
    </p>
   </div>
   <div class='ocr_carea' id='block_1_67' title="bbox 561 3427 2220 3498">
    <p class='ocr_par' dir='ltr' id='par_1_67' title="bbox 561 3427 2220 3498">
     <span class='ocr_line' id='line_1_68' title="bbox 561 3427 2220 3498; baseline -0.005 -11"><span class='ocrx_word' id='word_1_448' title='bbox 561 3435 754 3487; x_wconf 89' lang='lat' dir='ltr'><strong>mente</strong></span> <span class='ocrx_word' id='word_1_449' title='bbox 781 3431 911 3485; x_wconf 91' lang='lat' dir='ltr'><strong>data</strong></span> <span class='ocrx_word' id='word_1_450' title='bbox 943 3444 1175 3498; x_wconf 88' lang='lat' dir='ltr'><strong>unaque</strong></span> <span class='ocrx_word' id='word_1_451' title='bbox 1207 3428 1720 3498; x_wconf 75' lang='lat' dir='ltr'><strong>voce..Anglorum</strong></span> <span class='ocrx_word' id='word_1_452' title='bbox 1744 3427 2022 3481; x_wconf 90' lang='lat' dir='ltr'><strong>voluntati</strong></span> <span class='ocrx_word' id='word_1_453' title='bbox 2047 3442 2220 3497; x_wconf 90' lang='lat' dir='ltr'><strong>quam</strong></span> 
     </span>
    </p>
   </div>
   <div class='ocr_carea' id='block_1_68' title="bbox 561 3516 2218 3583">
    <p class='ocr_par' dir='ltr' id='par_1_68' title="bbox 561 3516 2218 3583">
     <span class='ocr_line' id='line_1_69' title="bbox 561 3516 2218 3583; baseline -0.004 -7"><span class='ocrx_word' id='word_1_454' title='bbox 561 3520 836 3576; x_wconf 84' lang='lat' dir='ltr'><strong>facillime</strong></span> <span class='ocrx_word' id='word_1_455' title='bbox 881 3516 1269 3571; x_wconf 89' lang='lat' dir='ltr'><strong>Northmanni</strong></span> <span class='ocrx_word' id='word_1_456' title='bbox 1314 3518 1774 3583; x_wconf 88' lang='lat' dir='ltr'><strong>consenuerunt,</strong></span> <span class='ocrx_word' id='word_1_457' title='bbox 1825 3516 2218 3570; x_wconf 90' lang='lat' dir='ltr'><strong>sermocinato</strong></span> 
     </span>
    </p>
   </div>
   <div class='ocr_carea' id='block_1_69' title="bbox 562 3604 2222 3673">
    <p class='ocr_par' dir='ltr' id='par_1_69' title="bbox 562 3604 2222 3673">
     <span class='ocr_line' id='line_1_70' title="bbox 562 3604 2222 3673; baseline -0.002 -10"><span class='ocrx_word' id='word_1_458' title='bbox 562 3610 636 3663; x_wconf 89' lang='lat' dir='ltr'><strong>ad</strong></span> <span class='ocrx_word' id='word_1_459' title='bbox 668 3623 773 3662; x_wconf 89' lang='lat' dir='ltr'><strong>eos</strong></span> <span class='ocrx_word' id='word_1_460' title='bbox 803 3622 871 3660; x_wconf 90' lang='lat' dir='ltr'><strong>ac</strong></span> <span class='ocrx_word' id='word_1_461' title='bbox 902 3605 1248 3659; x_wconf 88' lang='lat' dir='ltr'><strong>sententiam</strong></span> <span class='ocrx_word' id='word_1_462' title='bbox 1284 3606 1659 3673; x_wconf 89' lang='lat' dir='ltr'><strong>percunctato</strong></span> <span class='ocrx_word' id='word_1_463' title='bbox 1689 3604 2055 3658; x_wconf 85' lang='lat' dir='ltr'><strong>Constantini</strong></span> <span class='ocrx_word' id='word_1_464' title='bbox 2076 3621 2222 3673; x_wconf 71' lang='lat' dir='ltr'><strong>pt‘tB-</strong></span> 
     </span>
    </p>
   </div>
   <div class='ocr_carea' id='block_1_70' title="bbox 562 3692 2219 3763">
    <p class='ocr_par' dir='ltr' id='par_1_70' title="bbox 562 3692 2219 3763">
     <span class='ocr_line' id='line_1_71' title="bbox 562 3692 2219 3763; baseline -0.002 -12"><span class='ocrx_word' id='word_1_465' title='bbox 562 3696 714 3751; x_wconf 84' lang='lat' dir='ltr'><strong>sule.</strong></span> <span class='ocrx_word' id='word_1_466' title='bbox 748 3695 1059 3763; x_wconf 69' lang='lat' dir='ltr'><strong>Caeterum,</strong></span> <span class='ocrx_word' id='word_1_467' title='bbox 1101 3693 1199 3762; x_wconf 90' lang='lat' dir='ltr'><strong>qui</strong></span> <span class='ocrx_word' id='word_1_468' title='bbox 1220 3692 1373 3746; x_wconf 87' lang='lat' dir='ltr'><strong>circa</strong></span> <span class='ocrx_word' id='word_1_469' title='bbox 1410 3692 1828 3745; x_wconf 89' lang='lat' dir='ltr'><strong>monasterium</strong></span> <span class='ocrx_word' id='word_1_470' title='bbox 1859 3693 1919 3745; x_wconf 91' lang='lat' dir='ltr'><strong>in</strong></span> <span class='ocrx_word' id='word_1_471' title='bbox 1950 3693 2131 3747; x_wconf 88' lang='lat' dir='ltr'><strong>armis</strong></span> <span class='ocrx_word' id='word_1_472' title='bbox 2162 3697 2219 3747; x_wconf 89' lang='lat' dir='ltr'><strong>et</strong></span> 
     </span>
    </p>
   </div>
   <div class='ocr_carea' id='block_1_71' title="bbox 562 3780 2220 3857">
    <p class='ocr_par' dir='ltr' id='par_1_71' title="bbox 562 3780 2220 3857">
     <span class='ocr_line' id='line_1_72' title="bbox 562 3780 2220 3857; baseline -0.003 -18"><span class='ocrx_word' id='word_1_473' title='bbox 562 3786 733 3857; x_wconf 90' lang='lat' dir='ltr'><strong>equis</strong></span> <span class='ocrx_word' id='word_1_474' title='bbox 765 3783 1044 3854; x_wconf 60' lang='lat' dir='ltr'><strong>praesidio</strong></span> <span class='ocrx_word' id='word_1_475' title='bbox 1067 3781 1339 3851; x_wconf 90' lang='lat' dir='ltr'><strong>dispositi</strong></span> <span class='ocrx_word' id='word_1_476' title='bbox 1358 3780 1611 3849; x_wconf 89' lang='lat' dir='ltr'><strong>fuerunt,</strong></span> <span class='ocrx_word' id='word_1_477' title='bbox 1642 3781 1859 3851; x_wconf 87' lang='lat' dir='ltr'><strong>ignotae</strong></span> <span class='ocrx_word' id='word_1_478' title='bbox 1881 3781 2058 3835; x_wconf 90' lang='lat' dir='ltr'><strong>nimio</strong></span> <span class='ocrx_word' id='word_1_479' title='bbox 2077 3785 2220 3835; x_wconf 89' lang='lat' dir='ltr'><strong>stre-</strong></span> 
     </span>
    </p>
   </div>
   <div class='ocr_carea' id='block_1_72' title="bbox 557 3869 2215 3945">
    <p class='ocr_par' dir='ltr' id='par_1_72' title="bbox 557 3869 2215 3945">
     <span class='ocr_line' id='line_1_73' title="bbox 557 3869 2215 3945; baseline -0.004 -16"><span class='ocrx_word' id='word_1_480' title='bbox 557 3875 682 3945; x_wconf 91' lang='lat' dir='ltr'><strong>pitu</strong></span> <span class='ocrx_word' id='word_1_481' title='bbox 720 3875 1091 3941; x_wconf 88' lang='lat' dir='ltr'><strong>acceptorem</strong></span> <span class='ocrx_word' id='word_1_482' title='bbox 1150 3869 1451 3923; x_wconf 84' lang='lat' dir='ltr'><strong>sinistram</strong></span> <span class='ocrx_word' id='word_1_483' title='bbox 1490 3869 1754 3923; x_wconf 88' lang='lat' dir='ltr'><strong>arbitrati</strong></span> <span class='ocrx_word' id='word_1_484' title='bbox 1787 3885 1966 3939; x_wconf 89' lang='lat' dir='ltr'><strong>prope</strong></span> <span class='ocrx_word' id='word_1_485' title='bbox 1999 3870 2215 3923; x_wconf 87' lang='lat' dir='ltr'><strong>civitati</strong></span> 
     </span>
    </p>
   </div>
   <div class='ocr_carea' id='block_1_73' title="bbox 558 3957 2211 4032">
    <p class='ocr_par' dir='ltr' id='par_1_73' title="bbox 558 3957 2211 4032">
     <span class='ocr_line' id='line_1_74' title="bbox 558 3957 2211 4032; baseline -0.002 -15"><span class='ocrx_word' id='word_1_486' title='bbox 558 3962 946 4032; x_wconf 89' lang='lat' dir='ltr'><strong>imprudentia</strong></span> <span class='ocrx_word' id='word_1_487' title='bbox 970 3961 1258 4013; x_wconf 82' lang='lat' dir='ltr'><strong>ﬂammam</strong></span> <span class='ocrx_word' id='word_1_488' title='bbox 1288 3957 1636 4028; x_wconf 86' lang='lat' dir='ltr'><strong>injecerunt.</strong></span> <span class='ocrx_word' id='word_1_489' title='bbox 1669 3957 1766 4012; x_wconf 91' lang='lat' dir='ltr'><strong>Sic</strong></span> <span class='ocrx_word' id='word_1_490' title='bbox 1797 3959 2044 4012; x_wconf 91' lang='lat' dir='ltr'><strong>electum</strong></span> <span class='ocrx_word' id='word_1_491' title='bbox 2075 3975 2211 4014; x_wconf 88' lang='lat' dir='ltr'><strong>eon-</strong></span> 
     </span>
    </p>
   </div>
   <div class='ocr_carea' id='block_1_74' title="bbox 559 4048 2207 4117">
    <p class='ocr_par' dir='ltr' id='par_1_74' title="bbox 559 4048 2207 4117">
     <span class='ocr_line' id='line_1_75' title="bbox 559 4048 2207 4117; baseline -0.002 -11"><span class='ocrx_word' id='word_1_492' title='bbox 559 4051 818 4106; x_wconf 89' lang='lat' dir='ltr'><strong>secravit</strong></span> <span class='ocrx_word' id='word_1_493' title='bbox 846 4050 998 4103; x_wconf 91' lang='lat' dir='ltr'><strong>idem</strong></span> <span class='ocrx_word' id='word_1_494' title='bbox 1032 4048 1515 4116; x_wconf 85' lang='lat' dir='ltr'><strong>archiepiscopus</strong></span> <span class='ocrx_word' id='word_1_495' title='bbox 1534 4063 1700 4117; x_wconf 66' lang='lat' dir='ltr'><strong>mque</strong></span> <span class='ocrx_word' id='word_1_496' title='bbox 1720 4052 1920 4100; x_wconf 90' lang='lat' dir='ltr'><strong>sancta</strong></span> <span class='ocrx_word' id='word_1_497' title='bbox 1946 4048 2060 4100; x_wconf 89' lang='lat' dir='ltr'><strong>vita</strong></span> <span class='ocrx_word' id='word_1_498' title='bbox 2074 4050 2207 4102; x_wconf 87' lang='lat' dir='ltr'><strong>cha-</strong></span> 
     </span>
    </p>
   </div>
   <div class='ocr_carea' id='block_1_75' title="bbox 559 4136 2206 4207">
    <p class='ocr_par' dir='ltr' id='par_1_75' title="bbox 559 4136 2206 4207">
     <span class='ocr_line' id='line_1_76' title="bbox 559 4136 2206 4207; baseline -0.002 -13"><span class='ocrx_word' id='word_1_499' title='bbox 559 4156 664 4194; x_wconf 90' lang='lat' dir='ltr'><strong>rus</strong></span> <span class='ocrx_word' id='word_1_500' title='bbox 696 4142 752 4194; x_wconf 91' lang='lat' dir='ltr'><strong>et</strong></span> <span class='ocrx_word' id='word_1_501' title='bbox 772 4138 1046 4192; x_wconf 90' lang='lat' dir='ltr'><strong>inviolata</strong></span> <span class='ocrx_word' id='word_1_502' title='bbox 1080 4136 1251 4204; x_wconf 89' lang='lat' dir='ltr'><strong>fama,</strong></span> <span class='ocrx_word' id='word_1_503' title='bbox 1286 4136 1562 4205; x_wconf 90' lang='lat' dir='ltr'><strong>imposuit</strong></span> <span class='ocrx_word' id='word_1_504' title='bbox 1592 4136 1892 4206; x_wconf 88' lang='lat' dir='ltr'><strong>eircgium</strong></span> <span class='ocrx_word' id='word_1_505' title='bbox 1922 4136 2206 4207; x_wconf 89' lang='lat' dir='ltr'><strong>diadema,</strong></span> 
     </span>
    </p>
   </div>
   <div class='ocr_carea' id='block_1_76' title="bbox 560 4224 2211 4297">
    <p class='ocr_par' dir='ltr' id='par_1_76' title="bbox 560 4224 2211 4297">
     <span class='ocr_line' id='line_1_77' title="bbox 560 4224 2211 4297; baseline -0.002 -15"><span class='ocrx_word' id='word_1_506' title='bbox 560 4229 873 4297; x_wconf 87' lang='lat' dir='ltr'><strong>ipsumque</strong></span> <span class='ocrx_word' id='word_1_507' title='bbox 904 4226 1070 4297; x_wconf 87' lang='lat' dir='ltr'><strong>regio</strong></span> <span class='ocrx_word' id='word_1_508' title='bbox 1092 4224 1264 4291; x_wconf 90' lang='lat' dir='ltr'><strong>solio,</strong></span> <span class='ocrx_word' id='word_1_509' title='bbox 1298 4225 1528 4278; x_wconf 80' lang='lat' dir='ltr'><strong>favente</strong></span> <span class='ocrx_word' id='word_1_510' title='bbox 1567 4225 1878 4278; x_wconf 88' lang='lat' dir='ltr'><strong>multorum</strong></span> <span class='ocrx_word' id='word_1_511' title='bbox 1897 4227 2211 4294; x_wconf 65' lang='lat' dir='ltr'><strong>praesentia</strong></span> 
     </span>
    </p>
   </div>
   <div class='ocr_carea' id='block_1_77' title="bbox 555 4312 2209 4388">
    <p class='ocr_par' dir='ltr' id='par_1_77' title="bbox 555 4312 2209 4388">
     <span class='ocr_line' id='line_1_78' title="bbox 555 4312 2209 4388; baseline -0.001 -17"><span class='ocrx_word' id='word_1_512' title='bbox 555 4316 884 4388; x_wconf 80' lang='lat' dir='ltr'><strong>praesulum</strong></span> <span class='ocrx_word' id='word_1_513' title='bbox 915 4318 970 4368; x_wconf 90' lang='lat' dir='ltr'><strong>et</strong></span> <span class='ocrx_word' id='word_1_514' title='bbox 998 4314 1291 4379; x_wconf 88' lang='lat' dir='ltr'><strong>abbatum,</strong></span> <span class='ocrx_word' id='word_1_515' title='bbox 1310 4313 1368 4366; x_wconf 93' lang='lat' dir='ltr'><strong>in</strong></span> <span class='ocrx_word' id='word_1_516' title='bbox 1398 4313 1642 4367; x_wconf 88' lang='lat' dir='ltr'><strong>basilica</strong></span> <span class='ocrx_word' id='word_1_517' title='bbox 1665 4312 1862 4367; x_wconf 89' lang='lat' dir='ltr'><strong>Sancti</strong></span> <span class='ocrx_word' id='word_1_518' title='bbox 1882 4313 2039 4367; x_wconf 85' lang='lat' dir='ltr'><strong>Petri</strong></span> <span class='ocrx_word' id='word_1_519' title='bbox 2067 4332 2209 4384; x_wconf 93' lang='lat' dir='ltr'><strong>apo-</strong></span> 
     </span>
    </p>
   </div>
   <div class='ocr_carea' id='block_1_78' title="bbox 557 4401 2213 4474">
    <p class='ocr_par' dir='ltr' id='par_1_78' title="bbox 557 4401 2213 4474">
     <span class='ocr_line' id='line_1_79' title="bbox 557 4401 2213 4474; baseline -0.001 -15"><span class='ocrx_word' id='word_1_520' title='bbox 557 4405 713 4474; x_wconf 88' lang='lat' dir='ltr'><strong>stoli,</strong></span> <span class='ocrx_word' id='word_1_521' title='bbox 738 4419 870 4474; x_wconf 77' lang='lat' dir='ltr'><strong>quae</strong></span> <span class='ocrx_word' id='word_1_522' title='bbox 902 4403 1064 4473; x_wconf 88' lang='lat' dir='ltr'><strong>regis</strong></span> <span class='ocrx_word' id='word_1_523' title='bbox 1088 4401 1361 4455; x_wconf 80' lang='lat' dir='ltr'><strong>Edwardi</strong></span> <span class='ocrx_word' id='word_1_524' title='bbox 1396 4403 1668 4470; x_wconf 90' lang='lat' dir='ltr'><strong>sepulcro</strong></span> <span class='ocrx_word' id='word_1_525' title='bbox 1698 4402 2009 4473; x_wconf 88' lang='lat' dir='ltr'><strong>gaudebat,</strong></span> <span class='ocrx_word' id='word_1_526' title='bbox 2031 4404 2086 4457; x_wconf 87' lang='lat' dir='ltr'><strong>in</strong></span> <span class='ocrx_word' id='word_1_527' title='bbox 2113 4420 2213 4458; x_wconf 91' lang='lat' dir='ltr'><strong>sa-</strong></span> 
     </span>
    </p>
   </div>
   <div class='ocr_carea' id='block_1_79' title="bbox 2338 3160 3908 3231">
    <p class='ocr_par' dir='ltr' id='par_1_79' title="bbox 2338 3160 3908 3231">
     <span class='ocr_line' id='line_1_80' title="bbox 2338 3160 3908 3231; baseline 0.001 -24"><span class='ocrx_word' id='word_1_528' title='bbox 2338 3175 2572 3229; x_wconf 77' lang='lat' dir='ltr'><strong>quoque</strong></span> <span class='ocrx_word' id='word_1_529' title='bbox 2605 3160 2882 3214; x_wconf 85' lang='lat' dir='ltr'><strong>vexillum</strong></span> <span class='ocrx_word' id='word_1_530' title='bbox 2908 3161 3167 3229; x_wconf 86' lang='lat' dir='ltr'><strong>Heraldi,</strong></span> <span class='ocrx_word' id='word_1_531' title='bbox 3190 3162 3450 3217; x_wconf 91' lang='lat' dir='ltr'><strong>hominis</strong></span> <span class='ocrx_word' id='word_1_532' title='bbox 3468 3165 3659 3218; x_wconf 89' lang='lat' dir='ltr'><strong>armati</strong></span> <span class='ocrx_word' id='word_1_533' title='bbox 3674 3161 3908 3231; x_wconf 81' lang='lat' dir='ltr'><strong>imaginem</strong></span> 
     </span>
    </p>
   </div>
   <div class='ocr_carea' id='block_1_80' title="bbox 2339 3248 3907 3323">
    <p class='ocr_par' dir='ltr' id='par_1_80' title="bbox 2339 3248 3907 3323">
     <span class='ocr_line' id='line_1_81' title="bbox 2339 3248 3907 3323; baseline 0 -24"><span class='ocrx_word' id='word_1_534' title='bbox 2339 3248 2617 3300; x_wconf 89' lang='lat' dir='ltr'><strong>intextam</strong></span> <span class='ocrx_word' id='word_1_535' title='bbox 2648 3248 2873 3302; x_wconf 88' lang='lat' dir='ltr'><strong>habens</strong></span> <span class='ocrx_word' id='word_1_536' title='bbox 2895 3265 2967 3302; x_wconf 89' lang='lat' dir='ltr'><strong>ex</strong></span> <span class='ocrx_word' id='word_1_537' title='bbox 2985 3266 3126 3304; x_wconf 89' lang='lat' dir='ltr'><strong>auro</strong></span> <span class='ocrx_word' id='word_1_538' title='bbox 3144 3252 3491 3321; x_wconf 89' lang='lat' dir='ltr'><strong>purissimo,</strong></span> <span class='ocrx_word' id='word_1_539' title='bbox 3507 3269 3618 3323; x_wconf 93' lang='lat' dir='ltr'><strong>quo</strong></span> <span class='ocrx_word' id='word_1_540' title='bbox 3638 3251 3798 3321; x_wconf 89' lang='lat' dir='ltr'><strong>spolio</strong></span> <span class='ocrx_word' id='word_1_541' title='bbox 3814 3261 3907 3318; x_wconf 86' lang='lat' dir='ltr'><strong>pro-</strong></span> 
     </span>
    </p>
   </div>
   <div class='ocr_carea' id='block_1_81' title="bbox 2339 3336 3905 3413">
    <p class='ocr_par' dir='ltr' id='par_1_81' title="bbox 2339 3336 3905 3413">
     <span class='ocr_line' id='line_1_82' title="bbox 2339 3336 3905 3413; baseline -0.001 -25"><span class='ocrx_word' id='word_1_542' title='bbox 2339 3351 2582 3391; x_wconf 90' lang='lat' dir='ltr'><strong>munere</strong></span> <span class='ocrx_word' id='word_1_543' title='bbox 2631 3336 2902 3407; x_wconf 87' lang='lat' dir='ltr'><strong>ejusdem</strong></span> <span class='ocrx_word' id='word_1_544' title='bbox 2932 3339 3240 3407; x_wconf 89' lang='lat' dir='ltr'><strong>apostolici</strong></span> <span class='ocrx_word' id='word_1_545' title='bbox 3268 3341 3627 3413; x_wconf 88' lang='lat' dir='ltr'><strong>benignitate</strong></span> <span class='ocrx_word' id='word_1_546' title='bbox 3656 3340 3756 3394; x_wconf 74' lang='lat' dir='ltr'><strong>sibi</strong></span> <span class='ocrx_word' id='word_1_547' title='bbox 3777 3338 3905 3391; x_wconf 88' lang='lat' dir='ltr'><strong>misso</strong></span> 
     </span>
    </p>
   </div>
   <div class='ocr_carea' id='block_1_82' title="bbox 2338 3425 3905 3499">
    <p class='ocr_par' dir='ltr' id='par_1_82' title="bbox 2338 3425 3905 3499">
     <span class='ocr_line' id='line_1_83' title="bbox 2338 3425 3905 3499; baseline -0.001 -23"><span class='ocrx_word' id='word_1_548' title='bbox 2338 3442 2444 3494; x_wconf 87' lang='lat' dir='ltr'><strong>par</strong></span> <span class='ocrx_word' id='word_1_549' title='bbox 2472 3425 2743 3479; x_wconf 88' lang='lat' dir='ltr'><strong>redderet</strong></span> <span class='ocrx_word' id='word_1_550' title='bbox 2764 3441 2778 3494; x_wconf 85' lang='lat'><strong>;</strong></span> <span class='ocrx_word' id='word_1_551' title='bbox 2802 3427 2976 3481; x_wconf 90' lang='lat' dir='ltr'><strong>simul</strong></span> <span class='ocrx_word' id='word_1_552' title='bbox 2991 3430 3047 3480; x_wconf 90' lang='lat' dir='ltr'><strong>et</strong></span> <span class='ocrx_word' id='word_1_553' title='bbox 3067 3428 3427 3497; x_wconf 88' lang='lat' dir='ltr'><strong>triumphum</strong></span> <span class='ocrx_word' id='word_1_554' title='bbox 3446 3431 3515 3483; x_wconf 86' lang='lat' dir='ltr'><strong>de</strong></span> <span class='ocrx_word' id='word_1_555' title='bbox 3530 3432 3748 3499; x_wconf 70' lang='lat' dir='ltr'><strong>tyranno</strong></span> <span class='ocrx_word' id='word_1_556' title='bbox 3766 3428 3905 3479; x_wconf 72' lang='lat' dir='ltr'><strong>Romae</strong></span> 
     </span>
    </p>
   </div>
   <div class='ocr_carea' id='block_1_83' title="bbox 2338 3512 3905 3585">
    <p class='ocr_par' dir='ltr' id='par_1_83' title="bbox 2338 3512 3905 3585">
     <span class='ocr_line' id='line_1_84' title="bbox 2338 3512 3905 3585; baseline -0.003 -18"><span class='ocrx_word' id='word_1_557' title='bbox 2338 3515 2702 3583; x_wconf 85' lang='lat' dir='ltr'><strong>ulteriusque</strong></span> <span class='ocrx_word' id='word_1_558' title='bbox 2733 3518 2988 3585; x_wconf 85' lang='lat' dir='ltr'><strong>Optatum</strong></span> <span class='ocrx_word' id='word_1_559' title='bbox 3028 3516 3275 3585; x_wconf 88' lang='lat' dir='ltr'><strong>pulchre</strong></span> <span class='ocrx_word' id='word_1_560' title='bbox 3322 3517 3623 3573; x_wconf 85' lang='lat' dir='ltr'><strong>indicaret.</strong></span> <span class='ocrx_word' id='word_1_561' title='bbox 3658 3514 3826 3580; x_wconf 88' lang='lat' dir='ltr'><strong>Quanti</strong></span> <span class='ocrx_word' id='word_1_562' title='bbox 3848 3512 3905 3563; x_wconf 85' lang='lat' dir='ltr'><strong>la-</strong></span> 
     </span>
    </p>
   </div>
   <div class='ocr_carea' id='block_1_84' title="bbox 2338 3602 3903 3677">
    <p class='ocr_par' dir='ltr' id='par_1_84' title="bbox 2338 3602 3903 3677">
     <span class='ocr_line' id='line_1_85' title="bbox 2338 3602 3903 3677; baseline -0.003 -22"><span class='ocrx_word' id='word_1_563' title='bbox 2338 3604 2627 3657; x_wconf 88' lang='lat' dir='ltr'><strong>mulorum</strong></span> <span class='ocrx_word' id='word_1_564' title='bbox 2645 3602 2867 3657; x_wconf 89' lang='lat' dir='ltr'><strong>Christi</strong></span> <span class='ocrx_word' id='word_1_565' title='bbox 2890 3608 3078 3659; x_wconf 67' lang='lat' dir='ltr'><strong>coetus</strong></span> <span class='ocrx_word' id='word_1_566' title='bbox 3108 3610 3229 3658; x_wconf 91' lang='lat' dir='ltr'><strong>tum</strong></span> <span class='ocrx_word' id='word_1_567' title='bbox 3260 3606 3375 3659; x_wconf 89' lang='lat' dir='ltr'><strong>laeti</strong></span> <span class='ocrx_word' id='word_1_568' title='bbox 3403 3607 3705 3677; x_wconf 88' lang='lat' dir='ltr'><strong>gratiarum</strong></span> <span class='ocrx_word' id='word_1_569' title='bbox 3725 3604 3903 3673; x_wconf 64' lang='lat' dir='ltr'><strong>hymnos</strong></span> 
     </span>
    </p>
   </div>
   <div class='ocr_carea' id='block_1_85' title="bbox 2337 3692 3902 3761">
    <p class='ocr_par' dir='ltr' id='par_1_85' title="bbox 2337 3692 3902 3761">
     <span class='ocr_line' id='line_1_86' title="bbox 2337 3692 3902 3761; baseline -0.004 -16"><span class='ocrx_word' id='word_1_570' title='bbox 2337 3692 2623 3746; x_wconf 86' lang='lat' dir='ltr'><strong>canebant</strong></span> <span class='ocrx_word' id='word_1_571' title='bbox 2651 3707 2756 3761; x_wconf 91' lang='lat' dir='ltr'><strong>pro</strong></span> <span class='ocrx_word' id='word_1_572' title='bbox 2786 3692 3009 3745; x_wconf 89' lang='lat' dir='ltr'><strong>victore</strong></span> <span class='ocrx_word' id='word_1_573' title='bbox 3039 3696 3207 3746; x_wconf 90' lang='lat' dir='ltr'><strong>antea</strong></span> <span class='ocrx_word' id='word_1_574' title='bbox 3240 3694 3524 3760; x_wconf 84' lang='lat' dir='ltr'><strong>fautores,</strong></span> <span class='ocrx_word' id='word_1_575' title='bbox 3560 3693 3703 3746; x_wconf 88' lang='lat' dir='ltr'><strong>illius</strong></span> <span class='ocrx_word' id='word_1_576' title='bbox 3730 3702 3902 3760; x_wconf 88' lang='lat' dir='ltr'><strong>precum</strong></span> 
     </span>
    </p>
   </div>
   <div class='ocr_carea' id='block_1_86' title="bbox 2334 3775 3991 3851">
    <p class='ocr_par' dir='ltr' id='par_1_86' title="bbox 2334 3775 3991 3851">
     <span class='ocr_line' id='line_1_87' title="bbox 2334 3775 3991 3851; baseline -0.005 -15"><span class='ocrx_word' id='word_1_577' title='bbox 2334 3786 2647 3851; x_wconf 88' lang='lat' dir='ltr'><strong>armatura,</strong></span> <span class='ocrx_word' id='word_1_578' title='bbox 2709 3782 3042 3835; x_wconf 90' lang='lat' dir='ltr'><strong>summatim</strong></span> <span class='ocrx_word' id='word_1_579' title='bbox 3099 3783 3440 3839; x_wconf 88' lang='lat' dir='ltr'><strong>recitamus.</strong></span> <span class='ocrx_word' id='word_1_580' title='bbox 3496 3783 3642 3836; x_wconf 87' lang='lat' dir='ltr'><strong>Mille</strong></span> <span class='ocrx_word' id='word_1_581' title='bbox 3688 3775 3900 3833; x_wconf 82' lang='lat' dir='ltr'><strong>Ecclesiis</strong></span> <span class='ocrx_word' id='word_1_582' title='bbox 3990 3800 3991 3829; x_wconf 60' lang='grc' dir='ltr'>ι</span> 
     </span>
    </p>
   </div>
   <div class='ocr_carea' id='block_1_87' title="bbox 2333 3865 3898 3942">
    <p class='ocr_par' dir='ltr' id='par_1_87' title="bbox 2333 3865 3898 3942">
     <span class='ocr_line' id='line_1_88' title="bbox 2333 3865 3898 3942; baseline -0.003 -15"><span class='ocrx_word' id='word_1_583' title='bbox 2333 3872 2617 3941; x_wconf 68' lang='lat' dir='ltr'><strong>Franciae,</strong></span> <span class='ocrx_word' id='word_1_584' title='bbox 2641 3870 2988 3941; x_wconf 85' lang='lat' dir='ltr'><strong>Aquitaniae,</strong></span> <span class='ocrx_word' id='word_1_585' title='bbox 3008 3871 3391 3942; x_wconf 75' lang='lat' dir='ltr'><strong>Burgundios,</strong></span> <span class='ocrx_word' id='word_1_586' title='bbox 3412 3887 3631 3926; x_wconf 89' lang='lat' dir='ltr'><strong>necnon</strong></span> <span class='ocrx_word' id='word_1_587' title='bbox 3648 3865 3898 3923; x_wconf 63' lang='lat' dir='ltr'><strong>Arvernis.</strong></span> 
     </span>
    </p>
   </div>
   <div class='ocr_carea' id='block_1_88' title="bbox 2333 3926 3987 4029">
    <p class='ocr_par' dir='ltr' id='par_1_88' title="bbox 2333 3926 3987 4029">
     <span class='ocr_line' id='line_1_89' title="bbox 2333 3926 3987 4029; baseline -0.008 -16"><span class='ocrx_word' id='word_1_588' title='bbox 2333 3926 2695 4029; x_wconf 77' lang='lat' dir='ltr'><strong>aliarumque</strong></span> <span class='ocrx_word' id='word_1_589' title='bbox 2712 3926 3038 4029; x_wconf 41' lang='lat' dir='ltr'><strong>Iregionu&#39;m</strong></span> <span class='ocrx_word' id='word_1_590' title='bbox 3066 3926 3351 4029; x_wconf 39' lang='lat' dir='ltr'><strong>pe‘rpetuo</strong></span> <span class='ocrx_word' id='word_1_591' title='bbox 3377 3926 3627 4014; x_wconf 43' lang='lat' dir='ltr'><strong>Icelebre</strong></span> <span class='ocrx_word' id='word_1_592' title='bbox 3664 3958 3756 4011; x_wconf 85' lang='lat' dir='ltr'><strong>erit</strong></span> <span class='ocrx_word' id='word_1_593' title='bbox 3793 3950 3898 4003; x_wconf 72' lang='lat' dir='ltr'><strong>\V’il-</strong></span> <span class='ocrx_word' id='word_1_594' title='bbox 3985 3926 3987 3995; x_wconf 64' lang='lat' dir='ltr'><strong>i</strong></span> 
     </span>
    </p>
   </div>
   <div class='ocr_carea' id='block_1_89' title="bbox 2332 4047 3899 4120">
    <p class='ocr_par' dir='ltr' id='par_1_89' title="bbox 2332 4047 3899 4120">
     <span class='ocr_line' id='line_1_90' title="bbox 2332 4047 3899 4120; baseline -0.006 -17"><span class='ocrx_word' id='word_1_595' title='bbox 2332 4050 2491 4103; x_wconf 89' lang='lat' dir='ltr'><strong>lelmi</strong></span> <span class='ocrx_word' id='word_1_596' title='bbox 2513 4049 2678 4119; x_wconf 88' lang='lat' dir='ltr'><strong>regis</strong></span> <span class='ocrx_word' id='word_1_597' title='bbox 2710 4048 3066 4102; x_wconf 86' lang='lat' dir='ltr'><strong>memoriale.</strong></span> <span class='ocrx_word' id='word_1_598' title='bbox 3095 4048 3375 4102; x_wconf 81' lang='lat' dir='ltr'><strong>Beneficii</strong></span> <span class='ocrx_word' id='word_1_599' title='bbox 3396 4047 3714 4120; x_wconf 86' lang='lat' dir='ltr'><strong>magnitudo</strong></span> <span class='ocrx_word' id='word_1_600' title='bbox 3728 4052 3899 4108; x_wconf 76' lang='lat' dir='ltr'><strong>semper</strong></span> 
     </span>
    </p>
   </div>
   <div class='ocr_carea' id='block_1_90' title="bbox 2330 4130 3896 4202">
    <p class='ocr_par' dir='ltr' id='par_1_90' title="bbox 2330 4130 3896 4202">
     <span class='ocr_line' id='line_1_91' title="bbox 2330 4130 3896 4202; baseline -0.004 -14"><span class='ocrx_word' id='word_1_601' title='bbox 2330 4139 2541 4191; x_wconf 80' lang='lat' dir='ltr'><strong>vivens</strong></span> <span class='ocrx_word' id='word_1_602' title='bbox 2574 4137 2719 4190; x_wconf 90' lang='lat' dir='ltr'><strong>mori</strong></span> <span class='ocrx_word' id='word_1_603' title='bbox 2777 4137 3177 4190; x_wconf 85' lang='lat' dir='ltr'><strong>benefactoris</strong></span> <span class='ocrx_word' id='word_1_604' title='bbox 3208 4139 3545 4191; x_wconf 82' lang='lat' dir='ltr'><strong>memoriam</strong></span> <span class='ocrx_word' id='word_1_605' title='bbox 3577 4151 3681 4190; x_wconf 92' lang='lat' dir='ltr'><strong>non</strong></span> <span class='ocrx_word' id='word_1_606' title='bbox 3701 4130 3896 4202; x_wconf 72' lang='lat' dir='ltr'><strong>patietur.</strong></span> 
     </span>
    </p>
   </div>
   <div class='ocr_carea' id='block_1_91' title="bbox 2330 4216 3895 4296">
    <p class='ocr_par' dir='ltr' id='par_1_91' title="bbox 2330 4216 3895 4296">
     <span class='ocr_line' id='line_1_92' title="bbox 2330 4216 3895 4296; baseline -0.004 -17"><span class='ocrx_word' id='word_1_607' title='bbox 2330 4227 2475 4280; x_wconf 72' lang='lat' dir='ltr'><strong>Aliae</strong></span> <span class='ocrx_word' id='word_1_608' title='bbox 2528 4241 2737 4279; x_wconf 88' lang='lat' dir='ltr'><strong>cruces</strong></span> <span class='ocrx_word' id='word_1_609' title='bbox 2797 4241 3009 4280; x_wconf 89' lang='lat' dir='ltr'><strong>aureas</strong></span> <span class='ocrx_word' id='word_1_610' title='bbox 3039 4226 3351 4279; x_wconf 90' lang='lat' dir='ltr'><strong>admodum</strong></span> <span class='ocrx_word' id='word_1_611' title='bbox 3385 4224 3631 4296; x_wconf 85' lang='lat' dir='ltr'><strong>grandes</strong></span> <span class='ocrx_word' id='word_1_612' title='bbox 3659 4216 3895 4288; x_wconf 69' lang='lat' dir='ltr'><strong>insigniter</strong></span> 
     </span>
    </p>
   </div>
   <div class='ocr_carea' id='block_1_92' title="bbox 2330 4310 3893 4386">
    <p class='ocr_par' dir='ltr' id='par_1_92' title="bbox 2330 4310 3893 4386">
     <span class='ocr_line' id='line_1_93' title="bbox 2330 4310 3893 4386; baseline -0.005 -17"><span class='ocrx_word' id='word_1_613' title='bbox 2330 4318 2674 4386; x_wconf 81' lang='lat' dir='ltr'><strong>gemmatas,</strong></span> <span class='ocrx_word' id='word_1_614' title='bbox 2722 4313 3222 4384; x_wconf 63' lang='lat' dir='ltr'><strong>pleraequelibras</strong></span> <span class='ocrx_word' id='word_1_615' title='bbox 3253 4316 3379 4367; x_wconf 89' lang='lat' dir='ltr'><strong>auri</strong></span> <span class='ocrx_word' id='word_1_616' title='bbox 3401 4314 3492 4367; x_wconf 89' lang='lat' dir='ltr'><strong>vel</strong></span> <span class='ocrx_word' id='word_1_617' title='bbox 3521 4329 3593 4367; x_wconf 81' lang='lat' dir='ltr'><strong>ex</strong></span> <span class='ocrx_word' id='word_1_618' title='bbox 3615 4310 3787 4365; x_wconf 87' lang='lat' dir='ltr'><strong>eodem</strong></span> <span class='ocrx_word' id='word_1_619' title='bbox 3810 4316 3893 4356; x_wconf 72' lang='lat' dir='ltr'><strong>me-</strong></span> 
     </span>
    </p>
   </div>
   <div class='ocr_carea' id='block_1_93' title="bbox 2328 4386 3891 4473">
    <p class='ocr_par' dir='ltr' id='par_1_93' title="bbox 2328 4386 3891 4473">
     <span class='ocr_line' id='line_1_94' title="bbox 2328 4386 3891 4473; baseline -0.009 -15"><span class='ocrx_word' id='word_1_620' title='bbox 2328 4406 2466 4459; x_wconf 88' lang='lat' dir='ltr'><strong>tallo</strong></span> <span class='ocrx_word' id='word_1_621' title='bbox 2502 4421 2663 4473; x_wconf 88' lang='lat' dir='ltr'><strong>vasa,</strong></span> <span class='ocrx_word' id='word_1_622' title='bbox 2700 4403 2976 4458; x_wconf 89' lang='lat' dir='ltr'><strong>nonnulla</strong></span> <span class='ocrx_word' id='word_1_623' title='bbox 3006 4403 3180 4472; x_wconf 89' lang='lat' dir='ltr'><strong>pallia</strong></span> <span class='ocrx_word' id='word_1_624' title='bbox 3201 4403 3293 4456; x_wconf 91' lang='lat' dir='ltr'><strong>vel</strong></span> <span class='ocrx_word' id='word_1_625' title='bbox 3324 4402 3637 4472; x_wconf 89' lang='lat' dir='ltr'><strong>pretiosum</strong></span> <span class='ocrx_word' id='word_1_626' title='bbox 3657 4386 3891 4462; x_wconf 86' lang='lat' dir='ltr'><strong>aliudquid</strong></span> 
     </span>
    </p>
   </div>
   <div class='ocr_carea' id='block_1_94' title="bbox 557 4474 3889 4563">
    <p class='ocr_par' dir='ltr' id='par_1_94' title="bbox 557 4474 3889 4563">
     <span class='ocr_line' id='line_1_95' title="bbox 557 4474 3889 4563; baseline -0.002 -16"><span class='ocrx_word' id='word_1_627' title='bbox 557 4495 867 4547; x_wconf 88' lang='lat' dir='ltr'><strong>crosancta</strong></span> <span class='ocrx_word' id='word_1_628' title='bbox 897 4491 1264 4545; x_wconf 86' lang='lat' dir='ltr'><strong>solemnitate</strong></span> <span class='ocrx_word' id='word_1_629' title='bbox 1297 4490 1581 4543; x_wconf 90' lang='lat' dir='ltr'><strong>Dominici</strong></span> <span class='ocrx_word' id='word_1_630' title='bbox 1614 4490 1859 4559; x_wconf 82' lang='lat' dir='ltr'><strong>Natalis,</strong></span> <span class='ocrx_word' id='word_1_631' title='bbox 1902 4492 2212 4547; x_wconf 92' lang='lat' dir='ltr'><strong>millesimo</strong></span> <span class='ocrx_word' id='word_1_632' title='bbox 2242 4474 2300 4537; x_wconf 81' lang='grc' dir='ltr'><strong>Ῑ)</strong></span> <span class='ocrx_word' id='word_1_633' title='bbox 2324 4509 2627 4563; x_wconf 86' lang='lat' dir='ltr'><strong>accepere.</strong></span> <span class='ocrx_word' id='word_1_634' title='bbox 2703 4490 3018 4560; x_wconf 89' lang='lat' dir='ltr'><strong>Splendide</strong></span> <span class='ocrx_word' id='word_1_635' title='bbox 3100 4490 3412 4545; x_wconf 88' lang='lat' dir='ltr'><strong>adornaret</strong></span> <span class='ocrx_word' id='word_1_636' title='bbox 3479 4485 3889 4557; x_wconf 70' lang='lat' dir='ltr'><strong>metrepolitanam</strong></span> 
     </span>
    </p>
   </div>
   <div class='ocr_carea' id='block_1_95' title="bbox 556 4578 2207 4651">
    <p class='ocr_par' dir='ltr' id='par_1_95' title="bbox 556 4578 2207 4651">
     <span class='ocr_line' id='line_1_96' title="bbox 556 4578 2207 4651; baseline 0 -16"><span class='ocrx_word' id='word_1_637' title='bbox 556 4580 936 4651; x_wconf 86' lang='lat' dir='ltr'><strong>sexagesimo</strong></span> <span class='ocrx_word' id='word_1_638' title='bbox 981 4582 1149 4633; x_wconf 88' lang='lat' dir='ltr'><strong>sexto</strong></span> <span class='ocrx_word' id='word_1_639' title='bbox 1206 4578 1632 4632; x_wconf 86' lang='lat' dir='ltr'><strong>Incarnationis</strong></span> <span class='ocrx_word' id='word_1_640' title='bbox 1677 4580 1997 4634; x_wconf 87' lang='lat' dir='ltr'><strong>Dominicae</strong></span> <span class='ocrx_word' id='word_1_641' title='bbox 2037 4596 2207 4636; x_wconf 90' lang='lat' dir='ltr'><strong>anno.</strong></span> 
     </span>
    </p>
   </div>
   <div class='ocr_carea' id='block_1_96' title="bbox 556 4667 2209 4740">
    <p class='ocr_par' dir='ltr' id='par_1_96' title="bbox 556 4667 2209 4740">
     <span class='ocr_line' id='line_1_97' title="bbox 556 4667 2209 4740; baseline -0.001 -15"><span class='ocrx_word' id='word_1_642' title='bbox 556 4668 907 4740; x_wconf 81' lang='lat' dir='ltr'><strong>Repudiavit</strong></span> <span class='ocrx_word' id='word_1_643' title='bbox 961 4668 1116 4723; x_wconf 92' lang='lat' dir='ltr'><strong>enim</strong></span> <span class='ocrx_word' id='word_1_644' title='bbox 1174 4668 1513 4721; x_wconf 89' lang='lat' dir='ltr'><strong>consecrari</strong></span> <span class='ocrx_word' id='word_1_645' title='bbox 1555 4684 1587 4722; x_wconf 89' lang='lat' dir='ltr'><strong>a</strong></span> <span class='ocrx_word' id='word_1_646' title='bbox 1643 4667 1925 4738; x_wconf 88' lang='lat' dir='ltr'><strong>Stigando</strong></span> <span class='ocrx_word' id='word_1_647' title='bbox 1957 4669 2209 4723; x_wconf 87' lang='lat' dir='ltr'><strong>Cantua-</strong></span> 
     </span>
    </p>
   </div>
   <div class='ocr_carea' id='block_1_97' title="bbox 556 4755 2208 4827">
    <p class='ocr_par' dir='ltr' id='par_1_97' title="bbox 556 4755 2208 4827">
     <span class='ocr_line' id='line_1_98' title="bbox 556 4755 2208 4827; baseline 0 -15"><span class='ocrx_word' id='word_1_648' title='bbox 556 4757 765 4826; x_wconf 86' lang='lat' dir='ltr'><strong>riensi,</strong></span> <span class='ocrx_word' id='word_1_649' title='bbox 798 4772 971 4827; x_wconf 89' lang='lat' dir='ltr'><strong>quem</strong></span> <span class='ocrx_word' id='word_1_650' title='bbox 1013 4771 1121 4826; x_wconf 89' lang='lat' dir='ltr'><strong>per</strong></span> <span class='ocrx_word' id='word_1_651' title='bbox 1165 4755 1471 4825; x_wconf 90' lang='lat' dir='ltr'><strong>apostolici</strong></span> <span class='ocrx_word' id='word_1_652' title='bbox 1497 4755 1727 4826; x_wconf 86' lang='lat' dir='ltr'><strong>justum</strong></span> <span class='ocrx_word' id='word_1_653' title='bbox 1755 4757 1941 4810; x_wconf 87' lang='lat' dir='ltr'><strong>zelum</strong></span> <span class='ocrx_word' id='word_1_654' title='bbox 1972 4759 2208 4812; x_wconf 89' lang='lat' dir='ltr'><strong>anathe-</strong></span> 
     </span>
    </p>
   </div>
   <div class='ocr_carea' id='block_1_98' title="bbox 557 4844 2207 4917">
    <p class='ocr_par' dir='ltr' id='par_1_98' title="bbox 557 4844 2207 4917">
     <span class='ocr_line' id='line_1_99' title="bbox 557 4844 2207 4917; baseline -0.001 -16"><span class='ocrx_word' id='word_1_655' title='bbox 557 4849 708 4901; x_wconf 86' lang='lat' dir='ltr'><strong>mate</strong></span> <span class='ocrx_word' id='word_1_656' title='bbox 765 4845 1139 4915; x_wconf 89' lang='lat' dir='ltr'><strong>reprobatum</strong></span> <span class='ocrx_word' id='word_1_657' title='bbox 1186 4844 1486 4897; x_wconf 89' lang='lat' dir='ltr'><strong>didicerat.</strong></span> <span class='ocrx_word' id='word_1_658' title='bbox 1542 4844 1663 4898; x_wconf 82' lang='lat' dir='ltr'><strong>Nec</strong></span> <span class='ocrx_word' id='word_1_659' title='bbox 1721 4846 1915 4899; x_wconf 90' lang='lat' dir='ltr'><strong>minus</strong></span> <span class='ocrx_word' id='word_1_660' title='bbox 1950 4846 2207 4917; x_wconf 90' lang='lat' dir='ltr'><strong>insignia</strong></span> 
     </span>
    </p>
   </div>
   <div class='ocr_carea' id='block_1_99' title="bbox 552 4932 2209 5007">
    <p class='ocr_par' dir='ltr' id='par_1_99' title="bbox 552 4932 2209 5007">
     <span class='ocr_line' id='line_1_100' title="bbox 552 4932 2209 5007; baseline 0 -18"><span class='ocrx_word' id='word_1_661' title='bbox 552 4951 760 5007; x_wconf 90' lang='lat' dir='ltr'><strong>regum</strong></span> <span class='ocrx_word' id='word_1_662' title='bbox 789 4934 1111 4988; x_wconf 90' lang='lat' dir='ltr'><strong>decuerunt</strong></span> <span class='ocrx_word' id='word_1_663' title='bbox 1131 4948 1448 5002; x_wconf 89' lang='lat' dir='ltr'><strong>personam</strong></span> <span class='ocrx_word' id='word_1_664' title='bbox 1474 4932 1524 5001; x_wconf 88' lang='lat' dir='ltr'><strong>ej</strong></span> <span class='ocrx_word' id='word_1_665' title='bbox 1537 4949 1627 5001; x_wconf 91' lang='lat' dir='ltr'><strong>us,</strong></span> <span class='ocrx_word' id='word_1_666' title='bbox 1655 4949 1827 5003; x_wconf 87' lang='lat' dir='ltr'><strong>quam</strong></span> <span class='ocrx_word' id='word_1_667' title='bbox 1850 4934 1917 4986; x_wconf 88' lang='lat' dir='ltr'><strong>ad</strong></span> <span class='ocrx_word' id='word_1_668' title='bbox 1944 4935 2209 5005; x_wconf 87' lang='lat' dir='ltr'><strong>regimen</strong></span> 
     </span>
    </p>
   </div>
   <div class='ocr_carea' id='block_1_100' title="bbox 551 5021 2211 5094">
    <p class='ocr_par' dir='ltr' id='par_1_100' title="bbox 551 5021 2211 5094">
     <span class='ocr_line' id='line_1_101' title="bbox 551 5021 2211 5094; baseline 0.001 -17"><span class='ocrx_word' id='word_1_669' title='bbox 551 5023 779 5078; x_wconf 84' lang='lat' dir='ltr'><strong>idoneae</strong></span> <span class='ocrx_word' id='word_1_670' title='bbox 796 5023 1148 5077; x_wconf 85' lang='lat' dir='ltr'><strong>exstiterunt</strong></span> <span class='ocrx_word' id='word_1_671' title='bbox 1178 5022 1424 5075; x_wconf 86' lang='lat' dir='ltr'><strong>virtutes</strong></span> <span class='ocrx_word' id='word_1_672' title='bbox 1443 5021 1596 5091; x_wconf 82' lang='lat' dir='ltr'><strong>ejus.</strong></span> <span class='ocrx_word' id='word_1_673' title='bbox 1639 5021 1825 5092; x_wconf 76' lang='lat' dir='ltr'><strong>(lujus</strong></span> <span class='ocrx_word' id='word_1_674' title='bbox 1852 5022 2022 5077; x_wconf 88' lang='lat' dir='ltr'><strong>liberi</strong></span> <span class='ocrx_word' id='word_1_675' title='bbox 2039 5026 2211 5094; x_wconf 89' lang='lat' dir='ltr'><strong>atque</strong></span> 
     </span>
    </p>
   </div>
   <div class='ocr_carea' id='block_1_101' title="bbox 551 5110 2209 5183">
    <p class='ocr_par' dir='ltr' id='par_1_101' title="bbox 551 5110 2209 5183">
     <span class='ocr_line' id='line_1_102' title="bbox 551 5110 2209 5183; baseline 0 -18"><span class='ocrx_word' id='word_1_676' title='bbox 551 5116 797 5182; x_wconf 89' lang='lat' dir='ltr'><strong>nepotes</strong></span> <span class='ocrx_word' id='word_1_677' title='bbox 812 5111 974 5182; x_wconf 88' lang='lat' dir='ltr'><strong>justa</strong></span> <span class='ocrx_word' id='word_1_678' title='bbox 988 5111 1376 5165; x_wconf 88' lang='lat' dir='ltr'><strong>successione</strong></span> <span class='ocrx_word' id='word_1_679' title='bbox 1392 5110 1795 5179; x_wconf 85' lang='lat' dir='ltr'><strong>praesidebunt</strong></span> <span class='ocrx_word' id='word_1_680' title='bbox 1816 5111 2081 5183; x_wconf 79' lang='lat' dir='ltr'><strong>Anglicas</strong></span> <span class='ocrx_word' id='word_1_681' title='bbox 2101 5117 2209 5167; x_wconf 89' lang='lat' dir='ltr'><strong>ter-</strong></span> 
     </span>
    </p>
   </div>
   <div class='ocr_carea' id='block_1_102' title="bbox 552 5198 2208 5269">
    <p class='ocr_par' dir='ltr' id='par_1_102' title="bbox 552 5198 2208 5269">
     <span class='ocr_line' id='line_1_103' title="bbox 552 5198 2208 5269; baseline 0.001 -18"><span class='ocrx_word' id='word_1_682' title='bbox 552 5214 657 5266; x_wconf 80' lang='lat' dir='ltr'><strong>rae,</strong></span> <span class='ocrx_word' id='word_1_683' title='bbox 691 5215 865 5269; x_wconf 89' lang='lat' dir='ltr'><strong>quam</strong></span> <span class='ocrx_word' id='word_1_684' title='bbox 904 5203 961 5253; x_wconf 92' lang='lat' dir='ltr'><strong>et</strong></span> <span class='ocrx_word' id='word_1_685' title='bbox 1008 5198 1377 5252; x_wconf 64' lang='lat' dir='ltr'><strong>hmreditaria</strong></span> <span class='ocrx_word' id='word_1_686' title='bbox 1421 5198 1789 5268; x_wconf 89' lang='lat' dir='ltr'><strong>delegatione</strong></span> <span class='ocrx_word' id='word_1_687' title='bbox 1820 5200 2208 5253; x_wconf 89' lang='lat' dir='ltr'><strong>sacramentis</strong></span> 
     </span>
    </p>
   </div>
   <div class='ocr_carea' id='block_1_103' title="bbox 552 5286 2206 5357">
    <p class='ocr_par' dir='ltr' id='par_1_103' title="bbox 552 5286 2206 5357">
     <span class='ocr_line' id='line_1_104' title="bbox 552 5286 2206 5357; baseline 0.001 -18"><span class='ocrx_word' id='word_1_688' title='bbox 552 5287 878 5357; x_wconf 87' lang='lat' dir='ltr'><strong>Anglorum</strong></span> <span class='ocrx_word' id='word_1_689' title='bbox 908 5287 1132 5341; x_wconf 82' lang='lat' dir='ltr'><strong>ﬁrmata</strong></span> <span class='ocrx_word' id='word_1_690' title='bbox 1164 5289 1219 5341; x_wconf 90' lang='lat' dir='ltr'><strong>et</strong></span> <span class='ocrx_word' id='word_1_691' title='bbox 1246 5286 1379 5357; x_wconf 88' lang='lat' dir='ltr'><strong>jure</strong></span> <span class='ocrx_word' id='word_1_692' title='bbox 1410 5286 1549 5339; x_wconf 89' lang='lat' dir='ltr'><strong>belli</strong></span> <span class='ocrx_word' id='word_1_693' title='bbox 1578 5286 1705 5355; x_wconf 89' lang='lat' dir='ltr'><strong>ipse</strong></span> <span class='ocrx_word' id='word_1_694' title='bbox 1734 5288 2020 5355; x_wconf 90' lang='lat' dir='ltr'><strong>possedit,</strong></span> <span class='ocrx_word' id='word_1_695' title='bbox 2047 5303 2206 5342; x_wconf 90' lang='lat' dir='ltr'><strong>coro-</strong></span> 
     </span>
    </p>
   </div>
   <div class='ocr_carea' id='block_1_104' title="bbox 550 5375 2206 5445">
    <p class='ocr_par' dir='ltr' id='par_1_104' title="bbox 550 5375 2206 5445">
     <span class='ocr_line' id='line_1_105' title="bbox 550 5375 2206 5445; baseline 0.001 -17"><span class='ocrx_word' id='word_1_696' title='bbox 550 5377 724 5428; x_wconf 87' lang='lat' dir='ltr'><strong>natus</strong></span> <span class='ocrx_word' id='word_1_697' title='bbox 752 5375 853 5428; x_wconf 87' lang='lat' dir='ltr'><strong>tali</strong></span> <span class='ocrx_word' id='word_1_698' title='bbox 906 5376 1226 5430; x_wconf 91' lang='lat' dir='ltr'><strong>eorundem</strong></span> <span class='ocrx_word' id='word_1_699' title='bbox 1272 5390 1590 5441; x_wconf 90' lang='lat' dir='ltr'><strong>consensu,</strong></span> <span class='ocrx_word' id='word_1_700' title='bbox 1610 5375 1702 5429; x_wconf 92' lang='lat' dir='ltr'><strong>vel</strong></span> <span class='ocrx_word' id='word_1_701' title='bbox 1726 5377 1920 5443; x_wconf 89' lang='lat' dir='ltr'><strong>potius</strong></span> <span class='ocrx_word' id='word_1_702' title='bbox 1949 5377 2206 5445; x_wconf 90' lang='lat' dir='ltr'><strong>appetitu</strong></span> 
     </span>
    </p>
   </div>
   <div class='ocr_carea' id='block_1_105' title="bbox 550 5461 2206 5534">
    <p class='ocr_par' dir='ltr' id='par_1_105' title="bbox 550 5461 2206 5534">
     <span class='ocr_line' id='line_1_106' title="bbox 550 5461 2206 5534; baseline 0.001 -18"><span class='ocrx_word' id='word_1_703' title='bbox 550 5461 603 5532; x_wconf 80' lang='lat' dir='ltr'><strong>ej</strong></span> <span class='ocrx_word' id='word_1_704' title='bbox 614 5462 820 5517; x_wconf 88' lang='lat' dir='ltr'><strong>usdem</strong></span> <span class='ocrx_word' id='word_1_705' title='bbox 834 5464 1027 5533; x_wconf 89' lang='lat' dir='ltr'><strong>gentis</strong></span> <span class='ocrx_word' id='word_1_706' title='bbox 1045 5465 1374 5532; x_wconf 91' lang='lat' dir='ltr'><strong>primatum.</strong></span> <span class='ocrx_word' id='word_1_707' title='bbox 1393 5463 1519 5518; x_wconf 89' lang='lat' dir='ltr'><strong>Etsi</strong></span> <span class='ocrx_word' id='word_1_708' title='bbox 1533 5463 1680 5517; x_wconf 90' lang='lat' dir='ltr'><strong>ratio</strong></span> <span class='ocrx_word' id='word_1_709' title='bbox 1694 5464 2003 5534; x_wconf 87' lang='lat' dir='ltr'><strong>sanguinis</strong></span> <span class='ocrx_word' id='word_1_710' title='bbox 2018 5465 2206 5533; x_wconf 88' lang='lat' dir='ltr'><strong>posci-</strong></span> 
     </span>
    </p>
   </div>
   <div class='ocr_carea' id='block_1_106' title="bbox 548 5553 2204 5627">
    <p class='ocr_par' dir='ltr' id='par_1_106' title="bbox 548 5553 2204 5627">
     <span class='ocr_line' id='line_1_107' title="bbox 548 5553 2204 5627; baseline 0.001 -19"><span class='ocrx_word' id='word_1_711' title='bbox 548 5555 664 5624; x_wconf 89' lang='lat' dir='ltr'><strong>tur,</strong></span> <span class='ocrx_word' id='word_1_712' title='bbox 713 5555 1021 5627; x_wconf 86' lang='lat' dir='ltr'><strong>pernotum</strong></span> <span class='ocrx_word' id='word_1_713' title='bbox 1061 5554 1152 5608; x_wconf 90' lang='lat' dir='ltr'><strong>est</strong></span> <span class='ocrx_word' id='word_1_714' title='bbox 1193 5568 1368 5625; x_wconf 90' lang='lat' dir='ltr'><strong>quam</strong></span> <span class='ocrx_word' id='word_1_715' title='bbox 1397 5554 1663 5625; x_wconf 85' lang='lat' dir='ltr'><strong>proxima</strong></span> <span class='ocrx_word' id='word_1_716' title='bbox 1695 5553 2204 5626; x_wconf 83' lang='lat' dir='ltr'><strong>consanguinitate</strong></span> 
     </span>
    </p>
   </div>
   <div class='ocr_carea' id='block_1_107' title="bbox 2325 4571 3886 4650">
    <p class='ocr_par' dir='ltr' id='par_1_107' title="bbox 2325 4571 3886 4650">
     <span class='ocr_line' id='line_1_108' title="bbox 2325 4571 3886 4650; baseline -0.012 -14"><span class='ocrx_word' id='word_1_717' title='bbox 2325 4582 2653 4649; x_wconf 89' lang='lat' dir='ltr'><strong>basilicam,</strong></span> <span class='ocrx_word' id='word_1_718' title='bbox 2674 4580 2830 4650; x_wconf 90' lang='lat' dir='ltr'><strong>quod</strong></span> <span class='ocrx_word' id='word_1_719' title='bbox 2858 4580 3158 4633; x_wconf 89' lang='lat' dir='ltr'><strong>minimum</strong></span> <span class='ocrx_word' id='word_1_720' title='bbox 3181 4580 3239 4632; x_wconf 91' lang='lat' dir='ltr'><strong>in</strong></span> <span class='ocrx_word' id='word_1_721' title='bbox 3263 4579 3357 4632; x_wconf 87' lang='lat' dir='ltr'><strong>his</strong></span> <span class='ocrx_word' id='word_1_722' title='bbox 3379 4579 3548 4633; x_wconf 89' lang='lat' dir='ltr'><strong>donis</strong></span> <span class='ocrx_word' id='word_1_723' title='bbox 3570 4571 3886 4631; x_wconf 84' lang='lat' dir='ltr'><strong>coenobiorum</strong></span> 
     </span>
    </p>
   </div>
   <div class='ocr_carea' id='block_1_108' title="bbox 2328 4654 3886 4740">
    <p class='ocr_par' dir='ltr' id='par_1_108' title="bbox 2328 4654 3886 4740">
     <span class='ocr_line' id='line_1_109' title="bbox 2328 4654 3886 4740; baseline -0.01 -15"><span class='ocrx_word' id='word_1_724' title='bbox 2328 4670 2563 4740; x_wconf 88' lang='lat' dir='ltr'><strong>aliquod</strong></span> <span class='ocrx_word' id='word_1_725' title='bbox 2595 4669 2931 4723; x_wconf 79' lang='lat' dir='ltr'><strong>laetiﬁcavit.</strong></span> <span class='ocrx_word' id='word_1_726' title='bbox 2984 4667 3247 4721; x_wconf 90' lang='lat' dir='ltr'><strong>Ducibus</strong></span> <span class='ocrx_word' id='word_1_727' title='bbox 3276 4669 3451 4738; x_wconf 88' lang='lat' dir='ltr'><strong>atque</strong></span> <span class='ocrx_word' id='word_1_728' title='bbox 3491 4665 3714 4737; x_wconf 88' lang='lat' dir='ltr'><strong>regibus</strong></span> <span class='ocrx_word' id='word_1_729' title='bbox 3736 4660 3830 4712; x_wconf 54' lang='lat' dir='ltr'><strong>haec</strong></span> <span class='ocrx_word' id='word_1_730' title='bbox 3850 4654 3886 4703; x_wconf 75' lang='grc' dir='ltr'>εί</span> 
     </span>
    </p>
   </div>
   <div class='ocr_carea' id='block_1_109' title="bbox 2328 4741 3884 4828">
    <p class='ocr_par' dir='ltr' id='par_1_109' title="bbox 2328 4741 3884 4828">
     <span class='ocr_line' id='line_1_110' title="bbox 2328 4741 3884 4828; baseline -0.009 -15"><span class='ocrx_word' id='word_1_731' title='bbox 2328 4760 2546 4828; x_wconf 89' lang='lat' dir='ltr'><strong>scripta</strong></span> <span class='ocrx_word' id='word_1_732' title='bbox 2602 4759 2660 4810; x_wconf 88' lang='lat' dir='ltr'><strong>in</strong></span> <span class='ocrx_word' id='word_1_733' title='bbox 2706 4758 2818 4811; x_wconf 93' lang='lat' dir='ltr'><strong>hoc</strong></span> <span class='ocrx_word' id='word_1_734' title='bbox 2849 4756 3044 4811; x_wconf 88' lang='lat' dir='ltr'><strong>libello</strong></span> <span class='ocrx_word' id='word_1_735' title='bbox 3077 4755 3376 4825; x_wconf 90' lang='lat' dir='ltr'><strong>complura</strong></span> <span class='ocrx_word' id='word_1_736' title='bbox 3403 4756 3740 4809; x_wconf 87' lang='lat' dir='ltr'><strong>innotescere</strong></span> <span class='ocrx_word' id='word_1_737' title='bbox 3763 4741 3884 4796; x_wconf 79' lang='lat' dir='ltr'><strong>velim</strong></span> 
     </span>
    </p>
   </div>
   <div class='ocr_carea' id='block_1_110' title="bbox 2326 4830 3881 4919">
    <p class='ocr_par' dir='ltr' id='par_1_110' title="bbox 2326 4830 3881 4919">
     <span class='ocr_line' id='line_1_111' title="bbox 2326 4830 3881 4919; baseline -0.008 -18"><span class='ocrx_word' id='word_1_738' title='bbox 2326 4850 2395 4902; x_wconf 90' lang='lat' dir='ltr'><strong>ad</strong></span> <span class='ocrx_word' id='word_1_739' title='bbox 2428 4847 2756 4917; x_wconf 89' lang='lat' dir='ltr'><strong>exemplum</strong></span> <span class='ocrx_word' id='word_1_740' title='bbox 2793 4849 2890 4899; x_wconf 91' lang='lat' dir='ltr'><strong>aut</strong></span> <span class='ocrx_word' id='word_1_741' title='bbox 2949 4844 3405 4898; x_wconf 90' lang='lat' dir='ltr'><strong>incitamentum.</strong></span> <span class='ocrx_word' id='word_1_742' title='bbox 3452 4844 3673 4897; x_wconf 86' lang='lat' dir='ltr'><strong>Munera</strong></span> <span class='ocrx_word' id='word_1_743' title='bbox 3714 4830 3881 4919; x_wconf 43' lang='lat' dir='ltr'><strong>quidet?</strong></span> 
     </span>
    </p>
   </div>
   <div class='ocr_carea' id='block_1_111' title="bbox 2329 4915 3882 5014">
    <p class='ocr_par' dir='ltr' id='par_1_111' title="bbox 2329 4915 3882 5014">
     <span class='ocr_line' id='line_1_112' title="bbox 2329 4915 3882 5014; baseline -0.012 -23"><span class='ocrx_word' id='word_1_744' title='bbox 2329 4915 2669 5007; x_wconf 84' lang='lat' dir='ltr'><strong>gratissima</strong></span> <span class='ocrx_word' id='word_1_745' title='bbox 2729 4935 3169 4989; x_wconf 70' lang='lat' dir='ltr'><strong>Northmanniaa</strong></span> <span class='ocrx_word' id='word_1_746' title='bbox 3223 4933 3637 5000; x_wconf 88' lang='lat' dir='ltr'><strong>advenerunt_a</strong></span> <span class='ocrx_word' id='word_1_747' title='bbox 3663 4939 3754 4980; x_wconf 89' lang='lat' dir='ltr'><strong>suo</strong></span> <span class='ocrx_word' id='word_1_748' title='bbox 3775 4915 3882 5014; x_wconf 66' lang='lat' dir='ltr'><strong>dulei</strong></span> 
     </span>
    </p>
   </div>
   <div class='ocr_carea' id='block_1_112' title="bbox 2322 5010 3881 5095">
    <p class='ocr_par' dir='ltr' id='par_1_112' title="bbox 2322 5010 3881 5095">
     <span class='ocr_line' id='line_1_113' title="bbox 2322 5010 3881 5095; baseline -0.01 -16"><span class='ocrx_word' id='word_1_749' title='bbox 2322 5030 2455 5079; x_wconf 89' lang='lat' dir='ltr'><strong>nato</strong></span> <span class='ocrx_word' id='word_1_750' title='bbox 2495 5026 2590 5095; x_wconf 91' lang='lat' dir='ltr'><strong>pio</strong></span> <span class='ocrx_word' id='word_1_751' title='bbox 2624 5029 2786 5094; x_wconf 85' lang='lat' dir='ltr'><strong>patre</strong></span> <span class='ocrx_word' id='word_1_752' title='bbox 2809 5023 3120 5077; x_wconf 87' lang='lat' dir='ltr'><strong>festinante</strong></span> <span class='ocrx_word' id='word_1_753' title='bbox 3148 5020 3358 5076; x_wconf 79' lang='lat' dir='ltr'><strong>affectu</strong></span> <span class='ocrx_word' id='word_1_754' title='bbox 3376 5023 3570 5089; x_wconf 85' lang='lat' dir='ltr'><strong>missa,</strong></span> <span class='ocrx_word' id='word_1_755' title='bbox 3590 5031 3701 5071; x_wconf 85' lang='lat' dir='ltr'><strong>cum</strong></span> <span class='ocrx_word' id='word_1_756' title='bbox 3719 5010 3881 5066; x_wconf 67' lang='lat' dir='ltr'><strong>saevitia</strong></span> 
     </span>
    </p>
   </div>
   <div class='ocr_carea' id='block_1_113' title="bbox 2320 5104 3877 5190">
    <p class='ocr_par' dir='ltr' id='par_1_113' title="bbox 2320 5104 3877 5190">
     <span class='ocr_line' id='line_1_114' title="bbox 2320 5104 3877 5190; baseline -0.011 -22"><span class='ocrx_word' id='word_1_757' title='bbox 2320 5113 2602 5184; x_wconf 90' lang='lat' dir='ltr'><strong>temporis</strong></span> <span class='ocrx_word' id='word_1_758' title='bbox 2633 5118 2805 5183; x_wconf 87' lang='lat' dir='ltr'><strong>atque</strong></span> <span class='ocrx_word' id='word_1_759' title='bbox 2823 5112 3002 5166; x_wconf 87' lang='lat' dir='ltr'><strong>maris</strong></span> <span class='ocrx_word' id='word_1_760' title='bbox 3024 5112 3276 5165; x_wconf 89' lang='lat' dir='ltr'><strong>intrante</strong></span> <span class='ocrx_word' id='word_1_761' title='bbox 3294 5108 3563 5165; x_wconf 81' lang='lat' dir='ltr'><strong>Januario</strong></span> <span class='ocrx_word' id='word_1_762' title='bbox 3578 5104 3718 5160; x_wconf 88' lang='lat' dir='ltr'><strong>esset</strong></span> <span class='ocrx_word' id='word_1_763' title='bbox 3730 5106 3877 5190; x_wconf 62' lang='lat' dir='ltr'><strong>accer-</strong></span> 
     </span>
    </p>
   </div>
   <div class='ocr_carea' id='block_1_114' title="bbox 2321 5187 3876 5283">
    <p class='ocr_par' dir='ltr' id='par_1_114' title="bbox 2321 5187 3876 5283">
     <span class='ocr_line' id='line_1_115' title="bbox 2321 5187 3876 5283; baseline 0.007 -28"><span class='ocrx_word' id='word_1_764' title='bbox 2321 5202 2486 5256; x_wconf 91' lang='lat' dir='ltr'><strong>rima.</strong></span> <span class='ocrx_word' id='word_1_765' title='bbox 2523 5202 2805 5255; x_wconf 89' lang='lat' dir='ltr'><strong>Nuntium</strong></span> <span class='ocrx_word' id='word_1_766' title='bbox 2860 5215 3002 5254; x_wconf 90' lang='lat' dir='ltr'><strong>vero</strong></span> <span class='ocrx_word' id='word_1_767' title='bbox 3032 5203 3300 5268; x_wconf 89' lang='lat' dir='ltr'><strong>eventus,</strong></span> <span class='ocrx_word' id='word_1_768' title='bbox 3331 5198 3501 5269; x_wconf 86' lang='lat' dir='ltr'><strong>cujus</strong></span> <span class='ocrx_word' id='word_1_769' title='bbox 3529 5187 3876 5283; x_wconf 39' lang='lat' dir='ltr'><strong>cura???</strong></span> 
     </span>
    </p>
   </div>
   <div class='ocr_carea' id='block_1_115' title="bbox 2316 5269 3874 5357">
    <p class='ocr_par' dir='ltr' id='par_1_115' title="bbox 2316 5269 3874 5357">
     <span class='ocr_line' id='line_1_116' title="bbox 2316 5269 3874 5357; baseline -0.016 -12"><span class='ocrx_word' id='word_1_770' title='bbox 2316 5292 2537 5345; x_wconf 89' lang='lat' dir='ltr'><strong>intenta</strong></span> <span class='ocrx_word' id='word_1_771' title='bbox 2568 5290 2676 5343; x_wconf 90' lang='lat' dir='ltr'><strong>fuit</strong></span> <span class='ocrx_word' id='word_1_772' title='bbox 2705 5289 2975 5357; x_wconf 88' lang='lat' dir='ltr'><strong>etanxia,</strong></span> <span class='ocrx_word' id='word_1_773' title='bbox 2996 5288 3209 5341; x_wconf 90' lang='lat' dir='ltr'><strong>millies</strong></span> <span class='ocrx_word' id='word_1_774' title='bbox 3225 5286 3548 5340; x_wconf 89' lang='lat' dir='ltr'><strong>chariorem</strong></span> <span class='ocrx_word' id='word_1_775' title='bbox 3563 5274 3767 5344; x_wconf 87' lang='lat' dir='ltr'><strong>accepit.</strong></span> <span class='ocrx_word' id='word_1_776' title='bbox 3790 5269 3874 5357; x_wconf 61' lang='lat' dir='ltr'><strong>Nec</strong></span> 
     </span>
    </p>
   </div>
   <div class='ocr_carea' id='block_1_116' title="bbox 2316 5349 3871 5448">
    <p class='ocr_par' dir='ltr' id='par_1_116' title="bbox 2316 5349 3871 5448">
     <span class='ocr_line' id='line_1_117' title="bbox 2316 5349 3871 5448; baseline -0.014 -15"><span class='ocrx_word' id='word_1_777' title='bbox 2316 5380 2469 5433; x_wconf 92' lang='lat' dir='ltr'><strong>enim</strong></span> <span class='ocrx_word' id='word_1_778' title='bbox 2504 5379 2649 5432; x_wconf 89' lang='lat' dir='ltr'><strong>adeo</strong></span> <span class='ocrx_word' id='word_1_779' title='bbox 2681 5381 2916 5448; x_wconf 88' lang='lat' dir='ltr'><strong>gratum</strong></span> <span class='ocrx_word' id='word_1_780' title='bbox 2954 5349 3246 5446; x_wconf 80' lang='lat' dir='ltr'><strong>acciperet</strong></span> <span class='ocrx_word' id='word_1_781' title='bbox 3292 5371 3559 5445; x_wconf 88' lang='lat' dir='ltr'><strong>quidquid</strong></span> <span class='ocrx_word' id='word_1_782' title='bbox 3586 5361 3763 5423; x_wconf 81' lang='lat' dir='ltr'><strong>Arabia</strong></span> <span class='ocrx_word' id='word_1_783' title='bbox 3785 5349 3871 5425; x_wconf 64' lang='lat' dir='ltr'><strong>pnl‘</strong></span> 
     </span>
    </p>
   </div>
   <div class='ocr_carea' id='block_1_117' title="bbox 2314 5452 3871 5537">
    <p class='ocr_par' dir='ltr' id='par_1_117' title="bbox 2314 5452 3871 5537">
     <span class='ocr_line' id='line_1_118' title="bbox 2314 5452 3871 5537; baseline -0.014 -14"><span class='ocrx_word' id='word_1_784' title='bbox 2314 5470 2520 5525; x_wconf 90' lang='lat' dir='ltr'><strong>chrum</strong></span> <span class='ocrx_word' id='word_1_785' title='bbox 2581 5471 2677 5520; x_wconf 89' lang='lat' dir='ltr'><strong>aut</strong></span> <span class='ocrx_word' id='word_1_786' title='bbox 2735 5482 2918 5519; x_wconf 89' lang='lat' dir='ltr'><strong>suave</strong></span> <span class='ocrx_word' id='word_1_787' title='bbox 2954 5464 3174 5518; x_wconf 88' lang='lat' dir='ltr'><strong>donare</strong></span> <span class='ocrx_word' id='word_1_788' title='bbox 3214 5466 3433 5534; x_wconf 89' lang='lat' dir='ltr'><strong>posset.</strong></span> <span class='ocrx_word' id='word_1_789' title='bbox 3465 5458 3657 5514; x_wconf 87' lang='lat' dir='ltr'><strong>Nullus</strong></span> <span class='ocrx_word' id='word_1_790' title='bbox 3682 5452 3871 5537; x_wconf 58' lang='lat' dir='ltr'><strong>unqufﬂn</strong></span> 
     </span>
    </p>
   </div>
   <div class='ocr_carea' id='block_1_118' title="bbox 2312 5539 3865 5625">
    <p class='ocr_par' dir='ltr' id='par_1_118' title="bbox 2312 5539 3865 5625">
     <span class='ocr_line' id='line_1_119' title="bbox 2312 5539 3865 5625; baseline -0.022 -10"><span class='ocrx_word' id='word_1_791' title='bbox 2312 5559 2503 5615; x_wconf 83' lang='lat' dir='ltr'><strong>illuxit</strong></span> <span class='ocrx_word' id='word_1_792' title='bbox 2539 5556 2593 5611; x_wconf 89' lang='lat' dir='ltr'><strong>ei</strong></span> <span class='ocrx_word' id='word_1_793' title='bbox 2622 5555 2752 5611; x_wconf 86' lang='lat' dir='ltr'><strong>dies</strong></span> <span class='ocrx_word' id='word_1_794' title='bbox 2781 5554 2988 5625; x_wconf 69' lang='lat' dir='ltr'><strong>lmtior,</strong></span> <span class='ocrx_word' id='word_1_795' title='bbox 3013 5568 3186 5625; x_wconf 86' lang='lat' dir='ltr'><strong>quem</strong></span> <span class='ocrx_word' id='word_1_796' title='bbox 3203 5568 3335 5608; x_wconf 89' lang='lat' dir='ltr'><strong>cum</strong></span> <span class='ocrx_word' id='word_1_797' title='bbox 3355 5552 3509 5606; x_wconf 88' lang='lat' dir='ltr'><strong>certo</strong></span> <span class='ocrx_word' id='word_1_798' title='bbox 3523 5539 3732 5603; x_wconf 87' lang='lat' dir='ltr'><strong>rescivit</strong></span> <span class='ocrx_word' id='word_1_799' title='bbox 3748 5540 3865 5606; x_wconf 85' lang='lat' dir='ltr'><strong>pnn-</strong></span> 
     </span>
    </p>
   </div>
  </div>
