4090 6162
223 226 378 290 1261

1794 222 2089 284 GESTA.

3504 225 3658 289 1262

229 428 421 495 cipem
452 427 957 492 suum,auctorem
975 422 1265 493 suiquieti
1289 425 1888 490 status,regemesse.
1914 403 1957 461 4
2001 420 2136 472 dicti
2170 418 2373 487 rapiat.
2410 420 2508 472 llle
2532 420 2822 475 neminem
2853 422 3166 491 damnavit,
3192 423 3306 476 nisi
3335 439 3510 494 quem
3541 441 3657 478 non

230 513 450 580 Urbes,
512 511 773 579 castella,
837 510 1011 577 villae,
1074 510 1450 578 monasteria,
1504 509 1745 562 multum
1785 525 1891 578 pro

232 602 476 669 victore,
525 602 776 654 maxime
836 599 1395 670 congratulabantur
1441 614 1546 666 pro
1582 602 1884 667 regnante.

232 689 363 742 Lux
397 690 666 759 quaedam
707 687 960 741 insolitae
1021 686 1354 739 serenitatis
1416 686 1518 739 toti
1574 686 1892 753 provinciae

230 778 432 831 subito
474 781 674 830 exorta
705 775 1030 829 videbatur.
1076 780 1216 838 Quae
1248 775 1382 828 licet
1435 774 1769 827 destitutam
1827 788 1893 825 se

231 869 467 936 putaret
486 866 775 918 communi
796 867 978 933 patre,
997 864 1133 915 dum
1156 862 1289 932 ejus
1309 862 1624 933 praesentia
1646 863 1891 927 careret,

231 956 326 1008 sic
355 957 563 1020 jtamen
608 953 822 1006 abesse
867 952 1099 1005 volebat
1135 968 1288 1019 eum,
1342 952 1533 1020 magis
1576 955 1635 1003 ut
1666 964 1895 1003 summa

229 1042 495 1113 potentia
536 1042 628 1110 ipe
659 1044 923 1094 uteretur
952 1056 1125 1109 quam
1186 1042 1245 1093 ut
1285 1039 1398 1092 sibi
1432 1039 1711 1108 praesidio
1744 1037 1897 1091 foret

232 1134 335 1184 aut
366 1130 568 1183 decori
610 1128 860 1197 amplius
892 1131 1122 1197 potens.
1151 1128 1397 1180 Tantum
1429 1142 1678 1196 namque
1703 1125 1897 1194 cupie-

232 1220 336 1272 bat
402 1216 824 1271 Northmannia
886 1216 1041 1269 illius
1101 1216 1513 1285 majestatem,
1575 1230 1745 1283 quam
1802 1213 1898 1265 ille

236 1305 685 1360 Northmanniae
740 1304 1044 1358 commoda
1089 1304 1215 1357 sive
1264 1304 1567 1357 honorem.
1630 1301 1899 1355 Profecto

234 1396 481 1449 dubium
515 1396 637 1446 erat
669 1393 828 1446 illum
860 1392 1064 1461 patria,
1096 1408 1169 1444 an
1200 1393 1440 1460 patriam
1475 1391 1570 1444 ille
1602 1391 1734 1459 plus
1767 1389 1902 1443 dili-

237 1488 431 1556 geret,
465 1482 716 1552 qualiter
747 1484 837 1534 est
869 1481 1003 1534 olim
1036 1481 1359 1533 dubitatum
1393 1480 1462 1533 de
1508 1477 1745 1532 Cmsare
1780 1480 1902 1531 Au-

235 1576 420 1643 gusto
443 1576 499 1625 et
529 1570 743 1640 pepulo
780 1570 1063 1622 ltomano.

316 1661 610 1731 Diligercs
643 1675 708 1711 ac
744 1657 983 1710 maximi
1008 1656 1260 1710 haberes
1296 1671 1429 1733 eum
1461 1660 1516 1709 et
1545 1659 1625 1721 tu,
1662 1654 1907 1725 Anglica

236 1754 423 1818 terra,
444 1752 733 1818 totamque
748 1750 801 1801 te
820 1746 954 1816 ejus
973 1745 1221 1815 pedibus
1244 1745 1374 1798 laeta
1394 1748 1829 1814 prosterneres,
1856 1742 1907 1796 si
1936 1767 1984 1829 Β

238 1839 488 1892 abesset
515 1836 902 1906 imprudentia
935 1838 1106 1904 atque
1168 1834 1448 1903 iniquitas
1484 1836 1599 1900 tua,
1634 1848 1749 1901 quo
1783 1847 1907 1883 mc-

238 1928 393 1979 linre
427 1925 673 1979 consilio
708 1923 1034 1991 dijudicare
1065 1938 1281 1991 posses
1312 1921 1371 1974 in
1394 1922 1586 1990 qualis
1609 1920 1719 1973 viri
1751 1924 1909 1988 pote-

244 2018 459 2068 statem
480 2013 812 2066 deveneris.
838 2010 990 2080 Praej
1001 2011 1241 2063 udicare
1259 2010 1398 2077 noli,
1421 2008 1762 2080 dignitatem
1777 2007 1911 2077 ejus

244 2103 594 2173 diligentius
626 2116 947 2171 cognosce,
980 2102 1036 2152 et
1064 2102 1350 2168 quotquot
1372 2098 1624 2169 exegisti
1644 2097 1913 2150 dominos

246 2191 418 2261 parvi
450 2190 698 2243 habebis
725 2204 857 2242 cum
889 2203 955 2240 eo
988 2190 1378 2255 comparatos.
1420 2185 1943 2255 Ejushonestatis.

247 2278 624 2348 pulchritudo
658 2278 873 2346 optimo
908 2281 961 2329 te
993 2275 1188 2329 colore
1222 2274 1540 2327 decoravit.
1578 2274 1787 2326 Didicit
1810 2289 1913 2341 per

246 2368 511 2439 legatum
540 2382 711 2419 suum
742 2364 1188 2418 valentissimus
1223 2364 1312 2415 vir
1333 2379 1435 2415 rex
1452 2362 1736 2430 Pyrrhus,
1761 2360 1910 2413 tales

250 2458 399 2521 fere,
436 2454 626 2525 qualis
650 2457 773 2508 erat
816 2455 965 2522 ipse,
994 2454 1236 2506 Romam
1269 2451 1486 2505 habere
1519 2453 1786 2503 cunctos.
1812 2448 1913 2501 llla

250 2545 698 2611 civitasparens
740 2558 949 2612 regum
985 2540 1362 2608 orbis,terrae
1378 2543 1552 2608 caput
1585 2541 1641 2591 et
1662 2537 1915 2603 domina,

251 2632 411 2686 hunc
436 2631 531 2702 qui
553 2632 651 2684 tibi
679 2630 1087 2684 dominaturus
1102 2634 1191 2682 est
1213 2627 1609 2699 progenuisse
1642 2630 1696 2679 et
1729 2626 1920 2695 ipsius

256 2737 435 2772 manu
450 2719 769 2787 defensari,
789 2718 1073 2788 sapientia
1095 2717 1437 2787 gubernari,
1455 2716 1699 2784 imperio
1715 2730 1920 2784 parere

258 2807 773 2880 gauderet.Hujus
796 2806 1011 2860 milites
1032 2805 1419 2858 Northmanni
1439 2804 1749 2873 possident
1765 2804 1921 2872 Apu-

254 2897 419 2965 liam,
444 2896 717 2949 devieere
755 2894 1033 2960 Siciliam,
1058 2892 1927 2962 prepugnantConstantinopo-

257 2985 389 3053 lim,
406 2983 683 3054 ingerunt
704 2984 920 3035 metum
946 2978 1681 3049 Babyloxii.Nobilissimos
1698 2982 1926 3031 tuorum

258 3073 518 3126 filiorum
542 3071 799 3142 juvenes
832 3084 897 3123 ac
930 3084 1108 3123 senes
1126 3067 1434 3121 Chunutus
1453 3067 1653 3120 Damus
1680 3067 1925 3119 trucida-

260 3161 353 3213 vit
386 3160 561 3213 nimia
590 3158 930 3214 crudelitate
957 3163 1016 3210 ut
1041 3156 1157 3210 sibi
1190 3172 1255 3208 ac
1288 3155 1494 3207 liberis
1539 3155 1668 3207 suis
1692 3159 1745 3207 te
1768 3154 1929 3207 subi-

261 3251 456 3319 geret.
484 3248 593 3301 Hic
621 3263 691 3300 ne
725 3245 1044 3300 Heraldum
1076 3244 1248 3297 vellet
1268 3243 1646 3306 occubuisse;
1680 3243 1797 3296 imo
1829 3259 1928 3295 vo-

258 3337 371 3389 luit
401 3336 587 3405 patris
617 3335 868 3389 Goduini
895 3332 1212 3402 potentiam
1242 3331 1625 3401 illiampliare
1657 3334 1711 3384 et
1742 3334 1930 3384 natam

261 3440 437 3478 suam
453 3423 825 3492 imperatoris
851 3422 1105 3475 thalamo
1129 3420 1537 3491 dignissimam
1560 3420 1619 3472 in
1642 3420 1934 3473 matrimo-

264 3514 453 3578 nium,
491 3512 571 3564 uti
610 3511 799 3565 fuerat
829 3510 1147 3580 pollicitus,
1183 3509 1431 3562 tradere.
1467 3510 1541 3562 Αι
1588 3509 1641 3561 si
1672 3508 1799 3562 haec
1830 3509 1933 3562 tibi

268 3616 506 3655 meeum
538 3616 653 3653 non
685 3599 1060 3660 conveniunt,
1094 3597 1355 3666 profecto
1387 3596 1627 3651 sustulit
1650 3614 1681 3649 a
1703 3598 1933 3650 cervice

265 3694 367 3743 tua
386 3688 711 3758 superbum
727 3686 1141 3756 crudelcmque
1173 3685 1528 3739 dominatum
1554 3685 1811 3752 l-leraldi;
1832 3686 1932 3738 ab-

267 3776 653 3831 ominandum
684 3778 1013 3845 tyrannum,
1056 3774 1155 3843 qui
1184 3776 1238 3826 te
1268 3776 1551 3826 serVitute
1592 3773 1929 3826 calamitosa

274 3865 455 3918 simul
497 3867 553 3917 et
591 3864 983 3935 ignominiosa
1061 3866 1370 3930 premeret,
1403 3862 1714 3914 interemit.
1765 3860 1929 3924 Quod

274 3954 553 4007 meritum
586 3954 641 4005 in
675 3952 831 4006 omni
864 3954 1036 4022 gente
1061 3952 1289 4021 gratum
1316 3949 1565 4002 habetur
1595 3952 1765 4018 atque
1782 3964 1934 4018 prae-

280 4042 529 4095 clarum.
568 4041 885 4094 llenefaeta
916 4055 1056 4093 vero
1083 4037 1492 4091 saluberrimae
1525 4037 1937 4109 dominationis

274 4146 395 4200 qua
442 4130 564 4183 eris
624 4130 872 4183 exaltata
908 4169 921 4195 ,
969 4129 1027 4181 in
1084 4127 1430 4197 scqentibus
1487 4126 1680 4196 aliqua
1741 4129 1941 4180 contra

273 4224 440 4272 tuam
486 4217 764 4270 invidiam
802 4215 1193 4269 testabuntur.
1231 4214 1399 4268 Vivet
1423 4215 1581 4269 vivet
1612 4215 1669 4267 in
1700 4215 1944 4287 longum

278 4322 388 4359 rex
421 4304 760 4358 \Villelmus
785 4308 840 4357 et
871 4304 926 4356 in
958 4303 1192 4373 paginis
1212 4304 1434 4357 nostris
1465 4319 1614 4373 quas
1647 4303 1802 4357 tenui
1826 4320 1949 4357 ora-

280 4394 463 4447 tionis
510 4393 696 4464 figura
729 4392 992 4446 scribere
1032 4392 1241 4460 placet,
1275 4395 1335 4445 ut
1377 4406 1475 4445 res
1515 4392 1949 4461 pulcherrimas

2001 508 2278 560 damnare
2309 508 2573 577 iniquum
2594 508 2761 561 foret.
2796 509 2943 561 Nam
2971 511 3048 563 uti
3067 511 3356 566 adversus
3380 512 3657 567 libidines

2007 597 2176 663 alias,
2198 596 2271 647 ita
2291 596 2581 649 adversus
2613 598 2911 650 avaritiam
2931 597 3208 652 invictum
3223 602 3477 654 animum
3492 617 3660 673 gere-

2004 684 2120 737 bat.
2145 684 2511 737 lntcllexerat
2540 701 2678 738 esse
2714 687 2895 756 regiae
2927 686 3255 756 majestatis
3284 689 3498 743 illustri
3528 707 3659 743 mu-

2007 773 2299 826 nificentia
2339 777 2644 841 praestare,
2695 774 2839 826 nihil
2870 774 2969 826 ubi
3015 776 3261 843 aequitas
3315 778 3664 831 contradicit

2009 861 2298 928 accipere.
2334 861 2470 913 Suis
2502 877 2735 931 quoque
2764 864 3112 931 primatibus
3136 864 3314 934 digna
3345 880 3410 917 se
3442 869 3497 918 et
3523 882 3662 936 gra-

2008 948 2141 999 \‘i’~'
2207 967 2216 1015 λ
2248 969 2253 997 τ
2308 950 2483 1016 πικρὴ
2520 949 2891 1019 etdiligentia
2923 952 3110 1004 suasit
3128 952 3480 1021 aequitatem.
3513 952 3665 1006 Esse

2006 1036 2229 1107 jugiter
2256 1038 2311 1088 in
2345 1038 2532 1090 orufis
2574 1038 3109 1110 habendum,cujus
3132 1040 3665 1110 vicerintpraesidio

2011 1129 2296 1177 aeternum
2320 1125 2751 1193 imperatorem.
2781 1127 3036 1180 Nimium
3068 1128 3317 1196 opprimi
3342 1130 3529 1183 victos
3561 1144 3668 1182 ne-

2013 1229 2303 1282 quaquam
2364 1216 2632 1281 oportere
2693 1215 3018 1269 victoribus
3076 1216 3447 1284 professione
3494 1217 3669 1272 Chri-

2014 1302 2203 1354 stiana
2233 1317 2430 1369 pares,
2464 1318 2534 1354 ne
2556 1318 2707 1371 quos
2751 1302 2913 1373 justc
2954 1296 3301 1374 sube\gerint
3331 1305 3566 1375 injuriis
3598 1306 3669 1358 ad

2016 1388 2415 1442 rebellandum
2449 1395 2749 1459 cogerent.
2785 1392 2872 1444 Ad
2905 1392 3014 1445 hoc
3039 1392 3268 1457 decere,
3302 1409 3372 1447 ne
3393 1394 3531 1463 quid
3550 1397 3672 1447 tur-

2016 1476 2165 1545 piter
2196 1478 2253 1529 in
2287 1478 2549 1530 externis
2573 1478 2867 1547 agitando,
2902 1484 3077 1533 terrae
3098 1481 3193 1533 ubi
3215 1486 3384 1535 natus
3409 1484 3499 1536 vel
3518 1482 3671 1536 altus

2016 1570 2107 1617 est
2132 1565 2391 1618 dedecus
2410 1565 2942 1635 inﬂigeret.l\lilites
2964 1584 3101 1621 vero
3121 1570 3328 1623 mediae
3354 1570 3673 1623 nobilitatis

2018 1655 2190 1721 atque
2236 1653 2549 1722 gregarios
2582 1655 2906 1721 aptissimis
2939 1656 3146 1709 edictis
3197 1659 3475 1712 coercuit.
3511 1659 3675 1712 Tutae

2020 1745 2235 1794 eranta
2257 1742 2309 1793 vi
2333 1741 2631 1809 mulieres,
2668 1759 2841 1812 quam
2878 1760 3037 1813 saepe
3072 1750 3365 1800 amatores
3397 1747 3673 1801 inierunt.

2020 1828 2208 1881 Etiam
2241 1829 2336 1881 illa
2382 1830 2590 1882 delicta
2623 1846 2756 1900 quae
2804 1832 3010 1885 tierent
3039 1849 3337 1888 consensu
3361 1836 3677 1905 impudica-

2022 1933 2173 1985 rum,
2192 1916 2447 1970 infamiae
2472 1918 2853 1986 prohibendae
2867 1921 3075 1990 gratia,
3094 1924 3677 1977 vetabantur.Potare

2023 2005 2263 2058 militem
2282 2006 2336 2057 in
2369 2007 2630 2059 tabernis
2660 2022 2775 2060 non
2796 2009 3038 2061 multum
3060 2012 3380 2081 concessit,
3405 2012 3681 2082 quoniam

2025 2095 2284 2148 ebrietas
2310 2094 2581 2162 litem,lis
2600 2095 2981 2148 homicidium
3012 2098 3164 2151 solet
3187 2114 3489 2168 generare.
3510 2098 3682 2153 Sedi-

2028 2184 2218 2237 tiones
2250 2185 2568 2250 interdixit,
2605 2185 2825 2239 caedem
2844 2190 2900 2239 et
2917 2202 3147 2241 omnem
3166 2189 3687 2259 rapinam,frenant

2030 2275 2091 2325 ut
2118 2272 2369 2340 populos
2413 2272 2617 2339 armis,
2678 2273 2751 2325 ita
2786 2272 3021 2343 legibus
3062 2291 3241 2329 arma.
3275 2276 3537 2345 Judices,
3586 2279 3688 2346 qui

2030 2360 2209 2429 vulgo
2240 2360 2485 2413 militum
2515 2363 2718 2413 essent
2748 2362 2961 2429 timori,
2996 2362 3297 2416 constituti
3331 2367 3487 2432 sunt,
3510 2365 3687 2419 simul

2032 2448 2262 2501 acerbae
2292 2448 2553 2516 poenaein
2579 2464 2683 2501 eos
2701 2449 2798 2518 qui
2818 2450 3225 2519 delinquerent
3254 2452 3507 2506 decretae
3524 2456 3680 2519 sunt;

2032 2551 2223 2605 neque
2247 2536 2491 2589 liberius
2510 2538 2901 2590 Northmanni
2923 2553 3097 2607 quam
3120 2540 3486 2593 Britannivel
3507 2541 3687 2611 Aqui-

2032 2625 2151 2678 tani
2208 2638 2387 2694 agere
2450 2626 2950 2693 permittebantur.
3005 2627 3339 2696 Scipionem
3422 2629 3688 2698 aliosque

2033 2714 2267 2783 priscos
2282 2712 2465 2765 duces
2488 2716 2822 2783 proponunt
2838 2714 3147 2769 imitandos
3166 2718 3263 2786 qui
3288 2716 3358 2771 de
3381 2716 3692 2786 disciplina

2034 2801 2271 2854 militari
2304 2800 2543 2869 scriptis
2568 2801 2798 2855 docent.
2824 2804 3082 2857 Prorsus
3112 2820 3279 2874 aeque
3298 2809 3393 2858 aut
3414 2805 3549 2874 plus
3567 2805 3689 2859 lau-

2037 2890 2225 2943 danda
2280 2889 2548 2957 exempla
2620 2890 2693 2943 ab
2750 2893 3013 2945 exercitu
3081 2892 3363 2945 Willelmi
3419 2893 3582 2964 regis
3636 2893 3696 2948 in

2036 2982 2307 3046 promptu
2340 2981 2432 3031 est
2459 2978 2747 3047 accipere.
2781 2980 2896 3032 Sed
2929 2980 3257 3034 festinando
3277 2981 3541 3035 dicamus
3560 2982 3690 3047 alia,

2040 3083 2113 3120 ne
2139 3066 2237 3119 diu
2257 3066 2694 3134 suspendamur
2710 3082 2742 3118 a
2757 3068 3131 3121 memorando
3155 3070 3345 3123 reditu
3363 3084 3535 3139 quem
3551 3070 3701 3123 Nor-

2040 3155 2339 3210 thmannia
2361 3155 2579 3207 intenta
2608 3155 3004 3222 exspectabat.

2115 3243 2376 3297 Tribulis
2407 3246 2462 3296 et
2494 3244 2721 3296 cunctis
2753 3243 2935 3297 rebus
2966 3245 3038 3298 ad
3068 3246 3298 3316 regium
3328 3247 3539 3301 ﬁscum
3560 3247 3697 3300 red-

2044 3331 2253 3385 dendis
2276 3332 2512 3384 modum
2531 3330 2630 3400 qui
2649 3346 2767 3384 non
2790 3337 3066 3402 gravaret
3094 3335 3325 3402 posuit;
3349 3334 3697 3401 latrociniis,

2044 3420 2482 3488 invasionibus,
2527 3419 2834 3474 maleficiis
2883 3421 3075 3475 locum
3112 3438 3344 3476 omnem
3376 3424 3524 3477 intra
3557 3440 3703 3478 suos

2045 3509 2331 3563 terminos
2363 3508 2697 3577 denegavit.
2723 3510 2938 3563 Portus
2971 3514 3028 3563 et
3058 3511 3334 3581 quaelibet
3364 3513 3576 3567 itinera
3599 3527 3699 3567 ne-

2046 3597 2434 3669 gotiatoribus
2457 3602 2654 3665 patere
2698 3602 2754 3651 et
2783 3599 3001 3652 nullam
3023 3599 3300 3669 injuriam
3332 3600 3463 3654 fieri
3496 3601 3698 3671 jussit.

2048 3687 2420 3738 Pontificium
2442 3685 2728 3756 Stigandi,
2755 3687 2909 3756 quod
2932 3691 3175 3741 noverat
3193 3704 3308 3741 non
3331 3690 3698 3760 canonicum,

2048 3774 2283 3826 minime
2312 3768 2630 3842 probabat;
2662 3774 2767 3827 sed
2800 3774 3105 3843 apostolici
3128 3779 3472 3833 sententiam
3503 3796 3710 3850 exspe-

2052 3868 2210 3915 ctare
2242 3861 2453 3913 melius
2495 3877 2669 3930 quam
2721 3866 3136 3931 properantius
3168 3867 3460 3935 deponere
3501 3870 3702 3923 existi-

2051 3949 2263 4002 mabat.
2288 3948 2621 4002 Suadebant
2652 3950 2708 4001 et
2728 3950 2857 4003 aliae
2872 3952 3149 4022 rationes,
3183 3959 3243 4007 ut
3274 3956 3344 4008 ad
3362 3959 3592 4025 tempus
3609 3973 3708 4026 pa-

2054 4041 2278 4091 teretur
2307 4039 2479 4105 atque
2510 4036 2833 4090 honorifice
2892 4038 3134 4094 haberet
3166 4042 3323 4095 illum
3355 4043 3530 4113 cujus
3562 4046 3710 4100 inter

2057 4126 2285 4197 Anglos
2309 4124 2629 4178 auctoritas
2661 4128 2784 4178 erat
2807 4141 3055 4179 summa.

2130 4216 2194 4267 In
2227 4214 2368 4267 sede
2398 4214 2840 4282 metropolitana
2870 4214 3263 4270 meditabatur
3284 4221 3552 4274 sanctum
3569 4222 3707 4290 vita,

2061 4304 2213 4357 fama
2243 4302 2505 4369 charum,
2539 4301 2869 4372 eloquentia
2900 4303 3083 4356 divini
3105 4305 3267 4357 verbi
3289 4310 3713 4379 potentem,qui

2061 4390 2459 4461 suffraganeis
2483 4391 2780 4459 episcrnpis
2808 4407 3131 4462 congruam
3156 4393 3403 4447 formam
3443 4397 3713 4465 praebere

282 4482 543 4536 dilucide
574 4482 776 4551 plures
808 4480 1501 4551 intelligantl’raasertim
1520 4496 1650 4534 eum
1669 4481 1949 4550 praecipui
1966 4470 2023 4535 Ι)
2062 4484 2119 4535 et
2138 4480 2274 4535 ovili
2296 4480 2598 4533 Dominico
2616 4494 2878 4545 praeesse
2902 4481 3083 4564 sgiret
3100 4484 3446 4553 cunctisque
3462 4485 3714 4554 prodes—

284 4574 559 4624 oratores
591 4612 605 4637 ,
644 4569 864 4639 quibus
913 4568 1146 4622 dicendi
1202 4569 1462 4639 graviter
1516 4568 1681 4637 copia
1740 4584 1951 4640 magna

288 4659 419 4727 fuit,
455 4658 657 4711 humili
690 4673 984 4726 sermone,
1039 4657 1170 4711 dam
1202 4657 1482 4712 historias
1538 4659 1824 4727 scribunt,
1858 4659 1955 4712 usi

290 4747 681 4817 reperiantur.

368 4835 544 4887 Multa
576 4835 923 4902 Lundoniae,
948 4838 1331 4905 posteaquam
1354 4840 1668 4890 coronatus
1696 4841 1805 4905 est,
1826 4853 1955 4905 pru-

292 4924 525 4991 denter,
553 4923 735 4993 juste,
775 4924 1208 4993 clementerque
1241 4924 1550 4992 disposuit,
1586 4926 1852 4995 quaedam
1883 4926 1955 4977 ad

293 5012 494 5081 ipsius
526 5011 778 5064 civitatis
809 5012 1114 5065 commoda
1136 5012 1264 5065 sive
1292 5013 1653 5083 dignitatem,
1679 5014 1790 5066 alia
1822 5028 1953 5081 quae

295 5100 467 5173 genti
499 5100 850 5169 proﬁcerent
874 5100 1190 5169 universae,
1224 5101 1497 5155 nonnulla
1512 5101 1727 5171 quibus
1760 5100 1957 5153 Eccle-

299 5190 414 5243 siis
434 5192 606 5242 terrae
621 5187 1193 5243 consuleretur.Jura
1210 5205 1575 5259 quaecunque
1598 5189 1959 5257 dictavit,op-

302 5277 465 5332 timis
484 5277 809 5330 rationibus
829 5276 1385 5331 dictavit.Judieium
1404 5281 1626 5331 rectum
1648 5278 1803 5330 nulla
1834 5291 1963 5345 per-

305 5380 461 5420 sona
474 5364 547 5417 ab
571 5379 639 5418 eo
654 5364 1046 5435 nequicquam
1061 5364 1610 5434 postulavit.Specie
1632 5364 1966 5418 vindicandi

306 5455 512 5507 reatus
544 5452 845 5506 avaritiam
867 5451 1213 5521 plerumque
1239 5453 1394 5507 velat
1409 5468 1671 5524 regnans
1690 5452 1967 5523 iniquitas

305 5539 599 5615 supplicio
630 5538 845 5595 addicit
875 5541 1246 5598 innocentem
1264 5583 1279 5613 ,
1314 5544 1373 5597 ut
1385 5541 1833 5614 possessionem
1862 5541 1969 5597 ad-

2066 4586 2131 4623 se
2163 4576 2403 4638 cuperet
2435 4567 2629 4620 studio
2663 4567 2947 4637 vigilanti.
2984 4569 3125 4623 Item
3146 4570 3217 4623 de
3249 4571 3715 4627 ordinationibus

2065 4659 2309 4713 aliarum
2335 4656 2720 4710 ecclesiarum
2754 4658 3193 4727 praecogitabat.
3236 4659 3502 4715 Omnimo
3530 4661 3718 4731 proba

2068 4747 2203 4819 ejus
2236 4748 2293 4799 in
2324 4745 2805 4816 regnandoinitia
2835 4744 3017 4799 fuere.

2142 4837 2442 4907 Egressus
2460 4850 2489 4887 ο
2507 4834 2966 4903 Lundonia,dies
2989 4834 3277 4905 aliquotin
3290 4838 3617 4908 propinquo
3638 4839 3721 4892 lo-

2072 4942 2138 4979 co
2170 4923 2505 4977 morabatur
2530 4922 2859 4993 Bercingis,
2887 4924 3021 4976 dum
3063 4924 3423 4979 firmamenta
3454 4927 3722 4996 quaedam

2072 5013 2133 5065 in
2164 5013 2307 5064 urbe
2339 5014 2541 5064 contra
2581 5010 2956 5065 mobilitatem
2992 5012 3247 5083 ingentis
3290 5030 3357 5068 ac
3390 5015 3497 5068 feri
3526 5015 3725 5085 populi

2072 5099 2517 5167 perficerentur.
2570 5098 2725 5151 Vidit
2770 5101 2922 5153 enim
2968 5088 3026 5153 in
3067 5102 3277 5170 primis
3316 5104 3724 5157 necessarium

2073 5201 2430 5255 magnopere
2462 5186 2913 5242 Lundonienses
2941 5190 3224 5244 coerceri.
3262 5190 3347 5244 lbi
3377 5191 3620 5245 veniunt
3648 5192 3722 5245 ad

2074 5274 2423 5343 obsequium
2442 5273 2575 5342 ejus
2598 5273 2862 5329 Eduinus
2895 5279 2951 5329 et
2968 5277 3332 5347 Morcardus,
3354 5280 3728 5333 maximifere

2075 5363 2335 5418 omnium
2368 5361 2695 5432 Anglorum
2726 5378 2943 5433 genere
2969 5380 3036 5417 ac
3083 5368 3356 5434 potentia,
3392 5368 3635 5439 Algardi
3655 5367 3729 5419 il-

2073 5452 2193 5506 lius
2224 5450 2678 5505 nominatissimi
2707 5450 2830 5520 ﬁlii,
2855 5451 3243 5521 deprecantur
3264 5457 3511 5525 veniam,
3534 5455 3587 5508 si
3617 5469 3732 5525 qua

2076 5542 2135 5597 in
2158 5557 2223 5597 se
2243 5544 2447 5596 contra
2459 5554 2592 5595 eum
2612 5540 3181 5612 senserant,tradunt
3199 5556 3265 5599 se
3286 5545 3611 5615 cunctaque
3624 5557 3732 5599 sua
