4090 6162
496 244 650 307 1263

1626 236 2060 298 VVILLELMI
2091 233 2735 307 CONQUESTORIS

3705 238 3836 300 1‘264

496 444 630 514 ejus
662 442 1160 511 cleinentiae;item
1182 438 1281 493 alii
1334 438 1671 507 complures
1695 435 1927 490 nobiles
1951 439 2004 487 et
2028 433 2150 502 opi-
2181 416 2239 475 Α
2268 433 2521 488 ecclesia
2550 433 3099 503 Bajocensis,quam
3120 432 3247 500 ipse
3271 432 3443 485 multo
3466 432 3649 487 studio
3678 436 3876 504 egregie

494 532 610 586 bus
643 532 839 602 ampli.

569 639 631 692 In
664 639 759 693 his
794 642 917 691 erat
946 652 1146 690 comes
1177 634 1358 701 Coxo,
1394 649 1568 703 quem
1600 632 1883 701 singulari
1921 634 1973 683 ct
1996 629 2155 684 forti-

500 728 699 782 tudine
723 730 778 780 et
796 727 1081 796 probitate
1101 725 1399 795 rcgi,post
1422 728 1473 775 et
1490 722 1704 790 optimo
1719 721 1930 788 cuique
1952 718 2158 772 North-

499 833 712 871 manno
726 816 1023 885 placuisse
1043 813 1396 866 audivimus.
1424 812 1551 865 Rex
1571 825 1775 863 eorum
1792 812 2161 861 sacramenta

501 910 563 960 ut
590 904 1057 975 postulaverunt,
1092 901 1284 954 libens
1317 899 1559 968 accepit,
1596 897 1912 951 liberaliter
1935 898 2022 950 eis
2055 897 2162 950 do-

502 994 664 1048 navit
687 992 932 1063 gratiam
961 1006 1148 1057 suam,
1174 988 1421 1042 reddidit
1448 988 1534 1041 eis
1559 990 1764 1040 cuncta
1799 1002 1928 1056 qua;
1959 1002 2165 1055 posse-

503 1079 990 1146 derant,habebat
1008 1093 1112 1132 eos
1128 1093 1340 1148 magno
1356 1076 1598 1129 honore.
1620 1074 1757 1128 inde
1772 1075 2163 1145 progrediens

507 1170 780 1223 diversas
824 1170 1022 1237 partes
1062 1167 1230 1235 regni
1281 1164 1559 1231 accessit,
1594 1164 1916 1217 ordinando
1948 1163 2165 1233 ubique

506 1256 666 1311 utilia
702 1255 817 1308 sibi
849 1259 903 1308 et
956 1254 1165 1307 incolis
1223 1257 1417 1306 terra}.
1451 1252 1691 1321 Quaqua
1748 1251 2051 1322 pergebat,
2109 1251 2167 1304 in

503 1344 686 1399 armis
708 1359 880 1397 nemo
901 1342 1314 1395 manebat.Iter
1336 1341 1557 1395 nullum
1579 1340 1926 1407 obstruitur,
1954 1355 2165 1393 occur-

504 1435 641 1487 runt
670 1433 894 1502 passim
935 1431 1334 1500 obsequentes
1357 1472 1369 1496 ,
1406 1432 1501 1483 aut
1531 1428 1914 1497 explicantes.
1947 1428 2165 1481 Omnes

506 1521 602 1575 ille
624 1520 1015 1575 clementibus
1035 1516 1521 1590 oculiSZrespexit,
1540 1515 2019 1569 clementissimis
2040 1517 2165 1583 ple-

501 1609 660 1664 bem.
694 1607 864 1679 Saepe
891 1608 1055 1661 vultu
1074 1608 1453 1660 miserantem
1474 1606 1726 1658 animum
1743 1604 2015 1674 prodidit,
2033 1604 2165 1673 jus-

504 1698 582 1752 sit
630 1698 926 1751 multoties
957 1695 1448 1761 misericordiam,
1486 1709 1617 1746 cum
1651 1692 1949 1762 supplices
1982 1708 2163 1746 cons-

504 1788 727 1857 piceret
758 1789 855 1837 aut
888 1799 1132 1855 egenos,
1168 1785 1385 1835 matres
1418 1781 1909 1834 animadverteret
1941 1796 2086 1834 voce
2110 1785 2166 1835 et

504 1875 779 1946 gestibus
815 1872 1041 1942 precari
1075 1887 1205 1925 cum
1238 1871 1463 1924 liberis.

579 1979 1094 2048 Adelinum,quem
1108 1979 1243 2046 post
1261 1977 1499 2030 Hei-aldi
1517 1977 1743 2029 ruinam
1769 1976 1944 2046 Angli
1962 1991 2165 2046 regem

507 2070 765 2123 statuere
786 2067 977 2120 conati
1008 2066 1259 2131 fuerant,
1280 2065 1490 2135 amplis
1526 2065 1703 2118 terris
1740 2065 1964 2133 ditavit,
1994 2069 2166 2135 atque

504 2156 565 2210 in
584 2154 957 2209 charissimis
976 2153 1179 2207 habuit
1197 2154 1492 2223 cum,quia
1506 2154 1670 2224 regis
1686 2153 1957 2207 Edwardi
1976 2169 2166 2224 genus

505 2245 852 2315 contigerat.
889 2243 976 2296 Ad
996 2243 1106 2296 hoc
1138 2258 1209 2295 ne
1238 2242 1483 2310 puerilis
1509 2247 1652 2295 aetas
1675 2242 1914 2295 nimium
1945 2242 2168 2296 doleret

507 2348 624 2387 non
650 2332 869 2386 habere
899 2331 1185 2385 honorem
1216 2331 1287 2384 ad
1319 2345 1493 2400 quem
1526 2330 1749 2385 electus
1782 2330 2168 2400 fuerat;ejus-

514 2421 647 2477 dem
676 2419 1045 2475 liberalitatis
1065 2419 1216 2473 dono
1235 2421 1589 2489 acceperunt
1610 2419 1786 2490 Angli
1809 2419 2165 2488 complures,

512 2510 668 2582 quod
699 2526 731 2563 a
761 2508 1102 2579 parentibus
1134 2507 1225 2562 vel
1258 2507 1558 2577 prioribus
1587 2508 1840 2561 dominis
1871 2524 1987 2563 non
2009 2524 2172 2563 acce-

509 2600 735 2670 perant.
767 2597 1059 2653 Custodes
1081 2596 1138 2649 in
1158 2595 1417 2649 castellis
1441 2598 1718 2650 strenuos
1742 2597 1901 2650 viros
1927 2597 2171 2651 colloca-

509 2688 697 2741 vitex
726 2685 931 2741 Galliis
973 2684 1294 2752 traductos,
1353 2699 1603 2753 quorum
1661 2685 1795 2739 ﬁdei
1826 2686 2043 2754 pariter
2100 2701 2169 2739 ac

509 2775 713 2830 virtuti
742 2772 1038 2842 credebat,
1074 2789 1204 2827 cum
1238 2772 1605 2827 multitudine
1636 2773 1893 2842 peditum
1926 2777 1980 2827 et
2012 2776 2169 2843 equi-

508 2866 652 2920 tum.
686 2864 842 2933 Ipsis
871 2863 1142 2933 opulenta
1166 2862 1452 2915 beneficia
1485 2862 1797 2931 distribuit,
1822 2878 1929 2932 pro
1951 2864 2166 2933 quibus

505 2951 745 3007 labores
778 2968 845 3007 ac
899 2951 1157 3022 pericula
1190 2950 1508 3004 libentibus
1564 2951 1775 3004 animis
1830 2952 2163 3006 tolerarent.

506 3039 665 3095 Nulli
696 3044 889 3096 tamen
919 3040 1081 3093 Gallo
1122 3040 1317 3092 datum
1351 3042 1442 3093 est
1477 3039 1632 3109 quod
1662 3040 1855 3111 Anglo
1890 3041 2162 3110 cuiquam

503 3127 727 3200 injuste
760 3127 935 3182 fuerit
964 3127 1238 3181 ablatum.

578 3232 801 3289 Guenta
833 3234 977 3288 urbs
1010 3236 1101 3287 est
1130 3233 1347 3287 nobilis
1394 3236 1565 3303 atque
1596 3234 1822 3289 valens.
1876 3234 2049 3288 Cives
2096 3251 2162 3289 ac

503 3322 783 3378 ﬁnitimos
816 3321 992 3376 habet
1020 3322 1254 3390 divites,
1284 3322 1501 3375 infidos
1535 3324 1591 3376 et
1630 3322 1904 3376 audaces.
1964 3324 2162 3377 Danos

505 3409 565 3464 in
599 3411 880 3465 auxilium
912 3410 1085 3463 citius
1117 3411 1383 3478 recipere
1405 3412 1616 3478 potest.
1641 3412 1691 3463 A
1714 3412 2025 3480 mariquod
2045 3413 2161 3466 An-

502 3497 637 3569 glos
669 3514 702 3551 a
724 3498 904 3550 Danis
924 3500 1177 3565 separat,
1203 3496 1382 3548 millia
1412 3512 1695 3564 passuum
1718 3499 2158 3567 quatuordecim

501 3584 697 3638 distat.
733 3582 929 3655 Hujus
948 3599 1181 3653 quoque
1203 3583 1367 3636 urbis
1386 3584 1532 3636 intra
1549 3586 1761 3637 moenia
1779 3586 2160 3641 munitionem

501 3672 853 3725 construxit.
916 3670 1139 3724 Ibidem
1188 3670 1559 3726 Guillelmum
1608 3673 1843 3742 reliquit
1909 3674 2159 3728 Osberni

499 3758 705 3828 tilium,
739 3760 1101 3828 praecipuum
1124 3759 1183 3813 in
1207 3760 1470 3813 exercitu
1495 3775 1625 3827 suo,
1647 3763 1709 3814 ut
1726 3761 1786 3814 in
1803 3761 1930 3816 vice
1951 3764 2158 3816 suain-

497 3846 672 3901 terim
700 3847 802 3901 toti
823 3863 1007 3918 regno
1039 3848 1386 3918 Aquilonem
1418 3864 1633 3903 versus
1651 3854 1960 3919 praeesset.
1990 3851 2158 3905 Hunc

500 3950 574 3989 ex
605 3934 1324 4005 omnibustortbmannis
1341 3939 1582 4006 paterno
1614 3953 1774 3993 more
1804 3939 1921 3993 sibi
1948 3940 2163 3993 fidissi-

503 4038 662 4076 mum
693 4022 849 4077 domi
879 4023 1135 4095 bellique
1162 4030 1565 4094 perspexerat,
1600 4027 1775 4081 simul
1817 4028 2157 4083 fortitudine

497 4108 812 4183 egre'gium
836 4115 890 4166 et
913 4112 1160 4167 consilio
1192 4113 1319 4167 sive
1355 4114 1436 4167 rei
1456 4114 1818 4184 domesticae,
1848 4116 1976 4171 sive
2007 4117 2154 4170 mili-

496 4199 660 4267 taris,
693 4216 921 4256 necnon
976 4201 1221 4255 Domino
1254 4201 1694 4265 coelesti,multo
1726 4203 1934 4258 affectu
1971 4205 2155 4260 devo-

492 4289 635 4341 tum.
672 4286 840 4343 Hunc
870 4286 1297 4343 Northmannis
1330 4290 1768 4359 charissimum,
1803 4294 2015 4363 Anglis
2043 4310 2157 4348 ma-

496 4375 657 4431 ximo
687 4377 901 4431 terrori
930 4393 1069 4432 esse
1092 4378 1337 4432 sciebat.
1373 4379 1544 4434 Hunc
1574 4397 1698 4450 prae
1724 4382 1958 4436 caeteris
1982 4383 2152 4436 fami-

492 4461 742 4517 liaribus
774 4479 807 4516 a
839 4465 1088 4534 pueritia
1118 4466 1426 4536 utriusque
1448 4468 1732 4522 dilexerat
1760 4473 1816 4523 et
1870 4471 2153 4526 exaltave-
2174 4510 2187 4532 τ

2180 4512 2236 4585 D

490 4551 583 4604 rat
607 4550 667 4603 in
692 4548 1135 4607 Northmannia.
1230 4552 1241 4564 ⁵

561 4656 835 4711 Castrum
862 4673 1003 4713 vero
1039 4658 1328 4714 Doveram
1358 4661 1546 4716 Odoni
1574 4664 1741 4718 fratri
1770 4680 1880 4720 suo
1911 4667 2151 4721 commi-

492 4744 589 4815 sit,
623 4761 757 4799 cum
782 4744 1087 4816 adjacente
1115 4763 1217 4802 ora
1247 4751 1490 4803 australi
1521 4767 1652 4821 qua:
1671 4754 1905 4807 nomine
1919 4758 2151 4810 vetusto

490 4830 758 4887 Cantium
788 4832 973 4905 dicta,
1009 4834 1250 4889 Galliam
1280 4838 1526 4907 prOpius
1569 4844 1813 4908 spectat,
1848 4843 2001 4897 unde
2031 4847 2088 4897 et
2117 4860 2151 4896 a

490 4919 685 4976 minus
707 4920 856 4976 feris
880 4922 1216 4978 hominibus
1239 4926 1981 4983 incolitur.Consueverant
1993 4931 2146 4984 enim

488 5024 720 5063 merces
748 5026 879 5064 cum
914 5011 1117 5082 Belgis
1149 5014 1772 5086 mutarePerhibetur,
1798 5018 1971 5071 etiam
2002 5022 2144 5074 atte-

490 5098 678 5151 stante
700 5100 914 5170 pagina
931 5102 1262 5169 vetustatis,
1285 5103 1631 5156 maritimam
1661 5105 1811 5158 hanc
1839 5108 2143 5178 regionem

490 5183 716 5239 aGallis
734 5186 871 5240 olim
891 5187 1079 5244 fuisse
1096 5192 1687 5262 possessam,quibus
1704 5208 1773 5248 eo
1790 5198 2141 5252 transvectis

485 5272 714 5340 praedae
727 5288 794 5327 ac
812 5274 951 5329 belli
963 5276 1250 5331 inferendi
1266 5294 1442 5333 causa
1456 5282 1585 5351 agri
1600 5282 1822 5336 fertiles
1839 5284 2137 5353 placuere.

488 5356 612 5412 Odo
635 5358 732 5413 ille
751 5360 1098 5432 Bajocarum
1120 5368 1339 5433 praesul
1360 5369 1633 5438 cognitus
1656 5370 1844 5425 fuerat
1866 5373 2019 5441 talis,
2041 5375 2141 5444 qui

490 5447 705 5516 optime
718 5451 952 5521 negotia
968 5452 1264 5508 sustinere
1281 5456 1502 5510 valeret
1515 5457 1919 5513 ecclesiastica
1941 5463 1997 5515 et
2019 5476 2138 5517 sw-

490 5535 1059 5593 cularia.Bonitatem
1073 5540 1207 5611 ejus
1229 5544 1286 5596 et
1302 5544 1666 5612 prudentiam
1687 5547 1876 5618 primo
1892 5550 2141 5606 testatur

2268 522 2561 575 ordinavit
2594 524 2767 591 atque
2800 521 3048 588 ornavit,
3089 520 3332 590 juvenis
3362 521 3546 573 adhuc
3578 524 3747 590 aetate,
3774 524 3875 575 aui-

2264 610 2338 662 mi
2367 610 2575 664 canitie
2606 610 2852 663 senibus
2882 608 3310 677 prteferendus.
3337 608 3481 661 Dein
3502 611 3650 662 omni
3689 610 3868 663 North-

2262 699 2473 751 manize
2512 698 2673 751 utilis
2731 698 2839 751 fuit
2892 713 2958 750 ac
3002 696 3223 751 decori.
3278 697 3342 749 In
3398 697 3659 767 synodis,
3714 698 3796 750 ubi
3823 698 3877 751 de

2264 785 2482 840 Christi
2534 786 2780 855 cultura,
2814 785 2872 838 in
2907 785 3470 855 disceptationibus,
3502 785 3597 838 ubi
3627 786 3690 839 de
3718 786 3882 839 saeculi

2267 876 2446 928 rebus
2479 876 2781 945 agebatur,
2810 874 2926 927 inte
2952 874 3213 945 lligentia
3245 874 3639 944 pariteratque
3660 873 3882 927 facundia

2281 962 2505 1016 enituit.
2542 962 2914 1015 Liberalitate
2972 978 3170 1031 parem
3223 977 3341 1016 non
3371 961 3572 1014 habuit
3600 960 3779 1027 Gallia,
3826 962 3883 1015 ita

2274 1051 2471 1121 Opinio
2495 1050 2726 1120 publica
2747 1050 3072 1104 consensit.
3088 1051 3212 1105 Nec
3225 1051 3420 1103 minus
3435 1050 3712 1119 aequitatis
3724 1066 3881 1104 amore

2276 1140 2485 1193 meruit
2509 1140 2759 1192 laudem.
2794 1139 2970 1192 Arma
3004 1137 3193 1209 neque
3225 1140 3407 1193 movit
3438 1154 3703 1209 unquam,
3733 1154 3883 1209 neque

2275 1228 2460 1280 voluit
2495 1228 2743 1295 moveri;
2780 1227 2951 1281 valde
2974 1231 3165 1280 tamen
3200 1227 3496 1280 timendus
3526 1227 3764 1279 armatis.
3786 1227 3885 1280 Bel-

2275 1318 2395 1370 lum
2445 1331 2699 1386 namque
2743 1316 3063 1369 utilissimo
3097 1315 3365 1383 consilio,
3420 1331 3552 1369 cum
3607 1315 3883 1368 necessitas

2274 1404 2618 1474 postularet,
2642 1402 2909 1473 juvabat,
2939 1408 3218 1474 quantum
3243 1405 3430 1473 potuit
3450 1403 3723 1473 religione
3739 1402 3881 1455 salva.

2280 1492 2432 1562 Regi
2456 1491 2631 1562 cujus
2664 1492 2844 1545 frater
2875 1495 2998 1545 erat
3017 1493 3304 1558 uterinus,
3339 1507 3514 1563 quem
3540 1496 3684 1544 tanto
3713 1490 3883 1561 ample-

2276 1580 2541 1633 ctebatur
2562 1595 2779 1645 amore,
2806 1586 2864 1633 ut
2884 1595 2993 1633 nec
3016 1580 3166 1633 inter
3186 1596 3345 1633 arma
3370 1580 3547 1634 vellet
3566 1580 3635 1633 ab
3658 1580 3745 1632 illo
3760 1595 3884 1648 sepa-

2195 1683 2247 1743 B
2279 1669 2412 1736 rari,
2448 1685 2479 1721 a
2498 1685 2612 1739 quo
2638 1684 2887 1739 magnos
2910 1671 3419 1738 acceperat,atque
3444 1668 3710 1738 sperabat
3735 1667 3883 1721 hono-

2278 1772 2397 1824 res,
2432 1757 2604 1810 unice
2637 1756 3237 1827 constantissimeque
3270 1757 3466 1810 ﬁdelis
3502 1755 3623 1809 fuit.
3654 1756 3882 1809 Libentes

2275 1846 2464 1900 eidem
2511 1846 3029 1915 obsequebantur,
3090 1846 3152 1898 ut
3208 1845 3621 1915 acceptissimo
3675 1844 3880 1911 domino,

2275 1934 2659 1988 Northmanni
2696 1937 2867 2002 atque
2918 1934 3200 1987 Britanni.
3240 1933 3365 1987 Nec
3414 1934 3586 2004 Angli
3615 1932 3744 1987 adeo
3777 1933 3881 1987 bar-

2273 2023 2397 2076 bari
2432 2022 2687 2090 fuerunt,
2722 2022 2864 2091 quin
2889 2021 3059 2075 facile
3086 2021 3487 2093 intelligerent
3517 2021 3665 2074 hunc
3694 2036 3880 2091 praise-

2272 2111 2407 2179 lem,
2443 2111 2598 2164 hunc
2642 2110 2988 2180 praefectum
3035 2110 3242 2164 merito
3278 2110 3598 2164 timendum
3626 2125 3777 2179 esse,
3803 2124 3880 2162 ve-

2274 2199 2599 2252 nerandum
2633 2214 2865 2269 quoque
2891 2213 2959 2251 ac
2990 2198 3373 2270 diligendum.

2351 2289 2477 2341 Rex
2506 2288 2579 2340 ita
2615 2287 2932 2340 commissa
2963 2287 3130 2357 regni
3183 2302 3323 2340 cura
3371 2286 3795 2341 Penevesellum
3831 2301 3880 2340 se

2274 2377 2515 2446 recepit,
2552 2375 3008 2445 quemlocumin
3041 2376 3416 2429 nominandis
3447 2375 3758 2445 ponendum
3778 2390 3882 2428 cen-

2277 2481 2499 2533 semus,
2527 2465 2800 2534 quoniam
2823 2464 2950 2533 ipso
2976 2466 3146 2532 portu
3177 2464 3363 2533 primo
3392 2463 3555 2516 littus
3576 2462 3878 2533 illudattigit.

2275 2556 2534 2623 Stabant,
2598 2569 2802 2619 naves,
2836 2554 2908 2605 ad
2964 2552 3479 2606 transmittendum
3527 2552 3878 2621 paratissimae,

2275 2659 2424 2713 quas
2457 2657 2598 2695 vere
2629 2642 2905 2695 decuerat
2927 2641 3079 2695 albis
3103 2641 3252 2694 velis
3280 2657 3445 2695 more
3477 2644 3725 2695 veterum
3751 2640 3878 2692 ador-

2276 2734 2442 2785 natas
2461 2730 2821 2785 esse.Erant
2851 2730 3004 2784 enim
3055 2733 3384 2784 revecturaa
3440 2729 3878 2800 gloriosissimum

2274 2819 2653 2887 triumphum,
2689 2818 3037 2872 nuntiaturae
3072 2818 3318 2871 maxime
3342 2819 3599 2887 optatum
3633 2816 3874 2887 gaudium.

2274 2908 2559 2962 Convenit
2580 2907 2785 2961 eodem
2817 2906 3035 2959 multus
3053 2906 3375 2976 Anglorum
3414 2903 3876 2976 equitatusExhis

2274 2996 2572 3050 abducere
2588 3011 2790 3049 secum
2807 2995 3429 3065 decreverat,quorum
3454 2994 3731 3063 praecipue
3744 2992 3875 3044 fidem

2273 3084 2638 3153 suspiciebat
2676 3100 2742 3136 ac
2781 3084 3093 3152 potentiam
3136 3082 3661 3153 :archiprzesulem
3689 3080 3876 3151 Stigan-

2196 3207 2246 3267 Ο
2273 3173 2429 3241 dum,
2468 3173 2775 3226 Adelinum
2813 3172 3204 3242 prOpinquum
3234 3172 3401 3242 regis
3441 3170 3720 3238 Edwardi,
3758 3172 3876 3267 tres:

2272 3263 2539 3327 comites,
2563 3260 2895 3327 Edwinum,
2919 3259 3293 3313 Morcardum
3325 3264 3379 3313 et
3410 3253 3875 3326 Gallevum;simul

2269 3349 2417 3404 alios
2443 3358 2781 3419 complures
2804 3350 2935 3402 altae
2963 3348 3305 3413 nobilitatis,
3339 3353 3403 3402 ut
3424 3349 3572 3417 ipsis
3588 3344 3874 3401 auctoribus

2267 3438 2409 3491 nihil
2434 3439 2546 3492 sub
2570 3438 2886 3491 decessum
2910 3453 3083 3490 suum
3119 3439 3463 3505 novaretur,
3482 3452 3629 3507 gens
3645 3450 3769 3491 vero
3786 3434 3871 3485 tota

2265 3529 2461 3581 minus
2492 3527 2563 3580 ad
2594 3526 2977 3581 rebellionem
2996 3526 3219 3579 valeret
3249 3525 3501 3595 spoliata
3540 3522 3871 3595 principibus.

2266 3616 2528 3685 Denique
2549 3630 2654 3669 eos
2678 3615 3053 3684 potissimum
3084 3614 3262 3667 veluti
3284 3613 3533 3667 obsides
3559 3614 3612 3666 in
3644 3610 3873 3682 potestate

2266 3721 2372 3758 sua
2395 3703 2494 3757 tali
2519 3704 2740 3757 cautela
2758 3703 3043 3757 tenendos
3064 3702 3461 3771 existimabat,
3482 3700 3874 3772 quorumaucte

2266 3792 2411 3845 ritas
2443 3793 2535 3845 vel
2557 3792 2722 3845 salus
2738 3791 3088 3861 prepinquis
3102 3793 3159 3845 et
3180 3791 3582 3860 compatriotis
3595 3786 3873 3842 maximies-

2268 3880 2480 3935 set.Sic
2502 3885 2697 3934 autem
2715 3880 2881 3934 fuere
2900 3879 3151 3945 subacti,
3188 3883 3249 3933 ut
3275 3878 3788 3948 obsequentissime
3806 3872 3871 3925 fa-

2266 3971 2467 4023 cerent
2494 3969 2794 4038 imperata.
2818 3968 2967 4022 Nam
2982 3969 3104 4022 etsi
3122 3971 3325 4037 petere
3347 3967 3487 4038 quid
3506 3966 3873 4031 nialebat,pra:-

2266 4058 2415 4126 cepti
2432 4058 2561 4111 vice
2592 4057 2919 4111 audierunt.
2950 4056 3292 4110 Praesertim
3323 4072 3457 4109 cum
3480 4072 3592 4109 non
3614 4053 3870 4107 traheren-

2264 4150 2359 4199 tur
2386 4148 2447 4199 ut
2480 4146 2715 4214 captivi,
2759 4145 2867 4199 sed
2893 4145 3190 4199 dominum
3240 4159 3412 4197 suum
3446 4159 3642 4215 regem
3670 4134 3871 4211 proximi

2266 4234 2685 4287 comitarentur
2712 4233 3055 4302 ampliorem
3086 4247 3159 4286 ex
3189 4232 3301 4285 hoc
3335 4232 3581 4303 gratiam
3609 4233 3761 4300 atque
3786 4225 3869 4278 h0-

2265 4337 2466 4375 norem
2512 4321 2788 4375 habituri.
2834 4321 2999 4375 Hanc
3034 4322 3185 4375 enim
3223 4320 3357 4391 ejus
3389 4314 3871 4375 animadvertebant

2269 4410 2684 4465 humanitatem
2717 4410 2871 4464 unde
2902 4410 3115 4479 optima
3133 4425 3383 4480 quaeque
3406 4405 3776 4479 exspectanda
3799 4401 3868 4455 fo-

2267 4501 2399 4551 rent
2448 4497 2591 4550 nihil
2642 4497 3015 4550 metuendum
3064 4495 3299 4551 crudele
3357 4496 3451 4550 vel
3494 4494 3767 4564 injurium.
3815 4488 3869 4539 At

2268 4585 2483 4639 milites
2515 4585 2921 4654 repeti-iantes,
2945 4600 3192 4655 quorum
3212 4585 3273 4637 in
3293 4585 3471 4638 tantis
3491 4581 3728 4653 negotiis
3744 4572 3865 4630 fideli

2266 4688 2441 4743 opera
2472 4689 2621 4727 usus
2654 4673 2869 4738 fuerat,
2902 4674 3066 4744 larga
3096 4688 3271 4726 manu
3296 4672 3369 4726 ad
3393 4672 3655 4726 eumdem
3680 4669 3864 4736 portum

2263 4761 2520 4828 donavit,
2547 4765 2608 4815 ut
2631 4762 2910 4831 optimum
2932 4760 3187 4815 fructum
3215 4760 3478 4815 victoriae
3496 4772 3687 4813 secum
3701 4761 3863 4808 omnes

2260 4851 2602 4919 percepisse
2633 4850 2974 4920 gauderent.
3009 4848 3090 4901 Ita
3115 4849 3329 4903 solutis
3360 4849 3628 4914 navibus,
3652 4840 3861 4898 omnium

2258 4937 2471 4990 animis
2514 4937 2863 5004 lmtissimis,
2922 4937 2979 4988 in
3009 4937 3273 4991 altricem
3307 4938 3522 4989 terram
3576 4927 3863 5003 prevehitur

2256 5026 2517 5079 secundo
2548 5029 2604 5079 et
2634 5029 2808 5079 vento
2857 5028 2914 5079 et
2945 5026 3116 5079 metu.
3150 5024 3552 5079 Transmissio
3592 5023 3705 5074 haec
3733 5025 3856 5070 mare

2259 5113 2356 5165 diu
2388 5114 2636 5182 pacavit,
2670 5114 2851 5183 pirata
2882 5113 3039 5167 omni
3072 5113 3277 5183 procul
3307 5113 3526 5183 fugato.
3549 5106 3856 5164 Fidelitatem

2258 5203 2543 5268 actorum,
2579 5216 2711 5271 qum
2744 5201 2842 5271 qui
2875 5202 3103 5254 noverit
3122 5201 3328 5255 merito
3357 5198 3684 5262 admiratur,
3712 5189 3853 5245 multo

2257 5290 2449 5360 magis
2481 5288 2883 5342 admirandam
2915 5288 3187 5343 celeritas
3220 5288 3373 5342 fecit.
3406 5284 3691 5357 Siquidem
3713 5277 3854 5360 Octo:

2256 5358 2387 5431 bris
2406 5377 2640 5430 circiter
2654 5376 3072 5446 Kalendas,die
3087 5392 3202 5447 quo
3219 5376 3550 5431 memoriam
3565 5358 3851 5434 archangeli

2251 5465 2555 5519 Michaelis
2584 5463 2851 5519 Ecclesia
2883 5464 3275 5535 concelebrat,
3302 5467 3512 5519 terram
3533 5459 3601 5514 ad
3620 5452 3846 5511 hostilem

2248 5553 2463 5610 dubius
2480 5569 2654 5628 quem
2684 5556 3155 5625 consequeretur
3183 5555 3455 5609 eventum
3485 5546 3638 5618 abiit,
3677 5548 3842 5599 mense
