4074 6150
200 317 364 380 4265

1757 317 2052 383 GESTA.

3473 318 3633 384 1266

167 512 386 568 Martio
418 514 478 567 in
508 514 705 569 sinum
736 515 943 586 patrias
974 516 1260 585 redditus,
1291 520 1381 571 est
1429 518 1641 572 melius
1673 532 1846 588 quam
1871 506 1926 568 A
1958 517 2323 571 Attestantur
2350 515 2763 571 Commentarii
2796 518 3126 588 eloquentia
3179 518 3370 591 ipsius
3399 520 3620 577 dictati.

169 603 400 671 scripta
431 608 635 656 nostra
667 608 962 674 exponant
995 604 1178 658 rebus
1208 606 1420 677 gestis.

245 689 443 744 Julius
474 690 696 761 Cmsar,
729 693 825 745 bis
864 697 1239 748 transvectus
1272 695 1329 747 in
1360 695 1550 764 ipsam
1608 696 1839 749 Britan-

161 777 321 830 niam
370 780 624 833 navibus
657 781 835 850 mille,
871 783 1025 849 (nam
1054 782 1267 853 Anglis
1299 798 1511 837 nomen
1542 784 1837 854 antiquius

169 870 270 920 est
296 867 785 939 Britannia,)non
807 885 974 941 aeque
1007 885 1217 941 magna
1240 872 1468 942 peregit
1483 872 1667 941 prima
1689 873 1837 942 vice,

161 969 276 1007 nec
328 971 361 1007 a
394 956 590 1011 littore
625 957 863 1028 longius
894 960 1197 1029 progredi,
1250 975 1357 1013 nec
1398 962 1457 1013 in
1489 960 1700 1030 littore,
1750 965 1839 1014 ta-

160 1042 343 1096 metsi
376 1045 560 1113 patria
594 1046 1022 1100 consuetudine
1057 1052 1249 1101 castra
1292 1049 1586 1115 munierit,
1621 1049 1839 1103 diutius

158 1132 390 1185 morari
414 1148 604 1187 ausus
626 1134 1004 1189 est.Transiit
1029 1135 1089 1189 in
1106 1140 1369 1191 extremo
1389 1138 1634 1204 aestatis,
1668 1138 1839 1192 rediit

156 1222 292 1272 ante
326 1221 749 1290 aequinoctium
779 1223 934 1293 quod
957 1240 1138 1293 prope
1174 1225 1446 1279 instabat.
1472 1226 1840 1280 l’erturbatae

158 1311 303 1362 sunt
331 1309 606 1381 legiones
638 1311 772 1381 ejus
805 1328 1020 1383 magno
1043 1316 1220 1379 metu,
1248 1330 1379 1367 cum
1411 1329 1595 1368 naves
1625 1315 1839 1383 partim

154 1397 369 1451 fractas
406 1403 557 1453 aestu
589 1400 878 1454 maritimo
910 1405 1008 1455 aut
1039 1402 1553 1472 fluctibus,partim
1599 1403 1836 1457 inutiles

163 1486 236 1539 ad
268 1487 672 1557 navigandum
691 1494 914 1559 essent,
940 1492 1316 1544 armamentis
1338 1492 1836 1561 amissisAliquae

160 1574 439 1628 civitates
472 1577 748 1646 quoniam
804 1577 862 1631 in
894 1578 1009 1632 otio
1066 1580 1288 1650 agitare
1336 1595 1508 1650 quam
1558 1580 1836 1649 populum

158 1662 521 1732 Romanum,
546 1664 721 1736 cujus
737 1667 1038 1721 tremenda
1056 1670 1180 1721 erat
1202 1684 1309 1737 per
1324 1668 1600 1722 mundum
1616 1668 1832 1738 opinio,

152 1749 397 1804 hostem
429 1753 680 1808 tolerare
712 1754 1273 1825 malebant,obsides
1304 1757 1355 1811 ei
1386 1756 1690 1810 dederunt.
1710 1757 1835 1811 Cie-

156 1841 538 1911 terum,quos
596 1844 657 1896 in
708 1845 1101 1899 continentem
1150 1846 1357 1900 obside
1398 1846 1690 1900 adducere
1723 1846 1833 1898 im-
1866 1877 1919 1940 Β

149 1930 407 1999 peravit,
453 1935 675 1999 praeter
704 1932 854 1985 duas
909 1938 1135 1987 cuncta
1195 1934 1602 2004 neglexerunt,
1656 1950 1834 2004 quan-

154 2031 338 2086 quam
362 2017 421 2071 in
442 2019 647 2091 Belgio
668 2037 799 2074 cum
816 2022 1053 2075 immani
1072 2025 1333 2076 exercitu
1364 2023 1675 2078 hibernare
1700 2039 1831 2076 eum

148 2107 452 2161 noverint.
486 2108 759 2163 Secundo
793 2110 1021 2179 pedites
1066 2112 1363 2165 Romanos
1396 2116 1450 2164 et
1500 2112 1728 2181 equites
1759 2112 1832 2164 ad

148 2194 341 2247 millia
360 2194 483 2248 fere
506 2200 738 2249 centum
763 2199 1200 2268 transportavit,
1237 2215 1349 2252 una
1391 2215 1464 2251 ex
1498 2199 1831 2253 civitatibus

147 2282 362 2336 Gallia)
419 2284 646 2352 primos
695 2286 1079 2355 quamplures
1130 2303 1263 2339 cum
1312 2302 1515 2341 eorum
1546 2289 1824 2357 equitatu.

152 2371 307 2436 Quid
342 2372 525 2442 igitur
550 2372 732 2443 hujus
756 2373 893 2443 viri,
916 2390 1090 2444 quem
1140 2375 1481 2443 scribimus,
1517 2376 1823 2430 conferen-

153 2460 300 2512 dum
332 2460 610 2513 laudibus
642 2460 750 2514 hac
776 2462 903 2516 vice
933 2464 1227 2531 patravit?
1268 2463 1573 2534 Equitatus
1604 2465 1827 2518 Britan-

150 2550 371 2601 norum
401 2550 456 2601 et
486 2548 788 2603 Essedarii
828 2552 1052 2605 cladem
1082 2553 1163 2605 illi
1190 2568 1304 2606 non
1346 2569 1582 2621 parvam
1613 2553 1827 2607 intule-

146 2638 308 2704 runt,
349 2652 520 2707 aequo
552 2636 683 2691 loco
715 2639 1112 2694 audacissime
1146 2656 1281 2693 cum
1314 2658 1381 2695 eo
1414 2643 1823 2712 confligentes.

147 2724 334 2796 Angli
362 2740 500 2779 vero
536 2725 896 2781 VVillelmum
930 2730 1125 2797 pavidi
1156 2730 1214 2782 in
1241 2734 1434 2784 monte
1475 2731 1824 2800 operieban-

138 2816 257 2866 tur.
315 2812 618 2868 Caasarem
647 2815 852 2885 praelio
903 2818 1127 2887 saepius
1156 2819 1344 2873 adorti
1378 2823 1513 2873 sunt
1541 2820 1824 2872 Britanni.

142 2901 383 2973 Anglos
415 2902 560 2957 adeo
580 2904 921 2959 V‘Villelmus
942 2906 1034 2960 die
1058 2922 1173 2960 uno
1204 2908 1475 2975 protrivit
1499 2912 1558 2960 ut
1573 2913 1706 2976 post
1727 2923 1826 2961 se-

141 3006 279 3044 cum
314 2990 635 3045 dimicandi
658 2993 930 3047 fiduciam
954 2996 1291 3049 nullatenus
1312 2996 1659 3064 reciperent.
1684 2998 1827 3049 Cum

140 3079 298 3132 idem
335 3079 655 3149 imperator
684 3082 755 3136 ad
786 3083 1002 3137 flumen
1033 3083 1314 3137 Tamisim
1344 3086 1744 3154 pervenisset,
1767 3086 1824 3138 in

143 3167 296 3222 fines
312 3167 875 3242 Cassivellauni,qui
893 3176 1095 3226 contra
1114 3188 1179 3226 se
1211 3173 1428 3226 bellum
1452 3174 1824 3227 administra-

142 3258 263 3325 bat,
303 3258 630 3312 exercitum
661 3260 908 3330 ducens,
966 3262 1021 3313 in
1052 3262 1303 3315 adversa
1335 3262 1461 3331 ripa
1494 3262 1699 3317 hostes
1730 3264 1825 3318 in-
1860 3224 1915 3290 Ο

139 3345 361 3405 structi
392 3347 727 3403 obstabant.
763 3349 1105 3421 Aﬁgerrime
1136 3350 1352 3405 milites
1400 3352 1644 3405 Romani
1677 3354 1828 3407 vada

140 3436 538 3504 transierunt,
565 3452 636 3491 ex
650 3454 799 3509 aqua
815 3440 1001 3509 capite
1020 3440 1146 3493 solo
1163 3444 1485 3493 exstantes.
1521 3442 1739 3495 Atcum
1766 3442 1827 3496 in

141 3524 423 3578 eamdem
438 3525 738 3595 regionem
754 3528 874 3581 dux
894 3527 1435 3582 Northmannorum
1461 3529 1822 3599 adventaret,

141 3613 389 3666 obviam
405 3614 459 3667 ei
477 3614 846 3670 clementiam
860 3616 1229 3685 deprecando
1244 3623 1671 3686 processerunt
1689 3618 1826 3677 civi.

136 3703 293 3755 tates
311 3704 370 3754 et
392 3702 1022 3772 municipiaMilitibus
1045 3704 1179 3774 ejus
1200 3704 1515 3774 trajectum
1539 3707 1692 3759 ultra
1708 3707 1821 3759 flu-

137 3807 277 3844 men
302 3792 560 3859 ponte,si
585 3792 640 3845 id
665 3793 1037 3848 collibuisset
1057 3794 1511 3863 imperare,sine
1534 3810 1696 3848 mora
1720 3810 1823 3864 pa-

138 3879 469 3932 ravissent.
500 3880 722 3949 Οωδθτ,
757 3885 819 3935 ut
850 3898 1030 3954 agros
1062 3884 1342 3952 vastaret,
1359 3882 1495 3953 igne
1527 3899 1593 3936 ac
1622 3882 1820 3953 praeda

139 3967 470 4038 equitatum
487 3985 659 4023 suum
679 3969 1248 4042 effudit,quoslatius
1282 3972 1486 4043 vagari
1516 3971 1819 4027 Cassivel-

132 4070 207 4107 au
228 4070 351 4107 nus
364 4056 813 4125 prohibebat,ex
829 4059 1076 4113 Essedis
1090 4075 1357 4129 pugnare
1378 4060 1597 4129 peritos
1616 4061 1821 4113 immit-

128 4142 1410 4217 tendo.Willelmusautem,pacilicajubens
1456 4148 1817 4218 lncolis,ter-

132 4247 268 4285 ram
282 4247 461 4302 quam
478 4233 651 4288 citius
667 4237 938 4289 evertere
950 4251 1131 4305 posse
1151 4236 1376 4291 incolas
1390 4252 1522 4292 cum
1535 4241 1690 4292 terra
1702 4238 1820 4293 sibi

132 4322 825 4377 conservavit.Defendit
837 4322 1039 4378 Caesar
1053 4325 1124 4378 ab
1140 4324 1219 4395 inj
1232 4326 1358 4378 uria
1386 4326 1816 4380 Cassivellauni

130 4408 611 4464 Maudrubatium
644 4417 699 4464 et
731 4412 1045 4482 civitatem,
1073 4413 1248 4484 cujus
1273 4415 1581 4483 imperium
1614 4415 1812 4469 reddi-

130 4497 217 4550 dit
250 4497 683 4553 Maudrubatio.
738 4500 1040 4555 Liberavit
1068 4502 1128 4555 in
1157 4506 1440 4571 perpetuo
1475 4502 1813 4558 Willelmus

1956 606 2031 658 At
2060 606 2320 659 dedecus
2351 606 2545 659 visum
2577 608 2669 659 est
2692 606 3011 675 \V'illelmo,
3040 623 3107 661 ac
3132 624 3339 677 parum
3368 610 3529 678 utile,
3562 612 3623 664 in

1959 709 2029 747 eo
2061 694 2336 747 conflictu
2367 709 2482 764 quo
2520 695 2792 748 contrivit
2823 697 3070 766 Anglos,
3107 696 3300 751 officia
3331 702 3621 767 prwstare

1956 781 2352 851 imperatoris,
2386 782 2504 834 nisi
2543 786 2853 851 praestaret
2884 784 3078 837 ofﬁcia
3110 800 3343 855 quoque
3396 787 3618 857 militis,

1959 872 2037 924 uti
2084 870 2259 924 bellis
2290 870 2422 924 aliis
2468 875 2876 925 consueverat.
2920 873 2983 926 In
3016 874 3173 927 omni
3232 874 3387 928 enim
3434 880 3617 930 certa-

1955 959 2133 1028 mine,
2168 959 2267 1012 ubi
2298 975 2568 1028 praesens
2625 960 2846 1030 aderat,
2893 962 3120 1029 primus
3164 965 3263 1015 aut
3317 964 3377 1016 in
3406 964 3618 1033 primis

1954 1046 2151 1118 gladio
2182 1062 2291 1101 suo
2322 1063 2585 1117 pugnare
2618 1049 2829 1102 solitus
2852 1052 2993 1103 erat.

2024 1134 2081 1188 Si
2128 1136 2374 1189 Romani
2404 1135 2562 1189 illius
2594 1139 2649 1190 et
2672 1138 2858 1190 nostri
2888 1137 3316 1207 principisacta
3335 1140 3615 1195 attentius

1949 1224 2352 1293 perspexeris,
2386 1223 2548 1277 illum
2571 1224 2949 1279 temerarium
2970 1229 3146 1297 atque
3166 1227 3416 1282 fortunae
3437 1229 3615 1285 nimis

1948 1312 2356 1379 confidentem,
2392 1313 2547 1366 hunc
2570 1313 2805 1367 omnino
2842 1316 3149 1382 providum
3185 1316 3481 1370 hominem
3510 1319 3612 1389 qui

1948 1400 2139 1470 magis
2163 1400 2378 1469 optimo
2402 1401 2648 1453 consilio
2682 1417 2856 1471 quam
2878 1418 3021 1457 casu
3040 1420 3137 1458 res
3152 1405 3302 1458 bene
3324 1406 3608 1477 gesserit,

1945 1489 2103 1540 recte
2136 1487 2320 1541 dices.
2344 1488 2652 1541 Postremo
2680 1488 2901 1558 Caesar,
2936 1491 3271 1545 civitatibus
3299 1493 3521 1563 aliquot
3548 1494 3610 1550 in

1945 1572 2241 1629 deditione
2281 1579 2335 1628 et
2398 1574 2709 1629 obsidibus
2759 1592 2791 1628 a
2820 1574 3269 1633 Cassivellauno
3325 1581 3605 1650 acceptis,

1943 1677 2172 1715 necnon
2196 1662 2489 1733 aliquanto
2521 1664 2815 1735 vectigali,
2849 1665 3082 1734 quodin
3110 1682 3299 1721 annos
3330 1668 3607 1739 singulos

1940 1751 2242 1804 Britannia
2260 1752 2477 1821 populo
2505 1753 2767 1806 Romano
2782 1753 3061 1821 penderet
3082 1755 3419 1825 constituto,
3437 1771 3605 1811 exer-

1942 1840 2119 1892 citum
2150 1839 2388 1893 difficile
2420 1840 2653 1894 duobus
2686 1841 3110 1896 commeatibus
3132 1843 3193 1896 in
3222 1843 3493 1915 Belgium
3514 1860 3607 1899 re-

1944 1928 2211 1997 portavit,
2245 1928 2498 1982 navibus
2530 1929 2743 1999 quippe
2775 1929 3016 1984 refectis
3066 1936 3122 1984 et
3152 1932 3400 1986 minoris
3429 1947 3606 2003 quam

1941 2016 2252 2069 adduxerit
2276 2018 2529 2086 numeri,
2582 2018 2655 2071 ob
2685 2018 3120 2073 incommodum
3150 2020 3307 2091 quod
3354 2035 3432 2076 ex
3458 2023 3609 2077 tem-

1940 2107 2167 2175 pestate
2205 2106 2519 2159 acciderat.
2553 2105 2679 2159 Tali
2710 2107 2946 2161 minime
2981 2107 3320 2162 Willelmus
3351 2108 3609 2165 difﬁcul-

1942 2196 2055 2247 tate
2111 2194 2458 2264 angebatur.
2518 2195 2761 2247 Paret-et
2791 2194 2845 2247 ei
2874 2210 3026 2265 gens
3057 2195 3263 2249 eadem
3300 2196 3612 2266 imperanti

1944 2281 2179 2350 navigia
2211 2296 2364 2333 nova
2394 2280 2465 2333 ad
2493 2296 2802 2334 numerum
2833 2285 2888 2334 et
2916 2281 3152 2334 modum
3196 2297 3372 2352 quem
3411 2283 3608 2355 vellet,

1944 2370 2188 2438 insuper
2214 2367 2448 2422 metallo
2478 2370 2740 2437 pretioso
2782 2369 3076 2437 decorata,
3110 2369 3261 2423 velis
3288 2372 3609 2442 purpureis

1950 2457 2248 2525 adornata,
2282 2456 2486 2526 peritis
2535 2456 2880 2528 remigibus,
2917 2457 3159 2512 delectis
3190 2458 3608 2530 gubernatori-

1950 2546 2063 2599 bus
2095 2546 2403 2599 instructa.
2438 2545 2523 2599 En
2566 2562 2738 2616 quam
2768 2546 3033 2617 gloriose
3064 2551 3340 2601 revectus
3372 2550 3465 2602 est
3490 2563 3609 2605 non

1951 2633 2213 2702 trahens,
2258 2637 2316 2686 ut
2349 2634 2615 2704 Romani,
2648 2635 2867 2706 vulgus
2899 2635 3212 2705 captivum,
3246 2636 3354 2690 sed
3381 2636 3609 2692 habens

1953 2723 2012 2775 in
2044 2718 2319 2775 comitatu
2366 2725 2422 2776 et
2451 2723 2738 2793 obsequio
2786 2739 2895 2777 suo
2927 2725 3105 2778 totius
3137 2724 3452 2780 Britanniae
3482 2725 3611 2795 epi-

1950 2826 2267 2880 scoporum
2290 2812 2613 2881 primatem,
2646 2815 2819 2883 atque
2842 2828 3092 2884 magnos
3113 2814 3172 2866 in
3194 2814 3609 2870 transmarinis

1944 2899 2231 2953 coenobiis
2255 2900 2499 2953 abbates
2521 2905 2576 2954 et
2609 2901 2761 2954 ﬁlios
2787 2900 3115 2971 Anglorum
3134 2906 3249 2956 tam
3280 2902 3609 2958 stemmatis

1942 3003 2116 3057 quam
2148 3004 2323 3057 opum
2379 2988 2661 3058 dignitate
2712 3005 2889 3059 reges
2947 2990 3350 3058 appellandos.
3401 2990 3608 3045 Attulit

1942 3092 2058 3130 non
2116 3077 2536 3146 aliquantulum
2592 3077 2885 3147 vectigal,
2949 3092 3065 3130 non
3124 3079 3399 3148 rapinas,
3461 3080 3604 3149 sed,

1942 3171 2223 3235 quantum
2252 3181 2326 3219 ex
2342 3166 2558 3219 ditione
2590 3166 2766 3218 trium
2790 3165 3109 3219 Galliarum
3148 3166 3248 3219 vix
3298 3166 3604 3239 colligere-

1943 3258 2053 3322 tur,
2089 3258 2399 3325 argentum
2453 3258 2627 3324 atque
2657 3269 2865 3307 aurum
2906 3254 3063 3324 quod
3094 3255 3431 3309 rectissimo
3464 3254 3605 3326 jure

1941 3346 2270 3413 acceperat,
2302 3343 2478 3413 quod,
2512 3343 2611 3396 ubi
2634 3342 3073 3397 honestissimae
3104 3343 3363 3398 rationes
3394 3347 3603 3413 postu-

1940 3430 2487 3501 larent,expendere
2500 3430 2996 3502 cogitabat.Chari
3020 3431 3235 3485 metalli
3249 3432 3606 3488 abundantia

1942 3520 2340 3588 multipliciter
2360 3519 2580 3574 Gallias
2608 3520 2881 3573 terrailla
2912 3519 3111 3573 vincit.
3160 3520 3236 3574 Ut
3265 3521 3420 3575 enim
3450 3521 3605 3576 Hor-

1941 3624 2106 3662 reum
2151 3609 2385 3663 Cereris
2435 3608 2683 3662 dicenda
2712 3609 2946 3662 videtur
2973 3608 3248 3663 frumenti
3297 3609 3483 3679 copia,
3516 3610 3605 3665 sic

1942 3698 2241 3750 Aﬁr-arium
2266 3697 2498 3751 Arabiae
2520 3698 2648 3749 auri
2666 3697 3215 3766 copia.Mentionem
3248 3714 3430 3768 super
3449 3697 3605 3753 Julio

1943 3785 2180 3840 Caesare
2202 3801 2333 3856 quae
2368 3784 2515 3838 forte
2546 3786 2777 3838 notetur
2817 3785 2987 3854 quasi
3019 3787 3338 3858 derogans,
3371 3786 3604 3840 omitta-

1944 3872 2238 3928 mus.Fuit
2266 3874 2458 3943 itaque
2481 3874 2734 3926 eximius
2765 3874 2883 3925 dux
2913 3874 3162 3928 lectione
3195 3875 3404 3928 doctus
3432 3873 3602 3930 Grae-

1943 3978 2145 4017 corum
2201 3964 2493 4032 praecepta
2546 3960 2837 4029 militaria,
2899 3960 3099 4015 militia
3150 3963 3411 4016 Romana
3469 3979 3603 4017 cum

1944 4052 2115 4105 laude
2137 4051 2208 4105 ab
2221 4050 2615 4104 adolescentia
2627 4065 2797 4115 usus,
2815 4050 3025 4102 virtute
3048 4054 3405 4104 consecutus
3420 4051 3601 4105 Urbis

1944 4141 2334 4195 consulatum.
2370 4139 2530 4191 Bella
2560 4139 2738 4191 multa
2784 4153 2918 4190 cum
2963 4137 3272 4191 bellicosis
3320 4139 3599 4209 gentibus

1938 4228 2188 4283 feliciter
2217 4231 2390 4297 atque
2414 4226 2683 4281 celeriter
2710 4225 2980 4295 confecit,
3001 4226 3327 4280 novissime
3353 4226 3599 4281 Romam

1935 4317 2154 4371 Africae
2184 4320 2240 4370 et
2270 4316 2518 4386 Europae
2540 4319 2714 4387 atque
2735 4314 2896 4369 Asiae
2908 4313 3325 4385 praesidentem
3347 4330 3598 4387 regnum

1935 4423 2107 4461 suum
2137 4405 2409 4460 bellando
2439 4404 2651 4460 effecit.

2008 4494 2355 4565 Vespasiani
2383 4495 2503 4549 filio
2533 4495 2681 4565 Tito,
2715 4494 2815 4565 qui
2854 4495 2993 4549 dum
3024 4496 3183 4549 recta
3213 4494 3596 4552 vehementer

132 4589 379 4657 gentem
410 4602 642 4641 omnem
672 4604 705 4640 a
751 4590 1058 4659 tyrannide
1091 4590 1350 4657 Heraldi,
1384 4596 1557 4662 atque
1598 4594 1814 4648 solium
1850 4574 2170 4654 Damaret,
2205 4584 2369 4638 orbis
2407 4586 2594 4638 Amor
2646 4584 2760 4638 dici
2793 4585 3025 4653 meruit,
3076 4599 3376 4655 nunquam
3434 4584 3595 4639 Italia

129 4674 387 4728 obtinuit
427 4675 576 4746 ipse,
612 4677 764 4731 unde
799 4678 1149 4749 regionibus
1179 4695 1311 4750 qua:
1342 4680 1455 4734 sub
1485 4681 1683 4736 multis
1715 4698 1813 4737 re—

128 4764 318 4834 gibus
360 4765 656 4834 quoudam
687 4772 931 4837 egerant
964 4784 1116 4821 unus
1149 4768 1527 4837 imperitaret.
1568 4770 1814 4825 Romani

128 4851 332 4906 solum
362 4868 438 4907 ex
470 4852 784 4908 Britanniae
817 4855 1145 4926 majoribus
1177 4856 1617 4928 Cingetorigem
1640 4873 1813 4930 cepe-

124 4944 291 4996 runt.
326 4940 484 4995 Mille
517 4957 591 4995 ex
621 4943 750 5012 ipsa
799 4946 1031 4998 natione
1064 4945 1324 4998 illustres
1374 4945 1434 4997 in
1469 4946 1719 5015 vincula,
1754 4933 1809 5002 εί

126 5028 484 5100 placuisset,
511 5030 915 5101 coujecissent
946 5033 1355 5087 Northmanni.
1381 5034 1602 5097 Quanta
1634 5036 1807 5104 parti-

126 5119 249 5173 bus
302 5116 357 5170 in
400 5118 549 5187 ipsis
602 5120 845 5173 Romani
879 5126 1201 5191 gesserunt
1256 5125 1515 5191 tempore
1548 5124 1753 5178 aestivo
1792 5124 1803 5179 !

129 5208 357 5278 quanta
390 5207 780 5262 Northmanni
807 5209 1055 5264 hiberno
1093 5208 1104 5264 ι
1140 5210 1403 5264 Hiemem
1428 5211 1496 5264 ad
1522 5226 1619 5265 res
1650 5212 1805 5268 bello

125 5296 434 5369 gerendas
472 5297 665 5350 minus
714 5314 888 5368 quam
934 5303 1195 5353 aestatem
1239 5302 1625 5369 Opportunam
1667 5316 1805 5356 esse

125 5388 446 5455 pernotum
481 5388 590 5440 est.
650 5387 873 5442 Caesari
920 5387 1066 5441 satis
1110 5386 1301 5441 fuerat
1328 5386 1399 5440 ad
1430 5387 1660 5442 laudem
1709 5389 1804 5445 vel

127 5475 464 5544 utilitatem,
522 5475 722 5545 praelia
755 5492 887 5528 cum
920 5476 1237 5545 Britannis,
1293 5475 1374 5529 uti
1405 5492 1537 5531 cum
1593 5476 1795 5547 Gallis,

129 5563 482 5633 imperando
515 5564 730 5620 facere.
756 5564 1042 5636 Equidem
1070 5580 1180 5620 sua
1210 5580 1384 5619 manu
1414 5581 1547 5620 raro
1576 5582 1802 5637 pugna-

126 5653 233 5705 vit.
258 5651 401 5706 Haee
423 5653 603 5727 multa
622 5654 837 5709 ducum
866 5654 1240 5726 antiquorum
1271 5655 1636 5711 consuetudo
1668 5656 1794 5712 fuit.

1928 4674 2118 4729 laatior
2167 4689 2340 4744 quam
2371 4674 2796 4730 Northmannia
2826 4673 3087 4730 occurrit
3116 4674 3416 4730 Willelmo
3461 4676 3594 4747 regi

1928 4764 2180 4834 principi
2208 4779 2337 4818 suo.
2375 4764 2513 4818 Dies
2545 4768 2709 4818 erant
2758 4762 2988 4818 hiberni
3020 4766 3077 4817 et
3102 4763 3205 4833 qui
3234 4762 3591 4833 pmnitentiaa

1928 4852 2462 4924 quadragesimalis
2507 4852 2693 4923 rigori
2740 4855 2969 4907 vacant.
3007 4851 3318 4921 Caeterum,
3370 4851 3589 4922 ubique

1926 4944 2256 5014 agebantur
2276 4932 2550 5014 tanquam
2582 4957 2829 4996 summa:
2854 4942 3051 4995 festivi
3073 4940 3356 5011 temporis
3382 4939 3544 4995 feriae
3570 4960 3583 5007 ;

1926 5032 2015 5084 sol
2049 5033 2255 5085 aestiva
2287 5032 2599 5086 serenitate
2631 5032 2866 5086 lucidus
2898 5030 3222 5098 videbatur,
3248 5029 3436 5101 gratia
3464 5029 3586 5084 die-

1927 5135 2055 5173 rum
2085 5120 2257 5175 solita
2277 5121 2453 5191 longe
2484 5118 2691 5191 major.
2728 5120 3020 5173 Minorum
3047 5118 3175 5172 sive
3204 5118 3585 5174 remotiorum

1926 5210 2190 5264 locorum
2236 5197 2452 5265 incolae
2496 5210 2553 5262 in
2595 5209 2798 5277 urbes,
2846 5211 2943 5263 aut
2998 5208 3133 5277 alio,
3182 5207 3282 5261 ubi
3331 5208 3581 5264 facultas

1923 5299 2325 5369 conspiciendi
2384 5315 2583 5371 regem
2615 5300 2871 5367 daretur,
2918 5297 3310 5352 confluebant.
3345 5296 3491 5353 Cum
3520 5299 3579 5354 in

1920 5387 2289 5458 metrOpolim
2333 5402 2501 5442 suam
2545 5386 2978 5457 Rothomagum
3033 5385 3316 5454 introiret,
3374 5401 3575 5456 senes,

1915 5478 2105 5545 pueri,
2140 5480 2440 5544 matronae,
2474 5476 2783 5545 cunctique
2807 5476 2969 5529 cives
2988 5478 3315 5546 spectatum
3332 5491 3579 5545 proces-

1914 5570 2133 5636 serant,
2165 5564 2608 5620 conclamabant
2636 5566 2960 5620 salutantes
3007 5566 3307 5636 reducem,
3340 5565 3489 5622 adeo
3516 5571 3581 5623 ut

1912 5655 2121 5711 civitas
2164 5653 2262 5710 illa
2307 5654 2590 5712 universa
2636 5654 2988 5727 applaudere
3022 5657 3348 5727 putaretur,
3401 5655 3583 5716 sicuti
