  <div class='ocr_page' id='page_1' title='image "/cluster/home/n/w/nwhite01/storage/ocr_20150623/149/hvd.32044054760079/639.png"; bbox 0 0 4074 6150; ppageno 0'>
   <div class='ocr_carea' id='block_1_1' title="bbox 437 404 592 468">
    <p class='ocr_par' dir='ltr' id='par_1_1' title="bbox 437 404 592 468">
     <span class='ocr_line' id='line_1_1' title="bbox 437 404 592 468; baseline -0.006 -1"><span class='ocrx_word' id='word_1_1' title='bbox 437 404 592 468; x_wconf 72' lang='grc'>126¹7</span> 
     </span>
    </p>
   </div>
   <div class='ocr_carea' id='block_1_2' title="bbox 1104 404 3200 477">
    <p class='ocr_par' dir='ltr' id='par_1_2' title="bbox 1104 404 3200 477">
     <span class='ocr_line' id='line_1_2' title="bbox 1104 404 3200 477; baseline 0 -10"><span class='ocrx_word' id='word_1_2' title='bbox 1104 405 1619 469; x_wconf 77' lang='lat' dir='ltr'>APPENDICES</span> <span class='ocrx_word' id='word_1_3' title='bbox 1650 406 1764 466; x_wconf 88' lang='lat' dir='ltr'>AD</span> <span class='ocrx_word' id='word_1_4' title='bbox 1796 405 2068 466; x_wconf 86' lang='lat' dir='ltr'>GESTA</span> <span class='ocrx_word' id='word_1_5' title='bbox 2105 404 2539 466; x_wconf 83' lang='lat' dir='ltr'>WlLLELMI</span> <span class='ocrx_word' id='word_1_6' title='bbox 2571 405 3200 477; x_wconf 83' lang='lat' dir='ltr'>CONQUESTORIS</span> 
     </span>
    </p>
   </div>
   <div class='ocr_carea' id='block_1_3' title="bbox 3666 411 3798 472">
    <p class='ocr_par' dir='ltr' id='par_1_3' title="bbox 3666 411 3798 472">
     <span class='ocr_line' id='line_1_3' title="bbox 3666 411 3798 472; baseline 0.03 -4"><span class='ocrx_word' id='word_1_7' title='bbox 3666 411 3798 472; x_wconf 70' lang='grc'>1268</span> 
     </span>
    </p>
   </div>
   <div class='ocr_carea' id='block_1_4' title="bbox 430 591 3823 680">
    <p class='ocr_par' dir='ltr' id='par_1_4' title="bbox 430 591 3823 680">
     <span class='ocr_line' id='line_1_4' title="bbox 430 591 3823 680; baseline 0.001 -18"><span class='ocrx_word' id='word_1_8' title='bbox 430 609 618 662; x_wconf 81' lang='lat' dir='ltr'>Roma</span> <span class='ocrx_word' id='word_1_9' title='bbox 649 609 941 678; x_wconf 90' lang='lat' dir='ltr'>quondam</span> <span class='ocrx_word' id='word_1_10' title='bbox 963 609 1240 677; x_wconf 89' lang='lat' dir='ltr'>Pompeio</span> <span class='ocrx_word' id='word_1_11' title='bbox 1274 625 1384 663; x_wconf 91' lang='lat' dir='ltr'>suo</span> <span class='ocrx_word' id='word_1_12' title='bbox 1415 610 1774 680; x_wconf 89' lang='lat' dir='ltr'>applaudens</span> <span class='ocrx_word' id='word_1_13' title='bbox 1806 609 2088 679; x_wconf 87' lang='lat' dir='ltr'>tripudia-</span> <span class='ocrx_word' id='word_1_14' title='bbox 2120 591 2178 651; x_wconf 82' lang='lat' dir='ltr'><strong>A</strong></span> <span class='ocrx_word' id='word_1_15' title='bbox 2209 605 2630 661; x_wconf 89' lang='lat' dir='ltr'>venerabilium</span> <span class='ocrx_word' id='word_1_16' title='bbox 2679 608 2734 659; x_wconf 90' lang='lat' dir='ltr'>et</span> <span class='ocrx_word' id='word_1_17' title='bbox 2782 607 3105 675; x_wconf 89' lang='lat' dir='ltr'>praesulum</span> <span class='ocrx_word' id='word_1_18' title='bbox 3137 611 3192 660; x_wconf 91' lang='lat' dir='ltr'>et</span> <span class='ocrx_word' id='word_1_19' title='bbox 3224 607 3516 661; x_wconf 81' lang='lat' dir='ltr'>abbatum.</span> <span class='ocrx_word' id='word_1_20' title='bbox 3552 607 3823 664; x_wconf 78' lang='lat' dir='ltr'>Humiliter</span> 
     </span>
    </p>
   </div>
   <div class='ocr_carea' id='block_1_5' title="bbox 432 698 2093 768">
    <p class='ocr_par' dir='ltr' id='par_1_5' title="bbox 432 698 2093 768">
     <span class='ocr_line' id='line_1_5' title="bbox 432 698 2093 768; baseline 0.001 -19"><span class='ocrx_word' id='word_1_21' title='bbox 432 698 535 752; x_wconf 90' lang='lat' dir='ltr'>vit.</span> <span class='ocrx_word' id='word_1_22' title='bbox 567 698 923 752; x_wconf 87' lang='lat' dir='ltr'>Monasteria</span> <span class='ocrx_word' id='word_1_23' title='bbox 948 698 1250 751; x_wconf 80' lang='lat' dir='ltr'>certabant</span> <span class='ocrx_word' id='word_1_24' title='bbox 1278 698 1698 752; x_wconf 79' lang='lat' dir='ltr'>monachorum</span> <span class='ocrx_word' id='word_1_25' title='bbox 1731 703 1902 768; x_wconf 89' lang='lat' dir='ltr'>atque</span> <span class='ocrx_word' id='word_1_26' title='bbox 1953 698 2093 751; x_wconf 92' lang='lat' dir='ltr'>cleri</span> 
     </span>
    </p>
   </div>
   <div class='ocr_carea' id='block_1_6' title="bbox 433 786 2096 856">
    <p class='ocr_par' dir='ltr' id='par_1_6' title="bbox 433 786 2096 856">
     <span class='ocr_line' id='line_1_6' title="bbox 433 786 2096 856; baseline -0.001 -16"><span class='ocrx_word' id='word_1_27' title='bbox 433 786 727 856; x_wconf 84' lang='lat' dir='ltr'>quodnam</span> <span class='ocrx_word' id='word_1_28' title='bbox 760 787 817 838; x_wconf 92' lang='lat' dir='ltr'>in</span> <span class='ocrx_word' id='word_1_29' title='bbox 836 786 1086 838; x_wconf 83' lang='lat' dir='ltr'>adventu</span> <span class='ocrx_word' id='word_1_30' title='bbox 1107 787 1198 838; x_wconf 89' lang='lat' dir='ltr'>sui</span> <span class='ocrx_word' id='word_1_31' title='bbox 1231 786 1569 838; x_wconf 89' lang='lat' dir='ltr'>charissimi</span> <span class='ocrx_word' id='word_1_32' title='bbox 1601 787 1812 839; x_wconf 91' lang='lat' dir='ltr'>tutoris</span> <span class='ocrx_word' id='word_1_33' title='bbox 1849 787 2096 856; x_wconf 85' lang='lat' dir='ltr'>amplio-</span> 
     </span>
    </p>
   </div>
   <div class='ocr_carea' id='block_1_7' title="bbox 435 874 2100 944">
    <p class='ocr_par' dir='ltr' id='par_1_7' title="bbox 435 874 2100 944">
     <span class='ocr_line' id='line_1_7' title="bbox 435 874 2100 944; baseline 0 -16"><span class='ocrx_word' id='word_1_34' title='bbox 435 890 560 928; x_wconf 90' lang='lat' dir='ltr'>rem</span> <span class='ocrx_word' id='word_1_35' title='bbox 579 875 1012 927; x_wconf 63' lang='lat' dir='ltr'>ofﬁt-iositatem</span> <span class='ocrx_word' id='word_1_36' title='bbox 1039 874 1627 943; x_wconf 78' lang='lat' dir='ltr'>impenderent.Nihil</span> <span class='ocrx_word' id='word_1_37' title='bbox 1659 875 2100 944; x_wconf 87' lang='lat' dir='ltr'>relinquebatur</span> 
     </span>
    </p>
   </div>
   <div class='ocr_carea' id='block_1_8' title="bbox 437 962 2096 1034">
    <p class='ocr_par' dir='ltr' id='par_1_8' title="bbox 437 962 2096 1034">
     <span class='ocr_line' id='line_1_8' title="bbox 437 962 2096 1034; baseline 0.001 -19"><span class='ocrx_word' id='word_1_38' title='bbox 437 963 595 1032; x_wconf 91' lang='lat' dir='ltr'>quod</span> <span class='ocrx_word' id='word_1_39' title='bbox 628 962 684 1014; x_wconf 92' lang='lat' dir='ltr'>in</span> <span class='ocrx_word' id='word_1_40' title='bbox 709 963 903 1016; x_wconf 91' lang='lat' dir='ltr'>studio</span> <span class='ocrx_word' id='word_1_41' title='bbox 936 963 1067 1016; x_wconf 90' lang='lat' dir='ltr'>talis</span> <span class='ocrx_word' id='word_1_42' title='bbox 1101 962 1562 1016; x_wconf 63' lang='lat' dir='ltr'>honoriﬁcentia:</span> <span class='ocrx_word' id='word_1_43' title='bbox 1593 963 1690 1034; x_wconf 90' lang='lat' dir='ltr'>agi</span> <span class='ocrx_word' id='word_1_44' title='bbox 1719 964 1954 1017; x_wconf 84' lang='lat' dir='ltr'>solitum</span> <span class='ocrx_word' id='word_1_45' title='bbox 1988 967 2096 1017; x_wconf 90' lang='lat' dir='ltr'>est.</span> 
     </span>
    </p>
   </div>
   <div class='ocr_carea' id='block_1_9' title="bbox 438 1051 2103 1120">
    <p class='ocr_par' dir='ltr' id='par_1_9' title="bbox 438 1051 2103 1120">
     <span class='ocr_line' id='line_1_9' title="bbox 438 1051 2103 1120; baseline 0.001 -17"><span class='ocrx_word' id='word_1_46' title='bbox 438 1051 756 1117; x_wconf 59' lang='lat' dir='ltr'>Praiterea,</span> <span class='ocrx_word' id='word_1_47' title='bbox 793 1051 844 1102; x_wconf 90' lang='lat' dir='ltr'>si</span> <span class='ocrx_word' id='word_1_48' title='bbox 875 1051 1012 1120; x_wconf 90' lang='lat' dir='ltr'>quid</span> <span class='ocrx_word' id='word_1_49' title='bbox 1065 1067 1279 1104; x_wconf 92' lang='lat' dir='ltr'>novum</span> <span class='ocrx_word' id='word_1_50' title='bbox 1311 1051 1650 1104; x_wconf 86' lang='lat' dir='ltr'>adinvenirc</span> <span class='ocrx_word' id='word_1_51' title='bbox 1681 1053 1886 1119; x_wconf 88' lang='lat' dir='ltr'>potuit,</span> <span class='ocrx_word' id='word_1_52' title='bbox 1929 1052 2103 1104; x_wconf 87' lang='lat' dir='ltr'>adde-</span> 
     </span>
    </p>
   </div>
   <div class='ocr_carea' id='block_1_10' title="bbox 443 1137 2103 1207">
    <p class='ocr_par' dir='ltr' id='par_1_10' title="bbox 443 1137 2103 1207">
     <span class='ocr_line' id='line_1_10' title="bbox 443 1137 2103 1207; baseline 0.001 -17"><span class='ocrx_word' id='word_1_53' title='bbox 443 1138 635 1191; x_wconf 91' lang='lat' dir='ltr'>batur.</span> <span class='ocrx_word' id='word_1_54' title='bbox 669 1137 852 1200; x_wconf 89' lang='lat' dir='ltr'>Quam</span> <span class='ocrx_word' id='word_1_55' title='bbox 891 1138 1164 1206; x_wconf 91' lang='lat' dir='ltr'>pietatem</span> <span class='ocrx_word' id='word_1_56' title='bbox 1219 1140 1347 1207; x_wconf 89' lang='lat' dir='ltr'>ipse</span> <span class='ocrx_word' id='word_1_57' title='bbox 1379 1139 1690 1191; x_wconf 84' lang='lat' dir='ltr'>confestim</span> <span class='ocrx_word' id='word_1_58' title='bbox 1721 1140 1881 1192; x_wconf 89' lang='lat' dir='ltr'>lucro</span> <span class='ocrx_word' id='word_1_59' title='bbox 1916 1140 2103 1193; x_wconf 91' lang='lat' dir='ltr'>multi-</span> 
     </span>
    </p>
   </div>
   <div class='ocr_carea' id='block_1_11' title="bbox 441 1225 2104 1297">
    <p class='ocr_par' dir='ltr' id='par_1_11' title="bbox 441 1225 2104 1297">
     <span class='ocr_line' id='line_1_11' title="bbox 441 1225 2104 1297; baseline 0.002 -21"><span class='ocrx_word' id='word_1_60' title='bbox 441 1225 580 1294; x_wconf 88' lang='lat' dir='ltr'>plici</span> <span class='ocrx_word' id='word_1_61' title='bbox 641 1226 1131 1294; x_wconf 80' lang='lat' dir='ltr'>recompensavit,</span> <span class='ocrx_word' id='word_1_62' title='bbox 1187 1227 1414 1279; x_wconf 90' lang='lat' dir='ltr'>donans</span> <span class='ocrx_word' id='word_1_63' title='bbox 1471 1227 1663 1296; x_wconf 78' lang='lat' dir='ltr'>pallia,</span> <span class='ocrx_word' id='word_1_64' title='bbox 1717 1227 1900 1280; x_wconf 90' lang='lat' dir='ltr'>libras</span> <span class='ocrx_word' id='word_1_65' title='bbox 1958 1229 2104 1297; x_wconf 91' lang='lat' dir='ltr'>auri,</span> 
     </span>
    </p>
   </div>
   <div class='ocr_carea' id='block_1_12' title="bbox 445 1314 2109 1384">
    <p class='ocr_par' dir='ltr' id='par_1_12' title="bbox 445 1314 2109 1384">
     <span class='ocr_line' id='line_1_12' title="bbox 445 1314 2109 1384; baseline 0.002 -18"><span class='ocrx_word' id='word_1_66' title='bbox 445 1315 671 1384; x_wconf 89' lang='lat' dir='ltr'>aliaque</span> <span class='ocrx_word' id='word_1_67' title='bbox 710 1329 923 1383; x_wconf 88' lang='lat' dir='ltr'>magna</span> <span class='ocrx_word' id='word_1_68' title='bbox 942 1314 1228 1368; x_wconf 79' lang='lat' dir='ltr'>altaribus</span> <span class='ocrx_word' id='word_1_69' title='bbox 1261 1330 1328 1368; x_wconf 92' lang='lat' dir='ltr'>ac</span> <span class='ocrx_word' id='word_1_70' title='bbox 1351 1314 1586 1368; x_wconf 83' lang='lat' dir='ltr'>famulis</span> <span class='ocrx_word' id='word_1_71' title='bbox 1605 1315 1846 1370; x_wconf 79' lang='lat' dir='ltr'>Christi.</span> <span class='ocrx_word' id='word_1_72' title='bbox 1875 1316 2109 1370; x_wconf 83' lang='lat' dir='ltr'>Nullius</span> 
     </span>
    </p>
   </div>
   <div class='ocr_carea' id='block_1_13' title="bbox 442 1401 2112 1473">
    <p class='ocr_par' dir='ltr' id='par_1_13' title="bbox 442 1401 2112 1473">
     <span class='ocr_line' id='line_1_13' title="bbox 442 1401 2112 1473; baseline 0.002 -18"><span class='ocrx_word' id='word_1_73' title='bbox 442 1417 700 1470; x_wconf 86' lang='lat' dir='ltr'>unquam</span> <span class='ocrx_word' id='word_1_74' title='bbox 735 1401 899 1472; x_wconf 88' lang='lat' dir='ltr'>regis</span> <span class='ocrx_word' id='word_1_75' title='bbox 945 1405 1042 1456; x_wconf 89' lang='lat' dir='ltr'>aut</span> <span class='ocrx_word' id='word_1_76' title='bbox 1071 1403 1802 1473; x_wconf 83' lang='lat' dir='ltr'>imperatorisJargitatem</span> <span class='ocrx_word' id='word_1_77' title='bbox 1843 1405 1902 1458; x_wconf 91' lang='lat' dir='ltr'>in</span> <span class='ocrx_word' id='word_1_78' title='bbox 1953 1405 2112 1459; x_wconf 89' lang='lat' dir='ltr'>obla-</span> 
     </span>
    </p>
   </div>
   <div class='ocr_carea' id='block_1_14' title="bbox 445 1490 2112 1563">
    <p class='ocr_par' dir='ltr' id='par_1_14' title="bbox 445 1490 2112 1563">
     <span class='ocr_line' id='line_1_14' title="bbox 445 1490 2112 1563; baseline 0.002 -20"><span class='ocrx_word' id='word_1_79' title='bbox 445 1490 706 1543; x_wconf 84' lang='lat' dir='ltr'>tionibus</span> <span class='ocrx_word' id='word_1_80' title='bbox 729 1490 1013 1560; x_wconf 73' lang='lat' dir='ltr'>majorem</span> <span class='ocrx_word' id='word_1_81' title='bbox 1045 1491 1460 1560; x_wconf 82' lang='lat' dir='ltr'>comperimus.</span> <span class='ocrx_word' id='word_1_82' title='bbox 1487 1493 1628 1546; x_wconf 88' lang='lat' dir='ltr'>Item</span> <span class='ocrx_word' id='word_1_83' title='bbox 1651 1509 1799 1563; x_wconf 91' lang='lat' dir='ltr'>quas</span> <span class='ocrx_word' id='word_1_84' title='bbox 1825 1494 2112 1547; x_wconf 85' lang='lat' dir='ltr'>ecclesias</span> 
     </span>
    </p>
   </div>
   <div class='ocr_carea' id='block_1_15' title="bbox 454 1579 2113 1648">
    <p class='ocr_par' dir='ltr' id='par_1_15' title="bbox 454 1579 2113 1648">
     <span class='ocr_line' id='line_1_15' title="bbox 454 1579 2113 1648; baseline 0.002 -17"><span class='ocrx_word' id='word_1_85' title='bbox 454 1595 566 1632; x_wconf 91' lang='lat' dir='ltr'>non</span> <span class='ocrx_word' id='word_1_86' title='bbox 594 1579 910 1647; x_wconf 72' lang='lat' dir='ltr'>praesentia</span> <span class='ocrx_word' id='word_1_87' title='bbox 941 1595 1068 1648; x_wconf 91' lang='lat' dir='ltr'>sua,</span> <span class='ocrx_word' id='word_1_88' title='bbox 1096 1581 1442 1634; x_wconf 87' lang='lat' dir='ltr'>muneribus</span> <span class='ocrx_word' id='word_1_89' title='bbox 1477 1582 1735 1635; x_wconf 87' lang='lat' dir='ltr'>visitavit</span> <span class='ocrx_word' id='word_1_90' title='bbox 1767 1583 2113 1636; x_wconf 82' lang='lat' dir='ltr'>iterum.Ca-</span> 
     </span>
    </p>
   </div>
   <div class='ocr_carea' id='block_1_16' title="bbox 455 1666 2116 1740">
    <p class='ocr_par' dir='ltr' id='par_1_16' title="bbox 455 1666 2116 1740">
     <span class='ocr_line' id='line_1_16' title="bbox 455 1666 2116 1740; baseline 0.003 -20"><span class='ocrx_word' id='word_1_91' title='bbox 455 1667 726 1720; x_wconf 90' lang='lat' dir='ltr'>domensi</span> <span class='ocrx_word' id='word_1_92' title='bbox 776 1666 1037 1720; x_wconf 82' lang='lat' dir='ltr'>basilicae</span> <span class='ocrx_word' id='word_1_93' title='bbox 1068 1669 1241 1734; x_wconf 84' lang='lat' dir='ltr'>modo</span> <span class='ocrx_word' id='word_1_94' title='bbox 1273 1669 1590 1740; x_wconf 93' lang='lat' dir='ltr'>specieque</span> <span class='ocrx_word' id='word_1_95' title='bbox 1628 1671 1956 1725; x_wconf 87' lang='lat' dir='ltr'>admirabili</span> <span class='ocrx_word' id='word_1_96' title='bbox 1986 1673 2116 1726; x_wconf 88' lang='lat' dir='ltr'>suis</span> 
     </span>
    </p>
   </div>
   <div class='ocr_carea' id='block_1_17' title="bbox 455 1753 2116 1832">
    <p class='ocr_par' dir='ltr' id='par_1_17' title="bbox 455 1753 2116 1832">
     <span class='ocr_line' id='line_1_17' title="bbox 455 1753 2116 1832; baseline 0.005 -25"><span class='ocrx_word' id='word_1_97' title='bbox 455 1753 790 1824; x_wconf 88' lang='lat' dir='ltr'>impendiis,</span> <span class='ocrx_word' id='word_1_98' title='bbox 849 1755 922 1808; x_wconf 87' lang='lat' dir='ltr'>ad</span> <span class='ocrx_word' id='word_1_99' title='bbox 953 1756 1181 1809; x_wconf 87' lang='lat' dir='ltr'>titulum</span> <span class='ocrx_word' id='word_1_100' title='bbox 1214 1757 1367 1810; x_wconf 90' lang='lat' dir='ltr'>beati</span> <span class='ocrx_word' id='word_1_101' title='bbox 1396 1758 1674 1827; x_wconf 84' lang='lat' dir='ltr'>Stephani</span> <span class='ocrx_word' id='word_1_102' title='bbox 1721 1765 2116 1832; x_wconf 78' lang='lat' dir='ltr'>protomarty-</span> 
     </span>
    </p>
   </div>
   <div class='ocr_carea' id='block_1_18' title="bbox 456 1841 2120 1916">
    <p class='ocr_par' dir='ltr' id='par_1_18' title="bbox 456 1841 2120 1916">
     <span class='ocr_line' id='line_1_18' title="bbox 456 1841 2120 1916; baseline 0.004 -21"><span class='ocrx_word' id='word_1_103' title='bbox 456 1844 542 1896; x_wconf 86' lang='lat' dir='ltr'>ris</span> <span class='ocrx_word' id='word_1_104' title='bbox 575 1859 606 1896; x_wconf 89' lang='lat' dir='ltr'>a</span> <span class='ocrx_word' id='word_1_105' title='bbox 637 1841 1034 1911; x_wconf 86' lang='lat' dir='ltr'>fundamento,</span> <span class='ocrx_word' id='word_1_106' title='bbox 1079 1847 1141 1898; x_wconf 91' lang='lat' dir='ltr'>ut</span> <span class='ocrx_word' id='word_1_107' title='bbox 1160 1848 1291 1898; x_wconf 82' lang='lat' dir='ltr'>ante</span> <span class='ocrx_word' id='word_1_108' title='bbox 1323 1850 1412 1900; x_wconf 89' lang='lat' dir='ltr'>est</span> <span class='ocrx_word' id='word_1_109' title='bbox 1461 1852 1862 1916; x_wconf 90' lang='lat' dir='ltr'>memoratum,</span> <span class='ocrx_word' id='word_1_110' title='bbox 1895 1851 2120 1904; x_wconf 85' lang='lat' dir='ltr'>exstru-</span> 
     </span>
    </p>
   </div>
   <div class='ocr_carea' id='block_1_19' title="bbox 457 1932 2118 2003">
    <p class='ocr_par' dir='ltr' id='par_1_19' title="bbox 457 1932 2118 2003">
     <span class='ocr_line' id='line_1_19' title="bbox 457 1932 2118 2003; baseline 0.004 -18"><span class='ocrx_word' id='word_1_111' title='bbox 457 1935 588 1999; x_wconf 65' lang='grc' dir='ltr'>(πω,</span> <span class='ocrx_word' id='word_1_112' title='bbox 622 1934 746 1984; x_wconf 86' lang='lat' dir='ltr'>tum‘</span> <span class='ocrx_word' id='word_1_113' title='bbox 777 1932 1015 1984; x_wconf 89' lang='lat' dir='ltr'>diversa</span> <span class='ocrx_word' id='word_1_114' title='bbox 1034 1933 1273 1986; x_wconf 90' lang='lat' dir='ltr'>donaria</span> <span class='ocrx_word' id='word_1_115' title='bbox 1302 1934 1557 2003; x_wconf 81' lang='lat' dir='ltr'>advexit,</span> <span class='ocrx_word' id='word_1_116' title='bbox 1585 1938 1823 1991; x_wconf 85' lang='lat' dir='ltr'>materia</span> <span class='ocrx_word' id='word_1_117' title='bbox 1847 1938 2118 1992; x_wconf 83' lang='lat' dir='ltr'>artiﬁcio-</span> 
     </span>
    </p>
   </div>
   <div class='ocr_carea' id='block_1_20' title="bbox 460 2019 2117 2091">
    <p class='ocr_par' dir='ltr' id='par_1_20' title="bbox 460 2019 2117 2091">
     <span class='ocr_line' id='line_1_20' title="bbox 460 2019 2117 2091; baseline 0.006 -20"><span class='ocrx_word' id='word_1_118' title='bbox 460 2034 572 2090; x_wconf 90' lang='lat' dir='ltr'>que</span> <span class='ocrx_word' id='word_1_119' title='bbox 632 2019 1086 2088; x_wconf 85' lang='lat' dir='ltr'>pretiosissima,</span> <span class='ocrx_word' id='word_1_120' title='bbox 1139 2037 1270 2091; x_wconf 80' lang='lat' dir='ltr'>quae</span> <span class='ocrx_word' id='word_1_121' title='bbox 1301 2023 1372 2076; x_wconf 91' lang='lat' dir='ltr'>ad</span> <span class='ocrx_word' id='word_1_122' title='bbox 1405 2025 1612 2078; x_wconf 90' lang='lat' dir='ltr'>saeculi</span> <span class='ocrx_word' id='word_1_123' title='bbox 1655 2027 1967 2080; x_wconf 88' lang='lat' dir='ltr'>terminum</span> <span class='ocrx_word' id='word_1_124' title='bbox 2009 2027 2117 2081; x_wconf 92' lang='lat' dir='ltr'>ho-</span> 
     </span>
    </p>
   </div>
   <div class='ocr_carea' id='block_1_21' title="bbox 2207 694 3821 765">
    <p class='ocr_par' dir='ltr' id='par_1_21' title="bbox 2207 694 3821 765">
     <span class='ocr_line' id='line_1_21' title="bbox 2207 694 3821 765; baseline 0.002 -17"><span class='ocrx_word' id='word_1_125' title='bbox 2207 698 2408 748; x_wconf 89' lang='lat' dir='ltr'>astans</span> <span class='ocrx_word' id='word_1_126' title='bbox 2443 695 2538 748; x_wconf 93' lang='lat' dir='ltr'>ille</span> <span class='ocrx_word' id='word_1_127' title='bbox 2578 694 2778 747; x_wconf 88' lang='lat' dir='ltr'>choris</span> <span class='ocrx_word' id='word_1_128' title='bbox 2809 695 3078 748; x_wconf 86' lang='lat' dir='ltr'>ordinum</span> <span class='ocrx_word' id='word_1_129' title='bbox 3142 695 3575 765; x_wconf 78' lang='lat' dir='ltr'>religiosorum,</span> <span class='ocrx_word' id='word_1_130' title='bbox 3635 696 3821 752; x_wconf 82' lang='lat' dir='ltr'>ludicra</span> 
     </span>
    </p>
   </div>
   <div class='ocr_carea' id='block_1_22' title="bbox 2208 783 3825 855">
    <p class='ocr_par' dir='ltr' id='par_1_22' title="bbox 2208 783 3825 855">
     <span class='ocr_line' id='line_1_22' title="bbox 2208 783 3825 855; baseline 0.002 -20"><span class='ocrx_word' id='word_1_131' title='bbox 2208 783 2608 851; x_wconf 83' lang='lat' dir='ltr'>intermittere,</span> <span class='ocrx_word' id='word_1_132' title='bbox 2670 799 3028 837; x_wconf 83' lang='lat' dir='ltr'>concurrere</span> <span class='ocrx_word' id='word_1_133' title='bbox 3065 783 3134 836; x_wconf 88' lang='lat' dir='ltr'>ad</span> <span class='ocrx_word' id='word_1_134' title='bbox 3195 785 3391 836; x_wconf 89' lang='lat' dir='ltr'>divina</span> <span class='ocrx_word' id='word_1_135' title='bbox 3443 785 3674 837; x_wconf 87' lang='lat' dir='ltr'>militum</span> <span class='ocrx_word' id='word_1_136' title='bbox 3722 789 3825 855; x_wconf 87' lang='lat' dir='ltr'>ple-</span> 
     </span>
    </p>
   </div>
   <div class='ocr_carea' id='block_1_23' title="bbox 2208 870 3828 942">
    <p class='ocr_par' dir='ltr' id='par_1_23' title="bbox 2208 870 3828 942">
     <span class='ocr_line' id='line_1_23' title="bbox 2208 870 3828 942; baseline 0.002 -18"><span class='ocrx_word' id='word_1_137' title='bbox 2208 871 2418 940; x_wconf 83' lang='lat' dir='ltr'>bisque</span> <span class='ocrx_word' id='word_1_138' title='bbox 2445 870 2651 923; x_wconf 84' lang='lat' dir='ltr'>turbas</span> <span class='ocrx_word' id='word_1_139' title='bbox 2669 873 2882 942; x_wconf 81' lang='lat' dir='ltr'>coegit.</span> <span class='ocrx_word' id='word_1_140' title='bbox 2909 872 3092 940; x_wconf 76' lang='lat' dir='ltr'>{tegis</span> <span class='ocrx_word' id='word_1_141' title='bbox 3129 870 3490 925; x_wconf 77' lang='lat' dir='ltr'>Francorum</span> <span class='ocrx_word' id='word_1_142' title='bbox 3508 872 3736 926; x_wconf 84' lang='lat' dir='ltr'>vitricus</span> <span class='ocrx_word' id='word_1_143' title='bbox 3762 877 3828 928; x_wconf 84' lang='lat' dir='ltr'>in-</span> 
     </span>
    </p>
   </div>
   <div class='ocr_carea' id='block_1_24' title="bbox 2209 959 3826 1030">
    <p class='ocr_par' dir='ltr' id='par_1_24' title="bbox 2209 959 3826 1030">
     <span class='ocr_line' id='line_1_24' title="bbox 2209 959 3826 1030; baseline 0.003 -19"><span class='ocrx_word' id='word_1_144' title='bbox 2209 961 2426 1012; x_wconf 78' lang='lat' dir='ltr'>tererat</span> <span class='ocrx_word' id='word_1_145' title='bbox 2459 959 2594 1011; x_wconf 80' lang='lat' dir='ltr'>huic</span> <span class='ocrx_word' id='word_1_146' title='bbox 2626 960 2806 1013; x_wconf 85' lang='lat' dir='ltr'>curiae</span> <span class='ocrx_word' id='word_1_147' title='bbox 2858 959 3208 1028; x_wconf 64' lang='lat' dir='ltr'>Itodulphus</span> <span class='ocrx_word' id='word_1_148' title='bbox 3271 965 3604 1029; x_wconf 57' lang='lat' dir='ltr'>praepotens</span> <span class='ocrx_word' id='word_1_149' title='bbox 3640 977 3826 1030; x_wconf 83' lang='lat' dir='ltr'>comes,</span> 
     </span>
    </p>
   </div>
   <div class='ocr_carea' id='block_1_25' title="bbox 2211 1047 3828 1118">
    <p class='ocr_par' dir='ltr' id='par_1_25' title="bbox 2211 1047 3828 1118">
     <span class='ocr_line' id='line_1_25' title="bbox 2211 1047 3828 1118; baseline 0.002 -18"><span class='ocrx_word' id='word_1_150' title='bbox 2211 1048 2508 1118; x_wconf 89' lang='lat' dir='ltr'>multaque</span> <span class='ocrx_word' id='word_1_151' title='bbox 2540 1047 2815 1102; x_wconf 87' lang='lat' dir='ltr'>nobilitas</span> <span class='ocrx_word' id='word_1_152' title='bbox 2839 1047 3382 1102; x_wconf 59' lang='lat' dir='ltr'>Franciteﬂuriose</span> <span class='ocrx_word' id='word_1_153' title='bbox 3409 1048 3469 1100; x_wconf 90' lang='lat' dir='ltr'>hi</span> <span class='ocrx_word' id='word_1_154' title='bbox 3493 1064 3620 1101; x_wconf 90' lang='lat' dir='ltr'>cum</span> <span class='ocrx_word' id='word_1_155' title='bbox 3648 1048 3828 1103; x_wconf 84' lang='lat' dir='ltr'>North-</span> 
     </span>
    </p>
   </div>
   <div class='ocr_carea' id='block_1_26' title="bbox 2213 1135 3830 1208">
    <p class='ocr_par' dir='ltr' id='par_1_26' title="bbox 2213 1135 3830 1208">
     <span class='ocr_line' id='line_1_26' title="bbox 2213 1135 3830 1208; baseline 0.002 -21"><span class='ocrx_word' id='word_1_156' title='bbox 2213 1136 2427 1203; x_wconf 87' lang='lat' dir='ltr'>manni,</span> <span class='ocrx_word' id='word_1_157' title='bbox 2454 1135 2772 1189; x_wconf 90' lang='lat' dir='ltr'>cernebant</span> <span class='ocrx_word' id='word_1_158' title='bbox 2801 1135 3130 1207; x_wconf 89' lang='lat' dir='ltr'>crinigeros</span> <span class='ocrx_word' id='word_1_159' title='bbox 3164 1136 3440 1190; x_wconf 89' lang='lat' dir='ltr'>alumnos</span> <span class='ocrx_word' id='word_1_160' title='bbox 3485 1136 3665 1208; x_wconf 86' lang='lat' dir='ltr'>plagae</span> <span class='ocrx_word' id='word_1_161' title='bbox 3692 1140 3830 1208; x_wconf 87' lang='lat' dir='ltr'>aqui-</span> 
     </span>
    </p>
   </div>
   <div class='ocr_carea' id='block_1_27' title="bbox 2215 1223 3833 1294">
    <p class='ocr_par' dir='ltr' id='par_1_27' title="bbox 2215 1223 3833 1294">
     <span class='ocr_line' id='line_1_27' title="bbox 2215 1223 3833 1294; baseline 0.001 -17"><span class='ocrx_word' id='word_1_162' title='bbox 2215 1223 2446 1292; x_wconf 90' lang='lat' dir='ltr'>lonalis,</span> <span class='ocrx_word' id='word_1_163' title='bbox 2501 1239 2750 1294; x_wconf 90' lang='lat' dir='ltr'>quorum</span> <span class='ocrx_word' id='word_1_164' title='bbox 2781 1224 3201 1293; x_wconf 87' lang='lat' dir='ltr'>pulchritudini</span> <span class='ocrx_word' id='word_1_165' title='bbox 3248 1224 3454 1279; x_wconf 66' lang='lat' dir='ltr'>Galliae</span> <span class='ocrx_word' id='word_1_166' title='bbox 3488 1229 3714 1280; x_wconf 69' lang='lat' dir='ltr'>cometae</span> <span class='ocrx_word' id='word_1_167' title='bbox 3745 1227 3833 1279; x_wconf 87' lang='lat' dir='ltr'>for-</span> 
     </span>
    </p>
   </div>
   <div class='ocr_carea' id='block_1_28' title="bbox 2217 1311 3834 1384">
    <p class='ocr_par' dir='ltr' id='par_1_28' title="bbox 2217 1311 3834 1384">
     <span class='ocr_line' id='line_1_28' title="bbox 2217 1311 3834 1384; baseline 0.002 -20"><span class='ocrx_word' id='word_1_168' title='bbox 2217 1311 2826 1381; x_wconf 79' lang='lat' dir='ltr'>mosissimijuvencs</span> <span class='ocrx_word' id='word_1_169' title='bbox 2874 1313 3225 1366; x_wconf 84' lang='lat' dir='ltr'>inviderent.</span> <span class='ocrx_word' id='word_1_170' title='bbox 3286 1313 3414 1366; x_wconf 78' lang='lat' dir='ltr'>Nec</span> <span class='ocrx_word' id='word_1_171' title='bbox 3448 1314 3600 1367; x_wconf 89' lang='lat' dir='ltr'>enim</span> <span class='ocrx_word' id='word_1_172' title='bbox 3630 1313 3834 1384; x_wconf 85' lang='lat' dir='ltr'>puellari</span> 
     </span>
    </p>
   </div>
   <div class='ocr_carea' id='block_1_29' title="bbox 2222 1400 3834 1472">
    <p class='ocr_par' dir='ltr' id='par_1_29' title="bbox 2222 1400 3834 1472">
     <span class='ocr_line' id='line_1_29' title="bbox 2222 1400 3834 1472; baseline 0.001 -20"><span class='ocrx_word' id='word_1_173' title='bbox 2222 1400 2514 1455; x_wconf 87' lang='lat' dir='ltr'>venustati</span> <span class='ocrx_word' id='word_1_174' title='bbox 2546 1400 3046 1472; x_wconf 65' lang='lat' dir='ltr'>cedebantJtegis</span> <span class='ocrx_word' id='word_1_175' title='bbox 3087 1405 3279 1455; x_wconf 91' lang='lat' dir='ltr'>autem</span> <span class='ocrx_word' id='word_1_176' title='bbox 3326 1403 3733 1472; x_wconf 80' lang='lat' dir='ltr'>regiorumque</span> <span class='ocrx_word' id='word_1_177' title='bbox 3757 1418 3834 1454; x_wconf 84' lang='lat' dir='ltr'>sa-</span> 
     </span>
    </p>
   </div>
   <div class='ocr_carea' id='block_1_30' title="bbox 2222 1488 3834 1560">
    <p class='ocr_par' dir='ltr' id='par_1_30' title="bbox 2222 1488 3834 1560">
     <span class='ocr_line' id='line_1_30' title="bbox 2222 1488 3834 1560; baseline 0.001 -18"><span class='ocrx_word' id='word_1_178' title='bbox 2222 1488 2466 1542; x_wconf 89' lang='lat' dir='ltr'>tellitum</span> <span class='ocrx_word' id='word_1_179' title='bbox 2519 1489 2856 1542; x_wconf 90' lang='lat' dir='ltr'>indumenta</span> <span class='ocrx_word' id='word_1_180' title='bbox 2915 1491 3254 1558; x_wconf 85' lang='lat' dir='ltr'>spectantes</span> <span class='ocrx_word' id='word_1_181' title='bbox 3285 1490 3507 1543; x_wconf 90' lang='lat' dir='ltr'>intexta</span> <span class='ocrx_word' id='word_1_182' title='bbox 3550 1493 3708 1560; x_wconf 88' lang='lat' dir='ltr'>atque</span> <span class='ocrx_word' id='word_1_183' title='bbox 3731 1506 3834 1544; x_wconf 89' lang='lat' dir='ltr'>cru-</span> 
     </span>
    </p>
   </div>
   <div class='ocr_carea' id='block_1_31' title="bbox 2223 1578 3841 1648">
    <p class='ocr_par' dir='ltr' id='par_1_31' title="bbox 2223 1578 3841 1648">
     <span class='ocr_line' id='line_1_31' title="bbox 2223 1578 3841 1648; baseline 0 -18"><span class='ocrx_word' id='word_1_184' title='bbox 2223 1579 2369 1630; x_wconf 88' lang='lat' dir='ltr'>stata</span> <span class='ocrx_word' id='word_1_185' title='bbox 2418 1591 2585 1646; x_wconf 91' lang='lat' dir='ltr'>auro,</span> <span class='ocrx_word' id='word_1_186' title='bbox 2641 1593 2891 1648; x_wconf 66' lang='lat' dir='ltr'>quaeque</span> <span class='ocrx_word' id='word_1_187' title='bbox 2940 1582 3108 1631; x_wconf 89' lang='lat' dir='ltr'>antea</span> <span class='ocrx_word' id='word_1_188' title='bbox 3148 1578 3421 1632; x_wconf 85' lang='lat' dir='ltr'>viderant</span> <span class='ocrx_word' id='word_1_189' title='bbox 3458 1578 3592 1631; x_wconf 85' lang='lat' dir='ltr'>vilia</span> <span class='ocrx_word' id='word_1_190' title='bbox 3631 1580 3841 1632; x_wconf 67' lang='lat' dir='ltr'>aestima-</span> 
     </span>
    </p>
   </div>
   <div class='ocr_carea' id='block_1_32' title="bbox 2225 1665 3840 1736">
    <p class='ocr_par' dir='ltr' id='par_1_32' title="bbox 2225 1665 3840 1736">
     <span class='ocr_line' id='line_1_32' title="bbox 2225 1665 3840 1736; baseline 0.002 -19"><span class='ocrx_word' id='word_1_191' title='bbox 2225 1680 2385 1719; x_wconf 89' lang='lat' dir='ltr'>vere.</span> <span class='ocrx_word' id='word_1_192' title='bbox 2418 1665 2579 1734; x_wconf 91' lang='lat' dir='ltr'>ltem,</span> <span class='ocrx_word' id='word_1_193' title='bbox 2613 1681 2753 1718; x_wconf 90' lang='lat' dir='ltr'>vasa</span> <span class='ocrx_word' id='word_1_194' title='bbox 2805 1671 3082 1736; x_wconf 88' lang='lat' dir='ltr'>argentea</span> <span class='ocrx_word' id='word_1_195' title='bbox 3113 1667 3241 1720; x_wconf 87' lang='lat' dir='ltr'>sive</span> <span class='ocrx_word' id='word_1_196' title='bbox 3289 1682 3473 1720; x_wconf 88' lang='lat' dir='ltr'>aurea</span> <span class='ocrx_word' id='word_1_197' title='bbox 3517 1667 3840 1720; x_wconf 85' lang='lat' dir='ltr'>admiraban-</span> 
     </span>
    </p>
   </div>
   <div class='ocr_carea' id='block_1_33' title="bbox 2223 1754 3840 1829">
    <p class='ocr_par' dir='ltr' id='par_1_33' title="bbox 2223 1754 3840 1829">
     <span class='ocr_line' id='line_1_33' title="bbox 2223 1754 3840 1829; baseline -0.001 -21"><span class='ocrx_word' id='word_1_198' title='bbox 2223 1758 2338 1823; x_wconf 87' lang='lat' dir='ltr'>tur,</span> <span class='ocrx_word' id='word_1_199' title='bbox 2390 1770 2642 1824; x_wconf 90' lang='lat' dir='ltr'>quorum</span> <span class='ocrx_word' id='word_1_200' title='bbox 2671 1754 2742 1806; x_wconf 90' lang='lat' dir='ltr'>de</span> <span class='ocrx_word' id='word_1_201' title='bbox 2800 1771 3044 1829; x_wconf 79' lang='lat' dir='ltr'>numero</span> <span class='ocrx_word' id='word_1_202' title='bbox 3093 1755 3187 1809; x_wconf 93' lang='lat' dir='ltr'>vel</span> <span class='ocrx_word' id='word_1_203' title='bbox 3245 1756 3467 1810; x_wconf 87' lang='lat' dir='ltr'>decore</span> <span class='ocrx_word' id='word_1_204' title='bbox 3499 1773 3631 1810; x_wconf 87' lang='lat' dir='ltr'>vere</span> <span class='ocrx_word' id='word_1_205' title='bbox 3659 1757 3840 1808; x_wconf 81' lang='lat' dir='ltr'>narrari</span> 
     </span>
    </p>
   </div>
   <div class='ocr_carea' id='block_1_34' title="bbox 2225 1842 3841 1915">
    <p class='ocr_par' dir='ltr' id='par_1_34' title="bbox 2225 1842 3841 1915">
     <span class='ocr_line' id='line_1_34' title="bbox 2225 1842 3841 1915; baseline 0 -19"><span class='ocrx_word' id='word_1_206' title='bbox 2225 1844 2457 1913; x_wconf 90' lang='lat' dir='ltr'>possint</span> <span class='ocrx_word' id='word_1_207' title='bbox 2481 1842 2865 1896; x_wconf 89' lang='lat' dir='ltr'>incredibilia.</span> <span class='ocrx_word' id='word_1_208' title='bbox 2920 1844 3029 1897; x_wconf 86' lang='lat' dir='ltr'>His</span> <span class='ocrx_word' id='word_1_209' title='bbox 3059 1847 3278 1898; x_wconf 88' lang='lat' dir='ltr'>tantum</span> <span class='ocrx_word' id='word_1_210' title='bbox 3313 1861 3392 1898; x_wconf 91' lang='lat' dir='ltr'>ex</span> <span class='ocrx_word' id='word_1_211' title='bbox 3424 1845 3652 1915; x_wconf 89' lang='lat' dir='ltr'>populis</span> <span class='ocrx_word' id='word_1_212' title='bbox 3681 1859 3841 1897; x_wconf 78' lang='lat' dir='ltr'>cama-</span> 
     </span>
    </p>
   </div>
   <div class='ocr_carea' id='block_1_35' title="bbox 2229 1932 3845 2002">
    <p class='ocr_par' dir='ltr' id='par_1_35' title="bbox 2229 1932 3845 2002">
     <span class='ocr_line' id='line_1_35' title="bbox 2229 1932 3845 2002; baseline 0.001 -17"><span class='ocrx_word' id='word_1_213' title='bbox 2229 1932 2423 1985; x_wconf 92' lang='lat' dir='ltr'>culum</span> <span class='ocrx_word' id='word_1_214' title='bbox 2449 1933 2664 2002; x_wconf 89' lang='lat' dir='ltr'>ingens</span> <span class='ocrx_word' id='word_1_215' title='bbox 2695 1932 2953 1998; x_wconf 82' lang='lat' dir='ltr'>bibebat,</span> <span class='ocrx_word' id='word_1_216' title='bbox 2985 1937 3082 1986; x_wconf 92' lang='lat' dir='ltr'>aut</span> <span class='ocrx_word' id='word_1_217' title='bbox 3114 1933 3405 1987; x_wconf 88' lang='lat' dir='ltr'>cornibus</span> <span class='ocrx_word' id='word_1_218' title='bbox 3438 1933 3719 1987; x_wconf 88' lang='lat' dir='ltr'>bubalinis</span> <span class='ocrx_word' id='word_1_219' title='bbox 3753 1949 3845 1986; x_wconf 87' lang='lat' dir='ltr'>me-</span> 
     </span>
    </p>
   </div>
   <div class='ocr_carea' id='block_1_36' title="bbox 2229 2020 3842 2091">
    <p class='ocr_par' dir='ltr' id='par_1_36' title="bbox 2229 2020 3842 2091">
     <span class='ocr_line' id='line_1_36' title="bbox 2229 2020 3842 2091; baseline 0 -18"><span class='ocrx_word' id='word_1_220' title='bbox 2229 2020 2363 2073; x_wconf 91' lang='lat' dir='ltr'>tallo</span> <span class='ocrx_word' id='word_1_221' title='bbox 2396 2020 2689 2074; x_wconf 87' lang='lat' dir='ltr'>decoratis</span> <span class='ocrx_word' id='word_1_222' title='bbox 2721 2021 2927 2073; x_wconf 88' lang='lat' dir='ltr'>eodem</span> <span class='ocrx_word' id='word_1_223' title='bbox 2960 2020 3116 2073; x_wconf 91' lang='lat' dir='ltr'>circa</span> <span class='ocrx_word' id='word_1_224' title='bbox 3149 2022 3558 2075; x_wconf 84' lang='lat' dir='ltr'>extremitates</span> <span class='ocrx_word' id='word_1_225' title='bbox 3589 2026 3842 2091; x_wconf 68' lang='lat' dir='ltr'>utrasque.</span> 
     </span>
    </p>
   </div>
   <div class='ocr_carea' id='block_1_37' title="bbox 459 2107 3848 2198">
    <p class='ocr_par' dir='ltr' id='par_1_37' title="bbox 459 2107 3848 2198">
     <span class='ocr_line' id='line_1_37' title="bbox 459 2107 3848 2198; baseline 0.003 -37"><span class='ocrx_word' id='word_1_226' title='bbox 459 2122 603 2162; x_wconf 89' lang='lat' dir='ltr'>nore</span> <span class='ocrx_word' id='word_1_227' title='bbox 660 2122 1008 2176; x_wconf 90' lang='lat' dir='ltr'>permanere</span> <span class='ocrx_word' id='word_1_228' title='bbox 1041 2109 1287 2165; x_wconf 80' lang='lat' dir='ltr'>valeant.</span> <span class='ocrx_word' id='word_1_229' title='bbox 1341 2110 1582 2182; x_wconf 75' lang='lat' dir='ltr'>Singula</span> <span class='ocrx_word' id='word_1_230' title='bbox 1618 2114 2118 2184; x_wconf 70' lang='lat' dir='ltr'>descriptionibus</span> <span class='ocrx_word' id='word_1_231' title='bbox 2149 2135 2204 2198; x_wconf 79' lang='grc' dir='ltr'>Β</span> <span class='ocrx_word' id='word_1_232' title='bbox 2235 2107 2495 2178; x_wconf 81' lang='lat' dir='ltr'>Denique</span> <span class='ocrx_word' id='word_1_233' title='bbox 2523 2109 2769 2177; x_wconf 75' lang='lat' dir='ltr'>plurima</span> <span class='ocrx_word' id='word_1_234' title='bbox 2826 2109 3240 2179; x_wconf 81' lang='lat' dir='ltr'>hujuscemodi</span> <span class='ocrx_word' id='word_1_235' title='bbox 3289 2112 3674 2180; x_wconf 78' lang='lat' dir='ltr'>competentia</span> <span class='ocrx_word' id='word_1_236' title='bbox 3700 2111 3848 2180; x_wconf 80' lang='lat' dir='ltr'>regali</span> 
     </span>
    </p>
   </div>
   <div class='ocr_carea' id='block_1_38' title="bbox 462 2195 2119 2270">
    <p class='ocr_par' dir='ltr' id='par_1_38' title="bbox 462 2195 2119 2270">
     <span class='ocr_line' id='line_1_38' title="bbox 462 2195 2119 2270; baseline 0.005 -20"><span class='ocrx_word' id='word_1_237' title='bbox 462 2201 559 2250; x_wconf 88' lang='lat' dir='ltr'>aut</span> <span class='ocrx_word' id='word_1_238' title='bbox 615 2195 953 2250; x_wconf 90' lang='lat' dir='ltr'>nominibus</span> <span class='ocrx_word' id='word_1_239' title='bbox 998 2198 1312 2269; x_wconf 88' lang='lat' dir='ltr'>designare</span> <span class='ocrx_word' id='word_1_240' title='bbox 1362 2201 1689 2270; x_wconf 91' lang='lat' dir='ltr'>spatiosum</span> <span class='ocrx_word' id='word_1_241' title='bbox 1721 2203 1887 2257; x_wconf 90' lang='lat' dir='ltr'>foret.</span> <span class='ocrx_word' id='word_1_242' title='bbox 1941 2205 2119 2259; x_wconf 88' lang='lat' dir='ltr'>Volu-</span> 
     </span>
    </p>
   </div>
   <div class='ocr_carea' id='block_1_39' title="bbox 461 2287 2125 2359">
    <p class='ocr_par' dir='ltr' id='par_1_39' title="bbox 461 2287 2125 2359">
     <span class='ocr_line' id='line_1_39' title="bbox 461 2287 2125 2359; baseline 0.007 -22"><span class='ocrx_word' id='word_1_243' title='bbox 461 2287 738 2354; x_wconf 90' lang='lat' dir='ltr'>ptuosum</span> <span class='ocrx_word' id='word_1_244' title='bbox 778 2287 869 2338; x_wconf 89' lang='lat' dir='ltr'>est</span> <span class='ocrx_word' id='word_1_245' title='bbox 895 2301 960 2338; x_wconf 90' lang='lat' dir='ltr'>ea</span> <span class='ocrx_word' id='word_1_246' title='bbox 992 2292 1368 2356; x_wconf 90' lang='lat' dir='ltr'>perspectare</span> <span class='ocrx_word' id='word_1_247' title='bbox 1400 2289 1733 2359; x_wconf 86' lang='lat' dir='ltr'>hospitibus</span> <span class='ocrx_word' id='word_1_248' title='bbox 1766 2294 2035 2345; x_wconf 78' lang='lat' dir='ltr'>maximis</span> <span class='ocrx_word' id='word_1_249' title='bbox 2069 2299 2125 2348; x_wconf 90' lang='lat' dir='ltr'>et</span> 
     </span>
    </p>
   </div>
   <div class='ocr_carea' id='block_1_40' title="bbox 463 2374 2123 2442">
    <p class='ocr_par' dir='ltr' id='par_1_40' title="bbox 463 2374 2123 2442">
     <span class='ocr_line' id='line_1_40' title="bbox 463 2374 2123 2442; baseline 0.005 -16"><span class='ocrx_word' id='word_1_250' title='bbox 463 2374 742 2442; x_wconf 66' lang='lat' dir='ltr'>quisaape</span> <span class='ocrx_word' id='word_1_251' title='bbox 773 2374 1056 2426; x_wconf 90' lang='lat' dir='ltr'>nobilium</span> <span class='ocrx_word' id='word_1_252' title='bbox 1087 2376 1472 2430; x_wconf 88' lang='lat' dir='ltr'>ecclesiarum</span> <span class='ocrx_word' id='word_1_253' title='bbox 1503 2377 1818 2434; x_wconf 85' lang='lat' dir='ltr'>thesauros</span> <span class='ocrx_word' id='word_1_254' title='bbox 1839 2381 2123 2435; x_wconf 81' lang='lat' dir='ltr'>viderant.</span> 
     </span>
    </p>
   </div>
   <div class='ocr_carea' id='block_1_41' title="bbox 463 2461 2128 2539">
    <p class='ocr_par' dir='ltr' id='par_1_41' title="bbox 463 2461 2128 2539">
     <span class='ocr_line' id='line_1_41' title="bbox 463 2461 2128 2539; baseline 0.005 -25"><span class='ocrx_word' id='word_1_255' title='bbox 463 2461 912 2516; x_wconf 91' lang='lat' dir='ltr'>Transiretillac</span> <span class='ocrx_word' id='word_1_256' title='bbox 945 2463 1425 2532; x_wconf 66' lang='lat' dir='ltr'>hOSpesGrzecus</span> <span class='ocrx_word' id='word_1_257' title='bbox 1457 2470 1555 2520; x_wconf 91' lang='lat' dir='ltr'>aut</span> <span class='ocrx_word' id='word_1_258' title='bbox 1584 2468 1798 2536; x_wconf 81' lang='lat' dir='ltr'>Arabs,</span> <span class='ocrx_word' id='word_1_259' title='bbox 1835 2471 2128 2539; x_wconf 84' lang='lat' dir='ltr'>voluptate</span> 
     </span>
    </p>
   </div>
   <div class='ocr_carea' id='block_1_42' title="bbox 462 2547 2128 2622">
    <p class='ocr_par' dir='ltr' id='par_1_42' title="bbox 462 2547 2128 2622">
     <span class='ocr_line' id='line_1_42' title="bbox 462 2547 2128 2622; baseline 0.005 -19"><span class='ocrx_word' id='word_1_260' title='bbox 462 2550 799 2604; x_wconf 83' lang='lat' dir='ltr'>traheretur</span> <span class='ocrx_word' id='word_1_261' title='bbox 819 2551 1318 2622; x_wconf 63' lang='lat' dir='ltr'>eademAnglicae</span> <span class='ocrx_word' id='word_1_262' title='bbox 1347 2556 1602 2608; x_wconf 87' lang='lat' dir='ltr'>nationis</span> <span class='ocrx_word' id='word_1_263' title='bbox 1634 2556 1866 2611; x_wconf 69' lang='lat' dir='ltr'>femina)</span> <span class='ocrx_word' id='word_1_264' title='bbox 1886 2547 2128 2613; x_wconf 81' lang='lat' dir='ltr'>multum</span> 
     </span>
    </p>
   </div>
   <div class='ocr_carea' id='block_1_43' title="bbox 465 2639 2130 2713">
    <p class='ocr_par' dir='ltr' id='par_1_43' title="bbox 465 2639 2130 2713">
     <span class='ocr_line' id='line_1_43' title="bbox 465 2639 2130 2713; baseline 0.007 -23"><span class='ocrx_word' id='word_1_265' title='bbox 465 2654 576 2691; x_wconf 88' lang='lat' dir='ltr'>acu</span> <span class='ocrx_word' id='word_1_266' title='bbox 607 2641 663 2691; x_wconf 90' lang='lat' dir='ltr'>et</span> <span class='ocrx_word' id='word_1_267' title='bbox 694 2639 820 2691; x_wconf 87' lang='lat' dir='ltr'>auri</span> <span class='ocrx_word' id='word_1_268' title='bbox 853 2642 1102 2708; x_wconf 85' lang='lat' dir='ltr'>textura,</span> <span class='ocrx_word' id='word_1_269' title='bbox 1135 2643 1380 2713; x_wconf 78' lang='lat' dir='ltr'>egregie</span> <span class='ocrx_word' id='word_1_270' title='bbox 1413 2644 1522 2696; x_wconf 89' lang='lat' dir='ltr'>viri</span> <span class='ocrx_word' id='word_1_271' title='bbox 1553 2645 1610 2698; x_wconf 93' lang='lat' dir='ltr'>in</span> <span class='ocrx_word' id='word_1_272' title='bbox 1641 2647 1797 2699; x_wconf 90' lang='lat' dir='ltr'>omni</span> <span class='ocrx_word' id='word_1_273' title='bbox 1820 2647 2012 2700; x_wconf 89' lang='lat' dir='ltr'>valent</span> <span class='ocrx_word' id='word_1_274' title='bbox 2034 2665 2130 2700; x_wconf 90' lang='lat' dir='ltr'>ar-</span> 
     </span>
    </p>
   </div>
   <div class='ocr_carea' id='block_1_44' title="bbox 467 2727 2134 2799">
    <p class='ocr_par' dir='ltr' id='par_1_44' title="bbox 467 2727 2134 2799">
     <span class='ocr_line' id='line_1_44' title="bbox 467 2727 2134 2799; baseline 0.007 -21"><span class='ocrx_word' id='word_1_275' title='bbox 467 2727 671 2780; x_wconf 83' lang='lat' dir='ltr'>tiﬁcio.</span> <span class='ocrx_word' id='word_1_276' title='bbox 701 2727 790 2780; x_wconf 76' lang='lat' dir='ltr'>Ad</span> <span class='ocrx_word' id='word_1_277' title='bbox 813 2727 926 2781; x_wconf 90' lang='lat' dir='ltr'>hoc</span> <span class='ocrx_word' id='word_1_278' title='bbox 957 2729 1212 2783; x_wconf 90' lang='lat' dir='ltr'>incolere</span> <span class='ocrx_word' id='word_1_279' title='bbox 1244 2733 1396 2799; x_wconf 89' lang='lat' dir='ltr'>apud</span> <span class='ocrx_word' id='word_1_280' title='bbox 1427 2748 1532 2786; x_wconf 90' lang='lat' dir='ltr'>eos</span> <span class='ocrx_word' id='word_1_281' title='bbox 1561 2733 1832 2787; x_wconf 80' lang='lat' dir='ltr'>Germani</span> <span class='ocrx_word' id='word_1_282' title='bbox 1867 2737 2134 2789; x_wconf 85' lang='lat' dir='ltr'>solebant</span> 
     </span>
    </p>
   </div>
   <div class='ocr_carea' id='block_1_45' title="bbox 467 2814 2133 2895">
    <p class='ocr_par' dir='ltr' id='par_1_45' title="bbox 467 2814 2133 2895">
     <span class='ocr_line' id='line_1_45' title="bbox 467 2814 2133 2895; baseline 0.006 -27"><span class='ocrx_word' id='word_1_283' title='bbox 467 2814 671 2868; x_wconf 89' lang='lat' dir='ltr'>talium</span> <span class='ocrx_word' id='word_1_284' title='bbox 713 2817 923 2869; x_wconf 88' lang='lat' dir='ltr'>artium</span> <span class='ocrx_word' id='word_1_285' title='bbox 979 2818 1384 2873; x_wconf 87' lang='lat' dir='ltr'>scientissimi.</span> <span class='ocrx_word' id='word_1_286' title='bbox 1437 2821 1699 2875; x_wconf 89' lang='lat' dir='ltr'>lnferunt</span> <span class='ocrx_word' id='word_1_287' title='bbox 1751 2827 1806 2876; x_wconf 93' lang='lat' dir='ltr'>et</span> <span class='ocrx_word' id='word_1_288' title='bbox 1865 2826 2133 2895; x_wconf 88' lang='lat' dir='ltr'>negotia-</span> 
     </span>
    </p>
   </div>
   <div class='ocr_carea' id='block_1_46' title="bbox 470 2904 2138 2982">
    <p class='ocr_par' dir='ltr' id='par_1_46' title="bbox 470 2904 2138 2982">
     <span class='ocr_line' id='line_1_46' title="bbox 470 2904 2138 2982; baseline 0.007 -26"><span class='ocrx_word' id='word_1_289' title='bbox 470 2906 632 2958; x_wconf 90' lang='lat' dir='ltr'>tores</span> <span class='ocrx_word' id='word_1_290' title='bbox 660 2904 762 2974; x_wconf 86' lang='lat' dir='ltr'>qui</span> <span class='ocrx_word' id='word_1_291' title='bbox 791 2904 1145 2976; x_wconf 91' lang='lat' dir='ltr'>longinquas</span> <span class='ocrx_word' id='word_1_292' title='bbox 1177 2911 1455 2980; x_wconf 82' lang='lat' dir='ltr'>regiones</span> <span class='ocrx_word' id='word_1_293' title='bbox 1487 2911 1738 2966; x_wconf 87' lang='lat' dir='ltr'>navibus</span> <span class='ocrx_word' id='word_1_294' title='bbox 1771 2913 2003 2982; x_wconf 86' lang='lat' dir='ltr'>adeunt,</span> <span class='ocrx_word' id='word_1_295' title='bbox 2042 2915 2138 2968; x_wconf 91' lang='lat' dir='ltr'>do-</span> 
     </span>
    </p>
   </div>
   <div class='ocr_carea' id='block_1_47' title="bbox 473 2993 1223 3066">
    <p class='ocr_par' dir='ltr' id='par_1_47' title="bbox 473 2993 1223 3066">
     <span class='ocr_line' id='line_1_47' title="bbox 473 2993 1223 3066; baseline 0.007 -21"><span class='ocrx_word' id='word_1_296' title='bbox 473 2993 696 3046; x_wconf 88' lang='lat' dir='ltr'>ctarum</span> <span class='ocrx_word' id='word_1_297' title='bbox 728 3008 1004 3047; x_wconf 90' lang='lat' dir='ltr'>manuum</span> <span class='ocrx_word' id='word_1_298' title='bbox 1027 3011 1223 3066; x_wconf 85' lang='lat' dir='ltr'>opera.</span> 
     </span>
    </p>
   </div>
   <div class='ocr_carea' id='block_1_48' title="bbox 543 3119 2137 3196">
    <p class='ocr_par' dir='ltr' id='par_1_48' title="bbox 543 3119 2137 3196">
     <span class='ocr_line' id='line_1_48' title="bbox 543 3119 2137 3196; baseline 0.007 -25"><span class='ocrx_word' id='word_1_299' title='bbox 543 3119 820 3174; x_wconf 85' lang='lat' dir='ltr'>Potentes</span> <span class='ocrx_word' id='word_1_300' title='bbox 853 3121 1116 3174; x_wconf 90' lang='lat' dir='ltr'>nonnulli</span> <span class='ocrx_word' id='word_1_301' title='bbox 1141 3124 1362 3176; x_wconf 83' lang='lat' dir='ltr'>sanctis</span> <span class='ocrx_word' id='word_1_302' title='bbox 1386 3125 1582 3193; x_wconf 89' lang='lat' dir='ltr'>inique</span> <span class='ocrx_word' id='word_1_303' title='bbox 1609 3125 1959 3196; x_wconf 89' lang='lat' dir='ltr'>largiuntur,</span> <span class='ocrx_word' id='word_1_304' title='bbox 2013 3129 2137 3196; x_wconf 91' lang='lat' dir='ltr'>ple-</span> 
     </span>
    </p>
   </div>
   <div class='ocr_carea' id='block_1_49' title="bbox 475 3208 2140 3278">
    <p class='ocr_par' dir='ltr' id='par_1_49' title="bbox 475 3208 2140 3278">
     <span class='ocr_line' id='line_1_49' title="bbox 475 3208 2140 3278; baseline 0.007 -18"><span class='ocrx_word' id='word_1_305' title='bbox 475 3223 723 3278; x_wconf 91' lang='lat' dir='ltr'>rumque</span> <span class='ocrx_word' id='word_1_306' title='bbox 773 3209 833 3261; x_wconf 92' lang='lat' dir='ltr'>in</span> <span class='ocrx_word' id='word_1_307' title='bbox 873 3208 1082 3263; x_wconf 90' lang='lat' dir='ltr'>iisdem</span> <span class='ocrx_word' id='word_1_308' title='bbox 1139 3212 1552 3266; x_wconf 89' lang='lat' dir='ltr'>donationibus</span> <span class='ocrx_word' id='word_1_309' title='bbox 1599 3215 1828 3268; x_wconf 88' lang='lat' dir='ltr'>laudem</span> <span class='ocrx_word' id='word_1_310' title='bbox 1873 3233 2040 3270; x_wconf 86' lang='lat' dir='ltr'>suam</span> <span class='ocrx_word' id='word_1_311' title='bbox 2081 3219 2140 3272; x_wconf 91' lang='lat' dir='ltr'>in</span> 
     </span>
    </p>
   </div>
   <div class='ocr_carea' id='block_1_50' title="bbox 475 3296 2142 3376">
    <p class='ocr_par' dir='ltr' id='par_1_50' title="bbox 475 3296 2142 3376">
     <span class='ocr_line' id='line_1_50' title="bbox 475 3296 2142 3376; baseline 0.007 -27"><span class='ocrx_word' id='word_1_312' title='bbox 475 3297 714 3363; x_wconf 91' lang='lat' dir='ltr'>mundo,</span> <span class='ocrx_word' id='word_1_313' title='bbox 748 3296 958 3351; x_wconf 89' lang='lat' dir='ltr'>delicta</span> <span class='ocrx_word' id='word_1_314' title='bbox 993 3314 1103 3352; x_wconf 89' lang='lat' dir='ltr'>sua</span> <span class='ocrx_word' id='word_1_315' title='bbox 1137 3315 1334 3354; x_wconf 88' lang='lat' dir='ltr'>coram</span> <span class='ocrx_word' id='word_1_316' title='bbox 1366 3302 1486 3355; x_wconf 87' lang='lat' dir='ltr'>Deo</span> <span class='ocrx_word' id='word_1_317' title='bbox 1516 3303 1899 3373; x_wconf 87' lang='lat' dir='ltr'>adaugentes.</span> <span class='ocrx_word' id='word_1_318' title='bbox 1953 3305 2142 3376; x_wconf 88' lang='lat' dir='ltr'>Spoli-</span> 
     </span>
    </p>
   </div>
   <div class='ocr_carea' id='block_1_51' title="bbox 476 3385 2140 3458">
    <p class='ocr_par' dir='ltr' id='par_1_51' title="bbox 476 3385 2140 3458">
     <span class='ocr_line' id='line_1_51' title="bbox 476 3385 2140 3458; baseline 0.005 -19"><span class='ocrx_word' id='word_1_319' title='bbox 476 3390 574 3439; x_wconf 88' lang='lat' dir='ltr'>ant</span> <span class='ocrx_word' id='word_1_320' title='bbox 606 3385 898 3439; x_wconf 89' lang='lat' dir='ltr'>ecclesias</span> <span class='ocrx_word' id='word_1_321' title='bbox 929 3389 985 3439; x_wconf 92' lang='lat' dir='ltr'>et</span> <span class='ocrx_word' id='word_1_322' title='bbox 1015 3388 1237 3455; x_wconf 89' lang='lat' dir='ltr'>rapinis</span> <span class='ocrx_word' id='word_1_323' title='bbox 1261 3389 1408 3458; x_wconf 82' lang='lat' dir='ltr'>ipsis</span> <span class='ocrx_word' id='word_1_324' title='bbox 1435 3390 1580 3444; x_wconf 91' lang='lat' dir='ltr'>alias</span> <span class='ocrx_word' id='word_1_325' title='bbox 1613 3391 1812 3445; x_wconf 87' lang='lat' dir='ltr'>ditant.</span> <span class='ocrx_word' id='word_1_326' title='bbox 1843 3395 1968 3448; x_wconf 78' lang='lat' dir='ltr'>Rex</span> <span class='ocrx_word' id='word_1_327' title='bbox 1998 3410 2140 3448; x_wconf 90' lang='lat' dir='ltr'>vero</span> 
     </span>
    </p>
   </div>
   <div class='ocr_carea' id='block_1_52' title="bbox 479 3473 2140 3544">
    <p class='ocr_par' dir='ltr' id='par_1_52' title="bbox 479 3473 2140 3544">
     <span class='ocr_line' id='line_1_52' title="bbox 479 3473 2140 3544; baseline 0.006 -18"><span class='ocrx_word' id='word_1_328' title='bbox 479 3473 822 3528; x_wconf 88' lang='lat' dir='ltr'>Willelmus</span> <span class='ocrx_word' id='word_1_329' title='bbox 851 3477 1586 3544; x_wconf 89' lang='lat' dir='ltr'>nunquam,nisibonitate,</span> <span class='ocrx_word' id='word_1_330' title='bbox 1614 3479 1906 3534; x_wconf 89' lang='lat' dir='ltr'>sinceram</span> <span class='ocrx_word' id='word_1_331' title='bbox 1933 3483 2140 3535; x_wconf 85' lang='lat' dir='ltr'>famam</span> 
     </span>
    </p>
   </div>
   <div class='ocr_carea' id='block_1_53' title="bbox 482 3562 2142 3640">
    <p class='ocr_par' dir='ltr' id='par_1_53' title="bbox 482 3562 2142 3640">
     <span class='ocr_line' id='line_1_53' title="bbox 482 3562 2142 3640; baseline 0.007 -26"><span class='ocrx_word' id='word_1_332' title='bbox 482 3562 597 3615; x_wconf 90' lang='lat' dir='ltr'>sibi</span> <span class='ocrx_word' id='word_1_333' title='bbox 629 3563 1008 3630; x_wconf 87' lang='lat' dir='ltr'>comparavit,</span> <span class='ocrx_word' id='word_1_334' title='bbox 1043 3562 1270 3616; x_wconf 87' lang='lat' dir='ltr'>donans</span> <span class='ocrx_word' id='word_1_335' title='bbox 1302 3580 1440 3619; x_wconf 85' lang='lat' dir='ltr'>vere</span> <span class='ocrx_word' id='word_1_336' title='bbox 1481 3583 1609 3634; x_wconf 91' lang='lat' dir='ltr'>sua,</span> <span class='ocrx_word' id='word_1_337' title='bbox 1645 3572 1835 3622; x_wconf 89' lang='lat' dir='ltr'>mente</span> <span class='ocrx_word' id='word_1_338' title='bbox 1875 3571 1946 3622; x_wconf 90' lang='lat' dir='ltr'>ad</span> <span class='ocrx_word' id='word_1_339' title='bbox 1976 3587 2142 3640; x_wconf 90' lang='lat' dir='ltr'>spem</span> 
     </span>
    </p>
   </div>
   <div class='ocr_carea' id='block_1_54' title="bbox 481 3650 2226 3752">
    <p class='ocr_par' dir='ltr' id='par_1_54' title="bbox 481 3650 2226 3752">
     <span class='ocr_line' id='line_1_54' title="bbox 481 3650 2226 3752; baseline 0.009 -52"><span class='ocrx_word' id='word_1_340' title='bbox 481 3650 813 3702; x_wconf 87' lang='lat' dir='ltr'>interminae</span> <span class='ocrx_word' id='word_1_341' title='bbox 853 3650 1164 3715; x_wconf 88' lang='lat' dir='ltr'>mercedis,</span> <span class='ocrx_word' id='word_1_342' title='bbox 1211 3668 1328 3705; x_wconf 89' lang='lat' dir='ltr'>non</span> <span class='ocrx_word' id='word_1_343' title='bbox 1359 3654 1429 3706; x_wconf 92' lang='lat' dir='ltr'>ad</span> <span class='ocrx_word' id='word_1_344' title='bbox 1469 3655 1716 3724; x_wconf 79' lang='lat' dir='ltr'>gloriam</span> <span class='ocrx_word' id='word_1_345' title='bbox 1747 3673 1878 3727; x_wconf 90' lang='lat' dir='ltr'>quae</span> <span class='ocrx_word' id='word_1_346' title='bbox 1909 3659 2142 3728; x_wconf 90' lang='lat' dir='ltr'>deperi-</span> <span class='ocrx_word' id='word_1_347' title='bbox 2175 3691 2226 3752; x_wconf 69' lang='grc' dir='ltr'>Ο</span> 
     </span>
    </p>
   </div>
   <div class='ocr_carea' id='block_1_55' title="bbox 481 3736 2139 3815">
    <p class='ocr_par' dir='ltr' id='par_1_55' title="bbox 481 3736 2139 3815">
     <span class='ocr_line' id='line_1_55' title="bbox 481 3736 2139 3815; baseline 0.007 -25"><span class='ocrx_word' id='word_1_348' title='bbox 481 3737 568 3790; x_wconf 88' lang='lat' dir='ltr'>bit</span> <span class='ocrx_word' id='word_1_349' title='bbox 602 3736 880 3806; x_wconf 88' lang='lat' dir='ltr'>intentus,</span> <span class='ocrx_word' id='word_1_350' title='bbox 933 3737 1316 3794; x_wconf 87' lang='lat' dir='ltr'>Abundantes</span> <span class='ocrx_word' id='word_1_351' title='bbox 1369 3741 1652 3797; x_wconf 83' lang='lat' dir='ltr'>Ecclesiae</span> <span class='ocrx_word' id='word_1_352' title='bbox 1709 3749 2139 3815; x_wconf 78' lang='lat' dir='ltr'>transmarinae,</span> 
     </span>
    </p>
   </div>
   <div class='ocr_carea' id='block_1_56' title="bbox 485 3825 2145 3904">
    <p class='ocr_par' dir='ltr' id='par_1_56' title="bbox 485 3825 2145 3904">
     <span class='ocr_line' id='line_1_56' title="bbox 485 3825 2145 3904; baseline 0.008 -26"><span class='ocrx_word' id='word_1_353' title='bbox 485 3825 680 3895; x_wconf 88' lang='lat' dir='ltr'>aliqua</span> <span class='ocrx_word' id='word_1_354' title='bbox 711 3825 765 3879; x_wconf 91' lang='lat' dir='ltr'>ei</span> <span class='ocrx_word' id='word_1_355' title='bbox 787 3825 1060 3880; x_wconf 85' lang='lat' dir='ltr'>libentes.</span> <span class='ocrx_word' id='word_1_356' title='bbox 1085 3843 1218 3898; x_wconf 89' lang='lat' dir='ltr'>quae</span> <span class='ocrx_word' id='word_1_357' title='bbox 1236 3829 1295 3882; x_wconf 93' lang='lat' dir='ltr'>in</span> <span class='ocrx_word' id='word_1_358' title='bbox 1317 3829 1559 3884; x_wconf 89' lang='lat' dir='ltr'>Galliam</span> <span class='ocrx_word' id='word_1_359' title='bbox 1583 3834 1952 3904; x_wconf 80' lang='lat' dir='ltr'>transferret,</span> <span class='ocrx_word' id='word_1_360' title='bbox 1977 3836 2145 3891; x_wconf 87' lang='lat' dir='ltr'>dede-</span> 
     </span>
    </p>
   </div>
   <div class='ocr_carea' id='block_1_57' title="bbox 486 3916 2143 3988">
    <p class='ocr_par' dir='ltr' id='par_1_57' title="bbox 486 3916 2143 3988">
     <span class='ocr_line' id='line_1_57' title="bbox 486 3916 2143 3988; baseline 0.007 -21"><span class='ocrx_word' id='word_1_361' title='bbox 486 3917 642 3983; x_wconf 90' lang='lat' dir='ltr'>runt,</span> <span class='ocrx_word' id='word_1_362' title='bbox 703 3916 979 3985; x_wconf 90' lang='lat' dir='ltr'>quoniam</span> <span class='ocrx_word' id='word_1_363' title='bbox 1028 3932 1095 3969; x_wconf 90' lang='lat' dir='ltr'>ea</span> <span class='ocrx_word' id='word_1_364' title='bbox 1153 3918 1434 3988; x_wconf 89' lang='lat' dir='ltr'>multuplo</span> <span class='ocrx_word' id='word_1_365' title='bbox 1479 3921 1726 3975; x_wconf 89' lang='lat' dir='ltr'>redemit</span> <span class='ocrx_word' id='word_1_366' title='bbox 1765 3925 1946 3978; x_wconf 88' lang='lat' dir='ltr'>rebus</span> <span class='ocrx_word' id='word_1_367' title='bbox 1990 3925 2143 3980; x_wconf 90' lang='lat' dir='ltr'>aliis.</span> 
     </span>
    </p>
   </div>
   <div class='ocr_carea' id='block_1_58' title="bbox 487 4003 2147 4082">
    <p class='ocr_par' dir='ltr' id='par_1_58' title="bbox 487 4003 2147 4082">
     <span class='ocr_line' id='line_1_58' title="bbox 487 4003 2147 4082; baseline 0.008 -27"><span class='ocrx_word' id='word_1_368' title='bbox 487 4003 762 4072; x_wconf 88' lang='lat' dir='ltr'>Patriam,</span> <span class='ocrx_word' id='word_1_369' title='bbox 794 4019 913 4057; x_wconf 90' lang='lat' dir='ltr'>non</span> <span class='ocrx_word' id='word_1_370' title='bbox 953 4006 1148 4060; x_wconf 89' lang='lat' dir='ltr'>minus</span> <span class='ocrx_word' id='word_1_371' title='bbox 1179 4023 1366 4078; x_wconf 91' lang='lat' dir='ltr'>regno</span> <span class='ocrx_word' id='word_1_372' title='bbox 1412 4009 1649 4064; x_wconf 88' lang='lat' dir='ltr'>charam</span> <span class='ocrx_word' id='word_1_373' title='bbox 1679 4012 1817 4080; x_wconf 90' lang='lat' dir='ltr'>sibi,</span> <span class='ocrx_word' id='word_1_374' title='bbox 1850 4015 2147 4082; x_wconf 86' lang='lat' dir='ltr'>praecipue</span> 
     </span>
    </p>
   </div>
   <div class='ocr_carea' id='block_1_59' title="bbox 491 4092 2148 4167">
    <p class='ocr_par' dir='ltr' id='par_1_59' title="bbox 491 4092 2148 4167">
     <span class='ocr_line' id='line_1_59' title="bbox 491 4092 2148 4167; baseline 0.006 -21"><span class='ocrx_word' id='word_1_375' title='bbox 491 4107 672 4146; x_wconf 88' lang='lat' dir='ltr'>causa</span> <span class='ocrx_word' id='word_1_376' title='bbox 701 4092 906 4162; x_wconf 87' lang='lat' dir='ltr'>probae</span> <span class='ocrx_word' id='word_1_377' title='bbox 938 4095 1157 4165; x_wconf 88' lang='lat' dir='ltr'>gentis,</span> <span class='ocrx_word' id='word_1_378' title='bbox 1191 4111 1366 4166; x_wconf 89' lang='lat' dir='ltr'>quam</span> <span class='ocrx_word' id='word_1_379' title='bbox 1395 4098 1764 4167; x_wconf 86' lang='lat' dir='ltr'>principibus</span> <span class='ocrx_word' id='word_1_380' title='bbox 1795 4103 2046 4155; x_wconf 90' lang='lat' dir='ltr'>terrenis</span> <span class='ocrx_word' id='word_1_381' title='bbox 2077 4103 2148 4155; x_wconf 82' lang='lat' dir='ltr'>ﬁ-</span> 
     </span>
    </p>
   </div>
   <div class='ocr_carea' id='block_1_60' title="bbox 488 4181 2149 4259">
    <p class='ocr_par' dir='ltr' id='par_1_60' title="bbox 488 4181 2149 4259">
     <span class='ocr_line' id='line_1_60' title="bbox 488 4181 2149 4259; baseline 0.005 -25"><span class='ocrx_word' id='word_1_382' title='bbox 488 4181 642 4250; x_wconf 88' lang='lat' dir='ltr'>dam,</span> <span class='ocrx_word' id='word_1_383' title='bbox 676 4181 922 4237; x_wconf 69' lang='lat' dir='ltr'>culturm</span> <span class='ocrx_word' id='word_1_384' title='bbox 977 4182 1196 4237; x_wconf 86' lang='lat' dir='ltr'>Christi</span> <span class='ocrx_word' id='word_1_385' title='bbox 1245 4186 1414 4239; x_wconf 89' lang='lat' dir='ltr'>valde</span> <span class='ocrx_word' id='word_1_386' title='bbox 1462 4186 1714 4240; x_wconf 80' lang='lat' dir='ltr'>deditam</span> <span class='ocrx_word' id='word_1_387' title='bbox 1771 4194 2034 4259; x_wconf 90' lang='lat' dir='ltr'>noverat,</span> <span class='ocrx_word' id='word_1_388' title='bbox 2092 4191 2149 4243; x_wconf 88' lang='lat' dir='ltr'>in</span> 
     </span>
    </p>
   </div>
   <div class='ocr_carea' id='block_1_61' title="bbox 491 4271 1383 4341">
    <p class='ocr_par' dir='ltr' id='par_1_61' title="bbox 491 4271 1383 4341">
     <span class='ocr_line' id='line_1_61' title="bbox 491 4271 1383 4341; baseline 0.003 -17"><span class='ocrx_word' id='word_1_389' title='bbox 491 4272 648 4324; x_wconf 86' lang='lat' dir='ltr'>statu</span> <span class='ocrx_word' id='word_1_390' title='bbox 677 4286 851 4341; x_wconf 90' lang='lat' dir='ltr'>quem</span> <span class='ocrx_word' id='word_1_391' title='bbox 878 4271 1113 4327; x_wconf 88' lang='lat' dir='ltr'>volebat</span> <span class='ocrx_word' id='word_1_392' title='bbox 1141 4273 1383 4327; x_wconf 83' lang='lat' dir='ltr'>invenit.</span> 
     </span>
    </p>
   </div>
   <div class='ocr_carea' id='block_1_62' title="bbox 560 4393 2152 4470">
    <p class='ocr_par' dir='ltr' id='par_1_62' title="bbox 560 4393 2152 4470">
     <span class='ocr_line' id='line_1_62' title="bbox 560 4393 2152 4470; baseline 0.006 -22"><span class='ocrx_word' id='word_1_393' title='bbox 560 4393 786 4464; x_wconf 90' lang='lat' dir='ltr'>Optime</span> <span class='ocrx_word' id='word_1_394' title='bbox 830 4397 1066 4466; x_wconf 91' lang='lat' dir='ltr'>quidem</span> <span class='ocrx_word' id='word_1_395' title='bbox 1123 4403 1324 4468; x_wconf 78' lang='lat' dir='ltr'>egerat</span> <span class='ocrx_word' id='word_1_396' title='bbox 1381 4398 1438 4452; x_wconf 93' lang='lat' dir='ltr'>in</span> <span class='ocrx_word' id='word_1_397' title='bbox 1472 4401 1873 4470; x_wconf 90' lang='lat' dir='ltr'>gubernaculo</span> <span class='ocrx_word' id='word_1_398' title='bbox 1919 4404 2152 4458; x_wconf 89' lang='lat' dir='ltr'>domina</span> 
     </span>
    </p>
   </div>
   <div class='ocr_carea' id='block_1_63' title="bbox 492 4483 2156 4561">
    <p class='ocr_par' dir='ltr' id='par_1_63' title="bbox 492 4483 2156 4561">
     <span class='ocr_line' id='line_1_63' title="bbox 492 4483 2156 4561; baseline 0.005 -25"><span class='ocrx_word' id='word_1_399' title='bbox 492 4486 695 4538; x_wconf 90' lang='lat' dir='ltr'>nostra</span> <span class='ocrx_word' id='word_1_400' title='bbox 723 4483 1171 4555; x_wconf 74' lang='lat' dir='ltr'>Mathildis,jam</span> <span class='ocrx_word' id='word_1_401' title='bbox 1189 4487 1424 4540; x_wconf 90' lang='lat' dir='ltr'>nomine</span> <span class='ocrx_word' id='word_1_402' title='bbox 1444 4488 1743 4560; x_wconf 90' lang='lat' dir='ltr'>divulgato</span> <span class='ocrx_word' id='word_1_403' title='bbox 1761 4491 1986 4561; x_wconf 77' lang='lat' dir='ltr'>regina,</span> <span class='ocrx_word' id='word_1_404' title='bbox 2016 4496 2074 4546; x_wconf 89' lang='lat' dir='ltr'>et</span> <span class='ocrx_word' id='word_1_405' title='bbox 2100 4493 2156 4546; x_wconf 88' lang='lat' dir='ltr'>si</span> 
     </span>
    </p>
   </div>
   <div class='ocr_carea' id='block_1_64' title="bbox 493 4571 2154 4651">
    <p class='ocr_par' dir='ltr' id='par_1_64' title="bbox 493 4571 2154 4651">
     <span class='ocr_line' id='line_1_64' title="bbox 493 4571 2154 4651; baseline 0.005 -25"><span class='ocrx_word' id='word_1_406' title='bbox 493 4571 753 4626; x_wconf 90' lang='lat' dir='ltr'>nondum</span> <span class='ocrx_word' id='word_1_407' title='bbox 777 4577 1074 4626; x_wconf 90' lang='lat' dir='ltr'>coronata.</span> <span class='ocrx_word' id='word_1_408' title='bbox 1121 4575 1284 4628; x_wconf 88' lang='lat' dir='ltr'>Illius</span> <span class='ocrx_word' id='word_1_409' title='bbox 1315 4577 1684 4644; x_wconf 90' lang='lat' dir='ltr'>prudentiam</span> <span class='ocrx_word' id='word_1_410' title='bbox 1715 4578 1826 4632; x_wconf 93' lang='lat' dir='ltr'>viri</span> <span class='ocrx_word' id='word_1_411' title='bbox 1875 4581 2154 4651; x_wconf 64' lang='lat' dir='ltr'>adjuvere</span> 
     </span>
    </p>
   </div>
   <div class='ocr_carea' id='block_1_65' title="bbox 494 4660 2156 4739">
    <p class='ocr_par' dir='ltr' id='par_1_65' title="bbox 494 4660 2156 4739">
     <span class='ocr_line' id='line_1_65' title="bbox 494 4660 2156 4739; baseline 0.005 -25"><span class='ocrx_word' id='word_1_412' title='bbox 494 4660 744 4715; x_wconf 88' lang='lat' dir='ltr'>consilio</span> <span class='ocrx_word' id='word_1_413' title='bbox 784 4660 1105 4730; x_wconf 87' lang='lat' dir='ltr'>utilissimi,</span> <span class='ocrx_word' id='word_1_414' title='bbox 1143 4663 1202 4716; x_wconf 93' lang='lat' dir='ltr'>in</span> <span class='ocrx_word' id='word_1_415' title='bbox 1235 4663 1452 4733; x_wconf 87' lang='lat' dir='ltr'>quibus</span> <span class='ocrx_word' id='word_1_416' title='bbox 1485 4665 1676 4719; x_wconf 91' lang='lat' dir='ltr'>locum</span> <span class='ocrx_word' id='word_1_417' title='bbox 1710 4668 2010 4737; x_wconf 85' lang='lat' dir='ltr'>dignitatis</span> <span class='ocrx_word' id='word_1_418' title='bbox 2040 4670 2156 4739; x_wconf 91' lang='lat' dir='ltr'>pri-</span> 
     </span>
    </p>
   </div>
   <div class='ocr_carea' id='block_1_66' title="bbox 493 4749 2159 4822">
    <p class='ocr_par' dir='ltr' id='par_1_66' title="bbox 493 4749 2159 4822">
     <span class='ocr_line' id='line_1_66' title="bbox 493 4749 2159 4822; baseline 0.004 -18"><span class='ocrx_word' id='word_1_419' title='bbox 493 4766 651 4804; x_wconf 92' lang='lat' dir='ltr'>mum</span> <span class='ocrx_word' id='word_1_420' title='bbox 683 4749 916 4803; x_wconf 89' lang='lat' dir='ltr'>tenebat</span> <span class='ocrx_word' id='word_1_421' title='bbox 949 4749 1222 4820; x_wconf 82' lang='lat' dir='ltr'>Rogerus</span> <span class='ocrx_word' id='word_1_422' title='bbox 1253 4751 1324 4806; x_wconf 89' lang='lat' dir='ltr'>de</span> <span class='ocrx_word' id='word_1_423' title='bbox 1352 4753 2038 4822; x_wconf 79' lang='lat' dir='ltr'>Bellomonte,llumfridi</span> <span class='ocrx_word' id='word_1_424' title='bbox 2062 4758 2159 4811; x_wconf 88' lang='lat' dir='ltr'>ho-</span> 
     </span>
    </p>
   </div>
   <div class='ocr_carea' id='block_1_67' title="bbox 493 4839 2160 4910">
    <p class='ocr_par' dir='ltr' id='par_1_67' title="bbox 493 4839 2160 4910">
     <span class='ocr_line' id='line_1_67' title="bbox 493 4839 2160 4910; baseline 0.003 -17"><span class='ocrx_word' id='word_1_425' title='bbox 493 4839 671 4894; x_wconf 87' lang='lat' dir='ltr'>minis</span> <span class='ocrx_word' id='word_1_426' title='bbox 703 4839 1159 4910; x_wconf 89' lang='lat' dir='ltr'>generosissimi</span> <span class='ocrx_word' id='word_1_427' title='bbox 1192 4839 1452 4909; x_wconf 85' lang='lat' dir='ltr'>ﬁlius,ob</span> <span class='ocrx_word' id='word_1_428' title='bbox 1485 4843 1870 4897; x_wconf 88' lang='lat' dir='ltr'>maturitatem</span> <span class='ocrx_word' id='word_1_429' title='bbox 1893 4845 2160 4898; x_wconf 71' lang='lat' dir='ltr'>aavilibe—</span> 
     </span>
    </p>
   </div>
   <div class='ocr_carea' id='block_1_68' title="bbox 495 4927 2158 5000">
    <p class='ocr_par' dir='ltr' id='par_1_68' title="bbox 495 4927 2158 5000">
     <span class='ocr_line' id='line_1_68' title="bbox 495 4927 2158 5000; baseline 0.004 -19"><span class='ocrx_word' id='word_1_430' title='bbox 495 4929 620 4982; x_wconf 88' lang='lat' dir='ltr'>rior</span> <span class='ocrx_word' id='word_1_431' title='bbox 649 4927 722 4980; x_wconf 91' lang='lat' dir='ltr'>ad</span> <span class='ocrx_word' id='word_1_432' title='bbox 739 4929 975 4998; x_wconf 89' lang='lat' dir='ltr'>negotia</span> <span class='ocrx_word' id='word_1_433' title='bbox 993 4945 1126 4998; x_wconf 65' lang='lat' dir='ltr'>qum</span> <span class='ocrx_word' id='word_1_434' title='bbox 1149 4929 1304 4982; x_wconf 91' lang='lat' dir='ltr'>domi</span> <span class='ocrx_word' id='word_1_435' title='bbox 1323 4933 1628 5000; x_wconf 89' lang='lat' dir='ltr'>geruntur.</span> <span class='ocrx_word' id='word_1_436' title='bbox 1645 4931 1790 4984; x_wconf 88' lang='lat' dir='ltr'>Filio</span> <span class='ocrx_word' id='word_1_437' title='bbox 1808 4933 2158 4987; x_wconf 87' lang='lat' dir='ltr'>adolescen-</span> 
     </span>
    </p>
   </div>
   <div class='ocr_carea' id='block_1_69' title="bbox 493 5016 2159 5088">
    <p class='ocr_par' dir='ltr' id='par_1_69' title="bbox 493 5016 2159 5088">
     <span class='ocr_line' id='line_1_69' title="bbox 493 5016 2159 5088; baseline 0.006 -20"><span class='ocrx_word' id='word_1_438' title='bbox 493 5016 556 5084; x_wconf 89' lang='lat' dir='ltr'>ti,</span> <span class='ocrx_word' id='word_1_439' title='bbox 575 5033 756 5086; x_wconf 90' lang='lat' dir='ltr'>super</span> <span class='ocrx_word' id='word_1_440' title='bbox 773 5016 948 5088; x_wconf 77' lang='lat' dir='ltr'>cujus</span> <span class='ocrx_word' id='word_1_441' title='bbox 964 5017 1302 5072; x_wconf 82' lang='lat' dir='ltr'>fortitudine</span> <span class='ocrx_word' id='word_1_442' title='bbox 1319 5019 1374 5071; x_wconf 93' lang='lat' dir='ltr'>in</span> <span class='ocrx_word' id='word_1_443' title='bbox 1397 5019 1600 5088; x_wconf 74' lang='lat' dir='ltr'>praelio</span> <span class='ocrx_word' id='word_1_444' title='bbox 1623 5025 1824 5074; x_wconf 88' lang='lat' dir='ltr'>contra</span> <span class='ocrx_word' id='word_1_445' title='bbox 1843 5022 2159 5077; x_wconf 90' lang='lat' dir='ltr'>Ileraldum</span> 
     </span>
    </p>
   </div>
   <div class='ocr_carea' id='block_1_70' title="bbox 495 5105 2157 5182">
    <p class='ocr_par' dir='ltr' id='par_1_70' title="bbox 495 5105 2157 5182">
     <span class='ocr_line' id='line_1_70' title="bbox 495 5105 2157 5182; baseline 0.005 -25"><span class='ocrx_word' id='word_1_446' title='bbox 495 5106 703 5173; x_wconf 89' lang='lat' dir='ltr'>paucis</span> <span class='ocrx_word' id='word_1_447' title='bbox 734 5105 1012 5175; x_wconf 87' lang='lat' dir='ltr'>diximus,</span> <span class='ocrx_word' id='word_1_448' title='bbox 1041 5107 1236 5162; x_wconf 79' lang='lat' dir='ltr'>officio</span> <span class='ocrx_word' id='word_1_449' title='bbox 1261 5108 1494 5161; x_wconf 89' lang='lat' dir='ltr'>militari</span> <span class='ocrx_word' id='word_1_450' title='bbox 1515 5109 1744 5162; x_wconf 90' lang='lat' dir='ltr'>tradito.</span> <span class='ocrx_word' id='word_1_451' title='bbox 1767 5110 1982 5163; x_wconf 85' lang='lat' dir='ltr'>Verum</span> <span class='ocrx_word' id='word_1_452' title='bbox 2003 5111 2157 5182; x_wconf 90' lang='lat' dir='ltr'>quod</span> 
     </span>
    </p>
   </div>
   <div class='ocr_carea' id='block_1_71' title="bbox 497 5190 2158 5262">
    <p class='ocr_par' dir='ltr' id='par_1_71' title="bbox 497 5190 2158 5262">
     <span class='ocr_line' id='line_1_71' title="bbox 497 5190 2158 5262; baseline 0.006 -19"><span class='ocrx_word' id='word_1_453' title='bbox 497 5190 723 5244; x_wconf 81' lang='lat' dir='ltr'>finitimi</span> <span class='ocrx_word' id='word_1_454' title='bbox 741 5194 1143 5250; x_wconf 90' lang='lat' dir='ltr'>incursionem</span> <span class='ocrx_word' id='word_1_455' title='bbox 1173 5198 1390 5250; x_wconf 91' lang='lat' dir='ltr'>nullam</span> <span class='ocrx_word' id='word_1_456' title='bbox 1433 5199 1563 5250; x_wconf 90' lang='lat' dir='ltr'>ausi</span> <span class='ocrx_word' id='word_1_457' title='bbox 1595 5197 1845 5262; x_wconf 87' lang='lat' dir='ltr'>fuerant,</span> <span class='ocrx_word' id='word_1_458' title='bbox 1882 5215 2011 5252; x_wconf 91' lang='lat' dir='ltr'>cum</span> <span class='ocrx_word' id='word_1_459' title='bbox 2045 5204 2158 5252; x_wconf 78' lang='lat' dir='ltr'>ter-</span> 
     </span>
    </p>
   </div>
   <div class='ocr_carea' id='block_1_72' title="bbox 497 5279 2152 5356">
    <p class='ocr_par' dir='ltr' id='par_1_72' title="bbox 497 5279 2152 5356">
     <span class='ocr_line' id='line_1_72' title="bbox 497 5279 2152 5356; baseline 0.006 -26"><span class='ocrx_word' id='word_1_460' title='bbox 497 5293 622 5330; x_wconf 88' lang='lat' dir='ltr'>ram</span> <span class='ocrx_word' id='word_1_461' title='bbox 653 5279 776 5332; x_wconf 86' lang='lat' dir='ltr'>fere</span> <span class='ocrx_word' id='word_1_462' title='bbox 809 5282 1094 5336; x_wconf 86' lang='lat' dir='ltr'>militibus</span> <span class='ocrx_word' id='word_1_463' title='bbox 1131 5285 1473 5338; x_wconf 76' lang='lat' dir='ltr'>exhaustam</span> <span class='ocrx_word' id='word_1_464' title='bbox 1507 5286 1747 5354; x_wconf 88' lang='lat' dir='ltr'>scirent,</span> <span class='ocrx_word' id='word_1_465' title='bbox 1783 5287 1910 5356; x_wconf 87' lang='lat' dir='ltr'>regi</span> <span class='ocrx_word' id='word_1_466' title='bbox 1941 5288 2152 5356; x_wconf 83' lang='lat' dir='ltr'>ipsius,</span> 
     </span>
    </p>
   </div>
   <div class='ocr_carea' id='block_1_73' title="bbox 500 5365 2156 5444">
    <p class='ocr_par' dir='ltr' id='par_1_73' title="bbox 500 5365 2156 5444">
     <span class='ocr_line' id='line_1_73' title="bbox 500 5365 2156 5444; baseline 0.007 -27"><span class='ocrx_word' id='word_1_467' title='bbox 500 5365 674 5434; x_wconf 72' lang='lat' dir='ltr'>cuius</span> <span class='ocrx_word' id='word_1_468' title='bbox 705 5369 1107 5423; x_wconf 89' lang='lat' dir='ltr'>reversionem</span> <span class='ocrx_word' id='word_1_469' title='bbox 1128 5373 1497 5438; x_wconf 88' lang='lat' dir='ltr'>verebantur,</span> <span class='ocrx_word' id='word_1_470' title='bbox 1523 5376 1712 5444; x_wconf 90' lang='lat' dir='ltr'>primo</span> <span class='ocrx_word' id='word_1_471' title='bbox 1738 5375 2156 5430; x_wconf 88' lang='lat' dir='ltr'>ascribendum</span> 
     </span>
    </p>
   </div>
   <div class='ocr_carea' id='block_1_74' title="bbox 499 5452 872 5508">
    <p class='ocr_par' dir='ltr' id='par_1_74' title="bbox 499 5452 872 5508">
     <span class='ocr_line' id='line_1_74' title="bbox 499 5452 872 5508; baseline 0.008 -3"><span class='ocrx_word' id='word_1_472' title='bbox 499 5452 872 5508; x_wconf 90' lang='lat' dir='ltr'>arbitramur.</span> 
     </span>
    </p>
   </div>
   <div class='ocr_carea' id='block_1_75' title="bbox 566 5577 2155 5641">
    <p class='ocr_par' dir='ltr' id='par_1_75' title="bbox 566 5577 2155 5641">
     <span class='ocr_line' id='line_1_75' title="bbox 566 5577 2155 5641; baseline 0.006 -10"><span class='ocrx_word' id='word_1_473' title='bbox 566 5577 655 5632; x_wconf 89' lang='lat' dir='ltr'>Ad</span> <span class='ocrx_word' id='word_1_474' title='bbox 688 5581 1021 5638; x_wconf 89' lang='lat' dir='ltr'>coenobium</span> <span class='ocrx_word' id='word_1_475' title='bbox 1055 5581 1282 5638; x_wconf 88' lang='lat' dir='ltr'>Sanctae</span> <span class='ocrx_word' id='word_1_476' title='bbox 1302 5585 1597 5640; x_wconf 86' lang='lat' dir='ltr'>Trinitatis</span> <span class='ocrx_word' id='word_1_477' title='bbox 1622 5587 1896 5641; x_wconf 87' lang='lat' dir='ltr'>Fiscanni</span> <span class='ocrx_word' id='word_1_478' title='bbox 1925 5587 2155 5640; x_wconf 86' lang='lat' dir='ltr'>Pascha</span> 
     </span>
    </p>
   </div>
   <div class='ocr_carea' id='block_1_76' title="bbox 492 5667 2154 5746">
    <p class='ocr_par' dir='ltr' id='par_1_76' title="bbox 492 5667 2154 5746">
     <span class='ocr_line' id='line_1_76' title="bbox 492 5667 2154 5746; baseline 0.005 -24"><span class='ocrx_word' id='word_1_479' title='bbox 492 5667 1680 5746; x_wconf 55' lang='lat' dir='ltr'>celebravitDominicumﬂcdemptorem</span> <span class='ocrx_word' id='word_1_480' title='bbox 1697 5676 2154 5730; x_wconf 86' lang='lat' dir='ltr'>resurrectionis</span> 
     </span>
    </p>
   </div>
   <div class='ocr_carea' id='block_1_77' title="bbox 485 5761 2156 5836">
    <p class='ocr_par' dir='ltr' id='par_1_77' title="bbox 485 5761 2156 5836">
     <span class='ocr_line' id='line_1_77' title="bbox 485 5761 2156 5836; baseline 0.004 -24"><span class='ocrx_word' id='word_1_481' title='bbox 485 5773 612 5814; x_wconf 82' lang='lat' dir='ltr'>suae</span> <span class='ocrx_word' id='word_1_482' title='bbox 641 5761 792 5827; x_wconf 87' lang='lat' dir='ltr'>festo</span> <span class='ocrx_word' id='word_1_483' title='bbox 819 5762 1339 5829; x_wconf 79' lang='lat' dir='ltr'>reverendissime</span> <span class='ocrx_word' id='word_1_484' title='bbox 1359 5765 1658 5820; x_wconf 83' lang='lat' dir='ltr'>lionorans</span> <span class='ocrx_word' id='word_1_485' title='bbox 1678 5783 1810 5820; x_wconf 90' lang='lat' dir='ltr'>cum</span> <span class='ocrx_word' id='word_1_486' title='bbox 1831 5766 2156 5836; x_wconf 88' lang='lat' dir='ltr'>frequentia</span> 
     </span>
    </p>
   </div>
   <div class='ocr_carea' id='block_1_78' title="bbox 2235 2197 3847 2268">
    <p class='ocr_par' dir='ltr' id='par_1_78' title="bbox 2235 2197 3847 2268">
     <span class='ocr_line' id='line_1_78' title="bbox 2235 2197 3847 2268; baseline 0.002 -19"><span class='ocrx_word' id='word_1_487' title='bbox 2235 2197 2646 2251; x_wconf 76' lang='lat' dir='ltr'>munificentiae</span> <span class='ocrx_word' id='word_1_488' title='bbox 2671 2198 3107 2268; x_wconf 67' lang='lat' dir='ltr'>notabant,quw</span> <span class='ocrx_word' id='word_1_489' title='bbox 3153 2199 3389 2252; x_wconf 88' lang='lat' dir='ltr'>reversi</span> <span class='ocrx_word' id='word_1_490' title='bbox 3421 2200 3652 2253; x_wconf 88' lang='lat' dir='ltr'>domum</span> <span class='ocrx_word' id='word_1_491' title='bbox 3681 2199 3744 2252; x_wconf 90' lang='lat' dir='ltr'>ob</span> <span class='ocrx_word' id='word_1_492' title='bbox 3771 2214 3847 2252; x_wconf 88' lang='lat' dir='ltr'>no-</span> 
     </span>
    </p>
   </div>
   <div class='ocr_carea' id='block_1_79' title="bbox 2236 2286 3847 2359">
    <p class='ocr_par' dir='ltr' id='par_1_79' title="bbox 2236 2286 3847 2359">
     <span class='ocr_line' id='line_1_79' title="bbox 2236 2286 3847 2359; baseline 0.001 -22"><span class='ocrx_word' id='word_1_493' title='bbox 2236 2286 2468 2338; x_wconf 88' lang='lat' dir='ltr'>vitatem</span> <span class='ocrx_word' id='word_1_494' title='bbox 2499 2286 2906 2355; x_wconf 65' lang='lat' dir='ltr'>praedicarent.</span> <span class='ocrx_word' id='word_1_495' title='bbox 2939 2289 3251 2355; x_wconf 76' lang='lat' dir='ltr'>(laetorum,</span> <span class='ocrx_word' id='word_1_496' title='bbox 3288 2288 3512 2342; x_wconf 90' lang='lat' dir='ltr'>talibus</span> <span class='ocrx_word' id='word_1_497' title='bbox 3541 2289 3704 2359; x_wconf 84' lang='lat' dir='ltr'>longe</span> <span class='ocrx_word' id='word_1_498' title='bbox 3730 2288 3847 2340; x_wconf 91' lang='lat' dir='ltr'>insi-</span> 
     </span>
    </p>
   </div>
   <div class='ocr_carea' id='block_1_80' title="bbox 2232 2377 3851 2447">
    <p class='ocr_par' dir='ltr' id='par_1_80' title="bbox 2232 2377 3851 2447">
     <span class='ocr_line' id='line_1_80' title="bbox 2232 2377 3851 2447; baseline 0.001 -20"><span class='ocrx_word' id='word_1_499' title='bbox 2232 2377 2519 2446; x_wconf 87' lang='lat' dir='ltr'>gniorem,</span> <span class='ocrx_word' id='word_1_500' title='bbox 2554 2379 2726 2446; x_wconf 89' lang='lat' dir='ltr'>atque</span> <span class='ocrx_word' id='word_1_501' title='bbox 2759 2377 2893 2445; x_wconf 88' lang='lat' dir='ltr'>plus</span> <span class='ocrx_word' id='word_1_502' title='bbox 2917 2377 3360 2429; x_wconf 88' lang='lat' dir='ltr'>memorandam</span> <span class='ocrx_word' id='word_1_503' title='bbox 3393 2377 3584 2446; x_wconf 81' lang='lat' dir='ltr'>ipsius</span> <span class='ocrx_word' id='word_1_504' title='bbox 3612 2377 3757 2447; x_wconf 85' lang='lat' dir='ltr'>regis</span> <span class='ocrx_word' id='word_1_505' title='bbox 3784 2391 3851 2428; x_wconf 89' lang='lat' dir='ltr'>co-</span> 
     </span>
    </p>
   </div>
   <div class='ocr_carea' id='block_1_81' title="bbox 2233 2464 3850 2536">
    <p class='ocr_par' dir='ltr' id='par_1_81' title="bbox 2233 2464 3850 2536">
     <span class='ocr_line' id='line_1_81' title="bbox 2233 2464 3850 2536; baseline -0.001 -19"><span class='ocrx_word' id='word_1_506' title='bbox 2233 2480 2493 2536; x_wconf 87' lang='lat' dir='ltr'>gnovere</span> <span class='ocrx_word' id='word_1_507' title='bbox 2527 2464 2911 2517; x_wconf 90' lang='lat' dir='ltr'>honestatem.</span> <span class='ocrx_word' id='word_1_508' title='bbox 2942 2465 3178 2517; x_wconf 64' lang='lat' dir='ltr'>:Estiva</span> <span class='ocrx_word' id='word_1_509' title='bbox 3209 2466 3307 2517; x_wconf 91' lang='lat' dir='ltr'>illa</span> <span class='ocrx_word' id='word_1_510' title='bbox 3333 2470 3393 2518; x_wconf 87' lang='lat' dir='ltr'>et</span> <span class='ocrx_word' id='word_1_511' title='bbox 3415 2469 3737 2519; x_wconf 88' lang='lat' dir='ltr'>autumnum</span> <span class='ocrx_word' id='word_1_512' title='bbox 3752 2481 3850 2534; x_wconf 87' lang='lat' dir='ltr'>par-</span> 
     </span>
    </p>
   </div>
   <div class='ocr_carea' id='block_1_82' title="bbox 2234 2553 3849 2624">
    <p class='ocr_par' dir='ltr' id='par_1_82' title="bbox 2234 2553 3849 2624">
     <span class='ocr_line' id='line_1_82' title="bbox 2234 2553 3849 2624; baseline -0.001 -18"><span class='ocrx_word' id='word_1_513' title='bbox 2234 2557 2468 2622; x_wconf 88' lang='lat' dir='ltr'>temque</span> <span class='ocrx_word' id='word_1_514' title='bbox 2529 2553 2740 2606; x_wconf 89' lang='lat' dir='ltr'>hiemis</span> <span class='ocrx_word' id='word_1_515' title='bbox 2791 2554 2947 2604; x_wconf 86' lang='lat' dir='ltr'>cirea</span> <span class='ocrx_word' id='word_1_516' title='bbox 2978 2569 3136 2606; x_wconf 87' lang='lat' dir='ltr'>mare</span> <span class='ocrx_word' id='word_1_517' title='bbox 3167 2555 3494 2624; x_wconf 83' lang='lat' dir='ltr'>transegit,</span> <span class='ocrx_word' id='word_1_518' title='bbox 3526 2559 3739 2624; x_wconf 89' lang='lat' dir='ltr'>tempus</span> <span class='ocrx_word' id='word_1_519' title='bbox 3766 2553 3849 2604; x_wconf 88' lang='lat' dir='ltr'>hoc</span> 
     </span>
    </p>
   </div>
   <div class='ocr_carea' id='block_1_83' title="bbox 2236 2641 3850 2712">
    <p class='ocr_par' dir='ltr' id='par_1_83' title="bbox 2236 2641 3850 2712">
     <span class='ocr_line' id='line_1_83' title="bbox 2236 2641 3850 2712; baseline 0 -18"><span class='ocrx_word' id='word_1_520' title='bbox 2236 2643 2438 2711; x_wconf 89' lang='lat' dir='ltr'>patriae</span> <span class='ocrx_word' id='word_1_521' title='bbox 2470 2641 2656 2695; x_wconf 90' lang='lat' dir='ltr'>amori</span> <span class='ocrx_word' id='word_1_522' title='bbox 2687 2657 2858 2694; x_wconf 91' lang='lat' dir='ltr'>omne</span> <span class='ocrx_word' id='word_1_523' title='bbox 2889 2641 3137 2696; x_wconf 89' lang='lat' dir='ltr'>donans.</span> <span class='ocrx_word' id='word_1_524' title='bbox 3157 2641 3299 2705; x_wconf 86' lang='lat' dir='ltr'>Quae</span> <span class='ocrx_word' id='word_1_525' title='bbox 3336 2658 3452 2696; x_wconf 90' lang='lat' dir='ltr'>nec</span> <span class='ocrx_word' id='word_1_526' title='bbox 3477 2643 3581 2695; x_wconf 86' lang='lat' dir='ltr'>hac</span> <span class='ocrx_word' id='word_1_527' title='bbox 3606 2657 3850 2712; x_wconf 87' lang='lat' dir='ltr'>mora,ne-</span> 
     </span>
    </p>
   </div>
   <div class='ocr_carea' id='block_1_84' title="bbox 2238 2729 3851 2801">
    <p class='ocr_par' dir='ltr' id='par_1_84' title="bbox 2238 2729 3851 2801">
     <span class='ocr_line' id='line_1_84' title="bbox 2238 2729 3851 2801; baseline 0 -19"><span class='ocrx_word' id='word_1_528' title='bbox 2238 2746 2350 2800; x_wconf 91' lang='lat' dir='ltr'>que</span> <span class='ocrx_word' id='word_1_529' title='bbox 2371 2729 2700 2799; x_wconf 89' lang='lat' dir='ltr'>superioris</span> <span class='ocrx_word' id='word_1_530' title='bbox 2725 2731 2860 2783; x_wconf 89' lang='lat' dir='ltr'>anni</span> <span class='ocrx_word' id='word_1_531' title='bbox 2897 2730 3265 2799; x_wconf 89' lang='lat' dir='ltr'>expeditione</span> <span class='ocrx_word' id='word_1_532' title='bbox 3298 2746 3452 2785; x_wconf 89' lang='lat' dir='ltr'>suas</span> <span class='ocrx_word' id='word_1_533' title='bbox 3475 2747 3615 2801; x_wconf 89' lang='lat' dir='ltr'>epes</span> <span class='ocrx_word' id='word_1_534' title='bbox 3635 2736 3851 2784; x_wconf 88' lang='lat' dir='ltr'>attenua-</span> 
     </span>
    </p>
   </div>
   <div class='ocr_carea' id='block_1_85' title="bbox 2239 2818 3852 2890">
    <p class='ocr_par' dir='ltr' id='par_1_85' title="bbox 2239 2818 3852 2890">
     <span class='ocr_line' id='line_1_85' title="bbox 2239 2818 3852 2890; baseline 0 -20"><span class='ocrx_word' id='word_1_535' title='bbox 2239 2822 2330 2872; x_wconf 90' lang='lat' dir='ltr'>tas</span> <span class='ocrx_word' id='word_1_536' title='bbox 2360 2818 2550 2872; x_wconf 88' lang='lat' dir='ltr'>fuisse</span> <span class='ocrx_word' id='word_1_537' title='bbox 2607 2819 2860 2872; x_wconf 89' lang='lat' dir='ltr'>dolebat.</span> <span class='ocrx_word' id='word_1_538' title='bbox 2923 2819 3003 2871; x_wconf 90' lang='lat' dir='ltr'>Ea</span> <span class='ocrx_word' id='word_1_539' title='bbox 3049 2819 3208 2872; x_wconf 91' lang='lat' dir='ltr'>illius</span> <span class='ocrx_word' id='word_1_540' title='bbox 3237 2821 3628 2890; x_wconf 88' lang='lat' dir='ltr'>temperantia</span> <span class='ocrx_word' id='word_1_541' title='bbox 3677 2819 3769 2872; x_wconf 83' lang='lat' dir='ltr'>fuit</span> <span class='ocrx_word' id='word_1_542' title='bbox 3803 2833 3852 2870; x_wconf 80' lang='lat' dir='ltr'>ac</span> 
     </span>
    </p>
   </div>
   <div class='ocr_carea' id='block_1_86' title="bbox 2241 2907 3853 2977">
    <p class='ocr_par' dir='ltr' id='par_1_86' title="bbox 2241 2907 3853 2977">
     <span class='ocr_line' id='line_1_86' title="bbox 2241 2907 3853 2977; baseline -0.001 -17"><span class='ocrx_word' id='word_1_543' title='bbox 2241 2908 2567 2976; x_wconf 86' lang='lat' dir='ltr'>prudentia.</span> <span class='ocrx_word' id='word_1_544' title='bbox 2603 2907 2882 2961; x_wconf 86' lang='lat' dir='ltr'>Militibus</span> <span class='ocrx_word' id='word_1_545' title='bbox 2913 2911 2969 2961; x_wconf 89' lang='lat' dir='ltr'>et</span> <span class='ocrx_word' id='word_1_546' title='bbox 2997 2907 3333 2977; x_wconf 90' lang='lat' dir='ltr'>hospitibus</span> <span class='ocrx_word' id='word_1_547' title='bbox 3370 2909 3601 2963; x_wconf 89' lang='lat' dir='ltr'>abunde</span> <span class='ocrx_word' id='word_1_548' title='bbox 3631 2913 3853 2977; x_wconf 86' lang='lat' dir='ltr'>sumplus</span> 
     </span>
    </p>
   </div>
   <div class='ocr_carea' id='block_1_87' title="bbox 2242 2995 3853 3068">
    <p class='ocr_par' dir='ltr' id='par_1_87' title="bbox 2242 2995 3853 3068">
     <span class='ocr_line' id='line_1_87' title="bbox 2242 2995 3853 3068; baseline -0.001 -19"><span class='ocrx_word' id='word_1_549' title='bbox 2242 2995 2700 3065; x_wconf 89' lang='lat' dir='ltr'>ministrabatur,</span> <span class='ocrx_word' id='word_1_550' title='bbox 2763 2995 2978 3050; x_wconf 91' lang='lat' dir='ltr'>nemini</span> <span class='ocrx_word' id='word_1_551' title='bbox 3030 3011 3237 3066; x_wconf 90' lang='lat' dir='ltr'>rapere</span> <span class='ocrx_word' id='word_1_552' title='bbox 3269 2997 3577 3068; x_wconf 89' lang='lat' dir='ltr'>quidpiam</span> <span class='ocrx_word' id='word_1_553' title='bbox 3613 2995 3853 3051; x_wconf 89' lang='lat' dir='ltr'>concede-</span> 
     </span>
    </p>
   </div>
   <div class='ocr_carea' id='block_1_88' title="bbox 2243 3084 3852 3158">
    <p class='ocr_par' dir='ltr' id='par_1_88' title="bbox 2243 3084 3852 3158">
     <span class='ocr_line' id='line_1_88' title="bbox 2243 3084 3852 3158; baseline -0.001 -21"><span class='ocrx_word' id='word_1_554' title='bbox 2243 3086 2434 3138; x_wconf 91' lang='lat' dir='ltr'>batur.</span> <span class='ocrx_word' id='word_1_555' title='bbox 2471 3084 2927 3138; x_wconf 89' lang='lat' dir='ltr'>Provincialium</span> <span class='ocrx_word' id='word_1_556' title='bbox 2973 3087 3095 3138; x_wconf 90' lang='lat' dir='ltr'>tuto</span> <span class='ocrx_word' id='word_1_557' title='bbox 3126 3089 3396 3139; x_wconf 87' lang='lat' dir='ltr'>armenta</span> <span class='ocrx_word' id='word_1_558' title='bbox 3427 3088 3519 3140; x_wconf 92' lang='lat' dir='ltr'>vel</span> <span class='ocrx_word' id='word_1_559' title='bbox 3548 3101 3748 3158; x_wconf 87' lang='lat' dir='ltr'>greges</span> <span class='ocrx_word' id='word_1_560' title='bbox 3775 3100 3852 3154; x_wconf 87' lang='lat' dir='ltr'>pa-</span> 
     </span>
    </p>
   </div>
   <div class='ocr_carea' id='block_1_89' title="bbox 2246 3175 3858 3244">
    <p class='ocr_par' dir='ltr' id='par_1_89' title="bbox 2246 3175 3858 3244">
     <span class='ocr_line' id='line_1_89' title="bbox 2246 3175 3858 3244; baseline -0.001 -18"><span class='ocrx_word' id='word_1_561' title='bbox 2246 3175 2582 3242; x_wconf 89' lang='lat' dir='ltr'>scebantur,</span> <span class='ocrx_word' id='word_1_562' title='bbox 2614 3188 2721 3228; x_wconf 90' lang='lat' dir='ltr'>seu</span> <span class='ocrx_word' id='word_1_563' title='bbox 2751 3189 2858 3244; x_wconf 89' lang='lat' dir='ltr'>per</span> <span class='ocrx_word' id='word_1_564' title='bbox 2885 3175 3254 3243; x_wconf 89' lang='lat' dir='ltr'>campestria,</span> <span class='ocrx_word' id='word_1_565' title='bbox 3291 3189 3408 3229; x_wconf 93' lang='lat' dir='ltr'>seu</span> <span class='ocrx_word' id='word_1_566' title='bbox 3439 3191 3546 3244; x_wconf 91' lang='lat' dir='ltr'>per</span> <span class='ocrx_word' id='word_1_567' title='bbox 3573 3179 3858 3244; x_wconf 83' lang='lat' dir='ltr'>tesqua,-se-</span> 
     </span>
    </p>
   </div>
   <div class='ocr_carea' id='block_1_90' title="bbox 2245 3262 3854 3333">
    <p class='ocr_par' dir='ltr' id='par_1_90' title="bbox 2245 3262 3854 3333">
     <span class='ocr_line' id='line_1_90' title="bbox 2245 3262 3854 3333; baseline -0.002 -18"><span class='ocrx_word' id='word_1_568' title='bbox 2245 3267 2414 3332; x_wconf 88' lang='lat' dir='ltr'>getes</span> <span class='ocrx_word' id='word_1_569' title='bbox 2447 3263 2656 3315; x_wconf 90' lang='lat' dir='ltr'>falcem</span> <span class='ocrx_word' id='word_1_570' title='bbox 2687 3262 2934 3316; x_wconf 88' lang='lat' dir='ltr'>cultoris</span> <span class='ocrx_word' id='word_1_571' title='bbox 2985 3263 3213 3316; x_wconf 85' lang='lat' dir='ltr'>intactae</span> <span class='ocrx_word' id='word_1_572' title='bbox 3245 3263 3688 3333; x_wconf 80' lang='lat' dir='ltr'>exspectabant,</span> <span class='ocrx_word' id='word_1_573' title='bbox 3741 3277 3854 3332; x_wconf 87' lang='lat' dir='ltr'>quas</span> 
     </span>
    </p>
   </div>
   <div class='ocr_carea' id='block_1_91' title="bbox 2247 3349 3856 3420">
    <p class='ocr_par' dir='ltr' id='par_1_91' title="bbox 2247 3349 3856 3420">
     <span class='ocr_line' id='line_1_91' title="bbox 2247 3349 3856 3420; baseline -0.002 -18"><span class='ocrx_word' id='word_1_574' title='bbox 2247 3366 2356 3403; x_wconf 92' lang='lat' dir='ltr'>nec</span> <span class='ocrx_word' id='word_1_575' title='bbox 2379 3350 2872 3419; x_wconf 85' lang='lat' dir='ltr'>attrivitsuperba</span> <span class='ocrx_word' id='word_1_576' title='bbox 2903 3351 3164 3420; x_wconf 89' lang='lat' dir='ltr'>equitum</span> <span class='ocrx_word' id='word_1_577' title='bbox 3192 3349 3550 3418; x_wconf 77' lang='lat' dir='ltr'>effusio,nec</span> <span class='ocrx_word' id='word_1_578' title='bbox 3581 3349 3856 3405; x_wconf 88' lang='lat' dir='ltr'>demessuit</span> 
     </span>
    </p>
   </div>
   <div class='ocr_carea' id='block_1_92' title="bbox 2247 3439 3857 3510">
    <p class='ocr_par' dir='ltr' id='par_1_92' title="bbox 2247 3439 3857 3510">
     <span class='ocr_line' id='line_1_92' title="bbox 2247 3439 3857 3510; baseline -0.001 -19"><span class='ocrx_word' id='word_1_579' title='bbox 2247 3439 2573 3508; x_wconf 89' lang='lat' dir='ltr'>pabulator.</span> <span class='ocrx_word' id='word_1_580' title='bbox 2633 3439 2819 3492; x_wconf 84' lang='lat' dir='ltr'>Homo</span> <span class='ocrx_word' id='word_1_581' title='bbox 2851 3439 3160 3492; x_wconf 91' lang='lat' dir='ltr'>imbecillis</span> <span class='ocrx_word' id='word_1_582' title='bbox 3183 3443 3279 3492; x_wconf 90' lang='lat' dir='ltr'>aut</span> <span class='ocrx_word' id='word_1_583' title='bbox 3314 3441 3566 3494; x_wconf 88' lang='lat' dir='ltr'>inermis</span> <span class='ocrx_word' id='word_1_584' title='bbox 3597 3456 3732 3510; x_wconf 89' lang='lat' dir='ltr'>equo</span> <span class='ocrx_word' id='word_1_585' title='bbox 3761 3453 3857 3490; x_wconf 87' lang='lat' dir='ltr'>can-</span> 
     </span>
    </p>
   </div>
   <div class='ocr_carea' id='block_1_93' title="bbox 2248 3526 3855 3598">
    <p class='ocr_par' dir='ltr' id='par_1_93' title="bbox 2248 3526 3855 3598">
     <span class='ocr_line' id='line_1_93' title="bbox 2248 3526 3855 3598; baseline -0.001 -19"><span class='ocrx_word' id='word_1_586' title='bbox 2248 3531 2377 3581; x_wconf 86' lang='lat' dir='ltr'>tans</span> <span class='ocrx_word' id='word_1_587' title='bbox 2411 3543 2523 3598; x_wconf 90' lang='lat' dir='ltr'>qua</span> <span class='ocrx_word' id='word_1_588' title='bbox 2555 3526 3101 3596; x_wconf 90' lang='lat' dir='ltr'>libuitvectabatur,</span> <span class='ocrx_word' id='word_1_589' title='bbox 3120 3530 3345 3582; x_wconf 89' lang='lat' dir='ltr'>turmas</span> <span class='ocrx_word' id='word_1_590' title='bbox 3369 3530 3616 3583; x_wconf 89' lang='lat' dir='ltr'>militum</span> <span class='ocrx_word' id='word_1_591' title='bbox 3631 3541 3855 3591; x_wconf 75' lang='lat' dir='ltr'>cernens,</span> 
     </span>
    </p>
   </div>
   <div class='ocr_carea' id='block_1_94' title="bbox 2253 3615 2736 3670">
    <p class='ocr_par' dir='ltr' id='par_1_94' title="bbox 2253 3615 2736 3670">
     <span class='ocr_line' id='line_1_94' title="bbox 2253 3615 2736 3670; baseline 0 -2"><span class='ocrx_word' id='word_1_592' title='bbox 2253 3631 2369 3670; x_wconf 92' lang='lat' dir='ltr'>non</span> <span class='ocrx_word' id='word_1_593' title='bbox 2383 3615 2736 3670; x_wconf 88' lang='lat' dir='ltr'>exhorrens.</span> 
     </span>
    </p>
   </div>
   <div class='ocr_carea' id='block_1_95' title="bbox 2281 3701 3858 3774">
    <p class='ocr_par' dir='ltr' id='par_1_95' title="bbox 2281 3701 3858 3774">
     <span class='ocr_line' id='line_1_95' title="bbox 2281 3701 3858 3774; baseline -0.002 -19"><span class='ocrx_word' id='word_1_594' title='bbox 2281 3723 2286 3730; x_wconf 85' lang='lat'><strong><em>-</em></strong></span> <span class='ocrx_word' id='word_1_595' title='bbox 2327 3704 2551 3758; x_wconf 88' lang='lat' dir='ltr'>Interea</span> <span class='ocrx_word' id='word_1_596' title='bbox 2587 3704 2936 3774; x_wconf 80' lang='lat' dir='ltr'>Bajocensis</span> <span class='ocrx_word' id='word_1_597' title='bbox 2955 3706 3174 3774; x_wconf 89' lang='lat' dir='ltr'>praesul</span> <span class='ocrx_word' id='word_1_598' title='bbox 3206 3705 3329 3759; x_wconf 92' lang='lat' dir='ltr'>Odo</span> <span class='ocrx_word' id='word_1_599' title='bbox 3364 3709 3422 3760; x_wconf 89' lang='lat' dir='ltr'>et</span> <span class='ocrx_word' id='word_1_600' title='bbox 3454 3706 3760 3760; x_wconf 85' lang='lat' dir='ltr'>Willelmus</span> <span class='ocrx_word' id='word_1_601' title='bbox 3784 3701 3858 3754; x_wconf 86' lang='lat' dir='ltr'>Os-</span> 
     </span>
    </p>
   </div>
   <div class='ocr_carea' id='block_1_96' title="bbox 2253 3791 3856 3865">
    <p class='ocr_par' dir='ltr' id='par_1_96' title="bbox 2253 3791 3856 3865">
     <span class='ocr_line' id='line_1_96' title="bbox 2253 3791 3856 3865; baseline -0.002 -20"><span class='ocrx_word' id='word_1_602' title='bbox 2253 3793 2421 3846; x_wconf 89' lang='lat' dir='ltr'>berni</span> <span class='ocrx_word' id='word_1_603' title='bbox 2449 3794 3022 3863; x_wconf 71' lang='lat' dir='ltr'>tilius,praefecturas</span> <span class='ocrx_word' id='word_1_604' title='bbox 3050 3795 3108 3847; x_wconf 93' lang='lat' dir='ltr'>in</span> <span class='ocrx_word' id='word_1_605' title='bbox 3138 3809 3323 3864; x_wconf 85' lang='lat' dir='ltr'>regno</span> <span class='ocrx_word' id='word_1_606' title='bbox 3359 3799 3604 3865; x_wconf 89' lang='lat' dir='ltr'>uterque</span> <span class='ocrx_word' id='word_1_607' title='bbox 3625 3791 3856 3848; x_wconf 83' lang='lat' dir='ltr'>suaslau-</span> 
     </span>
    </p>
   </div>
   <div class='ocr_carea' id='block_1_97' title="bbox 2255 3881 3860 3952">
    <p class='ocr_par' dir='ltr' id='par_1_97' title="bbox 2255 3881 3860 3952">
     <span class='ocr_line' id='line_1_97' title="bbox 2255 3881 3860 3952; baseline -0.003 -19"><span class='ocrx_word' id='word_1_608' title='bbox 2255 3881 2526 3935; x_wconf 90' lang='lat' dir='ltr'>dabiliter</span> <span class='ocrx_word' id='word_1_609' title='bbox 2555 3881 3044 3935; x_wconf 83' lang='lat' dir='ltr'>administrabant</span> <span class='ocrx_word' id='word_1_610' title='bbox 3072 3882 3363 3935; x_wconf 89' lang='lat' dir='ltr'>interdum</span> <span class='ocrx_word' id='word_1_611' title='bbox 3400 3883 3576 3936; x_wconf 89' lang='lat' dir='ltr'>simul</span> <span class='ocrx_word' id='word_1_612' title='bbox 3622 3882 3860 3952; x_wconf 79' lang='lat' dir='ltr'>agitantes</span> 
     </span>
    </p>
   </div>
   <div class='ocr_carea' id='block_1_98' title="bbox 2259 3966 3858 4040">
    <p class='ocr_par' dir='ltr' id='par_1_98' title="bbox 2259 3966 3858 4040">
     <span class='ocr_line' id='line_1_98' title="bbox 2259 3966 3858 4040; baseline -0.004 -18"><span class='ocrx_word' id='word_1_613' title='bbox 2259 3970 2428 4022; x_wconf 89' lang='lat' dir='ltr'>modo</span> <span class='ocrx_word' id='word_1_614' title='bbox 2459 3970 2703 4023; x_wconf 88' lang='lat' dir='ltr'>diversi.</span> <span class='ocrx_word' id='word_1_615' title='bbox 2747 3970 2806 4022; x_wconf 88' lang='lat' dir='ltr'>Si</span> <span class='ocrx_word' id='word_1_616' title='bbox 2839 3969 3071 4040; x_wconf 83' lang='lat' dir='ltr'>quando</span> <span class='ocrx_word' id='word_1_617' title='bbox 3118 3971 3504 4025; x_wconf 90' lang='lat' dir='ltr'>necessitudo</span> <span class='ocrx_word' id='word_1_618' title='bbox 3563 3966 3858 4040; x_wconf 78' lang='lat' dir='ltr'>postulabat,</span> 
     </span>
    </p>
   </div>
   <div class='ocr_carea' id='block_1_99' title="bbox 2258 4055 3860 4128">
    <p class='ocr_par' dir='ltr' id='par_1_99' title="bbox 2258 4055 3860 4128">
     <span class='ocr_line' id='line_1_99' title="bbox 2258 4055 3860 4128; baseline -0.004 -19"><span class='ocrx_word' id='word_1_619' title='bbox 2258 4057 2532 4111; x_wconf 89' lang='lat' dir='ltr'>festinam</span> <span class='ocrx_word' id='word_1_620' title='bbox 2580 4059 2726 4111; x_wconf 90' lang='lat' dir='ltr'>alter</span> <span class='ocrx_word' id='word_1_621' title='bbox 2786 4057 2952 4110; x_wconf 89' lang='lat' dir='ltr'>alteri</span> <span class='ocrx_word' id='word_1_622' title='bbox 3012 4056 3237 4110; x_wconf 88' lang='lat' dir='ltr'>ferebat</span> <span class='ocrx_word' id='word_1_623' title='bbox 3291 4073 3486 4128; x_wconf 90' lang='lat' dir='ltr'>opem.</span> <span class='ocrx_word' id='word_1_624' title='bbox 3521 4058 3632 4111; x_wconf 89' lang='lat' dir='ltr'>Per</span> <span class='ocrx_word' id='word_1_625' title='bbox 3663 4055 3860 4109; x_wconf 86' lang='lat' dir='ltr'>amicam</span> 
     </span>
    </p>
   </div>
   <div class='ocr_carea' id='block_1_100' title="bbox 2257 4145 3860 4216">
    <p class='ocr_par' dir='ltr' id='par_1_100' title="bbox 2257 4145 3860 4216">
     <span class='ocr_line' id='line_1_100' title="bbox 2257 4145 3860 4216; baseline -0.003 -16"><span class='ocrx_word' id='word_1_626' title='bbox 2257 4162 2372 4215; x_wconf 91' lang='lat' dir='ltr'>qua</span> <span class='ocrx_word' id='word_1_627' title='bbox 2399 4147 2630 4200; x_wconf 88' lang='lat' dir='ltr'>sincere</span> <span class='ocrx_word' id='word_1_628' title='bbox 2663 4147 3020 4201; x_wconf 87' lang='lat' dir='ltr'>voluntatem</span> <span class='ocrx_word' id='word_1_629' title='bbox 3052 4147 3508 4216; x_wconf 89' lang='lat' dir='ltr'>concordabant,</span> <span class='ocrx_word' id='word_1_630' title='bbox 3542 4145 3767 4214; x_wconf 88' lang='lat' dir='ltr'>amplius</span> <span class='ocrx_word' id='word_1_631' title='bbox 3783 4157 3860 4192; x_wconf 80' lang='lat' dir='ltr'>va-</span> 
     </span>
    </p>
   </div>
   <div class='ocr_carea' id='block_1_101' title="bbox 2257 4234 3860 4306">
    <p class='ocr_par' dir='ltr' id='par_1_101' title="bbox 2257 4234 3860 4306">
     <span class='ocr_line' id='line_1_101' title="bbox 2257 4234 3860 4306; baseline -0.003 -19"><span class='ocrx_word' id='word_1_632' title='bbox 2257 4234 2363 4288; x_wconf 91' lang='lat' dir='ltr'>luit</span> <span class='ocrx_word' id='word_1_633' title='bbox 2389 4235 2650 4304; x_wconf 84' lang='lat' dir='ltr'>prudens</span> <span class='ocrx_word' id='word_1_634' title='bbox 2684 4241 2900 4288; x_wconf 83' lang='lat' dir='ltr'>eorum‘</span> <span class='ocrx_word' id='word_1_635' title='bbox 2919 4235 3241 4306; x_wconf 90' lang='lat' dir='ltr'>vigilantia.</span> <span class='ocrx_word' id='word_1_636' title='bbox 3279 4236 3480 4290; x_wconf 87' lang='lat' dir='ltr'>Mutuo</span> <span class='ocrx_word' id='word_1_637' title='bbox 3524 4249 3672 4304; x_wconf 88' lang='lat' dir='ltr'>sese,</span> <span class='ocrx_word' id='word_1_638' title='bbox 3703 4244 3860 4301; x_wconf 84' lang='lat' dir='ltr'>regem</span> 
     </span>
    </p>
   </div>
   <div class='ocr_carea' id='block_1_102' title="bbox 2260 4320 3860 4394">
    <p class='ocr_par' dir='ltr' id='par_1_102' title="bbox 2260 4320 3860 4394">
     <span class='ocr_line' id='line_1_102' title="bbox 2260 4320 3860 4394; baseline -0.004 -18"><span class='ocrx_word' id='word_1_639' title='bbox 2260 4324 2564 4393; x_wconf 86' lang='lat' dir='ltr'>aequaliter</span> <span class='ocrx_word' id='word_1_640' title='bbox 2595 4323 2936 4393; x_wconf 88' lang='lat' dir='ltr'>diligebant,</span> <span class='ocrx_word' id='word_1_641' title='bbox 2971 4322 3176 4377; x_wconf 78' lang='lat' dir='ltr'>affectu</span> <span class='ocrx_word' id='word_1_642' title='bbox 3210 4324 3494 4378; x_wconf 89' lang='lat' dir='ltr'>ardebant</span> <span class='ocrx_word' id='word_1_643' title='bbox 3521 4323 3644 4394; x_wconf 86' lang='lat' dir='ltr'>pari</span> <span class='ocrx_word' id='word_1_644' title='bbox 3670 4320 3730 4373; x_wconf 90' lang='lat' dir='ltr'>ad</span> <span class='ocrx_word' id='word_1_645' title='bbox 3759 4333 3860 4371; x_wconf 87' lang='lat' dir='ltr'>coa-</span> 
     </span>
    </p>
   </div>
   <div class='ocr_carea' id='block_1_103' title="bbox 2263 4406 3861 4483">
    <p class='ocr_par' dir='ltr' id='par_1_103' title="bbox 2263 4406 3861 4483">
     <span class='ocr_line' id='line_1_103' title="bbox 2263 4406 3861 4483; baseline -0.006 -19"><span class='ocrx_word' id='word_1_646' title='bbox 2263 4412 2563 4466; x_wconf 91' lang='lat' dir='ltr'>tinendum</span> <span class='ocrx_word' id='word_1_647' title='bbox 2608 4413 2665 4465; x_wconf 94' lang='lat' dir='ltr'>in</span> <span class='ocrx_word' id='word_1_648' title='bbox 2721 4427 2866 4481; x_wconf 90' lang='lat' dir='ltr'>pace</span> <span class='ocrx_word' id='word_1_649' title='bbox 2912 4415 3147 4483; x_wconf 89' lang='lat' dir='ltr'>gentem</span> <span class='ocrx_word' id='word_1_650' title='bbox 3201 4411 3612 4480; x_wconf 84' lang='lat' dir='ltr'>Christianam,</span> <span class='ocrx_word' id='word_1_651' title='bbox 3661 4406 3861 4464; x_wconf 88' lang='lat' dir='ltr'>consilio</span> 
     </span>
    </p>
   </div>
   <div class='ocr_carea' id='block_1_104' title="bbox 2262 4497 3861 4570">
    <p class='ocr_par' dir='ltr' id='par_1_104' title="bbox 2262 4497 3861 4570">
     <span class='ocr_line' id='line_1_104' title="bbox 2262 4497 3861 4570; baseline -0.006 -17"><span class='ocrx_word' id='word_1_652' title='bbox 2262 4501 2408 4553; x_wconf 89' lang='lat' dir='ltr'>alter</span> <span class='ocrx_word' id='word_1_653' title='bbox 2421 4501 2665 4554; x_wconf 87' lang='lat' dir='ltr'>alterius</span> <span class='ocrx_word' id='word_1_654' title='bbox 2684 4501 3089 4570; x_wconf 69' lang='lat' dir='ltr'>mquanimiter</span> <span class='ocrx_word' id='word_1_655' title='bbox 3104 4501 3598 4554; x_wconf 87' lang='lat' dir='ltr'>assentiebantur.</span> <span class='ocrx_word' id='word_1_656' title='bbox 3614 4497 3861 4567; x_wconf 67' lang='lat' dir='ltr'>:Equitate</span> 
     </span>
    </p>
   </div>
   <div class='ocr_carea' id='block_1_105' title="bbox 2263 4585 3862 4660">
    <p class='ocr_par' dir='ltr' id='par_1_105' title="bbox 2263 4585 3862 4660">
     <span class='ocr_line' id='line_1_105' title="bbox 2263 4585 3862 4660; baseline -0.004 -19"><span class='ocrx_word' id='word_1_657' title='bbox 2263 4589 2576 4643; x_wconf 90' lang='lat' dir='ltr'>utebantur</span> <span class='ocrx_word' id='word_1_658' title='bbox 2606 4589 2877 4654; x_wconf 87' lang='lat' dir='ltr'>maxima,</span> <span class='ocrx_word' id='word_1_659' title='bbox 2909 4590 2992 4643; x_wconf 91' lang='lat' dir='ltr'>uti</span> <span class='ocrx_word' id='word_1_660' title='bbox 3022 4605 3130 4644; x_wconf 85' lang='lat' dir='ltr'>rex</span> <span class='ocrx_word' id='word_1_661' title='bbox 3178 4594 3625 4660; x_wconf 68' lang='lat' dir='ltr'>prmmonuerat,</span> <span class='ocrx_word' id='word_1_662' title='bbox 3656 4604 3754 4658; x_wconf 86' lang='lat' dir='ltr'>qua</span> <span class='ocrx_word' id='word_1_663' title='bbox 3780 4585 3862 4637; x_wconf 81' lang='lat' dir='ltr'>lio-</span> 
     </span>
    </p>
   </div>
   <div class='ocr_carea' id='block_1_106' title="bbox 2265 4669 3863 4748">
    <p class='ocr_par' dir='ltr' id='par_1_106' title="bbox 2265 4669 3863 4748">
     <span class='ocr_line' id='line_1_106' title="bbox 2265 4669 3863 4748; baseline -0.001 -20"><span class='ocrx_word' id='word_1_664' title='bbox 2265 4676 2454 4729; x_wconf 89' lang='lat' dir='ltr'>mines</span> <span class='ocrx_word' id='word_1_665' title='bbox 2487 4675 2652 4731; x_wconf 75' lang='lat' dir='ltr'>eti‘eri</span> <span class='ocrx_word' id='word_1_666' title='bbox 2709 4680 2764 4730; x_wconf 91' lang='lat' dir='ltr'>et</span> <span class='ocrx_word' id='word_1_667' title='bbox 2797 4676 3016 4730; x_wconf 91' lang='lat' dir='ltr'>inimici</span> <span class='ocrx_word' id='word_1_668' title='bbox 3067 4679 3511 4748; x_wconf 89' lang='lat' dir='ltr'>corrigerentur</span> <span class='ocrx_word' id='word_1_669' title='bbox 3549 4681 3601 4731; x_wconf 90' lang='lat' dir='ltr'>et</span> <span class='ocrx_word' id='word_1_670' title='bbox 3643 4669 3863 4729; x_wconf 80' lang='lat' dir='ltr'>benevoli</span> 
     </span>
    </p>
   </div>
   <div class='ocr_carea' id='block_1_107' title="bbox 2266 4764 3864 4836">
    <p class='ocr_par' dir='ltr' id='par_1_107' title="bbox 2266 4764 3864 4836">
     <span class='ocr_line' id='line_1_107' title="bbox 2266 4764 3864 4836; baseline -0.004 -19"><span class='ocrx_word' id='word_1_671' title='bbox 2266 4764 2490 4818; x_wconf 83' lang='lat' dir='ltr'>fierent.</span> <span class='ocrx_word' id='word_1_672' title='bbox 2527 4765 2668 4818; x_wconf 90' lang='lat' dir='ltr'>Item</span> <span class='ocrx_word' id='word_1_673' title='bbox 2700 4765 2964 4834; x_wconf 63' lang='lat' dir='ltr'>praefecti</span> <span class='ocrx_word' id='word_1_674' title='bbox 2994 4765 3272 4834; x_wconf 90' lang='lat' dir='ltr'>minores,</span> <span class='ocrx_word' id='word_1_675' title='bbox 3308 4767 3408 4819; x_wconf 89' lang='lat' dir='ltr'>ubi</span> <span class='ocrx_word' id='word_1_676' title='bbox 3439 4767 3681 4836; x_wconf 90' lang='lat' dir='ltr'>quisque</span> <span class='ocrx_word' id='word_1_677' title='bbox 3708 4764 3755 4815; x_wconf 90' lang='lat' dir='ltr'>in</span> <span class='ocrx_word' id='word_1_678' title='bbox 3777 4773 3864 4812; x_wconf 85' lang='lat' dir='ltr'>mu-</span> 
     </span>
    </p>
   </div>
   <div class='ocr_carea' id='block_1_108' title="bbox 2265 4851 3861 4922">
    <p class='ocr_par' dir='ltr' id='par_1_108' title="bbox 2265 4851 3861 4922">
     <span class='ocr_line' id='line_1_108' title="bbox 2265 4851 3861 4922; baseline -0.005 -15"><span class='ocrx_word' id='word_1_679' title='bbox 2265 4853 2589 4907; x_wconf 90' lang='lat' dir='ltr'>nitionibus</span> <span class='ocrx_word' id='word_1_680' title='bbox 2613 4853 2840 4908; x_wconf 91' lang='lat' dir='ltr'>locatus</span> <span class='ocrx_word' id='word_1_681' title='bbox 2859 4853 3068 4922; x_wconf 86' lang='lat' dir='ltr'>fuerat,</span> <span class='ocrx_word' id='word_1_682' title='bbox 3103 4857 3341 4908; x_wconf 84' lang='lat' dir='ltr'>strenue</span> <span class='ocrx_word' id='word_1_683' title='bbox 3364 4855 3658 4909; x_wconf 88' lang='lat' dir='ltr'>curabant.</span> <span class='ocrx_word' id='word_1_684' title='bbox 3691 4851 3861 4903; x_wconf 75' lang='lat' dir='ltr'>Verum</span> 
     </span>
    </p>
   </div>
   <div class='ocr_carea' id='block_1_109' title="bbox 2269 4941 3864 5012">
    <p class='ocr_par' dir='ltr' id='par_1_109' title="bbox 2269 4941 3864 5012">
     <span class='ocr_line' id='line_1_109' title="bbox 2269 4941 3864 5012; baseline -0.006 -17"><span class='ocrx_word' id='word_1_685' title='bbox 2269 4942 2463 5012; x_wconf 81' lang='lat' dir='ltr'>Angli,</span> <span class='ocrx_word' id='word_1_686' title='bbox 2500 4958 2689 5012; x_wconf 91' lang='lat' dir='ltr'>neque</span> <span class='ocrx_word' id='word_1_687' title='bbox 2720 4942 3027 5010; x_wconf 83' lang='lat' dir='ltr'>beneficio,</span> <span class='ocrx_word' id='word_1_688' title='bbox 3055 4957 3244 5012; x_wconf 89' lang='lat' dir='ltr'>neque</span> <span class='ocrx_word' id='word_1_689' title='bbox 3276 4943 3583 4998; x_wconf 89' lang='lat' dir='ltr'>formidine</span> <span class='ocrx_word' id='word_1_690' title='bbox 3600 4941 3864 4995; x_wconf 80' lang='lat' dir='ltr'>satiscocr-</span> 
     </span>
    </p>
   </div>
   <div class='ocr_carea' id='block_1_110' title="bbox 2268 5031 3860 5102">
    <p class='ocr_par' dir='ltr' id='par_1_110' title="bbox 2268 5031 3860 5102">
     <span class='ocr_line' id='line_1_110' title="bbox 2268 5031 3860 5102; baseline -0.002 -20"><span class='ocrx_word' id='word_1_691' title='bbox 2268 5032 2388 5084; x_wconf 89' lang='lat' dir='ltr'>ceri</span> <span class='ocrx_word' id='word_1_692' title='bbox 2406 5034 2693 5100; x_wconf 89' lang='lat' dir='ltr'>poterant,</span> <span class='ocrx_word' id='word_1_693' title='bbox 2716 5035 2777 5084; x_wconf 89' lang='lat' dir='ltr'>ut</span> <span class='ocrx_word' id='word_1_694' title='bbox 2808 5031 3060 5100; x_wconf 89' lang='lat' dir='ltr'>quietem</span> <span class='ocrx_word' id='word_1_695' title='bbox 3092 5047 3368 5084; x_wconf 89' lang='lat' dir='ltr'>serenam</span> <span class='ocrx_word' id='word_1_696' title='bbox 3398 5048 3568 5102; x_wconf 88' lang='lat' dir='ltr'>quam</span> <span class='ocrx_word' id='word_1_697' title='bbox 3598 5045 3688 5084; x_wconf 90' lang='lat' dir='ltr'>res</span> <span class='ocrx_word' id='word_1_698' title='bbox 3714 5038 3860 5082; x_wconf 74' lang='lat' dir='ltr'>novas</span> 
     </span>
    </p>
   </div>
   <div class='ocr_carea' id='block_1_111' title="bbox 2273 5119 3858 5190">
    <p class='ocr_par' dir='ltr' id='par_1_111' title="bbox 2273 5119 3858 5190">
     <span class='ocr_line' id='line_1_111' title="bbox 2273 5119 3858 5190; baseline -0.006 -19"><span class='ocrx_word' id='word_1_699' title='bbox 2273 5136 2337 5172; x_wconf 91' lang='lat' dir='ltr'>ac</span> <span class='ocrx_word' id='word_1_700' title='bbox 2367 5119 2634 5173; x_wconf 89' lang='lat' dir='ltr'>turbidas</span> <span class='ocrx_word' id='word_1_701' title='bbox 2665 5119 2924 5172; x_wconf 89' lang='lat' dir='ltr'>mallent.</span> <span class='ocrx_word' id='word_1_702' title='bbox 2947 5119 3327 5190; x_wconf 79' lang='lat' dir='ltr'>Consurgere</span> <span class='ocrx_word' id='word_1_703' title='bbox 3343 5120 3600 5189; x_wconf 90' lang='lat' dir='ltr'>palamin</span> <span class='ocrx_word' id='word_1_704' title='bbox 3620 5131 3758 5170; x_wconf 88' lang='lat' dir='ltr'>arma</span> <span class='ocrx_word' id='word_1_705' title='bbox 3773 5124 3858 5165; x_wconf 88' lang='lat' dir='ltr'>non</span> 
     </span>
    </p>
   </div>
   <div class='ocr_carea' id='block_1_112' title="bbox 2275 5199 3859 5278">
    <p class='ocr_par' dir='ltr' id='par_1_112' title="bbox 2275 5199 3859 5278">
     <span class='ocr_line' id='line_1_112' title="bbox 2275 5199 3859 5278; baseline -0.007 -17"><span class='ocrx_word' id='word_1_706' title='bbox 2275 5209 2592 5276; x_wconf 83' lang='lat' dir='ltr'>confidunt,</span> <span class='ocrx_word' id='word_1_707' title='bbox 2626 5208 2730 5262; x_wconf 91' lang='lat' dir='ltr'>sed</span> <span class='ocrx_word' id='word_1_708' title='bbox 2763 5208 3110 5278; x_wconf 86' lang='lat' dir='ltr'>regionatim</span> <span class='ocrx_word' id='word_1_709' title='bbox 3144 5208 3216 5261; x_wconf 91' lang='lat' dir='ltr'>de</span> <span class='ocrx_word' id='word_1_710' title='bbox 3247 5209 3446 5278; x_wconf 89' lang='lat' dir='ltr'>pravis</span> <span class='ocrx_word' id='word_1_711' title='bbox 3478 5199 3859 5276; x_wconf 49' lang='lat' dir='ltr'>conspirationi.</span> 
     </span>
    </p>
   </div>
   <div class='ocr_carea' id='block_1_113' title="bbox 2275 5285 3860 5367">
    <p class='ocr_par' dir='ltr' id='par_1_113' title="bbox 2275 5285 3860 5367">
     <span class='ocr_line' id='line_1_113' title="bbox 2275 5285 3860 5367; baseline -0.004 -17"><span class='ocrx_word' id='word_1_712' title='bbox 2275 5298 2388 5350; x_wconf 89' lang='lat' dir='ltr'>bus</span> <span class='ocrx_word' id='word_1_713' title='bbox 2419 5299 2686 5364; x_wconf 87' lang='lat' dir='ltr'>tractant,</span> <span class='ocrx_word' id='word_1_714' title='bbox 2750 5298 2802 5350; x_wconf 88' lang='lat' dir='ltr'>si</span> <span class='ocrx_word' id='word_1_715' title='bbox 2833 5298 3048 5367; x_wconf 91' lang='lat' dir='ltr'>quibus</span> <span class='ocrx_word' id='word_1_716' title='bbox 3107 5296 3254 5350; x_wconf 89' lang='lat' dir='ltr'>forte</span> <span class='ocrx_word' id='word_1_717' title='bbox 3286 5297 3436 5351; x_wconf 91' lang='lat' dir='ltr'>dolis</span> <span class='ocrx_word' id='word_1_718' title='bbox 3469 5295 3784 5367; x_wconf 74' lang='lat' dir='ltr'>pra-valeant</span> <span class='ocrx_word' id='word_1_719' title='bbox 3809 5285 3860 5338; x_wconf 78' lang='lat' dir='ltr'>ad</span> 
     </span>
    </p>
   </div>
   <div class='ocr_carea' id='block_1_114' title="bbox 2276 5375 3861 5454">
    <p class='ocr_par' dir='ltr' id='par_1_114' title="bbox 2276 5375 3861 5454">
     <span class='ocr_line' id='line_1_114' title="bbox 2276 5375 3861 5454; baseline -0.009 -14"><span class='ocrx_word' id='word_1_720' title='bbox 2276 5386 2628 5440; x_wconf 88' lang='lat' dir='ltr'>nocendum.</span> <span class='ocrx_word' id='word_1_721' title='bbox 2675 5385 2762 5438; x_wconf 87' lang='lat' dir='ltr'>Ad</span> <span class='ocrx_word' id='word_1_722' title='bbox 2800 5386 3018 5454; x_wconf 89' lang='lat' dir='ltr'>Danos,</span> <span class='ocrx_word' id='word_1_723' title='bbox 3053 5386 3143 5439; x_wconf 85' lang='lat' dir='ltr'>vel</span> <span class='ocrx_word' id='word_1_724' title='bbox 3176 5385 3309 5453; x_wconf 89' lang='lat' dir='ltr'>alio,</span> <span class='ocrx_word' id='word_1_725' title='bbox 3343 5387 3492 5440; x_wconf 92' lang='lat' dir='ltr'>unde</span> <span class='ocrx_word' id='word_1_726' title='bbox 3521 5383 3770 5438; x_wconf 85' lang='lat' dir='ltr'>auxilium</span> <span class='ocrx_word' id='word_1_727' title='bbox 3789 5375 3861 5427; x_wconf 85' lang='lat' dir='ltr'>ali-</span> 
     </span>
    </p>
   </div>
   <div class='ocr_carea' id='block_1_115' title="bbox 2279 5465 3860 5546">
    <p class='ocr_par' dir='ltr' id='par_1_115' title="bbox 2279 5465 3860 5546">
     <span class='ocr_line' id='line_1_115' title="bbox 2279 5465 3860 5546; baseline -0.009 -18"><span class='ocrx_word' id='word_1_728' title='bbox 2279 5481 2419 5546; x_wconf 88' lang='lat' dir='ltr'>quot</span> <span class='ocrx_word' id='word_1_729' title='bbox 2437 5479 2728 5546; x_wconf 79' lang='lat' dir='ltr'>Speratur,</span> <span class='ocrx_word' id='word_1_730' title='bbox 2762 5474 2991 5546; x_wconf 89' lang='lat' dir='ltr'>legatos</span> <span class='ocrx_word' id='word_1_731' title='bbox 3021 5475 3336 5528; x_wconf 86' lang='lat' dir='ltr'>missilant.</span> <span class='ocrx_word' id='word_1_732' title='bbox 3371 5474 3532 5528; x_wconf 85' lang='lat' dir='ltr'>Ultro</span> <span class='ocrx_word' id='word_1_733' title='bbox 3559 5474 3613 5525; x_wconf 92' lang='lat' dir='ltr'>in</span> <span class='ocrx_word' id='word_1_734' title='bbox 3640 5465 3860 5524; x_wconf 81' lang='lat' dir='ltr'>exsilium</span> 
     </span>
    </p>
   </div>
   <div class='ocr_carea' id='block_1_116' title="bbox 2282 5551 3856 5635">
    <p class='ocr_par' dir='ltr' id='par_1_116' title="bbox 2282 5551 3856 5635">
     <span class='ocr_line' id='line_1_116' title="bbox 2282 5551 3856 5635; baseline -0.011 -18"><span class='ocrx_word' id='word_1_735' title='bbox 2282 5566 2460 5635; x_wconf 87' lang='lat' dir='ltr'>aliqui</span> <span class='ocrx_word' id='word_1_736' title='bbox 2494 5562 2835 5634; x_wconf 88' lang='lat' dir='ltr'>profugiunt</span> <span class='ocrx_word' id='word_1_737' title='bbox 2854 5577 2968 5632; x_wconf 90' lang='lat' dir='ltr'>quo</span> <span class='ocrx_word' id='word_1_738' title='bbox 2991 5566 3261 5616; x_wconf 84' lang='lat' dir='ltr'>extorres</span> <span class='ocrx_word' id='word_1_739' title='bbox 3288 5563 3377 5616; x_wconf 86' lang='lat' dir='ltr'>vel</span> <span class='ocrx_word' id='word_1_740' title='bbox 3408 5577 3438 5615; x_wconf 91' lang='lat' dir='ltr'>a</span> <span class='ocrx_word' id='word_1_741' title='bbox 3467 5560 3724 5630; x_wconf 85' lang='lat' dir='ltr'>potestate</span> <span class='ocrx_word' id='word_1_742' title='bbox 3751 5551 3856 5604; x_wconf 72' lang='lat' dir='ltr'>Nor-</span> 
     </span>
    </p>
   </div>
   <div class='ocr_carea' id='block_1_117' title="bbox 2278 5637 3857 5719">
    <p class='ocr_par' dir='ltr' id='par_1_117' title="bbox 2278 5637 3857 5719">
     <span class='ocr_line' id='line_1_117' title="bbox 2278 5637 3857 5719; baseline -0.013 -9"><span class='ocrx_word' id='word_1_743' title='bbox 2278 5657 2692 5710; x_wconf 89' lang='lat' dir='ltr'>thmannorum</span> <span class='ocrx_word' id='word_1_744' title='bbox 2749 5651 2865 5704; x_wconf 92' lang='lat' dir='ltr'>sint</span> <span class='ocrx_word' id='word_1_745' title='bbox 2912 5650 3102 5715; x_wconf 90' lang='lat' dir='ltr'>liberi,</span> <span class='ocrx_word' id='word_1_746' title='bbox 3161 5652 3252 5704; x_wconf 90' lang='lat' dir='ltr'>vel</span> <span class='ocrx_word' id='word_1_747' title='bbox 3283 5652 3432 5706; x_wconf 90' lang='lat' dir='ltr'>aucti</span> <span class='ocrx_word' id='word_1_748' title='bbox 3472 5649 3667 5719; x_wconf 87' lang='lat' dir='ltr'>opibus</span> <span class='ocrx_word' id='word_1_749' title='bbox 3692 5637 3857 5696; x_wconf 87' lang='lat' dir='ltr'>alienis</span> 
     </span>
    </p>
   </div>
   <div class='ocr_carea' id='block_1_118' title="bbox 2281 5741 3036 5800">
    <p class='ocr_par' dir='ltr' id='par_1_118' title="bbox 2281 5741 3036 5800">
     <span class='ocr_line' id='line_1_118' title="bbox 2281 5741 3036 5800; baseline -0.008 0"><span class='ocrx_word' id='word_1_750' title='bbox 2281 5749 2484 5800; x_wconf 88' lang='lat' dir='ltr'>contra</span> <span class='ocrx_word' id='word_1_751' title='bbox 2511 5759 2616 5798; x_wconf 91' lang='lat' dir='ltr'>eos</span> <span class='ocrx_word' id='word_1_752' title='bbox 2649 5741 3036 5795; x_wconf 85' lang='lat' dir='ltr'>revertantur.</span> 
     </span>
    </p>
   </div>
  </div>
