4074 6150
220 347 393 411 1269

796 345 1147 410 ΑΡΡΕΝΙ).
1184 347 1229 411 Ι,
1271 378 1345 396 --
1382 347 1884 411 (ΞΕΝΕΑῐιΟϐΙι

1982 349 2255 414 )UCUM
2290 350 3104 415 NORTHMANNORUM.

3515 355 3671 418 1270

296 558 457 629 Regi
487 573 555 611 ea
598 561 946 629 tempestate
980 559 1336 614 Eustachius
1373 576 1574 614 comes
1632 560 1893 615 Boloniae
1921 541 1981 601 Α
2010 560 2181 628 plane
2213 558 2652 611 convincerem.
2687 558 2892 626 Neque
2950 557 3237 610 sententia
3270 557 3486 611 erravit
3517 558 3667 611 dicta

214 647 679 714 adversabatur,
733 648 831 718 qui
885 648 1069 701 ﬁlium
1127 649 1199 702 de
1239 649 1351 703 ﬁde
1409 654 1541 703 ante
1582 649 1802 703 bellum
1835 649 1892 701 in

210 736 654 790 Nerthmaunia
715 737 983 791 obsidem
1043 738 1302 791 dederat.
1339 738 1406 790 Ei
1444 738 1800 807 persuadent
1832 737 1891 790 hi

210 826 482 878 maxime
511 824 611 894 qui
639 824 908 879 Cantium
967 825 1308 891 inhabitant,
1348 827 1429 880 uti
1462 830 1718 880 castrum
1774 826 1890 879 llo-

203 928 423 966 veram
455 913 708 982 invadat,
742 914 893 983 ipsis
949 920 1121 967 utens
1155 914 1567 985 adjutoribus.
1606 914 1889 985 Equidem

206 1000 370 1070 fore,
399 1002 454 1054 si
502 1000 847 1055 ﬁrmissimo
892 1002 1022 1056 loco
1054 1002 1164 1056 hoc
1196 1003 1273 1056 sit
1302 1004 1519 1072 potitus
1554 1019 1683 1056 cum
1717 1007 1888 1072 portu

204 1088 472 1159 marino,
511 1092 567 1142 ut
598 1090 853 1157 potentia
889 1090 1022 1161 ejus
1054 1090 1227 1144 latius
1258 1091 1644 1159 distendatur,
1682 1091 1886 1160 sicque

202 1179 537 1247 potentiam
593 1177 1131 1232 Northmannorum
1181 1179 1522 1233 diminutam
1584 1180 1674 1233 iri.
1710 1180 1881 1248 Nam,

203 1266 352 1336 quia
392 1265 837 1320 Northmannos
869 1267 1067 1335 odere,
1103 1284 1233 1321 cum
1294 1267 1613 1321 Eustachio
1657 1268 1885 1336 pridem

201 1354 330 1406 sibi
363 1354 780 1408 inimicissimo
799 1356 1254 1410 concordaverc.
1290 1355 1438 1409 Eum
1453 1356 1708 1409 bellandi
1732 1357 1883 1423 peri-
1915 1396 1918 1398 η

200 1445 355 1510 tum,
389 1445 568 1512 atque
602 1442 659 1495 in
707 1443 909 1511 praelio
942 1443 1170 1497 felicem
1204 1444 1622 1514 experimentis
1657 1460 1882 1515 cogno-

199 1534 441 1584 verant.
478 1531 539 1583 Si
571 1534 695 1584 erat
726 1532 1106 1586 serviendum
1137 1549 1256 1587 non
1288 1534 1710 1602 compatriotae,
1744 1536 1880 1588 noto

199 1620 445 1672 servire
476 1623 651 1689 atque
699 1621 895 1674 vicino
953 1621 1141 1674 satius
1201 1621 1501 1693 putabant.
1560 1621 1789 1675 Accidit
1821 1626 1880 1675 ut

199 1709 454 1761 occasio
514 1709 799 1779 temporis
857 1714 1131 1763 eventum
1184 1710 1271 1764 rei
1327 1726 1503 1780 quam
1532 1709 1880 1765 affectabunt

196 1796 597 1865 promitteret.
636 1797 915 1851 Abierant
946 1799 1095 1851 ultra
1128 1799 1342 1853 flumen
1391 1799 1671 1852 Tamisim
1702 1799 1874 1868 primi

196 1884 552 1938 munitionis
570 1886 868 1953 custodes,
894 1888 1113 1955 praesul
1135 1887 1683 1958 Bajoccnsis,atque
1700 1888 1871 1958 Hugo

194 1973 271 2026 de
310 1973 672 2042 Monteforti,
708 1974 951 2028 militum
998 1980 1164 2044 parte
1198 1976 1405 2046 majori
1439 1991 1643 2029 secum
1674 1977 1865 2030 ducta.

195 2061 572 2115 Eustachius
596 2063 809 2132 itaque,
840 2067 1082 2132 accepto
1115 2066 1317 2118 nuntio
1351 2064 1698 2134 Anglorum,
1737 2080 1870 2117 cum

194 2150 333 2202 suis
368 2151 444 2203 ad
476 2165 581 2203 eos
620 2152 810 2205 nectis
861 2153 1173 2206 conticinio
1222 2153 1514 2221 transivit,
1549 2159 1609 2205 ut
1642 2154 1871 2207 incaute

195 2238 1243 2307 opprimeretCastellanoslllassem
1267 2242 1430 2294 duxit
1460 2242 1745 2295 militibus
1776 2242 1869 2294 dc-

190 2326 370 2379 lectis
416 2330 714 2380 oneratam
772 2328 997 2382 relictis
1051 2330 1221 2399 cquis
1282 2333 1495 2399 praeter
1555 2330 1867 2383 adimdum

195 2429 450 2483 paucos.
510 2415 732 2468 Vicinia
782 2418 975 2471 omnis
1008 2417 1192 2470 adfuit
1221 2422 1460 2486 armata,
1498 2420 1725 2472 auctior
1755 2435 1865 2472 nu-

194 2519 409 2556 merus
440 2519 511 2557 ex
538 2504 918 2559 ulterioribus
958 2507 1284 2569 accederet,
1320 2508 1373 2559 si
1421 2524 1583 2561 mora
1614 2508 1863 2562 biduaua

193 2592 438 2645 obsidio
462 2592 810 2647 traheretur.
836 2592 1127 2648 Caeterum
1159 2596 1483 2649 custodiam
1518 2596 1866 2651 invenerunt

194 2682 398 2734 minus
431 2682 704 2750 epinione
737 2683 1070 2747 remissam,
1108 2685 1241 2754 plus
1276 2690 1431 2738 metu
1462 2686 1533 2738 ad
1559 2686 1865 2739 defensan-

190 2769 333 2822 dum
370 2770 645 2823 validam.
697 2770 963 2840 Eripiunt
994 2772 1277 2827 velocitas
1323 2775 1480 2845 equi,
1515 2775 1714 2829 notitia
1744 2780 1864 2829 tra-

191 2858 384 2926 mitis,
417 2859 704 2929 navisque
738 2861 1013 2928 paratior.
1075 2862 1500 2916 Nobilissimus
1533 2867 1723 2918 autem
1757 2866 1865 2917 tiro

192 2962 392 3016 nepos
424 2946 558 3017 ejus
574 2949 1042 3017 comprehensus
1062 2956 1170 3005 est.
1197 2952 1372 3022 Angli
1396 2969 1500 3020 per
1521 2953 1864 3007 diverticula

194 3036 371 3104 plura
395 3050 465 3088 eo
500 3036 734 3090 facilius
770 3042 1107 3108 evaserunt,
1139 3056 1253 3110 quo
1269 3042 1463 3094 minus
1495 3043 1862 3096 commodum

194 3128 323 3176 erat
359 3124 637 3193 paucitati
670 3125 1136 3181 Castellanorum
1172 3129 1401 3199 insequi
1460 3146 1565 3198 per
1602 3131 1859 3185 diversa.

189 3213 335 3265 Jure
375 3212 432 3264 id
464 3212 782 3268 Eustachio
806 3216 1065 3270 dedecus
1088 3221 1261 3287 atque
1294 3219 1701 3272 detrimentum
1733 3238 1865 3273 con-

188 3301 343 3371 tigit.
372 3300 660 3370 Equidem
694 3302 745 3356 si
778 3306 1035 3359 rationes
1068 3321 1199 3375 quae
1231 3306 1362 3376 ejus
1397 3308 1477 3360 liti
1513 3313 1860 3362 controver—
1893 3335 1943 3395 Ο

187 3391 406 3442 santur
437 3389 863 3461 depromerem,
899 3395 1060 3464 regis
1092 3410 1224 3448 eum
1240 3395 1485 3465 gratiam
1509 3400 1679 3466 atque
1701 3398 1861 3470 regis

188 3478 349 3532 dono
384 3483 622 3547 accepta
654 3480 940 3534 beneﬁcia
970 3498 1043 3535 ex
1075 3498 1244 3553 aequo
1278 3485 1333 3537 et
1362 3484 1517 3538 bono
1550 3485 1665 3539 ami
1698 3486 1860 3542 sisse

2005 662 2305 701 consensu
2359 647 2678 716 Anglorum
2742 649 2798 699 et
2837 645 3156 715 Gallorum,
3218 661 3332 715 qua
3388 647 3460 699 de
3500 650 3666 700 reatu

2003 736 2183 789 multo
2216 736 2523 788 convictus
2555 738 2664 789 est.
2694 734 2809 787 Sed
2844 734 3200 801 parcendum
3218 735 3507 788 sentimus
3533 750 3663 804 per-

2001 842 2144 879 sona
2203 823 2577 877 multifariam
2636 824 2871 891 illustri,
2935 823 3131 877 comiti
3188 823 3505 893 nominato,
3563 823 3662 894 qui

2000 913 2417 968 reconciliatus
2450 928 2604 965 nunc
2636 912 2695 965 in
2726 913 3014 980 proximis
3048 912 3211 983 regis
3244 911 3587 966 honoratur.

2069 1003 2289 1056 Eodem
2308 1001 2432 1056 fere
2456 1005 2718 1069 tempore
2741 1000 2900 1054 Coxo
2924 1016 3143 1070 comes,
3165 1016 3341 1071 quem
3360 1001 3660 1071 placuisse

1996 1090 2419 1146 Northmannis
2478 1090 2758 1158 diximus,
2821 1096 3005 1143 morte
3040 1090 3253 1143 occidit
3283 1090 3574 1144 immerita
3604 1094 3661 1144 et

1994 1197 2168 1250 quam
2202 1180 2411 1233 deceat
2453 1181 2788 1249 propagari.
2834 1179 2909 1232 Ut
2938 1180 3117 1249 igitur
3145 1179 3304 1231 vivat
3334 1179 3465 1231 laus
3497 1178 3654 1249 ejus,

1992 1274 2165 1339 atque
2198 1284 2301 1338 per
2325 1268 2657 1336 exemplum
2682 1267 2975 1320 oriaturin
3005 1267 3337 1335 posthumis
3368 1267 3653 1320 innocen-

1993 1358 2068 1411 tia
2092 1357 2349 1411 defuncti
2392 1356 2604 1409 litteris
2653 1355 2891 1409 efﬁcere
2913 1355 3100 1424 juvat.
3137 1355 3421 1424 Prosapia
3452 1371 3519 1408 ac
3549 1370 3653 1424 pe-

1992 1450 2214 1501 tentatu
2251 1446 2486 1516 Anglus
2518 1444 2612 1496 hic
2663 1443 3194 1515 juxtaprzecelsus,
3252 1444 3444 1514 magis
3473 1444 3651 1496 animi

1988 1535 2395 1605 singularitatc
2427 1533 2732 1601 prudentis
2764 1537 2818 1586 et
2839 1532 3073 1586 omnino
3094 1532 3326 1586 honesti
3347 1532 3643 1586 excelluit.

1989 1625 2096 1677 Hic
2128 1623 2293 1695 regis
2326 1638 2566 1676 causam
2600 1626 2655 1675 et
2683 1622 2878 1690 ipsum
2907 1621 3109 1674 favore
3133 1621 3311 1674 multo
3334 1620 3642 1689 probabat.

1984 1713 2084 1768 Sui
2119 1729 2260 1767 vero
2294 1711 2583 1764 satellites
2614 1711 2688 1763 ab
2739 1711 2870 1779 ipso
2902 1709 3296 1776 dissidebant,
3326 1709 3646 1764 factionum

1984 1802 2285 1857 deterrimi
2306 1800 2569 1855 fautores
2603 1815 2669 1852 ac
2701 1798 2869 1853 socii.
2904 1798 3155 1852 Proinde
3188 1813 3320 1851 eum
3343 1797 3414 1851 ab
3447 1797 3642 1851 ofﬁcio
3712 1854 3721 1867 Ι

1983 1896 2383 1946 transvertere
2414 1889 2732 1957 tentabant,
2786 1903 2945 1956 smpe
2976 1889 3282 1939 monentes
3333 1885 3506 1956 quasi
3534 1901 3644 1955 per

1984 1980 2295 2033 amicitiam
2328 1979 2399 2032 de
2430 1978 2656 2048 privato
2688 1976 2930 2045 honore,
2984 1978 3045 2027 ut
3076 1975 3401 2029 libertatem
3433 1990 3465 2027 a
3508 1989 3642 2044 pro-

1979 2070 2107 2122 avis
2163 2067 2433 2121 traditam
2491 2064 2874 2132 defenderet;
2930 2078 3085 2117 nunc
3143 2063 3528 2129 obsecrantes
3559 2062 3640 2115 at-

1978 2173 2090 2227 que
2125 2157 2508 2222 obtestantes,
2570 2156 2846 2222 tanquam
2906 2152 3095 2223 gratia
3146 2167 3344 2204 rerum
3372 2150 3639 2221 publica-

1979 2263 2125 2315 rum,
2161 2250 2219 2298 ut
2243 2248 2558 2296 extraneos
2589 2243 2877 2294 deserens
2935 2241 3286 2308 optimorum
3335 2238 3639 2292 hominum

1977 2350 2101 2387 sua)
2125 2332 2377 2385 nationis
2400 2334 2455 2384 et
2476 2329 3009 2399 consanguinitatis
3042 2328 3399 2380 voluntatem
3431 2341 3637 2396 seque-

1974 2426 2153 2476 retur.
2188 2421 2340 2474 Sane
2372 2420 2593 2473 diutina
2618 2418 2898 2487 variaque
2932 2415 3244 2470 calliditate
3268 2415 3398 2468 haec
3421 2428 3638 2486 sugge-

1972 2512 2197 2578 rebant,
2220 2512 2276 2562 et
2294 2507 2637 2578 hujusmodi
2660 2508 2789 2559 alia.
2827 2505 2942 2559 Sed
2974 2505 3074 2558 ubi
3105 2507 3359 2558 mentem
3389 2503 3635 2556 ﬁrmiter

1973 2600 2031 2652 in
2062 2601 2262 2653 tenore
2293 2598 2427 2650 boni
2475 2596 2648 2648 ﬁxam
2709 2594 2899 2648 taliter
2957 2594 3256 2647 dimovere
3310 2596 3629 2662 nequeunt,

1976 2686 2501 2756 comprovinciales
2532 2684 2601 2736 ad
2638 2683 2916 2736 invidiam
2933 2684 3303 2735 concitavere
3334 2697 3509 2751 quam
3539 2697 3637 2735 ne-

1974 2777 2238 2829 cessario
2267 2774 2523 2844 placaret
2554 2772 2625 2824 ab
2658 2787 2803 2841 rege
2836 2771 3180 2824 deﬁciendo.
3206 2771 3514 2824 Postremo
3534 2785 3633 2824 au-

1975 2866 2255 2936 gescente
2288 2864 2346 2915 in
2365 2863 2492 2915 dies
2520 2860 2927 2915 malevolentia
2946 2860 3234 2929 ipsorum,
3265 2875 3397 2912 cum
3415 2858 3511 2913 ille
3532 2874 3633 2929 po-

1975 2953 2263 3022 pularium
2296 2952 2447 3019 odia,
2478 2965 2827 3020 omnemque
2858 2948 3137 3019 injuriam
3182 2947 3425 3017 perpeti,
3459 2963 3634 3017 quam

1973 3042 2363 3111 integritatem
2394 3039 2527 3092 ﬁdei
2550 3044 2837 3092 temerare
2872 3036 3088 3103 mallet,
3115 3052 3220 3105 per
3246 3035 3493 3089 insidias
3524 3050 3633 3104 op-

1971 3145 2249 3200 pressum
2272 3128 2639 3182 interfecere.
2662 3127 2743 3180 lta
2771 3126 3022 3179 eximius
3054 3125 3148 3177 vir
3170 3139 3280 3177 suo
3305 3124 3634 3195 casu,quod

1972 3219 2253 3288 majestas
2286 3217 2503 3271 domini
2530 3216 2621 3269 sui
2662 3218 2820 3269 stare
2851 3214 3090 3267 deberet
3122 3212 3401 3265 asseruit.

2041 3310 2193 3360 Sane
2214 3306 2523 3375 pontiﬁces
2541 3304 2777 3374 quidam
2796 3302 3083 3372 obsequio
3106 3299 3271 3370 regio
3294 3298 3628 3369 studebant,

1974 3396 2221 3449 maxime
2256 3394 2509 3448 Adclred
2541 3394 2761 3463 primas
2790 3389 3351 3445 Eboracencis.......
3384 3386 3629 3460 Reliqua

1973 3485 2185 3539 desunt
2225 3484 2285 3537 in
2325 3498 2433 3536 ms.
2462 3482 2695 3537 Codice.

180 3809 559 3922 APPE
581 3812 657 3920 Ν
675 3810 1072 3922 DICES
1104 3812 1298 3923 AD
1322 3810 1779 3926 GESTA
1816 3815 1990 3929 WI
2014 3816 2515 3927 LLELMI
2575 3813 3624 3955 CONQUESTORIS

1732 4051 2077 4059 .—

1553 4181 2045 4260 APPENDIX
2105 4180 2432 4261 PRIMA.

1126 4376 1275 4429 GEN
1288 4376 1612 4431 EALOGIA
1652 4376 1915 4431 DUCUM
1957 4376 2687 4432 NORTHMANNORUM.

1568 4550 1669 4604 Ex
1692 4550 1883 4605 veteri
1904 4551 2102 4607 codice
2122 4551 2239 4606 Ms.

1675 4728 2057 4741 ᾑ-

255 4869 431 4920 Anno
449 4865 768 4920 Dominicae
791 4865 1215 4919 lncarnationis
1237 4866 1650 4938 896,regnante
1676 4867 1849 4921 Fran-
1873 4855 1926 4914 D
1964 4869 2414 4941 Longa-Spatha
2445 4870 2651 4943 genuit
2668 4870 3029 4925 Richardum
3051 4870 3394 4925 senem.Hic
3416 4868 3622 4941 genuit

183 4971 395 5010 eorum
432 4971 573 5026 rege
604 4954 834 5023 Carolo,
866 4955 965 5023 qui
996 4954 1255 5023 Simplex
1285 4956 1610 5025 appellatus
1641 4960 1731 5010 est
1752 4958 1844 5025 pi—

182 5050 333 5097 ratae
347 5043 643 5097 Danorum
675 5058 750 5096 ex
780 5043 970 5095 insula
1001 5044 1260 5112 Scanzia,
1297 5060 1429 5115 quae
1479 5044 1841 5115 Northvega,

186 5133 426 5197 dicitur,
461 5133 721 5201 egressi,
755 5147 885 5184 cum
920 5131 978 5183 in
1010 5131 1257 5185 Francia
1295 5133 1472 5186 multa
1507 5133 1845 5203 gessissent

173 5220 449 5287 praeliare
473 5235 772 5291 gnumque
790 5220 1227 5287 devastassent,
1262 5221 1511 5274 Carolus
1526 5221 1845 5290 praedictus

185 5308 453 5377 acceptis
486 5308 912 5375 obsidibus,eis
938 5307 1270 5362 Ncustriam
1303 5309 1537 5363 tradidit
1569 5327 1741 5380 quam
1772 5312 1844 5365 ab

182 5395 315 5463 ipso
347 5398 609 5464 tempore
658 5400 1020 5449 vocaverunt
1050 5395 1552 5466 Northmanniam,
1585 5414 1652 5451 eo
1688 5400 1842 5468 quod

184 5484 256 5536 ab
278 5484 428 5552 ipsis
453 5485 549 5553 qui
583 5499 656 5536 ex
680 5484 1021 5553 Northvcga
1055 5488 1336 5538 venerant
1378 5501 1667 5554 possessa
1699 5490 1841 5541 erat.

186 5571 489 5624 ltobertus
523 5571 721 5641 igitur,
779 5572 944 5625 Rollo
978 5572 1190 5638 dictus,
1230 5575 1689 5643 eorumtprimus
1724 5579 1846 5629 erat

184 5661 305 5713 dux
336 5674 656 5729 comesque
687 5660 1149 5715 Northmanniaa.
1188 5663 1485 5716 liobertus
1507 5663 1620 5717 iste
1641 5666 1847 5735 genuit

186 5747 569 5814 Willelmum,
606 5748 705 5818 qui
764 5748 1207 5820 Longa-Spatlia
1252 5752 1702 5823 cognominatus
1730 5757 1841 5824 cst,

184 5851 360 5908 quem
391 5835 606 5894 Franci
661 5836 796 5894 dolo
840 5838 1198 5895 occiderunt.
1257 5839 1594 5897 Willelmus
1650 5845 1843 5900 autem

1963 4958 2160 5027 ﬁliam,
2196 4961 2428 5014 nomine
2460 4960 2742 5027 Emmam,
2767 4960 2837 5014 de
2856 4976 2970 5030 qua
2992 4964 3163 5013 natus
3186 4963 3279 5013 est
3307 4957 3620 5012 Eduardus

1963 5062 2069 5099 rex
2102 5048 2445 5118 Anglorum.
2481 5049 2813 5103 Hichardus
2845 5052 3037 5102 autem
3078 5064 3263 5102 senex
3292 5048 3497 5119 genuit
3527 5046 3623 5101 Ri-

1964 5133 2266 5188 chardum.
2305 5137 2791 5190 liichardusvero
2814 5136 3116 5190 secundus
3140 5138 3345 5208 genuit
3376 5134 3621 5191 Richar-

1965 5222 2352 5277 dumtertium
2386 5228 2440 5277 et
2472 5226 2813 5279 Robertum.
2852 5224 3185 5280 ltichardus
3209 5229 3400 5280 autem
3418 5226 3625 5297 genuit

1966 5311 2269 5364 Nicolaum
2285 5313 2482 5366 Sancti
2526 5313 2793 5367 Audocni
2823 5313 3114 5368 abbatem.
3153 5315 3449 5369 Hobertus
3480 5329 3622 5370 vero

1965 5400 3342 5472 genuitVVillelmumNothum,quipostmortem
3365 5403 3625 5459 Eduardi

1964 5488 2373 5542 transfretavit
2394 5490 2449 5542 in
2465 5490 2736 5561 Angliam
2750 5506 2904 5545 anno
2922 5492 3153 5547 Domini
3168 5493 3623 5565 1066,regnum-

1965 5596 2078 5649 que
2106 5578 2353 5631 obtinuit
2404 5577 2540 5647 jure
2598 5578 2994 5648 haereditario,
3058 5582 3193 5652 quia
3249 5583 3384 5653 ejus
3414 5585 3624 5638 atavus

1966 5666 2299 5722 ltichardus
2331 5680 2515 5718 senex
2545 5664 2752 5736 fuerat,
2787 5666 2965 5738 cujus
3009 5667 3213 5722 Emma
3242 5669 3359 5722 ﬁlia
3403 5670 3629 5727 Eduar-

1964 5756 2101 5811 dum
2130 5769 2335 5825 regem
2380 5757 2687 5826 genuerat.
2724 5753 3063 5810 Willelmus
3096 5757 3209 5811 iste
3236 5756 3475 5817 Nothus
3501 5766 3635 5819 tres

1963 5832 2127 5905 ﬁlios
2148 5844 2371 5915 habuit,
2413 5845 2736 5902 Robertum
2752 5843 3097 5901 videlicetet
3118 5843 3502 5912 Willelmum
3520 5853 3648 5911 Ru-

3130 6090 3435 6132 ,μ
