4074 6150
439 356 593 419 1271
1118 354 1627 417 APPENDICES
1658 356 1767 416 AD
1821 356 2078 418 GESTA
2109 355 2515 420 WILLELMI
2558 351 3194 431 CONQUESTORIS.
3687 358 3814 418 1272

455 556 578 609 fum
632 556 805 625 atque
846 552 1188 622 Henricum,
1238 569 1310 606 ex
1368 553 1644 607 Mathilda
1690 554 1807 607 ﬁlia
1839 553 2104 606 Balduini
2126 568 2182 631 Α
2213 553 2541 607 transmisit
2573 554 2633 607 in
2664 554 2938 625 Angliam
2972 557 3027 607 et
3077 553 3545 607 Northmanniam
3575 570 3694 608 cum
3720 557 3816 609 An-

444 640 675 697 comitis
701 640 1007 707 Flandriae,
1042 639 1140 710 qui
1161 641 1429 709 sepultus
1452 644 1542 693 est
1562 640 1714 709 apud
1751 640 2096 693 Insulanum
2214 642 2337 713 glia
2367 642 2635 696 obtinuit.
2697 642 2805 694 Hic
2837 643 3064 711 accepit
3094 642 3269 694 ﬁliam
3300 641 3657 695 Malcolumni
3684 646 3816 713 regis

439 730 737 801 oppidum.
762 729 1065 782 VVillelmo
1088 729 1283 782 Notho
1307 728 1604 796 defuncto,
1628 728 1966 781 Willelmus
1994 730 2104 783 Ru-
2215 730 2546 797 Scotorum,
2566 730 2800 783 nomine
2832 730 3370 800 Mathildam,quam
3401 734 3595 782 sancta
3626 731 3818 802 Marga-

436 820 537 874 fus
568 817 702 889 ejus
744 818 902 871 ﬁlius
956 833 1063 871 rex
1095 820 1329 871 creatus
1363 820 1453 871 est
1485 822 1539 870 et
1576 816 1871 871 Robertus
1903 832 2103 870 eomes
2215 822 2340 873 rcta
2367 818 2612 888 peperit,
2664 818 2857 887 neptis
2892 817 3145 871 Eduardi
3200 819 3360 888 regis
3390 817 3714 887 Anglorum,
3742 821 3821 888 qui

438 906 908 961 Northmannite.
936 905 1275 959 \Villelmus
1307 921 1451 976 ergo
1488 906 1681 959 Rufus
1707 921 1839 958 cum
1870 906 2103 959 essetin
2216 908 2325 961 fuit
2356 924 2463 961 rex
2493 910 2623 961 ante
2646 906 3013 960 \Villelmum
3036 906 3314 959 Nothum.
3334 906 3417 959 De
3448 907 3823 975 qua,videlicct

441 996 593 1051 silva
622 995 875 1048 venandi
907 1010 1106 1060 causa,
1156 994 1392 1064 quidam
1425 993 1557 1064 ejus
1610 994 1801 1062 miles,
1837 994 1974 1046 dum
2004 1010 2103 1047 sa-
2217 995 2526 1061 Mathilda,
2575 996 2893 1063 praedictus
2951 1009 3057 1047 rex
3091 994 3386 1047 Henricus
3430 994 3757 1049 \Villelmum
3780 1000 3825 1048 et

441 1084 585 1155 gitta
633 1099 872 1137 cervum
902 1083 1157 1151 appetiit,
1192 1098 1299 1151 pro
1332 1099 1508 1136 cervo
1540 1082 1735 1151 ipsum
1766 1098 1968 1152 regem
2000 1098 2103 1135 oc-
2227 1084 2563 1137 Mathildam
2607 1084 2829 1154 genuit,
2864 1099 3038 1153 quam
3095 1083 3431 1151 imperatori
3480 1083 3711 1137 Henrico
3739 1084 3822 1138 Ju-

444 1172 732 1236 cidit.Quo
756 1172 1049 1240 interfeto,
1080 1172 1377 1225 Robertus
1410 1172 1573 1242 regis
1604 1171 1807 1239 frater,
1832 1173 1932 1240 qui
1964 1186 2103 1223 suc-
2225 1173 2375 1226 niori
2405 1172 2581 1240 dedit,
2640 1187 2790 1225 anno
2848 1171 3078 1224 Domini
3128 1169 3281 1224 1110.
3343 1174 3511 1224 Anno
3542 1187 3669 1224 vero
3702 1170 3822 1237 1120,

444 1275 656 1315 cessor
685 1259 819 1330 ejus
850 1275 989 1313 esse
1020 1260 1239 1326 debuit,
1274 1262 1395 1313 tum
1428 1264 1554 1312 erat
1588 1259 2108 1329 Hicrosolymis,et
2217 1262 2353 1314 dum
2382 1260 2718 1314 Willelmus
2749 1259 3226 1313 aNorthmannia
3256 1259 3313 1311 in
3333 1258 3600 1330 Angliam
3618 1260 3826 1314 transite

446 1348 742 1403 Henricus
774 1347 956 1402 frater
986 1347 1119 1417 ejus
1155 1351 1208 1402 et
1241 1348 1414 1403 homo
1445 1347 1669 1418 injuste
1692 1364 1941 1418 regnum
1972 1347 2106 1417 ejus
2214 1349 2411 1413 vellet,
2444 1352 2667 1418 patrem
2720 1351 2966 1401 secutus
2999 1363 3131 1401 cum
3163 1347 3479 1401 comitibus
3510 1351 3562 1400 et
3592 1347 3825 1400 nobilium

444 1436 679 1492 invasit.
736 1438 992 1491 Roberto
1024 1440 1217 1491 autem
1246 1437 1396 1491 urbe
1450 1437 1782 1491 Jerusalem
1812 1438 1979 1505 capta
2010 1451 2107 1489 re-
2216 1437 2549 1508 Anglorum
2623 1437 2761 1490 ﬁliis
2832 1436 3169 1492 submersis
3209 1436 3406 1505 periit,
3451 1452 3552 1488 VIII
3588 1435 3699 1489 Kal.
3750 1436 3829 1489 Dc-

446 1540 684 1598 gresso,
718 1525 1013 1580 Henricus
1052 1541 1210 1579 mare
1246 1528 1598 1579 transmeato
1620 1524 1858 1578 fratrem
1881 1525 1940 1578 in
1959 1525 2107 1579 Nor-
2217 1525 2497 1593 cembris,

445 1613 745 1669 thmannia
801 1614 1159 1685 expugnavit
1216 1617 1272 1668 et
1317 1614 1450 1668 dolo
1510 1614 1704 1683 coepit,
1758 1618 2108 1684 captumque

770 1823 1242 1879 EPITAPHIUM
1275 1823 1670 1879 WILLELMI
1706 1822 1928 1879 DUClS
1966 1823 2685 1879 NORTHMANNORUM
2719 1825 2815 1879 ET
2848 1825 3067 1880 REGIS
3099 1822 3551 1879 ANGLORUM.

1448 1941 1627 2011 (Hist.
1653 1942 1772 1997 litt.
1818 1943 1892 1997 de
1922 1942 1975 1996 1a
2009 1941 2263 2012 France,
2297 1944 2434 1999 tom.
2466 1946 2612 2017 VIII,
2641 1964 2699 2018 p,
2732 1943 2893 2015 180.)

455 2165 566 2232 Qui
594 2163 746 2218 rexit
772 2162 1002 2234 rigidos
1042 2161 1484 2216 Northmannos
1516 2164 1690 2233 atque
1730 2164 2043 2218 Britannos
2148 2154 2194 2207 Β
2226 2164 2351 2217 Rex
2372 2178 2626 2233 magnus
2658 2177 2840 2230 parva
2866 2160 3028 2231 jacet
3052 2161 3110 2213 lii
3143 2160 3239 2213 hic
3269 2159 3610 2214 \Villelmus
3629 2161 3683 2214 in
3700 2178 3830 2228 urna,

526 2252 823 2307 Audacter
849 2251 1009 2319 vicit,
1044 2250 1273 2304 fortiter
1305 2251 1553 2305 obtinuit
1583 2268 1596 2321 ;
2293 2251 2523 2305 Sufﬁcit
2554 2254 2612 2305 et
2640 2265 2855 2320 magno
2896 2265 3076 2318 parva
3109 2249 3319 2302 domus
3352 2249 3605 2303 domino.

457 2342 529 2396 Et
556 2340 1036 2395 Cenomanenses
1061 2342 1272 2393 virtute
1295 2340 1561 2393 coercuit
1591 2354 1792 2408 enses,
2223 2339 2338 2392 Ter
2367 2344 2595 2408 septem
2652 2337 2939 2409 gradibus
2989 2352 3056 2390 se
3113 2336 3385 2390 volverat
3439 2340 3610 2407 atque
3646 2337 3835 2391 duobus

528 2430 883 2501 lmperiique
915 2428 1008 2483 sui
1038 2428 1205 2499 leges
1237 2428 1535 2497 applicuit.
2296 2427 2559 2498 Virginis
2592 2426 2650 2480 in
2683 2425 2929 2497 gremiis
2959 2424 3242 2493 Phaabus,
3276 2427 3335 2479 et
3362 2424 3460 2478 hic
3488 2424 3640 2480 abiit.

1925 2573 2360 2582 —————__.

1831 2658 2026 2701 ALIUD
2059 2657 2480 2703 EPITAPHIUM.

1520 2768 1638 2831 Ex
1668 2768 2083 2835 membrana
2111 2771 2334 2836 veteri
2368 2770 2545 2835 semz'
2555 2771 2812 2834 lacera.

1380 2906 1707 2973 (nucunsmn
1789 2908 1997 2976 script.
2088 2906 2231 2961 Her.
2305 2905 2510 2961 Norm.
2600 2920 2734 2975 pag.
2814 2901 2962 2971 317.)

1028 3028 1212 3097 Flete,
1246 3027 1377 3097 viri,
1412 3026 1608 3099 lugete
1639 3042 1943 3096 proceres,
1977 3028 2279 3083 resolutus
2321 3030 2414 3083 est
2446 3042 2550 3081 rex
2578 3028 2638 3080 in
2668 3027 2925 3079 cineres.

958 3126 1081 3179 Rex
1106 3126 1300 3179 editus
1330 3126 1401 3179 de
1428 3125 1661 3196 magnis
1692 3125 1962 3195 regibus,
1998 3141 2100 3179 rex
2131 3126 2464 3181 Willelmus
2496 3126 2554 3178 in
2583 3123 2735 3178 bello
2769 3122 3157 3189 fortissimus,

959 3222 1083 3276 Rex
1113 3220 1439 3291 Anglorum
1471 3224 1529 3273 et
1558 3221 1679 3273 dux
1712 3220 2177 3289 Nortbmanniaa,
2202 3220 2599 3275 Cenomannis
2623 3218 2899 3273 dominus
2932 3218 3154 3286 patriae.

1028 3318 1090 3371 In
1120 3317 1394 3373 omnibus
1425 3334 1557 3389 quae
1588 3319 1704 3372 sibi
1734 3320 1995 3375 subdidit
2027 3322 2084 3372 et
2115 3321 2171 3373 in
2203 3319 2420 3390 quibus
2444 3333 2509 3372 se
2541 3317 2772 3371 cunctis
2801 3315 3078 3385 praetulit,

955 3415 1100 3468 Plus
1132 3414 1381 3469 debetur
1409 3416 1613 3469 virtuti
1640 3418 1914 3487 propriae,
1951 3433 2125 3488 quam
2155 3415 2419 3470 millibus
2457 3428 2583 3466 suae
2616 3412 2855 3465 militiae.

962 3511 1175 3583 Magna
1205 3513 1395 3567 virtus
1427 3516 1481 3567 et
1504 3514 1808 3584 sapientia,
1843 3531 1955 3584 qua
1989 3514 2233 3585 regebat
2261 3516 2343 3567 tot
2365 3526 2519 3566 unus
2552 3510 2750 3563 millia.

1028 3607 1156 3659 Rex
1184 3606 1495 3679 Willelme,
1520 3612 1729 3678 potens
1762 3613 1817 3663 et
1852 3608 2087 3671 nobilis,
2123 3607 2274 3661 facta
2304 3606 2572 3675 probant,
2607 3603 2764 3674 quod
2796 3619 2861 3655 es
2894 3602 3229 3656 laudabilis.

956 3702 1150 3758 Scribi
1182 3705 1357 3759 debet
1386 3706 1446 3759 in
1476 3707 1714 3778 signum
1743 3706 2024 3776 posteris,
2060 3721 2172 3775 qua
2202 3704 2537 3773 praestabas
2568 3703 2779 3755 virtute
2814 3701 3071 3755 caeteris.

956 3799 1072 3856 Sed
1102 3803 1235 3872 quis
1268 3804 1478 3874 stylus,
1512 3808 1610 3858 aut
1639 3821 1770 3874 quae
1795 3803 2093 3872 facundia,
2126 3806 2374 3871 possent
2409 3802 2497 3855 ire
2528 3815 2634 3870 per
2662 3802 2745 3853 tot
2776 3798 3081 3869 insignia?

1024 3896 1090 3950 In
1121 3896 1305 3953 feroci
1336 3901 1703 3953 monstratur
1736 3898 1969 3969 Anglia,
1996 3900 2213 3966 praeter
2242 3896 2401 3949 mille
2430 3894 2694 3949 miranda
2728 3894 2952 3963 praelia,

953 3991 1155 4055 Qualis
1178 4008 1380 4047 comes
1411 3994 1469 4046 in
1498 3993 1915 4061 Cenomannia,
1951 3995 2204 4063 quantus
2236 3994 2398 4046 esset
2428 3992 2546 4045 dux
2568 3992 2625 4044 in
2658 3990 3104 4044 Northmannia.

957 4090 1087 4143 Rex
1116 4090 1189 4144 de
1220 4090 1368 4144 duce
1400 4106 1466 4144 se
1500 4090 1635 4144 fecit
1666 4096 1891 4159 postea,
1928 4088 2347 4161 dignissimum
2382 4089 2643 4142 Romana
2674 4088 2893 4140 laurea.

1023 4186 1184 4240 Gens
1216 4188 1565 4259 Anglorum,
1590 4187 1883 4241 turbastis
1912 4187 2259 4258 principem,
2292 4187 2390 4257 qui
2420 4186 2657 4240 virtutis
2688 4184 2917 4238 amabat
2961 4185 3277 4240 tramitem.

956 4276 1077 4329 Vos
1110 4276 1392 4330 sensistis
1423 4277 1563 4346 quid
1594 4280 1800 4346 posset
1842 4276 2056 4346 facere,
2091 4276 2191 4347 qui
2220 4276 2450 4329 solebat
2477 4290 2584 4344 per
2615 4290 2776 4327 arma
2807 4273 3067 4328 vincere.

952 4370 1231 4441 Magnum
1260 4372 1365 4425 fuit
1404 4371 1577 4426 vobis
1608 4373 1869 4441 exitium,
1906 4373 2013 4427 sed
2044 4372 2119 4425 ob
2148 4371 2335 4424 vestri
2367 4371 2533 4441 regis
2565 4368 2921 4439 perjurium.

1023 4468 1346 4537 Postquam
1383 4485 1491 4523 suo
1520 4469 1719 4540 junxit
1739 4469 2007 4539 imperio,
2041 4484 2153 4522 vos
2182 4469 2452 4521 tractavit
2485 4468 2655 4538 regni
2678 4466 2927 4537 judicio.

954 4564 1051 4617 Sic
1080 4564 1295 4619 devicit
1325 4569 1594 4636 potentes
1626 4568 1879 4638 Anglia),
1914 4567 2068 4637 quod
2100 4564 2343 4619 inclusit
2372 4565 2671 4633 superbos
2707 4564 2927 4619 Daniae.

954 4658 1205 4730 Magnus
1237 4661 1427 4716 honor
1454 4664 1525 4716 de
1557 4663 1661 4717 tali
1692 4663 1947 4731 domino,
1983 4677 2234 4733 magnus
2264 4660 2432 4714 dolor
2464 4661 2535 4714 de
2568 4661 2703 4714 vitae
2728 4663 3005 4716 termino.

1027 4757 1152 4809 Rex
1182 4757 1493 4829 Willelme,
1527 4764 1583 4815 te
1615 4761 1831 4815 claudit
1861 4760 2141 4827 tumulus,
2168 4758 2274 4812 sed
2298 4773 2404 4826 per
2436 4758 2642 4813 orbem
2675 4761 2729 4812 te
2760 4760 2985 4831 plangit
3015 4759 3287 4830 populus.

954 4853 1247 4925 Plangunt
1278 4871 1483 4910 omnes
1516 4856 1666 4911 facta
1697 4857 1960 4923 miriﬁca,
1986 4855 2314 4925 largitates,
2352 4853 2505 4908 bella
2534 4854 2800 4922 paciﬁca,

950 4949 1177 5015 Quanto
1208 4953 1400 5025 magis
1433 4954 1709 5008 labuntur
1737 4957 2018 5022 tempora,
2054 4954 2210 5005 tanto
2240 4952 2311 5005 dc
2344 4953 2398 5003 te
2422 4951 2723 5021 suspirant
2751 4956 3009 5022 pectora.

1022 5035 1308 5108 Quisquis
1331 5040 1440 5093 iret
1473 5056 1578 5110 per
1609 5044 1767 5095 tuam
1798 5041 2062 5110 patriam,
2090 5055 2208 5095 non
2240 5039 2480 5093 timebat
2508 5039 2699 5092 hostis
2730 5038 3029 5109 injuriam.

951 5125 1154 5180 Timor
1186 5143 1321 5181 eras
1352 5130 1409 5181 in
1434 5130 1821 5197 multitudine,
1859 5129 2150 5183 securitas
2179 5129 2239 5181 in
2273 5127 2607 5181 solitudine.

949 5215 1122 5270 Nunc
1150 5231 1223 5269 ex
1254 5217 1383 5288 lege
1414 5234 1530 5272 non
1561 5220 1961 5273 estsecuritas
1992 5233 2147 5271 nunc
2181 5216 2441 5270 defendit
2472 5231 2579 5269 sua
2612 5216 2937 5285 pluralitas.

1022 5303 1185 5359 Heu!
1220 5310 1354 5374 post
1387 5308 1525 5360 tanti
1560 5308 1847 5377 principis
1880 5307 2121 5373 obitum,
2159 5319 2427 5359 summus
2461 5304 2650 5357 honor
2679 5306 2863 5358 tendit
2895 5307 2966 5359 ad
2996 5306 3237 5360 exitum.

950 5390 1139 5443 Casus
1172 5395 1269 5448 ille
1296 5397 1664 5467 plangendus
1695 5397 1959 5463 nimium,
1992 5396 2091 5465 qui
2123 5394 2331 5448 honori
2365 5394 2604 5462 praestat
2628 5394 2924 5447 exsilium.

953 5476 1133 5534 Terra
1164 5485 1291 5537 suis
1326 5485 1527 5538 orbata
1557 5485 1807 5553 viribus,
1867 5499 2080 5553 pressa
2109 5483 2280 5553 jaces
2311 5482 2504 5551 longis
2536 5481 2919 5534 nueroribus.

1025 5566 1093 5624 Et
1126 5573 1355 5628 merito.
1419 5573 1566 5627 Nam
1597 5573 1739 5627 nulli
1797 5573 2013 5627 similis
2074 5571 2171 5624 ille
2217 5573 2446 5640 potens,
2480 5569 2576 5623 ille
2608 5569 2918 5623 mirabilis.
