4090 6162
174 412 341 473 1277

180 611 418 682 Burgus
440 612 494 663 et
528 606 792 661 Burnell.

182 698 339 768 [δι-εγ
373 701 431 751 et
462 696 760 750 Botterell.

176 787 347 839 Biset
377 788 433 838 et
464 786 692 837 Basset.

178 871 451 926 Malevile
482 875 537 925 et
560 870 774 924 Mallet.

180 961 430 1014 Bonevil
463 963 518 1013 et
559 960 759 1026 Bouet,

176 1049 385 1104 Nervi!
406 1052 462 1103 et
494 1048 733 1102 Narbet.

175 1140 382 1195 Coinel
417 1142 473 1192 et
504 1139 737 1193 Corbet.

174 1231 481 1284 Mountain
496 1233 552 1285 et
569 1229 1010 1285 Mount-licher.

173 1318 460 1372 Genevile
491 1322 544 1372 et
596 1318 833 1372 Gii‘l‘ard.

174 1412 295 1479 Sey
327 1413 383 1463 et
412 1409 678 1464 Seward.

166 1499 307 1554 Cari
337 1503 393 1552 et
424 1499 737 1552 Chaward.

192 1587 441 1641 Periton
472 1588 528 1640 et
559 1587 799 1657 Pipard.

182 1673 526 1729 Harecourt
556 1677 611 1728 et
642 1674 942 1729 Hansard.

174 1763 501 1832 Musgrave
533 1767 588 1815 et
620 1762 889 1819 Musard.

175 1852 340 1905 Mare
373 1855 430 1904 et
469 1852 856 1908 Mautrauers.

180 1942 371 1996 Fernz
404 1945 460 1996 et
490 1941 761 1996 Ferrem.

176 2030 459 2086 Barnevil
491 2035 545 2085 et
576 2032 849 2086 Berners.

172 2125 417 2196 Cheyne
448 2130 504 2180 et
531 2126 796 2180 Chalcrs.

180 2213 469 2268 Danudon
503 2220 559 2268 et
590 2215 921 2285 Daungers.

178 2304 397 2373 Vcscy,
448 2303 600 2379 (Eg-ay
640 2306 698 2357 et
731 2304 1101 2374 Graungern.

178 2394 429 2448 Bertran
452 2394 509 2445 ct
540 2392 747 2462 Bigod.

173 2482 389 2553 Trayly
423 2483 478 2535 et
506 2480 797 2552 Traygod.

178 2578 439 2631 Penbert
456 2580 511 2630 et
540 2576 730 2646 Pigot.

176 2665 374 2735 Freyn
406 2668 464 2718 et
483 2664 689 2719 Foliot.

578 407 941 470 APPEND.
976 407 1055 469 II.
1086 437 1165 453 --
1195 405 1658 469 MAGNATES
1688 405 2254 469 SUPERSTITES
2280 406 2515 469 ANNO
2548 407 2671 468 XX
2701 406 2956 472 REGNI
2982 408 3234 474 WlLL.

1364 602 1668 675 Dapisoun
1715 608 1771 660 et
1816 604 2042 673 Talbot,

1363 693 1664 748 Saurauer
1693 698 1750 748 et
1775 692 2087 748 Saunford.

1368 783 1538 853 Vagu
1567 785 1624 836 et
1656 782 1919 837 Vautort.

1365 871 1643 941 Montagu
1674 873 1730 924 et
1748 871 2117 925 Moundl‘ord.

1365 960 1634 1016 Forneus
1675 963 1732 1015 et
1778 959 2146 1016 Forneuous.

1366 1052 1605 1118 Valens,
1642 1052 1747 1106 Yle
1777 1054 1834 1105 et
1867 1051 2046 1104 Vaus.

1370 1139 1563 1194 Clarel
1594 1140 1650 1192 et
1671 1136 1937 1194 Claraus.

1367 1227 1618 1282 Aubevil
1649 1230 1705 1282 et
1734 1228 1888 1282 seint
1914 1228 2157 1283 Amous.

1366 1318 1532 1387 Agos
1562 1319 1618 1370 et
1648 1316 1945 1387 Dragous.

1369 1405 1673 1461 Malherbe
1712 1410 1768 1460 et
1818 1406 2077 1461 Maudut.

1369 1495 1615 1550 Brewes
1653 1499 1710 1549 et
1757 1495 2044 1550 Chaudut.

1368 1584 1491 1638 Fitz
1521 1583 1714 1638 Aures
1746 1587 1802 1637 et
1832 1582 1954 1638 Fitz
1986 1584 2058 1639 de
2087 1584 2233 1639 Lou.

1367 1675 1660 1729 Cantenor
1688 1676 1744 1727 et
1773 1671 2075 1726 Cantelou.

1369 1762 1616 1833 Brayfuf
1641 1765 1698 1815 et
1736 1760 2013 1815 Hulbins.

1369 1851 1629 1907 Bolebek
1660 1853 1713 1905 et
1740 1850 1992 1921 Molyns.

1369 1940 1625 1995 Moleton
1655 1942 1713 1993 et
1742 1938 1923 1993 Besil.

1374 2029 1677 2086 Rochford
1708 2031 1765 2082 et
1796 2028 2057 2083 Dosevil.

1369 2117 1661 2172 Watervil
1691 2119 1746 2170 et
1768 2116 1955 2170 Davil.

1367 2208 1599 2263 Nevers
1628 2207 1685 2260 et
1716 2205 1763 2257 N
1773 2204 1907 2259 evil.

1371 2297 1671 2366 Heynoys,
1732 2294 1909 2362 Burs,
1952 2294 2287 2348 Burdevon.

1371 2382 1615 2442 Ylebon.
1682 2380 2063 2449 Hyldebrond
2113 2383 2170 2434 et
2208 2381 2442 2437 Helion.

1367 2473 1565 2543 Loges
1598 2471 1655 2524 et
1674 2471 1831 2525 seint
1860 2470 2006 2524 Lou.

1368 2561 1622 2615 Mouban
1653 2563 1709 2614 et
1740 2558 1894 2613 seint
1916 2558 2128 2612 Malou.

1371 2650 1563 2703 Wake
1593 2653 1651 2703 et
1679 2646 1976 2701 Waheuil.

3482 409 3638 472 1778

2558 602 2827 676 Coudray
2858 608 2912 660 ct
2943 606 3173 661 Kncvil.

2558 693 2819 749 Scaliers
2852 699 2907 749 et
2936 695 3333 755 Cleremount.

2559 783 2793 838 Beomis
2824 786 2880 837 et
2921 785 3303 841 Beaumount.

2556 873 2769 928 Mouns
2791 877 2848 929 et
2878 875 3292 947 Mounchamp.

2552 962 2762 1033 Per-cy,
2795 962 2983 1018 Cruce
3002 967 3059 1019 et
3086 965 3261 1035 Lacy.

2551 1050 2778 1123 Quincy
2809 1056 2863 1107 et
2894 1052 3102 1124 Tracy.

2553 1137 2768 1191 Stcker
2797 1141 2852 1193 et
2874 1138 3137 1210 Somery.

2549 1226 2711 1281 Seint
2737 1226 2892 1281 John
2921 1230 2978 1282 et
2998 1232 3154 1286 seint
3180 1231 3308 1301 Jay.

2546 1316 2764 1388 Greyly
2787 1321 2843 1372 et
2874 1318 3029 1373 seint
3072 1320 3307 1389 Valery.

2549 1404 2806 1461 Nowers
2837 1411 2893 1461 et
2925 1408 3311 1479 Nowchamp.

2550 1494 2593 1547 P
2612 1494 2828 1565 inkeny
2856 1500 2912 1550 et
2942 1498 3185 1568 Pauely,

2547 1581 2825 1638 Monhaut
2858 1587 2914 1639 et
2944 1585 3310 1657 Monchensy

2548 1672 2775 1726 Louein
2805 1675 2861 1727 et
2909 1674 3092 1744 Lucy,

2544 1761 2724 1816 Artos
2746 1764 2804 1816 et
2834 1764 3007 1833 Arcy,

2545 1849 2743 1905 Grevil
2776 1853 2832 1906 et
2849 1850 3099 1922 σηοω-ογ,

2545 1940 2730 1993 Arras
2763 1943 2818 1994 et
2848 1939 3090 2011 Crossy,

2548 2026 2731 2082 Merle
2759 2030 2814 2082 et
2841 2029 3143 2099 Moubray,

2545 2117 2777 2190 Gornay
2807 2122 2862 2173 et
2894 2119 3226 2189 Courtenay

2548 2208 2901 2279 Haustlaing
2930 2209 2985 2259 ot
3007 2207 3261 2278 Tur-may,

2548 2297 2750 2351 Husee
2781 2300 2836 2350 et
2859 2298 3082 2368 Husay,

2547 2385 2977 2440 Pounchardon
3008 2390 3063 2440 et
3094 2387 3405 2458 Pomeray,

2461 2499 2465 2503 -
2558 2474 2846 2545 Longevil
2877 2477 2933 2528 et
2962 2475 3336 2546 Longespay,

2381 2552 2396 2568 °
2542 2561 2741 2631 Payns
2774 2563 2831 2615 et
2862 2562 3220 2635 Pontelarge

2547 2646 2839 2720 Straunge
2872 2652 2929 2703 et
2959 2648 3251 2722 Sauuage.

463 2954 635 3016 MAG
655 2954 927 3015 NATES
962 2954 1527 3017 SUPERSTITES
1551 2952 1787 3016 ANNO
1818 2953 1944 3013 XX
1973 2953 2234 3014 REGNI
2260 2953 2640 3018 WlLLEMI
2672 2954 3329 3034 CONQUESTORIS,

1186 3134 1268 3188 Et
1300 3134 1511 3206 quibus
1542 3135 1604 3188 in
1635 3132 2013 3189 comitatibus
2053 3140 2255 3189 terras
2297 3140 2631 3191 tenuerant.

243 3460 462 3516 Comes
532 3463 891 3517 Eustachius
936 3461 1084 3514 Kent
1112 3460 1258 3513 Sur-

172 3566 304 3620 rey,
340 3551 1058 3619 Hauischire,Somerset,
1103 3549 1257 3602 Her-

168 3637 311 3692 ford
346 3638 533 3694 Oxon.
558 3640 722 3709 Cant,
746 3640 924 3694 Hunt.
958 3638 1124 3692 Bedf.
1156 3636 1259 3692 Es-

170 3743 306 3795 sex,
334 3728 521 3782 Norl‘f.
554 3728 698 3782 Sul‘f.

146 3822 157 3833 '
252 3815 470 3871 Comes
504 3817 968 3872 Moritoniensis.
1004 3818 1253 3884 Sussex,

170 3906 418 3976 Surrey,
447 3906 621 3960 Bork.
648 3906 844 3974 VViltz,
874 3907 1107 3971 Dorset,
1142 3904 1253 3958 So-

175 3997 430 4062 merset,
481 3995 705 4048 Deuon.
748 3993 1065 4061 Cornubia,
1114 3994 1251 4049 Mid.

175 4081 479 4151 Hertford,
500 4082 684 4135 Buck.
700 4081 885 4135 Oxon.
910 4081 1071 4135 Gloc.
1089 4082 1250 4135 Cant.

177 4171 527 4240 Northamp.
563 4171 720 4224 Nott.
760 4169 936 4224 Ebor.
999 4169 1179 4223 Norff.

244 4262 459 4316 Comes
486 4260 557 4313 de
587 4259 712 4313 0w.
744 4259 965 4329 Suffex,
1002 4261 1179 4313 Hunt.

245 4350 462 4404 Comes
496 4350 790 4419 Rogerus.
826 4350 1073 4417 Sussex,
1107 4349 1254 4403 Sur-

169 4455 301 4508 rey,
338 4437 706 4506 Hampscire,
729 4436 895 4489 Wilt.
926 4438 1063 4491 Mid.
1093 4436 1258 4490 Hert-

182 4528 335 4581 ford.
368 4526 533 4581 Gloc.
579 4525 817 4596 Wigen.
856 4525 1018 4579 Cant.
1059 4526 1252 4578 Wari-

182 4615 363 4682 wich,
398 4612 560 4668 Stall'.
591 4613 786 4683 Salop.

255 4703 473 4757 Comes
530 4702 775 4756 Alanus.
844 4702 1254 4757 Hamteschire

179 4790 895 4859 Dorset,Hertford.Cant.
917 4791 1252 4859 Nothampt.

178 4880 358 4933 Derb.
394 4878 551 4932 Nott.
568 4877 745 4933 Ebor.
772 4878 1038 4933 Lincoln.
1059 4878 1256 4934 Essex

174 4964 363 5021 Norff.
385 4964 529 5020 Sul'f.

247 5056 464 5109 Comes
483 5055 1057 5126 Hugollamschire.
1076 5057 1252 5113 Berk.

178 5146 415 5210 Dorcet,
449 5144 770 5213 Somerset,
806 5145 1028 5200 Deuon.
1066 5146 1246 5199 Buck.

176 5232 367 5286 Oxon.
408 5232 570 5286 Gloc.
629 5233 807 5286 Hunt.
877 5233 1245 5304 Northumpt.

182 5320 472 5375 \Varwic.
487 5320 682 5391 Salop.
698 5322 1072 5376 Cestr.Dex-b.
1089 5323 1246 5378 Nott.

1376 3457 1679 3528 Roteland,
1736 3457 1912 3513 Ebor.
1976 3459 2205 3514 Linoln.
2248 3460 2433 3516 Nor-ﬂ.

1371 3543 1514 3601 Sul‘f.

1441 3633 1655 3687 Comes
1686 3632 2091 3688 Ebroicensis.
2122 3636 2257 3689 Ber.

1440 3722 1655 3777 Comes
1684 3723 2020 3779 Alhericus.
2070 3725 2237 3779 Wilt.
2290 3727 2439 3781 Nor-

1370 3812 1612 3882 thampt,
1647 3812 1913 3866 Lecestr.
1940 3812 2225 3867 Warwic.
2250 3813 2438 3869 Oxon.

1441 3899 1655 3953 Comes
1687 3900 1787 3954 Ivo
1819 3900 2132 3970 Taylebois
2173 3900 2439 3955 Lincoln.

1443 3987 1783 4042 Willelmus
1798 3987 1954 4042 illius
1969 3988 2222 4042 Asberni
2240 4003 2443 4043 comes

1375 4075 1763 4143 Herefordiaa,
1813 4078 2081 4130 mortuus
2110 4081 2298 4131 antea.

1445 4168 1572 4221 Ado
1587 4181 1788 4220 comes
1804 4164 2176 4234 Albemarlae,
2187 4170 2447 4222 mortuus

1370 4260 1558 4312 antea.

1448 4344 1738 4399 Radulfus
1809 4358 2012 4398 comes
2090 4342 2440 4416 Estunglim,

1376 4436 1643 4490 mor-tuus
1699 4437 1885 4488 antea.

1444 4523 1749 4579 Siwardus
1807 4528 2317 4595 comes,mortuus
2350 4540 2449 4578 an-

1375 4620 1620 4777 te{ilugo
1650 4705 1721 4759 de
1739 4705 2033 4760 Monlfort.
2063 4706 2235 4760 Kent.

1445 4793 1781 4847 Richardus
1812 4794 1967 4847 filius
1999 4793 2316 4848 Gisleberti
2340 4808 2436 4847 co-

1371 4880 1707 4936 mitisKent.
1723 4881 1891 4936 Surr.
1914 4881 2074 4937 Wilt.
2091 4882 2295 4936 Denon
2308 4882 2445 4935 Mid.

1442 4969 1631 5023 Hamo
1644 4968 1772 5023 vice
1790 4984 1990 5023 comes
2010 4968 2444 5023 Kanciae.Kent.

1367 5057 1541 5111 Surr.

1438 5145 1774 5200 Willelmus
1812 5145 1884 5199 de
1923 5144 2240 5215 Warenne,
2293 5144 2444 5200 Sus-

1365 5249 1493 5302 sex,
1529 5234 1721 5287 Hamt.

1438 5322 1774 5377 Willelmus
1806 5322 1877 5377 de
1908 5322 2440 5392 Braiosa.Sussex,

2552 3463 2718 3533 Surr,
2756 3464 2949 3519 Hamt.
2984 3465 3157 3519 Berk.
3200 3465 3359 3520 Wilt.
3408 3467 3621 3522 Dorso:

2622 3551 2954 3606 Willelmus
2978 3553 3136 3607 ﬁlius
3160 3554 3447 3608 Ausculﬂ.
3482 3554 3630 3609 Surr

2557 3638 2735 3694 Berk.
2771 3640 2908 3694 Mid.

2622 3729 2924 3783 Waltorus
2986 3729 3145 3785 ﬁlius
3188 3730 3409 3786 Otheri.
3457 3730 3627 3786 Surr.

2554 3816 2747 3872 Hamt.
2769 3818 2947 3873 Berk.
2984 3819 3121 3873 Mid.

2552 3906 2847 3961 Walterus
2867 3907 2941 3961 du
2964 3908 3185 3979 Duvay.
3206 3908 3373 3964 Surr.
3405 3910 3634 3965 Somet-

2555 3998 2664 4063 set,
2700 3994 2924 4049 Deuon.

2625 4083 2998 4138 Gislebertus
3058 4086 3214 4140 ﬁlius
3275 4088 3494 4142 Ricerii
3550 4089 3621 4144 de

2555 4172 2749 4245 Aigle.
2794 4172 2961 4227 Surr.

2625 4259 2978 4315 Goisfredus
3002 4260 3073 4314 de
3088 4260 3437 4316 Mannevile.
3458 4262 3623 4316 Surr.

2556 4349 2733 4402 Berk.
2786 4348 2923 4403 Mid.
2964 4349 3151 4403 Hertf.

2627 4435 2980 4492 Goisfredus
3030 4436 3302 4491 Orlatele.
3351 4436 3520 4492 Surr.

2630 4525 2928 4580 Robertus
2960 4524 3154 4580 Malet.
3188 4525 3364 4580 Surr.

2630 4614 2962 4669 Hunfridus
3024 4614 3418 4671 Camerarius.
3461 4616 3627 4670 Sorr.

2559 4704 2752 4758 Hamt.
2775 4704 2954 4759 Berk.
2981 4703 3369 4775 WiltDorset,
3391 4704 3625 4760 Somer-

2558 4795 2669 4847 set.

2629 4881 2920 4936 Radulfus
2950 4882 3021 4935 de
3044 4879 3334 4952 Filgeres.
3386 4880 3555 4935 Surr.

2555 4970 2850 5025 Aluredus
2870 4970 2941 5024 de
2974 4969 3283 5024 Merleber.
3324 4968 3493 5024 Surr.

2554 5059 2746 5113 Hamt.
2787 5059 2943 5113 Wilt.
2995 5059 3316 5114 Somerset.

2625 5149 2799 5219 Hugo
2830 5148 2900 5201 de
2932 5148 3086 5202 Port.
3127 5148 3318 5201 Hamt.
3346 5148 3520 5203 Berk.

2624 5236 2927 5289 Hubertus
2959 5237 3030 5289 de
3064 5237 3220 5290 Port.
3258 5236 3450 5292 Hamt.

2624 5324 2955 5380 Willelmus
2987 5325 3059 5379 de
3097 5326 3307 5397 Percy.
