4090 6162
444 368 600 432 1279
1079 374 1612 441 APPENDICES
1657 377 1759 438 AD
1803 379 2076 442 GESTA
2102 381 2534 446 WILLELMI
2577 386 3220 460 CONQUESTORIS
3705 400 3859 464 1280

450 554 744 567 —

754 553 3854 602 ..ἣ-..Ἢ

513 679 964 735 CATALOGUS
1011 681 1379 736 NOBILIUM
1409 683 1538 748 QUI
1573 685 2001 742 IMMEDIATE
2034 689 2350 746 ΡΗΡΕΟΙΑ
2406 691 2456 746 Α
2490 694 2692 749 REGE
2722 695 3277 762 CONQUESTORE
3305 704 3813 762 TENUERUNT.

802 832 900 885 Ex
932 832 1210 888 Censuali
1236 835 1472 906 Anglia)
1501 835 1677 908 libro,
1701 854 1866 910 quem
1897 841 2025 910 ipse
2055 841 2419 914 Conquestor
2448 863 2600 902 anno
2645 850 2820 920 regni
2847 851 2942 904 sui
2971 851 3058 905 20
3090 854 3297 907 confici
3315 854 3525 926 jussit.

1124 1125 1172 1176 A

447 1210 780 1265 Willelmus
812 1211 968 1265 ﬁlius
1005 1211 1292 1281 Ansculﬁ,

452 1298 779 1353 Willelmus
811 1299 1055 1355 Alisius.

449 1387 778 1442 Willelmus
822 1390 1148 1443 arcuarius.

440 1476 754 1531 Osbernus
779 1479 1208 1547 accipitrarius.

447 1565 775 1620 Willelmus
807 1566 963 1620 ﬁlius
995 1568 1168 1621 Azor.

439 1652 794 1709 Goscelinus
829 1655 984 1709 ﬁlius
1015 1657 1190 1710 Azor.

440 1741 568 1797 Gilo
601 1743 783 1797 frater
814 1745 1060 1798 Asculﬁ.

439 1832 676 1887 Aiulfus
721 1834 1074 1888 vicecomes.

441 1921 741 1976 Albertus.

452 2009 823 2064 Theodricus
871 2008 1190 2065 aurifaber.

450 2095 788 2166 Stephanus
815 2097 972 2152 ﬁlius
997 2099 1226 2152 Airardi

446 2184 742 2255 Regerius
766 2187 1050 2240 Arundel.

442 2273 747 2328 Robertus
769 2274 839 2328 de
871 2275 1228 2331 Albemarle.

447 2361 657 2415 Iluald.
681 2361 946 2416 Adobed.

444 2450 758 2519 Aiulphus.

440 2538 718 2608 Edgarus
777 2539 1054 2612 Adeling.

442 2626 716 2697 Nigellus
744 2628 815 2681 de
849 2630 1111 2700 Albigni.

442 2713 580 2768 Milo
617 2714 802 2770 frater
837 2718 1123 2770 Ansculﬁ.

441 2801 598 2857 Urso
629 2803 700 2857 de
731 2805 993 2859 Abetost.

457 2892 630 2966 Hugo
661 2895 906 2950 Asinus.

441 2981 627 3036 David
663 2983 734 3037 de
764 2984 1204 3059 Argentomago
1246 2987 1518 3060 [Augen-

513 3071 713 3142 tomo].

440 3159 736 3214 Henricus
769 3161 924 3215 ﬁlius
958 3164 1132 3217 Azor.

441 3247 739 3302 Robertus
771 3249 979 3303 Albus.

438 3336 736 3392 Walterus
769 3338 839 3392 de
866 3339 1126 3394 Aincurt.

437 3423 774 3481 Goiﬂ‘redus
798 3428 1045 3483 Alselin.

438 3512 746 3569 Osbernus
769 3515 840 3569 de
871 3517 1028 3570 Aris.

437 3601 560 3655 Odo
584 3603 1028 3658 Arbalistarius.

440 3688 721 3743 Normam
747 3691 818 3746 de
851 3693 1083 3749 Adreci.

439 3778 766 3849 Ansgotus.

443 3874 789 3933 Edmundus
816 3880 974 3936 ﬁlius
1007 3884 1222 3954 Algoti.

444 3966 789 4023 Hunfredus
815 3969 973 4025 ﬁlius
1009 3973 1286 4028 Alberici.

441 4055 764 4112 Aluredus.

441 4146 632 4200 Aldid.

438 4232 651 4290 Frodis
671 4236 856 4291 frater
869 4238 1120 4295 abbatis.

442 4322 774 4378 Willelmus
804 4323 875 4378 de
909 4325 1105 4381 Areis.

441 4411 592 4465 Alsi.

442 4499 724 4555 Rabellus
755 4501 986 4555 artifex.

440 4587 810 4644 Gislebertus
843 4592 1273 4648 arbalistarius.

438 4675 746 4730 Bernadus
794 4677 1221 4734 arbalistarius.

442 4765 732 4819 Radulfus
761 4765 1170 4821 arbalistarius

439 4854 736 4909 Robertus
769 4855 1202 4910 arbalistarius.

437 4941 809 4997 Gislebertus
844 4942 1002 4997 ﬁlius
1039 4943 1392 5000 Richeriide
1410 4948 1506 5000 Al-

509 5029 626 5101 gle.
725 5076 730 5080 .

1119 5121 1163 5173 Β

436 5205 768 5262 Willelmus
809 5209 880 5264 de
915 5209 1180 5264 Braiose.

438 5292 772 5349 Willelmus
817 5297 1103 5352 Bertram.

437 5383 810 5439 Gislebertus
836 5385 908 5438 de
944 5386 1256 5441 Bretevile.

438 5473 614 5544 Hugo
647 5472 801 5527 ﬁlius
829 5472 1150 5545 [Baldrici].

435 5560 772 5616 Willelmus
805 5562 960 5616 ﬁlius
995 5564 1280 5621 Baderon.

437 5652 768 5710 Willelmus
809 5653 992 5708 Belet.

1623 1127 1797 1199 Hugo
1829 1129 2141 1187 Barbatus.

1626 1217 1902 1288 Rogerus
1933 1221 2005 1276 de
2030 1223 2360 1279 Berchelai.

1625 1305 1901 1377 Rogcrus
1936 1310 2006 1364 de
2035 1311 2324 1367 Belmont.

1624 1393 1792 1448 Serlo
1826 1397 1897 1450 de
1918 1397 2114 1453 Busci.

1623 1482 1800 1553 Hugo
1831 1485 1903 1539 de
1936 1487 2463 1549 Bosch-Herberti.

1627 1571 1904 1643 Rogerus
1937 1575 2008 1630 de
2043 1578 2228 1635 Busli.
2390 1571 2397 1578 ’

1624 1660 1924 1717 Robertus
1957 1665 2226 1722 Bastard.

1621 1749 1918 1806 Alaredus
1948 1753 2128 1808 Brito.

1620 1837 1902 1893 Nicolaus
1931 1840 2296 1900 balistarius.

1622 1926 1918 1983 Robertus
1950 1930 2236 1988 Blundus.

1622 2013 1970 2086 Radulphus
2001 2020 2315 2092 Baignard.

1621 2103 1671 2156 Η
1683 2119 1798 2174 ugo
1825 2105 1896 2160 de
1927 2107 2224 2180 Belcamp.

1619 2191 1956 2248 Goiffredus
1989 2197 2059 2250 de
2091 2199 2269 2254 Bech.

1617 2280 1957 2337 Goiﬁ‘i-edus
1983 2285 2054 2339 de
2081 2287 2354 2345 Beluaco.

1630 2369 1820 2422 Maino
1853 2372 2033 2427 Brito.

1632 2457 1804 2528 Hugo
1852 2461 1923 2514 de
1955 2462 2272 2520 Bolebech.

1630 2547 1901 2619 Nigellus
1934 2551 2005 2605 de
2040 2553 2326 2611 Berevile.

1627 2635 1938 2690 Gozelinus
1971 2640 2151 2695 Brito.

1629 2723 1785 2778 Urso
1808 2726 1879 2780 de
1912 2727 2218 2784 Berseres.

1633 2814 1920 2869 Radulfus
1953 2816 2025 2871 de
2056 2818 2381 2876 Berchelei.

1627 2901 1924 2958 Walterus
1946 2906 2310 2965 balistarius.

1628 2993 1972 3048 Balduinus.

1627 3082 1958 3137 Hunfridus
1999 3085 2070 3138 de
2102 3086 2350 3144 Buivile.

1628 3170 1800 3242 Hugo
1828 3173 1897 3226 de
1930 3173 2242 3230 Berneres.

1626 3259 1790 3314 Uxor
1817 3261 2102 3316 Boselini.

1628 3347 1924 3404 Robertus
1956 3351 2027 3404 de
2053 3351 2216 3406 Buci.

1625 3435 1822 3506 Drogo
1835 3437 1907 3492 de
1937 3438 2214 3495 Beurere.

1621 3522 1954 3578 Willelmus
1999 3527 2343 3586 Buenvalet.

1621 3611 1854 3681 Ogerus
1888 3614 2071 3669 Brito.

1627 3700 1947 3756 llainaldus
1977 3703 2047 3756 de
2091 3705 2375 3777 Balgiole.

1625 3789 1953 3845 Baldricus.

1623 3877 1911 3933 Radulfus
1943 3880 2014 3934 de
2047 3881 2266 3936 Burun.

1623 3969 1834 4024 Erneis
1865 3971 1936 4024 de
1968 3971 2188 4025 Burun.

1624 4059 1936 4113 l‘lainerius
1967 4059 2038 4112 de
2071 4060 2354 4115 Brimow.

1619 4148 1932 4202 \Valdinus
1967 4149 2146 4203 Brito.

1618 4237 1740 4291 Odo
1772 4239 2136 4292 balistarius.

1617 4325 2264 4393 Willelmusrblundus.

1620 4413 1825 4483 Heppo
1857 4415 2220 4469 balistarius.

1620 4503 1928 4556 Thihellus
1961 4504 2144 4558 Brito.

1622 4592 1896 4662 Rogerus
1928 4590 2194 4660 Bigotus.

1621 4680 1912 4734 Radulfus
1945 4680 2015 4733 do
2071 4681 2335 4752 Belfago.

1618 4767 1948 4821 Hunfridus
1981 4767 2052 4821 de
2085 4768 2319 4822 Bohun.

1619 4854 1926 4908 Bernadus
1956 4853 2322 4910 balistarius.

1618 4943 1894 4997 Herveus
1936 4942 2346 4999 Bituricensis.

1615 5031 1983 5085 Oislebertus
2016 5031 2378 5088 balistarius.

1618 5119 1908 5174 Radulfus
1939 5119 2302 5175 halistarius.

1617 5207 1952 5266 Rainuldus
1977 5207 2156 5263 Brito.

1617 5304 1812 5375 Bigot.

1617 5390 1946 5446 Bezelinus.

1615 5477 1957 5536 Tetbaldus.
1993 5474 2150 5529 ﬁlius
2205 5475 2491 5577 Bernerii.

2299 5559 2344 5612 C

1613 5655 1828 5710 Comes
1847 5649 2225 5707 Eustachius.

2804 1138 3020 1196 Comes
3043 1143 3113 1196 de
3148 1144 3274 1198 0w.

2802 1227 3014 1284 Comes
3050 1231 3510 1290 Moritoniensis.

2801 1315 3016 1372 Comes
3046 1320 3270 1374 Alanus

2802 1403 3015 1461 Comes
3050 1408 3352 1478 Rogerus.

2803 1492 3016 1548 Comes
3049 1495 3246 1567 Hugo.

2802 1582 3015 1636 Comes
3050 1582 3454 1642 Ebroicensis.

2804 1668 3018 1724 Comes
3041 1671 3375 1729 Albericus.

2803 1756 3016 1812 Comes
3044 1759 3114 1812 de
3147 1760 3421 1817 Mellend.

2802 1845 3016 1901 Comes
3057 1848 3168 1902 Juo
3203 1849 3544 1908 Taillebois.

2804 1935 3019 1989 Comes
3051 1936 3389 2010 Albericus,
3451 1945 3742 1998 mortuus.

2805 2024 2905 2078 Ida
2937 2026 3241 2081 comitissa
3273 2029 3675 2087 Boloniensis.

2807 2113 3046 2167 Juditha
3079 2116 3403 2171 comitissa.

2803 2201 3041 2256 Godeva
3071 2205 3394 2259 comitissa.

2802 2286 3118 2344 Comitissa
3143 2291 3215 2344 de
3245 2292 3574 2349 Albemarla

2807 2376 3095 2431 Albertus
3129 2381 3488 2449 capellanus.

2808 2464 2944 2518 Milo
2977 2464 3230 2536 Crispin.

2809 2552 3159 2608 Humfridus
3193 2559 3577 2614 camerarius.

2806 2641 3088 2696 Albertus
3116 2644 3392 2700 clericus.

2808 2729 3126 2785 Turstinus
3159 2737 3539 2790 camerarius.

2810 2817 3138 2873 Herbertus
3170 2825 3554 2878 camerarius.

2809 2905 3134 2960 Hainaldus
3166 2908 3323 2962 ﬁlius
3354 2911 3522 2966 Croc.

2805 2995 3119 3049 Gozelinus
3152 2997 3222 3050 de
3253 2999 3601 3054 Cormelies.

2805 3081 3123 3137 Coiﬁ‘ridus
3147 3088 3507 3141 camerarius
3542 3089 3680 3143 ﬁlias
3699 3092 3867 3162 regis.

2807 3171 3118 3226 Albericus
3178 3178 3565 3231 camerarius.

2804 3259 3139 3314 Willelmus
3172 3263 3328 3317 ﬁlius
3351 3265 3705 3321 Corbucion.

2807 3346 3105 3402 llobertus
3137 3348 3297 3404 ﬁlius
3327 3351 3741 3407 Corbucionis.

2802 3434 3134 3490 Willelmus
3167 3437 3239 3492 de
3269 3439 3454 3510 Calgi.

2806 3521 3154 3591 Hadulphus
3187 3525 3346 3579 ﬁlius
3377 3528 3631 3581 comitis.

2807 3610 3193 3667 Reimbaldus
3227 3613 3299 3668 de
3346 3615 3631 3684 Cicestre,
3665 3617 3758 3671 vel
3786 3617 3870 3672 Ci-

2871 3704 3154 3754 recestre.

2804 3786 3078 3857 Rogerus
3137 3789 3209 3843 de
3239 3790 3562 3846 Curcelles.

2803 3876 3127 3931 Rainaldus
3159 3877 3441 3933 Canutus.

2804 3964 3104 4021 Wulterus
3134 3967 3205 4020 de
3243 3967 3482 4023 Clavile.

2804 4053 3040 4108 Aiulfus
3098 4058 3485 4111 camerarius.

2802 4141 3133 4196 Willelmus
3165 4142 3438 4197 Chievre.

2800 4227 3086 4284 Girardus
3122 4232 3484 4301 capellanus.

2801 4319 2978 4389 Sigar
3007 4319 3077 4373 de
3106 4319 3379 4375 Cioches.

2799 4405 3132 4462 Willelmus
3173 4409 3556 4463 camerarius.

2799 4495 3132 4550 Willelmus
3175 4496 3334 4550 ﬁlius
3381 4497 3772 4553 Constantini.

2800 4582 3114 4636 Albericus
3145 4584 3216 4637 de
3248 4583 3409 4638 Coei.

2801 4670 3116 4724 Albericus
3137 4670 3353 4725 Cocus.

2804 4757 3138 4812 llichardus
3169 4757 3241 4812 de
3271 4757 3484 4828 Curcy.

2799 4844 3075 4900 Cristina.

2799 4933 3124 4988 Ansfridus
3156 4936 3228 4988 de
3259 4936 3592 4989 Cormeliis.

2797 5023 3140 5082 Hunfridus
3169 5028 3383 5081 Cocus.

2794 5119 3127 5174 Willelmus
3157 5115 3228 5169 de
3257 5113 3612 5185 Cahaignes.

2798 5206 3135 5262 Hunfridus
3185 5204 3256 5257 de
3282 5202 3556 5258 Cioches.

2793 5296 3174 5351 Gislebertus
3207 5292 3420 5346 Cocus.

2804 5384 2979 5438 Wido
3013 5383 3084 5436 de
3115 5380 3369 5434 Credun.

2793 5472 2839 5526 G
2852 5471 3161 5527 odefridus
3193 5470 3265 5524 de
3283 5468 3590 5536 Cambray.

2791 5558 3071 5631 Rogerus
3114 5557 3274 5611 ﬁlius
3329 5555 3559 5610 Corbet.

2803 5648 3104 5702 Hobertus
3135 5646 3302 5700 ﬁlius
3319 5645 3550 5700 Corbet.
