4074 6150
316 203 476 268 1285

1394 195 1685 259 VERBA
1726 196 1815 258 IN
1857 194 2291 259 EXTREMIS
2338 194 2671 258 POSITI»

3579 198 3737 262 1286

267 417 609 457 aerumnosa
628 401 748 455 vita
777 400 920 468 vixi,
943 414 1048 470 pro
1074 398 1293 468 quibus
1321 397 1549 468 absque
1568 411 1741 451 .mora
1771 393 1945 449 ratio-
1968 376 2024 441 Α
2059 392 2338 448 Neustria
2360 394 2686 464 expulerim
2717 401 2775 453 et
2796 402 3005 454 cuncta
3036 400 3183 471 ejus.
3202 400 3559 456 munimenta
3591 402 3738 457 obti-

270 506 410 545 nem
443 490 695 544 reddere
748 505 902 542 nunc
934 502 1118 559 cogor
1147 487 1495 557 aequissimo
1536 486 1752 541 Judici.
1795 484 1945 537 Dum

272 583 446 649 pater
465 594 655 647 meus,
673 580 880 648 Sponte
903 576 1224 647 proﬁciens
1247 576 1305 627 in
1328 576 1626 641 exsilium,
1651 571 1944 628 commisit

250 668 402 720 mihi
440 666 894 721 Northmanniaa
945 665 1240 733 ducatum,
1279 663 1533 718 tenellus
1583 678 1742 717 eram
1771 675 1938 730 puer,

242 760 455 825 utpote
487 758 618 808 octo
664 770 952 808 annorum
980 769 994 822 ;
1023 769 1099 807 ex
1123 768 1240 823 quo
1274 756 1533 821 tempore
1563 765 1753 820 usque
1784 764 1941 802 nunc

241 859 497 912 semper
536 842 692 897 subii
717 842 948 912 pondus
985 857 1303 895 armorum.
1330 838 1787 910 Ipsumquejam
1828 837 1939 891 du-

244 935 388 986 catu
408 947 463 984 m
496 931 620 985 fere
650 928 719 984 56
752 931 927 985 annis
963 931 1132 1001 gessi
1168 930 1226 983 in
1247 928 1591 983 discrimine
1622 927 1932 981 bellorum.

260 1020 381 1075 Mei
433 1020 650 1090 quibus
682 1034 991 1089 praeeram,
1044 1018 1189 1072 mihi
1220 1034 1380 1086 saepe
1424 1015 1683 1070 insidiati
1712 1017 1851 1069 sunt
1880 1018 1936 1067 et

262 1110 481 1162 damna
498 1123 835 1179 gravesque
858 1107 1115 1177 injurias
1136 1106 1278 1159 mihi
1300 1106 1570 1175 nequiter
1595 1104 1933 1157 intulerunt.

264 1196 1021 1251 Turchetillumnutritium
1045 1210 1239 1248 meum
1276 1192 1701 1259 etOsbernum,
1729 1191 1936 1244 Herfa-

265 1285 566 1352 stiﬁlium,
587 1272 1371 1351 No'rthmanniaidapiferum
1394 1281 1783 1350 comitemque
1807 1278 1936 1332 Gis-

255 1373 560 1427 lebertum
578 1375 799 1442 patrem
823 1372 1045 1440 patriae,
1070 1386 1203 1424 cum
1220 1370 1419 1423 multis
1441 1369 1575 1422 aliis
1593 1357 1934 1437 reipublicae

242 1461 617 1516 necessariis
648 1460 1056 1513 fraudulenter
1112 1458 1558 1512 interfecerunt.
1592 1457 1701 1510 His
1740 1456 1936 1525 itaque

252 1550 446 1604 rebus
481 1549 677 1620 gentis
708 1564 855 1602 mete
887 1548 1062 1600 ﬁdem
1093 1549 1411 1615 exepertus
1446 1561 1596 1599 sum.
1646 1544 1936 1597 Noctibus

260 1638 588 1704 multoties,
616 1640 1003 1708 cognatorum
1026 1635 1235 1690 timore
1257 1650 1543 1703 meorum,
1586 1649 1618 1686 a
1641 1632 1937 1686 Gualterio

2059 496 2306 536 nuerim.

2130 570 2262 623 Non
2293 571 2475 624 multo
2522 578 2655 641 post
2686 575 2797 628 alia
2824 576 2965 629 mihi
2997 579 3353 648 gravissima
3386 579 3722 633 adversitas

2058 658 2263 712 oborta
2282 662 2391 712 est.
2410 660 2611 714 Patrui
2641 679 2891 734 namque
2907 667 3020 719 mei
3044 666 3384 736 Malgerius,
3408 667 3727 722 Rothoma-

2054 747 2263 816 gensis
2294 748 2808 820 archiepiscopus,
2826 757 2881 806 et
2903 753 3232 808 Willelmus
3246 754 3427 809 frater
3444 755 3598 827 ejus,
3627 756 3721 810 cui

2057 834 2288 889 Archas
2331 839 2388 889 et
2418 838 2751 894 comitatum
2783 841 3007 914 Calogii
3057 844 3241 913 gratis
3273 845 3567 909 dederam,
3631 860 3723 899 me

2056 923 2466 979 velutnothum
2482 930 2981 998 contempserunt,
3009 935 3065 984 et
3096 931 3416 985 Heniicum
3448 948 3650 1004 regem
3672 935 3729 987 et

2057 1013 2525 1084 Engelrannum,
2576 1019 2849 1072 comitem
2880 1019 3129 1087 Pontivi,
3165 1023 3367 1076 contra
3399 1036 3489 1075 me
3521 1036 3723 1075 accer-

2057 1106 2281 1156 serunt.
2342 1105 2477 1159 Mox
2520 1120 2632 1176 ego
2666 1109 2725 1158 ut
2751 1106 2809 1159 in
2842 1106 3223 1162 Constantino
3254 1108 3723 1179 hirjusmodiru-

2056 1206 2257 1245 mores
2284 1194 2527 1262 auditui,
2555 1193 2753 1246 multis
2776 1194 3259 1249 dissuadentibus
3281 1196 3570 1249 iterinivi.
3591 1197 3719 1249 Ali-

2054 1285 2304 1349 quantos
2362 1282 2578 1336 milites
2619 1284 2719 1352 qui
2771 1281 3165 1337 ferventiores
3197 1284 3267 1337 ad
3308 1286 3460 1338 ictus
3494 1284 3721 1339 dandos

2051 1373 2215 1423 erant
2263 1371 2490 1425 Archas
2541 1370 2823 1440 praemisi,
2884 1375 2939 1423 et
2969 1372 3097 1441 ipse
3129 1388 3261 1426 cum
3302 1373 3565 1427 exercitu
3600 1389 3717 1427 non

2047 1458 2258 1527 grandi
2288 1459 2656 1513 subcecutus
2679 1460 2922 1512 arduam
2936 1461 3316 1514 munitionem
3339 1461 3569 1516 obsedi.
3598 1462 3714 1516 Sed

2049 1551 2361 1617 antequam
2390 1563 2531 1601 rura
2564 1563 2702 1618 quae
2735 1548 2886 1601 inter
2914 1548 3028 1601 duo
3060 1549 3297 1602 flumina
3329 1554 3487 1618 sunt,
3507 1549 3727 1604 Sedam

2047 1639 2102 1689 et
2131 1634 2487 1689 Garumnam
2509 1636 2864 1704 attigissem,
2898 1651 3312 1705 praecursores
3329 1638 3716 1707 meipraaocu-

260 1726 561 1780 avunculo
592 1741 723 1779 meo
755 1726 827 1778 de
858 1739 1089 1778 camera
1108 1723 1413 1793 principali
1447 1722 1645 1776 furtim
1676 1724 1940 1789 exporta-
1972 1745 2021 1808 Β
2045 1727 2334 1793 paverunt
2361 1723 2803 1795 Engelrannum
2825 1724 3099 1779 comitem
3122 1726 3179 1777 in
3212 1728 3474 1779 castrum
3495 1726 3712 1780 intrare

255 1820 356 1869 tus
385 1831 539 1883 sum,
564 1830 631 1868 ac
668 1814 739 1868 ad
757 1812 1053 1867 domicilia
1084 1812 1463 1881 latebrasque
1484 1825 1828 1881 pauperum,
1863 1824 1936 1862 ne

255 1920 294 1957 a
327 1903 577 1973 perfidis
609 1902 710 1973 qui
740 1901 813 1956 ad
844 1903 1096 1956 mortem
1125 1916 1218 1955 me
1241 1899 1584 1971 quaarebant
1610 1898 1933 1966 invenirer,

254 1992 588 2046 translatus
620 2007 775 2045 sum.

330 2079 749 2148 Northmanni,
786 2079 840 2133 si
868 2079 1024 2133 bono
1053 2077 1364 2149 rigidoque
1387 2076 1686 2130 dominatu
1715 2090 1933 2146 regun-

254 2172 376 2239 tur,
415 2168 825 2224 strenuissimi
863 2170 1019 2231 sunt,
1072 2170 1129 2220 et
1176 2167 1234 2218 in
1265 2165 1469 2219 arduis
1516 2164 1699 2219 rebus
1729 2163 1933 2217 invicti

256 2271 469 2312 omnes
492 2256 787 2311 excellunt
807 2258 864 2310 et
882 2255 1112 2309 cunctis
1134 2254 1409 2308 hostibus
1436 2253 1717 2307 fortiores
1750 2267 1934 2320 supe-

260 2362 399 2400 rare
444 2345 823 2399 contendunt.
867 2344 1146 2414 Alioquin
1177 2358 1316 2397 sese
1352 2342 1622 2395 vicissim
1654 2341 1933 2395 dilaniant

255 2439 435 2504 atque
462 2432 1225 2487 consumunt.Rebelliones
1244 2431 1398 2485 enim
1417 2431 1677 2500 cupiunt;
1699 2429 1931 2483 seditio-

257 2538 374 2577 nes
403 2523 558 2577 enim
588 2524 867 2591 appetunt
898 2524 953 2574 et
982 2520 1052 2573 ad
1087 2536 1257 2575 omne
1288 2518 1457 2573 nefas
1488 2518 1741 2588 prompti
1772 2522 1929 2571 sunt.

260 2610 659 2666 Reetitudinis
678 2625 821 2681 ergo
843 2609 979 2663 forti
1011 2624 1265 2663 censura
1288 2611 1673 2662 coerceantur
1689 2608 1745 2660 et
1766 2605 1933 2660 freno

260 2699 594 2769 disciplina:
616 2714 722 2768 per
750 2696 1307 2767 tramitemjustitiae
1329 2695 1554 2767 gradiri
1581 2695 1932 2764 compellan-

257 2791 378 2843 tur.
401 2787 463 2840 Si
494 2802 635 2841 vero
658 2786 730 2840 ad
750 2786 981 2840 libitum
1005 2801 1178 2840 suum
1219 2784 1541 2855 sinejugo,
1584 2786 1647 2838 ut
1684 2784 1934 2838 indomi-

257 2878 361 2930 tus
382 2891 625 2947 onager,
642 2875 731 2929 ire
749 2875 1182 2945 permittuntur,
1204 2874 1319 2944 ipsi
1332 2876 1388 2927 et
1412 2873 1717 2942 principes
1732 2887 1935 2927 eorum

260 2965 509 3035 penuria
527 2966 583 3018 et
606 2962 957 3018 confusione
979 2963 1270 3033 probrosa
1288 2961 1933 3031 operientur.Pluribus

261 3054 379 3108 hoc
409 3051 829 3123 experimentis
853 3051 1201 3122 jamdudum
1234 3050 1469 3105 edidici.
1506 3049 1770 3102 Proximi
1801 3063 1934 3103 con-

262 3141 700 3212 sanguineique
713 3141 844 3204 mei,
855 3139 955 3210 qui
968 3139 1317 3194 debuissent
1331 3142 1532 3192 contra
1545 3153 1751 3192 omnes
1777 3153 1931 3192 mor-

256 3231 413 3285 tales
445 3245 539 3284 me
569 3229 922 3283 omnimodis
958 3229 1148 3297 tutari,
1174 3227 1468 3298 frequenti
1498 3226 1932 3296 conspiratione

261 3317 419 3372 facta
447 3318 507 3371 in
537 3332 628 3372 me
660 3320 1048 3372 surrexerunt
1080 3319 1136 3370 et
1156 3331 1305 3386 pene
1336 3331 1567 3371 omnem
1596 3315 1781 3386 patris
1816 3315 1931 3369 mei

262 3406 665 3461 haereditatem
699 3405 842 3459 mihi
864 3405 1251 3459 abstulerunt.

333 3493 543 3562 Guido,
565 3494 855 3562 Rainaldi,
880 3493 1372 3563 Burgundionum
1388 3493 1579 3561 ducis,
1600 3508 1673 3548 ex
1690 3492 1931 3547 Adelisa

262 3584 443 3639 amita
473 3591 601 3637 mea
632 3582 809 3648 ﬁlius,
863 3583 1079 3636 malum
1129 3581 1272 3635 mihi
1315 3597 1420 3652 pro
1464 3582 1619 3636 bono
1652 3582 1927 3636 reddidit.

266 3673 417 3726 Nam
438 3687 550 3743 ego
569 3686 703 3725 eum
725 3671 797 3725 de
813 3671 925 3724 alia
947 3670 1191 3741 regione
1212 3671 1623 3725 adventantem
1653 3670 1931 3740 benigni-

262 3763 356 3815 ter
376 3775 858 3829 susceperam,ac
882 3761 943 3812 ut
964 3759 1199 3812 unicum
1217 3757 1456 3812 fratrem
1476 3757 1925 3826 honoraveram,

263 3851 440 3919 atque
464 3847 803 3901 Vernonum
824 3850 880 3899 et
898 3846 1194 3899 Brioniam
1209 3849 1554 3916 partemque
1577 3844 1932 3899 Northman-

266 3938 384 3990 niae
413 3951 530 3990 non
548 3935 838 3989 modicam
881 3935 1254 3988 donaveram.
1290 3933 1393 3987 Ille
1445 3948 1584 3988 vero
1634 3931 1837 3986 verbis
1875 3936 1932 3986 et

265 4024 499 4078 actibus
530 4023 673 4077 mihi
703 4023 1027 4094 derogavit,
1062 4038 1154 4076 me
1184 4021 1427 4077 nothum
1458 4022 1931 4093 degeneremque

265 4116 324 4168 et
344 4111 678 4182 principatu
699 4111 1005 4183 indignum
1028 4111 1353 4165 detestatus
1375 4109 1651 4164 indicavit
1673 4113 1727 4163 et
1758 4109 1936 4164 hosti-

262 4201 405 4255 liter
432 4198 768 4253 diﬂ‘amavit.
817 4199 967 4263 Quid
1002 4199 1171 4269 plura
1200 4197 1498 4252 referam?
1529 4197 1731 4252 Fidem
1763 4213 1931 4252 suam

265 4288 411 4342 mihi
440 4287 720 4342 mentitus
764 4286 823 4341 in
855 4302 945 4342 me
978 4286 1302 4357 rebellavit,
1334 4301 1734 4357 proceresque
1763 4301 1931 4341 meos

267 4376 590 4431 Ranulfum
611 4374 1022 4446 Bajocensem,
1053 4392 1121 4430 ac
1148 4376 1495 4430 Haimonem
1517 4376 1846 4444 Dentatum,
1876 4379 1934 4430 et

1971 3095 2022 3157 C

2047 1812 2446 1880 festinantem,
2510 1813 2822 1883 ipsumque
2883 1812 3113 1867 fortiter
3167 1817 3546 1884 pugnantem,
3578 1815 3714 1886 quia

2045 1900 2217 1954 miles
2250 1905 2370 1955 erat
2398 1900 2785 1970 asperrimus,
2829 1901 3173 1956 occiderunt
3215 1907 3270 1955 et
3317 1904 3555 1973 agmina
3583 1902 3721 1972 ejus

2046 1989 2422 2059 fugaverunt.
2456 1988 2776 2044 Obsidione
2808 1990 2976 2060 gravi
3025 1992 3368 2045 castrenses
3392 1990 3630 2044 coercui
3660 1992 3717 2043 et

2045 2076 2354 2147 perjurum
2385 2078 2657 2131 comitem
2690 2076 2967 2131 exsulare
2986 2077 3157 2148 coegi
3179 2093 3193 2147 ;
3213 2092 3322 2131 nec
3342 2078 3400 2131 in
3423 2077 3582 2131 omni
3600 2079 3716 2131 vita

2048 2180 2158 2219 sua
2179 2166 2376 2220 redire
2408 2167 2481 2219 ad
2513 2166 2572 2219 id
2604 2165 2760 2236 quod
2781 2166 3059 2220 amiserat
3080 2166 3346 2235 permisi.
3375 2166 3720 2222 Protervam

2045 2270 2277 2324 quoque
2309 2254 2627 2324 praesulem
2676 2255 2777 2324 qui
2814 2269 2925 2308 nec
2974 2254 3096 2308 Deo
3134 2255 3404 2324 devotus,
3438 2271 3547 2308 nec
3574 2255 3717 2308 mihi

2046 2342 2199 2396 fidus
2232 2346 2374 2411 erat,
2409 2343 2479 2396 de
2527 2342 2846 2412 pontificali
2885 2342 3028 2396 sede
3058 2358 3163 2411 per
3206 2342 3508 2396 decretum
3549 2358 3718 2413 papae

2052 2430 2300 2500 deposui
2353 2432 2410 2484 et
2466 2430 2800 2484 Maurilium
2859 2430 3257 2484 venerabilem
3340 2430 3714 2500 coenobitam,

2047 2534 2223 2589 quem
2253 2517 2398 2572 mihi
2430 2518 2588 2573 Deus
2613 2518 2683 2571 de
2702 2517 3015 2587 Florentia,
3042 2518 3274 2572 civitate
3289 2517 3489 2589 Italiae,
3512 2521 3715 2573 trans-

2045 2606 2307 2674 miserat,
2333 2607 2392 2660 in
2437 2606 2568 2660 loco
2598 2605 2731 2677 ejus
2764 2606 3111 2678 subrogavi.

2116 2695 2434 2765 Henricus,
2475 2694 2663 2767 regali
2690 2695 2949 2764 potentia
2973 2694 3162 2749 fretus
3192 2697 3249 2750 et
3279 2694 3514 2749 militari
3536 2694 3717 2750 auda-

2044 2785 2134 2839 cia
2163 2784 2456 2853 fervidus,
2498 2783 2880 2854 hostiumque
2912 2797 3177 2838 meorum
3224 2782 3710 2855 derogationibus

2042 2874 2357 2928 admodum
2412 2872 2768 2943 stimulatus,
2831 2887 2992 2941 saepe
3032 2873 3202 2927 visus
3259 2876 3353 2927 est
3402 2889 3517 2939 me,
3553 2873 3712 2927 velut

2040 2963 2346 3031 inermem,
2388 2961 2757 3029 conculcare,
2790 2960 3109 3031 multisque
3157 2961 3349 3015 modis
3393 2963 3699 3030 proterere

2040 3052 2096 3104 et
2124 3050 2380 3105 indebita
2407 3049 2548 3103 mihi
2572 3048 2708 3120 jura
2739 3050 3065 3118 imponere.
3098 3048 3268 3117 Saepe
3300 3064 3432 3103 cum
3471 3049 3705 3120 ingenti

2038 3140 2394 3192 armatorum
2440 3153 2614 3191 manu
2646 3140 2861 3192 terram
2891 3151 3080 3190 meam
3112 3136 3428 3208 ingressus
3459 3141 3573 3206 est;
3598 3137 3709 3191 sed

2041 3242 2341 3297 nunquam
2372 3226 2444 3281 de
2478 3226 2681 3295 praeda
2724 3224 3057 3295 spoliisque
3086 3224 3256 3295 meis,
3291 3225 3711 3296 hominumque

2040 3331 2306 3370 meorum
2354 3319 2595 3384 captura
2646 3313 2895 3385 gavisus
2919 3317 3031 3368 est.
3080 3311 3224 3367 Cum
3254 3314 3465 3385 grandi
3494 3328 3710 3383 pompa

2041 3404 2336 3475 minisque
2353 3403 2718 3458 terribilibus
2731 3402 3076 3472 plerumque
3091 3401 3241 3456 fines
3263 3417 3429 3456 meos
3446 3401 3710 3471 intravit;

2043 3494 2151 3549 sed
2191 3508 2491 3563 nunquam
2534 3491 2725 3555 laetus,
2761 3506 2869 3545 nec
2900 3490 3027 3544 sine
3059 3490 3355 3545 dedecore
3389 3491 3461 3544 ad
3482 3507 3592 3545 sua
3618 3504 3708 3545 re-

2040 3584 2295 3653 pedavit.
2320 3581 2530 3636 Plures
2561 3596 2765 3635 secum
2785 3579 3071 3649 probitate
3094 3579 3363 3634 valentes
3376 3579 3492 3633 huc
3517 3578 3706 3633 addu-

2042 3672 2125 3725 xit
2155 3687 2307 3742 quos
2338 3671 2474 3740 quia
2505 3685 2634 3724 meo
2659 3683 3040 3739 meorumque
3076 3667 3292 3739 gladio,
3325 3668 3474 3738 proh
3496 3666 3699 3723 dolori

2048 3760 2370 3828 perierunt,
2402 3774 2519 3813 non
2547 3757 2798 3812 reduxit.

2117 3846 2424 3910 Quondam
2472 3845 2649 3898 nimis
2706 3848 2910 3898 contra
2948 3860 3041 3899 me
3067 3844 3463 3898 inﬂammatus
3496 3845 3710 3916 ingen-

2044 3938 2159 3990 tem
2210 3934 2535 3989 exercitum
2580 3932 2767 3987 Gallia
2808 3932 2866 3985 in
2921 3932 3069 3985 duas
3112 3935 3311 4001 partes
3351 3932 3571 3986 dimisit
3601 3948 3708 3988 rex

2048 4023 2367 4092 Henricus;
2414 4026 2476 4076 ut
2523 4025 2764 4075 nostros
2810 4020 3167 4090 opprimeret
3204 4021 3421 4075 fundos
3451 4020 3706 4091 geminis

2044 4111 2631 4181 irruptionibus.Ipse
2650 4125 2823 4162 unam
2838 4107 3191 4179 phalangem
3206 4108 3264 4160 in
3282 4107 3707 4163 Ebroicensem

2045 4200 2372 4269 dioecesim,
2405 4203 2467 4254 ut
2495 4213 2685 4269 usque
2708 4197 2781 4251 ad
2797 4196 3129 4266 Sequanam
3152 4196 3346 4249 omnia
3366 4195 3706 4251 devastaret

2041 4289 2397 4359 introduxit;
2425 4287 2715 4357 aliamque
2746 4283 2932 4339 Odoni
2976 4283 3144 4337 fratri
3174 4298 3285 4338 suo
3316 4298 3383 4337 ac
3416 4283 3704 4338 Rainaldo

2042 4380 2113 4434 de
2144 4377 2536 4444 Claromonte,
2588 4377 2645 4430 et
2676 4374 2907 4428 duobus
2943 4371 3312 4441 consulibus,
3351 4370 3601 4426 Radulfo
3631 4371 3704 4427 de

268 4465 571 4537 Nigellum
587 4464 658 4519 de
675 4443 1077 4532 Constantino,
1099 4464 1365 4535 aliosque
1387 4464 1603 4519 multos
1626 4464 1767 4518 mihi
1790 4443 1934 4519 sub-
1968 4443 2020 4504 D
2042 4469 2235 4524 Monte
2268 4465 2560 4522 Desiderii
2586 4467 2759 4534 atque
2778 4461 3016 4517 Widoni
3036 4460 3379 4527 Pedontivo,
3415 4473 3707 4514 commen-

266 4554 485 4622 traxit,
550 4567 871 4623 secumque
914 4552 1191 4624 perjuros
1242 4568 1380 4607 esse
1428 4551 1653 4607 nefario
1709 4553 1931 4607 monitu

267 4642 487 4713 coegit.
513 4641 824 4695 Immemor
844 4640 1038 4711 itaque
1070 4640 1316 4695 hominii
1346 4645 1401 4695 et
1431 4640 1727 4695 fidelitatis
1757 4657 1933 4712 quam

267 4729 415 4785 mihi
441 4728 763 4800 juraverat,
796 4732 975 4783 totam
1014 4728 1499 4783 Northmanniam
1531 4729 1762 4784 auferre
1807 4733 1933 4784 sat-

268 4818 411 4888 egit.
435 4817 533 4871 Sic
555 4817 735 4888 igitur
750 4817 941 4871 adhuc
963 4816 1248 4870 imberbis
1266 4816 1324 4870 in
1348 4816 1509 4870 illum
1533 4821 1771 4872 coactus
1800 4834 1932 4872 sum

268 4922 434 4961 arma
465 4907 661 4961 levare
690 4910 746 4961 et
775 4906 835 4961 in
856 4907 1101 4976 planitie
1127 4908 1280 4976 apud
1312 4906 1712 4962 VValesdunas
1732 4912 1933 4962 contra

269 4994 699 5050 consobrinum
735 4995 1144 5066 hominemque
1187 5010 1382 5049 meum
1413 4994 1711 5049 dimicare.
1746 4995 1931 5065 Tunc,

270 5084 592 5138 auxiliante
612 5084 729 5138 Deo
744 5083 844 5154 qui
860 5082 1062 5155 justus
1076 5082 1101 5154 j
1113 5083 1264 5138 udex
1287 5086 1398 5154 est,
1426 5082 1581 5138 inter
1611 5084 1932 5139 Padomum

273 5175 335 5227 et
360 5170 1181 5244 Argentias[Argenlonium;
1213 5175 1268 5226 et
1299 5173 1356 5226 in
1374 5172 1448 5226 al.
1480 5172 1632 5243 cod.,
1661 5171 1933 5245 Bay’ocas]

273 5260 485 5314 hostes
516 5259 650 5328 vici,
685 5260 902 5331 quibus
932 5264 1074 5314 nutu
1106 5261 1210 5314 Dei
1241 5261 1526 5329 subrutis,
1553 5261 1804 5331 patrium
1827 5261 1932 5332 jus

271 5347 460 5402 libere
481 5348 744 5417 possedi.
764 5348 986 5402 Deinde
1009 5348 1389 5403 munitionem
1416 5349 1669 5404 Brioniae
1701 5350 1930 5405 obsedi.

271 5435 601 5492 Guidonem
630 5436 999 5490 vulneratum
1030 5439 1085 5491 et
1115 5436 1185 5491 de
1215 5435 1371 5491 bello
1400 5437 1542 5509 fuga
1569 5438 1835 5508 elapsum
1853 5438 1935 5493 in-

272 5523 452 5601 clusi,
472 5538 583 5602 nec
603 5524 736 5580 inde
754 5524 1031 5599 discessi,
1055 5524 1243 5582 donec
1264 5524 1496 5583 hostem
1528 5527 1829 5599 publicum
1859 5526 1931 5583 de

2042 4557 2219 4626 davit,
2255 4560 2315 4611 ut
2342 4570 2451 4626 per
2478 4554 2626 4608 vada
2660 4552 2822 4623 Eptaa
2856 4549 3194 4606 Neustriam
3226 4549 3338 4604 cito
3370 4548 3697 4618 introirent,

2045 4647 2285 4701 Braium
2332 4649 2387 4699 et
2432 4641 2771 4713 Calcegium
2820 4643 3119 4709 totumque
3159 4637 3704 4709 Rotbomagensem

2044 4734 2369 4808 [Calogium
2391 4734 2565 4803 atque
2599 4728 2754 4801 Rot.]
2781 4744 3000 4800 pagum
3046 4727 3408 4795 invaderent,
3461 4726 3620 4781 ferro
3647 4728 3705 4781 et

2044 4826 2293 4891 ﬂamma,
2327 4836 2512 4876 necne
2545 4820 2771 4889 rapinis
2816 4833 3004 4887 usque
3036 4816 3108 4870 ad
3139 4832 3300 4870 mare
3332 4815 3566 4885 penitus
3596 4814 3702 4869 de-

2045 4917 2361 4969 vastarent.
2396 4911 2539 4964 Haec
2572 4910 2764 4978 itaque
2787 4906 3157 4975 comperiens
3179 4919 3293 4975 ego
3315 4905 3553 4958 econtra
3583 4916 3704 4956 non

2046 5002 2253 5074 segnis
2310 4999 2603 5072 processi,
2664 4998 2865 5052 contra
2894 4994 3056 5065 regis
3096 4992 3343 5062 mapalia
3388 5006 3495 5061 per
3536 4990 3701 5045 littus

2044 5092 2332 5161 Sequanae
2347 5104 2480 5143 cum
2501 5086 2650 5140 meis
2668 5100 2760 5140 me
2776 5098 3011 5153 semper
3026 5082 3275 5151 opposui
3299 5083 3354 5134 et
3366 5080 3703 5149 ubicunque

2045 5181 2358 5235 conaretur
2414 5175 2701 5246 cespitem
2749 5188 2945 5227 meum
2990 5167 3353 5240 depopulari,
3407 5167 3588 5222 armis
3646 5172 3705 5222 et

2043 5270 2200 5324 ferro
2223 5265 2572 5322 calumniam
2594 5262 2815 5335 paravi.
2843 5261 3164 5316 Robertum
3202 5272 3342 5311 vero
3381 5255 3702 5311 Aucesium

2041 5358 2311 5414 comitem
2342 5360 2398 5410 et
2426 5354 2732 5425 rogerium
2760 5350 2832 5405 de
2864 5345 3263 5415 Mortuomari,
3287 5345 3556 5415 aliosque
3587 5342 3701 5397 mi-

2039 5448 2171 5501 lites
2210 5443 2669 5516 probatissimos
2707 5438 2844 5493 misi
2890 5441 3094 5493 contra
3139 5434 3402 5490 Odonem
3444 5431 3697 5504 ejusque

2039 5536 2330 5614 legiones.
2380 5531 2489 5599 Qui
2518 5531 2658 5587 dum
2686 5544 2870 5608 penes
2893 5529 3154 5585 castrum
3200 5523 3359 5597 quod
3405 5521 3699 5578 Mortuum
