4074 6150
496 172 656 240 1287

1646 174 1766 236 WI
1777 175 2085 239 LLELMI
2127 173 2774 257 CONQUESTORIS

3704 189 3821 252 1288

498 395 659 436 mare
690 380 904 436 dicitur
932 378 1338 436 occurrissent
1366 376 1635 443 Francis,
1656 378 1969 449 utriusque
1982 362 2244 447 partisA
2280 379 2563 435 victoriae.
2599 380 2715 435 Sed
2746 383 3017 452 quamvis
3045 397 3227 453 super
3254 384 3574 455 hujusmodi
3602 388 3849 459 triumphis

499 472 837 544 agminibus
889 468 1132 540 paratis,
1178 468 1445 522 terribile
1480 467 1751 537 praelium
1780 468 2165 521 commissum

499 563 610 629 est,
635 563 692 616 et
720 576 796 616 ex
826 561 1076 630 utraque
1104 560 1266 628 parte
1294 557 1539 611 multum
1569 555 1879 627 sanguinis
1907 553 2159 610 effusum

500 652 611 705 est.
671 648 1000 719 Utrobique
1056 648 1211 701 enim
1266 646 1588 701 bellatores
1641 647 1807 700 erant
1851 643 2074 698 strenui
2108 646 2163 698 et

498 752 690 811 usque
722 737 794 793 ad
827 739 1072 791 mortem
1102 736 1312 790 cedere
1341 734 1550 789 nescii.
1577 734 1729 787 Hinc
1745 732 1999 787 saeviunt
2014 731 2166 786 Galli

500 846 606 901 pro
639 829 911 898 cupidine
941 823 1321 896 acquirendi;
1347 823 1506 877 illinc
1536 822 1754 876 feriunt
1771 817 2165 876 Northmanni

502 937 608 991 spe
639 918 938 974 ferventes
970 912 1256 968 evadendi
1297 914 1354 966 et
1386 926 1453 965 se
1484 926 1748 981 suosque
1779 911 1937 967 lares
1968 913 2163 967 defen-

506 1008 703 1065 dendi.
760 1005 1039 1071 Tandem,
1070 1001 1312 1073 juvante
1344 1001 1487 1069 Deo,
1519 1000 1718 1053 vicere
1746 1000 2157 1071 Northmanni,

501 1103 557 1154 et
583 1098 792 1169 fugere
824 1093 1057 1148 Franci.
1092 1092 1218 1145 Hoc
1276 1091 1471 1160 itaque
1498 1088 1720 1143 bellum
1749 1091 1913 1143 trans
1939 1088 2160 1160 Sequa-

497 1204 629 1241 nam
662 1186 721 1239 in
750 1184 942 1237 hieme
971 1182 1103 1235 ante
1133 1178 1658 1250 Quadragesimam
1700 1177 1916 1247 fecere,
1952 1182 2159 1233 octavo

498 1291 650 1331 anno
681 1275 815 1345 post
837 1271 1056 1325 bellum
1090 1268 1592 1322 Walesdunense.
1617 1266 1784 1320 Tunc
1803 1266 1982 1320 Wido
2012 1267 2159 1322 Pon-

496 1364 598 1420 tivi
631 1376 833 1418 comes
866 1362 1072 1429 captus
1104 1360 1195 1411 est
1215 1359 1273 1411 et
1300 1355 1423 1411 Odo
1442 1372 1575 1410 cum
1601 1355 1885 1410 Rainaldo
1908 1354 2158 1426 aliisque

493 1454 591 1526 qui
621 1450 932 1506 velocitate
960 1446 1174 1517 pedum
1194 1446 1514 1517 viguerunt
1537 1445 1778 1515 fugatus
1795 1447 1906 1498 est.
1937 1443 2156 1497 Godui-

487 1542 644 1614 phus
667 1554 901 1611 quoque
915 1551 1114 1591 comes
1127 1534 1345 1605 pariter
1358 1537 1684 1602 caperetur,
1704 1532 1820 1586 nisi
1858 1532 2156 1603 Rogerius

493 1631 771 1703 princeps
802 1626 1023 1680 militiae
1054 1640 1199 1678 meae
1225 1622 1309 1676 illi
1332 1620 1797 1691 suffragaretur;
1832 1620 2154 1675 hominium

2279 467 2532 524 humana
2592 470 2846 541 gaudeat
2883 470 3156 539 aviditas,
3216 488 3306 526 me
3337 476 3517 529 tamen
3560 476 3851 533 intrinsecus

2279 559 2488 629 pungit
2536 561 2592 611 et
2633 558 2862 613 mordet
2911 559 3246 614 formidinis
3286 562 3555 631 anxietas,
3593 563 3711 617 dum
3747 582 3852 634 per-

2282 646 2473 715 pendo
2506 648 2663 718 quod
2693 648 2751 699 in
2783 649 3058 703 omnibus
3089 649 3185 702 his
3233 653 3495 720 grassata
3528 655 3612 705 est
3637 668 3769 706 saeva
3811 659 3850 708 te

2282 735 2543 789 meritas.
2567 735 2735 790 Unde
2766 752 2936 802 vos,o
2961 738 3305 793 sacerdotes
3328 741 3383 792 et
3412 739 3640 792 ministri
3665 740 3852 807 Christi,

2283 824 2629 892 suppliciter
2681 825 2972 893 obsecro,
3030 832 3093 881 ut
3152 828 3513 881 orationibus
3564 831 3748 883 vestris
3786 846 3852 884 me

2283 913 2706 967 commendetis
2754 915 3132 985 omnipotenti
3184 916 3326 981 Deo,
3361 918 3422 970 ut
3447 920 3662 985 peccata
3689 918 3854 988 quibus

2280 1002 2593 1056 admodum
2664 1018 2901 1072 premor
2944 1006 3070 1074 ipse
3126 1005 3398 1071 remittat,
3476 1010 3528 1059 et
3584 1023 3678 1075 per
3726 995 3853 1060 suain:

2278 1090 2701 1161 infatigabilem
2733 1093 3099 1147 clementiam
3129 1095 3283 1147 inter
3310 1110 3453 1148 suos
3474 1110 3560 1147 me
3587 1095 3777 1148 salvum
3798 1095 3857 1148 fa-

2277 1183 2408 1237 ciat.
2443 1182 2788 1237 Thesauros
2818 1197 3052 1252 quoque
3096 1198 3260 1237 meos
3287 1183 3468 1254 jubeo
3499 1184 3614 1237 dari
3639 1183 3851 1235 ecclesiis

2275 1276 2331 1326 et
2350 1271 2732 1342 pauperibus,
2749 1275 2811 1325 ut
2832 1287 2965 1341 quae
2987 1274 3271 1342 congesta
3294 1274 3432 1326 sunt
3451 1287 3520 1325 ex
3538 1270 3851 1337 facinoribus,

2272 1360 2692 1431 dispergantur
2720 1361 2779 1413 in
2810 1361 3034 1414 sanctis
3053 1362 3394 1414 sanctorum
3427 1360 3639 1414 usibus.
3670 1360 3853 1413 Debetis

2270 1448 2425 1502 enim
2458 1448 2721 1503 recolere
2781 1465 2955 1519 quam
2988 1449 3238 1503 dulciter
3282 1464 3394 1503 vos
3442 1448 3617 1502 amavi
3644 1452 3693 1501 et
3723 1462 3852 1517 quam

2272 1535 2501 1590 fortiter
2530 1538 2730 1590 contra
2764 1550 2971 1590 omnes
2994 1536 3240 1590 aemulos
3272 1535 3591 1589 defensavi.

2344 1624 2673 1679 Ecclesiam
2709 1625 2831 1694 Dei,
2882 1628 3124 1679 matrem
3173 1624 3404 1678 scilicet
3446 1627 3702 1688 nostram,
3743 1638 3855 1675 nun-

491 1720 648 1775 enim
673 1715 1017 1789 jamdudum
1048 1713 1132 1766 illi
1163 1711 1402 1765 fecerat.
1423 1710 1484 1763 In
1516 1709 1781 1781 taliergo
1796 1709 2155 1764 necessitate
2187 1732 2231 1791 B
2271 1729 2447 1783 quam
2483 1713 2728 1782 violavi;
2763 1714 2871 1768 sed
2901 1714 3141 1783 ubique,
3176 1716 3237 1767 ut
3266 1713 3417 1767 ratio
3447 1713 3648 1783 exegit,
3677 1711 3857 1764 deside-

496 1806 810 1880 pulcbrum
863 1802 945 1856 illi
1004 1804 1059 1856 et
1115 1802 1455 1869 competens
1487 1797 1795 1853 servitium
1836 1798 2153 1868 impendet,

498 1897 641 1950 dum
698 1895 758 1948 in
826 1895 1025 1946 castro
1080 1904 1190 1943 suo
1252 1887 1416 1941 illum
1514 1887 1709 1941 triduo
1795 1888 2049 1956 protexit
2102 1892 2159 1941 et

493 1987 700 2056 postea
750 1981 980 2036 salvum
1027 1978 1099 2031 ad
1155 1994 1262 2031 sua
1302 1976 1596 2047 perduxit.
1630 1977 1748 2030 Pro
1793 1976 1904 2030 hac
1930 1977 2153 2030 oflensa

498 2071 822 2144 Rogerium
873 2069 945 2123 de
995 2065 1416 2121 Northmannia
1473 2062 1645 2134 ejeci,
1679 2064 1785 2118 sed
1816 2064 1991 2134 paulo
2020 2068 2156 2134 post

494 2159 913 2217 reconciliatus
970 2156 1055 2210 illi
1099 2158 1378 2209 caeterum
1409 2154 1693 2209 honorem
1723 2153 1971 2208 reddidi.
2004 2153 2154 2208 Cas-

491 2252 647 2305 trum
676 2253 869 2303 tamen
915 2244 1130 2300 Mortui
1160 2243 1340 2298 maris
1371 2243 1430 2297 in
1486 2258 1602 2314 quo
1631 2243 1932 2297 inimicum
1958 2259 2153 2299 meum

493 2338 762 2408 salvavit,
810 2336 892 2390 illi
939 2334 1099 2407 jure,
1150 2336 1213 2387 ut
1242 2347 1397 2399 reor,
1432 2330 1684 2402 abstuli;
1717 2332 1823 2386 sed
1851 2331 2151 2386 Willelmo

489 2429 561 2483 de
617 2426 928 2482 Guarenna
982 2421 1426 2492 consanguineo
1486 2419 1618 2490 ejus
1661 2419 1838 2474 tironi
1889 2419 2151 2491 legitimo

490 2516 644 2571 dedi.
717 2514 1035 2568 Widonem
1092 2526 1234 2565 vero
1294 2508 1567 2564 comitem
1595 2508 1858 2580 Bajocis,
1893 2509 2152 2580 quandiu

489 2604 728 2675 placuit,
780 2603 840 2656 in
915 2615 1155 2655 carcere
1204 2597 1383 2654 habui
1414 2599 1470 2652 et
1519 2600 1657 2669 post
1737 2597 1887 2652 duos
1962 2613 2151 2652 annos

488 2691 815 2748 hominium
881 2690 953 2744 ab
1012 2705 1079 2744 eo
1147 2688 1246 2743 tali
1301 2690 1506 2742 tenore
1545 2687 1761 2756 recepi,
1829 2688 1892 2741 ut
1939 2686 2150 2742 exinde

486 2780 628 2836 mihi
655 2794 894 2850 semper
922 2777 1113 2832 fidelis
1144 2777 1425 2831 existeret
1456 2778 1511 2830 et
1563 2775 1811 2830 militare
1842 2775 2151 2830 servitium

489 2870 590 2930 ubi
637 2868 988 2941 jussissem,
1011 2881 1144 2920 cum
1163 2865 1688 2920 centummilitibus
1713 2864 1855 2918 mihi
1888 2864 2147 2935 singulis

485 2959 659 3014 annis
719 2956 1042 3012 exhiberet.
1079 2954 1300 3009 Deinde
1331 2953 1676 3008 muneribus
1708 2952 1871 3008 illum
1917 2953 2149 3024 magnis

491 3048 705 3105 donavi
730 3048 788 3102 et
815 3045 1165 3101 honoratum
1198 3059 1331 3097 cum
1367 3059 1512 3115 pace
1540 3042 1758 3097 dimisi.

555 3138 804 3192 Peracto
836 3133 1173 3202 certamine,
1209 3147 1347 3187 mox
1377 3134 1439 3185 ut
1469 3133 1665 3186 certos
1697 3146 1970 3186 rumores
1996 3147 2148 3186 com-

477 3226 629 3298 peri,
660 3242 766 3296 per
797 3223 1171 3293 Radulphum
1226 3222 1297 3275 de
1329 3221 1533 3275 Toenia
1564 3235 1696 3291 quae
1722 3224 1884 3274 trans
1917 3219 2145 3292 Sequa-

482 3331 616 3370 nam
663 3313 994 3385 contigerat
1022 3310 1154 3382 regi
1180 3309 1547 3363 Francorum
1577 3308 1869 3362 mandavi.
1917 3307 2145 3372 Quibus

479 3403 692 3460 auditis
720 3402 819 3456 ille
849 3400 1119 3471 protinus
1151 3400 1326 3453 noctu
1358 3397 1621 3451 surrexit
1652 3400 1708 3451 et
1727 3411 1861 3451 cum
1878 3397 2142 3451 exercitu

480 3508 591 3547 suo
623 3489 906 3546 velociter
937 3486 1184 3558 aufugit,
1218 3501 1327 3540 nec
1357 3501 1614 3556 unquam
1648 3490 1857 3556 postea
1889 3501 2142 3541 securus

478 3580 537 3633 in
567 3584 726 3634 terra
756 3591 885 3631 mea
913 3574 1298 3645 pernoctavit.
1331 3573 1429 3629 Sic
1460 3590 1494 3628 a
1520 3576 1773 3644 pueritia
1802 3590 1932 3629 mea
1967 3575 2143 3629 innu-

478 3665 661 3722 meris
719 3663 1027 3735 pressuris
1072 3662 1329 3733 undique
1359 3663 1674 3732 impeditus
1712 3678 1867 3733 sum,
1901 3663 2008 3718 sed
2037 3679 2145 3732 per

478 3754 733 3828 gratiam
792 3753 897 3808 Dei
945 3752 1017 3807 de
1048 3752 1320 3807 omnibus
1353 3752 1682 3808 honorifice
1713 3755 1952 3822 ereptus
1985 3768 2137 3807 sum.

477 3841 816 3897 Invidiosus
839 3840 1021 3915 igitur
1050 3840 1326 3897 omnibus
1356 3843 1567 3897 vicinis
1597 3842 1747 3896 meis
1769 3841 1960 3896 factus
1984 3858 2136 3913 sum,

477 3931 586 3987 sed
615 3929 929 3986 auxiliante
952 3931 1093 3996 Deo,
1128 3930 1188 3985 in
1218 3946 1333 4001 quo
1364 3946 1600 4001 semper
1631 3947 1796 4001 spem
1814 3947 2002 3987 meam
2030 3949 2139 4003 po-

475 4018 591 4092 sui,
625 4036 657 4074 a
687 4018 846 4075 nullo
878 4022 1191 4091 superatus
1248 4035 1402 4073 sum.
1436 4020 1565 4074 Hoc
1631 4037 1792 4090 saepe
1822 4028 2141 4079 senserunt

476 4108 751 4165 Britones
780 4111 836 4163 et
858 4108 1348 4181 Andegavenses.
1371 4108 1498 4163 Hoc
1515 4109 1906 4179 astipulantur
1923 4109 2138 4166 Franci

473 4201 647 4270 atque
706 4197 1128 4252 Flandrenses.
1189 4197 1318 4252 Hoc
1365 4198 1629 4269 graviter
1692 4200 1916 4271 experti
2000 4205 2141 4256 sunt

475 4285 653 4359 Angli
684 4289 740 4341 et
766 4285 1270 4341 Cenomanenses.

2179 3089 2230 3151 C

2269 1805 2469 1857 ranter
2486 1802 2794 1857 honoravi.
2820 1801 3276 1857 Ecclesiasticas
3298 1801 3607 1873 dignitates
3625 1813 3855 1869 nunquam

2269 1891 2625 1947 venundedi.
2675 1891 2995 1947 Simoniam
3027 1891 3353 1945 detestatus
3401 1905 3624 1959 semper
3647 1887 3856 1942 refutari.

2268 1980 2331 2034 In
2360 1981 2647 2036 electione
2667 1996 3061 2051 personarum
3082 1982 3218 2034 vitae
3245 1980 3593 2048 meritum_et
3616 1976 3856 2046 sapientis

2267 2068 2593 2123 doctrinam
2624 2068 3000 2141 investigavi,
3037 2068 3429 2139 et,fquantum
3459 2067 3516 2120 in
3544 2081 3629 2119 me
3656 2064 3759 2125 fuit,
3780 2080 3861 2118 om-

2268 2157 2428 2212 nium
2475 2157 2832 2229 dignissimo
2888 2156 3141 2211 Eclesiae
3189 2157 3464 2229 regimen
3505 2152 3855 2209 commendavi.

2268 2245 2397 2300 Hoc
2427 2245 2702 2300 nimirum
2723 2246 2963 2316 probari
2983 2246 3486 2315 potestveraciter
3510 2243 3566 2297 in
3594 2241 3858 2296 Lanlranco

2266 2333 2779 2390 Cantuariensium
2826 2334 3289 2404 archipraesule,
3366 2334 3477 2387 hoc
3535 2334 3589 2386 in
3640 2329 3859 2385 Anselmo

2266 2423 2656 2478 Beccensium
2679 2425 2907 2491 abbate,
2943 2424 3055 2477 hoc
3086 2424 3144 2478 in
3170 2423 3461 2478 Gerberto
3482 2418 3859 2475 Fontanellense

2266 2514 2322 2566 et
2354 2513 2629 2568 Durando
2685 2513 3078 2583 Troarnense,
3136 2515 3193 2566 et
3248 2513 3308 2565 in
3336 2512 3475 2565 aliis
3528 2509 3710 2564 multis
3735 2507 3863 2577 regni

2264 2603 2382 2658 mei
2411 2602 2773 2671 doctoribus,
2809 2617 3063 2673 quorum
3103 2600 3358 2655 celebris
3405 2602 3533 2654 laus
3562 2599 3797 2669 personat
3820 2595 3859 2646 in

2263 2693 2506 2763 ultimis,
2558 2697 2620 2747 ut
2674 2687 2876 2759 credo,
2926 2694 3103 2746 terrm
3144 2690 3389 2745 finibus.
3422 2690 3591 2743 Tales
3620 2687 3788 2741 socios
3810 2682 3860 2735 ad

2265 2782 2624 2853 colloquium
2654 2780 2827 2853 elegi,
2861 2781 2921 2834 in
2944 2780 3153 2834 horum
3186 2777 3574 2834 contubernio
3619 2774 3858 2828 veritatem

2265 2874 2319 2926 et
2378 2871 2723 2941 sapientiam
2780 2869 3010 2935 inveni;
3070 2869 3319 2939 ideoque
3368 2882 3601 2936 semper
3652 2862 3860 2934 gaudens

2263 2961 2534 3031 optabam
2567 2975 2771 3015 eorum
2803 2957 3071 3012 consiliis
3100 2957 3349 3028 perfrui.

2332 3048 2562 3103 Novem
2612 3048 2862 3102 abbatiae
2901 3046 3323 3101 monachorum
3365 3050 3425 3100 et
3465 3062 3575 3099 una
3603 3044 3859 3099 sanctimo-

2260 3137 2500 3192 nialium
2530 3153 2661 3209 qua:
2692 3153 2725 3190 a
2756 3136 3021 3206 pratibus
3051 3136 3201 3190 meis
3242 3135 3302 3188 in
3332 3133 3737 3188 Northmannia
3761 3129 3859 3182 fun-

2260 3227 2411 3281 datm
2443 3228 2601 3295 sunt,
2633 3241 2725 3280 me
2756 3225 3092 3295 adjuvante,
3136 3239 3269 3277 cum
3311 3223 3534 3277 auxilio
3581 3222 3676 3275 Dei
3704 3232 3861 3273 creve-

2259 3317 2417 3386 runt,
2452 3317 2508 3369 et
2538 3315 2800 3387 gloriose
2830 3314 3145 3368 multarum
3182 3313 3520 3383 augmentis
3551 3326 3727 3365 rerum
3753 3321 3862 3376 quas

2259 3402 2393 3456 dedi
2425 3401 2814 3474 magnificatae
2865 3404 3021 3454 sunt.
3058 3399 3278 3453 Deinde
3324 3399 3579 3453 ducatus
3619 3397 3718 3452 mei
3750 3396 3861 3448 tem-

2258 3506 2422 3564 pore,
2457 3492 2660 3545 decem
2689 3493 2746 3544 et
2774 3492 2998 3559 septem
3044 3487 3469 3541 monachorum
3501 3490 3663 3557 atque
3690 3482 3862 3537 sancti

2258 3581 2599 3636 monialium
2658 3594 2769 3632 sex
2799 3577 3069 3631 coenobia
3101 3577 3443 3630 constructa
3479 3577 3631 3643 sunt,
3658 3566 3746 3627 ubi
3771 3585 3863 3623 ma-

2257 3685 2440 3743 gnum
2474 3666 2783 3723 servitium
2812 3669 2869 3720 et
2900 3666 3103 3735 plures
3134 3665 3534 3734 eleemosynae
3570 3679 3669 3732 pro
3696 3656 3862 3715 summi

2262 3759 2447 3831 Regis
2476 3771 2673 3811 amore
2695 3754 2954 3825 quotidie
2988 3754 3150 3808 fiunt.
3172 3752 3538 3823 Hujusmodi
3566 3750 3756 3805 castris
3769 3761 3862 3801 mu-

2257 3848 2377 3903 nita
2409 3851 2498 3901 est
2534 3844 2981 3911 Northmannia,
3020 3842 3155 3897 etin
3190 3842 3286 3896 his
3322 3842 3564 3896 discunt
3599 3839 3863 3908 terrigenae

2255 3935 2516 4008 praeliari
2562 3937 2766 3990 contra
2812 3927 3113 3988 daemones
3163 3934 3219 3985 et
3262 3931 3464 3984 carnis
3502 3930 3654 3983 vitia.
3686 3926 3860 3979 Horum

2256 4026 2472 4097 quippe
2493 4026 2590 4079 aut
2610 4038 2744 4095 ego,
2760 4022 3084 4091 inspirante
3105 4020 3249 4088 Deo,
3270 4019 3355 4073 fui
3377 4020 3639 4074 conditor
3657 4020 3743 4070 aut
3758 4014 3863 4067 fun-

2255 4114 2442 4183 dator,
2461 4112 2729 4167 fervidus
2751 4109 2842 4181 adj
2853 4113 3001 4178 utor,
3024 4107 3355 4162 benevolus
3392 4107 3668 4161 incentor.
3689 4103 3861 4156 Omnes

2254 4218 2489 4273 quoque
2526 4215 2626 4255 res
2653 4215 2801 4271 quas
2828 4200 2887 4252 in
2916 4197 3095 4252 terris
3123 4196 3218 4251 vel
3248 4195 3383 4251 aliis
3416 4194 3730 4250 redditibus
3756 4203 3863 4260 pro-

2255 4306 2424 4346 ceres
2439 4290 2552 4345 mei
2571 4290 2691 4344 Deo
2706 4292 2761 4343 et
2780 4287 3001 4342 sanctis
3020 4285 3154 4357 ejus
3172 4286 3577 4354 dederuntpro
3594 4282 3761 4337 salute
3773 4274 3861 4346 spi-

542 4348 892 4430 Gvoisfredus
924 4373 1228 4428 Martellus
1242 4391 1442 4430 comes
1474 4375 1932 4448 Andegavorum
1966 4348 2207 4448 etCo-_
2252 4379 2444 4433 rituali
2468 4380 2527 4432 in
2549 4376 2831 4432 Neustria
2853 4378 2910 4431 et
2925 4348 3140 4446 Anglia
3171 4348 3512 4445 benigniter
3532 4368 3797 4433 concessi,
3821 4365 3863 4417 et

477 4478 668 4519 nanus
719 4462 999 4533 princeps
1047 4462 1358 4517 Britonum
1393 4466 1567 4535 atque
1601 4442 1898 4521 Robertus
1929 4467 2137 4523 Fresio
2252 4468 2492 4522 chartas
2510 4467 2888 4538 largitionum
2911 4442 3113 4518 contra
3139 4442 3344 4517 omnes
3368 4461 3615 4516 aemulos
3635 4461 3686 4512 et
3711 4455 3860 4509 infes-

473 4550 1083 4622 satrapaMorinorum
1095 4551 1238 4605 mihi
1264 4551 1467 4607 multis
1495 4552 2031 4611 machinationibus
2054 4558 2138 4611 in-

475 4641 674 4697 sidiati
704 4638 1017 4709 sunt.Sed,
1051 4639 1417 4695 custodiente
1447 4641 1590 4710 Deo,
1620 4641 1755 4697 licet
1770 4641 2025 4714 [multum
2045 4662 2140 4716 op-

470 4732 704 4785 tassent
734 4730 791 4784 et
817 4729 1024 4799 plures
1053 4728 1304 4784 insidias
1322 4731 1813 4802 perstruxissent,
1838 4749 2136 4805 nunquam

474 4820 595 4875 voti
638 4820 882 4889 copotes
938 4815 1130 4871 effecti
1160 4820 1318 4871 sunt.
1378 4818 1657 4873 Diadema
1708 4823 1928 4892 regale,
1980 4824 2138 4892 quod

474 4908 672 4964 nullus
702 4910 1151 4963 antecessorum
1180 4922 1446 4961 meorum
1477 4909 1687 4980 gessit,
1713 4911 1960 4982 adeptus
1982 4927 2134 4983 sum,

476 4997 635 5068 quod
664 4996 862 5051 divina
892 4994 1260 5051 solummodo
1287 4997 1479 5068 gratia
1497 5013 1614 5053 non
1632 4996 1735 5069 jus
1754 5000 1998 5054 contulit
2015 5001 2135 5056 hae-

477 5083 839 5154 reditarium,
871 5083 1135 5150 Quantos
1148 5083 1299 5139 ultra
1316 5101 1479 5141 mare
1499 5085 1739 5142 labores
1762 5091 1818 5142 et
1847 5090 2135 5158 periculo-

477 5184 582 5226 sos
600 5173 907 5228 conictus
921 5173 1260 5243 pertulerim
1275 5179 1479 5228 contra
1493 5173 2133 5245 Exonios,Cestrenses

476 5262 533 5314 et
544 5257 1098 5331 Nordanhumbros,
1116 5264 1321 5316 contra
1335 5262 1547 5317 Scotos
1566 5266 1622 5317 et
1637 5264 1898 5336 Guallos,
1917 5266 2132 5322 North-

477 5347 747 5418 wigenas
761 5351 816 5400 et
829 5348 1020 5404 Dacos
1052 5353 1108 5405 et
1139 5352 1341 5405 contra
1358 5356 1608 5407 caeteros
1621 5352 2136 5427 adversarios,qui

479 5431 844 5487 conabantur
871 5450 964 5490 me
994 5452 1179 5508 regno
1209 5439 1441 5511 Angliae
1465 5440 1740 5513 spoliare,
1775 5442 2015 5498 difficile
2045 5447 2139 5499 est

478 5532 784 5590 enarrare,
833 5520 894 5575 in
941 5522 1158 5593 quibus
1222 5527 1498 5585 omnibus
1527 5530 1800 5601 provenit
1826 5532 1969 5587 mihi
1999 5549 2135 5590 sors

2250 4559 2471 4611 tutores
2489 4555 2797 4626 principali
2819 4554 3161 4607 auctoritate
3193 4551 3383 4623 gratis
3417 4545 3759 4605 conrmavi.

2324 4645 2467 4700 Haec
2497 4644 2690 4699 studia
2739 4645 3001 4697 sectatus
3051 4657 3182 4695 sum
3225 4656 3258 4694 a
3303 4641 3589 4710 primaevo
3617 4640 3856 4703 tempore,

2249 4733 2379 4789 haec
2392 4732 2732 4788 haeredibus
2745 4732 2894 4786 meis
2908 4730 3177 4800 relinquo
3190 4728 3444 4783 tenenda
3459 4726 3857 4783 omnitempore.

2249 4823 2316 4877 In
2344 4822 2460 4891 his,
2494 4822 2598 4876 filii
2627 4820 2762 4892 mei,
2788 4835 2879 4875 me
2906 4818 3131 4891 jugiter
3175 4816 3514 4888 sequimini,
3546 4818 3604 4868 ut
3631 4813 3717 4866 hic
3744 4810 3791 4863 et
3816 4805 3859 4857 in

2248 4926 2440 4965 aevum
2485 4925 2681 4965 coram
2730 4908 2852 4963 Deo
2883 4911 2938 4962 et
2973 4905 3311 4961 hominibus
3355 4899 3730 4959 honoremini.
3761 4895 3857 4948 Hoc

2245 5001 2543 5072 praecipue
2563 5015 2695 5069 vos,
2719 4998 2952 5052 viscera
2975 5011 3121 5063 mea,
3143 5008 3511 5060 commoneo,
3536 4993 3596 5044 ut
3613 4989 3857 5072 bonorum

2249 5069 2305 5143 et
2337 5069 2666 5158 sapientum
2712 5086 3140 5155 indesinenter.
3162 5082 3504 5138 inhaereatis
3548 5073 3789 5134 sodalitio
3816 5069 3859 5122 et

2250 5193 2456 5233 eorum
2476 5177 2534 5230 in
2553 5176 2848 5242 omnibus,
2872 5176 2923 5229 si
2946 5175 3043 5228 diu
3061 5172 3310 5245 gloriosi
3340 5170 3524 5224 vultis
3556 5165 3853 5248 persistere,

2247 5266 2536 5321 obediatis
2559 5264 2825 5335 imperio.
2847 5263 3083 5316 Piorum
3104 5260 3507 5331 sophistarum
3528 5245 3767 5310 doctrina
3785 5245 3855 5299 est

2244 5355 2465 5411 bonum
2494 5370 2528 5408 a
2565 5354 2716 5408 malo
2753 5352 3115 5420 discernere,
3135 5348 3426 5420 justitiam
3450 5339 3773 5400 omnimodis
3798 5339 3858 5429 te

2243 5459 2404 5511 nere,
2440 5443 2875 5515 nequitiamque
2905 5438 3064 5495 omni
3079 5436 3372 5493 molimine
3392 5447 3618 5500 cavere,
3640 5426 3852 5482 infirmis

2242 5535 2300 5590 et
2318 5532 2682 5605 pauperibus
2699 5545 2768 5586 ac
2784 5528 2967 5603 justis
2984 5540 3228 5599 parcere
3248 5520 3655 5599 etsubvenire,
