4074 6150
206 327 367 392 1289

1704 327 2138 394 EPISTOLIE

3478 336 3637 401 1290

201 530 318 584 bos
349 532 407 584 et
433 529 669 599 iniquos
715 527 1104 596 comprimere
1133 543 1203 581 ac
1233 527 1553 595 debellare,
1589 531 1645 582 et
1676 530 1747 583 ab
1780 530 1866 582 in-
1895 511 1944 564 Α
1967 528 2353 598 Eboracensi,
2388 530 2546 585 fame
2575 546 2683 585 seu
2714 530 2872 585 ferro
2904 532 3273 588 mortiﬁcavi.
3295 534 3455 589 Deiri
3472 537 3631 593 enim

203 619 522 673 festatione
535 617 891 685 simplicium
911 615 1239 685 refrenare,
1267 618 1580 671 ecclesiam
1606 620 1869 672 sanctam

202 708 419 761 devote
446 707 841 776 frequentare,
879 704 1200 758 divinitatis
1220 706 1438 782 cultum
1463 722 1643 775 super
1663 722 1870 760 omnes

200 796 441 849 divitias
472 809 669 847 amare
700 796 756 847 et
785 793 1002 847 divinae
1061 793 1179 864 legi
1228 797 1401 849 nocte
1457 795 1689 865 dieque,
1724 798 1783 849 et
1810 795 1869 848 in

197 884 479 937 adversis
518 885 575 936 et
597 883 930 952 prosperis,
962 881 1408 953 infatigabiliter
1437 884 1864 953 obtemperare.

274 972 565 1026 Ducatum
610 970 1075 1039 Northmanniae,
1109 974 1419 1040 antequam
1478 971 1539 1024 in
1596 972 1866 1040 Epitumo

194 1060 412 1116 Senlac
448 1063 651 1114 contra
685 1059 1005 1113 Heraldum
1055 1062 1399 1127 certassem,
1454 1059 1715 1115 Roberto
1746 1060 1865 1114 ﬁlio

190 1164 325 1204 meo
363 1148 665 1214 concessi,
701 1148 838 1219 quia
898 1148 1329 1219 primogenitae
1378 1152 1490 1203 est.
1526 1147 1864 1203 Hominium

193 1253 347 1306 pene
379 1238 639 1292 omnium
674 1235 858 1307 hujus
889 1235 1092 1305 patriae
1123 1236 1411 1291 baronum
1434 1236 1561 1307 jam
1615 1238 1858 1308 recepit.

191 1326 545 1381 Concessus
567 1325 757 1379 honor
778 1325 977 1395 nequit
999 1325 1282 1379 abstrahi.
1321 1324 1437 1379 Sed
1469 1325 1863 1381 indubitanter

188 1417 321 1470 scio
344 1415 507 1486 quod
528 1429 668 1468 vere
685 1414 902 1468 misera
920 1414 1030 1467 erit
1051 1413 1220 1484 regio
1238 1429 1371 1483 qum
1393 1413 1527 1484 subj
1537 1418 1665 1468 ecta
1687 1414 1863 1469 fuerit

138 1512 145 1518 '
188 1505 328 1574 ejus
361 1504 642 1558 dominio.
675 1502 985 1571 Superbus
1018 1502 1171 1556 enim
1201 1506 1314 1570 est,
1348 1505 1405 1556 et
1432 1502 1721 1572 insipiens
1751 1518 1860 1558 ne-

188 1594 332 1647 bulo
366 1593 645 1663 trucique.
668 1590 767 1645 diu
795 1591 1144 1662 plectendas
1177 1590 1517 1645 infortunio.
1551 1591 1860 1646 Nemin‘em

186 1681 428 1751 Anglici
444 1681 613 1752 regni
628 1680 921 1734 constituo
946 1679 1262 1748 haeredem,
1279 1680 1387 1733 sed
1400 1683 1621 1735 aeterno
1639 1680 1859 1735 Condi-

181 1771 323 1838 tori,
351 1770 528 1840 cujus
551 1785 684 1824 sum
714 1772 772 1822 et
811 1770 870 1822 in
901 1768 1076 1839 cujus
1098 1784 1274 1821 manu
1296 1773 1435 1822 sunt
1463 1770 1678 1839 omnia,
1713 1770 1859 1823 illud

184 1858 703 1913 commendo.Non
717 1858 870 1912 enim
885 1860 1108 1911 tantum
1126 1858 1310 1911 decus
1325 1858 1705 1912 haereditario
1716 1858 1740 1929 j
1752 1873 1856 1912 ure

182 1947 460 2017 possedi,
493 1946 600 2000 sed
629 1946 756 1999 diro
798 1945 1072 1999 conflictu
1132 1948 1188 1998 et
1217 1946 1398 1999 multa
1428 1944 1717 2000 effusione
1749 1945 1856 2000 hu-

1964 624 2020 672 et
2051 622 2215 672 trans
2239 619 2595 673 Humbranae
2614 624 2826 690 gentes
2851 622 3175 674 exercitum
3208 622 3387 677 Sueni
3439 625 3628 682 Dano-

1962 723 2092 760 rum
2122 707 2288 778 regis
2322 710 2523 760 contra
2557 724 2648 761 me
2680 714 3079 778 susceperunt
3110 714 3165 763 et
3201 712 3522 768 Robertum
3552 715 3625 770 de

1960 794 2227 849 Cuminis
2249 810 2382 849 cum
2401 795 2557 849 mille
2580 797 2863 850 militibus
2887 797 3038 851 intra
3063 799 3625 870 Dunelmum,alios-

1960 899 2074 953 que
2091 899 2372 954 proceres
2388 900 2553 939 meos
2572 888 2629 938 et
2641 886 2864 941 tirones
2878 887 3337 955 probatissimos
3350 890 3408 942 in
3429 891 3625 946 diver-

1962 972 2050 1026 sis
2068 973 2217 1026 locis
2241 974 3217 1042 peremerunt.Undeimmoderato
3241 977 3444 1033 furore
3466 995 3623 1034 com-

1960 1061 2229 1115 motus‘in
2244 1062 2520 1116 boreales
2538 1064 2765 1133 Anglos
2790 1067 2852 1118 ut
2868 1079 3129 1119 vesanus
3159 1065 3251 1120 leo
3283 1069 3618 1137 properavi.

1958 1150 2177 1204 Domos
2200 1165 2405 1204 eorum
2429 1150 2612 1221 jussi,
2640 1156 2999 1223 segetesque
3030 1157 3086 1207 et
3115 1170 3348 1209 omnem
3376 1171 3622 1226 appara-

1954 1241 2077 1293 tum
2108 1242 2282 1309 atque
2323 1240 2751 1309 supellectilem
2814 1241 3129 1296 confestim
3160 1242 3395 1298 incendi
3427 1250 3484 1298 et
3513 1260 3619 1300 co-

1955 1328 2161 1395 piosos
2207 1330 2608 1380 armentorum
2656 1328 3066 1399 pecudumque
3117 1345 3338 1401 greges
3387 1333 3619 1401 passim

1954 1414 2216 1468 mactari.
2251 1414 2681 1468 Multitudinem
2712 1415 2906 1486 itaque
2936 1418 3247 1488 utriusque
3277 1434 3463 1475 sexus
3498 1422 3617 1474 tam

1954 1502 2304 1557 diraexfamis
2327 1518 2607 1557 mucrone
2647 1504 2943 1559 mulctavi.
3005 1506 3076 1559 Et
3104 1509 3193 1561 sic
3223 1508 3404 1562 multa
3433 1507 3617 1562 millia
3654 1554 3657 1555 ν

1951 1591 2367 1661 pulcherrimae
2389 1593 2585 1663 gentis
2608 1593 3408 1668 senumjuvenumque,proh
3423 1595 3614 1653 dolorl

1951 1679 2231 1734 funestus
2255 1681 2566 1735 trucidavi.
2599 1682 2821 1736 Fasces
2851 1683 3032 1753 igitur
3049 1685 3231 1756 hujus
3261 1688 3613 1760 regni,quos

1952 1785 2084 1822 cum
2141 1771 2226 1822 tot
2278 1770 2538 1839 peccatis
2605 1770 2852 1839 obtinui,
2910 1772 3056 1825 nulli
3111 1774 3300 1829 audeo
3358 1777 3612 1850 tradere,

1949 1857 2066 1911 nisi
2094 1857 2215 1911 Deo
2240 1857 2373 1922 soli;
2416 1873 2491 1911 ne
2521 1862 2659 1927 post
2679 1858 2858 1913 funus
2880 1876 3074 1915 meum
3101 1863 3291 1918 adhuc
3323 1865 3621 1923 deteriora

1950 1946 2090 1999 ﬁant
2122 1946 2438 2000 occasione
2470 1947 2606 2000 mei.
2642 1947 3007 2002 Willelmum
3038 1950 3219 2005 filium
3269 1968 3483 2024 meum,
3516 1956 3621 2026 qui

180 2036 348 2088 mani
378 2034 610 2089 cruoris
630 2033 875 2104 perjuro
897 2033 1303 2105 regiHeraldo
1325 2033 1561 2103 abstuli,
1592 2039 1648 2089 et
1677 2035 1854 2088 inter-
1882 2026 1926 2078 Β
1951 2034 2092 2088 mihi
2123 2051 2154 2088 a
2186 2034 2395 2103 primis
2453 2037 2623 2089 annis
2664 2052 2905 2106 semper
2936 2037 3175 2093 inhaesit
3215 2044 3270 2094 et
3328 2043 3472 2097 mihi
3507 2060 3617 2114 pro

180 2123 366 2178 factis
398 2124 493 2178 vel
523 2122 798 2194 eﬂ‘ugatis
830 2122 1163 2176 fautoribus
1194 2122 1354 2192 ejus,
1379 2122 1696 2177 dominatui
1728 2138 1856 2178 meo

180 2212 428 2283 subegi.
454 2212 764 2266 Naturales
782 2212 952 2282 regni
973 2210 1127 2264 filios
1157 2211 1292 2280 plus
1315 2226 1486 2281 aequo
1507 2227 1726 2266 exosos
1748 2211 1857 2265 ha—

182 2302 309 2356 bui.
330 2301 578 2355 Nobiles
611 2302 666 2354 et
708 2300 991 2371 vulgares
1020 2298 1339 2355 crudeliter
1365 2301 1595 2354 vexavi.
1631 2299 1857 2371 Injuste

178 2389 408 2445 multos
439 2388 881 2459 exhaareditavi,
925 2389 1271 2443 innumeros
1330 2389 1582 2444 maxime
1613 2388 1673 2443 in
1702 2405 1857 2461 pago

1949 2139 2132 2193 posse
2179 2139 2287 2177 suo
2344 2139 2450 2193 per
2504 2125 2699 2178 omnia
2759 2124 3009 2180 libenter
3064 2128 3342 2199 obedivit,
3389 2133 3619 2202 optoin

1947 2211 2169 2281 Spiritu
2200 2212 2303 2264 Dei
2349 2212 2449 2264 diu
2487 2213 2686 2266 valere
2724 2217 2782 2267 et
2810 2214 2871 2267 in
2901 2216 3069 2286 regni
3097 2216 3267 2287 solio,
3302 2219 3357 2272 si
3385 2219 3493 2274 Dei
3511 2235 3617 2276 vo-

1949 2299 2151 2354 luntas
2175 2302 2285 2368 est,
2321 2298 2572 2355 feliciter
2587 2300 2839 2372 fulgere.

437 2661 3365 3022 πιιιειινιέἕὲἓῇσεετωιιε
3407 2675 3413 2682 ’

1667 3092 2105 3105 —

678 3158 1043 3215 EPISTOLA
1085 3162 1344 3217 PRIMA.

367 3263 442 3299 ΑΙ)
473 3262 815 3304 GREGORIUM
846 3267 925 3303 VII
955 3267 1304 3307 PONTIFICEH
1345 3268 1647 3309 ROMANUM.

162 3332 353 3401 (Vide
384 3334 446 3386 in
479 3334 768 3407 Gregorio
812 3338 932 3392 VII.
970 3339 1333 3412 Patrologiae
1360 3348 1501 3395 tom.
1534 3340 1838 3407 CXLVIII,

861 3427 972 3481 col.
1005 3427 1155 3498 748.)

774 3513 1139 3571 EPISTOLA
1162 3516 1234 3572 II.

419 3619 496 3657 ΑΙ)
527 3617 791 3657 δοΑΝΝΕΜ
820 3620 1089 3660 ΑΒΒΑΤΕΜ
1118 3621 1584 3663 ΡῙΒΟΑΠΝΕΝΒΕΜ.

332 3689 510 3757 (Vide
537 3691 900 3762 Patrologiae
933 3697 1045 3748 tam
1076 3693 1354 3764 CXLVII,
1388 3696 1500 3750 col.
1531 3694 1684 3761 463.)

758 3797 1126 3854 EPISTOLA
1157 3800 1253 3856 ΙΙΙ.

231 3902 313 3940 AD
330 3900 613 3941 CLERICOS
632 3902 703 3940 ET
719 3902 923 3942 LAICOS
945 3905 1060 3943 PER
1078 3904 1335 3944 ANGLIAM
1357 3905 1764 3945 CONSTITUTOS.

151 3973 390 4045 (Edidit
419 3972 654 4028 Sanam
694 3975 754 4028 in
799 3977 957 4030 notis
1005 3977 1077 4030 ad
1107 3976 1381 4032 Eadmeri
1410 3978 1569 4032 Hist.
1605 3993 1833 4048 novor.,

224 4062 500 4131 Append.
533 4063 606 4116 ad
637 4063 781 4134 Opp.
816 4064 1133 4119 Lanfranci
1160 4066 1252 4120 ed.
1289 4064 1426 4120 16⁸75
1454 4082 1590 4137 pag.
1625 4064 1773 4136 113.)

235 4150 626 4217 VVILLELMUS,
648 4153 754 4206 Dei
780 4154 969 4224 gratia
990 4169 1100 4208 rex
1116 4153 1442 4227 Anglorum
1465 4157 1577 4208 tam
1601 4156 1836 4209 clericis

153 4254 345 4310 quam
390 4239 559 4294 laicis
591 4256 696 4310 per
723 4242 997 4312 Angliam
1028 4243 1385 4312 constitutis,
1420 4242 1689 4297 salutem.

237 4328 458 4381 Notum
481 4328 559 4382 sit
587 4329 762 4383 vobis
793 4345 886 4383 me
918 4331 1302 4386 concessisse
1332 4334 1388 4385 ct
1418 4331 1828 4402 conﬁrmasse,

151 4432 425 4471 assensu
456 4416 770 4471 Lanfranci
811 4418 1245 4488 archiepiscopi
1275 4418 1741 4489 Cantuariensis,
1774 4424 1830 4474 et

150 4505 435 4577 Stigandi
485 4505 748 4575 episcopi
793 4506 1209 4575 Cicestrensis,
1244 4511 1300 4561 et
1349 4508 1596 4562 consilio
1657 4509 1830 4563 etiam

148 4593 581 4664 episcoporum
613 4610 681 4647 ac
701 4595 988 4649 baronum
1018 4599 1380 4665 meorum,ut
1400 4596 1655 4651 ecclesia
1687 4612 1829 4651 san-

149 4684 235 4736 cti
256 4682 491 4735 Martini
512 4682 584 4736 de
605 4682 785 4752 bello,
809 4698 985 4753 quam
1017 4683 1259 4737 fundavi
1289 4699 1364 4737 ex
1395 4688 1530 4740 voto
1553 4686 1628 4739 ob
1646 4686 1829 4740 victo-

143 4772 309 4825 riam
342 4785 517 4832 quam
541 4771 683 4824 mihi
707 4771 865 4825 Deus
895 4772 951 4824 in
974 4771 1181 4826 eodem
1203 4773 1334 4827 loco
1357 4772 1621 4842 contulit,
1645 4773 1828 4829 libera

144 4860 237 4915 sit
262 4863 321 4913 et
338 4859 532 4929 quieta
554 4859 614 4911 in
643 4862 988 4928 perpetuum
1020 4861 1092 4914 ab
1125 4861 1283 4914 omni
1310 4862 1592 4916 servitute
1621 4866 1677 4917 et
1708 4878 1828 4916 om-

144 4950 342 5003 nibus
373 4962 742 5019 quaecunque
772 4947 1027 5002 humana
1053 4964 1221 5003 mens
1241 4951 1581 5021 excogitare
1611 4952 1823 5018 potest,

144 5052 294 5092 cum
316 5036 591 5090 omnibus
616 5036 1001 5107 dignitatibus
1030 5041 1086 5093 et
1107 5038 1636 5092 consuetudinibus
1658 5053 1829 5109 rega-

1868 3569 1919 3626 Ο

1950 3170 2010 3224 in
2027 3170 2183 3225 illius
2206 3170 2453 3226 dioecesi
2478 3172 2575 3242 sit,
2600 3171 2659 3226 in
2689 3171 2945 3226 ecclesia
2964 3170 3082 3240 illa,
3115 3170 3210 3225 vel
3241 3169 3301 3224 in
3330 3169 3615 3226 maneriis

1949 3260 2023 3313 ad
2053 3276 2182 3315 eam
2208 3261 2640 3330 pertinentibus
2695 3276 2769 3315 ex
2816 3260 3242 3315 consuetudine
3301 3258 3610 3330 hospitari,

1951 3350 2154 3403 contra
2173 3350 2529 3405 voluntatem
2548 3350 2799 3418 abbatis;
2821 3365 2929 3403 nec
2961 3348 3360 3403 ordinationes
3381 3347 3613 3419 aliquas
3664 3362 3669 3368 '

1949 3437 2166 3492 ibidem
2186 3437 2403 3506 facere,
2427 3454 2537 3493 nec
2570 3439 2862 3493 abbatiam
2893 3438 2953 3491 in
2973 3438 3166 3507 aliquo
3186 3450 3460 3508 gravare.
3493 3435 3616 3491 Sed

1948 3543 2140 3598 neque
2158 3544 2342 3598 super
2358 3528 2517 3582 illam
2545 3528 3001 3582 dominationem
3031 3525 3306 3597 aliquam,
3340 3526 3439 3579 aut
3466 3523 3610 3595 vim,

1948 3615 2039 3670 vel
2070 3618 2419 3685 potestatem
2451 3620 2745 3685 exerceat;
2791 3615 2918 3687 sed,
2953 3615 3107 3670 sicut
3160 3628 3291 3668 mea
3318 3611 3615 3667 dominica

1948 3705 2191 3774 capella,
2226 3706 2414 3760 libera
2445 3707 2523 3760 sit
2562 3706 2799 3760 omnino
2830 3705 2903 3759 ab
2937 3704 3096 3759 omni
3124 3702 3259 3773 ejus
3281 3701 3610 3757 exactione.

1944 3792 2035 3844 Ad
2065 3793 2356 3863 synodum
2386 3809 2529 3849 vero
2561 3794 2745 3849 abbas
2777 3793 2862 3846 ire
2884 3808 3001 3846 non
3023 3792 3470 3845 summoneatur
3498 3804 3612 3845 nec

1947 3881 2347 3951 compellatur,
2380 3882 2495 3936 nisi
2515 3882 2762 3951 ,propria
2811 3880 3109 3933 voluntate
3141 3894 3247 3948 pro
3278 3878 3475 3949 aliquo
3508 3892 3612 3933 ne-

1944 3972 2105 4041 gotio
2139 3971 2224 4024 ire
2254 3970 2525 4024 voluerit.
2556 3969 2680 4022 Nec
2709 3967 3032 4021 monachos
3065 3982 3211 4020 suos
3242 3965 3343 4021 ubi
3365 3965 3482 4020 sibi
3513 3980 3612 4036 op-

1942 4058 2256 4128 portunius
2280 4058 2509 4125 viderit,
2542 4057 2616 4110 ad
2645 4070 2853 4110 sacros
2885 4055 3126 4108 ordines
3154 4054 3495 4123 promoveri
3514 4053 3608 4109 fa-

1944 4162 2080 4202 cere
2100 4146 2499 4217 prohibeatur.
2536 4145 2660 4199 Nec
2677 4144 2946 4198 altarium
2974 4143 3363 4209 sacrationes,
3385 4141 3607 4196 conﬁr-

1941 4238 2252 4305 mationes,
2285 4235 2381 4290 vel
2419 4234 2711 4305 quaslibet
2742 4231 3114 4303 episcopales
3134 4230 3604 4299 benedictiones,

1939 4326 2171 4381 abbatis
2223 4324 2317 4379 vel
2375 4322 2797 4378 monachorum
2853 4318 3239 4391 requisitions
3279 4333 3313 4372 a
3342 4317 3608 4388 quolibet

1943 4415 2221 4484 episcopo
2240 4412 2456 4467 ibidem
2473 4411 2660 4465 libere
2674 4408 2824 4479 fieri,
2843 4409 2917 4462 ab
2934 4406 3130 4478 aliquo
3144 4405 3604 4462 contradicatur.

1945 4504 2067 4557 Hoc
2089 4502 2261 4557 etiam
2280 4500 2469 4573 regali
2490 4500 2836 4554 auctoritate
2860 4500 2915 4551 et
2934 4497 3352 4567 episcoporum
3397 4510 3465 4549 ac
3493 4494 3605 4549 ba-

1939 4605 2150 4645 ronum
2209 4603 2476 4643 meorum
2531 4586 2902 4641 attestatione
2961 4585 3278 4653 constituo,
3310 4585 3604 4654 quatenus

1938 4680 2124 4734 abbas
2174 4677 2448 4733 ecclesiae
2498 4691 2624 4730 sua:
2655 4676 2712 4729 et
2761 4674 2955 4745 leugae
2986 4672 3468 4744 circumjecentis
3496 4686 3607 4741 per

1939 4770 2134 4824 omnia
2158 4767 2344 4840 judex
2376 4766 2451 4820 sit
2480 4770 2536 4819 et
2566 4762 2860 4818 dominus.
2922 4761 3208 4816 Defuncto
3267 4760 3497 4829 abbate,
3528 4760 3605 4816 de

1939 4860 2143 4913 eadem
2202 4855 2456 4911 ecclesia
2509 4853 2692 4907 abbas
2754 4851 3024 4921 eligatur,
3066 4850 3182 4903 nisi
3239 4847 3390 4902 forte
3418 4847 3605 4919 (quod

1938 4947 2115 5015 absit)
2154 4945 2373 5000 ibidem
2429 4944 2638 4996 idonea
2668 4954 2923 5009 persona
2952 4938 3201 5008 reperiri
3231 4952 3349 4992 non
3386 4936 3600 5006 possit.

1939 5036 2106 5089 Hanc
2137 5033 2614 5088 constitutionem
2658 5045 2866 5098 meam,
2899 5029 2989 5081 sic
3021 5030 3157 5081 voto
3189 5029 3245 5080 et
3274 5025 3462 5097 regali
3490 5039 3605 5080 au-

138 5127 316 5180 Iibus
346 5140 494 5195 quas
549 5125 603 5178 ei
662 5106 849 5195 regali
911 5128 1255 5180 auctoritate
1314 5126 1613 5195 concessi,
1674 5106 1830 5180 sicut
1861 5106 1909 5159 D
1941 5123 2205 5178 ctoritate
2225 5121 2623 5176 conﬁrmatam
2650 5118 2849 5171 nullus
2882 5128 3303 5169 successorum
3333 5126 3606 5169 meorum

143 5215 385 5269 chartae
409 5227 553 5266 meae
586 5213 1046 5269 testantur.Volo
1076 5214 1291 5285 itaque,
1318 5217 1374 5269 et
1401 5214 1646 5269 ﬁrmiter
1671 5231 1828 5285 prae-

145 5302 337 5372 cipio,
369 5305 662 5372 quatenus
686 5302 941 5356 ecclesia
971 5302 1088 5370 illa,
1114 5319 1246 5357 cum
1267 5304 1440 5374 leuga
1469 5303 1831 5375 circumqua-

139 5406 271 5461 que
329 5389 657 5459 adjacentc,
720 5389 903 5443 libera
939 5390 1015 5443 sit
1044 5392 1116 5445 ab
1146 5392 1303 5446 omni
1349 5391 1740 5446 dominatione
1771 5395 1829 5446 et

138 5477 549 5547 oppressione
606 5478 1042 5548 episcoporum,
1124 5479 1278 5534 sicut
1337 5479 1434 5534 illa
1492 5495 1624 5550 quae
1681 5480 1824 5534 mihi

1939 5211 2159 5266 violare
2190 5210 2283 5264 vel
2314 5208 2659 5263 imminuere
2676 5206 3014 5276 praesumat.
3039 5200 3387 5271 Quicunque
3416 5198 3601 5272 igitur

1940 5304 2144 5356 contra
2198 5300 2503 5353 libertates
2536 5295 2627 5349 vel
2667 5291 2983 5364 dignitates
3016 5289 3291 5361 ejusdem
3320 5288 3601 5344 ecclesia

1938 5390 2163 5458 fecerit,
2196 5386 2591 5442 forisfacturae
2604 5382 2789 5453 regiae
2808 5395 3042 5434 coronae
3060 5376 3598 5449 subjaceat.Hujus

1937 5479 2021 5534 rei
2051 5480 2236 5532 testes
2257 5477 2395 5529 sunt
2410 5471 2784 5527 Lanfrancus
2832 5468 3318 5537 archiepiscopus
3349 5464 3600 5521 Cantua-

137 5581 437 5620 coronam
492 5566 716 5632 tribuit,
754 5568 809 5619 et
852 5582 959 5635 per
1014 5582 1187 5638 quam
1218 5567 1378 5639 viget
1410 5568 1593 5623 decus
1632 5569 1823 5622 nostri
1933 5566 2172 5635 riensis,
2204 5557 2940 5635 Stigandustlicestrensis
2971 5556 3290 5626 episcopus
3314 5552 3599 5610 Walkeii-

135 5654 489 5726 regiminis.
511 5653 644 5709 Non
662 5654 836 5708 liceat
855 5654 1137 5727 episcopo
1158 5656 1820 5730 Cicestrensi,quamvis

510 5743 768 5801 Paraon.
808 5742 1061 5805 CXLIX.

1931 5671 2045 5713 nus
2059 5655 2378 5727 episcopus
2403 5647 3055 5719 Winton.,Wulstanus
3076 5643 3594 5717 Wigorn.episco-

3204 5732 3270 5790 4t
