4074 6150
472 404 626 470 1295

1633 379 2063 446 WII.LELMI
2098 364 2738 446 CONQUESTORIS

472 603 623 658 ensy
652 585 779 639 aint
804 582 926 649 (aL,
961 577 1269 646 enl‘raiant)
1328 575 1382 628 1a
1419 573 1551 643 puis
1651 585 1750 621 xx.
1786 563 2033 620 solidos.
2059 560 2127 613 Et
2146 559 2215 613 de
2245 554 2554 658 Capella‘x.
2578 549 2718 649 soli-

471 676 528 730 le
565 676 674 730 Rei
704 690 775 728 en
813 668 1224 725 Merchenclae
1257 669 1390 719 cent
1429 660 1550 716 sols

472 764 562 818 les
618 760 926 826 emendes,
978 755 1190 809 altresi
1235 753 1308 807 de
1362 750 1550 803 Hein-

476 852 600 906 fare
631 856 690 905 et
722 849 796 903 de
828 846 1031 901 avveit
1056 840 1371 915 purpcnse'.

992 1023 1038 1075 II

552 1227 1120 1302 Iceeplaizalierent
1150 1242 1179 1278 a
1196 1224 1249 1277 la
1288 1223 1556 1275 Coroune

481 1320 537 1374 le
571 1319 699 1373 Rei.
732 1317 811 1371 Et
842 1332 908 1370 sc
942 1330 1217 1385 eaqueus,
1284 1327 1314 1361 γ
1354 1322 1556 1379 quens,

485 1412 695 1463 uxrost
743 1405 864 1474 [al.,
900 1422 934 1456 v
978 1403 1275 1468 l’revost],
1300 1395 1562 1452 meil‘eist

485 1514 552 1551 as
580 1497 783 1550 liomes
813 1494 886 1546 (10
925 1490 1221 1555 sabaillie,
1266 1494 1323 1541 et
1384 1485 1457 1539 de
1488 1498 1554 1547 eo

485 1586 631 1640 fuist
692 1581 923 1636 atinttle
970 1581 1023 1633 la
1075 1578 1265 1633 Justic
1324 1574 1367 1628 li
1426 1572 1551 1639 Hei,

485 1672 693 1727 forI‘ait
708 1671 851 1724 luist
869 1685 899 1721 a
915 1667 1127 1722 double
1143 1666 1216 1719 de
1239 1680 1304 1717 ce
1329 1675 1552 1716 comme

489 1761 644 1815 altre
665 1758 777 1814 fuit
789 1756 1020 1812 for/ait.

990 1931 1063 1983 lIl

564 2141 622 2195 E
672 2155 779 2212 que
820 2153 892 2191 en
932 2136 1170 2190 Daneke
1226 2133 1454 2187 {ruisse
1514 2129 1567 2183 la

493 2230 627 2302 puis
658 2227 713 2282 le
752 2227 881 2292 Roi,
936 2226 1018 2277 vii
1050 2223 1183 2277 vinz
1211 2221 1480 2275 livrerez
1537 2234 1568 2271 c

497 2319 581 2373 iv.
632 2315 723 2371 les
756 2314 1055 2369 emendes:
1092 2328 1123 2365 e
1144 2311 1235 2365 les
1270 2308 1489 2363 lbrl'ais
1517 2306 1571 2360 le

499 2407 611 2462 Rei
642 2404 739 2477 qui
768 2401 1019 2458 alierent
1050 2400 1111 2454 al
1151 2400 1437 2453 Vescunte
1487 2394 1569 2448 χΙ.

496 2493 617 2551 8018
650 2508 721 2548 en
762 2486 1253 2555 Mcrclienelae,e
1285 2485 1322 2540 l.
1357 2483 1478 2539 sols
1501 2498 1572 2536 en

508 2577 1096 2644 Vvest.Seixenelae,
1107 2576 1160 2630 Ε
1174 2592 1205 2631 e
1220 2574 1574 2636 fransJiome

500 2671 600 2744 qui
642 2670 799 2724 aueit
834 2668 964 2732 Sac,
1017 2683 1049 2721 e
1080 2665 1209 2730 Soc,
1266 2680 1297 2718 e
1365 2661 1482 2730 Tol,
1545 2675 1577 2714 e

509 2758 666 2825 Tem,
693 2772 725 2812 e
746 2752 1261 2827 Infangenetlzeoi‘,
1300 2767 1365 2805 se
1413 2750 1461 2804 il
1488 2753 1577 2803 est

503 2844 813 2917 emplaidé,
864 2848 920 2897 et
953 2843 1073 2897 scit
1102 2842 1216 2894 mis
1267 2856 1338 2893 en
1370 2837 1579 2892 forfait

504 2951 576 2989 en
605 2933 662 2988 le
702 2933 910 2988 counte
956 2928 1143 2984 aﬁcre
1194 2927 1241 2981 il
1280 2925 1489 2981 l'orl'ait
1549 2940 1580 2977 a

502 3038 606 3081 aes
634 3022 691 3077 le
734 3022 1024 3076 Vescunte
1051 3018 1118 3072 xl
1145 3032 1283 3072 ores
1303 3031 1373 3069 eu
1396 3009 1581 3069 Dene-

504 3113 617 3179 lae,
640 3126 670 3165 e
689 3111 763 3165 de
795 3109 950 3163 altre
971 3108 1139 3161 home
1162 3106 1260 3177 qui
1276 3110 1403 3158 cest
1424 3102 1585 3156 fran-

507 3200 675 3255 chise
705 3214 818 3252 non
842 3196 937 3264 ad,
974 3194 1171 3261 xxxii.
1193 3208 1349 3247 ores.
1378 3192 1462 3245 De
1485 3207 1585 3244 ces

505 3288 701 3359 xxxii.
733 3302 871 3341 ores
892 3288 1022 3339 arat
1046 3284 1087 3337 li
1105 3283 1393 3337 Veseunte
1425 3296 1456 3334 a
1481 3296 1583 3334 ces

507 3376 563 3431 le
577 3375 689 3430 Boi
704 3389 926 3429 x.ores:
945 3387 979 3427 e
990 3380 1071 3425 cu
1083 3371 1179 3441 qui
1190 3369 1238 3423 1i
1242 3368 1366 3439 plai
1373 3374 1393 3420 t
1416 3371 1587 3420 aurat

506 3462 582 3519 de
611 3460 844 3517 remied
871 3456 1317 3527 [al.,derepied]
1348 3470 1488 3509 vers
1506 3454 1591 3507 lui

508 3550 619 3620 xii.
653 3562 830 3603 ores:
866 3561 898 3601 θ
927 3545 984 3600 10
1017 3544 1281 3615 Seignur
1313 3558 1385 3596 eu
1418 3542 1484 3595 ki
1508 3541 1589 3595 ﬁn

510 3636 561 3691 il
586 3635 878 3703 maindra,
929 3650 988 3688 χ.
1025 3648 1163 3688 ores
1196 3648 1206 3686 :
1243 3647 1309 3697 co
1365 3646 1457 3685 csr
1517 3646 1589 3686 en

513 3721 797 3779 Denelae.

1016 3912 1093 3965 IV

591 4114 672 4169 Co
702 4118 795 4168 est
816 4112 871 4166 la
907 4118 1171 4167 custume
1204 4127 1275 4165 en
1307 4110 1589 4165 Merene-

516 4200 688 4257 nelae
722 4218 733 4257 :
770 4218 837 4256 se
860 4201 1103 4272 alquens
1134 4205 1226 4254 est
1278 4198 1488 4270 apeled
1518 4198 1592 4252 de

516 4290 746 4358 Iarcim,
785 4308 822 4343 v
842 4290 915 4344 de
936 4288 1202 4354 roberie,
1227 4304 1257 4341 e
1284 4287 1403 4341 seit
1424 4287 1521 4357 ple
1535 4288 1591 4340 vi

519 4379 775 4434 devenir
803 4379 834 4432 ὰ
864 4379 1109 4449 justice,
1146 4393 1178 4429 e
1226 4376 1275 4429 il
1301 4377 1418 4431 seit
1468 4376 1591 4431 fme

519 4467 770 4535 dedenz,
804 4481 909 4520 son
936 4465 1109 4536 plege
1132 4465 1182 4517 si
1204 4480 1386 4518 avera
1409 4463 1483 4518 de
1506 4464 1589 4517 iv.

518 4555 669 4610 meis
700 4569 732 4608 e
762 4553 943 4624 ijour
973 4552 1047 4606 de
1077 4568 1223 4623 quer
1252 4551 1308 4606 le
1334 4567 1345 4605 :
1384 4567 1416 4605 e
1438 4566 1504 4606 se
1550 4550 1599 4605 il

517 4643 577 4698 le
599 4646 706 4713 put
738 4647 965 4708 truver,
999 4640 1053 4693 si
1071 4640 1259 4709 jurad
1288 4639 1595 4693 80101οΔΖὶ-

518 4746 612 4784 me
643 4728 716 4783 de
736 4728 912 4792 main,
948 4726 1120 4798 queal
1150 4742 1254 4779 ure
1314 4742 1422 4797 que
1462 4726 1511 4779 il
1538 4727 1595 4779 le

513 4815 702 4888 plevi,
730 4815 926 4868 Laren
952 4812 1172 4879 nelsot,
1197 4827 1394 4883 neper
1424 4812 1596 4865 luine

520 4902 780 4973 seut[al.,
814 4902 959 4969 fust]
993 4900 1285 4967 estfui,ne
1315 4899 1599 4954 aveirnel

514 5000 634 5064 pot,
669 4993 821 5047 dune
851 4992 1077 5046 rcndra
1109 4990 1165 5045 le
1192 4990 1406 5057 chatel,
1442 5008 1472 5045 e
1491 5007 1593 5043 xx.

439 5098 455 5111 ·
519 5080 641 5135 8018
666 5096 782 5151 pur
814 5080 865 5133 la
924 5086 1062 5148 tesi,
1124 5095 1155 5133 e
1216 5080 1296 5131 iv.
1346 5078 1484 5131 den.
1541 5076 1602 5130 al

520 5184 716 5238 ceper,
743 5182 775 5223 e
806 5185 916 5223 une
938 5168 1137 5223 maille
1154 5185 1268 5239 pur
1291 5168 1345 5220 la
1375 5166 1597 5221 besche
1630 5154 1634 5158 ’

521 5271 553 5310 0
576 5256 660 5311 xl.
689 5254 813 5310 8018
843 5255 904 5310 al
930 5256 1060 5310 Hei.
1087 5255 1180 5307 En
1225 5253 1596 5309 Vest-Sexe-

521 5345 689 5400 nelae
712 5350 847 5397 cent
887 5345 1012 5396 selz
1047 5345 1109 5397 al
1131 5343 1356 5398 clamur
1395 5358 1513 5412 pur
1544 5340 1595 5395 la

522 5437 639 5486 test
670 5447 702 5485 0
721 5432 786 5509 i_v
806 5430 1069 5480 livreres
1091 5431 1293 5485 allici.
1324 5431 1378 5484 Ε
1399 5446 1472 5484 en
1492 5429 1599 5482 De-

519 5519 689 5573 nelae
708 5516 763 5571 le
784 5516 994 5569 l'orl'ait
1024 5520 1159 5587 viiq.
1188 5521 1475 5573 Livreres
1506 5517 1593 5571 les

1654 657 1783 709 dos.
1802 649 2210 707 Etsecundum
2226 659 2431 716 pacem
2459 638 2646 710 Regis
2665 637 2721 690 in

1656 743 1920 814 Legibus
1944 739 2302 792 Merciorum
2332 735 2563 786 centum
2585 726 2723 780 soliv-

1656 833 1748 886 dis
1780 829 2049 884 emendet
2080 841 2092 879 :
2129 822 2399 879 similiter
2436 819 2507 872 de
2544 815 2726 869 Hein-

1658 921 1809 987 l'are,
1836 920 1891 971 et
1928 916 2000 970 de
2033 912 2268 967 insidiis
2300 896 2725 979 prie-cogitatis.

2165 999 2211 1052 II

1661 1097 1747 1150 De
1795 1092 2103 1149 Hominum
2157 1087 2343 1157 Regis
2380 1081 2729 1157 privilegio.

1734 1183 1875 1235 Haec
1905 1178 2117 1249 placita
2148 1177 2416 1244 Spectant
2447 1171 2517 1224 ad
2549 1170 2729 1224 Coro-

1663 1286 1794 1325 nam
1829 1269 2037 1338 Regis.
2072 1265 2142 1318 Et
2173 1265 2226 1316 si
2258 1262 2354 1332 qui
2388 1261 2537 1314 male
2568 1259 2731 1312 fece-

1666 1359 1778 1412 rint
1808 1353 2148 1410 hominibus
2198 1351 2356 1403 illius
2392 1348 2628 1402 Ballisz
2680 1348 2736 1398 et

1661 1448 1731 1500 de
1763 1446 1874 1499 hoc
1906 1444 1983 1497 sit
2014 1442 2291 1495 attinctus
2316 1454 2420 1508 per
2441 1436 2734 1507 justitiam

1664 1535 1872 1605 Regis,
1905 1530 2308 1585 Forisfactura
2339 1528 2415 1581 sit
2445 1526 2619 1595 dupla
2663 1525 2736 1576 il—

1663 1624 1780 1678 lius
1812 1637 1984 1692 quam
2016 1619 2167 1673 alius
2199 1618 2491 1689 quispiam
2531 1613 2736 1667 Foris-

1667 1711 1893 1766 fecerit.

2167 1795 2243 1849 III

1672 1888 1761 1943 De
1810 1886 1990 1940 Pacis
2030 1884 2283 1956 publicae
2332 1881 2740 1937 violatoribus.

1746 1977 1815 2029 Et
1836 1975 1936 2045 qui
1957 1976 2015 2028 in
2036 1975 2329 2028 Hunorum
2362 1973 2522 2042 Lege
2564 1970 2745 2024 viola-

1677 2066 1826 2119 verit
1876 2078 2077 2134 pacem
2111 2062 2315 2133 Regis,
2365 2061 2541 2114 exliv.
2576 2059 2746 2113 libris

1679 2153 1979 2219 emendet;
2011 2154 2067 2205 et
2106 2149 2524 2238 Forisfac‘turae
2561 2149 2746 2218 Regis

1676 2260 1808 2312 qua:
1832 2244 2098 2311 spectant
2114 2240 2186 2293 ad
2220 2236 2635 2291 V’icecomitem
2669 2236 2744 2288 xl.

1676 2330 1853 2384 solidi
1909 2330 1965 2381 in
2008 2326 2369 2382 Merciorum
2412 2327 2566 2395 lege,
2618 2327 2673 2377 et
2706 2323 2744 2376 l.

1676 2418 1790 2472 soli
1822 2417 1908 2469 iin
1928 2417 2089 2485 Lege
2130 2412 2656 2467 Vrest-Saxonum.
2680 2409 2750 2463 Et

1677 2507 1748 2560 de
1780 2505 1995 2559 Libero
2024 2503 2259 2557 homine
2290 2501 2389 2571 qui
2420 2500 2596 2554 habet
2635 2498 2751 2552 Sac

1678 2596 1735 2648 et
1755 2592 1864 2647 Sec
1889 2595 1946 2644 et
1986 2589 2089 2645 Tol
2106 2594 2162 2644 et
2206 2588 2340 2643 Tem
2379 2593 2436 2642 et
2474 2586 2751 2656 Infauge-

1683 2678 1935 2735 netlieol'
1952 2684 2006 2733 et
2043 2678 2435 2747 implacitatus
2478 2676 2653 2730 fuerit
2697 2678 2754 2729 et

1682 2769 1751 2822 ad
1772 2767 2234 2821 Forisi'acturam
2249 2765 2477 2834 positus
2494 2765 2550 2817 in
2572 2765 2753 2817 comi-

1686 2863 1804 2913 tatu
1826 2858 2077 2926 pertinet
2091 2854 2494 2909 Forisfactura
2512 2853 2584 2906 ad
2603 2868 2752 2922 Opus

1690 2944 2085 3009 Vicecomitis,
2118 2943 2174 2996 xl
2205 2942 2337 2996 Orm
2367 2943 2426 2995 in
2456 2943 2755 2995 Danorum

1686 3038 1847 3106 Lege
1870 3038 1923 3087 et
1951 3034 2021 3085 de
2053 3032 2165 3085 alio
2192 3031 2429 3084 homine
2461 3032 2559 3101 qui
2585 3031 2757 3101 ejus-

1687 3123 1844 3177 modi
1877 3122 2201 3175 libertatem
2233 3136 2348 3173 non
2396 3118 2589 3187 habet,
2624 3119 2757 3174 Oras

1688 3209 1872 3279 xxxij.
1907 3210 1990 3263 Ue
2023 3208 2117 3260 IliS
2151 3205 2337 3277 xxxij,
2372 3209 2495 3260 oris
2520 3207 2760 3261 habebit

1690 3298 2035 3351 Vicccomes
2066 3296 2138 3348 ad
2180 3310 2355 3348 usum
2395 3296 2583 3365 Regis
2617 3311 2757 3349 oras

1691 3387 1913 3453 decem,
1947 3388 2001 3438 et
2032 3385 2084 3437 is
2118 3383 2215 3453 qui
2264 3398 2398 3437 eum
2430 3384 2759 3453 implacita—

1691 3475 1841 3529 verit
1858 3473 2096 3527 habebit
2114 3472 2171 3525 in
2195 3472 2517 3525 remedium
2542 3487 2760 3525 versus

1693 3584 1825 3623 eum
1858 3583 1994 3621 oras
2026 3566 2131 3636 xij,
2160 3569 2217 3619 et
2250 3565 2536 3619 Dominus
2584 3564 2763 3635 cujus

1694 3657 1912 3711 finibus
1932 3655 2214 3709 manserit
2238 3673 2292 3709 x.
2308 3654 2480 3709 Oras.
2508 3654 2649 3708 Haec
2672 3658 2767 3710 est

1695 3745 1991 3800 Danorum
2024 3745 2167 3799 Lex.

2192 3846 2267 3899 IV

1698 3959 1784 4014 De
1815 3953 2145 4011 Latrocinii
2168 3968 2293 4021 reo,
2314 3957 2373 4007 et
2403 3952 2759 4022 fideiussore

1768 4028 1865 4101 qui
1900 4041 2122 4081 morum
2172 4025 2303 4095 ejus
2331 4024 2662 4095 periculum
2708 4024 2769 4077 in

1767 4116 1833 4154 se
1855 4102 2220 4167 susceperat.

1767 4189 1908 4242 Haec
1940 4189 2031 4240 est
2048 4183 2414 4239 consuetudo
2435 4183 2493 4235 in
2514 4183 2769 4237 Mercio-

1694 4277 1992 4346 rumlege;
2019 4274 2071 4327 si
2094 4273 2229 4344 quis
2251 4272 2579 4341 appellatus
2595 4271 2772 4325 fuerit

1695 4369 1766 4422 de
1798 4365 2126 4429 latrocinio,
2148 4377 2257 4415 seu
2287 4361 2358 4414 de
2386 4359 2541 4414 furto
2572 4364 2628 4414 et
2650 4361 2772 4427 ple-

1696 4456 1890 4526 giatus
1914 4450 2091 4505 fuerit
2117 4449 2320 4502 venire
2352 4448 2423 4501 ad
2448 4448 2767 4515 Justitiam,

1696 4546 1752 4595 et
1784 4540 1840 4593 fu
1851 4535 2271 4609 gerit,Plegius
2287 4533 2419 4604 ejus
2435 4532 2694 4587 habebiti
2714 4531 2774 4584 iv

1697 4642 1934 4682 menses
1954 4628 2007 4678 et
2021 4638 2200 4676 unum
2214 4622 2366 4675 diem
2381 4622 2451 4673 ad
2466 4635 2599 4674 eum
2615 4636 2773 4690 quae-

1699 4716 1967 4780 rendum,
1984 4716 2039 4766 et
2058 4713 2108 4764 si
2123 4711 2459 4780 possiteum
2483 4708 2768 4775 invenire,

1698 4806 1865 4859 Juiet
1898 4818 1961 4854 se
1990 4800 2337 4855 duodecima
2385 4813 2578 4863 manu,
2614 4796 2772 4867 quod

1700 4896 1959 4960 tempore
1990 4905 2105 4960 quo
2126 4904 2257 4941 eum
2291 4885 2571 4956 plegiavit
2596 4885 2770 4937 Latro

1699 4996 1815 5034 non
1846 4980 2055 5047 fuerat,
2079 4990 2269 5047 neque
2300 4990 2407 5044 per
2436 4989 2570 5028 eum
2601 4974 2766 5027 esset

1700 5070 1855 5140 quod
1873 5058 2108 5140 fugerit,
2125 5081 2233 5119 nec
2251 5079 2385 5118 eum
2402 5063 2769 5133 prehendere

1700 5158 1909 5232 possit.
1944 5157 2108 5210 Tunc
2147 5154 2350 5207 reddat
2382 5151 2675 5220 catellum,
2718 5154 2773 5205 et

1699 5267 1797 5302 xx.
1832 5246 2057 5300 solidos
2082 5258 2188 5312 pro
2220 5241 2427 5308 capite,
2464 5242 2518 5292 et
2550 5240 2628 5293 iv.
2663 5239 2770 5292 de-

1699 5335 1898 5390 narios
1921 5332 1982 5387 al
2009 5346 2203 5401 eeper,
2238 5334 2293 5381 et
2319 5343 2499 5381 unum
2530 5327 2768 5379 obolum

1696 5440 1809 5495 pur
1823 5423 1878 5477 la
1899 5421 2139 5486 besche,
2168 5422 2221 5471 et
2241 5418 2320 5470 xl.
2351 5415 2576 5469 solidos
2595 5415 2768 5483 Regi.

1704 5515 1762 5565 In
1782 5511 2274 5564 Vvest-b'axouum
2295 5505 2453 5575 Lege
2470 5521 2519 5557 o.
2538 5503 2763 5556 solidos

3691 350 3809 413 1296

2824 545 3050 599 solidos
3082 556 3092 594 :
3129 543 3185 593 et
3215 538 3284 592 de
3313 534 3534 604 Capella
3561 529 3809 585 xsolidos'

2825 633 2895 686 Et
2926 632 3023 703 qui
3068 626 3329 697 infringit
3360 637 3548 693 pacem
3594 619 3748 688 Regis
3769 618 3810 669 in

2828 723 2991 795 Lege
3012 716 3382 777 Merciorum,
3416 713 3627 763 centum
3650 706 3817 760 solido-

2828 826 2956 863 rum
2984 793 3117 861 Vsint
3171 801 3449 867 emendae,
3498 795 3730 851 similiter
3767 793 3818 846 de

2830 895 3142 960 Heinl'are,
3160 895 3217 946 et
3244 889 3315 943 de
3332 885 3556 941 insidiis
3583 879 3818 953 prmeogi-

2830 985 2988 1040 tatis.
3810 986 3815 989 ‘

3344 1096 3389 1149 ll

2910 1243 3051 1295 Haec
3083 1238 3292 1309 placita
3325 1234 3579 1304 spectant
3604 1229 3663 1281 ad
3689 1222 3825 1279 Coro‘

2839 1345 2973 1385 nam
3009 1327 3215 1398 Regis.
3253 1321 3324 1375 Et
3358 1321 3409 1375 si
3439 1319 3563 1389 quis
3594 1316 3699 1369 sive
3744 1313 3826 1364 Co-

2841 1433 2990 1485 mes,
3022 1416 3147 1469 sive
3188 1409 3547 1481 Praepositus
3576 1402 3699 1457 male
3718 1400 3828 1453 fece-

2842 1509 2916 1561 rit
2944 1502 3288 1560 hominibus
3318 1515 3443 1552 sua:
3463 1493 3693 1555 Ballivee,
3719 1487 3827 1542 etde

2843 1594 3039 1649 hocsit
3069 1592 3348 1646 attinctus
3402 1587 3526 1639 sive
3559 1579 3826 1716 convicqus,

2846 1700 2949 1716 ηρ..
2980 1680 3261 1716 nmmum.
3298 1675 3481 1716 ρηοαῑς
3533 1667 3739 1716 forisfac
3760 1680 3826 1716 ora

2846 1700 2949 1755 per
2970 1680 3265 1754 justitiam
3298 1675 3500 1746 Regis,
3533 1667 3830 1724 forisfactura

2847 1752 2925 1827 sit
2954 1752 3125 1840 dupla
3160 1767 3320 1820 illius
3352 1777 3520 1835 quam
3548 1757 3680 1812 alius
3711 1752 3831 1823 quis-

2848 1861 3002 1932 piam
3036 1853 3419 1911 forisfecerit.

3354 1996 3428 2050 III

2927 2145 2997 2198 Et
3025 2144 3125 2214 qui
3167 2142 3227 2195 in
3288 2139 3576 2192 Danorum
3625 2130 3734 2199 lege
3756 2118 3833 2214 Pa-

2855 2249 2983 2288 cem
3016 2211 3203 2301 Regis
3228 2225 3494 2297 fregerit,
3541 2219 3691 2273 cxliv.
3719 2211 3853 2268 libris

2856 2320 3124 2377 emendet
3158 2335 3169 2372 :
3204 2320 3261 2370 et
3306 2312 3675 2368 forisfactume
3708 2301 3839 2369 Regis

2856 2428 2989 2485 qum
3049 2409 3319 2478 spectant
3373 2402 3444 2455 ad
3486 2392 3837 2451 Vicecomitem.

2857 2480 2939 2557 nil.
2976 2498 3151 2554 solidi
3180 2497 3242 2549 in
3274 2490 3618 2547 Merciorum
3645 2483 3787 2550 Lege,
3806 2480 3843 2529 et

2856 2592 2897 2646 l.
2915 2588 3087 2644 solidi
3103 2587 3161 2639 in
3192 2584 3382 2654 Lege,
3414 2572 3840 2654 “Vest-Saxonum.

2862 2678 2932 2734 Et
2955 2676 3225 2732 delibero
3257 2653 3497 2725 homine
3510 2653 3844 2737 quihabetSac

2861 2768 3065 2835 etSoc,
3106 2761 3208 2817 Το1
3235 2764 3294 2815 et
3336 2759 3487 2821 Tom,
3521 2756 3571 2807 et
3608 2747 3843 2835 10100900-

2865 2854 3039 2912 theol'
3053 2830 3108 2909 si
3144 2848 3535 2921 implacitatus
3564 2837 3727 2901 fuerit,
3744 2835 3786 2886 et
3808 2830 3845 2881 in

2864 2943 3242 3001 forisfactura
3272 2939 3505 3009 positus
3533 2932 3588 2983 in
3612 2921 3844 2981 Comitatu,

2865 3033 3116 3104 pertinet
3182 3026 3555 3082 forisfactura
3620 3015 3681 3070 ad
3728 3020 3848 3063 usum

2867 3116 3243 3174 V'icecomiiis
3277 3113 3360 3167 xl.
3393 3110 3522 3165 Orze
3552 3106 3602 3158 in
3624 3104 3848 3155 Danorum

2868 3208 3051 3277 Lege,
3085 3208 3142 3259 et
3171 3204 3243 3257 de
3286 3201 3401 3255 alio
3431 3194 3649 3251 homine
3674 3182 3850 3277 quihu-

2861 3272 3127 3367 jusinOdi
3180 3289 3507 3344 libertatem
3563 3295 3665 3335 non
3712 3272 3848 3367 habet.

2869 3358 3054 3454 vxxij.
3087 3396 3205 3445 orsa
3231 3379 3303 3431 de
3337 3376 3431 3430 his
3454 3369 3629 3440 xxxij.
3658 3365 3757 3421 oris
3779 3358 3851 3454 ha-

2867 3448 3400 3529 bebitVicecomes
3431 3462 3499 3516 ad
3531 3471 3683 3514 usum
3718 3448 3847 3517 Regis

2869 3581 2927 3617 κ.
2962 3576 3100 3616 oras
3135 3575 3146 3611 :
3182 3560 3238 3611 et
3286 3555 3341 3609 is
3384 3545 3729 3623 quiplacitum
3752 3550 3851 3623 conr-

2870 3656 2957 3705 tra
2986 3664 3120 3704 eum
3161 3622 3540 3699 ditationiatus
3596 3622 3853 3691 fuerit,xij.

2871 3751 3049 3792 oras:
3084 3733 3153 3786 Et
3185 3729 3473 3785 Dominus
3521 3725 3576 3777 in
3604 3717 3750 3789 cujus
3764 3707 3854 3765 ﬁui-

2871 3824 2984 3878 bus
3053 3818 3374 3886 manserit,
3418 3834 3454 3869 x
3510 3825 3653 3867 oras.
3700 3803 3796 3857 Hoc
3819 3799 3856 3848 in

2875 3912 3172 3966 Danorum
3234 3907 3397 3976 Lege
3441 3899 3662 3958 obtinet.

3377 4035 3452 4089 IV

2950 4184 3076 4237 Hoc
3107 4183 3199 4235 est
3221 4174 3583 4234 consuetudo
3602 4172 3652 4223 in
3671 4161 3858 4220 Mercio-

2877 4288 3007 4328 rum
3040 4272 3219 4341 Lege,
3258 4268 3310 4322 si
3334 4249 3860 4341 quisappellatusfuf“
3968 4249 3969 4319 1

2878 4363 2954 4416 rit
2979 4360 3051 4414 de
3080 4333 3433 4421 Latrocinio,
3464 4368 3566 4406 seu
3585 4348 3648 4401 de
3673 4333 3857 4397 Bobaria

2878 4448 3081 4517 (furto)
3097 4448 3151 4499 et
3164 4445 3457 4514 plegiatus
3477 4438 3637 4492 fuerit
3652 4434 3669 4501 (
3673 4444 3759 4483 seu
3775 4424 3857 4517 ple-

2878 4512 3041 4608 tium
3062 4512 3331 4601 dederit)
3377 4531 3447 4584 de
3484 4524 3673 4581 stando
3695 4515 3803 4608 iuri,
3824 4512 3861 4562 et

2878 4599 3339 4694 fugeritexiude,
3365 4617 3588 4687 plegius
3605 4610 3718 4680 eius
3737 4599 3859 4694 ὴθδθζ

2878 4712 2962 4766 bit
2993 4714 3070 4765 iv.
3105 4724 3344 4763 menses
3377 4712 3433 4761 et
3464 4715 3629 4757 unum
3672 4695 3790 4749 diem
3812 4681 3858 4736 ad

2879 4816 3011 4855 eum
3035 4797 3420 4870 quaerendum
3439 4811 3449 4847 :
3468 4796 3520 4847 et
3534 4791 3579 4843 si
3595 4783 3753 4857 possit
3768 4787 3857 4831 eum

2875 4885 3191 4956 invenire,j
3202 4884 3393 4938 urabit
3410 4875 3719 4935 duodecima
3736 4873 3857 4956 mea“

2879 4974 3033 5046 quod
3064 4989 3132 5027 ea
3154 4950 3297 5026 liora
3320 4986 3433 5040 qua
3456 4968 3608 5021 illum
3626 4950 3855 5031 plegiavit.

2880 5066 3195 5117 Latronem
3223 5075 3363 5115 esse
3395 5073 3504 5111 non
3547 5047 3855 5109 scivitmeque

2877 5168 2983 5223 P0P
3013 5166 3145 5205 eum
3176 5149 3283 5203 fuit
3313 5146 3465 5218 quod
3480 5138 3691 5213 fugerit,
3721 5136 3856 5223 nequ‘e

2879 5210 3010 5294 eum
3036 5210 3398 5308 prehendere
3415 5210 3612 5303 potuit;
3635 5229 3744 5278 tunc
3767 5210 3855 5268 red-

2879 5328 2975 5381 det
3016 5325 3306 5389 eatallum,
3336 5325 3389 5375 et
3439 5338 3527 5373 xx.
3559 5310 3748 5369 solidos
3782 5310 3856 5393 pro

2882 5413 3135 5483 capitali,
3171 5417 3226 5466 et
3255 5412 3330 5463 iv.
3373 5404 3629 5462 denarios
3662 5397 3855 5483 cippiiﬂo

2879 5502 3007 5572 (seu
3042 5500 3273 5555 custodi
3302 5494 3573 5559 carceris)
3593 5494 3639 5542 et
3668 5478 3853 5537 ltlalliam
