4090 6162
306 227 463 291 1297

295 424 722 497 xx.solzpnr1a
737 429 874 489 test,
893 428 949 476 et
966 419 1055 474 les
1072 418 1226 491 vijJi
1236 433 1374 472 vres

296 515 358 569 al
383 515 514 569 Rei.
546 513 602 566 E
629 508 1075 581 s'iipotdedens
1109 524 1181 560 un
1204 523 1278 560 an
1311 506 1376 558 iv

290 602 621 672 [al.,1]jnrs
648 607 854 653 trover
901 597 954 651 le
968 596 1137 650 Iarun
1157 611 1189 648 θ
1218 610 1370 648 ame-

291 706 449 743 nera
471 688 522 742 1a
529 686 839 758 justice,si
852 684 896 737 li
909 683 1133 737 rendra
1155 682 1242 735 les
1261 697 1363 734 xx.

289 777 433 845 sols,
460 775 902 834 k‘isauradont,
928 777 1159 825 esmert
1177 768 1301 836 [al..
1339 783 1371 821 e

294 866 348 921 si
379 866 493 932 ert]
523 863 712 919 fainte
750 862 804 916 la
818 861 1036 931 justice
1076 858 1150 913 de
1180 857 1370 911 larun.

792 1270 860 1324 V.

367 1437 826 1510 Cilbkprendra
845 1436 1056 1490 Larum
1081 1449 1226 1487 sanz
1250 1430 1370 1484 sui-

292 1534 354 1582 te
373 1544 405 1583 e
417 1544 558 1582 sans
577 1529 804 1598 cri,que
817 1524 900 1579 ci]
914 1539 986 1578 en
1002 1523 1140 1577 leist
1158 1537 1189 1574 a
1210 1520 1307 1591 qui
1325 1518 1375 1572 i1

295 1617 485 1671 aurad
512 1616 568 1670 Ie
607 1616 851 1686 damage
884 1612 1012 1679 fait,
1048 1617 1106 1665 et
1156 1610 1368 1678 vienge

291 1706 394 1776 poi
398 1690 418 1758 t
441 1705 700 1775 apres,si
722 1710 812 1757 est
824 1702 1031 1755 raisun
1046 1715 1152 1770 que
1168 1696 1216 1751 i1
1224 1696 1368 1751 dun-

288 1810 368 1864 ge
387 1811 445 1847 x.
471 1793 596 1847 solz
631 1793 704 1847 de
720 1785 1206 1862 Hengvvite,e[in
1238 1784 1368 1838 face

291 1881 350 1936 la
373 1882 601 1954 justice
619 1898 650 1936 θ
682 1881 737 1934 Ia
764 1877 1135 1951 primereine
1157 1874 1367 1930 devise

288 1986 436 2024 sans
473 1970 530 2024 1e
568 1970 751 2041 congc'
782 1984 813 2021 a
854 1966 907 2020 Ia
932 1965 1158 2037 justice
1191 1964 1248 2017 si
1275 1966 1367 2016 est

294 2056 507 2127 forfait
532 2058 606 2113 de
635 2075 729 2111 XL.
762 2056 903 2112 solz.

773 2278 868 2331 VI.

366 2475 464 2530 Ci]
482 2475 627 2547 quia
641 2474 966 2539 veirescut,
989 2489 1023 2525 γ
1037 2470 1149 2524 Chi
1161 2469 1304 2534 valz,
1336 2487 1371 2523 ν

283 2564 497 2634 Buei's,
524 2582 560 2618 v
585 2563 830 2629 Vaclies,
855 2560 1364 2629 vPorcs,vBerbz

289 2670 402 2727 qae
436 2660 525 2708 est
562 2650 947 2723 Fori’engend
996 2649 1073 2718 (ἒ)
1119 2648 1368 2719 anleis

284 2742 516 2813 apeled,
552 2741 634 2797 cil
660 2740 746 2813 qi]
763 2739 850 2794 cla
881 2737 1006 2807 [a1.,
1029 2737 1146 2806 l’a],
1181 2737 1365 2791 durra

284 2830 352 2885 aI
374 2846 535 2903 gres.
568 2847 619 2884 s.
664 2830 726 2883 a1
750 2829 1010 2883 Provost
1063 2827 1236 2880 aveir
1266 2826 1366 2879 the

281 2919 412 2989 [al.,
447 2919 633 2987 aveic,
666 2920 686 2972 i
719 2919 876 2985 cum]
911 2917 1237 2970 Lestussun
1263 2931 1365 2967 VIII

285 3008 407 3062 den
430 3008 617 3061 ialant
648 3006 729 3059 n'i
779 3006 862 3059 ait
892 3004 1043 3058 meis
1091 3002 1234 3075 qu’il
1267 3009 1367 3057 ont

286 3101 428 3149 cent
456 3094 517 3148 a1
540 3093 740 3148 maille
762 3109 834 3147 ne
856 3091 1085 3147 durrad
1108 3106 1215 3161 que
1238 3106 1360 3144 vm.

283 3183 554 3247 deniers,
583 3188 641 3236 et
656 3198 769 3252 pur
804 3198 876 3234 un
908 3180 1065 3234 Porc
1086 3196 1189 3231 IIII.
1225 3177 1359 3232 den.

287 3278 351 3326 et
374 3288 490 3342 pur
519 3287 590 3324 un
612 3269 815 3324 Berbz
842 3286 878 3323 ι.
913 3269 1047 3323 den.
1081 3267 1215 3321 eisi
1236 3272 1365 3319 tres

283 3376 398 3433 que
431 3360 513 3412 iiit
538 3375 652 3429 pur
687 3356 942 3413 chascun
974 3374 1077 3410 IIII.
1113 3355 1365 3409 deniers

281 3449 364 3504 de
421 3449 605 3501 iatant
637 3448 717 3501 n’i
774 3445 979 3515 aurad,
1014 3461 1085 3498 ne
1137 3443 1365 3497 durrad

289 3551 404 3609 que
439 3538 519 3591 oit
550 3535 683 3590 den.
747 3542 805 3589 et
854 3535 1036 3589 durra
1068 3548 1281 3604 vvage,
1333 3547 1364 3585 θ

288 3625 584 3680 truverad
608 3624 804 3696 plege.
842 3623 961 3689 Que
989 3623 1045 3676 si
1076 3622 1230 3677 altre
1269 3637 1364 3677 ve-

288 3714 472 3784 inged
522 3728 700 3784 apros
768 3711 999 3767 dedenz
1040 3711 1155 3765 I’an
1212 3727 1244 3765 e
1291 3727 1363 3764 un

283 3802 423 3867 iour
444 3802 805 3873 pnrJ'aveir
847 3800 1190 3868 demander,
1227 3798 1371 3871 qu'il

286 3893 313 3945 i
350 3891 434 3943 ait
466 3906 497 3944 a
528 3891 688 3945 drait
719 3906 790 3944 en
809 3889 863 3944 1a
897 3889 1064 3959 Curt,
1097 3887 1270 3960 celuy
1289 3888 1364 3944 de

285 3995 401 4051 que
429 3980 478 4034 i1
504 3980 663 4034 avoit
693 3994 883 4033 escus.

762 4226 887 4281 VII.

362 4395 600 4451 Altresi
626 4393 699 4449 de
731 4411 878 4449 aver
906 4410 979 4450 en
1009 4394 1267 4463 direz,_e
1289 4393 1363 4449 de

289 4483 448 4538 altrc
480 4489 797 4547 treveure;
831 4481 1236 4536 seitmustred
1266 4481 1369 4536 dei

290 4572 449 4625 treis
471 4586 618 4641 pars
634 4569 736 4624 de]
766 4570 1053 4639 veisined,
1081 4585 1189 4641 que
1214 4569 1262 4623 i1
1280 4571 1363 4624 cit

291 4660 633 4715 testimonie
682 4658 755 4712 de
794 4657 848 4712 Ia
895 4664 1176 4714 troveuro
1234 4679 1250 4712 .-
1310 4660 1365 4712 si

290 4746 540 4817 alquens
575 4747 784 4816 vienge
807 4761 983 4817 apres
999 4762 1114 4817 pur
1143 4745 1365 4799 clamer

285 4833 345 4887 1a
396 4834 521 4887 iose
566 4832 689 4901 [a1.,
744 4832 969 4900 chose],
1030 4832 1190 4886 duist
1237 4831 1361 4901 [al.,

286 4919 514 4987 doinst]
535 4926 805 4989 vvage,et
831 4924 1025 4973 trosse
1037 4918 1160 4988 [a1.,
1175 4920 1366 4987 trove]

282 5006 513 5081 pleges.
575 5023 684 5078 que
715 5023 780 5061 se
811 5007 966 5061 altre
1006 5006 1229 5061 clamur
1266 5007 1367 5061 I‘a-

288 5094 526 5151 dedanz
564 5094 682 5148 I’an
709 5096 738 5148 ὁ
781 5111 852 5147 un
879 5094 1043 5164 jour,
1080 5094 1237 5167 quiil
1268 5096 1369 5151 I’ai

226 5220 239 5229 ε
286 5202 319 5239 a
353 5183 517 5240 droit
546 5199 618 5239 en
648 5183 702 5238 Ia
734 5182 881 5237 Curt
897 5176 1051 5239 (εθΙαί
1074 5184 1177 5256 pui
1192 5184 1368 5240 I'ave-

290 5274 407 5328 rad
441 5279 532 5328 tro
542 5273 669 5328 ved.

1873 213 2163 313 LEGES.

1480 422 1553 476 ad
1607 422 1929 476 clamorem
1984 435 2089 489 pro
2145 419 2333 489 capite
2364 421 2421 473 et
2464 419 2542 472 iv.

1478 509 1663 563 libras
1718 510 1887 579 Regi.
1922 509 1985 562 In
2044 508 2204 579 Lege
2231 508 2549 575 Danorum,

1481 598 1880 651 Forisfactura
1913 600 2004 650 est
2044 596 2170 667 viij.
2225 596 2412 650 libras.
2450 612 2551 650 xx.

1480 687 1655 739 solidi
1698 702 1803 755 pro
1853 685 2061 754 capite,
2110 687 2167 738 et
2218 684 2323 754 vij.
2385 684 2552 738 librae

1482 775 1652 845 Hegi.
1690 773 1757 827 Et
1786 774 1839 826 si
1872 774 1923 827 is
1946 774 2304 842 potestintra
2335 787 2551 824 annum

1479 863 1535 912 et
1566 860 1642 913 iv.
1677 859 1806 913 dies
1838 859 2104 913 invenire
2136 859 2450 911 Latronem
2493 860 2549 910 et

1480 963 1614 1002 eum
1644 946 1901 1001 aminare
1915 947 1986 1001 ad
2004 946 2318 1000 Justitiam.
2345 944 2509 997 rcdhi
2522 974 2549 984 -

1478 1037 1702 1090 bebunt
1749 1037 1803 1089 ei
1851 1035 2060 1107 viginti
2120 1041 2345 1089 solidos
2393 1050 2545 1103 quos

1480 1125 1833 1195 acceperint,
1896 1128 1952 1178 et
2008 1124 2107 1177 fiat
2159 1122 2392 1193 justitia
2476 1121 2549 1174 de

1481 1212 1754 1266 Latrone.

1981 1316 2050 1368 ν.

1583 1421 1671 1475 De
1706 1421 1986 1475 Latronis
2012 1420 2439 1490 prelzenszone.

1544 1524 1605 1579 Si
1648 1526 1782 1596 quis
1813 1524 2196 1597 prehenderit
2229 1524 2546 1576 Latronem

1474 1613 1699 1683 absque
1732 1616 1892 1667 secta
1924 1616 1979 1667 et
2010 1612 2237 1682 absque
2263 1610 2541 1675 clamore,

1474 1704 1646 1772 atque
1678 1718 1809 1755 eum
1842 1703 1895 1755 ei
1918 1702 2012 1755 cui
2032 1700 2311 1754 damnum
2331 1698 2550 1752 factum

1473 1792 1562 1841 est
1593 1788 1903 1857 dimiserit,
1946 1791 2003 1841 et
2037 1786 2266 1841 venerit
2316 1787 2548 1854 postea,

1472 1876 1680 1935 rationi
1701 1876 2065 1931 conveniens
2083 1878 2175 1929 est
2194 1879 2255 1928 ut
2270 1874 2365 1927 det
2381 1872 2474 1926 ille
2488 1889 2547 1925 x.

1474 1964 1697 2019 solidos
1730 1980 1838 2034 pao
1874 1964 2206 2035 Hengwite,
2290 1965 2345 2015 et
2375 1960 2551 2014 finem

1414 2078 1419 2085 -
1477 2054 1648 2106 faciat
1696 2053 1949 2107 Justitiaa
2004 2069 2034 2105 ει
2069 2051 2123 2105 1a
2165 2048 2539 2121 primereine

1475 2141 1684 2195 devise
1732 2141 1961 2212 absque
2001 2139 2236 2193 licentia
2270 2136 2549 2206 Justitiaa,

1475 2227 1873 2282 Forisfactura
1906 2230 1997 2281 est
2028 2243 2118 2280 XL.
2154 2224 2350 2279 solidi.

1958 2341 2052 2393 Vl.

1507 2448 1596 2503 De
1651 2447 2007 2502 Animalium
2076 2444 2505 2515 redemptione.

1544 2561 1601 2615 Is
1659 2561 1759 2631 qui
1798 2559 2077 2613 Averium
2127 2553 2552 2626 replegiaverit

1477 2648 1706 2702 scilicet
1758 2649 1858 2701 aut
1888 2646 2135 2716 Equum,
2172 2647 2269 2697 aut
2298 2643 2541 2707 Bovem,

1476 2737 1748 2804 Vaccam,
1782 2738 1880 2789 aut
1910 2735 2181 2801 Porcum,
2224 2734 2322 2785 aut
2362 2730 2545 2783 Ovem

1472 2826 1651 2896 (quod
1692 2825 2001 2893 forfengen
2026 2821 2273 2892 Anglice
2303 2819 2544 2873 dicitur-

1471 2912 1554 2966 cil
1585 2912 1671 2983 qil
1703 2912 1791 2967 cla
1824 2911 1983 2964 dabit
2012 2910 2072 2963 a1
2107 2909 2277 2963 Gros.
2305 2924 2354 2961 s.
2377 2906 2540 2959 Prae-

1468 3001 1661 3071 posito
1680 3001 1901 3053 habere
1916 2999 2012 3052 the
2039 2999 2393 3051 Lestussum
2413 3010 2536 3046 vm.

1468 3087 1763 3155 denarios,
1789 3102 1899 3140 nec
1924 3089 2116 3139 tamen
2135 3084 2218 3138 ait
2250 3084 2401 3137 meis
2421 3082 2546 3153 qui]

1466 3182 1567 3232 ont
1598 3181 1804 3229 centa.‘
1827 3173 2024 3227 maille
2042 3188 2159 3226 non
2179 3171 2335 3225 dabit
2367 3170 2537 3239 plus-

1465 3280 1639 3336 quam
1674 3280 1795 3316 vm.
1821 3261 2120 3327 denarios,
2143 3263 2199 3313 et
2222 3275 2329 3328 pro
2344 3259 2536 3311 Porco

1466 3369 1544 3406 iv.
1579 3350 1877 3413 denarios,
1900 3351 1956 3401 et
1971 3362 2080 3416 pro
2095 3346 2215 3399 Ove
2230 3345 2537 3399 denarium

1464 3442 1503 3495 i.
1526 3440 1785 3494 eisitres
1822 3453 1928 3508 que
1974 3436 2057 3488 vit
2078 3434 2398 3505 uniquique
2454 3450 2532 3487 ιν.

1465 3528 1769 3595 denarios,
1841 3524 2267 3578 nihilhominus
2343 3538 2535 3594 neque

1466 3615 1705 3670 habebit
1736 3612 2034 3666 necdabit
2063 3611 2377 3681 plusquam
2408 3627 2531 3664 vm.

1466 3701 2010 3771 denarios,etdabit
2041 3700 2268 3765 vadios,
2295 3702 2351 3752 et
2373 3699 2535 3752 inve-

1464 3792 1585 3845 niet
1610 3790 1844 3860 plegios
1866 3803 1955 3855 se,
1990 3788 2043 3842 si
2071 3786 2285 3856 aliquis
2308 3787 2535 3847 venerit

1465 3879 1538 3933 ad
1572 3876 1975 3948 probationem
2034 3875 2186 3928 intra
2230 3889 2448 3927 annum
2480 3876 2537 3926 et

1466 3964 1618 4019 diem
1652 3968 1715 4016 ut
1763 3962 2041 4015 Averium
2084 3962 2257 4030 petat,
2302 3958 2535 4011 salvum

1466 4053 1865 4109 exhibiturum
1922 4050 1981 4103 in
2040 4047 2214 4103 Curia
2258 4046 2317 4100 id
2378 4045 2534 4117 quod

1467 4137 1905 4211 replegiaverit.

1940 4242 2065 4295 VII.

1572 4350 1661 4406 De
1693 4349 1894 4405 Rebus
1931 4346 2090 4402 forte
2141 4346 2429 4400 inventis.

1539 4473 1820 4529 Similiter
1840 4471 1911 4524 de
1942 4469 2160 4524 Averio
2189 4469 2461 4524 Endirez
2485 4471 2541 4522 ct

1466 4563 1581 4618 alia
1623 4577 1686 4615 re
1726 4561 1981 4613 inventa.
2041 4559 2397 4613 Ostendatur
2432 4557 2541 4611 tri-

1467 4652 1583 4706 bus
1638 4649 1905 4720 partibus
1958 4648 2233 4701 Vicineti.
2277 4652 2339 4700 ut
2379 4647 2543 4701 testi-

1468 4740 1731 4794 monium
1751 4736 1962 4791 habeat
1996 4736 2065 4789 de
2098 4735 2540 4789 inventionc.Si

1472 4829 1686 4899 aliquis
1710 4827 1906 4881 veniat
1924 4826 1995 4878 ad
2035 4825 2438 4894 probationem
2473 4824 2546 4878 ad

1473 4933 1597 4972 rem
1631 4916 2022 4983 clamandam,
2079 4915 2174 4968 det
2231 4914 2439 4967 vadios
2491 4916 2548 4967 ct

1476 5004 1730 5059 inveniat
1758 5003 1990 5073 plegios
2033 5017 2099 5056 se
2132 5003 2183 5055 si
2203 5003 2353 5055 alius
2383 5003 2542 5072 quis-

1476 5093 1631 5163 piam
1668 5091 2009 5145 clamaverit
2039 5091 2337 5159 Averium,
2398 5091 2547 5145 intra

1478 5198 1692 5235 annum
1752 5183 1807 5234 et
1839 5179 1992 5233 diem
2025 5179 2254 5232 salvum
2312 5179 2547 5233 exhibi-

1479 5275 1674 5325 turum
1703 5270 1763 5323 in
1777 5268 1952 5323 Curia
1985 5268 2041 5322 id
2063 5267 2549 5339 quodinvencrit.

356 5504 440 5576 (2)
484 5502 544 5560 V.
583 5504 675 5562 Gl.
711 5502 986 5561 Samueri
1015 5501 1090 5558 ad
1110 5499 1586 5577 HistorAnino.

3571 208 3728 275 1298

2658 433 2764 472 seu
2786 434 2912 473 mea
2935 419 3134 473 ailiam
3152 420 3206 474 1a
3220 422 3389 491 prota
3402 420 3644 489 besclie,
3670 424 3727 476 et

2656 508 2736 560 xl.
2773 508 2999 561 solidos
3034 510 3213 579 Regi:
3267 511 3324 564 in
3358 510 3727 564 West-Saxo-

2656 609 2795 648 num
2830 595 2962 665 lege
2982 611 3033 647 c.
3058 596 3282 650 solidos
3312 598 3383 649 ad
3414 597 3735 651 clamorem

2657 698 2764 751 pro
2791 683 2998 752 capite,
3034 684 3090 735 et
3119 683 3196 736 iv.
3233 684 3416 738 libras
3451 686 3621 755 Regi.
3666 684 3737 738 Et

2654 769 2715 822 in
2750 770 3045 824 Danorum
3066 769 3200 841 lege
3228 771 3606 825 forisfactura
3642 777 3734 826 est

2656 857 2783 927 viij.
2819 858 2986 912 librae
3017 877 3095 911 xx
3127 859 3301 912 solidi
3328 875 3432 928 pro
3464 859 3730 928 Capitali,

2655 949 2711 999 et
2743 945 2818 1015 vij
2856 947 3025 1000 librae
3060 947 3246 1018 Regi:
3284 951 3340 1001 et
3366 948 3419 1000 si
3447 948 3500 1000 is
3530 951 3738 1016 potest

2658 1034 2808 1087 intra
2838 1050 3054 1088 annum
3096 1039 3153 1089 et
3183 1036 3260 1089 iv.
3303 1037 3433 1091 dies
3466 1037 3735 1091 invenire

2655 1122 2993 1191 Latronem,
3047 1127 3102 1176 et
3162 1139 3293 1177 eum
3327 1124 3399 1177 ad
3436 1124 3732 1194 justitiam

2658 1209 2953 1263 adducere
2985 1210 3306 1265 reddentur
3328 1212 3388 1265 ci
3420 1228 3519 1265 xx.
3556 1212 3733 1266 solidi

2592 1334 2595 1337 »
2658 1312 2809 1367 quos
2858 1298 3215 1368 exsolverat,
3266 1302 3323 1354 et
3356 1299 3453 1354 ﬁat
3492 1300 3725 1370 justitia

2656 1384 2728 1439 de
2762 1384 3033 1439 Latrone.

3156 1482 3223 1535 V.

2728 1576 2836 1629 Pui
2854 1576 3169 1631 Latronem
3180 1578 3567 1647 prehenderit
3586 1580 3731 1635 abs-

2657 1679 2770 1734 que
2819 1669 2981 1718 secta
3013 1668 3068 1719 et
3127 1665 3354 1736 absque
3387 1668 3643 1722 clamore
3674 1672 3732 1723 et

2657 1753 2716 1806 in
2764 1752 2898 1823 ejus
2932 1756 3275 1822 potestatem
3310 1756 3615 1809 tradiderit
3634 1758 3729 1810 cui

2656 1841 2933 1894 damnum
2987 1841 3207 1895 factum
3263 1848 3373 1911 est,
3408 1846 3465 1898 et
3492 1845 3729 1899 venerit

2656 1933 2885 1997 postea.
2918 1930 3134 1983 rationi
3160 1931 3521 1985 conveniens
3552 1936 3643 1986 est
3668 1934 3731 1985 ut

2656 2015 2753 2070 det
2806 2016 2891 2069 illi
2920 2034 2975 2069 Χ.
3021 2017 3246 2070 solidos
3279 2018 3351 2071 de
3390 2018 3726 2090 Hengwita,

2656 2103 2897 2158 etﬁnem
2924 2103 3361 2174 faciatjustitiaa
3382 2105 3456 2159 ad
3478 2107 3728 2177 primam

2655 2190 2906 2245 divisam
2929 2193 3060 2260 (seu
3078 2193 3153 2247 ad
3161 2194 3315 2262 prim
3325 2210 3412 2247 um
3422 2193 3726 2264 placitum)

2656 2278 2882 2350 absque
2927 2280 3161 2334 licentia
3213 2279 3465 2350 justitize
3538 2298 3725 2354 esque

2655 2367 2999 2422 forisfactus
3030 2369 3101 2423 de
3133 2386 3226 2422 XL.
3248 2369 3480 2424 solidis.

3144 2457 3238 2511 Vl.

2722 2552 2833 2616 Qui
2862 2553 3124 2608 averium
3152 2558 3608 2627 recuperaverit,
3624 2559 3722 2613 vel

2653 2646 2901 2716 Equum,
2933 2648 3027 2702 vel
3060 2650 3299 2704 Bovem.
3324 2651 3418 2703 vel
3466 2652 3721 2707 Porcum

2649 2738 2743 2788 aut
2778 2736 3106 2805 Berbicem,
3163 2739 3319 2809 quod
3354 2739 3720 2814 Fori'engem

2650 2823 2898 2894 Anglice
2938 2825 3171 2895 dicitur,
3226 2827 3276 2880 is
3308 2828 3407 2897 qui
3437 2827 3579 2883 illud
3610 2830 3718 2885 ha-

2646 2911 2840 2966 buerit
2868 2914 3026 2967 dabit
3053 2915 3125 2968 ad
3161 2914 3422 2971 Grossos
3462 2919 3717 2975 solidum

2645 3000 2971 3070 Praeposito
3004 3003 3221 3059 habere
3259 3006 3358 3059 the
3414 3005 3715 3062 lestussun

2645 3104 2747 3141 VIII
2804 3089 3099 3160 denarios,
3146 3094 3201 3145 et
3232 3093 3282 3145 si
3314 3109 3430 3146 non
3462 3098 3544 3148 tot
3573 3096 3710 3167 sint,

2641 3180 2704 3230 ut
2732 3176 2789 3229 in
2821 3179 3070 3232 malliam
3109 3184 3343 3234 centum
3372 3186 3713 3253 computen-

2639 3266 2751 3330 tur,
2779 3268 2940 3321 dabit
2981 3270 3203 3323 tantum
3246 3288 3370 3324 vni.
3413 3273 3707 3339 denarios,

2639 3373 2749 3427 pro
2833 3356 3024 3411 Porco
3116 3376 3191 3413 1v.
3261 3361 3557 3429 denarios,
3604 3377 3711 3431 pro

2642 3441 2857 3495 Berbin
2962 3460 2999 3495 1.
3034 3443 3398 3498 denarium:
3478 3450 3535 3499 et
3616 3436 3711 3500 sic

2641 3545 2829 3599 usque
2861 3530 2931 3584 ad
2976 3534 3106 3586 octo
3144 3550 3247 3600 pro
3280 3533 3535 3604 singulis
3569 3549 3712 3603 qua-

2640 3621 2772 3671 tuor
2793 3618 3075 3686 denariis,
3111 3623 3167 3673 et
3198 3621 3251 3673 si
3307 3624 3391 3675 tot
3419 3637 3539 3675 non
3574 3622 3709 3675 fue-

2637 3706 2771 3771 rint,
2832 3705 2990 3759 dabit
3016 3710 3239 3761 tantum
3279 3725 3377 3760 vni
3409 3708 3707 3779 denarios,

2639 3795 2696 3845 et
2725 3792 2884 3846 dabit
2924 3794 3177 3862 vadium,
3214 3800 3270 3849 et
3300 3797 3559 3851 inveniet
3590 3796 3711 3867 ple-

2639 3880 2819 3950 gium.
2880 3880 3045 3946 Quod
3078 3884 3129 3936 si
3179 3884 3329 3939 alius
3361 3890 3569 3955 postea
3599 3902 3710 3940 ve-

2639 3968 2791 4021 nerit
2807 3968 2956 4021 intra
2978 3984 3194 4025 annum
3218 3974 3272 4025 et
3299 3972 3473 4039 diem,
3499 3977 3556 4028 et
3576 3989 3712 4029 ave-

2638 4054 2788 4107 rium
2831 4058 3077 4125 repetat,
3126 4057 3198 4111 ad
3237 4062 3462 4113 rectum
3501 4060 3715 4116 habeat

2638 4142 2698 4196 in
2728 4141 2901 4197 Curia
2925 4159 3078 4213 cum,
3105 4161 3136 4198 a
3168 4162 3283 4215 quo
3321 4149 3585 4202 averium
3613 4165 3715 4203 re-

2641 4240 2980 4307 cuperatum
3004 4237 3235 4362 i'ueriltiI

2714 4405 2783 4460 Et
2815 4406 2886 4461 dc
2917 4408 3140 4477 averio,
3182 4408 3261 4462 ita
3290 4408 3605 4464 dicendum
3644 4411 3717 4465 de

2644 4495 2754 4549 alia
2795 4511 2856 4550 re
2889 4497 3100 4567 quavis
3130 4498 3388 4553 inventa.
3423 4498 3717 4554 Ostenda-

2644 4587 2738 4638 tur
2756 4586 2949 4641 tribus
2966 4585 3232 4655 partibus
3252 4587 3510 4657 vicineti,
3533 4591 3593 4643 ut
3606 4591 3722 4643 tes-

2646 4675 2950 4728 timonium
2992 4674 3202 4729 habeat
3240 4676 3312 4729 de
3357 4676 3717 4732 inventione.

2648 4762 2708 4815 Si
2744 4762 2958 4833 aliquis
2986 4766 3192 4831 postea
3224 4764 3451 4818 venerit
3493 4764 3565 4817 ad
3596 4780 3721 4819 rem

2651 4852 3034 4919 clamandam,
3075 4868 3182 4905 seu
3216 4852 3596 4922 repetendam
3625 4852 3723 4907 det

2651 4940 2905 5008 vadium,
2952 4943 3008 4993 et
3045 4939 3304 4993 inveniat
3334 4940 3587 5011 plegios,
3622 4941 3723 5011 qui

2652 5030 2704 5083 si
2724 5029 2874 5081 alius
2907 5026 3057 5081 intra
3088 5043 3303 5081 annum
3322 5031 3379 5081 et
3399 5028 3554 5083 diem
3584 5043 3721 5084 ave-

2652 5116 2805 5169 rium
2862 5115 3219 5184 clamaverit,
3253 5114 3327 5169 ad
3358 5120 3585 5170 rectum
3614 5115 3723 5169 ha-

2652 5206 2907 5259 biturum
2967 5205 3026 5258 in
3070 5204 3233 5259 curia
3278 5220 3412 5259 eum
3470 5205 3725 5277 quirem

2654 5293 2945 5348 invenerit
2975 5292 3319 5363 spondeant.
