4090 6162
564 260 729 337 1399

1021 438 1173 501 VIII.

633 582 709 642 Si
758 584 930 642 bome
969 584 1123 641 occit
1178 583 1352 654 ultre,
1390 597 1424 640 e
1465 582 1517 638 il
1538 584 1630 639 sei

563 678 903 743 eounsaunt,
950 687 983 728 e
1012 671 1063 727 il
1113 671 1288 727 deuia
1343 670 1501 727 faire
1537 671 1629 726 les

563 761 868 817 emendes:
891 759 1073 814 durra
1105 756 1178 813 de
1198 774 1263 813 sa
1277 758 1549 812 manbote
1571 755 1633 811 al

555 850 806 921 ceignor
851 862 969 918 pur
1024 845 1082 901 le
1119 845 1292 900 {rane
1349 847 1514 899 homo
1562 860 1620 897 X.

558 935 688 994 solz
712 934 769 990 la
804 948 988 989 vvere
1018 931 1117 987 dol
1151 932 1333 986 Tliein
1364 930 1521 985 xx.1i
1551 945 1622 983 en

555 1022 979 1081 Mercbenelae
1011 1036 1043 1076 e
1092 1035 1164 1075 en
1205 1018 1620 1073 Vvest—Scxc-

556 1110 764 1170 uelae:
795 1125 829 1166 e
874 1108 931 1164 la
977 1123 1161 1163 vvere
1194 1106 1294 1162 del
1333 1104 1520 1160 Vilain
1555 1104 1618 1159 C.

556 1197 685 1255 solz
731 1212 803 1253 eu
853 1194 1295 1261 Merclzenelae,
1353 1209 1385 1247 e
1446 1207 1621 1247 ense-

554 1289 719 1344 ment
746 1300 818 1342 en
851 1280 1408 1340 Vvest-Sexenelae.

1041 1432 1140 1488 IX.

626 1580 720 1639 De
761 1577 821 1637 18
854 1592 1038 1634 vvere
1059 1576 1494 1649 primerament
1522 1588 1618 1630 re-

550 1673 728 1727 narat
752 1667 890 1723 l’um
919 1666 993 1721 de
1015 1664 1140 1720 halt
1171 1663 1351 1718 Sainc
1382 1662 1414 1716 a
1446 1661 1501 1716 18
1538 1662 1621 1715 vi-

551 1759 667 1817 dua
711 1772 744 1812 e
786 1771 853 1810 as
890 1752 1213 1825 orphanins
1261 1768 1322 1806 x.
1347 1748 1620 1805 solzzele

550 1844 789 1918 surplus
819 1842 1139 1913 orplzanins
1185 1855 1218 1894 e
1245 1838 1337 1894 les
1385 1837 1622 1893 Parens

552 1935 869 2008 departth
895 1927 1163 1985 entr’els.

1044 2086 1120 2144 X.

615 2239 716 2298 Eu
770 2238 828 2295 Ia
861 2250 1045 2293 vvere
1071 2249 1255 2307 purra
1309 2233 1361 2288 il
1394 2233 1621 2289 rendre

552 2325 774 2387 Cbival
798 2326 897 2399 qui
925 2324 1000 2379 ad
1042 2340 1106 2378 sa
1147 2321 1322 2377 cuille
1370 2337 1487 2392 pur
1516 2338 1614 2375 xx.

545 2415 705 2474 sols:
765 2420 827 2471 et
866 2418 960 2468 tor
996 2426 1111 2484 pur
1158 2426 1218 2465 x.
1251 2408 1409 2466 solz:
1444 2409 1621 2464 eiter

547 2519 665 2584 pur
689 2519 752 2561 v.
779 2500 927 2559 solz.

1023 2666 1128 2723 XI.

616 2796 691 2853 Si
718 2791 886 2852 home
913 2791 1027 2848 fait
1046 2791 1207 2864 plaie
1240 2806 1272 2845 a
1294 2788 1468 2860 altre,
1510 2805 1543 2845 e
1570 2788 1623 2845 il

546 2884 723 2943 deuia
771 2881 928 2938 otrei
963 2880 1087 2935 fair
1141 2879 1230 2934 les
1296 2877 1613 2933 emendes:

537 2974 969 3046 primerement
999 2969 1044 3022 li
1064 2968 1253 3023 renda
1274 2983 1381 3021 sun
1403 2965 1461 3021 le
1479 2965 1613 3020 clie-

542 3061 636 3126 fe;
667 3075 700 3115 e
730 3059 776 3113 li
795 3056 1225 3131 plaiezjurraz
1258 3071 1362 3110 sur
1383 3058 1610 3121 sentez,

545 3149 645 3221 qui
657 3163 774 3219 pur
801 3161 930 3201 mes
965 3143 1089 3216 [al.,
1137 3141 1348 3214 maius]
1378 3140 1479 3197 uel
1506 3143 1617 3211 pot

541 3234 743 3291 fairne
758 3250 876 3306 pur
890 3233 964 3288 11a
973 3250 1042 3287 ur
1056 3231 1153 3304 [81.
1166 3272 1179 3286 .
1203 3229 1352 3302 hair]
1373 3230 1427 3284 si
1444 3229 1614 3284 clzier

541 3322 647 3379 nel
668 3321 770 3378 list
800 3322 876 3378 de
901 3321 1145 3376 sarbote
1177 3320 1286 3374 cbo
1313 3324 1406 3373 est
1444 3317 1519 3373 de
1555 3316 1612 3372 Ia

542 3410 735 3469 dulor.

1020 3583 1148 3639 XII.

613 3730 684 3787 Si
710 3730 767 3787 la
789 3728 949 3803 plaie
978 3730 1062 3787 lui
1097 3730 1259 3787 vient
1285 3744 1321 3787 a
1344 3731 1439 3787 vis
1467 3730 1608 3789 des-

541 3824 752 3875 cuvert
795 3818 918 3891 [al.,
950 3818 1382 3892 descueuvert],
1430 3819 1492 3874 al
1513 3834 1610 3892 po-

542 3904 599 3960 Iz
628 3904 748 3978 [aI.,
781 3904 932 3978 pels]
967 3911 1083 3961 tote
1106 3908 1231 3961 veie
1253 3923 1330 3962 ιν.
1364 3907 1610 3963 demers

545 3999 607 4050 et
657 3994 732 4049 de
779 4000 910 4049 tanz
952 4008 1018 4048 os
1073 4011 1197 4049 cum
1237 3995 1369 4051 110m
1407 3995 1616 4051 trarad

540 4080 615 4137 de
634 4080 691 4135 la
707 4081 868 4152 plaie
889 4080 952 4135 al
969 4095 1035 4135 os
1063 4085 1181 4137 tote
1203 4083 1335 4138 veie
1362 4098 1441 4137 ιν.
1469 4082 1604 4138 den.

532 4168 668 4240 pois
708 4168 1087 4223 acordeznent
1128 4169 1184 4223 si
1238 4168 1286 4223 li
1320 4170 1503 4225 metir
1534 4171 1609 4227 ad

539 4260 719 4310 avaut
775 4256 1031 4310 honours
1080 4254 1201 4327 [a1.,
1262 4257 1602 4329 seignours.

534 4342 651 4398 Hic
698 4342 921 4415 divino]
982 4345 1078 4415 qui
1125 4344 1182 4398 si
1236 4344 1286 4399 il
1322 4345 1371 4399 li
1412 4350 1511 4400 out
1542 4362 1610 4413 co

539 4430 683 4503 qu’il
728 4431 804 4486 ad
830 4429 942 4484 {ait
971 4445 1003 4484 a
1031 4430 1134 4501 lui,
1179 4446 1246 4486 se
1278 4446 1382 4487 son
1423 4449 1609 4505 queur

536 4517 587 4573 li
624 4523 988 4590 purportast,
1053 4525 1111 4572 et
1166 4534 1278 4574 son
1311 4523 1539 4577 conseil
1561 4523 1610 4577 1i

538 4606 768 4662 donast.
807 4605 1129 4678 prendreit
1156 4606 1229 4662 de
1256 4607 1342 4663 lui
1371 4623 1439 4665 ce
1462 4611 1604 4682 qu’il

536 4692 689 4752 oﬂ're
720 4709 753 4748 a
779 4692 883 4748 lui.

992 4821 1142 4879 XIII.

605 4959 679 5017 Si
706 4974 773 5029 ρο
819 4966 997 5016 avent
1046 4959 1145 5033 qui
1189 4958 1396 5032 alquon
1438 4959 1600 5037 colpe

533 5044 658 5121 [al.,
708 5047 875 5121 cope]
904 5048 961 5103 Ie
1012 5049 1151 5119 poin
1185 5063 1215 5102 a
1273 5048 1445 5103 altre.
1478 5068 1516 5104 v
1543 5051 1602 5109 le

1668 264 2098 332 WILLELMI
2180 268 2844 342 CONQUESTORIS.

2187 446 2316 503 VIII

1726 529 1817 587 De
1846 531 2153 615 Homicida
2191 539 2251 589 et
2288 534 2515 615 cap-itis
2542 534 2797 591 aestima-

1979 610 2136 659 tione
2174 621 2281 660 seu
2341 610 2539 661 Wera.

1796 691 1858 746 Si
1887 692 2022 763 quis
2053 692 2231 746 alium
2260 692 2559 762 occiderit,
2593 697 2651 748 et
2706 693 2796 749 sic

1726 793 1866 832 reus
1906 778 2217 850 conﬁtens,
2250 784 2307 835 et
2336 780 2649 836 emendare
2679 796 2786 836 ne-

1724 866 1973 935 gaverit,
2005 864 2104 919 det
2138 867 2209 921 de
2240 882 2348 922 suo
2378 868 2650 922 manbote
2681 868 2798 922 Do-

1723 952 1879 1005 mino
1910 968 2017 1021 pro
2056 952 2245 1008 libero
2294 954 2528 1008 homine
2560 971 2617 1007 x.
2654 955 2794 1008 soli-

1724 1037 1852 1107 dos,
1906 1044 1961 1092 et
2018 1055 2125 1108 pro
2177 1055 2353 1095 servo
2413 1058 2510 1095 xx.
2566 1040 2793 1095 solidos

1727 1126 1908 1179 VVera
1950 1126 2136 1180 Thani
2160 1143 2260 1182 xx.
2318 1128 2488 1181 librae
2532 1130 2593 1181 in
2627 1128 2793 1182 Mer-

1729 1214 1948 1267 ciorum
1972 1215 2151 1284 I.ege,
2204 1218 2261 1268 et
2290 1215 2351 1268 in
2397 1213 2799 1270 Vvest-Saxo-

1728 1317 1882 1355 num.
1930 1300 2000 1354 Et
2058 1302 2238 1355 Wera
2270 1303 2479 1355 Villani
2522 1301 2586 1355 C.
2621 1300 2794 1356 solidi

1725 1389 1787 1442 in
1833 1389 2194 1444 Merciorum
2235 1390 2387 1462 lege,
2418 1391 2593 1460 atque
2622 1390 2797 1445 etiam

1723 1476 1784 1529 in
1817 1476 2350 1533 Vvest-Saxonum.

2221 1581 2320 1636 IX.

1729 1665 1954 1731 Quibus
2021 1668 2250 1739 Capitis
2319 1669 2635 1724 aestimatio
2686 1682 2794 1725 seu

1986 1738 2167 1793 Wera
2199 1739 2503 1794 solvenda.

1797 1822 1959 1887 Quod
2017 1825 2088 1877 ad
2149 1824 2393 1877 \Veram
2424 1825 2644 1892 attinet,
2677 1824 2794 1893 pri-

1726 1923 1821 1963 mo
1842 1910 2047 1963 reddat
2080 1910 2133 1963 is
2156 1911 2257 1980 qui
2285 1914 2376 1964 est
2413 1911 2483 1964 dc
2516 1911 2636 1965 halt
2664 1923 2794 1965 san-

1726 1995 1905 2066 guine
1968 1996 2172 2051 Viduas
2214 2002 2270 2051 et
2298 1998 2590 2068 Orphanis
2618 2013 2677 2052 x.
2703 2011 2793 2075 so-

1724 2082 1897 2149 lidos,
1935 2086 1990 2137 et
2006 2085 2159 2154 quod
2180 2101 2360 2155 super
2388 2089 2479 2140 est
2506 2087 2791 2140 Parentes

1726 2172 1784 2225 et
1812 2171 2301 2241 orphaniinterse
2334 2172 2611 2228 dividant.

2218 2278 2291 2332 X.

1725 2369 2081 2423 Anima/ium
2114 2370 2329 2441 aliquot
2361 2370 2542 2440 valor,
2578 2372 2641 2425 in
2674 2370 2788 2426 Ca-

1788 2441 1939 2510 pitis
1980 2443 2376 2495 mstimatione
2421 2442 2718 2496 censenda

1801 2528 1866 2581 In
1927 2528 2109 2582 VVera
2139 2528 2383 2582 reddere
2412 2530 2623 2598 poterit
2652 2530 2789 2600 quis

1723 2612 1953 2685 Equum
2008 2629 2126 2669 non
2180 2614 2510 2669 Castratum
2540 2632 2647 2687 pro
2684 2633 2784 2672 xx.

1723 2701 1952 2771 solidis,
1986 2705 2044 2755 et
2073 2703 2329 2757 Taurum
2350 2718 2456 2773 pro
2488 2721 2546 2760 x.
2577 2703 2786 2760 solidis

1722 2791 1779 2842 et
1797 2790 1919 2844 iter
1937 2804 2047 2861 pro
2076 2806 2133 2844 v.
2167 2790 2397 2845 solidis.

2195 2877 2294 2932 XI.

2001 2973 2091 3029 De
2106 2973 2499 3031 Percussore.

1789 3077 2015 3150 Siquis
2072 3080 2249 3133 alium
2299 3080 2685 3150 percusserit,
2731 3083 2789 3137 et

1716 3164 2025 3235 negaverit
2046 3165 2197 3218 ultra
2226 3166 2568 3234 emendare,
2601 3165 2788 3236 primo

1718 3250 1921 3305 reddat
1966 3265 2075 3303 sun
2135 3250 2192 3304 lc
2231 3250 2404 3305 clicl'e
2458 3254 2516 3305 et
2554 3252 2784 3324 plagas,

1710 3334 1873 3407 juret
1928 3350 2110 3404 super
2158 3339 2360 3390 sancta
2414 3337 2572 3407 quod
2618 3338 2790 3395 aliter

1716 3438 1835 3478 non
1872 3423 2058 3492 potuit
2104 3423 2300 3477 facere
2344 3439 2454 3479 nec
2498 3440 2604 3494 pro
2634 3425 2786 3482 baur

1714 3524 1769 3563 SI
1802 3510 1972 3564 chier
1996 3524 2105 3563 nec
2136 3509 2274 3564 fecit
2325 3510 2645 3569 desarbote
2676 3512 2785 3571 cbo

1714 3602 1809 3652 est
1837 3596 1912 3652 de
1924 3595 1981 3651 18
2011 3595 2199 3652 dulor.

2181 3709 2304 3766 XII.

1924 3810 2013 3869 De
2051 3811 2297 3869 vulnere
2352 3814 2561 3872 indito.

1783 3924 1848 3981 Si
1874 3923 2049 3997 plaga
2073 3924 2159 3979 lui
2187 3926 2346 3980 rient
2378 3942 2410 3981 a
2446 3928 2539 3983 vis
2575 3927 2781 3985 descu-

1718 4019 1849 4070 vert
1868 4012 1929 4069 el
1948 4013 2082 4085 polz
2105 4018 2222 4068 tote
2249 4015 2376 4068 veie
2405 4032 2482 4070 1v.
2507 4016 2782 4075 denarios

1712 4106 1770 4158 et
1806 4101 1877 4157 de
1937 4102 2094 4155 omni
2124 4116 2264 4155 osse
2294 4103 2449 4173 quod
2491 4106 2626 4174 quis
2658 4109 2781 4161 tra-

1710 4190 1862 4246 xerit
1886 4204 1957 4243 ex
1987 4189 2179 4260 plaga,
2215 4204 2356 4244 osse
2384 4194 2505 4245 toto
2538 4193 2669 4248 viso
2700 4209 2781 4249 1v.

1713 4276 2008 4332 denarios.
2055 4280 2261 4346 postea
2309 4279 2691 4335 acordement
2725 4282 2786 4337 si

1710 4365 1758 4419 Ii
1784 4365 1966 4420 metir
1996 4365 2071 4419 ad
2097 4370 2274 4419 avum
2310 4366 2568 4422 lionours
2599 4385 2706 4440 que
2726 4369 2784 4424 si

1711 4451 1926 4521 illiont,
1969 4451 2030 4505 id
2087 4451 2241 4521 quod
2303 4452 2356 4506 ei
2417 4452 2557 4507 fecit
2586 4457 2638 4509 si
2680 4471 2784 4513 cor

1711 4554 1886 4594 suum
1909 4539 2379 4610 eisuggcsscrit,
2400 4543 2456 4594 et
2472 4543 2781 4599 consilium

1712 4641 1885 4681 suum
1900 4627 1954 4680 ei
1983 4626 2318 4696 donaverit,
2340 4629 2590 4698 accipiat
2608 4631 2684 4686 ab
2709 4645 2781 4688 eo

1710 4715 1867 4786 quod
1902 4714 1956 4768 ei
1986 4714 2280 4769 obtulerit.

2167 4818 2320 4873 XIII.

1709 4905 2109 4961 Membrorum
2124 4907 2514 5031 pricecisorum
2530 4913 2780 4968 aestima-

2221 4992 2295 5031 ιο.

2221 4992 2295 5032 10.

1779 5068 1843 5123 Si
1872 5070 2150 5125 acciderit
2164 5074 2223 5125 ut
2238 5074 2371 5142 quis
2396 5090 2659 5146 pugnum
2684 5092 2779 5132 cu-

3755 283 3871 356 ιεοί

3339 451 3488 515 VIII.

2972 571 3035 629 Si
3058 575 3193 646 quis
3224 576 3398 634 alium
3429 582 3703 653 occiderit,
3718 593 3765 645 et
3780 607 3881 650 con-

2899 663 3175 750 senserit,
3208 667 3264 720 et
3292 668 3607 731 ememdare
3621 673 3879 750 denegave-

2896 748 2990 816 rit,
3026 749 3186 805 dabit
3211 751 3281 806 de
3320 768 3425 809 sua
3460 756 3704 816 Maubota
3730 748 3874 824 [tomi-

2896 849 2972 891 no
3003 852 3109 906 pro
3136 837 3320 895 libero
3352 841 3577 900 homine
3605 866 3655 903 x.
3683 854 3871 924 solidos,

2896 926 2953 977 et
2982 939 3088 992 pro
3137 940 3310 983 servo
3341 946 3441 985 xx.
3491 935 3710 991 solidos.
3743 941 3873 1000 Wera
3988 962 3989 1000 ;

2897 1009 3084 1067 Thani
3127 1030 3226 1069 xx.
3292 1016 3457 1073 libra;
3492 1020 3548 1074 in
3594 1023 3876 1088 Merciorum

2894 1097 3140 1194 lege,_et
3166 1104 3226 1157 in
3251 1103 3734 1194 jVest-Saxonum
3758 1119 3870 1194 lege:

2905 1190 2963 1240 et
2992 1186 3176 1244 Wera
3204 1191 3405 1249 villani
3436 1194 3498 1250 C.
3530 1198 3688 1253 solidi
3710 1204 3758 1258 in
3776 1186 3869 1265 M'er'

2905 1273 3129 1331 ciorum
3147 1277 3279 1351 lege
3297 1283 3429 1337 etin
3450 1281 3868 1353 West-Saxonum

2901 1359 3054 1433 lege.

3376 1471 3479 1530 IX.

2973 1586 3058 1645 De
3102 1587 3285 1650 Were
3337 1596 3525 1665 primo
3577 1603 3808 1662 reddetur
3823 1609 3874 1665 de

2902 1675 3015 1732 alto
3045 1680 3355 1753 sanguine,
3379 1684 3569 1743 vidua:
3588 1693 3638 1743 et
3656 1692 3876 1763 orphanis

2899 1780 2958 1820 ι.
2991 1766 3195 1825 solidi:
3246 1772 3489 1842 etquod
3531 1785 3771 1849 superest
3808 1796 3863 1837 or

2898 1852 3076 1999 ἓὶιεῖἰ
3112 1858 3171 1912 et
3194 1863 3471 1928 parentes
3526 1865 3667 1923 inter
3692 1881 3749 1926 se
3771 1868 3856 1924 divi

2939 1958 3013 1999 an
3040 1983 3055 1998 .

2939 1958 3055 1999 ant.

3391 2100 3466 2157 X.

2970 2221 3035 2277 In
3078 2222 3256 2282 Were
3291 2229 3541 2290 reddere
3577 2239 3760 2306 poterit
3782 2240 3874 2310 quis

2898 2307 3126 2382 Equum
3165 2317 3266 2387 qui
3292 2320 3598 2378 testiculos
3644 2307 3875 2399 habet—pro

2896 2415 2994 2456 xx.
3053 2403 3295 2463 solidis:
3359 2416 3417 2463 et
3472 2415 3684 2468 taurum
3729 2431 3874 2486 prox.

2870 2488 3125 2563 solidis,
3157 2496 3216 2549 et
3241 2512 3478 2554 verrem
3504 2516 3603 2571 pro
3630 2520 3680 2558 v.
3706 2504 3862 2560 solidis

3387 2630 3486 2688 XI.

2950 2750 3026 2808 'Si
3078 2754 3213 2825 quis
3270 2757 3445 2815 alteri
3490 2760 3704 2834 plagam
3730 2762 3879 2817 fecerit
3988 2744 3989 2823 ξ

2895 2842 2952 2896 et
3007 2842 3156 2898 ultra
3186 2851 3502 2907 emendare
3558 2853 3876 2924 denegaverit.

2893 2930 3084 2998 primo
3132 2933 3182 2985 ei
3237 2935 3446 2991 reddat
3474 2955 3637 2995 suum
3664 2941 3875 3009 capitale:

2895 3020 2952 3071 et
2978 3018 3248 3090 plagatus
3268 3022 3499 3092 jurabit
3526 3042 3691 3097 super
3715 3030 3876 3089 sancta,

2894 3104 3047 3175 quod
3094 3121 3199 3174 pro
3248 3108 3463 3164 minori
3508 3112 3763 3180 (emenda)
3796 3126 3876 3165 non

2893 3193 3085 3261 potest
3114 3193 3328 3264 facere,
3351 3214 3462 3252 nec
3483 3216 3584 3267 pro
3611 3201 3727 3255 odio
3752 3198 3878 3253 cario»

2894 3292 3018 3332 rem
3075 3281 3189 3350 (vel
3259 3284 3566 3357 majorem)
3629 3287 3800 3343 iecerit
3831 3286 3878 3340 de

2893 3364 3155 3434 sarbota,
3181 3366 3240 3422 id
3269 3374 3365 3424 est
3395 3372 3468 3426 de
3498 3373 3702 3429 dolore.

2963 3451 3213 3524 (Lingua
3243 3453 3467 3513 Saxon.
3498 3457 3614 3533 Sag
3646 3466 3728 3516 est
3742 3458 3877 3529 dolat;

3032 3538 3196 3613 Bota,
3227 3546 3602 3619 emendatio.)

3359 3678 3489 3735 XII.

2961 3803 3025 3864 Si
3067 3808 3245 3884 plaga
3278 3812 3333 3867 ei
3382 3813 3597 3870 inﬂicta
3644 3811 3791 3869 fuerit
3821 3810 3877 3865 ita

2889 3898 2953 3951 ut
2977 3904 3270 3969 appareat,
3304 3916 3414 3971 pro
3448 3903 3595 3973 pelle
3637 3901 3786 3957 totius
3821 3912 3875 3950 iv.

2886 3983 3160 4043 denarios
3189 3989 3397 4060 (dabit)
3428 3996 3484 4046 et
3502 3991 3571 4046 de
3592 3992 3667 4045 tot
3689 3987 3875 4044 ossibus

2850 4087 3020 4144 ,(Ιιιω
3066 4090 3141 4130 ex
3194 4076 3371 4150 plaga
3401 4077 3765 4141 extrahentur,
3802 4084 3878 4142 pro

2888 4162 3147 4233 quolibet
3175 4178 3317 4219 osse
3360 4167 3534 4223 toties
3561 4182 3635 4221 xv.
3664 4160 3877 4220 denarios

2892 4253 3115 4323 (dabit).
3148 4251 3313 4320 Quod
3333 4255 3391 4310 si
3420 4269 3610 4311 coram
3631 4246 3877 4323 superiori-

2885 4340 3001 4398 bus
3048 4342 3299 4397 dominis
3328 4345 3561 4414 pactum
3587 4341 3764 4395 initam
3786 4334 3875 4391 fue-

2886 4431 2980 4501 rit,
3040 4429 3112 4486 de
3164 4430 3338 4503 plaga
3395 4445 3528 4503 quia
3572 4430 3674 4483 alio
3706 4428 3752 4481 ei
3768 4423 3875 4478 facta

2887 4518 3079 4585 fuerit,
3137 4518 3190 4575 si
3236 4534 3338 4576 cor
3389 4534 3559 4576 suum
3595 4517 3647 4572 id
3695 4514 3741 4569 ei
3772 4523 3873 4579 sug-

2886 4607 3165 4679 gesserit,
3214 4609 3270 4663 et
3308 4607 3617 4663 consilium
3668 4614 3809 4657 suum
3836 4593 3873 4648 ei

2886 4695 3209 4764 donaverit,
3268 4695 3513 4765 accipiet
3563 4692 3630 4749 ab
3658 4703 3721 4746 eo
3758 4679 3873 4756 quod

2884 4785 3003 4840 sibi
3030 4784 3288 4841 oblatum
3318 4782 3509 4839 fuerit.

3335 4912 3486 4970 XIII.

2951 5063 3015 5120 Si
3044 5062 3322 5119 acciderit
3340 5064 3401 5117 ut
3413 5061 3545 5133 quis
3557 5068 3785 5130 pugnum
3796 5061 3868 5104 cu—

526 5138 690 5234 pied,
742 5136 891 5234 81-Ιί
917 5137 1146 5234 rendra
1195 5135 1597 5234 demi-vvere,
1702 5155 1966 5226 juspiam
2004 5133 2323 5213 abscideiit
2396 5133 2513 5215 ξωῖ
2544 5164 2774 5234 pedem,
2876 5133 3866 5234 juspiamabscideritautpedemred-

533 5224 700 5279 suluc
754 5224 875 5296 [al.,
926 5222 1148 5296 selonc]
1206 5240 1306 5290 eeo
1329 5224 1435 5295 q’il
1458 5234 1549 5282 est
1581 5247 1599 5283 .-

532 5312 663 5365 més
691 5311 792 5366 del
796 5313 1043 5383 pocbicr
1064 5312 1329 5368 rendrad
1357 5312 1413 5367 la
1444 5317 1595 5371 mei-

1707 5243 1913 5297 reddat
1924 5244 1977 5297 ei
1990 5245 2465 5305 medietatemWe
2475 5265 2557 5303 ras
2572 5265 2778 5305 secun-

2880 5241 2975 5295 det
2987 5240 3039 5294 ei
3052 5237 3411 5295 medietatem
3424 5250 3594 5290 werae
3604 5226 3865 5288 secundum

1705 5329 1842 5384 dum
1864 5331 1920 5384 id
1942 5333 2097 5400 quod
2116 5336 2226 5387 est.
2269 5333 2386 5389 Sed
2423 5351 2529 5405 pro
2561 5337 2773 5405 pollice
2878 5327 3035 5399 quod
3064 5327 3123 5380 id
3154 5331 3277 5381 θεῖε
3323 5323 3427 5378 sed
3456 5324 3525 5377 de
3556 5319 3739 5392 Ρ⁰¹Ῑί⁰⁸
3762 5310 3865 5405 re?

535 5397 597 5453 te
625 5396 699 5453 de
734 5397 791 5452 18
847 5400 1023 5454 main.
1056 5400 1172 5455 Del
1197 5400 1296 5454 dei
1336 5418 1513 5471 apros
1541 5403 1599 5458 1e
1705 5417 1909 5471 reddat
1957 5396 2328 5475 ξῃθάίθιειιθω
2396 5396 2624 5478 ﬁgulis,
2660 5425 2774 5479 Ριιο
2878 5396 2976 5471 det
3026 5413 3391 5470 medietatem
3418 5424 3634 5466 manus.
3677 5405 3772 5459 Pro
3794 5398 3863 5453 di-

531 5483 780 5561 polcier,
835 5502 937 5543 xv.
1010 5487 1136 5545 solz
1173 5488 1247 5547 de
1286 5491 1419 5547 solt.
1467 5491 1596 5548 En-
1702 5504 1886 5577 digito
1900 5504 2207 5579 quiponici
2221 5508 2532 5581 proximus
2550 5526 2651 5584 κν,
2667 5525 2771 5569 εο-
2874 5502 2998 5577 gito
3046 5502 3149 5575 qui
3197 5500 3465 5575 pollicem
3520 5489 3859 5566 subsequitur:
