4074 6150
203 267 368 328 ιωι

201 457 391 538 gleis,
449 473 518 528 eo
588 463 682 516 est
744 472 889 533 quer
979 457 1045 533 [ἢ
1120 467 1260 530 qua-

202 552 376 604 rante
403 563 417 604 :
447 563 580 604 nam
612 549 676 603 in
717 549 851 621 lege
892 548 1088 604 Saliae
1117 545 1263 603 soli-

204 636 321 693 dus
337 636 817 692 x1..denariorum
836 634 970 707 fuit]
987 636 1259 691 deniers:

204 724 283 780 de
309 723 445 779 Iunc
474 724 574 779 dei
613 740 732 779 xw.
765 723 908 792 solz,
959 723 1032 779 de
1068 722 1265 777 l'aItre

203 811 308 884 qui
329 811 544 883 ported
583 810 768 865 l’anel
799 827 923 868 xvu
962 809 1087 866 soIz
1122 830 1138 863 :
1168 807 1270 864 del

200 900 358 970 petit
398 899 499 954 dei
530 915 590 954 v.
635 898 779 966 solz,
823 898 896 954 de
940 897 1179 969 l'ungle,
1209 897 1266 951 si

201 971 258 1040 il
276 985 457 1057 colpe,
490 986 564 1042 de
587 1001 799 1047 caseun
821 1000 875 1040 v.
911 986 1032 1041 sols
1057 985 1131 1040 de
1151 983 1265 1039 solt

202 1071 461 1145 Engleis
490 1093 508 1127 :
536 1089 570 1129 a
614 1071 833 1144 Iungle
870 1072 945 1129 de
971 1072 1125 1145 petit
1169 1069 1269 1126 dei

203 1177 287 1215 iv.
320 1160 458 1218 den.

664 1369 798 1426 XIV

274 1536 354 1591 lxi
403 1533 550 1595 altri
604 1543 851 1607 semitae
891 1535 1160 1607 purg'lst,
1213 1533 1271 1589 si

89 1675 94 1678 .
198 1623 413 1680 {or/ait
448 1622 506 1708 la
556 1636 742 1681 vvere
796 1637 935 1681 vers
989 1638 1099 1681 sun
1127 1620 1267 1683 Sei-

197 1722 413 1786 gnaur.

663 1898 795 1958 XV.

267 2067 509 2126 Atresi
524 2037 624 2140 qui
648 2068 708 2124 ia
720 2067 1113 2141 usjugement
1130 2066 1267 2142 fait,

192 2164 336 2230 pert
365 2166 429 2211 π
453 2169 652 2224 vvere,
686 2155 744 2210 si
758 2154 808 2210 il
831 2170 904 2211 ne
929 2162 1029 2225 pot
1043 2172 1268 2227 prover

197 2259 303 2303 sor
320 2244 533 2304 Saintz
553 2246 651 2318 qui
667 2242 818 2305 mols
835 2245 938 2300 nel
961 2244 1242 2318 sotjuger

652 2449 808 2508 XVI.

270 2635 345 2693 Si
363 2634 532 2692 bome
547 2632 757 2707 apeled
775 2632 933 2692 altre
951 2632 1028 2692 de
1043 2634 1255 2708 Iarcin,

195 2728 261 2783 et
288 2723 340 2778 i1
362 2728 454 2779 sat
495 2722 706 2778 francz
757 2722 945 2793 home,
995 2730 1053 2778 et
1084 2725 1133 2778 il
1173 2726 1258 2780 ait

192 2811 316 2870 and
341 2808 462 2883 [ειη
495 2807 632 2881 ouk]
664 2825 730 2865 ca
767 2825 945 2866 verre
995 2813 1262 2868 testimo-

192 2900 298 2956 nie
355 2898 428 2953 de
489 2896 687 2967 Iealte',
729 2896 855 2953 s’en
909 2899 1264 2955 escoudirad

186 3000 307 3059 per
329 2983 492 3057 plain
520 2990 787 3040 serment
818 3004 836 3039 :
867 2990 929 3041 et
970 2985 1125 3042 ultre
1161 2989 1259 3059 qui

192 3071 465 3130 blasmed
505 3071 590 3126 ait
619 3071 809 3141 estad,
848 3085 964 3143 per
992 3087 1258 3128 sei-ment

194 3159 409 3217 named
432 3175 443 3213 :
464 3171 534 3226 eo
551 3164 644 3214 est
662 3174 695 3213 a
718 3173 784 3214 sa
794 3160 922 3214 voir
947 3162 1072 3232 qu’a
1096 3169 1260 3218 vorte

194 3249 401 3304 bomes
428 3246 577 3305 leals
614 3261 725 3318 per
757 3263 887 3316 non,
928 3249 985 3302 si
1039 3248 1092 3303 il
1114 3266 1263 3304 aver

195 3337 292 3392 les
315 3341 436 3407 pot,
457 3336 513 3390 si
534 3334 657 3393 s’en
679 3336 991 3391 escouriad
1019 3339 1113 3393 sei
1132 3339 1272 3393 dud-

189 3425 355 3478 zime
395 3422 470 3477 de
518 3421 675 3476 main
707 3440 723 3476 ,ο
760 3429 818 3477 ει
848 3421 907 3477 si
948 3426 1123 3479 aveir
1159 3441 1265 3481 nes

187 3517 310 3584 pot,
350 3511 405 3564 si
435 3525 502 3563 se
538 3508 796 3565 defende
840 3525 954 3581 per
982 3512 1119 3581 iiiis,
1156 3530 1187 3567 ε
1219 3514 1266 3567 li

190 3596 439 3668 epeleur
467 3596 647 3666 jurra
692 3611 799 3650 sur
857 3596 938 3654 lui
983 3613 1084 3667 ,iur
1135 3600 1259 3671 |al.,

191 3682 322 3755 sur]
352 3688 443 3736 set
490 3682 692 3737 homes
750 3681 969 3753 només,
1023 3687 1120 3757 qui
1149 3704 1264 3758 pur

190 3771 350 3824 liaur
403 3766 524 3840 [al.,
560 3767 711 3841 hair]
752 3770 854 3830 uel
893 3769 994 3825 list
1042 3786 1116 3828 ne
1147 3790 1264 3845 pur

188 3854 355 3909 altre
385 3854 578 3923 chose,
612 3853 668 3908 si
688 3870 805 3929 pur
823 3868 930 3912 son
962 3855 1126 3914 dreit
1149 3875 1261 3915 non

190 3940 557 4014 purcliacer.

640 4150 822 4208 XVII.

268 4331 322 4387 Ε
350 4331 408 4385 si
436 4330 635 4387 alcons
655 4337 749 4390 est
770 4333 973 4405 apelez
1002 4335 1076 4393 de
1097 4340 1259 4395 Mus-

192 4426 294 4475 ter
324 4419 603 4490 fruisser,
637 4437 675 4473 v
703 4421 778 4476 de
798 4423 1099 4496 chambre,
1134 4436 1191 4482 et
1217 4431 1267 4484 il

191 4507 341 4562 n'eit
385 4509 512 4561 este
540 4506 775 4564 blamed
814 4525 889 4565 en
918 4528 1078 4582 arer,
1132 4517 1257 4572 s'en

188 4593 461 4650 escendit
486 4608 596 4664 per
624 4611 761 4649 xm.
794 4594 1076 4672 [al.,xmv]
1106 4603 1251 4659 Ieals

194 4680 324 4753 (aL,
359 4680 628 4735 escendit
660 4697 766 4751 per
796 4700 895 4738 xii.
942 4685 1109 4760 leals]
1153 4692 1260 4746 lio-

190 4784 325 4823 mes
353 4783 554 4821 nomez
592 4770 685 4823 sei
729 4770 1002 4828 dudzime
1052 4780 1205 4832 main
1243 4802 1258 4832 .-

189 4872 228 4912 ε
268 4855 373 4909 s'il
403 4858 486 4910 eit
532 4856 783 4928 altrejée
815 4858 939 4931 [al.,
977 4864 1257 4939 altreiiée]

187 4942 371 4999 estet!
430 4942 699 5010 blamed,
769 4946 893 5001 s’en
945 4954 1261 5009 escoudictl

186 5030 317 5102 ιρι,
361 5028 685 5101 escondiet]
743 5047 775 5085 a
831 5039 957 5090 tres
1003 5038 1213 5094 dub/es
1244 5084 1258 5110 ,

186 5131 297 5185 peo
328 5131 360 5169 a
382 5131 448 5169 sa
462 5118 587 5170 voir
602 5133 712 5187 per
729 5136 908 5175 XLVIII
932 5121 1260 5201 [al..xxxvn]

190 5206 401 5259 homes
430 5202 577 5257 leals
617 5209 835 5275 names,
888 5212 981 5264 sei
1027 5218 1258 5269 trante-

186 5292 352 5346 siste
380 5289 535 5343 mein
568 5310 585 5344 :
616 5307 648 5346 ε
678 5292 779 5347 s'il
801 5297 974 5350 aveir
1003 5316 1108 5353 nes
1134 5309 1253 5372 pot,

189 5384 295 5433 aut
327 5392 361 5429 a
386 5381 444 5429 ta
466 5376 655 5432 ivisse
683 5394 717 5433 a
746 5381 900 5436 treis
942 5384 1170 5458 dub/es,
1205 5406 1259 5444 si

189 5480 264 5520 co
293 5461 345 5548 il
378 5461 551 5519 doust
596 5478 628 5520 a
660 5466 813 5523 treis
840 5468 916 5524 du
937 5472 1102 5542 pleiu
1134 5474 1255 5548 [al.,

190 5542 459 5628 dublein]
488 5559 754 5613 εει-ωερε
802 5556 836 5616 ὸ
879 5557 982 5616 s’il
1015 5575 1087 5618 eu
1116 5542 1260 5625 arar

1763 262 2046 321 LEGEb.

1363 451 1540 520 lidos,
1572 451 1646 508 de
1694 452 1884 508 solido
1936 453 2287 525 Anglicano,
2317 450 2434 507 hoc

1364 544 1475 608 est,
1534 556 1680 613 quer
1718 540 2016 595 denarios.
2077 542 2195 595 Pro
2251 540 2436 611 digito

1359 631 1543 700 longo
1569 645 1690 682 xvi.
1711 629 1956 683 solidos.
1980 629 2098 682 Pro
2120 628 2302 683 altero
2330 626 2434 697 qui

1366 717 1553 784 portat
1583 715 1860 767 annulum
1886 730 2007 767 xvn
2035 714 2283 768 solidos.
2316 712 2428 766 Pro

1366 800 1551 871 digito
1581 801 1821 854 minimo
1850 816 1908 854 v.
1941 800 2186 855 solidos.
2221 800 2281 855 Si
2325 813 2437 854 un-

1368 904 1541 958 guem
1574 888 1707 957 quis
1748 887 2021 958 cuiquam
2069 887 2435 973 nrrnniderit,

1367 990 1424 1027 ν.
1472 975 1681 1028 solidis
1742 974 1815 1029 de
1873 976 2063 1029 solido
2108 975 2437 1045 Anglicano

1369 1062 1656 1130 emendet,
1691 1063 1746 1115 et
1779 1077 1884 1131 pro
1910 1075 2108 1133 ungue
2142 1062 2311 1133 digiti
2337 1062 2441 1117 mi-

1369 1148 1532 1218 nimi,
1565 1164 1642 1204 iv.
1675 1146 1955 1206 denariis.

1819 1259 1974 1315 XIV.

1667 1370 1757 1426 De
1802 1369 2139 1427 Adulterio.

1437 1461 1549 1529 Qui
1592 1463 2010 1533 desponsatam
2058 1465 2223 1520 alteri
2258 1460 2433 1523 vitia-

1369 1551 1520 1605 verit
1579 1550 1903 1606 forisfaciat
1954 1551 2196 1608 Weram
2264 1566 2434 1609 suam

1370 1638 1615 1694 Domino
1652 1653 1784 1694 suo.

1831 1734 1958 1790 XV.

1555 1834 1645 1891 De
1674 1835 1883 1892 Judice
1914 1841 2213 1909 corrupto.

1439 1928 1626 1984 Etiam
1656 1932 1755 2001 qui
1787 1931 2000 1986 falsum
2047 1931 2239 1987 tulerit
2264 1930 2432 2003 judi-

1367 2012 1543 2084 cium,
1576 2016 1812 2069 Weram
1844 2033 2012 2071 suam
2052 2017 2277 2087 perdat,
2310 2017 2429 2073 nisi

1365 2101 1539 2155 tactis
1588 2100 2000 2157 Sacrosanctis
2031 2103 2109 2173 (Ε
2120 2103 2432 2175 vangeliis)

1366 2188 1617 2259 probare
1657 2191 1871 2259 poterit
1917 2207 1983 2244 se
2035 2191 2244 2245 melius
2267 2190 2433 2262 judi-

1366 2288 1500 2328 care
1530 2288 1645 2329 non
1674 2276 1961 2345 potuisse.

1816 2379 1968 2433 XVI.

1364 2487 1458 2547 De
1494 2484 1862 2561 Purgatione
1911 2489 2076 2613 illitas
2110 2491 2209 2563 qui
2257 2489 2430 2548 Furti

1757 2576 1900 2613 reus
1926 2576 1992 2613 es
2023 2601 2036 2613 .

1757 2576 1900 2615 reus
1926 2576 2036 2615 εει.

1436 2662 1500 2719 Si
1530 2663 1663 2735 quis
1699 2665 1941 2718 alterum
1975 2666 2186 2734 apellet
2215 2667 2287 2723 de
2318 2668 2426 2723 La-

1366 2749 1612 2804 trocinio
1645 2753 1700 2803 et
1729 2750 1782 2803 is
1823 2751 1901 2803 sit
1930 2751 2079 2804 liber
2123 2752 2321 2819 homo,
2374 2758 2431 2810 et

1366 2836 1575 2890 habeat
1607 2836 1722 2890 ond
1746 2852 1810 2890 ca
1823 2852 1997 2891 verre
2026 2840 2427 2896 testimonium

1368 2921 1438 2976 de
1470 2922 1759 2992 legalitate
1791 2928 2004 2994 purget
2054 2939 2120 2978 se
2163 2942 2272 2995 per
2300 2928 2428 2998 ple-

1368 3023 1503 3061 num
1536 3011 1986 3075 sacramentum,
2040 3014 2095 3063 et
2135 3011 2283 3065 alter
2329 3015 2430 3084 qui

1367 3093 1601 3148 infamis
1630 3099 1759 3148 ante
1807 3094 1993 3149 fuerat
2017 3113 2130 3166 per
2159 3110 2427 3155 serment

1369 3180 1593 3248 named,
1654 3179 1925 3234 videlicet
1982 3199 2081 3235 xw
2156 3184 2429 3242 homines

1366 3265 1591 3335 legales
1616 3281 1728 3336 per
1757 3282 1869 3320 non
1901 3268 1951 3320 si
1989 3267 2042 3321 is
2074 3268 2291 3325 habere
2323 3289 2428 3328 eos

1367 3353 1578 3421 poterit
1604 3368 1669 3407 se
1700 3357 1915 3424 purget
1936 3355 2278 3412 duodecima
2310 3376 2428 3415 ma-

1367 3456 1465 3505 nu,
1512 3440 1649 3493 etsi
1707 3440 1926 3494 habere
1972 3459 2086 3495 non
2118 3448 2308 3512 possit
2359 3464 2428 3502 se

1365 3528 1642 3582 defendat
1682 3545 1793 3598 per
1825 3530 1940 3583 iuis
1985 3534 2040 3596 et
2089 3532 2426 3602 Appellator

1359 3614 1581 3685 jurabit
1610 3632 1714 3669 sur
1757 3616 1839 3670 lui
1864 3618 1973 3687 jur
2018 3624 2111 3672 set
2158 3620 2429 3681 homines

1364 3717 1565 3755 nomes
1608 3702 1761 3770 quod
1811 3708 2049 3772 propter
2102 3706 2252 3761 liaur
2308 3728 2426 3767 non

1362 3786 1500 3841 fecit
1541 3802 1650 3841 nec
1681 3792 1921 3857 propter
1968 3790 2140 3844 aliam
2189 3808 2428 3854 causam

1361 3890 1533 3946 quam
1564 3875 1697 3945 quis
1721 3874 1825 3945 jus
1869 3891 2045 3931 suum
2093 3892 2426 3953 perseque-

1362 3965 1544 4016 retur.

1804 4082 1981 4138 XVII.

1359 4194 1449 4249 De
1480 4210 1547 4250 eo
1578 4195 1676 4267 qui
1713 4195 2006 4268 Templum
2050 4198 2159 4255 aut‘
2198 4202 2426 4260 domum

1751 4266 2025 4336 fregerit.

1430 4366 1499 4420 Et
1528 4367 1580 4443 si
1620 4367 1753 4437 quis
1785 4371 2109 4439 appellatus
2144 4373 2317 4432 fuerit
2347 4378 2418 4434 de

1361 4451 1644 4505 fractione
1703 4452 2040 4509 Monaslcrii
2093 4462 2191 4513 aut
2245 4462 2421 4518 Cubi-

1362 4535 1497 4604 culi,
1548 4551 1737 4607 neque
1769 4538 1940 4592 fuerit
1987 4546 2151 4597 antea
2187 4545 2428 4603 infamis

1363 4638 1581 4678 enarer
1611 4639 1677 4677 se
1717 4631 1929 4697 purget
1956 4644 2062 4697 per
2092 4648 2208 4686 χιιι
2256 4636 2425 4708 lega-

1358 4711 1448 4764 les
1473 4710 1737 4763 homines
1764 4729 1963 4767 uomes
1983 4732 2049 4770 se
2074 4719 2423 4778 duodecima

1361 4802 1629 4864 manu,et
1654 4799 1705 4851 si
1727 4800 1870 4853 alias
1908 4802 2144 4859 infamia
2192 4814 2428 4866 notatus

1364 4883 1894 4955 fuerit,purgctsea
1920 4893 2436 4952 trosdulleswide-

1359 4968 1495 5021 licet
1524 4985 1630 5038 per
1659 4987 1855 5026 xnvm.
1893 4974 2161 5032 homines
2193 4981 2416 5053 legales

1364 5070 1562 5108 nomes
1601 5071 1666 5109 se
1726 5059 2029 5129 trigesima
2080 5069 2245 5119 sexta
2303 5085 2422 5123 ma-

1361 5156 1460 5209 nu,
1509 5142 1642 5195 etsi
1691 5143 1825 5198 illos
1874 5146 2091 5202 habere
2138 5156 2430 5223 nequierit

1363 5229 1453 5280 eat
1483 5243 1514 5281 a
1562 5227 1617 5282 le
1647 5230 1801 5285 ivise
1842 5248 1873 5286 a
1917 5237 2069 5289 treis
2112 5238 2323 5295 dubles
2376 5244 2432 5298 si

1363 5312 1481 5367 coil
1506 5314 1675 5369 doust
1724 5332 1755 5370 θ
1804 5321 1955 5374 treis
1995 5322 2065 5376 de
2113 5326 2285 5394 pleno
2331 5344 2424 5383 sa-

1365 5403 1681 5469 cramento,
1716 5404 1775 5456 et
1801 5405 1856 5458 si
1885 5405 1937 5459 il
1948 5397 2216 5465 enarrer'
2232 5410 2423 5467 Iarcin

1365 5486 1655 5542 amanded
1666 5489 1748 5542 alt
1761 5490 1997 5550 allevve
2010 5496 2428 5570 Archiepisco-

1362 5587 1474 5648 pus
1533 5572 1771 5637 habebit
1797 5578 1870 5639 de
1911 5580 2286 5645 forisfactura
2327 5606 2420 5647 XL.

3442 267 3598 326 1302

2532 465 2631 510 xv.
2684 457 2906 514 solidos
2938 460 3260 518 solidorum
3311 465 3593 538 Anglica-

2534 557 2763 617 norum,
2806 547 2919 603 hoc
2949 555 3041 606 est
3070 553 3456 624 quadraginta
3486 555 3593 610 de-

2535 633 2852 690 nariorum.
2884 635 2997 690 Pro
3024 637 3201 710 longo
3232 641 3435 713 digito,
3467 659 3589 699 xvr.

2537 721 2760 775 solidos
2807 737 2820 776 :
2860 739 2965 793 pro
3016 725 3196 782 altero
3254 731 3353 800 qui
3400 730 3596 801 portat

2536 808 2833 879 annulum,
2884 825 3031 866 xvii.
3064 814 3288 871 solidos
3322 834 3334 870 :
3368 834 3475 888 pro
3507 820 3593 874 di-

2538 894 2658 967 gito
2686 897 2945 968 minimo,
2978 916 3034 954 v.
3069 903 3295 958 solidos
3329 921 3340 958 :
3376 906 3446 960 de
3476 923 3590 961 un-

2537 995 2651 1053 gue
2682 982 2735 1035 si
2788 986 3159 1056 praecidatur,
3218 989 3289 1044 de
3333 991 3597 1062 quolibet

2534 1079 2593 1121 v.
2627 1066 2853 1122 solidos
2889 1070 3210 1129 solidorum
3241 1076 3595 1147 Anglicano-

2531 1169 2704 1209 rum:
2744 1159 2801 1210 et
2831 1167 2941 1227 pro
2985 1176 3181 1233 ungue
3227 1163 3451 1221 minimi
3496 1165 3590 1221 di-

2533 1234 2660 1312 giti,
2687 1254 2771 1299 ιν.
2802 1242 3098 1302 denariOs.

2982 1379 3135 1439 XIV.

2602 1529 2711 1595 Qui
2741 1546 3023 1603 sponsam
3055 1536 3301 1598 alterius
3344 1542 3593 1604 vitiave-

2531 1614 2625 1686 rit,
2662 1616 2957 1676 forisfacit
2984 1640 3206 1684 weram
3250 1645 3419 1686 suam
3448 1647 3591 1705 erga

2530 1702 2843 1765 Dominum
2871 1724 3065 1770 suum.

3006 1845 3133 1904 XV.

2605 1979 2887 2038 Similiter
2912 1985 3012 2057 qui
3046 1975 3262 2047 falsum
3304 1992 3592 2064 judicium

2532 2065 2761 2139 fecerit,
2788 2087 3010 2129 weram
3041 2090 3209 2132 suam
3237 2081 3447 2153 perdit,
3479 2085 3596 2140 nisi

2533 2158 2800 2229 praestito
2876 2177 3058 2233 super
3128 2169 3331 2222 sancta
3393 2183 3591 2227 sacra-

2532 2249 2728 2300 mento
2757 2248 3008 2317 probare
3036 2254 3247 2323 possit,
3280 2270 3349 2310 se
3377 2258 3592 2313 melius

2521 2330 2796 2401 judicare
2823 2348 2939 2392 non
2968 2340 3181 2396 scisse.

2983 2470 3136 2526 XVI.

2604 2605 2665 2662 Si
2686 2607 2821 2679 quis
2843 2611 3088 2667 alterum
3105 2612 3356 2685 appellet
3385 2617 3457 2673 de
3480 2618 3589 2674 La-

2532 2695 2802 2767 trocinio,
2836 2701 2892 2752 et
2922 2700 2972 2754 is
3003 2703 3079 2756 sit
3110 2702 3258 2758 liber
3305 2704 3501 2768 homo.
3535 2709 3595 2762 et

2533 2781 2843 2853 aliquando
2878 2786 3146 2843 habuerit
3180 2807 3383 2847 verum
3423 2795 3592 2849 testi-

2533 2872 2791 2925 monium
2808 2873 2879 2927 de
2900 2874 3213 2948 legalitate,
3247 2884 3594 2941 excondicet

2535 2955 2575 3023 (i
2594 2959 2921 3028 excusabit)
2940 2977 3006 3015 se
3025 2979 3131 3031 per
3146 2966 3381 3034 planum
3401 2985 3593 3026 sacra-

2535 3048 2792 3098 mentum
2826 3062 2836 3100 :
2872 3050 2927 3100 et
2957 3050 3054 3118 qui
3105 3051 3416 3111 infamatus
3454 3061 3590 3113 ante

2535 3129 2725 3199 fuerit,
2752 3148 2856 3201 per
2884 3143 3314 3195 sacramentum
3330 3146 3593 3199 nomina-

2536 3218 2653 3270 tum
2687 3233 2698 3272 :
2733 3220 3005 3277 videlicet
3021 3240 3092 3279 ex
3111 3229 3271 3282 curia
3289 3229 3593 3288 hominum

2534 3304 2807 3377 legalium
2853 3312 3101 3382 parium,
3135 3316 3187 3369 si
3236 3332 3340 3372 eos
3372 3320 3591 3377 habere

2533 3397 2802 3465 potuerit,
2841 3402 3210 3468 excondicet;
3245 3421 3353 3460 seu
3379 3423 3596 3480 purga-

2533 3482 2618 3535 bit
2640 3497 2705 3536 se
2723 3483 3065 3540 duodecima
3084 3505 3258 3545 manu
3291 3509 3301 3546 :
3339 3495 3463 3548 etsi
3485 3511 3592 3550 eos
3644 3538 3649 3547 .

2534 3566 2752 3621 habere
2784 3585 2896 3623 non
2926 3575 3195 3645 potuerit,
3230 3577 3501 3633 defendet
3521 3597 3589 3636 se

2534 3670 2639 3723 per
2672 3654 2958 3726 judicium
3027 3661 3132 3722 (ita
3180 3667 3594 3737 purgationem

2540 3741 2837 3812 vulgarem
2877 3753 3143 3816 vocat),et
3177 3754 3479 3821 appellans
3506 3755 3598 3826 ju-

2531 3829 2682 3882 rabit
2700 3846 2880 3900 super
2903 3849 2969 3887 se
2999 3838 3055 3889 et
3078 3842 3303 3906 septem
3321 3840 3595 3899 homines

2532 3918 2880 3986 nominatos,
2915 3924 3069 3990 quod
3101 3930 3340 3995 propter
3369 3930 3596 3985 nullum

2532 4003 2728 4058 odium
2758 4004 2816 4058 id
2836 4005 3075 4077 fecerit;
3108 4026 3217 4066 nec
3232 4018 3473 4085 propter
3501 4017 3598 4072 ιιι..

2529 4090 2642 4145 lam
2673 4093 2845 4147 aliam
2896 4110 3135 4150 causam
3177 4115 3353 4169 quam
3400 4106 3465 4158 ut
3487 4103 3594 4175 jus

2532 4192 2705 4234 suum
2735 4187 3214 4251 persequeretur.

2969 4322 3146 4377 XVII.

2601 4457 2661 4513 Si
2684 4457 2818 4529 quis
2834 4461 3159 4530 appellatus
3182 4462 3357 4520 fuerit
3372 4467 3445 4523 de
3462 4469 3591 4526 Mo-

2532 4546 2777 4599 nasterii
2804 4547 2895 4599 vel
2924 4547 3209 4606 Ecclesiae
3240 4552 3593 4614 infractione

2533 4632 2625 4685 vel
2644 4648 2911 4701 camerae,
2936 4638 2993 4688 et
3013 4652 3203 4707 neque
3224 4643 3392 4696 antea
3416 4644 3594 4700 fuerit

2533 4721 2862 4784 infamatus,
2890 4726 3233 4781 excondicet
3249 4744 3356 4783 seu
3379 4735 3592 4803 purget

2532 4822 2598 4861 se
2614 4823 2718 4877 per
2736 4804 2834 4863 χιι.
2860 4809 3130 4866 homines
3160 4814 3385 4885 legales
3405 4820 3585 4873 nomio

2533 4896 2720 4963 natos,
2754 4910 2819 4949 se
2851 4895 3191 4952 duodecima
3222 4916 3415 4956 manu.
3444 4903 3513 4957 Et
3534 4906 3591 4959 si

2532 4982 2841 5052 aliquando
2858 4984 3168 5040 infamatus
3184 4988 3592 5063 fuerit,purget

2534 5084 2598 5122 se
2614 5085 2746 5123 cum
2761 5075 2846 5123 ter
2860 5072 3065 5125 iterato
3080 5075 3315 5127 testium
3330 5091 3592 5134 numero-

2531 5156 2918 5225 vi-lelicetper
2934 5175 3134 5212 XLVIII.
3153 5160 3422 5216 homines
3440 5164 3575 5237 lega

2532 5242 2621 5295 les
2641 5243 2970 5297 nominatos
2990 5259 3055 5298 se
3092 5262 3293 5301 xxxw.
3316 5264 3491 5304 manu
3508 5267 3519 5305 :
3537 5255 3593 5306 et

2531 5331 2583 5383 si
2600 5329 2735 5383 illos
2757 5330 2974 5385 habere
2991 5348 3107 5387 non
3125 5337 3399 5406 potuerit,
3416 5341 3509 5393 cat
3522 5340 3590 5394 ad

2527 5416 2818 5487 judicium
2829 5420 3573 5493 tcriteratum.quemadmo

2530 5501 2668 5556 dum
2722 5503 3002 5559 debuerat
3055 5508 3127 5561 ad
3176 5511 3269 5562 ter
3317 5510 3589 5569 iteratum

2529 5593 2984 5650 sacramentum.
3009 5590 3150 5652 Etsi
3166 5598 3335 5654 antea
3356 5597 3585 5660 latroci-
