4074 6150
500 228 661 292 4303

499 430 697 486 larcin
727 429 1038 497 amended,
1095 427 1177 481 alt
1207 441 1240 480 a
1271 424 1464 480 l'euve
1492 439 1503 478 :
1538 420 1584 475 1i

506 520 937 590 Archevesque
984 516 1109 585 [al.,
1154 518 1211 568 et
1266 515 1307 567 li
1353 512 1582 566 Arche-

502 609 758 679 vesque]
790 621 974 660 avere
1017 604 1099 658 'de
1130 602 1431 657 forfature
1484 618 1579 654 χι..

508 696 629 753 8018
659 712 732 751 en
760 691 1203 759 Merchenelae,
1236 693 1267 744 e
1287 691 1372 743 lui
1396 690 1585 743 Evas-

509 790 639 840 tres
665 783 792 853 [61.,
843 782 883 836 11
915 781 1208 847 Eveskes]
1239 797 1339 833 xx.
1372 777 1512 846 sols,
1550 792 1582 831 e

507 872 556 927 1i
587 871 786 937 Quenz
819 888 918 925 xx.
954 869 1095 941 sols,
1138 886 1170 924 e
1211 868 1257 922 11
1287 868 1486 922 Baron
1517 883 1577 920 χ.

510 960 656 1031 solz,
688 962 720 1015 e
747 959 795 1014 1i
837 959 1028 1013 Vilain
1054 976 1145 1013 χι..
1173 958 1422 1013 deniers
1451 955 1577 1025 [61.,

510 1047 724 1117 denir].

940 1171 1142 1227 XVIII.

584 1291 791 1346 Franc
812 1291 981 1346 home
1004 1293 1101 1362 qui
1123 1292 1199 1345 ad
1219 1307 1368 1346 aver
1389 1291 1583 1344 6116111-

450 1404 456 1421 ν
508 1385 719 1451 pester
754 1385 951 1434 trente
1004 1380 1251 1435 deniers
1301 1379 1580 1449 vailaunt,

515 1466 642 1521 dcit
672 1466 860 1522 doner
887 1467 945 1521 16
991 1467 1179 1522 doner
1208 1468 1367 1521 saint
1399 1466 1580 1521 Pere.

514 1555 599 1610 Le
643 1554 908 1628 Seignur
942 1572 1058 1627 pur
1095 1573 1173 1609 iv.
1225 1556 1359 1610 den.
1401 1571 1508 1627 que
1537 1555 1587 1608 il

516 1643 761 1713 dourad,
796 1645 853 1698 si
881 1649 1057 1698 erunt
1088 1645 1283 1715 quites
1311 1659 1412 1699 ses
1434 1644 1581 1699 Bor-

517 1732 706 1801 diers,
740 1748 772 1786 e
792 1748 893 1785 ses
915 1732 1112 1787 Boner
1135 1749 1166 1787 e
1184 1748 1285 1787 ses
1303 1732 1580 1786 Serianz.

516 1822 592 1877 Li
620 1821 882 1891 Burgeis
916 1822 1013 1892 qui
1041 1821 1116 1874 ad
1158 1836 1230 1874 en
1262 1836 1408 1874 801111
1442 1836 1585 1890 pro-

517 1923 628 1978 pro
673 1906 874 1961 cliatel
911 1906 1070 1960 demi
1110 1922 1273 1960 mare
1339 1906 1582 1973 vailant,

519 1995 645 2049 deit
675 1995 865 2049 dener
893 1995 1051 2048 seint
1082 1995 1243 2048 Pere
1275 1994 1403 2062 [61.,
1438 1994 1586 2048 don-

519 2097 628 2135 ner
672 2081 725 2134 le
771 2081 954 2134 dener
999 2080 1059 2134 S.
1112 2080 1301 2148 Pero].
1361 2080 1471 2145 Qui
1515 2096 1588 2135 en

518 2167 780 2223 Denalae
822 2167 1019 2223 Franc
1067 2168 1235 2223 home
1286 2174 1413 2232 est;
1466 2184 1497 2223 e
1542 2167 1592 2221 11

519 2273 702 2312 avere
734 2257 889 2314 demi
917 2274 1079 2311 mare
1110 2273 1181 2311 en
1199 2263 1414 2328 argent
1437 2256 1581 2310 vail-

521 2352 623 2401 ant
654 2347 728 2401 de
759 2363 907 2400 avcr
956 2347 1352 2417 cbampestre,
1396 2347 1452 2399 si
1484 2346 1588 2399 de-

524 2449 665 2490 uera
698 2435 886 2490 doner
916 2435 970 2489 Ie
989 2435 1190 2489 dinier
1217 2435 1592 2489 Seint-Perc

523 2520 646 2591 [a1.,
695 2522 882 2576 durad
913 2522 1172 2576 danerle
1214 2522 1396 2577 dener
1436 2522 1591 2576 saint

523 2609 717 2677 Pere].
749 2610 805 2662 E
829 2625 941 2681 per
968 2610 1025 2665 1e
1055 2610 1244 2666 dener
1267 2613 1364 2682 qui
1391 2612 1438 2665 li
1464 2612 1592 2665 Sei-

524 2712 682 2769 gnur
730 2693 978 2768 durrat,
1044 2700 1099 2753 si
1155 2706 1328 2755 erant
1368 2702 1597 2773 quietes

526 2784 688 2840 ceals
745 2787 843 2858 qui
895 2788 1159 2843 meinent
1207 2805 1280 2843 en
1333 2805 1439 2844 son
1489 2790 1593 2844 de-

526 2873 760 2929 mainer
784 2873 909 2945 [61.,
944 2874 1221 2945 demain].

982 3027 1141 3082 XIX.

595 3145 699 3201 Kl'i
738 3147 980 3219 purgist
1026 3148 1242 3203 femine
1266 3165 1382 3220 per
1428 3149 1600 3205 i'u'ze

520 3231 709 3291 forait
740 3235 815 3289 ad
843 3235 934 3290 les
958 3237 1277 3292 membres.
1304 3238 1380 3293 Ki
1402 3238 1594 3305 abate,

525 3320 741 3377 1⁵61111116
790 3339 821 3376 6
884 3329 1084 3394 terre,
1136 3342 1252 3395 pur
1302 3325 1459 3380 faire
1515 3326 1599 3381 lui

525 3406 711 3477 force,
746 3410 802 3464 16
823 3411 1002 3465 multe
1032 3411 1092 3464 al
1118 3412 1382 3483 Seignur
1401 3431 1437 3466 x
1455 3414 1599 3469 solz.

526 3495 646 3551 S'il
667 3497 724 3551 16
773 3500 1072 3570 purgiste,
1136 3500 1346 3555 i'orl'ait
1381 3508 1473 3556 est
1528 3503 1602 3558 de

529 3584 852 3641 membres.

1012 3739 1121 3794 XX

599 3892 676 3945 Ki
694 3894 911 3945 renent
930 3888 986 3944 le
1008 3890 1198 3945 dener
1218 3891 1390 3948 Seint
1415 3892 1597 3958 Pere,

528 3979 587 4036 16
637 3980 827 4035 dener
865 3978 1129 4048 prendra
1174 3978 1302 4049 [61.,
1359 3979 1600 4048 rendra]

524 4084 637 4140 per
655 4067 711 4121 16
745 4066 971 4138 justice
1000 4065 1074 4119 de
1106 4066 1267 4120 seint
1300 4066 1530 4137 Eglise,
1571 4070 1602 4121 ἐι

528 4173 669 4210 χχχ.
705 4155 840 4209 11611.
872 4152 1102 4207 forfeit.
1132 4153 1188 4206 E
1216 4169 1283 4208 se
1318 4154 1369 4207 il
1404 4169 1476 4208 en
1511 4160 1603 4209 est

521 4244 724 4316 plaide
774 4243 847 4297 de
908 4242 962 4295 16
993 4242 1219 4313 justise
1266 4242 1322 4296 1e
1384 4243 1514 4313 Rei,
1547 4242 1606 4298 16

528 4331 740 4388 forfait
769 4331 800 4385 6
846 4331 1169 4403 l'Fvesque
1220 4348 1361 4385 xxx.
1404 4331 1539 4386 den.
1574 4347 1607 4386 6

530 4421 593 4475 61
613 4420 729 4476 Rei
757 4436 853 4473 χι..
888 4418 1032 4473 solz.

1000 4568 1134 4623 XXI

604 4694 673 4755 Si
703 4691 948 4764 elquuns
997 4707 1179 4746 creve
1208 4691 1336 4746 l’oil
1362 4691 1422 4745 61
1454 4690 1610 4746 ultre

521 4797 642 4855 per
698 4785 988 4835 aventure
1047 4778 1291 4851 quelque
1347 4780 1492 4845 seit,
1556 4778 1611 4833 si

532 4869 860 4925 amendrad
888 4884 1014 4923 Lxx.
1057 4867 1182 4922 solz
1209 4868 1311 4921 del
1334 4867 1461 4921 solz
1487 4867 1610 4921 En-

530 4958 709 5031 gleis.
742 4958 797 5011 E'
825 4957 881 5011 si
933 4956 984 5011 16
1024 4956 1277 5027 purvele
1314 4955 1438 5024 [61.,
1471 4971 1607 5025 pur-

532 5048 709 5115 116116]
740 5047 762 5100 1
792 5052 885 5100 est
917 5046 1102 5099 remis
1133 5044 1253 5113 [al..
1289 5045 1530 5113 remes],
1557 5043 1612 5097 si

536 5152 610 5190 ne
640 5135 866 5190 rendra
896 5134 981 5188 lui
1012 5150 1120 5206 que
1143 5133 1196 5186 16
1230 5133 1429 5190 meite’.

994 5284 1157 5338 XXII

612 5432 782 5502 (3)De
792 5433 1009 5489 releii‘e
1027 5435 1087 5489 61
1094 5436 1419 5507 Cunte,que
1432 5433 1613 5490 611161

611 5521 689 5597 (3)
729 5519 793 5575 γ.
826 5520 943 5576 LL.
977 5522 1127 5579 Hen.
1152 5523 1194 5579 Ι.
1229 5538 1281 5579 0.
1310 5523 1396 5579 14.

1655 217 2079 282 WILLELMI
2130 213 2774 288 CONQUESTORIS

1683 421 1911 476 solidos
1971 419 2031 473 in
2075 417 2437 473 Merciorum
2486 415 2667 485 Lege,
2710 415 2767 467 et

1684 510 2024 579 Episcopus
2056 525 2157 561 xx.
2192 505 2438 573 solidos,
2469 507 2525 558 et
2551 503 2765 557 Comes

1684 616 1782 652 χχ.
1820 596 2067 665 80111108,
2119 598 2175 649 et
2216 594 2370 648 Baro
2400 610 2459 646 x.
2513 591 2762 659 solidos,

1683 690 1740 741 et
1773 685 2039 739 Villanus
2069 700 2164 737 χι..
2202 683 2501 737 denarios.

2131 832 2316 887 XVIII

1737 934 1823 988 De
1854 932 2140 987 Denariis
2169 930 2359 985 sancti
2393 928 2569 997 Petri,
2604 943 2711 983 seu

1924 1002 2216 1074 Vectigali
2245 1000 2524 1055 Romano.

1756 1127 1936 1181 Liber
1956 1126 2129 1180 homo
2152 1124 2251 1194 qui
2279 1123 2553 1177 habuerit
2570 1122 2768 1176 averia

1684 1213 2040 1285 campestria
2097 1229 2219 1267 xxx
2271 1212 2534 1266 denariis
2603 1211 2767 1265 aesti-

1682 1304 1936 1371 manda,
1995 1302 2156 1357 dabit
2214 1301 2519 1356 denarium
2571 1300 2768 1354 sancti

1684 1390 1881 1444 Petri.
1915 1389 2030 1443 Pro
2060 1406 2137 1443 IV.
2174 1388 2435 1442 denariis
2474 1403 2624 1458 quos
2658 1387 2766 1442 do-

1684 1478 1913 1533 naverit
1960 1477 2280 1545 Dominus,
2360 1475 2545 1547 quieti
2598 1476 2770 1530 erunt

1689 1566 1959 1621 Bordarii
2008 1566 2142 1636 ejus
2186 1568 2244 1619 et
2282 1563 2413 1635 ejus
2460 1564 2680 1634 Boner,
2714 1580 2771 1630 et

1689 1656 1822 1726 ejus
1868 1654 2229 1707 Servientes.
2279 1652 2618 1723 Burgensis
2669 1650 2769 1723 qui

1689 1745 1762 1798 de
1779 1743 2037 1813 propriis
2060 1740 2302 1796 Catallis
2326 1741 2502 1795 habet
2522 1741 2580 1794 id
2612 1741 2769 1811 quod

1692 1831 1928 1884 dimidia
1958 1830 2157 1883 Marce
2205 1828 2617 1883 aestimandum
2656 1831 2766 1896 est,

1693 1920 1790 1974 det
1838 1918 2140 1971 denarium
2186 1917 2381 1971 sancti
2417 1915 2612 1970 Petri.
2660 1914 2771 1979 Qui

1692 2008 1754 2060 in
1776 2007 1937 2076 Lege
1956 2006 2251 2059 Danorum
2284 2007 2374 2058 est
2403 2003 2554 2058 liber
2571 2004 2766 2071 homo,

1697 2099 1753 2148 et
1782 2094 1957 2147 habet
2007 2092 2207 2147 averia
2258 2092 2609 2161 campestria
2639 2108 2771 2161 quae

1697 2182 1935 2237 dimidia
1980 2198 2174 2235 marca
2218 2181 2277 2235 in
2324 2184 2566 2252 argento
2616 2183 2774 2234 aesti-

1694 2272 1963 2338 mantur,
2041 2268 2213 2322 debet
2268 2269 2409 2321 dare
2466 2266 2774 2321 denarium

1697 2362 1902 2412 sancto
1952 2357 2147 2410 Petro.
2195 2355 2267 2408 Et
2304 2371 2411 2425 per
2470 2354 2775 2408 denarium

1697 2460 1869 2515 quem
1916 2444 2219 2498 donaverit
2266 2443 2573 2511 Dominus,
2609 2445 2779 2497 erunt

1696 2534 1878 2605 quieti
1907 2533 1948 2586 ii
1982 2534 2082 2604 qui
2116 2532 2377 2586 resident
2410 2532 2467 2584 in
2513 2548 2623 2585 suo
2658 2532 2777 2584 Do~

1699 2622 1934 2677 minico.

2151 2714 2313 2770 XIX.

1701 2815 1790 2870 De
1818 2814 2078 2869 Muliere
2116 2814 2175 2868 vi
2205 2829 2542 2884 compressa
2571 2819 2632 2868 et
2664 2828 2780 2883 pu-

1808 2886 2016 2941 dicitia
2064 2885 2382 2940 luctamine
2424 2891 2670 2939 tentata.

1773 3008 1882 3075 Qui
1923 3009 2224 3063 foeminam
2296 3009 2353 3061 vi
2393 3008 2777 3078 oppresserit,

1704 3096 1996 3151 forisl‘acit
2024 3097 2286 3151 membra
2330 3114 2459 3152 sua.
2506 3097 2617 3161 Qui
2647 3112 2782 3166 pro-

1704 3187 1983 3240 straverit
2041 3186 2337 3240 foeminam
2371 3186 2442 3240 ad
2481 3188 2695 3239 terram
2728 3186 2786 3239 et

1705 3275 1757 3329 ei
1791 3276 1905 3328 vim
1920 3275 1972 3328 in
1993 3273 2161 3344 ierat,
2185 3274 2364 3329 multa
2386 3273 2519 3344 ejus
2538 3275 2784 3328 Domino
2834 3314 2840 3319 .

1705 3366 1797 3417 est
1821 3381 1880 3417 x.
1916 3362 2114 3417 solidi.
2166 3362 2227 3417 Si
2273 3378 2413 3416 vero
2444 3378 2573 3415 eam
2621 3378 2784 3416 com-

1705 3451 2013 3521 presserit,
2050 3449 2357 3505 forisfacit.
2393 3450 2674 3504 membra.

2167 3572 2298 3626 XX.

1705 3666 1795 3720 De
1816 3666 1895 3720 iis
1919 3665 2016 3736 qui
2057 3665 2317 3737 vectigal
2334 3667 2661 3720 Romanum
2683 3680 2790 3721 seu

1831 3737 2021 3791 sancti
2050 3737 2209 3791 Petri
2241 3752 2352 3792 non
2378 3737 2665 3807 pendunt.

1773 3859 1883 3925 Qui
1926 3860 2236 3931 negaverit
2264 3858 2568 3913 denarium
2601 3861 2792 3923 sancti

1702 3949 1881 4019 Petri,
1932 3965 2065 4003 eum
2110 3947 2322 4018 pendat
2368 3947 2790 4018 perjustitiam

1705 4040 1928 4092 sanctae
1951 4036 2240 4091 Ecclesia
2259 4040 2314 4091 et
2336 4054 2476 4090 xxx.
2503 4036 2743 4091 denario
2759 4052 2788 4090 s

1706 4125 2128 4181 forisfacturae.
2164 4124 2236 4179 Et
2279 4126 2331 4179 si
2377 4125 2448 4179 de
2498 4140 2565 4179 ea
2602 4140 2666 4179 re
2698 4140 2790 4196 est

1707 4215 2086 4285 implicitatus
2117 4229 2222 4284 per
2247 4213 2541 4285 justitiam
2574 4214 2784 4285 Regis,

1710 4303 2042 4359 forisfaciat
2076 4303 2371 4374 Episcopo
2424 4319 2567 4358 xxx.
2609 4303 2788 4357 dena-

1712 4394 1859 4464 rios,
1895 4397 1953 4447 et
1987 4394 2137 4464 Regi
2168 4409 2243 4446 χι.
2273 4392 2518 4447 80111108.

2167 4542 2325 4596 XXI.

1961 4639 2049 4694 De
2086 4637 2263 4693 Oculo
2293 4636 2552 4692 ell'osso.'

1784 4736 1846 4791 Si
1878 4737 2013 4808 quis
2048 4737 2214 4790 alteri
2246 4735 2480 4790 oculum
2527 4731 2794 4789 effoderit

1713 4826 2032 4880 infortunio
2091 4839 2462 4895 quocunque,
2524 4823 2795 4877 emendet

1714 4932 1828 4967 Lxx
1850 4913 2058 4968 solidis
2086 4913 2412 4967 solidorum
2436 4910 2790 4981 Anglicana-

1714 5018 1864 5056 rum.
1899 5001 1969 5056 Et
1999 5002 2053 5054 si
2085 5001 2136 5054 16
2160 5000 2411 5072 purvele
2428 5000 2788 5068 restituatur,

1715 5091 2017 5145 dimidium
2047 5091 2323 5145 duntaxat
2351 5088 2647 5143 reddatur.

2155 5239 2336 5293 XXII.

1750 5356 1840 5410 De
1871 5355 2118 5411 Revelio
2155 5370 2261 5409 seu
2289 5352 2598 5407 εἰσοεικτικῶ
2642 5354 2756 5409 Co-
2832 5379 2840 5387 -

2160 5426 2346 5480 mitis.

1787 5524 1874 5581 De
1918 5522 2162 5579 Relevio
2205 5521 2473 5598 Comitis,
2514 5524 2671 5600 quod
2716 5523 2790 5582 ad

3712 222 3831 284 1304

2869 413 3031 467 nium
3063 415 3562 483 emendaverit,eat
3584 419 3647 471 ad
3672 435 3847 489 aquam.

2867 499 3370 572 Archiepiscopus
3392 502 3615 558 habebit
3634 504 3695 559 de
3722 506 3854 561 foris-

2866 587 3095 642 factnra
3128 606 3219 642 χι..
3254 590 3472 644 solidos
3494 593 3549 645 in
3571 593 3853 648 Merciorum

2866 675 3021 746 lege,
3076 679 3132 730 et
3164 675 3490 747 EpiscOpus
3531 696 3620 732 xx.
3665 680 3852 751 solidos,

2865 768 2923 818 et
2951 762 3166 819 Comes
3197 781 3299 819 xx.
3330 766 3566 835 solidos,
3597 771 3647 820 et
3673 768 3791 822 Baro
3812 786 3853 822 ι.

2867 853 3117 922 solidos,
3151 858 3208 908 et
3238 853 3480 909 Vilanus
3509 873 3595 909 χι..
3625 856 3858 912 denarios.

3309 1022 3516 1078 XVIII.

2943 1199 3125 1253 Liber
3179 1197 3357 1252 homo
3415 1199 3512 1269 qui
3563 1198 3785 1253 habuerit
3822 1200 3861 1253 in

2871 1286 3092 1341 averiis
3115 1287 3548 1356 campestribus
3564 1287 3772 1358 trigenta
3793 1288 3863 1342 de-

2872 1377 3106 1444 narios,
3193 1375 3372 1430 debet
3438 1375 3569 1429 dare
3634 1375 3862 1429 denarium

2873 1464 3063 1518 sancti
3080 1464 3257 1517 Petri.
3289 1464 3409 1516 Pro
3431 1462 3742 1517 1v.‘denariia
3759 1478 3864 1534 quos

2873 1553 3033 1607 dabit
3061 1552 3371 1619 Dominus,
3405 1551 3580 1622 quieti
3604 1554 3745 1605 erunt
3767 1551 3867 1604 Bor-

2873 1642 3021 1695 darii
3079 1640 3231 1711 ejus,
3280 1643 3340 1694 et
3388 1640 3519 1710 ejus
3547 1639 3788 1704 bonnarii,
3829 1646 3865 1693 et

2876 1728 3009 1798 ejus
3066 1728 3423 1782 servientes.
3468 1728 3758 1797 Burgensis
3792 1727 3860 1796 qui

2874 1816 3171 1870 dimidiam
3209 1831 3472 1869 marcam
3515 1815 3671 1868 habet
3708 1814 3755 1867 in
3778 1828 3871 1883 pro-

2873 1903 3024 1973 priis
3068 1902 3318 1971 catellis,
3371 1901 3542 1956 debet
3582 1901 3705 1954 dare
3737 1901 3861 1954 dena-

2874 1991 3026 2044 rium
3070 1991 3260 2044 sancti
3323 1991 3504 2044 Petri.
3548 1988 3647 2053 Qui
3691 1989 3739 2041 in
3776 1989 3861 2058 lege

2876 2079 3173 2133 Danorum
3204 2082 3296 2132 est
3318 2078 3472 2133 liber
3500 2079 3658 2131 homo
3685 2078 3729 2131 et
3743 2077 3865 2130 habet

2875 2166 3071 2220 averia
3110 2166 3473 2235 campestria
3518 2165 3714 2218 valoris
3747 2162 3863 2216 dimi-

2879 2253 2990 2306 diae
3022 2268 3236 2306 marem
3265 2253 3329 2306 in
3352 2254 3590 2324 argento
3611 2251 3727 2304 dare
3750 2250 3871 2302 debe-

2881 2341 2965 2396 bit
2994 2342 3296 2396 denarium
3328 2341 3515 2395 sancti
3544 2340 3699 2394 Petri.
3727 2338 3780 2392 Et
3798 2352 3862 2406 per

2882 2430 3190 2483 denarium
3232 2445 3413 2500 quem
3465 2428 3717 2483 Dominus
3742 2426 3865 2480 dona-

2882 2518 3051 2585 verit,
3087 2517 3466 2587 quietierunt
3491 2517 3529 2569 ii
3557 2516 3646 2586 qui
3673 2516 3870 2567 mannent

2884 2606 2940 2658 in
2973 2621 3082 2659 suo
3114 2604 3437 2659 dominico.

3348 2780 3504 2835 XIX.

2954 2957 3067 3021 Qui
3120 2957 3428 3012 fmminam
3483 2955 3540 3009 vi
3574 2949 3873 3025 oppresserit,

2886 3046 3182 3101 forisfecit
3213 3062 3327 3100 sua
3369 3044 3640 3100 membra.
3672 3040 3759 3105 Qui
3781 3051 3873 3107 pro.

2888 3136 3165 3191 straverit
3192 3135 3497 3190 fmminam
3525 3134 3592 3187 ad
3619 3136 3808 3194 terram,
3836 3127 3874 3177 ut

2888 3224 3007 3276 vim
3028 3223 3082 3277 ei
3104 3221 3343 3291 inferat,
3366 3222 3542 3275 multa
3559 3218 3678 3289 ejus
3701 3212 3873 3269 Domino

2889 3314 2982 3365 est
3010 3329 3067 3365 χ.
3098 3310 3329 3365 80111108
3366 3329 3377 3364 :
3416 3310 3469 3363 si
3499 3324 3627 3363 vero
3647 3320 3753 3359 eam
3769 3315 3873 3355 com-

2890 3399 3179 3469 presserit
3201 3397 3547 3453 forisfactus
3583 3399 3665 3450 est
3684 3393 3743 3447 de
3759 3402 3879 3443 mem-

2891 3489 3037 3543 bris.

3375 3664 3503 3719 XX.

2963 3839 3072 3906 Qui
3087 3839 3473 3911 denegaverit
3485 3835 3752 3892 denarium
3763 3837 3881 3909 sanc-

2895 3931 2937 3985 ti
2991 3930 3191 3998 Petri,
3251 3928 3461 3983 reddet
3513 3921 3775 3979 denarium
3809 3924 3880 3982 per

2889 4019 3179 4091 justitiam
3238 4020 3464 4072 sanctae
3520 4009 3798 4070 Ecclesiae,
3834 4000 3882 4091 et
3972 4066 3973 4077 χ

2894 4087 3182 4177 praeterea
3228 4122 3373 4159 xxx.
3426 4100 3684 4157 denarios
3723 4106 3805 4164 pro
3827 4087 3883 4177 (θ’
3972 4136 3973 4151 η

2894 4176 3229 4248 risfactura.
3265 4192 3335 4247 Et
3367 4193 3422 4248 si
3450 4192 3519 4246 de
3559 4204 3623 4243 ea
3649 4200 3703 4239 re
3734 4176 3881 4247 11111³1⁸·
3972 4186 3973 4248 ἶ

2894 4281 3108 4336 citatus
3139 4281 3315 4336 fuerit
3346 4295 3454 4351 per
3476 4275 3733 4349 justitiam
3753 4261 3881 4331 Regis

2896 4370 3276 4427 forisfactura
3324 4367 3613 4437 EpiscOpo
3656 4358 3749 4415 erit
3780 4364 3873 4406 xxx.

2895 4459 3194 4527 denarios,
3229 4459 3287 4511 et
3319 4456 3473 4526 Regi
3500 4469 3590 4507 χι..
3622 4444 3820 4537 solidos.

3351 4634 3511 4688 XXI.

2967 4815 3029 4870 Si
3060 4816 3196 4886 quis
3226 4813 3395 4868 alteri
3441 4809 3663 4867 oculum
3687 4791 3882 4858 effoderit
3972 4840 3973 4851 χ

2897 4918 3249 4974 quocunque
3280 4918 3443 4969 casu,
3466 4891 3760 4954 emendabit
3783 4895 3876 4938 LXI-

2899 4992 3108 5047 solidis
3124 4991 3453 5045 solidorum
3470 4982 3875 5056 Anglicanorum:

2898 5086 2954 5135 et
2971 5082 3022 5136 si
3040 5080 3255 5151 pupilla
3276 5074 3632 5142 remanserit,
3653 5060 3880 5123 dimidium

2897 5172 3119 5225 tantum
3142 5169 3194 5222 ei
3219 5167 3470 5221 dabitur.

3343 5340 3523 5395 XXII.

2968 5524 3053 5583 De
3106 5520 3328 5579 relevio
3381 5513 3612 5575 Comitis
3659 5498 3789 5579 quod
3826 5488 3875 5547 ad
