4074 6150
289 232 457 296 1305

298 413 476 469 affert
505 431 626 468 νιιι.
661 414 894 468 οΙιίνειΙε
921 413 1085 468 selez
1114 429 1145 468 e
1178 411 1378 467 eufre-

303 520 432 563 nez,
459 504 550 558 les
569 521 647 558 ιν.
675 505 917 573 habers,
945 520 978 557 e
1007 520 1084 556 ιν.
1120 504 1382 557 homines

298 593 428 663 [3].,
462 593 692 660 haume,
742 600 800 645 ut
829 593 939 646 inf.
992 611 1048 646 ιι.
1090 593 1202 660 24],
1239 607 1270 646 e
1299 608 1376 645 ιν.

299 682 520 749 Esens,
554 698 586 735 θ
618 698 696 734 ιν.
731 683 1016 746 Launces,
1067 697 1098 735 e
1137 699 1214 735 IV.
1259 680 1379 734 Es-

294 784 439 840 pes;
485 768 576 822 les
618 769 806 822 altres
848 786 924 823 ιν.
981 769 1302 836 Cliaceurs,
1350 786 1381 824 e

304 855 578 910 Palfreis
607 872 638 910 a
665 855 862 910 freins
881 863 941 910 et
961 873 990 910 θ
1006 857 1378 912 chevestres.

740 987 955 1040 XXIII.

371 1126 461 1180 De
490 1125 724 1180 reliefa
758 1125 982 1194 Barun,
1020 1145 1099 1181 1v.
1138 1126 1385 1182 Cbivals

302 1213 546 1268 enselez
573 1218 604 1267 ὸ
619 1213 921 1282 enl'renes,
941 1231 972 1268 θ
993 1233 1053 1269 ιι.
1097 1214 1379 1280 Halbers,

303 1317 335 1355 e
369 1319 429 1355 ιι.
454 1301 770 1371 .Hammes,
821 1319 854 1357 e
902 1321 960 1356 ιι.
996 1304 1208 1373 Escus,
1257 1321 1290 1359 e
1321 1321 1382 1372 ιι.

302 1391 593 1458 Launces,
620 1407 651 1445 e
673 1409 730 1444 ιι.
763 1392 961 1464 Espes
985 1411 997 1456 ;
1021 1409 1052 1446 e
1079 1392 1171 1447 les
1193 1392 1384 1448 altres

305 1496 345 1531 ιι
382 1496 454 1532 un
506 1479 793 1549 Ciiaceur,
830 1496 862 1534 e
907 1499 979 1534 un
1027 1481 1305 1537 Palefrei
1350 1497 1381 1535 a

296 1567 362 1620 fr
380 1569 512 1621 eins
544 1584 575 1621 e
605 1585 636 1621 ξι
669 1569 1039 1624 chevestres.

747 1702 957 1758 XXIV.

384 1830 472 1884 De
515 1830 706 1884 reliei‘
738 1848 769 1885 a
842 1832 1142 1888 Vavasour
1190 1851 1221 1888 a
1280 1850 1385 1890 son

309 1916 434 1988 lige
475 1917 718 1990 Signur,
755 1920 915 1973 deite
957 1921 1080 1988 [a1.,
1115 1922 1254 1989 deit]
1289 1937 1385 1976 es-

311 2011 412 2060 tre
443 2006 600 2077 quite
625 2022 739 2076 per
766 2008 822 2061 Ie
849 2008 1064 2062 οΙιθνιιΙ
1081 2026 1186 2064 son
1213 2012 1386 2082 peipe

312 2093 444 2159 [3].,
501 2098 686 2162 pere],
754 2096 851 2150 vel
903 2097 1062 2166 peiré
1115 2097 1200 2152 te]
1251 2083 1393 2170 qu’il

308 2183 473 2235 aveit
521 2183 710 2253 ajour
758 2185 833 2239 de
863 2201 926 2238 sa
978 2192 1151 2255 mort,
1213 2203 1244 2240 ο
1271 2203 1384 2257 per

309 2285 418 2324 sou
446 2270 720 2340 Halbcrt,
770 2282 828 2326 et
862 2292 976 2344 per
1004 2291 1110 2329 sou
1139 2275 1384 2344 Haume,

310 2374 344 2411 e
370 2374 484 2428 per
509 2376 613 2414 son
631 2361 852 2430 Escud,
888 2378 919 2416 e
944 2379 1058 2433 per
1082 2381 1147 2418 sa
1171 2365 1384 2432 Lance,

309 2463 344 2501 ρ
383 2463 498 2518 per
545 2449 756 2519 s’espe,
791 2449 892 2504 s’i]
918 2452 1040 2505 fust
1085 2453 1387 2524 desapeilé

301 2537 432 2605 [a1.,
467 2538 537 2591 de
571 2555 637 2592 sa
669 2541 954 2608 pareille],
998 2543 1138 2613 qu'i]
1189 2560 1262 2597 ne
1292 2551 1387 2598 out

307 2641 386 2679 ne
410 2625 522 2680 Chi
533 2627 708 2682 value
727 2629 816 2682 [es
829 2646 1027 2685 armes
1040 2647 1214 2702 perc.
1240 2632 1382 2686 solz.

759 2758 940 2812 XXV.

377 2920 464 2976 De
477 2922 532 2974 ci
542 2938 679 2976 vers
692 2923 866 2978 deins
885 2942 914 2979 θ
927 2927 1056 2980 veir
1075 2927 1166 2981 ki]
1183 2928 1385 2984 voidra

311 3007 539 3063 clamer
569 3010 806 3081 emblet,
843 3028 874 3067 e
910 3013 960 3066 i1
989 3014 1156 3085 volge
1204 3015 1388 3071 douer

311 3115 350 3151 ν
359 3113 504 3168 vage
517 3114 549 3152 e
563 3105 656 3153 tro
668 3117 771 3153 ver
785 3101 961 3173 plege
985 3105 1269 3174 aporsuir
1279 3121 1385 3160 sou

308 3185 464 3257 ape],
485 3187 629 3241 dunt
654 3188 701 3241 1i
721 3191 1017 3244 scuverad
1033 3207 1064 3245 a
1097 3192 1251 3246 celui
1273 3194 1387 3264 qu’i

303 3275 574 3330 auverad
622 3281 990 3335 entremeins
1033 3298 1237 3335 nomer
1279 3299 1386 3338 SOI]

303 3368 565 3434 guarant
593 3365 708 3418 s'u]
731 3366 856 3434 [a1.,
891 3369 1006 3437 s’il]
1039 3369 1188 3432 I’ed;
1240 3386 1270 3425 e
1292 3371 1392 3427 s’il

229 3472 238 3477 ί
307 3472 388 3510 ne
408 3456 525 3510 1'acl
548 3458 691 3512 dunt
718 3463 1117 3518 nomeradson
1132 3464 1386 3521 Heuvel-

305 3545 486 3614 beri),
512 3549 543 3600 ὲ
573 3562 673 3601 εθε
704 3553 1092 3622 testimonies,
1131 3556 1163 3608 ὀ
1192 3558 1275 3610 ait
1297 3556 1388 3611 les

308 3649 344 3688 a
367 3634 476 3703 jur
505 3639 537 3689 ὲ
566 3652 597 3689 a
627 3642 835 3706 terme,
871 3639 972 3693 s'i]
994 3640 1086 3694 les
1105 3643 1198 3712 ad,
1238 3661 1271 3696 ν
1291 3645 1394 3698 s’il

306 3723 406 3778 Ies
429 3732 530 3795 pot
552 3742 700 3780 aver
730 3748 746 3781 :
778 3731 810 3781 ὲ
829 3727 874 3781 1i
892 3735 1212 3786 enterceur
1230 3733 1386 3788 ]ive-

311 3811 454 3865 riad
471 3828 542 3865 en
561 3829 750 3884 guage
781 3830 868 3869 sei
906 3817 1058 3871 siste
1082 3820 1261 3889 main,
1290 3824 1321 3874 ὀ
1344 3821 1389 3874 1i

309 3899 469 3955 altre
487 3900 543 3954 Ie
557 3902 701 3955 meti
707 3903 816 3956 rad
829 3920 900 3957 en
915 3904 968 3958 la
983 3907 1139 3960 main
1153 3924 1258 3962 son
1281 3925 1390 3964 wa-

311 3997 476 4060 rant,
507 4008 542 4044 v
569 4008 599 4045 α
636 4008 740 4046 son
770 3993 1226 4067 Heuve]bor]1,é
1245 3997 1292 4051 ιΙ
1307 3999 1390 4052 ait

314 4083 689 4138 testimonies
722 4100 829 4152 que
856 4085 904 4138 i1
927 4084 1234 4143 I’acharad
1261 4087 1385 4156 [a1.,

317 4173 598 4242 acharad]
642 4174 701 4228 al
739 4174 1039 4231 martliied
1067 4175 1188 4245 [al.,
1232 4193 1389 4230 mar-

315 4262 514 4330 chied]
562 4264 624 4316 in
664 4263 789 4332 [a].,
825 4263 886 4332 li]
919 4265 1047 4334 Rei,
1087 4269 1117 4319 ἐν
1151 4267 1292 4338 qu'il
1318 4283 1391 4322 ne

315 4359 414 4408 set
445 4369 549 4407 son
586 4359 832 4417 warant,
863 4370 934 4407 en
956 4354 1055 4422 [a].
1086 4356 1392 4427 ne]]ep1a-

311 4458 391 4514 ge
420 4441 515 4495 vif
545 4457 618 4495 ne
641 4448 833 4496 mort:
865 4458 966 4508 eoo
979 4443 1159 4514 jurad
1189 4446 1262 4500 od
1292 4462 1392 4500 ses

307 4533 690 4586 testimonies
699 4547 812 4601 per
836 4531 998 4601 pleiu
1016 4541 1283 4588 serment
1304 4553 1314 4588 :
1339 4537 1394 4588 si

305 4619 535 4690 perdra
566 4634 670 4672 son
705 4618 934 4690 Chatel,
972 4621 1029 4673 si
1056 4620 1105 4674 i1
1126 4623 1389 4678 testimo-

313 4708 482 4762 nient
543 4709 639 4778 qui
698 4707 745 4760 il
791 4707 1143 4764 Huvelborh
1184 4719 1393 4782 enpust

314 4797 444 4865 [3].,
477 4797 727 4867 enprist]
759 4817 774 4850 :
808 4801 839 4851 ὁ
871 4797 971 4850 εἰ]
999 4815 1071 4852 ne
1087 4807 1187 4869 pot
1220 4802 1394 4854 aveir

311 4894 568 4959 guarant
627 4903 700 4940 ne
755 4889 1115 4956 testimonie,
1167 4890 1222 4942 si
1246 4907 1390 4960 per-

319 4979 493 5044 drad,
531 4980 562 5031 e
587 4993 704 5048 pur
733 4978 976 5032 soldrad
1001 4986 1136 5049 pert
1162 4997 1225 5033 sa
1255 4997 1392 5034 wer-

313 5082 386 5120 re
423 5083 562 5120 vers
595 5083 700 5120 son
741 5067 1059 5137 Seigneur,
1104 5086 1169 5134 po
1199 5077 1290 5125 est
1323 5088 1394 5126 en

315 5154 745 5208 Merchcnelae
779 5158 809 5209 ἐ
851 5172 925 5210 en
955 5157 1220 5227 Deae/ae,
1257 5163 1289 5213 ἀι
1322 5177 1394 5216 en

333 5242 904 5298 Vuest-Sexenelae.
983 5245 1078 5299 Ne
1143 5249 1396 5303 voc/iere

312 5332 550 5385 mieson
571 5331 828 5403 Seignor
858 5341 1125 5387 warrant
1155 5336 1283 5391 iceo
1297 5340 1400 5409 qui

321 5423 439 5476 seit
471 5421 585 5474 mis
618 5436 690 5475 on
745 5437 955 5492 guage,
1017 5425 1049 5476 ὸ
1090 5439 1161 5477 οη
1195 5425 1396 5481 Dene-

308 5511 408 5567 Iae
428 5510 646 5566 meitre
678 5525 749 5565 en
787 5509 955 5580 vele;
1015 5511 1170 5567 dissi
1211 5513 1266 5569 1a
1302 5516 1399 5589 qui

312 5599 367 5659 i1
391 5601 511 5658 seit
542 5598 833 5657 deruined
851 5618 867 5654 :
893 5599 925 5654 ὲ
971 5598 1073 5656 s’il
1125 5608 1229 5674 pot
1259 5620 1398 5679 pro-

1913 211 2190 294 LEGES.

1489 413 1717 483 Regem
1775 411 2022 481 pertinet
2082 428 2204 465 vm.
2253 411 2389 482 equi
2430 427 2564 466 cum

1489 499 1657 554 sellis
1699 503 1755 552 et
1786 497 2012 567 fraenis,
2067 516 2142 552 ιν.
2188 498 2438 566 Loricae,
2484 516 2560 552 ιν.

1489 589 1676 660 galeae
1724 590 1782 641 et
1813 604 1890 640 ιν.
1929 591 2285 656 scuta,et1v.
2314 587 2560 652 lenceoe,

1490 679 1545 729 et
1588 692 1665 728 IV.
1698 690 1898 741 enses,
1948 678 2003 727 et
2043 675 2170 728 aliae
2210 691 2308 728 res
2340 692 2395 726 xv
2426 673 2563 744 equi

1486 766 1793 832 venatorii,
1844 769 1900 818 et
1931 764 2218 834 palafredi
2251 780 2384 819 cum
2416 765 2557 818 free-

1492 853 1586 906 nis
1617 859 1675 907 et
1707 853 2010 923 capistris.

1926 924 2132 978 XXIII.

1668 1014 1756 1068 De
1808 1014 2057 1067 Relevio
2102 1013 2380 1066 Baronis.

1563 1102 1648 1156 De
1698 1103 1940 1157 Relevio
1985 1102 2363 1156 Baronis.1v.
2414 1101 2564 1172 Equi

1489 1206 1623 1244 cum
1681 1191 1849 1245 sellis
1911 1194 1967 1245 et
2019 1191 2225 1245 fraenis
2263 1191 2474 1260 ornati,
2509 1196 2566 1244 et

1493 1281 1720 1334 Loricae
1742 1298 1801 1333 ιι.
1838 1284 1892 1334 et
1921 1298 1982 1333 ιι.
2019 1281 2298 1334 Hammes
2329 1283 2384 1334 et
2413 1279 2563 1334 Scu-

1489 1373 1546 1422 ta
1579 1387 1638 1422 ιι.
1674 1372 1730 1422 et
1757 1386 1816 1422 ιι.
1853 1369 2054 1422 Hastae
2086 1373 2141 1422 et
2163 1386 2221 1422 ιι.
2255 1368 2469 1438 Enses,
2505 1373 2561 1424 et

1489 1457 1582 1511 los
1611 1457 1801 1511 altres
1829 1474 1887 1510 ιι.
1934 1475 2006 1510 un
2040 1457 2294 1511 cliaceur
2321 1460 2377 1510 et
2407 1472 2563 1510 unus

1498 1545 1811 1600 Palfredus
1843 1561 1974 1599 cum
1993 1545 2178 1600 fraeno
2201 1550 2256 1600 et
2277 1546 2561 1616 capistro.

1927 1634 2134 1687 XXIV.

1648 1722 1736 1776 De
1779 1722 2098 1777 Vavasoris
2129 1723 2276 1778 Bele
2289 1724 2395 1777 vio.

1569 1811 1648 1864 De
1669 1811 1912 1885 ltelevio
1931 1811 2256 1867 Vavasoris
2271 1814 2343 1866 ad
2357 1813 2566 1885 ligium

1493 1917 1668 1954 suum
1724 1901 2056 1956 Dominum.
2123 1903 2367 1968 Quietus
2427 1919 2566 1958 esse

1493 1989 1666 2043 debet
1689 2006 1795 2059 per
1821 2007 2035 2061 equum
2085 2008 2190 2046 sou
2233 1995 2373 2063 peip
2393 1994 2566 2047 talem

1493 2079 2010 2147 quatemhabuerit
2050 2083 2311 2150 tempore
2357 2083 2564 2136 mortis

1491 2181 1639 2230 suae,
1673 2171 1727 2220 et
1756 2183 1865 2235 per
1889 2168 2162 2221 Loricam
2183 2185 2351 2222 suam
2377 2174 2432 2224 et
2453 2185 2568 2240 per

1494 2271 1599 2310 son
1630 2255 1871 2322 Haume,
1937 2260 2109 2326 etpcr
2135 2262 2367 2311 scutum
2391 2273 2565 2312 suum

1493 2347 1549 2396 et
1565 2358 1666 2412 per
1684 2343 1910 2396 hastam
1927 2360 2114 2408 suam,
2139 2348 2195 2397 et
2230 2361 2337 2414 per
2358 2362 2562 2401 ensem

1494 2447 1690 2501 suum,
1724 2435 1778 2485 et
1802 2432 1852 2485 si
1876 2434 2020 2487 adeo
2044 2433 2219 2487 fuerit
2239 2435 2484 2488 inermis
2503 2429 2570 2491 ut

1493 2535 1601 2572 nec
1625 2521 2243 2591 equumhabueritnec
2259 2539 2438 2592 arma,
2463 2540 2569 2593 per

1495 2611 1728 2663 centum
1760 2609 2005 2663 solidos.

1492 2697 1682 2767 (Adeo
1721 2711 1814 2750 me
1861 2700 2140 2753 caecutire
2196 2700 2294 2755 hic
2328 2703 2562 2770 lateor,

1495 2793 1554 2840 ut
1598 2801 1707 2840 nec
1748 2785 1956 2841 lemma
1997 2788 2266 2858 adjicere
2291 2790 2558 2861 possim.)

1938 2875 2122 2930 XXV.

1565 2961 1651 3015 De
1678 2963 1736 3016 ei
1746 2978 1883 3016 vers
1911 2964 2086 3018 deius
2113 2979 2260 3018 aver
2289 2964 2392 3018 ΚΗ
2424 2967 2566 3020 velit

1493 3051 1872 3119 calumniare,
1908 3052 2145 3122 embIet,
2198 3056 2254 3107 et
2300 3054 2398 3108 ille
2441 3053 2566 3108 vult

1493 3127 1640 3192 dare.
1677 3141 1884 3195 vadios
1929 3144 1985 3196 et
2033 3143 2299 3198 invenire
2329 3145 2563 3216 plegios

1493 3227 1562 3281 ad
1582 3231 2058 3300 prosequendum
2074 3233 2364 3301 appellum
2391 3251 2564 3288 suum

1493 3321 1632 3370 tunc
1664 3317 2008 3374 liscuverad
2034 3320 2116 3374 illi
2172 3322 2328 3391 quod
2375 3323 2423 3375 i1
2459 3340 2563 3376 au-

1501 3407 1685 3460 Verad
1732 3410 2100 3462 entremenis
2151 3426 2355 3465 nomer
2405 3428 2562 3466 war-

1495 3501 1723 3552 rantum
1750 3514 1923 3552 suum
1955 3499 2005 3552 si
2039 3514 2173 3552 eum
2199 3499 2487 3571 habuerit,
2509 3507 2565 3557 et

1494 3589 1547 3641 si
1579 3603 1694 3641 non
1729 3587 2000 3640 habuerit
2045 3604 2199 3655 eum,
2244 3591 2566 3647 nominabit

1494 3689 1647 3743 eum,
1721 3675 2046 3730 nominabit
2095 3693 2269 3731 suum
2319 3680 2562 3734 Beuvel-

1493 3763 1663 3831 borh,
1725 3766 1786 3817 et
1819 3767 2004 3818 testes
2038 3781 2207 3833 suos,
2242 3771 2297 3820 et
2329 3767 2566 3825 habebit

1490 3865 1594 3904 eos
1631 3851 1704 3904 ad
1756 3851 1930 3920 diem,
1974 3853 2030 3906 et
2065 3853 2135 3906 ad
2167 3857 2481 3910 terminum
2511 3860 2565 3912 si

1495 3954 1600 3994 eos
1686 3940 1899 3994 habeat
1999 3946 2097 3995 aut
2176 3958 2281 3997 eos
2345 3945 2564 4000 habere

1495 4030 1724 4098 poterit,
1755 4034 1810 4083 et
1849 4029 1892 4083 ii
1932 4037 2252 4085 entreceur
2290 4032 2568 4088 liuverad

1495 4117 1553 4170 in
1584 4119 1820 4172 vadium
1852 4135 1918 4173 se
1960 4123 2129 4174 sexta
2167 4137 2363 4190 manu,
2395 4125 2452 4176 et
2480 4121 2564 4176 a1-

1492 4208 1584 4259 ter
1613 4211 1790 4276 ponat
1808 4209 1868 4262 in
1898 4225 2133 4264 manum
2157 4211 2254 4265 sui
2283 4210 2565 4265 warranti

1502 4311 1537 4346 v
1564 4311 1594 4348 a
1626 4311 1732 4350 sou
1764 4297 2195 4368 Heuvelbortli,
2256 4301 2313 4354 et
2352 4301 2564 4355 habeat

1495 4383 1591 4437 ille
1650 4387 1835 4440 testes
1895 4389 2050 4458 quod
2099 4388 2148 4442 i]
2189 4389 2475 4444 lacharad
2512 4389 2574 4444 a1

1495 4474 1797 4528 marthied
1854 4476 1916 4529 in
1971 4477 2101 4542 Hei,
2165 4481 2220 4532 et
2275 4480 2431 4549 quod
2471 4479 2568 4532 ille

1496 4574 1612 4613 non
1632 4566 1725 4613 set
1757 4575 1932 4615 suum
1953 4567 2320 4618 warrantum
2352 4567 2409 4618 in
2440 4566 2568 4635 ple-

1499 4646 1597 4718 gio
1632 4647 1812 4703 vifue
1843 4657 1997 4704 mort
2018 4668 2118 4706 eoo
2142 4652 2321 4722 jurad
2339 4654 2412 4708 od
2443 4656 2568 4707 tes-

1498 4741 1588 4790 tes
1640 4753 1786 4791 suos
1809 4754 1913 4807 per
1942 4740 2180 4809 plenum
2211 4741 2567 4795 Sacramen-

1498 4826 1618 4876 tum
1649 4826 1852 4893 perdat
1898 4828 2170 4882 catallum
2219 4845 2393 4883 suum
2422 4830 2473 4882 si
2517 4831 2570 4884 is

1498 4913 1897 4967 testimonium
1916 4917 2221 4984 perhibcat
2239 4918 2395 4988 quod
2421 4918 2571 4971 Heu-

1499 5000 1768 5055 vclborth
1810 5011 2038 5073 oupust,
2078 5009 2134 5058 et
2163 5007 2215 5059 si
2248 5023 2364 5061 non
2396 5011 2564 5077 pote-

1500 5089 1571 5140 rit
1595 5088 1811 5143 habere
1827 5096 2190 5146 warrantum
2210 5111 2316 5148 nec
2335 5100 2566 5166 testem,

1497 5176 1702 5245 perdat
1721 5183 1777 5232 et
1806 5196 1911 5249 pro
1937 5180 2182 5236 soldrad
2212 5184 2417 5253 perdat
2444 5185 2574 5240 We-

1501 5280 1624 5318 ram
1647 5281 1816 5320 suam
1847 5268 2098 5323 Domino
2121 5285 2252 5325 suo.
2273 5272 2398 5327 Hoc
2431 5277 2573 5330 obti-

1500 5357 1598 5410 net
1621 5355 1676 5408 in
1709 5356 2070 5411 Merciorum
2090 5357 2245 5429 jure,
2282 5365 2339 5416 et
2368 5363 2426 5415 in
2460 5363 2574 5417 Da-

1501 5461 1726 5508 norum,
1747 5448 1803 5500 et
1820 5446 1876 5499 in
1905 5447 2421 5505 West-Saxonum.
2442 5451 2571 5506 Non

1500 5536 1738 5589 vocabit
1765 5536 2079 5592 Dominum
2111 5555 2285 5596 suum
2313 5543 2384 5596 ad
2403 5543 2575 5598 War-

1506 5628 1742 5683 rantum
1771 5625 1844 5684 de
1874 5627 1988 5684 hoc
2047 5630 2204 5705 quod
2244 5631 2482 5704 ponitur
2512 5633 2574 5690 in

3589 256 3744 318 I306

2671 412 2894 506 Regem
2922 418 3193 506 pertinet,
3211 440 3332 478 vm.
3351 425 3501 498 Equi
3521 431 3738 506 Ephip-

2667 501 2805 568 piati
2864 507 2918 556 et
2949 504 3154 562 frmnis
3185 515 3396 584 ornati,
3449 534 3525 573 ιν.
3569 501 3740 577 Ῑλοιῖι-

2670 604 2755 643 cae
2813 595 2868 643 et
2899 609 2957 644 ιγ
2989 595 3289 670 Ilammes,
3338 609 3392 658 et
3422 623 3499 660 IV.
3535 608 3735 682 Scuta,

2777 696 2853 732 xv.
2906 681 3127 755 Hastae,
3191 693 3245 742 ct
3276 708 3352 746 ιν.
3400 695 3614 766 Enses,
3647 681 3738 756 les

2670 765 2860 822 a]tres
2905 787 2983 824 xv.
3037 775 3323 832 cliaceurs
3381 787 3437 836 et
3482 784 3741 842 Palfredi

2671 869 2802 909 cum
2832 857 3036 915 fraenis
3069 869 3123 917 et
3154 867 3449 937 capistris.

3093 991 3302 1051 XXIII.

2742 1107 2824 1162 De
2885 1113 3106 1170 relevio
3157 1118 3406 1177 Baronis
3465 1143 3543 1180 IV.
3606 1131 3741 1200 equi

2671 1207 2802 1248 cum
2836 1199 3005 1254 sellis
3039 1208 3094 1256 et
3143 1204 3350 1277 frenis,
3387 1215 3442 1264 et
3472 1230 3531 1266 ιι.
3567 1199 3739 1270 Lori-

2671 1297 2776 1351 cae,
2840 1290 2894 1339 et
2953 1306 3014 1343 ιι.
3051 1293 3331 1364 galeae,et
3363 1316 3422 1353 ιι.
3459 1307 3647 1372 scuta,
3684 1309 3740 1358 et

2670 1388 2729 1424 ιι.
2763 1373 3002 1447 lanceae,
3039 1387 3093 1435 et
3125 1400 3182 1436 ιι.
3220 1401 3438 1454 enses;
3473 1393 3579 1444 etu
3610 1393 3740 1448 aliae

2669 1477 2788 1531 res,
2873 1484 3026 1522 unus
3110 1489 3298 1543 equus
3374 1482 3738 1553 venatorius,

2669 1555 2725 1604 et
2755 1569 2909 1609 unus
2942 1557 3292 1617 Palafredus
3339 1582 3473 1622 cum
3531 1567 3736 1624 fraenis

2671 1646 2726 1696 et
2757 1645 3052 1713 capistris.

3098 1774 3310 1833 XXIV.

2743 1909 2826 1963 De
2885 1913 3106 1971 relevio
3168 1919 3491 1981 V’avasoris
3549 1929 3620 1984 ad
3663 1931 3740 1985 li-

2671 1997 2834 2068 gium
2895 2017 3068 2057 suum
3125 2006 3443 2083 dominum,
3507 2019 3742 2086 quietus

2672 2100 2810 2175 esse
2843 2089 3017 2144 debet
3046 2110 3153 2162 per
3180 2112 3393 2168 equum
3420 2105 3513 2156 sui
3533 2109 3738 2175 patris,
3794 2131 3798 2135 ·

2672 2174 2846 2228 talem
2903 2180 3136 2248 qualem
3173 2184 3442 2242 habuerit
3476 2197 3740 2262 tempore

2671 2264 2880 2318 mortis
2913 2282 3060 2322 suae.
3096 2276 3150 2324 et
3180 2289 3286 2341 per
3317 2276 3450 2346 ejus
3473 2278 3736 2353 loricam,

2675 2353 2730 2404 et
2776 2368 2882 2421 per
2928 2356 3062 2425 ejus
3093 2362 3342 2432 galeam,
3375 2369 3432 2419 et
3460 2383 3565 2436 per
3607 2370 3740 2440 ejus

2675 2442 2928 2510 scutum,
2965 2447 3020 2497 et
3063 2461 3168 2514 per
3198 2447 3332 2519 ejus
3389 2451 3652 2508 lanceam
3686 2457 3744 2512 et

2672 2541 2779 2594 per
2808 2528 2941 2598 ejus
2973 2547 3205 2590 ensem:
3243 2539 3356 2592 nisi
3385 2540 3531 2596 adeo
3564 2542 3744 2599 fuerit

2673 2615 2854 2670 rebus
2917 2620 3192 2677 omnibus
3263 2625 3601 2700 destitutus,
3680 2636 3741 2687 ut

2673 2717 2781 2756 nec
2828 2703 3100 2763 habuerit
3158 2727 3373 2783 equum
3425 2718 3519 2771 vel
3577 2734 3738 2775 arma

2671 2807 2777 2862 pro
2812 2799 3048 2851 centum
3079 2801 3309 2859 solidis.

3114 2926 3302 2984 XXV.

2745 3038 2807 3097 Si
2837 3047 2972 3116 quis
3002 3050 3140 3104 velit
3157 3055 3502 3113 calumniari
3521 3077 3628 3118 seu
3648 3082 3741 3121 re-

2667 3136 2869 3201 petere
2901 3139 3099 3194 averia
3119 3157 3227 3197 sua
3246 3145 3400 3202 furto
3435 3149 3735 3226 subrepta,

2669 3223 2724 3274 et
2753 3221 2804 3276 is
2829 3225 2968 3279 velit
3012 3228 3151 3284 dare
3183 3233 3440 3305 vadium,
3476 3241 3532 3292 et
3577 3221 3742 3297 inve-

2668 3308 2794 3364 nire
2852 3313 3084 3387 plegios
3143 3321 3214 3374 ad
3257 3330 3744 3397 prosequendum

2669 3401 2964 3467 appellum
3040 3421 3236 3478 suum,
3289 3416 3426 3466 tunc
3483 3431 3739 3473 necesse

2669 3489 2783 3542 erit
2812 3491 2862 3544 ei
2895 3494 2993 3562 qui
3024 3510 3092 3549 ea
3123 3497 3412 3570 habuerit,
3440 3506 3744 3561 nominare

2671 3591 2846 3632 suum
2867 3587 3274 3656 warantum,si
3290 3588 3584 3662 habuerit,
3617 3596 3739 3648 etsi

2669 3667 3223 3742 nonhabuerit,tunc
3237 3680 3558 3736 nominabit
3572 3699 3747 3740 suum

2671 3758 3020 3830 euvelborli,
3079 3764 3140 3831 (i.
3201 3765 3646 3842 Hdejussores)
3688 3777 3745 3828 et

2669 3852 3061 3916 testes,eteos
3081 3853 3320 3909 habebit
3338 3858 3408 3911 ad
3426 3859 3579 3913 diem
3604 3862 3744 3916 etad

2667 3937 3004 4009 terminum,
3056 3942 3110 3994 si
3160 3959 3267 3997 eos
3327 3945 3618 4003 habuerit.
3646 3953 3746 4006 aut

2670 4025 2888 4080 habere
2936 4031 3236 4097 potuerit:
3293 4039 3349 4088 et
3405 4036 3745 4114 intertrator

2670 4115 2830 4169 dabit
2861 4115 2919 4168 in
2952 4119 3188 4172 vadium
3218 4136 3286 4176 se
3343 4127 3512 4178 sexta
3543 4115 3741 4199 manu,

2670 4207 2728 4258 et
2757 4205 2904 4259 alter
2924 4213 3102 4276 ponet
3131 4209 3189 4263 in
3223 4226 3457 4267 manum
3477 4215 3742 4272 suiwar-

2671 4295 2842 4361 ranti,
2876 4297 2969 4350 vel
2993 4299 3086 4351 sui
3117 4298 3525 4372 Heuvelborh,
3561 4308 3618 4358 et
3648 4305 3746 4361 ha-

2670 4382 2805 4436 beat
2834 4384 2931 4438 ille
2960 4389 3168 4458 testes,
3203 4391 3357 4460 quod
3398 4406 3466 4445 ea
3495 4393 3742 4466 (averia)

2672 4473 2811 4526 emit
2841 4473 2900 4528 in
2961 4475 3216 4533 Mercato
3252 4479 3460 4551 Regis,
3503 4487 3559 4536 et
3589 4483 3748 4554 quod

2675 4576 2791 4616 non
2830 4564 2942 4618 scit
2983 4581 3157 4622 suum
3225 4574 3576 4640 warantum,
3636 4587 3746 4626 nec

2673 4650 2933 4723 plegium
2966 4655 3167 4709 vivum
3196 4673 3304 4711 nec
3332 4663 3644 4713 mortuum.
3681 4659 3744 4713 Id

2669 4739 2893 4810 jurabit
2917 4757 3049 4797 cum
3082 4747 3211 4800 suis
3242 4747 3498 4801 testibus
3512 4763 3618 4817 per
3632 4747 3752 4818 pla-

2674 4785 2893 4810 μην..
2919 4785 3049 4797 νυ...
3082 4785 3211 4800 ...μυ
3245 4785 3604 4817 ...υνυυισνυι
3632 4785 3752 4818 ιι...-

2674 4849 2832 4900 num,
2868 4839 3298 4888 sacramentum
3335 4836 3548 4892 Perdet
3603 4785 3845 4898 Vw;

2675 4939 2846 4975 suum
2881 4922 3217 4976 catallumsi
3237 4924 3275 4976 ii
3309 4925 3367 4976 in
3407 4925 3661 4981 testiumr

2675 5011 3056 5081 dicunt,quod
3079 5012 3205 5066 Heu
3217 5011 3458 5066 velborli
3479 5013 3622 5084 cepi‘

2677 5098 2729 5151 si
2760 5115 2875 5151 non
2900 5100 3113 5168 poterit
3143 5099 3363 5154 habere
3393 5103 3621 5154 warant

2676 5202 2784 5240 nec
2804 5189 3242 5257 testem,perdet
3260 5191 3476 5258 etpro..
3490 5230 3524 5243 ..
3539 5204 3638 5260 per

2677 5292 2898 5330 weram
2955 5293 3124 5331 suam
3183 5293 3329 5348 erga
3396 5293 3573 5332 suum
3633 5278 3654 5332 l

2676 5367 2919 5421 minum.
2984 5366 3136 5420 Hoc'
3171 5367 3393 5422 obtinet
3449 5368 3510 5421 in
3595 5366 3686 5422 Me

2679 5455 2945 5525 riorum,
3008 5455 3342 5511 Danorum.
3418 5460 3475 5511 et
3549 5456 3734 5512 West-

2677 5542 2977 5598 Saxonum
3030 5545 3297 5618 legibus.
3350 5547 3484 5601 Non
3513 5545 3757 5603 vocabit

2678 5632 2991 5695 Dominum
3048 5650 3223 5696 suum
3279 5638 3352 5695 ad
3397 5637 3754 5695 Warantum
