4074 6150
479 261 634 324 I307

478 480 584 519 ver
602 465 706 536 gui
724 478 826 518 ceo
848 463 962 518 soit
984 461 1058 516 de
1077 477 1142 516 sa
1177 466 1427 516 nurtnre
1443 475 1556 532 per

471 553 623 607 treis
647 558 820 624 parts
840 567 946 606 son
986 551 1198 621 vigued
1229 549 1355 618 [al.,
1401 550 1554 602 vici-

471 640 628 709 ned],
654 656 721 694 se
754 639 800 694 il
816 656 964 694 aver
981 639 1057 694 ad
1081 637 1405 710 deregned.
1431 636 1555 691 Kar

465 731 600 801 puis
629 729 710 784 [ei
739 733 1006 784 serment
1037 728 1083 781 1i
1115 733 1206 781 est
1225 726 1546 798 jugied,ne

468 819 585 872 I'cn
602 823 702 888 pot
718 833 828 888 pas
851 818 988 887 puis
1015 816 1187 870 lever
1230 831 1341 886 par
1371 813 1427 868 Io
1443 815 1550 886 ju-

470 909 709 974 gemcnt
740 903 813 957 de
836 903 1226 974 Engleterre.

915 1185 1125 1241 XXVI.

542 1411 631 1466 De
651 1407 895 1464 murdre
925 1407 1153 1462 freceis
1181 1405 1304 1475 [a1.,
1339 1421 1406 1461 se
1437 1405 1551 1474 cis]

473 1499 674 1562 occist,
711 1499 743 1552 ὸ
771 1495 863 1552 les
890 1496 1095 1551 homes
1123 1494 1225 1550 del
1270 1492 1548 1548 hundred

470 1587 880 1658 nclprengent
903 1587 934 1640 ὲ
965 1589 1238 1639 amenent
1270 1599 1301 1637 a
1332 1582 1388 1637 la
1408 1582 1550 1653 jus-

471 1677 587 1730 tice
616 1675 846 1731 dedenz
877 1665 967 1729 les
983 1673 1253 1745 oitjours
1268 1687 1382 1744 per
1395 1687 1548 1726 nius-

473 1774 605 1821 trer
643 1781 757 1836 pur
811 1765 908 1836 qui
951 1763 1000 1816 il
1024 1763 1078 1817 Ia
1113 1763 1242 1832 fait,
1280 1763 1372 1816 sin
1403 1778 1547 1818 ren-

471 1855 647 1909 dront
678 1852 734 1906 Ie
754 1851 998 1906 murdre
1015 1867 1193 1904 XLVII.
1214 1849 1437 1905 Mares.

899 2000 1138 2056 xxvn.
1198 1986 1204 1992 ’

540 2226 612 2282 Si
635 2226 804 2280 home
831 2221 946 2278 volt
961 2222 1247 2278 derainer
1263 2235 1328 2276 co
1339 2227 1552 2276 venant

469 2315 544 2370 de
592 2320 757 2369 terre
815 2328 954 2368 vers
993 2327 1099 2366 son
1131 2310 1408 2383 Seignor,
1438 2327 1552 2383 per

467 2419 568 2457 ses
605 2402 765 2456 Pers
814 2401 887 2456 de
920 2399 974 2455 la
1008 2406 1218 2455 tenure
1249 2400 1546 2471 meismes,

427 2483 566 2562 'qui
613 2489 663 2544 il
733 2488 1015 2560 apelerad
1069 2505 1100 2542 a
1152 2489 1544 2554 testimonies,

468 2578 562 2634 les
608 2577 870 2632 cuverad
910 2576 1316 2646 (conviendra)
1349 2577 1547 2632 derai-

472 2684 602 2724 ner.
627 2666 750 2721 Kar
767 2682 878 2738 per
899 2673 1216 2738 estranges
1247 2665 1347 2720 uel
1358 2683 1545 2737 purra

471 2772 580 2828 pas
612 2755 917 2812 derainer.

886 2905 1150 2961 XXVIII.

535 3055 720 3113 Home
750 3056 847 3130 qui
861 3056 1064 3129 plaide
1081 3073 1154 3113 en
1180 3055 1346 3126 Curt,
1381 3073 1414 3111 a
1445 3058 1543 3128 qui

468 3145 613 3201 Curt
638 3147 734 3218 qui
768 3162 833 3201 co
863 3145 987 3215 [a1.,
1007 3146 1246 3217 quicon]
1267 3146 1402 3211 seit,
1414 3144 1542 3200 fors

462 3233 517 3289 1a
541 3235 610 3289 ou
625 3234 682 3290 Ie
713 3250 850 3290 cors
892 3233 948 3289 Ie
999 3239 1090 3288 est
1129 3235 1247 3289 esti
1274 3233 1373 3301 [al,
1409 3233 1449 3288 f.
1484 3235 1538 3288 la

464 3322 574 3377 Rei
631 3323 769 3391 est,]
800 3324 832 3374 ὸ
869 3321 1038 3376 home
1091 3321 1138 3375 li
1174 3321 1388 3376 mettid
1433 3337 1539 3375 sur

459 3409 601 3483 qu’il
613 3412 696 3464 ait
720 3410 808 3465 dit
844 3409 1040 3479 chose,
1058 3410 1156 3481 qui
1185 3409 1234 3463 il
1256 3425 1326 3464 ne
1362 3409 1538 3464 voille

458 3499 770 3566 coinistre,
803 3514 869 3553 se
926 3498 976 3551 i1
1001 3514 1074 3552 ne
1098 3503 1200 3569 pot
1250 3497 1538 3552 derainer

455 3603 567 3658 per
619 3604 680 3642 ιι.
733 3585 1090 3641 entendable
1164 3586 1392 3641 nomine
1440 3586 1542 3642 del

454 3674 722 3747 plaidant
753 3680 812 3728 et
849 3681 1022 3730 veant
1055 3675 1154 3747 qui
1181 3674 1230 3729 il
1248 3691 1320 3731 ne
1349 3675 1533 3731 l'aura

459 3761 566 3833 dit,
590 3763 923 3819 recovered
971 3779 1004 3818 a
1033 3779 1098 3818 sa
1121 3763 1330 3836 parole
1359 3763 1458 3836 (4).

889 3916 1105 3974 XXIX.

524 4064 614 4125 De
644 4065 838 4124 reliel‘
869 4085 900 4124 a
937 4069 1138 4141 vilain,
1200 4069 1256 4125 Ie
1293 4069 1534 4126 meillur

452 4156 626 4211 aveir
681 4155 823 4229 qu'il
871 4173 1073 4224 avere,
1133 4174 1170 4212 ν
1208 4157 1439 4229 Chival,
1499 4176 1537 4214 ν

449 4243 586 4311 But‘,
630 4260 668 4298 γ
705 4244 916 4315 Vache,
943 4245 1175 4300 donrad
1202 4261 1234 4300 a
1265 4262 1371 4301 son
1400 4245 1532 4301 Sei-

448 4347 602 4403 gnor
631 4332 706 4388 de
735 4333 954 4403 Relei‘f,
991 4339 1050 4389 et
1090 4335 1229 4405 puis
1256 4350 1309 4388 SI
1338 4335 1530 4389 serait

450 4435 557 4475 euz
589 4422 681 4476 les
723 4422 950 4478 Vilains
1007 4439 1080 4479 en
1113 4423 1286 4478 franc
1327 4422 1524 4495 plege.

910 4575 1098 4634 XXX.

521 4764 609 4821 De
621 4763 696 4840 iii
722 4765 1008 4835 ehemins,
1042 4783 1110 4836 co
1127 4772 1219 4824 est
1241 4785 1274 4824 a
1295 4784 1360 4823 sa
1371 4769 1520 4835 veir,

456 4850 948 4928 Vvatlingstrete,
967 4863 1027 4912 et
1047 4857 1520 4930 Ermingstrete,

445 4949 504 4998 et
547 4942 694 5000 Fos:
717 4942 878 5000 Kien
893 4945 1104 5001 alchun
1135 4947 1211 5002 de
1235 4962 1337 5003 ces
1378 4947 1521 5002 che-

443 5030 601 5085 mins
647 5033 799 5088 occit
826 5033 996 5089 home
1027 5035 1126 5108 qui
1163 5036 1282 5092 seit
1311 5042 1521 5091 errant

440 5134 552 5188 per
572 5119 628 5174 1e
652 5121 807 5192 pais,
827 5139 861 5177 u
891 5123 1063 5195 asalt,
1098 5125 1155 5179 si
1174 5124 1443 5182 enfreint
1463 5125 1521 5181 le

435 5205 574 5276 pais
602 5205 658 5261 le
681 5208 812 5264 Roi.

513 5511 594 5588 (4)
625 5510 745 5570 LL.
787 5515 967 5575 Henr.
1001 5520 1045 5576 Ι.
1079 5522 1131 5594 1,
1163 5523 1250 5596 3L,
1284 5523 1380 5584 48.

1644 260 2069 326 WILLELMI
2102 262 2764 337 CONQUESTORIS.

1660 459 1852 524 vadio,
1890 463 1946 514 et
1977 475 2047 515 ou
2076 461 2276 516 Daulae
2297 463 2476 516 meite
2509 478 2581 516 en
2619 461 2748 516 vele

1661 546 1819 602 dissi
1846 547 1900 602 1a
1914 550 2071 619 quod
2095 550 2146 604 is
2171 550 2248 604 sit
2264 550 2576 618 dereined,
2612 553 2670 604 et
2694 552 2745 604 si

1661 639 1856 705 potest
1884 638 2138 706 probare
2189 639 2346 709 quod
2399 639 2509 692 hoc
2563 640 2641 692 sit
2671 641 2742 694 de

1661 740 1726 778 sa
1752 732 2020 796 nurture,
2042 742 2148 796 per
2170 715 2292 782 tres
2315 731 2515 796 partes
2538 743 2643 782 son
2668 729 2746 782 Vi-

1660 813 1814 884 gued
1826 831 1892 868 se
1914 814 2002 868 ila
2013 830 2119 869 ver
2136 815 2210 869 ad
2223 816 2572 885 deraigned.
2599 816 2743 868 Nam

1660 906 1796 972 post
1837 903 2282 959 Sacramentum
2314 904 2360 957 li
2382 911 2473 958 est
2493 905 2707 975 jugied
2726 921 2737 958 :

1661 990 1796 1044 inde
1830 1007 1947 1045 non
1977 995 2171 1062 potest
2201 995 2405 1062 postea
2437 993 2611 1047 Iever
2638 1009 2744 1062 per

1657 1073 1951 1148 judicium
1973 1080 2224 1151 Anglim.

2096 1175 2303 1230 XXVI.

1661 1259 1749 1314 De
1771 1261 1999 1315 ceturia
2027 1262 2264 1331 mulcta,
2294 1261 2394 1316 ubi
2403 1278 2549 1317 reus
2563 1263 2744 1318 homi-

1768 1351 2157 1422 cidiijudicio
2210 1366 2324 1404 non
2369 1352 2629 1406 sistitur.

1731 1437 1814 1492 De
1837 1439 2090 1494 Murdre
2104 1438 2332 1495 freceis
2347 1441 2551 1509 occist,
2572 1442 2629 1494 et
2641 1439 2740 1494 ho-

1659 1525 1850 1580 mines
1891 1526 2181 1582 hundredi
2217 1544 2333 1583 non
2361 1529 2734 1599 prehendunt

1659 1617 1716 1668 et
1737 1615 1958 1670 minant
1995 1615 2066 1670 ad
2097 1616 2395 1671 Justitiam
2427 1617 2582 1672 infra
2611 1635 2733 1672 vm.

1659 1702 1788 1756 dies
1821 1707 1882 1758 ut
1903 1705 2173 1760 ostendat
2194 1706 2268 1760 ob
2287 1722 2463 1777 quam
2494 1722 2737 1761 causam

1659 1791 1885 1860 fecerit,
1918 1793 2164 1849 reddant
2192 1795 2250 1850 le
2279 1795 2525 1851 murdre
2555 1813 2732 1850 xnvn.

1658 1879 1912 1936 Marcus.

2071 1971 2306 2027 XXVII.

1654 2057 1745 2115 De
1774 2057 2015 2114 clientis
2037 2061 2268 2115 actione
2305 2072 2515 2116 versus
2544 2061 2735 2117 Domi-

2114 2165 2268 2202 num.

1725 2234 1787 2290 Si
1816 2236 1951 2306 quis
1982 2236 2108 2292 vult
2152 2237 2441 2292 derainer
2469 2253 2732 2292 conven-

1653 2323 1870 2378 tionem
1901 2325 1972 2380 de
1985 2329 2141 2380 terra
2167 2342 2275 2380 sua
2296 2342 2516 2381 versus
2542 2327 2732 2381 Domi-

1651 2428 1791 2466 num
1824 2428 1998 2468 suum
2026 2429 2134 2484 per
2160 2430 2336 2484 pares
2367 2430 2513 2469 suos
2545 2415 2617 2469 de
2646 2417 2730 2469 te-

1651 2516 1817 2572 nura,
1851 2503 2018 2573 ipsos
2069 2519 2220 2573 quos
2259 2503 2639 2572 appellaverit
2668 2506 2731 2557 ut

1649 2591 1836 2644 testes
1891 2592 2008 2645 sint
2028 2591 2388 2646 lescuverad
2417 2591 2725 2647 derainer.

1652 2675 1814 2748 Nam]
1841 2693 1948 2747 per
2004 2682 2322 2734 extraneos
2376 2695 2494 2734 non
2534 2683 2728 2750 potest

1650 2771 1957 2828 derainer.

2053 2861 2316 2917 XXVIII.

2000 2957 2366 3014 De......

1717 3051 1826 3118 Qui
1855 3053 2093 3125 placitat
2111 3057 2171 3110 in
2191 3055 2724 3128 Curia,eujuscun-

1647 3156 1759 3211 que
1791 3142 1953 3196 curia
1975 3143 2072 3210 sit,
2107 3146 2351 3212 excepto
2384 3144 2483 3198 ubi
2513 3143 2569 3199 1e
2587 3160 2724 3200 cors

1644 3227 1701 3283 le
1724 3235 1815 3284 est
1833 3230 1950 3284 esti
1971 3246 2003 3285 θ
2033 3231 2200 3286 home
2221 3230 2266 3284 li
2296 3231 2509 3286 mettid
2537 3248 2722 3302 super

1645 3331 1713 3370 eo
1743 3317 1902 3387 quod
1949 3319 2184 3386 dixerit,
2217 3334 2342 3373 rem
2373 3335 2546 3390 quam
2577 3320 2719 3374 uolti

1645 3405 1929 3476 confiteri,
1977 3407 2031 3462 si
2061 3422 2179 3462 non
2209 3410 2402 3478 potest
2432 3407 2720 3464 derainer

1640 3508 1750 3562 per
1780 3511 1839 3548 ιι.
1875 3495 2272 3568 intelligentes
2313 3495 2585 3551 homines
2616 3500 2718 3569 qui

1641 3583 2032 3639 interfuerunt
2085 3585 2297 3656 placito
2363 3591 2420 3641 et
2449 3587 2717 3643 videntes

1639 3673 1796 3744 quod
1826 3688 1945 3728 non
1975 3673 2357 3744 dixerit,reco
2369 3677 2551 3732 vered
2587 3677 2620 3731 ἑ
2649 3694 2715 3733 sa

1634 3767 1861 3840 parole.

2072 3865 2291 3922 XXIX.

1797 3963 1888 4021 De
1919 3963 2267 4020 Colonorum
2289 3964 2436 4021 Rele
2447 3965 2558 4021 vio.

1712 4053 1797 4108 De
1831 4053 2074 4109 Relevio
2098 4053 2556 4110 Villani.Melius
2589 4054 2718 4110 ani-

1639 4149 1754 4205 mal
1775 4150 1933 4222 quod
1963 4150 2237 4206 habuerit
2254 4152 2310 4206 id
2324 4151 2478 4224 (sive
2509 4150 2716 4222 Equus

1638 4245 1872 4316 sit,sive
1904 4247 2192 4315 Bos,sive
2229 4247 2445 4319 Vacca)
2477 4246 2716 4302 donabit

1636 4335 1886 4390 Domino
1903 4351 2014 4390 suo
2035 4351 2142 4408 pro
2158 4335 2488 4405 Relevio,et
2507 4339 2712 4408 postea

1634 4425 1691 4480 si
1746 4427 1977 4480 seraitz
2028 4441 2136 4480 cuz
2206 4423 2297 4480 les
2383 4423 2596 4482 Villain
2651 4428 2711 4484 in

1634 4510 1836 4568 iranco
1865 4512 2086 4586 plegio.

2074 4607 2262 4664 XXX.

1892 4704 1982 4760 De
2017 4704 2134 4759 viis
2155 4705 2436 4777 publicis.

1702 4793 1786 4848 De
1813 4793 2008 4849 tribus
2030 4795 2166 4864 viis,
2198 4794 2494 4866 videlicet,
2532 4795 2706 4851 Vvet-

1627 4882 1952 4956 lingstrete
2012 4888 2068 4939 et
2125 4885 2578 4958 Ermingstrete
2648 4895 2706 4950 et

1627 4971 1837 5028 Fosse.
1867 4972 1976 5038 Qui
2022 4973 2082 5028 in
2111 4973 2305 5046 aliqua
2336 4975 2544 5030 harum
2573 4977 2704 5032 via-

1626 5077 1757 5117 rum
1805 5061 2102 5118 hominem
2157 5064 2530 5120 itinerantem
2574 5067 2702 5122 sive

1626 5151 1908 5207 occiderit
1931 5152 2060 5208 sive
2082 5152 2378 5226 insilierit,
2410 5155 2464 5210 is
2495 5171 2703 5226 pacem

1626 5240 1814 5314 Regis
1843 5240 2042 5298 violat.

3719 281 3836 346 1308

2853 465 2925 520 de
2954 465 3068 521 hoc
3088 468 3243 537 quod
3258 470 3499 538 positum
3518 471 3672 528 fuerit
3708 478 3837 532 inve.

2852 553 2966 623 dio,
3002 559 3058 609 et
3089 557 3148 610 in
3198 557 3480 612 Danorum
3508 560 3644 631 lege,
3670 580 3838 632 ponere

2847 643 3008 713 velit,
3043 645 3229 699 donec
3279 647 3664 703 disrationatus
3689 650 3837 720 fuerit,

2849 735 2904 785 et
2928 733 3186 802 sipossit
3208 735 3468 802 probare,
3490 737 3628 806 quod
3641 753 3698 791 ea
3717 741 3838 804 (ave-

2850 821 2955 887 ria)
2981 822 3182 875 sintde
3199 838 3302 876 sua
3327 826 3617 891 nutritura,
3647 833 3838 894 perires

2847 895 3046 959 partes
3106 894 3201 946 sui
3246 895 3496 960 vicineti,
3544 896 3591 948 si
3636 899 3838 952 averium

2847 979 3340 1036 disrationaverit.
3351 982 3493 1036 Nam
3504 998 3572 1036 ex
3586 1000 3685 1054 quo
3697 1001 3841 1040 sacra-

2846 1069 3105 1120 mentum
3137 1069 3189 1121 ei
3221 1067 3542 1137 judicatum
3569 1074 3619 1123 et
3644 1069 3839 1124 delatum

2845 1158 3079 1222 est,non
3097 1158 3288 1224 potest
3301 1155 3544 1225 amplius
3554 1156 3680 1211 illud
3694 1158 3840 1212 levare

2844 1257 2951 1312 per
2975 1243 3264 1315 judicium
3294 1244 3540 1314 Anglia.

3278 1366 3484 1423 XXVI.

2914 1461 2976 1516 Si
3016 1462 3150 1533 quis
3199 1463 3458 1534 aliquem
3482 1464 3695 1518 murdro
3723 1466 3840 1518 occi-

2843 1549 3013 1618 derit,
3047 1553 3102 1604 et
3132 1550 3407 1605 homines
3441 1551 3711 1607 IIundredi
3745 1569 3840 1607 eum

2843 1653 2960 1691 non
2999 1637 3386 1707 prehendunt,
3435 1642 3488 1694 et
3527 1640 3771 1693 adducant
3789 1641 3840 1694 ad

2838 1725 3293 1797 justitiamintra
3323 1731 3455 1782 octo
3485 1728 3603 1782 dies
3631 1732 3840 1782 utosten-

2841 1815 2981 1868 dant
3009 1831 3042 1868 a
3072 1831 3190 1886 quo
3219 1817 3522 1870 murdrum
3552 1817 3737 1870 factum
3761 1820 3838 1883 est,

2840 1903 3084 1958 reddent
3105 1919 3210 1975 pro
3233 1905 3474 1959 murdro
3488 1905 3839 1985 xlvijMai-cas

3252 2083 3500 2138 XXVII.

2908 2224 2969 2279 Si
3000 2224 3136 2294 quis
3166 2224 3309 2278 velit
3354 2223 3716 2278 disrationare
3739 2239 3840 2276 con-

2837 2313 3169 2368 ventionem
3230 2314 3304 2367 de
3353 2317 3508 2368 terra
3536 2328 3665 2384 erga
3693 2312 3838 2366 Domi-

2836 2419 2974 2456 num
3006 2417 3199 2470 suum,
3249 2417 3362 2471 per
3413 2417 3579 2472 pares
3631 2401 3838 2471 ejusdem

2835 2493 3082 2552 tenuraa,
3115 2505 3266 2560 quos
3299 2489 3376 2543 ad
3393 2492 3573 2544 testes
3593 2487 3836 2558 appelabit,

2835 2579 2944 2634 erit
2961 2579 3448 2632 disrationandus
3471 2593 3622 2632 :nam
3656 2591 3743 2646 per
3770 2591 3840 2628 ex-

2832 2670 3070 2722 traneos
3101 2681 3218 2722 non
3249 2667 3469 2736 poterit
3513 2663 3835 2720 disrationari.

3234 2816 3504 2871 XXVIII.

2900 2967 3010 3033 Qui
3039 2968 3276 3036 placitat
3306 2967 3368 3021 in
3401 2965 3844 3035 Curia,cujuscun-

2830 3070 2945 3126 que
2959 3054 3133 3110 Curia
3154 3054 3254 3107 illa
3271 3054 3374 3120 sit,
3404 3053 3771 3123 Praeterquam
3792 3064 3837 3102 ea

2829 3143 2928 3198 ubi
2959 3158 3177 3213 corpus
3219 3143 3432 3214 Regis,
3491 3145 3652 3209 est,et
3677 3140 3839 3209 aliquis

2825 3230 2881 3284 ei
2911 3231 3186 3300 imponat,
3220 3229 3382 3298 quod
3417 3244 3537 3282 rem
3568 3226 3839 3298 quampiam

2827 3319 3056 3383 dixerit,
3092 3333 3267 3389 quam
3298 3331 3624 3389 agnoscere
3653 3315 3783 3378 nolit,
3803 3312 3838 3364 si

2825 3424 2942 3463 non
2971 3409 3167 3478 potest
3214 3421 3352 3460 cum
3384 3405 3742 3459 disrationare
3764 3414 3838 3469 per

2824 3498 2974 3552 duos
3034 3494 3442 3565 intelligibiles
3492 3492 3732 3547 homines
3766 3486 3837 3557 qui

2822 3585 3215 3640 interfuerunt
3265 3583 3482 3652 placito
3532 3585 3586 3635 et
3621 3577 3836 3631 viderunt

2822 3673 2978 3745 quod
3011 3687 3129 3728 non
3158 3671 3394 3741 dixerit,
3458 3668 3766 3724 recurretur
3786 3661 3836 3715 ad

2823 3761 2957 3834 ejus
2989 3763 3449 3816 sacramentum.

3249 3909 3474 3965 XXIX.

2895 4063 2977 4117 De
3008 4061 3254 4117 Relevio
3276 4056 3710 4128 Villani,melius
3735 4064 3832 4105 ave-

2819 4150 2970 4205 rium
3001 4148 3157 4220 quod
3189 4145 3610 4216 habuerit,sive
3634 4141 3833 4211 Equum,

2819 4240 2948 4293 sive
2961 4237 3342 4307 Bovem,sive
3359 4235 3624 4300 Vaccam,
3647 4224 3834 4285 donabit

2818 4328 3066 4383 Domino
3079 4342 3190 4383 suo
3209 4341 3316 4396 pro
3336 4324 3554 4379 relevio
3579 4336 3590 4375 :
3610 4322 3661 4374 et
3677 4318 3832 4388 postea

2816 4415 3130 4471 habebitur
3158 4413 3430 4468 Villanus
3461 4411 3520 4465 in
3547 4409 3728 4463 franco
3741 4400 3831 4473 ple-

2816 4520 2935 4578 gio.

3253 4651 3442 4709 XXX.

2880 4806 2964 4862 De
2990 4805 3181 4861 tribus
3210 4805 3349 4870 viis,
3410 4798 3665 4857 videlicet
3693 4790 3824 4845 Wat-

2808 4893 3140 4965 lingstrete,
3191 4895 3250 4947 et
3313 4887 3738 4959 Ermingstrete,
3782 4879 3822 4928 el

2808 4981 3135 5047 Fosse.Qui
3166 4981 3225 5034 in
3271 4979 3470 5050 aliqua
3515 4977 3701 5030 harum
3725 4968 3821 5020 via-

2807 5086 2936 5126 rum
2965 5069 3262 5124 hominem
3278 5083 3386 5137 per
3417 5064 3648 5136 patriam
3666 5067 3820 5149 erran-

2807 5163 2922 5214 tem
2979 5157 3280 5227 occiderit,
3320 5155 3416 5210 vel
3470 5146 3756 5211 adsalierit,
3780 5146 3817 5192 is

2807 5263 3012 5320 pacem
3044 5247 3230 5320 Regis
3261 5245 3544 5317 infringit.
