4074 6150
290 226 452 291 1309

720 408 933 463 XXXI.

363 573 434 628 Si
447 573 672 630 Iarecin
691 582 782 631 est
802 576 1113 646 troved,en
1129 593 1221 649 qui
1246 583 1363 631 ter-

286 677 359 716 re
383 664 483 734 qui
508 680 611 718 888
631 666 837 732 8811,81
875 665 931 719 18
958 666 1154 720 Laron
1186 656 1357 721 oues-

287 764 418 820 quo,
467 749 522 804 le
553 750 812 821 Seignor
834 752 908 806 de
938 751 993 805 la
1027 757 1193 807 terre
1216 758 1275 805 et
1303 752 1357 806 la

283 834 442 891 feme
472 845 724 892 averunt
754 839 809 893 18
826 840 1171 895 meiteddel
1186 841 1359 895 aveir

284 939 315 976 8
348 924 564 995 Laron,
599 925 737 980 eles
753 926 1184 999 clialejurs[al.,
1220 928 1354 982 cha-

282 1010 589 1083 lengeurs]
617 1014 711 1069 lor
740 1014 954 1083 8118181,
986 1032 1051 1070 88
1080 1015 1131 1069 11
1154 1016 1211 1070 18
1245 1021 1360 1071 tro-

290 1107 447 1169 vent,
511 1116 543 1155 e
570 1102 627 1156 1a
657 1103 767 1157 bor
785 1105 1020 1158 merted
1056 1102 1176 1176 [al.,
1213 1108 1271 1158 et
1301 1105 1355 1158 la

280 1186 381 1256 foi,
405 1189 792 1261 meitted],s‘il
807 1197 898 1245 est
922 1193 1092 1246 trové
1123 1191 1353 1246 dedanz

278 1276 475 1331 Sac/2e
505 1282 564 1331 et
594 1277 803 1341 Soclie,
830 1278 931 1332 s’il
945 1279 1173 1349 perdra
1194 1279 1249 1333 18
1274 1279 1355 1334 fe-

276 1376 387 1428 me,
413 1368 472 1417 et
500 1362 556 1419 18
577 1362 838 1436 Seiguor
869 1365 1156 1421 l‘avered.

684 1509 925 1564 XXXII.

346 1650 435 1705 De
461 1653 807 1708 strewarde
849 1653 922 1709 de
956 1654 1209 1709 cliescon
1240 1654 1350 1709 des

271 1739 449 1794 hides
478 1740 553 1794 de
600 1740 891 1797 Hundred
940 1760 1014 1797 un
1053 1744 1222 1798 home
1240 1743 1347 1798 de-

274 1826 432 1881 denz
447 1826 503 1880 18
524 1826 682 1881 1⁵8818
704 1828 779 1883 (18
808 1829 969 1883 88181
998 1828 1268 1895 Μ1811811,
1290 1835 1349 1884 81

268 1914 325 1969 18
356 1914 515 1970 88181
549 1916 799 1986 Martin,
848 1924 907 1972 et
951 1917 1344 1986 Vvardireve,

266 2004 324 2058 si
380 2019 522 2058 aura
554 2021 697 2059 xxx.
749 2005 927 2060 hides
992 2007 1187 2078 quites
1235 2021 1349 2077 per

265 2108 375 2148 son
420 2096 676 2151 travaile
705 2101 764 2149 et
808 2097 865 2150 si
893 2112 1077 2151 avers
1112 2103 1347 2167 trepas-

168 2206 175 2211 -
264 2188 422 2251 sent,
441 2183 682 2254 peri/ot,
722 2184 820 2239 vel
846 2184 1090 2240 denient
1111 2192 1348 2240 vvatter

267 2267 392 2339 [al.,
412 2269 746 2325 devientent
766 2269 1112 2342 wattez],eil
1129 2287 1203 2326 ne
1212 2287 1356 2352 pus:

263 2362 401 2410 sent
420 2362 686 2411 mustrer
712 2373 786 2412 ne
805 2359 898 2412 cri
926 2374 1002 2413 ne
1030 2358 1199 2413 force
1249 2358 1352 2430 qu'

258 2443 381 2498 l’on
407 2444 530 2499 fust
550 2444 719 2515 1⁵8118,
743 2447 801 2500 81
819 2447 1135 2502 rendisent
1152 2446 1229 2501 l’a
1242 2462 1343 2501 ve-

258 2549 340 2587 11⁸.

665 2655 935 2711 XXXIII.

337 2778 437 2835 Cil
457 2780 555 2851 qui
585 2781 743 2835 custi
750 2786 887 2836 vent
907 2779 1339 2853 [al.,cultivent)

255 2867 314 2921 18
347 2873 513 2922 terre
543 2884 617 2923 ne
640 2868 764 2923 dcit
782 2869 818 2922 l’
826 2886 916 2923 um
939 2875 1031 2924 tra
1043 2868 1251 2940 vailer,
1272 2885 1339 2926 se

257 2955 334 3011 de
363 2955 533 3011 louer
553 2956 750 3012 diotre
770 2955 893 3029 [81.,
921 2957 1113 3030 dreit.]
1136 2974 1332 3029 cense,

255 3059 372 3100 non
402 3060 473 3099 ne
493 3043 634 3099 leist
664 3060 695 3098 8
717 3045 1079 3117 seignurage
1111 3045 1184 3100 de
1192 3062 1334 3117 par-

256 3132 342 3185 tir
383 3132 475 3187 les
523 3132 818 3187 cultivurs
857 3134 931 3188 de
978 3134 1110 3188 1881·
1143 3140 1329 3204 terre,

244 3233 365 3289 pur
378 3223 503 3272 tant
517 3235 735 3273 comme
749 3219 1081 3291 ilspussent
1098 3222 1154 3274 18
1168 3220 1331 3275 dreit

252 3306 520 3361 seirvise
566 3306 744 3361 faire.
793 3308 911 3363 Les
952 3307 1109 3362 nai‘fs
1138 3308 1204 3361 ki
1220 3308 1327 3363 de-

246 3399 455 3464 partet
489 3395 563 3449 de
611 3410 677 3449 sa
740 3400 924 3464 terre,
954 3412 1026 3450 ne
1058 3396 1322 3467 devient,

251 3487 456 3537 cartrc
486 3481 612 3537 l'ant
639 3484 914 3537 nai‘verie
955 3499 1171 3555 querre
1200 3481 1321 3555 [81.,

249 3572 308 3625 81
319 3570 555 3624 denient
569 3576 806 3626 nai’vere
824 3572 912 3626 les
930 3570 1051 3626 faut
1064 3571 1321 3646 querre],

250 3654 353 3725 qui
390 3654 439 3707 il
490 3670 564 3709 ne
610 3655 810 3709 lacent
840 3654 975 3709 leur
1004 3656 1164 3711 droit
1194 3672 1324 3711 ser-

252 3743 403 3811 vice,
442 3759 550 3815 que
594 3743 784 3814 spend
804 3743 835 3797 a
864 3742 999 3798 leur
1043 3750 1228 3800 terre.
1253 3745 1323 3798 L1

246 3830 412 3885 8811⁵8
426 3830 492 3884 111
508 3831 781 3903 departet
803 3832 878 3887 de
900 3848 967 3887 sa
990 3839 1158 3889 terre
1179 3834 1324 3889 dunt

242 3918 295 3973 il
314 3926 407 3973 est
438 3935 568 3990 nez,
604 3936 636 3975 8
674 3927 810 3976 ν881
849 3938 880 3975 8
912 3923 1111 3977 autrui
1132 3928 1317 3989 terre,

243 4006 384 4061 nuls
413 4008 513 4062 nel
577 4013 958 4081 retenget,ne
1005 4009 1053 4064 11
1103 4026 1173 4065 88
1222 4026 1324 4065 888

242 4094 477 4150 81181818
502 4113 516 4161 ;
542 4112 653 4150 enz
682 4096 739 4152 18
767 4097 967 4152 facent
993 4098 1163 4154 venir
1179 4114 1323 4153 arer

240 4200 275 4238 a
303 4183 464 4239 faire
506 4200 612 4240 son
634 4188 893 4256 servise,
942 4187 1029 4243 tel
1052 4204 1178 4243 cum
1210 4204 1241 4242 8
1276 4187 1323 4242 11

239 4270 457 4341 spend.
474 4270 545 4326 Si
556 4270 647 4326 les
657 4287 1016 4345 seznurages
1028 4289 1102 4329 ne
1119 4274 1320 4329 1⁵88881

239 4357 390 4412 altri
444 4359 703 4432 gainnys
730 4361 900 4416 venis
928 4378 961 4417 a
1000 4361 1093 4418 lor
1125 4368 1315 4433 terre,

236 4442 295 4498 la
311 4442 539 4514 justice
574 4445 630 4501 18
658 4445 841 4503 facet.

654 4592 922 4649 XXXIV.

309 4733 518 4790 Nullui
565 4752 641 4791 ne
701 4737 864 4793 toille
910 4754 942 4793 8
973 4754 1079 4794 888
1111 4741 1317 4797 senior

226 4839 344 4880 son
369 4824 531 4879 dreit
558 4841 663 4880 ser
675 4828 817 4897 vise,
848 4844 966 4899 pur
995 4828 1099 4883 nul
1122 4829 1313 4886 relais

226 4911 337 4984 qui
363 4911 414 4965 il
428 4912 474 4965 li
503 4913 586 4966 ait
616 4912 729 4967 fait
758 4930 831 4969 88
858 4930 1057 4971 arere.

658 5051 874 5107 XXXV

301 5199 376 5256 Si
404 5201 562 5256 18188
610 5201 902 5274 estjugée
932 5202 963 5257 8
995 5208 1168 5259 mort.
1215 5221 1252 5258 v
1277 5221 1309 5259 8

219 5287 506 5345 defacnm
527 5289 971 5364 [al.,defaction]
987 5293 1095 5348 des
1121 5309 1306 5348 meni-

216 5377 397 5448 bres,
432 5378 499 5433 ki
524 5380 643 5435 8811
661 5382 999 5451 enceintée,
1034 5397 1108 5437 ne
1136 5380 1310 5439 faced

212 5466 361 5523 lum
381 5467 610 5541 justice
640 5469 979 5545 desquelles
1007 5471 1126 5529 seit
1156 5471 1305 5529 deli-

218 5557 398 5616 vrée.

1871 229 2140 294 LEGES

1888 413 2102 468 XXXI.

1462 500 1552 555 De
1606 500 1885 569 Latrone,
1940 518 2066 555 cum
2096 502 2411 563 latrocinio
2430 520 2535 560 seu

1657 593 1978 671 ἐπαυτοφὸρῳ
2010 600 2329 669 prehenso.

1484 684 1546 739 Si
1561 685 1930 741 latrocinium
1945 688 2023 741 sit
2042 690 2342 744 inventum
2361 691 2418 745 in
2440 708 2532 745 cu-

1448 767 1792 841 juscunque
1833 774 1989 826 terra
2042 773 2119 826 sit
2162 777 2217 827 et
2271 774 2418 829 latro
2452 776 2533 829 si-

1458 858 1888 933 mul,Dominus
1917 863 2093 914 terrae
2124 865 2181 915 et
2212 877 2363 916 uxor
2393 861 2530 933 ejus

1456 945 1755 1001 habebunt
1811 932 2181 1004 medietatem
2238 932 2530 1006 bonorum

1455 1034 1753 1101 Latronis,
1770 1037 1827 1089 et
1846 1035 1936 1090 les
1948 1037 2249 1093 cbalieurs
2277 1038 2371 1094 lor
2389 1041 2530 1094 8118-

1458 1122 1545 1176 181
1569 1139 1634 1177 88
1658 1122 1758 1178 1118
1792 1130 1924 1178 trou
1936 1131 2069 1179 vent
2093 1132 2151 1180 et
2177 1126 2348 1181 labor
2374 1144 2530 1182 mer-

1456 1210 1574 1278 ted,
1610 1211 1663 1264 si
1720 1215 2019 1281 repertum
2064 1214 2140 1267 sit
2165 1215 2313 1269 intra
2336 1215 2529 1271 Sache

1452 1302 1511 1353 et
1537 1297 1727 1353 Soclze
1779 1300 1984 1368 perdat
2013 1301 2199 1372 Uxor,
2234 1307 2290 1357 81
2322 1303 2525 1358 Ι)οωί-

1451 1400 1565 1438 nus
1592 1384 1834 1440 habebit

1768 1567 2054 1624 De......

1451 1661 1538 1715 De
1566 1661 1943 1719 Strevvarde
1959 1664 2031 1719 de
2051 1682 2400 1739 unaquaque
2426 1669 2524 1723 Hi-

1448 1748 1656 1802 darum
1688 1749 1993 1805 Hundredi
2029 1768 2183 1807 unus
2222 1753 2397 1809 homo
2428 1756 2522 1810 in-

1448 1838 1536 1890 tra
1565 1837 1781 1891 festum
1809 1838 1873 1892 S.
1916 1839 2233 1895 Michaelis
2262 1849 2320 1897 et
2352 1844 2521 1897 Mar-

1451 1925 1581 1993 tini,
1615 1929 1670 1980 81
1699 1925 1999 1982 Uvardire
2027 1929 2266 1984 habebit
2283 1948 2423 1986 xxx.
2441 1931 2523 1987 hi—

1448 2011 1555 2067 das
1586 2013 1816 2084 quietas
1846 2029 1954 2083 pro
1988 2015 2190 2071 labore
2213 2032 2345 2088 suo,
2378 2022 2435 2074 81
2467 2021 2521 2075 si

1447 2101 1645 2156 averia
1674 2103 2002 2157 moriantur
2026 2104 2246 2175 perilot
2281 2106 2380 2161 vel
2412 2108 2519 2162 de-

1454 2190 1616 2244 vient
1654 2195 1844 2244 water
1873 2194 1929 2245 et
1956 2207 2076 2246 non
2104 2195 2299 2261 possit
2328 2198 2520 2250 osten-

1448 2278 1587 2333 dere
1617 2294 1726 2333 nec
1757 2278 2076 2334 clamorem
2097 2296 2205 2335 nec
2235 2282 2353 2336 vim
2383 2299 2516 2354 quae

1446 2367 1597 2421 facta
1626 2367 1820 2437 fuerit,
1852 2368 2059 2435 reddat
2087 2371 2304 2424 averia.

1840 2460 2109 2516 XXXIII.

1442 2559 1531 2613 De
1552 2557 1788 2612 Colonis
1810 2563 1868 2612 et
1898 2557 2106 2614 Glebae
2130 2559 2514 2631 Ascriptitiis

1512 2658 1633 2712 Eos
1689 2658 1789 2728 qui
1820 2658 1974 2711 custi
1985 2664 2119 2712 vent
2149 2662 2366 2714 terram
2394 2675 2512 2714 non

1440 2747 1611 2802 debet
1630 2749 1766 2817 quis
1785 2747 2099 2802 molestare
2116 2743 2512 2820 praeterquam

1439 2837 1511 2890 de
1540 2851 1746 2890 eorum
1775 2837 2193 2894 diotrecensu.
2227 2840 2351 2893 Nec
2372 2840 2511 2893 licet
2576 2860 2579 2861 ν

1440 2942 1471 2980 8
1502 2926 1864 2997 seignurage
1895 2928 2204 2983 discedere
2240 2928 2511 2985 Cultores

1435 3016 1508 3071 de
1540 3019 1696 3069 terra
1726 3031 1856 3087 sua,
1889 3019 2030 3088 quin
2059 3023 2285 3073 rectum
2314 3020 2507 3073 servi-

1435 3120 1577 3173 tium
1595 3135 1768 3175 suum
1798 3122 1997 3178 facere
2025 3123 2278 3193 possint.
2312 3120 2509 3175 Nativi

1432 3209 1534 3278 qui
1564 3208 1876 3265 discedunt
1904 3228 1937 3265 a
1961 3216 2120 3267 terra
2141 3228 2252 3267 sua
2271 3228 2390 3267 non
2409 3212 2508 3266 de-

1429 3300 1570 3354 bent
1581 3303 1783 3354 cartre
1794 3299 1921 3354 l'aut
1931 3302 2031 3355 881
2041 3303 2169 3356 vire
2182 3317 2363 3372 quere
2375 3316 2507 3372 qum

1429 3401 1548 3441 non
1619 3385 1841 3444 faciunt
1920 3393 2147 3444 rectum
2200 3382 2509 3444 servitium

1433 3479 1591 3549 quod
1655 3483 1881 3551 spectat
1931 3479 2005 3533 ad
2070 3483 2286 3533 terram
2315 3495 2504 3534 suam.

1432 3566 1706 3622 Nativum
1772 3567 1873 3638 qui
1932 3567 2184 3622 discedit
2241 3584 2275 3621 a
2344 3570 2506 3621 terra

1431 3656 1585 3709 unde
1644 3660 1737 3710 est
1799 3656 2037 3710 nativus
2086 3660 2144 3710 et
2204 3656 2365 3710 venit
2428 3656 2503 3709 ad

1432 3744 1695 3814 alteram,
1729 3745 1929 3799 nullus
1959 3760 2093 3799 eum
2119 3746 2370 3801 retineat
2395 3762 2506 3801 nec

1432 3832 1639 3886 catalla
1685 3832 1841 3903 ejus,
1892 3832 2000 3887 sed
2030 3832 2223 3887 redire
2256 3837 2507 3904 cogatur

1433 3924 1494 3975 ut
1511 3920 1683 3975 faciat
1703 3921 2010 3976 servitium
2028 3936 2202 3976 suum
2216 3923 2332 3975 tale
2348 3922 2505 3992 quod

1433 4009 1508 4063 ad
1536 4024 1669 4068 eum
1700 4012 1946 4080 spectat.
1980 4008 2043 4063 Si
2072 4009 2164 4065 les
2184 4010 2501 4081 seignura-

1426 4113 1538 4169 ges
1558 4113 1676 4153 non
1696 4097 1917 4153 faciunt
1937 4097 2083 4152 altri
2108 4100 2369 4172 gainnys
2395 4114 2501 4153 ve-

1427 4185 1554 4239 nire
1586 4186 1660 4240 ad
1697 4188 1917 4241 terram
1952 4201 2141 4257 suam,
2173 4186 2411 4241 Justitia
2439 4186 2499 4242 id

1428 4272 1621 4328 faciat.

1822 4362 2091 4417 XXXIV.

1425 4454 1520 4512 Ne
1538 4456 1669 4529 quis
1685 4454 1932 4512 Domino
1963 4472 2069 4512 suo
2089 4456 2327 4514 debitas
2346 4475 2499 4531 prae-

1633 4545 1925 4600 stationes
1941 4545 2279 4601 subtrahat.

1495 4643 1683 4698 Nemo
1743 4643 1991 4698 Domino
2022 4659 2135 4700 suo
2181 4643 2496 4700 subtrahat

1422 4735 1647 4787 rectum
1679 4733 1987 4788 servitium
2026 4749 2219 4803 suum,
2252 4738 2495 4804 propter

1421 4820 1641 4876 nullam
1668 4819 2084 4876 remissionem
2107 4837 2281 4893 quam
2311 4822 2367 4876 ei
2394 4837 2492 4877 an-

1421 4911 1513 4963 tea
1540 4908 1764 4964 fecerit.

1850 5010 2091 5065 XXXV.

1418 5104 1507 5160 De
1523 5103 1781 5160 Faemina
1810 5105 2065 5176 gravida
2098 5120 2223 5177 quae
2253 5107 2492 5179 capitali

1630 5194 1915 5267 supplicio
1946 5195 2277 5251 damnatur.

1485 5291 1547 5347 Si
1581 5292 1752 5348 morti
1781 5292 2049 5347 damnata
2092 5293 2145 5348 si
2174 5297 2273 5348 aut
2301 5310 2488 5350 mem-

1415 5382 1656 5437 brorum
1711 5381 2060 5438 mutilationi
2135 5382 2373 5439 fmmina
2429 5384 2488 5441 in

1413 5473 1580 5526 utero
1601 5472 1866 5543 gestans,
1899 5471 1971 5528 de
1993 5487 2062 5527 ea
2082 5488 2201 5529 non
2230 5473 2331 5529 flat
2353 5471 2484 5546 jus-

1414 5557 1539 5619 titia
1571 5559 1920 5636 priusquam
1945 5562 2306 5635 parturierit.

3561 249 3717 313 1310

3076 502 3284 557 XXXI.

2710 636 2769 690 Si
2797 638 3164 696 latrocinium
3208 645 3508 703 inventum
3536 648 3713 707 fuerit

2639 723 2696 776 in
2730 725 3160 799 cujuscumque
3192 735 3345 786 terra
3380 736 3474 806 sit,
3491 742 3545 791 et
3562 738 3710 795 latro

2638 813 3128 881 simul,l)ominus
3151 824 3323 876 terrae
3337 828 3558 879 etuxor
3574 827 3708 898 ejus

2638 899 2935 956 habebunt
3001 907 3366 964 medietatem
3419 912 3709 971 bonorum

2636 986 2994 1060 Latronis,et
3038 994 3406 1067 clamatores,
3469 1017 3574 1057 seu
3614 1006 3712 1076 qui

2634 1091 2739 1131 res
2758 1094 2898 1134 suas
2934 1090 3228 1153 repetunt,
3254 1103 3361 1142 sua
3394 1091 3621 1161 catalla,
3656 1094 3709 1148 si

2634 1181 2703 1221 ea
2782 1167 3137 1239 invenerint,
3202 1179 3258 1229 et
3338 1178 3707 1236 medietatem

2633 1269 2821 1325 suam,
2857 1257 2909 1310 si
2938 1258 3215 1317 inventus
3247 1262 3591 1321 fueritintra
3609 1268 3709 1323 Sa-

2633 1358 2761 1397 cam
2807 1346 2864 1398 et
2920 1346 3150 1417 Socam,
3200 1352 3406 1420 perdet
3446 1369 3617 1426 uxor,
3651 1358 3710 1411 et

2633 1430 2917 1486 Dominus
2948 1432 3205 1490 habebit.

3046 1586 3283 1643 XXXII.

2700 1730 2783 1785 De
2814 1720 3174 1791 Strewarde
3230 1737 3302 1793 de
3348 1756 3702 1815 unaquaque

2628 1817 2913 1874 Hidarum
2935 1822 3237 1879 Hundredi
3255 1829 3501 1899 quilibet
3526 1831 3702 1889 homo

2626 1904 2777 1959 intra
2809 1906 3023 1963 festum
3055 1914 3245 1966 sancti
3304 1916 3604 1972 Michaelis
3644 1922 3703 1975 et

2626 1994 2817 2048 sancti
2848 1995 3102 2067 Martini,
3135 2001 3191 2054 et
3214 2000 3689 2074 Wardireve,ha-

2624 2080 2787 2137 bebit
2814 2099 2957 2139 xxx.
3007 2085 3177 2143 hides
3208 2090 3438 2159 quietas
3468 2109 3576 2163 pro
3604 2094 3696 2149 la-

2622 2170 2769 2225 bore
2799 2186 2931 2239 suo,
2965 2176 3021 2226 et
3051 2176 3105 2228 si
3136 2179 3353 2247 averia,
3412 2196 3521 2236 seu
3571 2182 3701 2236 ani-

2622 2260 3260 2326 malia.moriantur,vel
3275 2267 3697 2339 periclitentur,

2621 2348 2713 2400 vel
2746 2346 2876 2400 labe
2906 2348 3098 2419 aliqua
3115 2351 3329 2406 infecta
3359 2356 3695 2420 sint,etnon

2619 2437 2811 2506 possit
2841 2438 3092 2509 ostendi,
3125 2441 3436 2497 clamorem
3462 2445 3553 2500 vel
3570 2446 3692 2502 vim

2618 2523 2831 2578 factam
2862 2525 3072 2598 fuisse,
3119 2529 3439 2586 reddantur
3466 2534 3684 2590 averia.

3017 2679 3287 2737 XXXIII.

2684 2825 2795 2891 Qui
2848 2828 3046 2884 colunt
3073 2833 3288 2887 terram
3326 2850 3445 2890 non
3474 2835 3691 2893 debent

2613 2915 2936 2988 molestari,
2954 2922 3348 2991 praeterquam
3376 2923 3449 2978 de
3481 2939 3689 2980 eorum

2614 3006 2772 3059 recto
2805 3020 3010 3061 censu.
3050 3007 3173 3061 Nec
3214 2998 3361 3064 licet
3402 3011 3686 3068 Dominus

2613 3093 2870 3147 cultores
2902 3093 2973 3147 de
3032 3097 3187 3149 terra
3233 3112 3342 3151 sua
3372 3097 3683 3171 dimittere,

2612 3180 2887 3250 quamdiu
2918 3186 3171 3251 possunt
3222 3187 3449 3239 rectum
3490 3187 3684 3241 servi-

2610 3267 2757 3321 tium
2782 3266 2996 3323 facere.
3033 3270 3227 3325 Nativi
3248 3272 3350 3343 qui
3370 3273 3687 3329 discedunt

2612 3369 2644 3407 a
2674 3357 2834 3409 terra
2864 3371 2992 3426 sua,
3027 3361 3081 3411 et
3111 3358 3404 3431 denegant
3425 3362 3685 3417 nativita-

2611 3443 2748 3512 tem,
2799 3445 3137 3514 requirendi
3188 3450 3344 3517 sunt,
3376 3451 3441 3503 ut
3468 3448 3687 3506 faciant

2611 3534 2837 3586 rectum
2909 3548 3084 3587 suum
3139 3536 3466 3606 servitium,
3525 3537 3686 3608 quod

2613 3623 2838 3690 spectat
2866 3621 2939 3675 ad
2954 3623 3172 3676 terram
3190 3639 3377 3678 suam.
3406 3624 3686 3680 Nativum

2611 3709 2711 3778 qui
2754 3708 3005 3763 discedit
3050 3727 3081 3765 a
3111 3714 3265 3766 terra
3323 3712 3479 3768 unde
3508 3717 3684 3770 natus

2610 3799 2722 3865 est,
2755 3800 2812 3851 et
2842 3798 2901 3851 in
2930 3798 3173 3853 alterius
3231 3803 3448 3855 terram
3500 3803 3679 3875 venit,

2608 3884 2806 3939 nullus
2838 3887 3101 3957 retineat,
3126 3903 3235 3943 nec
3261 3905 3395 3943 eum
3425 3890 3682 3963 necejus

2608 3972 2812 4025 catalla
2842 3988 2853 4027 :
2889 3974 2996 4028 sed
3051 3975 3249 4031 redire
3306 3982 3555 4050 cogatur
3607 3979 3683 4034 ad

2606 4057 2939 4113 faciendum
2971 4076 3145 4115 suum
3175 4064 3483 4119 servitium
3508 4067 3681 4136 quale

2605 4147 2676 4201 ad
2700 4162 2831 4203 eum
2865 4153 3110 4219 spectat.
3145 4149 3216 4204 Et
3244 4152 3295 4205 si
3318 4152 3548 4207 Domini
3563 4169 3680 4209 non

2602 4233 2821 4290 faciant
2874 4236 3024 4291 alios
3070 4236 3329 4293 cultores
3358 4239 3584 4309 venire,
3615 4241 3678 4296 in

2602 4338 2805 4379 eorum
2834 4328 3071 4395 terram,
3126 4325 3360 4397 justitia
3389 4327 3448 4383 id
3476 4327 3673 4386 faciat.

2997 4476 3271 4534 XXXIV.

2669 4625 2857 4682 Nemo
2904 4627 3153 4685 Domino
3209 4645 3319 4686 suo
3369 4628 3679 4688 subtrahat

2599 4718 2829 4769 rectum
2864 4717 3172 4772 servitium
3211 4733 3407 4788 suum,
3438 4722 3679 4790 propter

2598 4802 2776 4858 ullam
2806 4804 3222 4862 remissionem
3252 4807 3675 4879 quameiantea

2596 4890 2822 4947 fecerit.

3024 5059 3247 5119 XXXV

2665 5212 2729 5267 Si
2757 5210 2995 5268 foemina
3048 5216 3223 5271 morti
3266 5212 3540 5272 damnata
3569 5213 3671 5288 sit,

2592 5304 2692 5355 aut
2722 5302 3121 5359 membrorum
3158 5302 3497 5378 diﬁ'actioni,
3560 5322 3675 5363 seu

2592 5387 2960 5460 mutilationi,
3002 5393 3060 5445 et
3086 5391 3335 5463 gravida
3366 5393 3465 5465 sit,
3497 5392 3571 5449 de
3600 5409 3673 5450 ea

2589 5490 2707 5532 non
2736 5476 2837 5533 flat
2850 5476 3101 5556 justitia,
3125 5481 3473 5556 priusquam
3493 5481 3671 5543 enixa

2588 5561 2784 5624 fuerit.
2889 5555 2903 5569 ’
