4048 6164
460 260 609 320 1311

866 456 1131 512 XXXVI.

537 582 607 636 Si
636 581 804 634 home
837 583 988 631 mort
1021 589 1164 628 sans
1213 571 1447 637 devise,
1489 567 1545 620 si

464 673 776 742 departent
805 667 893 721 [es
923 663 1133 719 enfans
1159 660 1193 713 1’
1202 659 1356 712 e'rite
1371 662 1542 710 cntre

462 759 555 812 sei
577 772 690 828 per
719 772 760 826 ,γ
773 752 922 808 vve].

853 881 1148 938 XXXVII.

535 1000 606 1054 Si
633 1000 843 1070 lepore
866 997 1076 1050 truitet
1093 1009 1157 1046 sa
1171 989 1269 1045 iiIe
1284 1004 1354 1042 θη
1379 984 1538 1040 avul-

465 1091 620 1144 terie
651 1105 722 1142 θη
755 1103 820 1140 sa
845 1085 1092 1150 maison,
1134 1098 1168 1132 v
1199 1095 1270 1133 en
1305 1076 1358 1130 la
1392 1075 1540 1129 mai-

469 1193 574 1231 son
613 1177 686 1230 de
724 1191 828 1228 son
859 1171 1108 1244 gendre,
1143 1168 1257 1221 ben
1303 1164 1348 1217 1i
1387 1163 1542 1216 Iaust

465 1280 606 1319 cure
634 1262 760 1332 [a].,
785 1261 968 1327 ocire]
992 1255 1324 1311 i’avultere.

859 1491 1160 1548 XXXVIII

535 1634 606 1688 Si
633 1632 800 1685 liome
823 1620 1222 1696 enpuissuned
1239 1615 1542 1686 attre,seit

470 1723 646 1789 occis,
675 1737 710 1774 ν
721 1712 1078 1790 permanabl
1082 1708 1273 1766 ement
1289 1708 1344 1762 ei
1349 1707 1435 1760 ssi
1441 1705 1537 1758 ne.

476 1807 748 1880 Lojettai
773 1819 875 1858 vos
904 1801 1118 1854 cliosez
1133 1812 1246 1867 por
1276 1807 1449 1848 cause
1468 1789 1542 1844 de

463 1903 638 1963 mort,
699 1901 756 1947 et
797 1892 870 1945 de
918 1905 984 1942 eo
1012 1886 1134 1954 [a].,
1189 1884 1318 1948 eeo]
1351 1895 1423 1933 ne
1448 1892 1540 1931 me

461 1999 613 2056 poez
641 1979 966 2051 emplaider
991 1992 1001 2028 :
1030 1975 1140 2026 [rar
1159 1971 1298 2025 Ieist
1331 1985 1360 2021 a
1383 1967 1540 2020 faire

467 2072 715 2140 damage
747 2084 777 2120 a
799 2065 953 2120 a1tre
968 2078 1084 2134 pur
1105 2075 1256 2131 pour
1277 2056 1350 2110 de
1363 2059 1537 2120 mort,

467 2165 643 2231 quant
687 2155 895 2228 pareIe
927 2168 999 2205 ne
1024 2155 1124 2221 pot
1156 2146 1462 2215 eschaper.
1486 2141 1541 2194 E

465 2249 522 2302 si
553 2247 626 2302 de
656 2261 722 2312 co
750 2259 841 2297 me
871 2254 1104 2295 inescez
1133 2236 1230 2308 qui
1252 2250 1368 2305 pur
1390 2246 1542 2303 pour

467 2335 543 2388 de
599 2338 750 2386 mort
800 2328 902 2382 ne]
932 2327 1119 2380 fcisse
1168 2322 1241 2376 de
1284 2335 1350 2386 co
1382 2333 1539 2372 mes-

459 2420 712 2493 priorai,
739 2434 770 2472 θ
801 2418 891 2471 les
909 2415 1118 2468 choses
1149 2409 1245 2482 qui
1278 2414 1414 2462 sunt
1439 2421 1539 2461 re-

467 2512 650 2564 mises
681 2524 752 2562 en
785 2506 841 2560 1e
873 2503 990 2568 nel‘,
1038 2501 1234 2555 scient
1272 2496 1543 2567 departis

471 2613 544 2651 en
568 2609 825 2660 comune,
860 2591 1027 2644 sulun
1074 2587 1164 2641 les
1208 2583 1454 2640 chalcls.
1488 2583 1543 2636 E

468 2686 525 2738 si
557 2683 724 2738 alcun
765 2679 966 2736 iotlied
1025 2677 1113 2730 les
1157 2672 1384 2728 chatels
1414 2671 1543 2726 fors

472 2773 545 2827 de
572 2772 627 2826 1a
657 2770 920 2826 nefsenz
949 2763 1279 2834 buzun,s‘il
1305 2759 1538 2815 rendet.

872 2960 1143 3017 XXXIX.

538 3116 698 3172 Dous
728 3117 864 3168 sunt
881 3123 1214 3183 parceners
1244 3107 1377 3161 d‘un
1417 3104 1542 3159 cri-

470 3207 625 3274 chet,
661 3220 692 3257 e
739 3209 829 3256 est
881 3200 999 3254 I’un
1059 3195 1348 3268 cmplaidé
1399 3210 1543 3248 sanz

464 3291 682 3358 I’altre,
717 3295 774 3343 et
801 3303 914 3358 per
936 3303 1000 3340 sa
1025 3285 1166 3339 folie
1197 3283 1253 3337 si
1283 3287 1445 3353 pert,
1472 3296 1544 3334 ne

469 3381 560 3434 dit
583 3379 707 3447 [3].,
741 3378 888 3443 dcit]
913 3390 1026 3446 per
1052 3389 1118 3439 co
1154 3370 1351 3425 l‘altre
1381 3376 1547 3424 estre

458 3466 740 3538 perdant,
790 3463 856 3514 ki
882 3464 1133 3531 present
1167 3473 1239 3511 ne
1271 3455 1373 3510 Iud
1416 3455 1540 3522 [a].,

469 3552 615 3620 fust]
641 3570 651 3605 :
675 3551 801 3604 Kar
827 3548 1107 3618 iosejuge
1138 3552 1310 3599 cntre
1333 3559 1453 3609 eus,
1473 3559 1546 3597 ne

469 3637 600 3692 fors
643 3639 791 3709 juge
844 3634 1082 3706 pas/es
1118 3633 1304 3686 altres
1360 3631 1426 3684 ki
1474 3646 1546 3685 ne

469 3731 607 3780 sunt
636 3742 666 3780 a
697 3729 967 3796 present.

943 3916 1068 3990 XL.

1485 4023 1512 4054 \

544 4113 640 4170 Ci]
666 4113 762 4186 qui
776 4115 979 4166 tenent
1000 4108 1096 4162 Iur
1111 4113 1281 4162 terre
1295 4122 1326 4161 a
1342 4120 1544 4174 cense,

467 4205 584 4260 soit
613 4202 708 4257 lur
737 4201 896 4256 droit
925 4195 1160 4253 releii‘a
1194 4201 1319 4250 tant
1352 4211 1478 4249 cum
1511 4209 1543 4247 a

469 4309 649 4350 cense
673 4297 764 4347 est
786 4291 920 4345 d’un
953 4305 1042 4342 an.

931 4475 1082 4532 XLI.

539 4628 1034 4686 Ententivement
1077 4639 1145 4678 se
1177 4623 1547 4694 purpensent

471 4722 555 4777 ci]
583 4719 679 4792 qui
707 4717 798 4771 Ies
824 4715 1161 4786 jugementz
1180 4717 1280 4765 unt
1311 4710 1342 4764 ἑ
1371 4708 1550 4780 faire,

473 4817 570 4885 qut
638 4810 694 4863 si
749 4807 985 4878 jugent,
1048 4818 1173 4856 cum
1247 4799 1542 4867 desirent,

471 4903 647 4971 quant
671 4895 718 4948 i1
735 4895 899 4948 dient
923 4909 933 4945 :
956 4889 1190 4943 Dimitte
1204 4885 1378 4940 nobis
1405 4901 1546 4954 pec-

470 4991 597 5041 cata
615 4986 838 5052 nostra,
863 4987 919 5036 et
943 4993 1088 5033 nous
1109 4975 1396 5031 dsendum
1419 4973 1518 5041 [a1.
1533 5016 1546 5042 ,

469 5074 807 5130 desendons
890 5067 986 5123 vel
1059 5064 1391 5130 desendun]
1449 5063 1546 5134 qui

470 5163 608 5215 1'um
643 5158 952 5213 Christien
1002 5153 1130 5208 fors
1169 5152 1242 5205 de
1292 5151 1347 5203 la
1383 5155 1549 5202 terre

476 5266 549 5303 ne
577 5248 763 5301 vende
805 5249 900 5316 (5),
947 5245 1077 5298 n’en
1117 5241 1429 5296 surchetut
1476 5253 1549 5292 en

464 5337 602 5408 pnis
635 5352 722 5388 um
772 5350 844 5388 ne
886 5338 1039 5386 wart
1072 5331 1226 5400 1’um,
1283 5329 1382 5400 qui
1413 5327 1550 5381 1’um

472 5425 686 5478 I'amne
709 5438 782 5476 ne
806 5421 1015 5492 perde,
1044 5421 1141 5492 qui
1158 5419 1249 5472 Du
1279 5418 1551 5472 racliatat

476 5512 553 5566 dc
567 5527 630 5565 sa
651 5512 761 5564 vie.
773 5510 846 5563 lxi
861 5515 978 5562 tort
993 5508 1083 5562 ele
1095 5523 1253 5575 vera,
1277 5506 1552 5578 vfausju-

471 5616 607 5672 gem
615 5605 714 5655 ent
726 5597 822 5651 l'ra
829 5612 944 5667 per
961 5612 1177 5649 curruz
1189 5611 1261 5649 ne
1276 5609 1390 5666 per
1400 5595 1474 5649 lia
1482 5611 1549 5647 η-

550 5695 630 5776 (5)
657 5695 750 5756 L1.
782 5692 919 5751 Vill.
953 5690 1163 5748 Latine
1195 5706 1248 5748 ο.
1280 5690 1369 5747 65.
1403 5691 1478 5748 al.
1501 5707 1560 5750 ν.

1607 238 2046 301 WILLELMI
2093 233 2732 307 CONQUESTORIS

2053 416 2320 471 XXXVI.

1787 508 1875 561 De
1915 507 2335 560 Intestatorum
2386 503 2577 558 bonis.

1717 595 1779 648 Si
1811 595 1947 665 quis
1980 595 2292 647 intestatus
2313 589 2722 658 obierit,liberi

1648 683 1783 753 ejus
1815 681 2220 736 haereditatem
2241 678 2547 749 mqualiter
2577 677 2723 730 divi-

1647 772 1804 825 danL

2036 839 2250 894 XXXV
2260 839 2308 891 II
2319 880 2330 891 .

1648 912 1736 966 De
1754 911 2023 966 adultera
2056 927 2086 963 a
2107 916 2280 980 patre
2325 907 2719 978 deprehensa.

1718 1000 1778 1054 Si
1832 1003 1996 1070 pater
2051 995 2505 1068 deprehenderit
2544 994 2723 1048 ﬁliam

1645 1089 1705 1142 in
1736 1087 2020 1143 adulterio
2080 1088 2138 1140 in
2187 1087 2357 1140 domo
2393 1100 2500 1138 sua
2532 1099 2638 1135 seu
2665 1083 2722 1135 in

1647 1177 1819 1230 domo
1851 1176 2057 1247 generi
2090 1175 2205 1242 sui,
2260 1174 2410 1227 bene
2440 1171 2641 1226 licebit
2671 1171 2724 1224 ei

1647 1281 1807 1332 oure,
1844 1264 1996 1335 [lege
2053 1262 2258 1317 forsan
2309 1259 2528 1331 accire]
2557 1258 2720 1313 occi-

1647 1352 1790 1407 dere
1812 1351 2162 1405 adulterum.

2024 1445 2350 1502 XXXVIII.

1645 1547 1926 1614 DeJactu,
1941 1544 2096 1599 velut
2113 1540 2720 1614 adLegemB/zodiam.

1717 1636 1777 1689 Si
1822 1635 1956 1706 quis
2009 1649 2080 1687 en
2113 1631 2442 1704 puissuned
2477 1630 2724 1682 alterum

1647 1725 1722 1778 sit
1741 1724 1978 1778 occisus
2009 1724 2106 1775 aut
2123 1737 2228 1790 per
2246 1718 2724 1772 manhablement

1647 1811 1898 1879 eissille,
1951 1808 2295 1880 egojecero
2341 1822 2443 1860 res
2487 1808 2620 1859 tuas
2651 1804 2721 1858 de

1644 1899 1774 1953 navi
1809 1898 1884 1952 ob
1937 1901 2155 1951 metum
2202 1897 2429 1963 mortis,
2489 1893 2562 1947 de
2612 1893 2726 1946 hoc

1644 2004 1759 2041 non
1791 1989 1961 2057 potes
2023 2000 2114 2037 me
2154 1983 2538 2053 implacitare.
2573 1981 2724 2033 Nam

1644 2077 1782 2128 licet
1838 2074 2008 2127 alteri
2067 2073 2343 2126 damnum
2399 2069 2617 2123 inferre
2649 2067 2722 2122 ob

1645 2164 1850 2218 mortis
1879 2166 2096 2216 metum
2129 2161 2362 2231 quando
2397 2158 2723 2227 periculum

1645 2255 1894 2309 evadere
1925 2268 2043 2306 non
2091 2254 2301 2322 potest,
2339 2254 2395 2304 et
2425 2249 2475 2302 si
2509 2248 2579 2301 de
2613 2247 2725 2300 hoc

1644 2357 1736 2396 me
1766 2356 1997 2395 messes
2026 2339 2184 2410 quod
2215 2338 2289 2393 ob
2322 2339 2540 2390 metum
2572 2351 2726 2388 mor-

1643 2433 1721 2484 tis
1755 2429 1857 2483 nel
1881 2427 2068 2483 fcisse
2100 2427 2174 2481 de
2204 2442 2270 2479 co
2292 2424 2648 2495 mespriorai
2669 2427 2727 2475 et

1646 2535 1712 2573 ea
1743 2534 1874 2588 quae
1901 2517 1958 2570 in
1989 2515 2126 2570 navi
2148 2512 2727 2568 restantdividantur

1646 2607 1704 2659 in
1736 2604 2029 2658 communi
2062 2602 2391 2657 secundum
2420 2599 2726 2667 Catalla,et

1653 2693 1703 2747 si
1734 2693 1868 2762 quis
1893 2691 2108 2761 jecerit
2140 2688 2358 2742 Catalla
2413 2691 2579 2741 extra
2618 2702 2726 2739 na-

1647 2783 1787 2848 vim,
1822 2779 2053 2850 quando
2087 2777 2420 2832 necessitas
2443 2792 2557 2830 non
2590 2789 2726 2828 exe-

1648 2868 1818 2940 gerit,
1855 2883 1921 2921 ea
1952 2867 2244 2920 restituat.

2053 2959 2325 3014 XXXIX.

1647 3051 1736 3106 De
1767 3050 1998 3105 Judicio
2030 3049 2091 3101 in
2143 3047 2363 3102 socium
2395 3043 2723 3100 absentem.

1721 3140 1846 3193 Duo
1871 3139 2009 3192 sunt
2032 3136 2352 3207 participes
2384 3134 2561 3187 unius
2601 3132 2729 3186 Cri-

1649 3225 1806 3293 cbet,
1839 3227 1896 3278 et
1925 3238 2078 3276 unus
2102 3237 2308 3276 eorum
2331 3219 2726 3288 implacitatus

1650 3311 1826 3365 fuerit
1873 3311 2099 3380 absque
2157 3309 2368 3375 altero,
2400 3306 2499 3376 qui
2531 3304 2726 3374 negli-

1650 3397 1845 3469 gentia
1868 3412 1975 3451 sna
2006 3395 2219 3465 perdit;
2244 3409 2361 3448 non
2393 3392 2528 3445 inde
2551 3391 2727 3444 debet

1651 3487 1925 3540 damnum
1957 3484 2168 3537 cedere
2191 3482 2358 3536 alteri
2389 3481 2487 3551 qui
2507 3480 2728 3533 absens

1651 3575 1778 3628 fuit.
1812 3575 1960 3628 Nam
1989 3572 2147 3642 quod
2170 3570 2500 3641 judicatum
2524 3567 2728 3622 estin-

1649 3664 1740 3715 ter
1771 3675 1874 3714 eos
1907 3674 2024 3712 non
2046 3658 2222 3711 debet
2241 3655 2632 3727 praejudieare
2653 3653 2727 3707 iis

1650 3750 1749 3818 qui
1783 3749 2064 3802 absentes
2095 3746 2352 3800 fuerunt.

2131 3843 2256 3896 XL.

1647 3939 1735 3993 De
1785 3938 2033 3994 Relevio
2082 3953 2281 3991 eorum
2332 3936 2429 4007 qui
2477 3935 2732 3989 citentes

1916 4042 2154 4081 censum
2168 4025 2457 4096 pendunt.

1722 4114 1938 4169 Eorum
1970 4115 2069 4184 qui
2118 4113 2386 4167 Fundum
2447 4127 2622 4165 suum
2654 4114 2732 4165 te-

1649 4204 1790 4256 nent
1817 4201 1890 4255 ad
1918 4201 2198 4270 Censum,
2237 4201 2316 4254 sit
2346 4202 2575 4254 rectum
2609 4199 2729 4253 Re-

1650 4290 1870 4344 levium
1911 4292 2133 4344 tantum
2162 4290 2446 4360 quantum
2507 4302 2728 4341 census

1654 4393 1888 4432 annuus
1920 4380 2031 4432 est.

2116 4446 2266 4500 XLI.

1917 4536 2005 4590 De
2045 4535 2320 4590 Judiciis.

1724 4623 1904 4677 Caute
1980 4622 2344 4693 prospicient
2417 4621 2458 4674 ii
2515 4619 2732 4690 quibus

1657 4725 1796 4764 cura
1826 4709 2112 4762 incumbit
2155 4707 2378 4778 judicia
2411 4707 2633 4774 facere,
2671 4699 2734 4759 u't

1647 4795 1917 4867 judicent
1974 4795 2055 4846 uti
2112 4796 2314 4863 petunt
2365 4793 2597 4863 quando
2649 4792 2733 4845 di-

1658 4887 1827 4939 cunt:
1862 4882 2110 4936 Dimitte
2142 4882 2315 4935 nobis
2355 4881 2559 4936 debita
2596 4897 2733 4934 nos-

1659 4978 1773 5039 tra,
1790 4969 2241 5039 etprohibemus
2256 4985 2330 5023 ne
2345 4970 2419 5023 ho
2431 4985 2519 5022 mo
2534 4967 2735 5022 Chris-

1657 5061 1851 5112 tianus
1893 5061 2056 5112 extra
2109 5062 2323 5111 terram
2379 5073 2493 5112 non
2525 5057 2738 5118 vendat

1661 5160 1774 5199 nen
1795 5145 2106 5198 surclietut
2149 5160 2220 5197 en
2247 5145 2738 5213 paisumnevvart

1659 5233 1774 5287 lum
1793 5232 1949 5303 quod
1973 5232 2146 5286 homo
2170 5233 2422 5284 animam
2441 5247 2607 5284 suam
2623 5246 2738 5284 non

1660 5321 1865 5391 perdat
1895 5335 2069 5391 quam
2102 5321 2260 5373 Deus
2293 5319 2412 5374 vita
2442 5335 2548 5372 sua
2581 5319 2744 5392 rede_

1660 5410 1783 5479 mit,
1817 5409 1916 5480 qui
1983 5409 2261 5480 injuriam
2319 5409 2595 5464 eslevera
2642 5425 2744 5477 aut

1662 5501 2176 5573 falsumjudicium
2193 5501 2286 5558 fra
2310 5521 2428 5576 pur
2441 5521 2658 5560 curruz
2670 5519 2743 5560 ne

1656 5609 1774 5668 pur
1803 5593 1999 5666 [lange
2031 5609 2070 5650 γ
2085 5610 2205 5668 pur
2234 5595 2406 5650 aveir
2439 5596 2515 5650 sit
2558 5596 2617 5651 in
2649 5595 2741 5651 fo-

3699 237 3818 297 1312

3235 439 3489 493 XXXVI.

2907 551 2968 605 Si
2999 553 3132 622 quis
3166 553 3467 607 intestatus
3482 556 3820 624 obierit,1iberi

2836 643 2970 712 ejus
3018 642 3414 696 haereditatem
3443 660 3509 697 ex
3535 660 3682 715 aequo
3707 648 3818 700 divi-

2835 734 2991 787 dent

3223 885 3506 939 XXXVII.

2907 1026 2967 1080 Si
2998 1030 3162 1094 pater
3217 1024 3646 1094 deprehenderit
3692 1027 3823 1080 ﬁliam

2837 1114 2893 1166 in
2925 1114 3214 1168 adulterio
3246 1115 3298 1165 in
3344 1114 3508 1166 domo
3538 1129 3648 1180 sua,
3677 1131 3762 1167 seu
3783 1116 3822 1167 in

2837 1203 3006 1256 domo
3034 1201 3238 1272 generi
3298 1200 3412 1268 sui,
3444 1199 3581 1252 bene
3609 1200 3764 1253 licebit
3786 1201 3823 1254 ei

2836 1291 3164 1345 adulterum
3210 1283 3497 1343 occidere.

3211 1432 3530 1486 XXXVIII.

2907 1575 2968 1630 Si
3001 1575 3135 1644 quis
3192 1574 3440 1627 alterum
3489 1571 3826 1640 impotionave-

2836 1664 2928 1731 rit,
3005 1662 3409 1730 interﬁciatur,
3478 1662 3563 1714 vel
3616 1663 3826 1730 perpetuo

2837 1751 3010 1805 exilio
3042 1751 3372 1804 damnetur.
3409 1749 3530 1820 Ego
3565 1747 3736 1816 jeccro
3762 1763 3826 1800 res

2836 1843 2965 1892 tuas
2997 1838 3091 1906 (de
3123 1839 3280 1906 navi)
3315 1839 3390 1892 ob
3423 1839 3623 1890 metum
3659 1835 3826 1896 mortis,

2838 1928 2908 1980 de
2941 1927 3054 1980 hoc
3077 1942 3192 1980 non
3222 1929 3398 1994 potes
3413 1940 3500 1977 me
3523 1923 3825 1991 implacitare.

2839 2015 2988 2067 Nam
3014 2015 3175 2068 Licet
3197 2014 3368 2067 alteri
3391 2013 3645 2066 damnum
3667 2009 3825 2062 inferre

2839 2105 2912 2156 ob
2944 2103 3151 2157 mortis
3184 2106 3428 2170 metum,
3462 2099 3670 2171 quando
3714 2097 3830 2149 aliter

2837 2192 3162 2259 periculum
3202 2190 3385 2243 vitari
3441 2205 3549 2242 non
3593 2181 3833 2256 potest.Et

2838 2281 2888 2334 si
2923 2280 2993 2332 de
3049 2280 3158 2333 hoc
3217 2277 3588 2347 probaveris,
3637 2271 3760 2344 quod
3782 2271 3831 2324 ob

2830 2370 3046 2420 metum
3107 2365 3318 2418 mortis
3362 2365 3420 2417 id
3472 2378 3581 2416 non
3632 2358 3827 2421 fecerim,

2831 2454 2902 2507 de
2935 2453 3047 2507 hoc
3079 2469 3171 2507 me
3228 2451 3697 2521 misprenderem,
3723 2450 3766 2499 et
3787 2460 3832 2497 ea

2832 2557 2964 2610 quae
2989 2541 3046 2593 in
3076 2540 3208 2593 navi
3234 2543 3558 2604 remanent,
3577 2533 3834 2588 dividantur

2834 2629 2887 2680 in
2919 2628 3213 2681 communi
3275 2625 3598 2680 secundum
3635 2617 3831 2674 Catalla:

2834 2713 2906 2767 Et
2937 2716 2989 2768 si
3034 2715 3168 2784 quis
3222 2713 3445 2784 jecerit
3488 2708 3682 2766 Catalla
3723 2708 3836 2758 extra

2834 2804 3050 2858 navim.
3067 2803 3223 2857 nulla
3237 2803 3516 2873 exigente
3535 2795 3834 2857 necessitate,

2835 2907 2903 2946 ea
2935 2893 3222 2946 restituet.

3236 3029 3507 3084 XXXIX.

2907 3173 3033 3226 Duo
3065 3173 3202 3225 sunt
3241 3151 3556 3239 participes
3586 3163 3736 3218 unius
3758 3158 3838 3211 Cri-

2835 3260 3010 3328 cheti,
3045 3263 3100 3313 et
3121 3274 3280 3312 unus
3300 3273 3504 3312 eorum
3526 3251 3838 3322 implacitatur

2834 3347 3060 3416 absque
3075 3345 3283 3414 altero,
3300 3347 3358 3399 et
3380 3360 3483 3413 per
3497 3334 3838 3410 negligentiam

2835 3452 3004 3491 suam
3035 3435 3245 3505 perdit,
3273 3449 3394 3488 non
3417 3431 3582 3486 debet
3601 3427 3838 3498 propterea

2835 3527 2984 3579 alter
3019 3524 3291 3595 perdere,
3345 3523 3444 3593 qui
3495 3529 3734 3588 praesens
3759 3521 3839 3562 non

2835 3613 2977 3668 fuit:
3010 3628 3142 3665 nam
3175 3627 3273 3665 res
3323 3611 3474 3663 inter
3523 3622 3619 3660 eos
3641 3598 3841 3673 judicata

2838 3716 2955 3753 non
2987 3698 3368 3769 forisjudicat
3423 3695 3568 3748 alios
3620 3689 3703 3760 qui
3729 3698 3840 3755 prae-

2839 3792 3042 3842 sentes
3072 3801 3189 3840 non
3230 3785 3487 3838 fuerunt.

3313 3937 3440 3990 XL.

2906 4084 3126 4138 Eorum
3156 4080 3257 4151 qui
3288 4079 3488 4132 tenent
3509 4077 3703 4128 terram
3720 4075 3843 4119 suam

2835 4173 2910 4227 ad
2938 4185 3206 4237 censum,
3243 4169 3321 4223 sit
3348 4167 3570 4221 rectum
3623 4153 3843 4212 relevium

2835 4267 3056 4318 tantum
3111 4265 3394 4332 quantum
3425 4265 3644 4310 annuus
3679 4251 3844 4300 census

2839 4356 2950 4407 est.

3299 4458 3455 4513 XLI.

2907 4616 3087 4671 Caute
3121 4611 3505 4684 prospiciant,
3539 4611 3756 4674 quorum
3781 4591 3841 4643 est

2833 4705 3057 4778 judicia
3090 4703 3306 4768 facere,
3323 4691 3844 4778 utjudicent,_quem-

2839 4768 3153 4846 admodum
3187 4788 3444 4858 capiunt,
3500 4793 3625 4835 cum
3658 4768 3839 4827 dicunt:

2838 4881 3089 4935 Dimitte
3145 4875 3318 4931 nobis
3389 4873 3619 4942 peccata
3671 4860 3838 4942 nostra.

2840 4970 3160 5026 Statuimus
3195 4938 3406 5036 igitur—
3429 4973 3498 5011 ne
3527 4953 3650 5025 quis
3701 4938 3843 4998 homi-

2841 5073 2974 5111 nem
3031 5051 3430 5108 Christianum
3486 5044 3638 5096 extra
3680 5037 3840 5085 terram

2841 5144 3076 5210 vendat,
3111 5155 3178 5192 ac
3229 5131 3557 5205 praesertim
3612 5125 3662 5176 in
3689 5133 3742 5172 ea
3763 5126 3840 5210 ρει·

2841 5235 2952 5288 tria
2984 5232 3082 5286 ubi
3142 5243 3255 5281 non
3310 5226 3545 5277 cavetur
3599 5226 3663 5266 ne
3699 5201 3841 5258 anima

2843 5321 3140 5392 perdatur,
3193 5327 3368 5384 quam
3426 5309 3576 5360 Deus
3619 5297 3720 5349 vita
3763 5296 3841 5378 sua

2846 5387 3115 5463 redemit.
3192 5400 3304 5464 Qui
3405 5387 3840 5472 injuriamueiwl-

2846 5495 3071 5560 taverit,
3154 5490 3249 5544 vel
3329 5483 3541 5538 falsum
3614 5468 3841 5560 judicium

2850 5548 3070 5640 iéeéiit'
3116 5580 3203 5635 ira
3260 5573 3354 5631 vel
3409 5569 3555 5637 odio,
3618 5557 3698 5614 vel
3744 5548 3840 5606 data
