4090 6162
460 348 626 420 1816

464 545 525 605 le
556 550 742 604 tenue
778 548 853 605 de
901 549 980 622 vj.
1037 553 1192 609 meis
1240 569 1423 612 avres
1464 569 1533 624 eo

465 634 566 710 qui
592 634 807 693 l'aveir
835 635 902 695 fu
930 638 1143 696 emblé.

921 858 1083 920 XLV

529 1021 592 1080 Ε
616 1022 679 1080 al
700 1023 822 1098 [aly
856 1018 954 1100 cil]
988 1026 1086 1100 qui
1122 1032 1217 1083 est
1262 1026 1456 1096 recite,
1491 1042 1526 1086 e

463 1112 830 1169 testimouiet
849 1114 924 1169 de
953 1113 1169 1186 Ieaute,
1205 1120 1264 1170 et
1293 1115 1350 1171 le
1373 1115 1527 1186 plait

461 1202 593 1254 tre:
620 1198 742 1255 [bis
771 1200 1022 1273 esclmit,
1049 1206 1109 1256 et
1136 1201 1198 1256 a1
1215 1209 1387 1275 quart
1405 1218 1528 1256 mu-

458 1287 660 1340 streut
686 1285 735 1340 1i
764 1299 1079 1344 sumeuour
1118 1287 1194 1344 de
1233 1303 1335 1344 ses
1374 1290 1529 1345 treis

457 1367 745 1441 defautejs,
780 1385 996 1432 aucore
1034 1373 1095 1429 16
1137 1375 1351 1431 mande
1387 1375 1526 1435 l’um

454 1457 556 1532 qui
580 1457 633 1511 il
645 1458 823 1532 plege
863 1464 1030 1515 truse
1060 1460 1182 1534 [al.,
1232 1461 1445 1537 truve],
1491 1478 1524 1519 e

458 1544 673 1618 vieuge
702 1562 735 1601 a
767 1563 800 1602 a
830 1546 993 1603 dreit
1025 1568 1043 1603 :
1077 1554 1136 1603 et
1156 1549 1257 1605 s’il
1283 1565 1358 1606 ne
1385 1550 1521 1622 volt,

449 1631 513 1690 εἰ
536 1647 613 1689 ue
640 1634 726 1690 uit
750 1633 888 1689 l’um
925 1634 1023 1689 vii'
1039 1652 1070 1690 γ
1089 1643 1262 1706 mort,
1286 1638 1344 1693 si
1350 1652 1526 1709 preu-

448 1732 528 1794 ge
551 1718 688 1777 l'um
706 1735 971 1794 quanque
997 1722 1047 1777 il
1074 1724 1166 1791 ad,
1205 1739 1238 1779 e
1258 1726 1315 1779 si
1329 1725 1521 1781 reude

447 1804 587 1867 l'um
617 1807 678 1863 al
701 1808 1071 1882 cbalaugeur
1097 1825 1206 1866 sun
1239 1812 1453 1882 chalel,
1489 1828 1521 1868 6

449 1892 500 1952 Ii
523 1893 825 1956 Sireaitla
852 1898 1054 1953 meite.
1081 1897 1516 1955 Delremauant

451 1981 593 2040 etle
611 1983 888 2040 hundred
905 1984 961 2039 1a
982 1985 1102 2040 mei
1110 1987 1186 2040 te.
1218 1986 1299 2039 Et
1337 1988 1393 2041 si
1423 1987 1527 2041 nul

444 2075 664 2144 parent
696 2071 1042 2133 n'amicetts
1062 2073 1279 2144 iustise
1311 2073 1516 2130 defor-

451 2163 605 2225 oaut,
631 2159 827 2214 seieut
845 2158 1058 2216 Iori‘eit
1087 2175 1160 2216 eu
1171 2176 1310 2216 vers
1341 2161 1385 2214 li
1405 2162 1518 2218 Hei

449 2243 527 2303 de
558 2245 635 2317 vj.
667 2245 775 2316 lib,
807 2261 842 2303 e
877 2252 1165 2320 quergeut
1205 2246 1328 2319 [al.,
1366 2264 1514 2319 que-

447 2330 678 2405 rent]le
731 2333 905 2390 laruu
939 2335 1072 2390 n’eu
1111 2336 1211 2406 qui
1230 2337 1441 2406 poesté
1468 2335 1518 2389 i1

447 2418 567 2476 seit
615 2418 803 2490 trové,
848 2419 998 2476 n'eit
1041 2419 1299 2474 Vvaraut
1327 2421 1403 2474 de
1448 2435 1514 2475 sa

453 2503 570 2575 vis,
603 2517 678 2560 ne
701 2518 817 2576 per
844 2505 1135 2562 defensed
1154 2505 1316 2578 plait
1372 2506 1517 2561 u’ait

447 2603 578 2653 ωοθ
602 2604 745 2649 ι’κο
754 2605 915 2647 γιον.

887 2809 1072 2866 XLVI

515 2998 594 3070 (6)
608 2997 734 3056 Nul
748 3014 824 3055 ue
849 2996 1043 3056 receit
1072 3000 1203 3056 boui
1237 3000 1392 3058 ultre
1412 3002 1505 3073 iii.

446 3088 602 3157 uuis,
651 3087 708 3144 si
766 3088 990 3160 til[al.,
1024 3088 1123 3161 cit]
1186 3104 1260 3145 ne
1297 3089 1350 3143 li
1406 3106 1505 3145 eo-

446 3174 621 3334 mailid
648 3174 723 3231 od
751 3175 849 3246 qui
877 3174 928 3228 il
941 3173 1065 3230 fast
1094 3175 1231 3230 aniz
1256 3174 1380 3247 (al..
1414 3188 1513 3230 ve-

462 3260 550 3318 nit
573 3299 589 3316 .

865 3407 1079 3464 XLVII

512 3547 609 3605 Ne
634 3548 768 3604 auls
796 3564 870 3604 ne
899 3548 1007 3602 lait
1025 3563 1136 3603 suu
1174 3549 1310 3603 bum
1341 3549 1416 3605 de
1452 3549 1502 3603 Ii

444 3642 659 3715 parti):
680 3641 819 3713 plus
839 3640 981 3713 qu’il
1007 3646 1101 3696 est
1120 3642 1276 3697 rete.

852 3839 1088 3898 XLVIII

512 4007 590 4080 (7)
616 4007 674 4063 E
701 4006 799 4080 qui
828 4006 1001 4061 larun
1033 4012 1338 4077 encoutre,
1364 4021 1512 4064 sanz

444 4093 563 4169 [al.,
597 4093 761 4167 saus]
784 4095 881 4167 qui
901 4110 933 4148 a
952 4095 1143 4149 acieut
1160 4095 1205 4147 li
1226 4096 1334 4149 leit
1356 4095 1504 4150 aler.

444 4185 499 4238 si
524 4182 813 4238 l'amende
857 4197 889 4236 a
917 4182 974 4235 la
1013 4180 1277 4235 vailauce
1309 4181 1381 4235 de
1411 4182 1503 4236 la-

444 4286 574 4342 ruu,
615 4286 680 4325 va
707 4285 776 4325 se
804 4270 1117 4341 n‘eSpurge
1143 4284 1260 4339 per
1290 4269 1508 4340 pleuer

443 4357 522 4415 lei
555 4359 653 4431 qui
677 4358 730 4412 il
768 4357 938 4412 larou
984 4357 1087 4412 uel
1120 4362 1271 4412 sout.
1305 4356 1386 4410 Et
1439 4357 1508 4411 1ίί

442 4444 498 4504 le
515 4448 609 4503 eri
627 4450 779 4516 orat,
798 4449 859 4501 et
887 4460 1155 4514 sursera,
1184 4443 1242 4498 la
1274 4445 1507 4500 surcise

442 4531 486 4592 Ii
522 4534 637 4593 Rei
674 4533 905 4604 emend,
957 4549 995 4588 ν
1029 4533 1154 4589 s'eu
1194 4538 1503 4605 espurget.

874 4734 1067 4796 xux
1152 4816 1159 4821 ρ

506 4940 566 4999 E
586 4941 842 4999 obaseun
858 4938 1113 4996 Seniour
1142 4940 1229 4995 ei!
1246 4954 1353 4996 son
1388 4941 1504 4998 Se-

443 5032 620 5103 riaut,
657 5047 695 5084 ν
718 5045 828 5085 sun
849 5028 1044 5101 plege,
1071 5028 1130 5100 qi
1157 5028 1215 5083 si
1235 5035 1338 5083 net
1367 5032 1504 5087 rete

443 5119 537 5192 qui
566 5119 649 5174 ait
670 5133 703 5174 a
719 5117 883 5175 dreit
911 5115 972 5173 el
994 5114 1293 5174 Huudret.

947 5317 1000 5374 L

512 5489 585 5548 Si
597 5492 690 5549 est
702 5501 912 5546 aseons
929 5488 1027 5561 qui
1041 5488 1261 5546 blamet
1271 5489 1411 5560 seit,
1430 5489 1507 5548 de

533 5603 591 5676 6)
615 5603 688 5660 V.
710 5602 829 5658 LL.
853 5601 998 5657 Edv.
1029 5600 1194 5658 Conf.
1217 5618 1269 5657 c.
1300 5603 1388 5658 2'7.

510 5604 590 5743 $7)
619 5674 691 5734 V.
719 5673 840 5737 LL.
871 5672 1103 5736 Kanuti.
1122 5675 1271 5737 part.
1301 5690 1363 5737 ιι,

1606 359 2041 429 WILLELMI
2089 363 2723 440 CONQUESTORIS

1629 556 1688 614 le
1717 564 1905 615 terme
1934 560 2014 632 vj.
2061 562 2351 617 mensium
2379 566 2690 634 postquam

1630 660 1739 719 que
1764 646 1984 703 l’aveir
2010 665 2081 707 su
2112 650 2321 706 emble.

2086 782 2243 852 XLV

1808 903 1892 960 De
1907 903 2243 960 Vadimonio
2272 904 2515 959 deserto

1699 1006 1846 1062 E-al
1864 1009 1959 1079 qui
1980 1015 2070 1063 est
2088 1009 2261 1064 recite
2279 1024 2311 1063 e
2328 1006 2693 1062 testimouiet

1631 1094 1899 1151 deleaute
1929 1103 1985 1151 et
2011 1097 2062 1152 16
2079 1097 2229 1169 pluit
2253 1095 2526 1151 treizi‘ois
2556 1095 2693 1148 Vici-

1628 1184 1742 1240 bus
1756 1186 1979 1254 ese/iui,
2013 1189 2069 1239 et
2097 1186 2168 1239 ad
2200 1188 2466 1256 quartam
2498 1183 2692 1237 vicem

1626 1274 1897 1328 ostendat
1943 1275 2329 1328 summonitor
2387 1273 2457 1326 de
2500 1271 2690 1325 tribus

1631 1361 1885 1430 defaltis,
1948 1361 2329 1416 nihilominus
2383 1360 2440 1415 16
2479 1358 2691 1413 mande

1633 1450 1749 1504 lum
1778 1453 1841 1504 ut
1868 1450 2124 1521 plegium
2150 1450 2405 1504 inveniat
2421 1453 2477 1504 et
2497 1446 2693 1502 veniet

1633 1539 1704 1592 ad
1727 1537 1944 1609 jus,‘et
1973 1539 2023 1592 si
2055 1538 2217 1605 nolit,
2252 1539 2306 1592 si
2336 1554 2450 1593 non
2480 1536 2694 1590 viderit

1633 1626 1927 1681 hominem
1976 1627 2173 1680 vivum
2230 1631 2328 1680 aut
2375 1629 2687 1692 mortuum,

1633 1714 1819 1783 capiat
1865 1717 2142 1784 quantum
2197 1714 2370 1767 habet
2400 1718 2455 1767 et
2490 1711 2691 1766 reddat

1629 1802 1845 1871 petenti
1877 1803 2144 1856 catellum
2179 1806 2349 1856 suum
2394 1805 2449 1856 et
2490 1800 2687 1854 Domi-

1630 1904 1741 1942 nus
1766 1890 1976 1944 habeat
2027 1889 2413 1957 medietatem,
2462 1887 2688 1942 residui

1630 1978 1685 2029 et
1712 1976 2080 2031 hundredum
2126 1978 2511 2031 medietatem.
2536 1976 2606 2029 Et
2635 1976 2690 2030 si

1629 2078 1799 2118 nemo
1836 2072 2043 2135 parent
2079 2068 2233 2118 nami
2281 2071 2442 2120 cesle
2460 2064 2687 2135 justise

1627 2150 1935 2205 delorcent
1966 2154 2123 2207 seint
2144 2153 2353 2207 forfeit
2376 2168 2446 2206 en
2460 2166 2598 2206 vers
2626 2151 2683 2207 16

1619 2239 1727 2293 Rei
1756 2240 1830 2295 de
1886 2243 1957 2312 vj.
2009 2241 2113 2295 lib.
2169 2248 2225 2295 et
2284 2246 2571 2312 quergeut
2626 2238 2685 2295 16

1619 2332 1790 2386 larun
1825 2345 1937 2383 uen
1970 2334 2027 2398 qi
2048 2335 2254 2399 poeste
2282 2326 2333 2381 il
2350 2326 2467 2381 seit
2491 2332 2682 2393 trove,

1620 2420 1745 2473 neit
1792 2416 2049 2469 Vvarant
2089 2415 2162 2470 de
2192 2431 2258 2468 sa
2313 2414 2424 2480 vie,
2459 2429 2533 2467 ne
2570 2428 2686 2484 per

1622 2502 1912 2560 defensed
1926 2500 2073 2573 plait
2105 2516 2230 2554 mes
2268 2514 2574 2554 recow'er.

2059 2625 2239 2681 XLVI

1918 2748 2006 2802 De
2025 2746 2376 2817 hospitibus.

1687 2856 1874 2911 Nemo
1914 2855 2090 2907 alium
2122 2852 2361 2920 reeipiet
2407 2851 2557 2905 ultra
2594 2851 2679 2922 iij.

1616 2945 1842 3011 noctes,
1877 2944 1933 2995 si
1963 2940 2037 2994 ti!
2063 2954 2135 2994 ue
2173 2939 2220 2992 li
2263 2938 2564 2993 command
2608 2938 2684 2993 od

1617 3033 1715 3105 qui
1750 3031 1874 3087 fust
1902 3028 2055 3083 aniz.

2030 3176 2261 3232 XLVII.

1949 3328 2038 3382 De
2069 3324 2348 3381 Famulis.

1684 3442 1871 3497 Nemo
1902 3441 2076 3495 homo
2118 3440 2408 3494 hominem
2441 3453 2615 3494 suum
2644 3454 2675 3494 a

1614 3545 1682 3585 se
1726 3530 2036 3585 discedere
2072 3528 2323 3598 patiatur
2369 3532 2681 3598 postquam

1614 3620 1871 3673 ructatus
1897 3615 2095 3669 fuerit.

2027 3762 2262 3818 XLVIII

1893 3912 2375 3968 De........

1684 4016 1756 4072 Et
1785 4017 1884 4088 qui
1926 4017 2238 4070 Latronem
2272 4031 2344 4069 en
2393 4020 2598 4070 centre
2645 4032 2678 4071 e

1611 4122 1755 4162 sanz
1783 4106 1877 4177 qui
1909 4120 1940 4158 a
1964 4111 2157 4157 uox-ent
2190 4105 2234 4156 li
2256 4104 2363 4157 leit
2394 4104 2521 4158 alei'
2538 4104 2594 4157 si
2623 4104 2677 4158 la

1610 4194 1786 4249 mend
1814 4208 1844 4245 a
1876 4192 1930 4245 1a
1971 4191 2232 4245 vailance
2264 4190 2337 4244 de
2376 4190 2583 4256 larum,
2646 4208 2681 4244 ν

1613 4297 1680 4336 se
1708 4280 2024 4349 u'espurge
2036 4293 2151 4348 per
2177 4277 2389 4347 plener
2420 4277 2502 4330 lei
2520 4277 2677 4348 quod

1611 4369 1786 4424 Latro
1808 4382 1923 4421 non
1941 4367 2065 4420 site
2084 4365 2148 4417 Iri
2159 4365 2217 4419 16
2234 4366 2325 4418 cri
2343 4371 2472 4418 orat
2493 4380 2524 4418 e
2545 4381 2676 4419 sur-

1609 4466 1768 4520 sera,
1800 4449 1856 4503 1a
1875 4447 2106 4502 sursise
2136 4447 2183 4500 1i
2208 4447 2313 4501 Rei
2345 4448 2574 4519 emend,
2605 4462 2676 4503 ou

1607 4553 1716 4595 seu
1738 4540 2040 4609 espurget.

2034 4651 2223 4710 XLIX

1888 4806 2382 4863 De........

1676 4900 1931 4967 Quilibet
1952 4900 2124 4955 etiam
2146 4897 2431 4953 Dominus
2461 4897 2675 4953 habeat

1609 4988 1966 5043 servientem
2030 4999 2204 5040 suum
2259 4987 2357 5038 aut
2412 4984 2673 5054 piegium

1609 5090 1784 5130 suum
1819 5075 1896 5148 qi,
1929 5074 1982 5128 si
2028 5088 2147 5129 non
2193 5075 2451 5126 rectatus
2498 5071 2676 5125 fuerit

1606 5163 1818 5220 habeat
1848 5162 1919 5216 ad
1952 5164 2178 5216 rectum
2225 5159 2286 5214 in
2326 5158 2669 5214 Hundredo.

2115 5269 2164 5324 L

1957 5380 2452 5434 De.........

1681 5487 1744 5544 Si
1772 5486 1907 5560 quis
1927 5487 2077 5543 intra
2102 5483 2489 5541 Hundredum
2516 5483 2675 5539 incu-

571 5668 590 5735 ὃ
619 5674 691 5734 V.
719 5673 840 5737 LL.
871 5672 1103 5736 Kanuti.
1122 5675 1271 5737 part.
1301 5690 1363 5737 ιι,
1395 5688 1448 5731 c.
1480 5670 1604 5737 126.
1626 5674 1683 5730 et
1702 5671 1820 5731 LL.
1851 5670 2030 5728 Henr.
2055 5669 2106 5735 1,
2139 5684 2266 5735 cap.
2298 5668 2365 5732 12

3650 350 3796 438 '1316

2797 560 2927 630 ciat,
2977 565 3129 632 ante,
3178 564 3481 621 terminum
3530 569 3607 640 vj,
3659 588 3795 627 men-

2797 647 2948 701 sium
2979 652 3288 721 postquam
3316 667 3417 708 res
3443 655 3617 710 ablata
3643 663 3691 712 et
3714 675 3798 714 su-

2796 731 3002 804 brepta
3025 736 3152 791 fuit.

3238 885 3396 940 XLV

2865 998 2969 1056 Ille
2995 1017 3136 1058 vero
3190 1006 3291 1077 qui
3326 1010 3575 1066 rectatus
3600 1019 3711 1082 est,
3754 1022 3798 1071 et

2793 1086 3190 1145 testimonium
3207 1092 3381 1148 habet
3397 1095 3465 1150 de
3478 1097 3799 1170 legalitate,et

2795 1176 3159 1245 terplacitum
3182 1179 3463 1253 deseruit,
3479 1190 3532 1238 et
3554 1189 3606 1240 in
3635 1195 3798 1258 quarta

2794 1263 2923 1317 vice
2954 1266 3076 1320 tres
3107 1267 3240 1337 ejus
3269 1269 3513 1324 defaltas
3536 1277 3799 1332 ostendunt

2795 1354 3249 1412 summonitores
3274 1373 3287 1412 :
3324 1359 3512 1413 adhuc
3530 1362 3595 1413 ab
3612 1378 3672 1415 eo
3693 1368 3799 1433 peli-

2795 1447 2910 1515 tur,
2934 1450 2996 1502 ut
3015 1449 3276 1521 plegium
3300 1454 3689 1512 inveniatetad
3700 1476 3797 1515 rec-

2794 1532 2917 1585 tum
2930 1535 3119 1587 venint
3140 1553 3148 1589 :
3171 1541 3225 1591 et
3240 1539 3294 1592 si
3320 1540 3461 1595 nolit
3480 1544 3645 1598 sinon
3665 1548 3797 1601 visus

2794 1617 2969 1674 fuerit
2998 1623 3168 1678 vivus
3198 1630 3297 1681 aut
3328 1634 3604 1700 mortuus,
3654 1634 3801 1703 capia-

2793 1708 2886 1761 tur
2913 1708 3195 1781 quidquid
3225 1713 3420 1785 habet,
3472 1722 3527 1773 et
3573 1721 3800 1776 reddatur

2795 1794 3092 1852 clamatori
3123 1815 3232 1855 seu
3260 1805 3509 1873 petenti,
3538 1811 3591 1860 et
3640 1809 3799 1863 Domi-

2793 1896 2905 1937 nus
2938 1885 3148 1941 habeat
3186 1890 3552 1949 medietatem
3598 1899 3798 1967 residui,

2792 1974 2848 2026 et
2889 1972 3243 2032 Hundredus
3276 1981 3650 2038 medietatem.
3680 1986 3737 2039 Et
3760 1988 3800 2041 si

2791 2058 2988 2113 nullus
3026 2078 3240 2132 parens
3280 2069 3377 2122 vel
3421 2072 3633 2126 amicus
3682 2074 3801 2129 hanc

2788 2146 3070 2216 justitiam
3090 2152 3436 2225 deforciant,
3452 2160 3800 2239 sintfqristac-

2793 2237 2831 2289 ti
2863 2253 3005 2308 erga
3054 2239 3276 2311 Regem
3306 2244 3381 2298 de
3413 2245 3491 2315 vj.
3547 2237 3714 2314 libris,
3754 2251 3795 2302 et

2790 2329 3054 2394 quaerant
3088 2327 3407 2401 latronem,
3443 2336 3497 2387 et
3546 2334 3601 2387 in
3629 2334 3798 2405 cujus-

2789 2418 3037 2484 Cumque
3065 2420 3356 2485 potestate
3376 2421 3638 2476 inventus
3660 2424 3801 2477 fuerit

2787 2517 2903 2557 non
2957 2505 3166 2560 habeat
3215 2508 3564 2565 Warantum
3604 2514 3666 2566 de
3709 2516 3799 2568 vita

2790 2606 2917 2658 sua,
2952 2608 3059 2647 nec
3085 2596 3279 2663 possit
3307 2598 3371 2653 in
3408 2602 3690 2669 posterum
3716 2617 3797 2670 pro

2788 2677 3131 2737 defensione
3148 2698 3255 2739 sua
3282 2687 3564 2756 placitum
3590 2703 3796 2757 recupe-

2788 2779 2942 2820 rare.

3227 2940 3417 2997 XLVI

2857 3093 3043 3149 Nemo
3086 3093 3264 3152 alium
3306 3099 3551 3169 recipiat
3575 3101 3705 3153 ultra
3730 3098 3796 3168 iii.

2786 3185 3011 3254 noctes,
3043 3185 3181 3256 nisi,
3212 3187 3268 3241 is
3288 3187 3462 3243 aliter
3480 3189 3674 3260 jubeat
3699 3202 3802 3242 cum

2785 3285 2903 3342 quo
2935 3274 3112 3328 venit.
3148 3348 3159 3349 ί

3211 3432 3426 3487 XLVII

2855 3570 3039 3624 Nemo
3100 3571 3395 3625 hominem
3467 3588 3629 3626 suum
3675 3586 3703 3624 a
3747 3583 3799 3623 se

2785 3658 3090 3713 discedere
3131 3660 3414 3729 patiatur,
3457 3678 3523 3715 ex
3565 3676 3669 3731 quo
3694 3674 3798 3712 rec-

2786 3749 2938 3801 tatus
2974 3748 3165 3803 fuerit.

3205 3864 3453 3941 XLVIII.

2853 4023 2924 4078 Et
2970 4025 3067 4094 qui
3104 4024 3160 4077 in
3211 4024 3523 4097 Latronem
3576 4017 3799 4084 incurrit,

2782 4125 3030 4179 eumque
3070 4109 3299 4163 salvum
3358 4111 3538 4177 gratis
3587 4103 3797 4163 dil'tllHII,

2780 4199 3080 4252 exuendam
3113 4200 3302 4253 solvat
3343 4200 3413 4251 ad
3449 4198 3685 4249 valerem
3712 4193 3797 4243 La-

2780 4285 2990 4354 tronis,
3025 4285 3113 4338 vel
3146 4300 3249 4354 per
3280 4286 3593 4353 plenariam
3638 4282 3794 4349 legem

2778 4387 2846 4427 se
2879 4377 3183 4443 expurget,
3207 4374 3364 4444 quod
3387 4375 3654 4426 latronem
3686 4379 3797 4420 esse

2777 4460 3046 4514 nescivit.
3082 4460 3151 4513 Et
3173 4462 3269 4529 qui
3290 4462 3597 4513 clamorem
3615 4454 3795 4517 audiet,

2778 4552 2835 4602 et
2863 4547 3291 4617 supersedebit,
3319 4546 3668 4617 supersisam
3698 4541 3787 4594 Re—

2775 4636 2871 4707 gis
2902 4635 3186 4706 emendet,
3220 4636 3311 4689 vel
3342 4651 3410 4688 se
3454 4634 3731 4703 expurget.

3197 4784 3405 4839 XLIX.

2844 4922 3095 4989 Quilibet
3114 4922 3286 4976 etiam
3314 4921 3591 4974 Dominus
3611 4910 3786 4968 habeat

2773 5026 2946 5065 suum
2974 5011 3345 5077 servientem,
3391 5008 3478 5061 vel
3511 5019 3667 5059 suum
3688 5002 3783 5067 ple-

2775 5099 2957 5170 3mm,
2992 5113 3123 5151 cum
3156 5112 3269 5167 quo
3308 5097 3359 5149 si
3400 5096 3642 5147 rectalus
3682 5086 3786 5170 tue-

2773 5169 2868 5255 rit,
2902 5188 2994 5239 eat
3024 5183 3096 5238 ad
3123 5186 3346 5238 rectum
3402 5181 3460 5233 in
3489 5169 3785 5230 Iluudredo.

3280 5318 3328 5376 L

2845 5475 2906 5534 Si
2947 5475 3002 5528 is
3033 5474 3131 5547 qui
3161 5471 3466 5527 accusatur
3494 5464 3782 5518 absconsus
