4048 6164
219 331 379 396 131⁵7

235 541 382 612 ᾀίηΖ
410 539 534 612 [al.,
569 542 628 593 et
666 539 892 611 dinz]le
908 539 1301 596 Hundrediv.

226 610 440 667 Immes
452 610 509 666 Ie
520 615 740 664 retent.
762 612 855 665 sei
867 612 975 664 xii.
991 613 1148 666 main
1166 613 1304 666 s’es—

218 690 524 754 purgetLe
539 683 592 754 si
610 680 658 734 il
683 683 986 754 seutisuist
1010 681 1304 754 [al.,s’en-

221 751 393 822 fuistl
451 752 642 825 deduz
684 751 741 805 la
774 751 1080 825 clialange,
1123 753 1171 806 1i
1195 754 1303 825 _Si-

223 839 334 878 res
383 823 572 878 rende
629 839 738 876 sun
791 823 1004 893 were,'
1036 840 1067 878 e
1097 825 1152 876 si
1181 823 1302 877 l’un

222 894 519 974 clialange
543 893 942 974 le_$eignour,
982 895 1080 974 qui
1103 911 1216 974 par
1244 895 1302 974 le

225 971 363 1019 seut
402 964 520 1019 scit
544 964 663 1036 Vale,
697 964 752 1018 si
781 964 1075 1036 s’escudie
1105 964 1200 1019 sei
1223 964 1298 1036 vj.

218 1037 412 1089 main:
432 1051 479 1107 _e
508 1034 610 1107 s’il
625 1050 698 1107 ne
720 1041 822 1107 pot
852 1035 976 1106 [al.,
1033 1038 1174 1106 vot],
1193 1034 1296 1090 en-

226 1121 373 1161 vers
416 1105 462 1161 1i
501 1106 612 1160 Rei
657 1105 922 1175 l’ament,
980 1122 1013 1161 e
1045 1107 1128 1162 cil
1162 1105 1300 1162 'soit

233 1176 456 1249 vilage.

1403 1050 1520 1088 non

1771 331 2061 435 LEGES.

1406 542 1572 594 satus
1605 538 1781 594 fuerit
1809 543 1867 594 et
1893 557 1971 594 xv.
2008 540 2277 595 homines
2303 539 2360 594 Ie
2382 553 2477 593 re-

1405 615 1552 678 tent,
1583 626 1649 682 se
1664 611 2013 665 duodecima
2031 627 2205 665 manu
2236 613 2470 682 purget,

1405 685 1460 734 et
1489 682 1541 734 si
1573 681 1622 734 i1
1648 688 1779 736 seut
1810 683 1963 736 suist
2015 682 2207 736 deduz
2252 682 2308 735 la
2341 681 2476 735 cha-

1403 751 1597 821 Ienge,
1641 752 1929 806 Dominus
1977 752 2184 806 reddat
2229 753 2476 806 Weram

1405 838 1575 876 suam
1603 838 1634 877 e
1665 824 1722 876 si
1748 822 1847 876 Iun
1890 822 2195 894 chalange,
2227 823 2284 878 1e
2315 822 2475 894 ,Sei—

1402 909 1593 964 gnour
1623 909 1730 964 que
1754 909 1868 964 per
1897 893 1952 947 le
1979 893 2231 948 seutseit
2262 893 2392 947 aler
2421 895 2478 948 si

1402 979 1469 1018 se
1489 969 1701 1034 puaret
1717 964 2062 1018 duodecima
2079 980 2274 1033 manu,
2325 968 2380 1018 et
2422 965 2477 1018 si

1549 1038 1777 1104 posset,
1811 1035 2083 1089 emendet
2104 1051 2319 1091 versus
2354 1036 2475 1091 Re-

1403 1120 1539 1177 gem
1569 1109 1625 1160 et
1657 1106 1735 1160 sit
1766 1105 2082 1178 utlagatus.

3491 334 3648 401 1318

2579 540 2690 608 est,
2741 539 2798 592 et
2827 537 2899 592 ad
2930 539 3312 593 Hnndredum
3358 554 3392 593 a
3422 538 3499 593 iv.
3535 537 3646 592 ho-

2580 609 2837 664 minibus
2870 614 3144 678 rectatur,
3169 610 3514 665 duodecima
3543 624 3661 662 ma-

2578 697 2655 736 nu
2717 697 2782 734 se
2823 680 3234 761 expurget.'l£t
3287 681 3339 761 si
3370 685 3503 750 post
3531 680 3654 761 cla:

2579 767 2802 806 morem
2825 751 3108 822 aufugiat,
3144 752 3430 806 Dominus
3450 751 3659 805 reddat

2578 838 2747 877 suam
2810 823 3075 876 Weram.
3137 822 3208 875 Et
3246 823 3300 876 si
3371 822 3654 876 clametur

2579 893 2888 961 Dominus,
2946 895 3106 964 quod
3159 908 3234 947 ex
3271 908 3377 964 sua
3409 893 3653 946 scicntia

2579 965 2933 1032 excesserit,
2969 963 3054 1018 se
3086 963 3435 1018 excondicat
3476 978 3541 1016 se
3574 979 3651 1016 Vl.

2577 1051 2800 1090 manu:
2892 1036 3050 1106 quod
3137 1034 3190 1088 si
3237 1049 3355 1089 non
3436 1035 3652 1106 potest,

2577 1107 2883 1162 emendem
2909 1104 3102 1162 solvat
3134 1106 3305 1179 Regi,
3323 1107 3380 1162 et
3407 1105 3486 1160 sit
3507 1104 3654 1160 utla-

2573 1182 2770 1250 gatus.

1185 1589 1736 1708 SELDEN
1748 1591 1910 1708 US
2054 1589 2683 1707 LECTORI-

316 1919 526 1989 Neque

597 1921 774 2000 raeter
799 1918 1152 2000 Ingulphum
1184 1919 1318 2000 quis
1339 1919 1507 1992 leges
1537 1919 1719 2000 hasce
1748 1918 2023 2000 tradidit;
2057 1934 2249 2000 neque
2261 1917 2664 2000 praterhasce
2681 1917 2934 1988 aliquem
2949 1916 3187 2000 omnino
3210 1931 3342 2000 qua
3360 1915 3667 2000 illiusnavi

318 1935 526 1989 neque
544 1935 774 2044 (praeter
800 1935 1152 1991 inguipnum
1184 1935 1318 1991 quis
1339 1935 1507 1992 leges
1537 1935 1719 1974 nasce
1748 1935 2023 1988 tradidit;
2057 1935 2249 1990 neque
2261 1935 2664 1989 praternasce
2681 1935 2934 1988 auquem
2949 1935 3183 1971 omnino
3210 1935 3342 1986 qua
3360 1935 3519 1971 unus
3551 1935 3667 1971 av1

236 1991 516 2045 idiomate
597 1990 768 2044 allico
792 2007 901 2045 seu
931 1991 1328 2045 Normannico
1352 1991 1768 2058 conscribitur,
1804 1994 2039 2045 exstare
2069 1995 2208 2060 puto
2231 2009 2250 2055 ;
2307 2005 2439 2044 cum
2470 1990 2702 2043 interim
2733 1989 3036 2042 memoria
3067 1989 3144 2041 sit
3172 1987 3470 2060 traditum,
3513 1987 3667 2060 Wilf

234 2061 480 2116 lelmum
539 2061 754 2116 idioma
804 2061 966 2130 illud,
1019 2065 1216 2131 utpote
1247 2063 1650 2131 vernaculum,
1683 2058 2343 2132 nascentique—imperio
2374 2061 2534 2115 velut
2563 2060 2756 2132 magis
2789 2060 2982 2132 ﬁdele,
3016 2060 3090 2132 in
3105 2058 3319 2132 Anglia
3350 2059 3667 2132 propagari

237 2136 298 2204 et
341 2132 652 2204 populare
696 2132 834 2204 fieri
877 2129 1143 2202 impense
1195 2133 1594 2201 desiderasse,
1629 2129 1804 2204 idque
1835 2129 2064 2187 sane—ito
2103 2129 2394 2203 jussisse.
2431 2131 2634 2204 Missis
2667 2129 3103 2204 quaehistorici
3127 2129 3306 2204 de’ea
3332 2144 3399 2204 re
3425 2129 3667 2204 habent,

239 2200 569 2274 Bobertum
602 2200 1203 2271 Holkotiumﬁirum,
1233 2207 1295 2257 ut
1342 2220 1533 2258 aevum
1561 2200 1726 2274 tulit;
1748 2200 2177 2271 doctissimum,
2212 2207 2422 2257 testem
2453 2200 2727 2274 adhibeo.
2767 2200 3039 2255 Narrant
3079 2201 3350 2274 historiae
3381 2200 3480 2274 (ita
3510 2201 3667 2254 scri-

233 2273 341 2346 bit
382 2273 478 2346 ille
537 2273 607 2327 ad
639 2274 853 2346 librum
884 2269 1217 2343 sapientia.
1261 2290 1387 2346 cap.
1432 2275 1517 2346 χι)
1577 2269 1726 2346 quod
1757 2291 1882 2329 cum
1935 2269 2267 2328 Willelmus
2298 2273 2916 2346 dux_Normannorum
2965 2287 3212 2346 regnum
3252 2269 3497 2346 ganglia
3527 2287 3668 2346 con-

239 2344 612 2423 quisivisse‘t,
673 2341 1038 2423 deliberarit
1098 2341 1376 2423 quomodo
1402 2341 1688 2423 _ling1_iam
1747 2346 2100 2423 Saxonicam
2145 2351 2350 2423 posset
2389 2344 2707 2423 destruere
2737 2341 3134 2423 etAnglianl
3151 2341 3666 2423 ethorInanniam

233 2412 301 2469 in
331 2412 610 2488 idiomate
640 2416 1024 2488 concordare,
1042 2412 1121 2488 ρι’
1146 2412 1609 2488 ἰᾱροίοιοᾱιηαῖνίι
1639 2417 1788 2488 quod
1810 2416 2004 2488 nullus
2025 2417 2095 2488 in
2113 2412 2278 2469 curia
2307 2416 2476 2486 regis
2499 2414 2831 2488 placitaret
2850 2415 2970 2488 nisi
2989 2414 3052 2466 in
3087 2412 3338 2488 Gallico,_
3357 2417 3416 2462 et
3448 2413 3666 2466 iterum

274 2485 547 2566 uo.d_pu.er
568 2485 816 2566 quilibet
840 2487 1148 2566 ponendus
1168 2487 1242 2566 a_d_
1276 2484 2231 2566 litt-eras,addisceretGallieum,
2251 2484 2456 2566 caper
2489 2484 2775 2566 Gallicum
2798 2485 3070 2566 Latinum
3096 2501 3107 2538 :
3136 2499 3265 2566 quae
3299 2484 3432 2565 duo.
3477 2499 3656 2564 usque

277 2555 430 2623 odie,
464 2555 651 2626 inquit
696 2555 1114 2611 observantur.
1177 2557 1403 2612 Floruit
1460 2555 1652 2612 autem
1701 2559 1998 2612 Robertus
2029 2558 2141 2612 iste
2174 2558 2287 2612 sub
2319 2557 2610 2610 Edwardo
2641 2555 2738 2624 ΙΙΙ,
2785 2556 2960 2627 cujus
2991 2555 3162 2627 regni
3193 2571 3345 2627 anno
3377 2555 3667 2627 vicesimo

234 2631 466 2698 quarto,

571 2627 854 2699 saviente
901 2633 1068 2696 peste
1126 2627 1405 2699 abreptus
1437 2632 1547 2683 est.
1599 2629 1748 2683 Vide
1779 2629 1920 2695 Stat,
1954 2628 2042 2697 36,
2081 2627 2186 2682 Ed.
2215 2629 2249 2682 3
2282 2670 2295 2695 ,
2331 2643 2458 2698 cap.
2484 2627 2570 2699 15.
2606 2627 2780 2698 Atqui
2804 2625 3142 2697 complures
3196 2626 3349 2694 alia,
3411 2625 3668 2699 vetustis

239 2697 480 2770 achedis
532 2697 834 2770 Willelmo
863 2700 993 2770 regi
1048 2697 1290 2754 tributa
1318 2701 1560 2768 (prater
1587 2715 1690 2754 eas
1726 2699 2017 2754 Edwardo
2048 2700 2178 2770 regi
2233 2702 2493 2770 accepto,
2528 2697 2717 2767 latas)’
2755 2699 3130 2768 reperiuntur
3179 2713 3430 2768 quarum
3484 2697 3668 2770 hasce

241 2767 608 2838 subjungere
657 2769 829 2823 etiam
869 2767 1065 2824 visum
1122 2774 1213 2824 est
1234 2767 1358 2824 tam,
1407 2771 1564 2895 quod
1597 2771 1748 2840 apud
1790 2772 2090 2842 Rogerum

241 2842 422 2893 trusa
449 2840 587 2895 sint.
622 2844 721 2893 aut
749 2840 1130 2894 librariorum
1159 2840 1378 2895 injuria
1449 2845 1747 2895 ecurtata.
1780 2845 1902 2895 tum
1934 2842 2090 2895 quod

1449 2838 1747 2911 ecurtata,
1780 2838 1912 2897 tum
1934 2842 2092 2912 quod
2123 2841 2408 2896 Willelmi
2439 2840 2752 2912 Lambardi
2795 2839 3059 2895 codicem
3090 2841 3161 2894 de
3191 2838 3413 2910 priscis
3444 2838 3664 2912 Anglo-

238 2842 422 2911 trusa
449 2840 587 2911 sint,
622 2844 721 2893 aut
749 2840 1130 2894 librariorum
1159 2840 1378 2911 injuria

2178 2765 2527 2824 owedenum
2553 2785 2628 2824 ex
2657 2765 2858 2841 mutila
2886 2770 3161 2841 ﬁnimium
3197 2765 3541 2841 'exemplari
3566 2768 3669 2841 ob-

237 2926 368 2985 rum
396 2910 640 2985 legibus
670 2911 795 2980 (ubi
818 2911 989 2968 editae
1011 2909 1248 2982 quidem
1270 2914 1427 2985 sunt,
1460 2928 1568 2967 nec
1597 2909 1792 2968 tamen
1816 2909 2208 2985 undéquaque
2238 2911 2559 2983 exemplari
2587 2927 2705 2983 quo
2734 2913 2869 2966 utor
2890 2909 3398 2982 consona)’etiam
3436 2909 3666 2966 studio-

234 2981 325 3035 sis
358 2981 666 3036 rarissime
698 2996 1014 3037 occurrere
1029 2981 1190 3038 certo
1220 2984 1425 3038 sciam.

281 3272 659 3339 Winnsnuus,
682 3272 788 3326 Dei
829 3273 1018 3345 gratia
1072 3288 1177 3327 rex
1207 3273 1534 3345 Anglorum
1575 3273 1698 3327 dux
1727 3273 1879 3327 Nor-
1912 3263 1961 3316 Α

219 3377 587 3430 mannorum,
637 3361 914 3417 omnibus
961 3361 1299 3416 hominibus
1355 3362 1485 3416 suis
1541 3360 1808 3416 Francia
1831 3365 1888 3415 et

222 3450 477 3522 Anglia,
511 3451 780 3506 salutem.
1015 3521 1086 3575 LI

532 3610 622 3664 De
677 3609 972 3680 religione
1020 3615 1078 3664 et
1129 3625 1274 3680 pace
1320 3609 1575 3680 publica.

298 3715 619 3770 Statuimus
669 3717 727 3770 in
760 3716 966 3786 primis
1000 3733 1181 3786 super
1210 3716 1422 3785 omnia,
1485 3732 1664 3771 unum
1703 3717 1889 3771 Deum

222 3822 330 3875 per
361 3807 541 3859 totum
573 3821 822 3877 regnum
865 3808 1134 3859 nostrum
1174 3807 1469 3873 venerari,
1503 3821 1677 3858 unam
1715 3805 1888 3859 ﬁdem

222 3893 444 3949 Christi
468 3909 704 3963 semper
733 3893 1071 3948 inviolatam
1103 3893 1408 3962 custodiri,
1439 3909 1665 3963 pacem,
1701 3897 1755 3947 et
1787 3909 1887 3947 se-

221 3983 549 4048 curitatem,
605 3985 660 4036 et
709 3982 1106 4051 concordiam,
1151 3981 1443 4053 judicium
1497 3987 1552 4036 et
1594 3981 1887 4052 justitiam

217 4070 619 4142 interAnglos
675 4075 731 4124 et
787 4070 1183 4140 Normannos,
1217 4070 1478 4126 Francos
1527 4074 1584 4125 et
1613 4072 1886 4125 Britones

223 4159 455 4214 Wallia
514 4162 569 4214 et
633 4158 970 4228 Cornubia,
1017 4160 1217 4214 Pictos
1252 4163 1311 4214 et
1351 4159 1563 4214 Scotos
1596 4160 1883 4214 Albaniae.

222 4248 506 4303 Similiter
542 4248 694 4302 inter
738 4247 1002 4302 Francos
1033 4250 1089 4302 et
1122 4247 1436 4302 Insulanos
1467 4249 1804 4318 provincias
1831 4252 1887 4302 et

219 4337 444 4407 patrias
494 4353 625 4407 qua
664 4336 958 4408 pertinent
1003 4337 1075 4390 ad
1116 4353 1395 4392 coronam
1423 4341 1479 4392 et
1519 4338 1882 4408 dignitatem,

221 4425 628 4480 defensionem
684 4428 741 4480 et
788 4425 1284 4494 observationem,
1319 4428 1375 4482 et
1406 4426 1691 4480 honorem
1713 4427 1887 4498 regni

219 4515 410 4569 nostri
443 4516 500 4568 et
527 4514 680 4568 inter
726 4529 932 4568 omnes
963 4515 1138 4569 nobis
1167 4514 1475 4586 subjectos
1508 4531 1614 4584 per
1644 4515 1886 4569 univer-

221 4617 350 4656 sam
378 4603 780 4656 monarchiam
807 4603 978 4674 regni
1009 4602 1325 4658 Britannia
1359 4604 1602 4658 firmiter
1623 4608 1680 4658 et
1708 4605 1888 4658 invio-

216 4689 477 4744 labiliter
497 4691 824 4745 observari.
875 4691 958 4745 lta
989 4691 1146 4762 quod
1175 4692 1374 4746 nullus
1403 4691 1503 4745 alii
1533 4691 1678 4746 foris
1714 4691 1887 4747 faciat

212 4777 274 4833 in
305 4778 467 4834 nullo
499 4793 680 4849 super
702 4779 848 4833 foris
875 4779 1161 4834 facturam
1189 4783 1458 4835 nostram
1487 4779 1741 4851 plenam.

995 4883 1118 4939 LII.

501 4989 592 5044 De
645 4988 762 5045 [ide
793 4995 852 5044 et
885 4989 1166 5063 obsequio
1194 5007 1337 5062 erga
1374 5006 1600 5063 regem.

281 5093 611 5150 Statuimus
633 5096 806 5151 etiam
837 5100 900 5151 ut
929 5113 1135 5152 omnes
1165 5097 1336 5152 liberi
1367 5097 1638 5152 homines
1661 5097 1885 5153 foedere

209 5186 271 5239 et
304 5186 678 5238 sacramento
711 5185 1006 5240 afﬁrmant
1035 5187 1191 5257 quod
1222 5186 1371 5240 intra
1389 5190 1445 5240 et
1468 5190 1630 5240 extra
1651 5187 1885 5241 univer-

207 5286 350 5325 sum
381 5287 634 5342 regnum
656 5273 888 5345 Anglia
911 5275 1091 5345 (quod
1123 5275 1260 5330 olim
1283 5275 1604 5330 vocabatur
1633 5289 1885 5346 regnum

208 5359 567 5429 Britannia)
615 5361 911 5417 Willelmo
961 5377 1071 5417 suo
1103 5363 1341 5418 domino
1374 5363 1580 5418 fideles
1613 5378 1751 5417 esse
1783 5377 1885 5416 vo-

205 5447 344 5501 lunt
375 5451 568 5503 terras
599 5454 656 5504 et
687 5451 945 5505 honores
975 5451 1134 5505 illius
1181 5451 1459 5506 ﬁdelitate
1500 5453 1718 5523 ubique
1750 5467 1884 5507 ser-

201 5550 356 5589 vare
387 5551 522 5589 cum
543 5552 634 5608 eo,
667 5542 722 5593 et
755 5542 954 5594 contra
1004 5539 1277 5595 inimicos
1311 5543 1366 5596 et
1395 5540 1761 5616 alienigenos
1795 5541 1887 5596 de-

205 5623 485 5678 fendere.

2206 3325 2294 3380 De
2341 3325 2674 3381 Normanni
2711 3257 3244 3397 seldlgrancigenw
3263 3326 3446 3381 caede.

2067 3415 2354 3470 Volumus
2381 3419 2573 3469 autem
2602 3418 2658 3468 et
2686 3415 2932 3470 ﬁrmiter
2961 3415 3344 3485 pracipimus
3366 3418 3428 3470 ut
3451 3430 3660 3470 omnes

1997 3505 2286 3573 homines,
2323 3521 2474 3576 quos
2504 3504 2818 3558 nobiscum
2850 3504 3204 3558 adduximus
3254 3508 3352 3559 aut
3378 3506 3514 3575 post
3548 3519 3659 3558 nos

1994 3613 2262 3666 venerint
2286 3611 2404 3665 sint
2433 3611 2546 3665 sub
2591 3612 2957 3681 proiectione
2975 3613 3030 3665 et
3051 3610 3109 3664 in
3136 3626 3281 3680 pace
3314 3614 3517 3665 nostra
3553 3625 3660 3679 per

1997 3700 2342 3754 universum
2372 3714 2624 3770 regnum
2665 3698 3050 3769 pradictum;
3105 3702 3160 3751 et
3192 3697 3245 3752 si
3275 3699 3410 3769 quis
3443 3697 3514 3752 de
3547 3696 3666 3751 illis

1997 3788 2236 3841 occisus
2288 3786 2480 3851 fuerit,
2534 3787 2805 3840 dominos
2837 3787 2970 3856 ejus
3006 3786 3220 3841 habeat
3266 3786 3418 3840 intra
3453 3803 3506 3839 v.
3533 3785 3664 3841 dies

1996 3875 2348 3928 homicidam
2362 3873 2496 3944 ejus
2513 3875 2566 3929 si
2584 3875 2924 3944 poterit;sin
2956 3875 3420 3944 autem,incipiat
3441 3874 3674 3944 persol-

1995 3979 2135 4018 vere
2166 3963 2340 4016 nobis
2368 3979 2508 4015 xnvx
2547 3977 2779 4017 marcas
2827 3963 3056 4034 argenti
3088 3963 3347 4033 quandiu
3375 3962 3666 4017 substan-

1996 4051 2075 4106 tia
2103 4051 2323 4105 domini
2373 4050 2534 4104 illius
2578 4050 3004 4120 perduraverit.
3043 4051 3156 4106 Ubi
3215 4067 3360 4106 vero
3391 4051 3666 4106 dominus

1995 4140 2300 4208 defecerit,
2335 4141 2493 4194 totus
2523 4139 2870 4194 hundredus
2904 4140 2964 4194 in
3004 4155 3118 4210 quo
3145 4139 3366 4194 occisio
3390 4140 3542 4194 facta
3573 4144 3666 4194 est

1996 4229 2386 4285 communiter
2416 4228 2606 4283 solvat
2638 4228 2794 4299 quod
2825 4230 3105 4282 remanet.

1992 4388 2082 4444 De
2109 4389 2254 4444 Jure
2283 4387 2716 4458 Normanorum
2749 4316 3014 4458 (Exime
3063 4386 3378 4458 adventum
3428 4382 3665 4440 Willel-

2321 4459 2404 4513 mi
2457 4459 2626 4513 cives
2663 4457 2906 4512 fuerant
2960 4457 3304 4529 Anglicani.

1916 4581 1964 4635 Β
2067 4548 2138 4603 Et
2168 4548 2362 4603 omnis
2395 4547 2766 4619 Francigena
2796 4547 2899 4618 qui
2934 4549 3198 4635 tempore
3229 4545 3509 4600 Edwardi
3536 4561 3665 4635 pro-

1994 4637 2200 4710 pinqui
2231 4635 2418 4690 nostri
2449 4635 2558 4689 fuit
2605 4635 2664 4688 in
2702 4635 2917 4706 Anglia
2949 4634 3245 4705 particeps
3287 4633 3666 4689 consuetudi-

1994 4743 2133 4782 num
2165 4725 2512 4797 Anglorum,
2547 4723 2704 4794 quod
2733 4723 2851 4794 ipsi
2882 4723 3084 4778 dicunt
3113 4722 3373 4778 Anhlote
3418 4725 3474 4777 et
3502 4721 3660 4776 Ans-

1995 4822 2123 4872 cote
2142 4814 2442 4887 persolvat
2459 4813 3006 4937 secundunil‘egem
3041 4812 3393 4884 Anglorum.

1995 4957 2083 5013 De
2112 4955 2451 5012 clientelam
2510 4971 2616 5010 seu
2645 4955 3140 5036 {sudorum‘jurm
3178 4959 3237 5008 et
3273 4954 3664 5024 ingenuorum

2631 5031 3020 5080 immunitate.

2065 5097 2353 5152 Volumus
2385 5097 2557 5151 etiam
2589 5111 2658 5150 ac
2688 5097 2934 5151 firmiter
2954 5095 3333 5166 pracipimus
3356 5097 3411 5149 et
3443 5110 3663 5150 conce-

1994 5187 2208 5254 dimus,
2258 5189 2320 5239 ut
2362 5201 2567 5240 omnes
2598 5185 2770 5240 liberi
2801 5185 3072 5240 homines
3092 5185 3270 5239 totius
3303 5184 3664 5240 monarchia

1993 5275 2167 5347 regni
2193 5275 2387 5330 nostri
2411 5274 2674 5345 pradicti
2694 5275 2946 5327 habeant
2967 5277 3023 5328 et
3043 5276 3277 5328 teneant
3298 5275 3492 5329 terras
3516 5290 3663 5329 suas

1992 5366 2050 5420 et
2077 5364 2506 5434 possessiones
2528 5378 2672 5418 suas
2686 5363 2836 5418 bene
2852 5365 2908 5417 et
2924 5363 2983 5416 in
3001 5372 3175 5432 pace,‘
3196 5361 3384 5418 libere
3407 5363 3480 5418 ab
3500 5363 3664 5418 omni

1993 5453 2302 5508 exactione
2360 5452 2602 5522 injuste,
2661 5454 2718 5505 et
2765 5451 2838 5505 ab
2873 5450 3028 5505 omni
3060 5449 3330 5520 tallagio:
3381 5452 3460 5505 ita
3505 5450 3664 5523 quod

1993 5541 2136 5595 nihil
2194 5542 2266 5595 ab
2315 5541 2402 5593 eis
2436 5541 2705 5612 exigatur
2735 5539 2827 5593 vel
2861 5540 3151 5608 capi-alar,
3191 5540 3304 5593 nisi
3348 5539 3664 5594 servitium

1995 5645 2168 5686 suum
2198 5629 2453 5686 liberum
2475 5628 2632 5705 quod
2648 5628 2721 5685 de
2754 5627 2894 5703 jure
2916 5627 3093 5686 nobis
3115 5626 3312 5687 facere
3332 5627 3404 5684 de
3430 5625 3576 5683 bent
3606 5628 3664 5685 et
