4048 6164
234 368 399 435 una

1028 545 1073 599 Il

278 635 363 688 De
396 634 491 687 his
522 633 619 703 qui
666 633 736 687 de
787 635 1084 702 parentela
1133 650 1239 689 sua
1286 650 1503 690 uxores
1558 638 1777 705 tenent,
1832 639 1888 690 et

212 738 431 778 uxores
464 725 775 791 parentum
798 738 1069 793 suorum,
1102 724 1367 793 episcopi
1388 724 1729 778 canonicam
1747 723 1884 795 jus-

206 810 397 865 titiam
427 813 849 881 exsequantur.
889 811 1020 865 Rex
1050 813 1204 865 enim
1226 812 1449 865 nullum
1470 812 1604 867 inde
1629 814 1883 868 sustinet

209 899 305 953 vel
336 902 552 967 tuetur,
589 898 695 952 sed
735 898 933 969 potius
964 900 1280 970 episcopos
1312 900 1648 971 adjuvando
1677 902 1881 956 admo-

209 991 313 1043 net
332 990 395 1041 ut
423 988 520 1041 lex
551 986 656 1041 Dei
688 986 935 1041 firmiter
964 990 1248 1042 teneatur.

1008 1074 1080 1129 III

279 1146 642 1217 Presbyteri,
664 1147 921 1214 diaconi;
941 1148 1290 1201 subdiaconi
1309 1151 1363 1201 et
1381 1164 1588 1202 omnes
1612 1150 1879 1204 canonici

213 1238 270 1291 et
301 1235 531 1305 decani,
568 1235 784 1289 nullam
817 1236 1055 1291 omnino
1087 1237 1362 1291 feminam
1412 1237 1681 1291 habeant.
1714 1238 1876 1302 Quod

212 1325 265 1377 si
321 1324 571 1394 posthac
623 1324 839 1395 aliquis
882 1324 1144 1379 eamdem
1198 1325 1426 1395 culpam
1477 1326 1646 1379 visus
1705 1327 1881 1381 fuerit

210 1412 536 1481 incurisse,
564 1413 615 1465 si
649 1428 755 1482 per
782 1413 1086 1467 ministros
1118 1414 1381 1483 episcopi
1404 1415 1569 1484 prius
1600 1415 1733 1468 inde
1756 1415 1879 1468 fue-

209 1500 287 1554 rit
305 1504 644 1569 accusatus,
679 1505 738 1554 in
764 1501 924 1555 curia
956 1502 1221 1572 episcopi
1246 1518 1311 1555 se
1342 1502 1635 1573 purgabit.
1653 1503 1713 1557 Si
1737 1519 1879 1559 vero

207 1589 687 1659 parmcianorum
719 1589 811 1643 vel
844 1589 1213 1643 dominorum
1247 1590 1606 1661 aliquiseum
1630 1576 1878 1646 accusa-

208 1677 381 1745 verit,
418 1678 628 1731 habeat
658 1680 974 1731 accusatus
1019 1679 1307 1746 inducias,
1342 1684 1403 1732 ut
1435 1696 1567 1733 cum
1597 1681 1877 1750 episcopo

206 1766 405 1836 possit
434 1767 623 1837 loqui;
680 1770 736 1821 et
766 1767 817 1819 si
869 1783 1124 1838 purgare
1171 1784 1237 1821 se
1276 1769 1529 1822 voluerit
1585 1770 1640 1822 in
1675 1770 1878 1823 eadem

205 1856 468 1934 peroscia
498 1856 593 1909 cui
626 1855 831 1923 servit,
866 1857 1264 1924 praesentibus
1294 1857 1674 1926 parochianis
1705 1858 1883 1927 pluri-

208 1943 327 1997 bus
360 1947 493 1998 ante
535 1943 840 1998 ministros
888 1945 1153 2015 episcopi
1184 1949 1238 1999 et
1291 1962 1493 1999 coram
1536 1945 1766 2016 judicio
1812 1962 1879 2001 se

203 2033 508 2103 purgabit.
534 2032 594 2087 Si
610 2048 749 2087 vero
765 2049 830 2086 se
851 2049 1109 2105 purgare
1134 2050 1248 2088 non
1271 2035 1543 2104 potuerit,
1562 2034 1877 2089 ecclesiam

205 2120 418 2190 perdat
445 2122 1001 2191 irrecuperabiliter.
1034 2122 1160 2177 Hoc
1191 2127 1386 2178 autem
1404 2139 1511 2178 rex
1555 2124 1878 2193 praedictus

207 2208 433 2275 statuit,
469 2224 585 2263 non
610 2210 949 2278 perenniter
965 2211 1268 2281 episc0pis
1300 2212 1429 2266 suis
1448 2212 1700 2266 debitam
1724 2212 1881 2267 aufe-

205 2297 392 2350 rendo
416 2296 708 2367 justitiam
735 2314 746 2351 :
783 2298 889 2351 sed
922 2298 1056 2368 quia
1085 2314 1153 2352 eo
1183 2302 1446 2368 tempore
1466 2301 1731 2371 episcopi
1764 2301 1875 2354 mi-

208 2400 327 2439 nus
361 2400 537 2455 quam
568 2386 953 2439 convenisset
992 2387 1128 2441 inde
1160 2388 1421 2442 fecerant
1454 2430 1466 2455 ,
1503 2389 1690 2443 donec
1747 2391 1875 2458 ipse

206 2489 416 2529 eorum
444 2474 652 2529 videns
668 2475 1133 2530 emendationem
1155 2477 1244 2530 eis
1273 2476 1545 2532 redderet
1570 2493 1673 2547 pro
1697 2478 1874 2532 bene-

202 2561 385 2626 facto,
419 2562 575 2632 quod
599 2567 737 2617 tunc
760 2563 833 2618 de
856 2579 1031 2617 manu
1058 2579 1266 2619 eorum
1294 2566 1695 2635 temporaliter
1723 2567 1875 2621 tule-

204 2653 299 2706 rat
331 2666 435 2721 pro
467 2652 814 2707 commisso.
948 2654 956 2661 ’

1007 2742 1161 2794 IV‘

277 2828 492 2883 Nullus
526 2828 716 2882 laicus
747 2829 806 2882 in
865 2829 1153 2884 reditibus
1192 2830 1417 2900 altaris,
1452 2831 1546 2886 vel
1578 2833 1638 2886 in
1669 2832 1872 2902 sepul-

202 2922 359 2986 tura,
390 2917 485 2971 vel
506 2917 563 2970 in
582 2917 750 2972 tertia
780 2921 944 2987 parte
975 2918 1221 2973 decimae
1244 2918 1464 2990 aliquid
1496 2920 1726 2989 habeat,
1762 2936 1872 2975 nec

199 3006 520 3077 pecuniam
549 3021 656 3076 pro
686 3006 896 3060 horum
930 3007 1265 3062 venditione
1296 3009 1388 3061 vel
1420 3008 1731 3063 donatione
1762 3010 1872 3063 ali-

202 3097 503 3166 quatenus
533 3094 764 3149 habeat.
799 3095 923 3149 Nec
942 3095 1407 3166 presbyterinde
1440 3098 1747 3151 servitium
1778 3097 1871 3151 fa-

200 3184 342 3252 ciat,
402 3184 518 3236 nisi
574 3184 931 3255 legationem
980 3185 1198 3239 domini
1258 3186 1352 3238 sui
1407 3188 1627 3255 portet,
1678 3186 1756 3239 ita
1811 3189 1874 3241 ut

200 3272 411 3326 eadem
444 3272 537 3326 die
567 3272 638 3325 ad
663 3271 981 3355 ecclesiam
1013 3276 1343 3328 revertatur
1374 3277 1428 3327 et
1456 3274 1529 3328 ad
1549 3275 1868 3342 orationes,
1906 3276 1959 3339 C

192 3375 307 3431 per
340 3361 760 3414 Normanniam
821 3361 1210 3430 solummodo,
1273 3362 1494 3416 victum
1525 3362 1743 3417 domini
1777 3365 1872 3419 sui

197 3450 459 3517 habens,
494 3450 546 3503 si
577 3449 853 3503 dominus
904 3450 1157 3504 voluerit
1186 3466 1390 3505 secum
1439 3452 1634 3518 vadet;
1684 3454 1875 3507 servi-

191 3538 350 3593 tium
371 3539 645 3592 ecclesiae
677 3538 990 3609 presbyter
1019 3539 1251 3593 interim
1282 3544 1467 3594 curet.

272 3698 615 3768 Presbyteri
646 3698 719 3752 ab
770 3627 1069 3767 episcopi:
1100 3698 1193 3753 vel
1225 3699 1297 3753 ab
1347 3715 1551 3754 eorum
1581 3701 1870 3757 ministris

190 3789 425 3859 praeter
446 3786 646 3857 justos
674 3787 901 3841 reditus
939 3787 1225 3857 episcopi,
1259 3787 1315 3840 vi
1350 3788 1444 3842 vel
1496 3789 1671 3843 minis
1730 3789 1870 3843 dare

189 3875 350 3932 nihil
381 3877 688 3946 cogantur.
726 3876 967 3945 Propter
998 3891 1202 3931 eorum
1234 3877 1484 3932 feminas
1511 3878 1669 3931 nulla
1701 3893 1872 3948 pecu-

191 3965 318 4019 niae
351 3964 679 4019 emendatio
710 3965 1001 4035 exigatur.

978 4053 1054 4106 VI

270 4142 692 4195 Archidiaconi
726 4156 832 4211 per
860 4142 1379 4197 archidiaconatus
1411 4159 1557 4199 suos
1596 4143 1779 4198 semel
1812 4144 1871 4197 in

184 4247 357 4286 anno
388 4230 873 4301 presbyterorum
904 4230 1416 4303 suffraganeorum
1438 4249 1681 4288 suorum
1700 4233 1874 4286 vesti-

188 4322 419 4387 menta,
454 4322 510 4373 et
540 4319 777 4387 calices,
813 4324 868 4373 et
904 4320 1091 4374 libros
1123 4320 1379 4390 videant,
1421 4321 1749 4392 designatis
1798 4322 1871 4375 ab

186 4398 489 4479 episcopo
517 4408 576 4461 in
608 4422 962 4479 unoquoque
994 4408 1470 4463 archidiaconatu
1501 4410 1871 4465 solummodo

98 4566 99 4569 η
188 4496 618 4565 tribus_locis,
649 4496 749 4550 ubi
796 4496 975 4550 vicini
1027 4498 1361 4567 presbyteri
1411 4498 1483 4553 ad
1525 4498 1654 4553 haac
1699 4515 1871 4554 mon-

184 4585 442 4641 stranda
474 4588 894 4640 convocentur.
935 4585 1061 4650 Quo
1094 4586 1251 4639 enim
1283 4587 1740 4642 archidiaconus
1797 4589 1867 4642 ad

188 4674 336 4728 haec
364 4674 620 4728 videnda
649 4675 897 4742 venerit,
933 4691 963 4727 a
984 4674 1352 4745 presbyteris
1384 4677 1740 4732 conveniunt
1769 4677 1870 4731 tri-

186 4762 344 4831 duo,
373 4763 429 4816 si
451 4762 703 4833 expedit,
739 4763 958 4817 victum
988 4763 1199 4818 habeat
1230 4764 1346 4819 sibi
1376 4765 1599 4835 quinto.

986 4851 1092 4904 VII

269 4940 337 4993 Si
381 4939 695 5010 presbyter
744 4939 1212 4994 satisfactionem
1260 4940 1465 4996 fecerit
1510 4942 1580 4995 de
1628 4942 1869 4997 forestis

172 5030 381 5099 regis,
415 5030 510 5083 vel
534 5030 821 5084 baronum
854 5028 989 5100 ejus
1021 5030 1243 5084 nullam
1275 5029 1744 5085 emendationem
1775 5033 1868 5085 in-

179 5118 263 5173 de
298 5117 549 5172 habebit
577 5118 917 5189 episcOpus.

971 5207 1097 5260 Vlll

267 5295 615 5366 Presbyteri
635 5296 819 5351 semel
848 5298 909 5350 in
939 5311 1090 5350 anno
1115 5296 1270 5351 circa
1310 5296 1703 5352 Pentecosten
1735 5312 1868 5352 cum

186 5385 702 5455 processionibus
731 5386 861 5441 suis
884 5386 958 5439 ad
996 5387 1235 5439 matrem
1261 5385 1575 5439 ecclesiam
1608 5387 1865 5455 veniant,

180 5476 249 5528 et
280 5473 360 5527 de
391 5473 649 5545 singulis
680 5475 953 5530 domibus
998 5490 1152 5529 cerae
1205 5474 1561 5544 deneratam,
1598 5475 1691 5530 vel
1715 5476 1869 5530 idem

174 5562 428 5632 valens,
463 5562 535 5617 ad
564 5563 1006 5619 illuminandam
1036 5562 1353 5619 ecclesiam
1401 5564 1568 5618 altari
1599 5563 1866 5619 offerant.

179 5649 368 5719 Quod
398 5651 501 5724 qui
522 5650 716 5708 facere
729 5652 1003 5725 noluerit,
1034 5668 1066 5707 a
1083 5650 1433 5725 presbytero
1461 5668 1571 5725 per
1600 5653 1870 5713 ministe-

1829 370 2085 439 LEGES

3516 381 3674 446 1326

1908 548 1965 617 Α
1998 565 2151 619 rium
2177 581 2352 621 suum
2384 571 2630 639 cogatur
2661 568 2770 621 hoc
2819 567 3054 623 solvere
3093 568 3222 623 sine
3256 570 3664 627 emendatione

2002 657 2289 725 pecuniae.

2790 746 2868 798 IX

2073 850 2291 904 Laicus
2318 852 2731 921 presbyterum
2762 868 2881 906 non
2908 852 3004 906 det
3034 853 3129 906 vel
3151 853 3367 907 adimat
3392 855 3664 910 ecclesiae

2004 938 2121 991 nisi
2151 954 2224 992 ex
2254 953 2555 993 consensu
2590 941 2892 1009 praesulis.
2926 940 3109 1005 Qu'em
3140 944 3334 996 tamen
3368 984 3381 1010 ,
3437 944 3490 997 si
3528 944 3664 1014 reji-

2003 1027 2248 1080 ciendus
2280 1030 2391 1085 est.
2425 1028 2742 1097 episc0pus
2765 1045 2883 1083 non
2914 1030 3179 1098 repellat;
3211 1034 3269 1085 et
3289 1031 3341 1085 si
3372 1032 3667 1103 repellen-

2002 1116 2115 1171 dus
2141 1128 2229 1170 tot
2264 1137 2377 1170 Δλυιι
2408 1118 2679 1172 retineat.

2800 1208 2853 1260 X

2069 1294 2131 1346 In
2160 1294 2518 1348 cmmeteriis
2550 1295 2941 1349 ecclesiarum
2972 1312 3103 1375 qua;
3133 1301 3274 1351 sunt
3321 1298 3381 1352 in
3405 1298 3659 1352 civitati-

1996 1381 2132 1449 bus,
2153 1384 2243 1437 vel
2266 1384 2322 1435 in
2338 1383 2619 1451 castellis,
2636 1385 2731 1437 vel
2752 1384 2811 1437 in
2834 1385 3065 1456 burgis,
3091 1386 3375 1457 quidquid
3397 1387 3664 1457 epiSOOpi

1996 1473 2258 1538 tempore
2291 1470 2572 1525 Rodberti
2621 1472 2873 1537 comitis,
2910 1474 2966 1525 et
2996 1472 3281 1527 Willelmi
3329 1474 3492 1545 regis
3526 1473 3660 1545 ejus

1994 1573 2295 1613 consensu
2325 1559 2658 1613 habuerunt
2691 1601 2704 1628 ,
2739 1560 3004 1630 episcopi
3038 1561 3307 1616 habeant.
3343 1562 3407 1616 In
3439 1577 3659 1616 coeme-

1991 1647 2160 1701 teriis
2191 1663 2331 1702 vero
2346 1664 2478 1718 quas
2502 1648 2561 1700 in
2584 1649 2846 1702 marchis
2862 1652 3017 1718 sunt,
3038 1650 3091 1703 si
3114 1666 3331 1721 guerra
3374 1650 3570 1719 fuerit,
3603 1654 3660 1705 et

1991 1735 2170 1806 aliqui
2204 1736 2275 1789 ad
2306 1735 2687 1790 habitandum
2718 1737 2801 1789 ibi
2841 1737 3055 1791 faciant
3095 1739 3481 1806 mansionem,
3518 1738 3658 1793 dum

1991 1840 2208 1895 guerra
2241 1824 2559 1893 duraverit,
2593 1828 2649 1879 et
2687 1825 2803 1894 ipsi
2832 1829 3072 1894 propter
3101 1842 3380 1897 guerram
3416 1828 3476 1882 in
3506 1828 3656 1882 atrio

1914 1923 1963 1985 Β
1992 1914 2336 1983 manserint,
2396 1913 2612 1969 nullam
2661 1914 3103 1967 forisfacturam
3153 1916 3226 1970 ab
3287 1916 3374 1970 eis
3418 1916 3659 1971 habebit

1990 2002 2331 2072 episcopus,
2356 2002 2473 2056 nisi
2496 2018 2671 2072 quam
2687 2002 3338 2074 habuisset,antequam
3355 2005 3429 2058 ad
3448 2005 3661 2059 atrium

1991 2091 2425 2162 confugissent.
2483 2090 2627 2144 Cum
2683 2094 2878 2145 autem
2942 2109 3053 2161 pax
3103 2093 3254 2146 facta
3300 2093 3498 2159 fuerit,
3558 2094 3659 2164 qui

1988 2183 2231 2249 propter
2254 2195 2530 2251 guerram
2562 2179 2859 2250 fugerant,
2893 2180 2963 2234 de
2981 2180 3129 2234 atrio
3148 2182 3310 2235 exire
3342 2186 3655 2253 cogantur,

1987 2274 2089 2322 aut
2117 2268 2557 2337 episcopalibus
2579 2267 2818 2338 legibus
2839 2272 3265 2336 supponantur.
3293 2269 3405 2334 Qui
3424 2286 3568 2325 vero
3598 2270 3659 2324 in

1986 2357 2290 2426 praedictis
2315 2356 2671 2409 cmmeteriis
2700 2356 2998 2426 antiquius
3027 2362 3390 2426 manserunt,
3418 2358 3478 2415 in
3500 2357 3655 2413 anti-

1988 2461 2105 2516 qua
2127 2444 2464 2516 quietudine
2486 2447 2884 2513 permaneant.

2778 2533 2856 2587 ΧΙ

2056 2623 2344 2678 Ecclesiae
2374 2622 2646 2675 villarum
2697 2626 2980 2692 quantum
3011 2623 3372 2679 coemeteriis
3422 2624 3651 2681 habue-

1985 2717 2120 2768 runt
2148 2716 2409 2782 tempore
2462 2711 2745 2766 Rodberti
2779 2712 3032 2782 comitis,
3086 2712 3180 2769 vel
3213 2716 3492 2783 quantum
3541 2715 3651 2769 ha-

1982 2803 2235 2857 buerunt
2319 2816 2510 2870 usque
2564 2800 2637 2853 ad
2687 2800 2845 2853 istud
2904 2801 3240 2871 concilium,
3272 2804 3496 2857 tantum
3540 2803 3651 2858 ha-

1980 2892 2157 2945 beant
2182 2909 2194 2955 ;
2215 2893 2271 2944 et
2290 2890 2349 2942 in
2372 2889 2460 2942 eis
2478 2903 2581 2942 eas
2603 2888 3068 2943 consuetudines
3087 2889 3341 2943 habeant
3357 2891 3645 2963 episcopi,

1979 2995 2127 3050 quas
2157 2983 2418 3047 tempore
2442 2976 2757 3031 Rodbertis
2790 2977 3023 3032 comitis
3054 2978 3145 3032 vel
3166 2977 3450 3031 Willelmi
3481 2980 3646 3050 regis

1980 3067 2115 3138 ejus
2150 3082 2450 3122 consensu
2494 3066 2847 3133 habuerunt,
2902 3066 3017 3120 nisi
3066 3066 3333 3135 episcOpi
3387 3066 3645 3137 aliquam

1978 3156 2379 3227 quietudinem
2411 3154 2659 3209 fecerint
2688 3155 3046 3211 concedente
3070 3170 3212 3226 rege
3234 3154 3557 3210 Willelmo.
3583 3155 3646 3211 Si

1978 3249 2112 3315 post
2144 3244 2455 3300 concilium
2489 3244 2641 3297 intra
2672 3243 2868 3297 villam
2913 3244 3109 3313 aliqua
3164 3259 3314 3297 nova
3364 3243 3639 3314 ecclesia,

1979 3335 2075 3403 sit,
2110 3333 2281 3387 faciat
2330 3333 2647 3402 episcopus
2710 3332 3114 3386 coemeterium
3165 3332 3639 3388 consideratione

1977 3423 2348 3478 dominorum
2379 3425 2436 3475 et
2480 3420 2974 3491 parochianorum
3028 3420 3300 3491 ejusdem
3344 3422 3639 3478 ecclesiae.

1978 3513 2039 3567 Si
2070 3528 2213 3567 vero
2264 3514 2428 3564 extra
2464 3510 2662 3562 villam
2693 3525 2843 3563 nova
2904 3509 3002 3563 ﬁat
3058 3509 3335 3578 ecclesia,
3388 3510 3638 3583 indeque

1980 3601 2219 3656 habebit
2250 3599 2508 3671 quinque
2533 3599 2790 3668 perticas
2823 3599 3164 3654 coameterii.

2760 3687 2863 3740 x11
3163 3668 3172 3683 ‘

2050 3779 2110 3832 Si
2170 3778 2421 3832 donatur
2467 3776 2774 3829 monachis
2832 3776 3115 3843 ecclesia,
3177 3778 3491 3849 presbyter
3541 3779 3644 3850 qui

1979 3868 2250 3939 ejusdem
2285 3866 2441 3919 tenet
2462 3863 2776 3917 ecclesiam
2798 3863 3123 3918 honorifice
3144 3868 3337 3919 teneat
3357 3866 3644 3937 quidquid

1981 3958 2052 4011 de
2083 3956 2285 4009 eadem
2309 3952 2562 4007 ecclesia
2592 3951 2835 4004 haberet
2865 3955 3177 4021 antequam
3208 3956 3482 4009 monachi
3512 3970 3641 4009 eam

1980 4046 2303 4111 haberent;
2362 4044 2419 4096 et
2469 4045 2626 4094 tanto
2683 4039 2916 4107 melius,
2972 4045 3189 4109 quanto
3239 4044 3640 4098 sanctioribus

1980 4134 2315 4189 associatur
2363 4129 2699 4185 hominibus
2743 4143 2813 4183 eo
2861 4132 3055 4182 autem
3085 4134 3338 4199 mortuo,
3376 4133 3469 4185 vel
3528 4133 3639 4185 ali-

1980 4228 2269 4295 quatenus
2292 4219 2618 4287 deﬁciente,
2643 4216 2829 4270 abbas
2849 4216 3123 4270 idoneum
3150 4222 3375 4287 quierat
3400 4218 3640 4289 presby-

1975 4316 2190 4379 terum,
2225 4314 2281 4364 et
2342 4308 2623 4377 episcopo
2656 4322 2787 4359 eum
2820 4320 2926 4374 per
2964 4320 3029 4359 se
3058 4304 3152 4359 vel
3209 4321 3315 4376 per
3372 4307 3639 4361 nuntium

1978 4416 2152 4455 suum
2184 4395 2683 4459 ostendat.Quem,
2712 4394 2765 4447 si
2787 4392 3164 4463 recipiendus
3183 4397 3293 4461 est,
3319 4394 3639 4464 episcopus

1974 4488 2238 4558 recipiat.
2274 4486 2335 4540 Si
2366 4500 2504 4539 vero
2524 4483 2834 4554 presbyter
2864 4498 3001 4536 cum
3031 4482 3336 4537 monachis
3355 4482 3640 4554 religiose

1976 4578 2176 4631 vivere
2215 4574 2485 4641 voluerit,
2517 4572 2713 4626 videat
2743 4575 2805 4624 ut
2830 4570 3104 4641 ecclesia,
3126 4588 3300 4642 quam
3318 4570 3642 4641 episcopali

1976 4665 2209 4721 licentia
2238 4663 2494 4731 intravit,
2548 4662 2794 4714 honeste
2828 4662 3130 4729 tractetur,
3190 4663 3306 4713 tam
3338 4660 3397 4713 in
3450 4659 3639 4714 vesti-

1975 4754 2189 4809 mentis
2237 4769 2409 4824 quam
2444 4749 2612 4805 libris
2646 4753 2702 4803 et
2732 4749 2965 4803 caeteris
2998 4748 3272 4804 ecclesiae
3306 4748 3639 4803 serviendaa

1979 4838 2697 4909 necessariis,secundum
2713 4837 2980 4909 ejusdem
2997 4838 3269 4892 ecclesiae
3283 4836 3638 4892 facultatem.

1978 4932 2145 4996 Quod
2175 4931 2227 4985 si
2257 4930 2568 5001 presbyter
2598 4943 2728 4982 cum
2763 4926 3069 4981 monachis
3103 4926 3327 4994 vivere,
3362 4925 3639 4996 noluerit,

1978 5024 2200 5075 tantum
2224 5021 2277 5073 ei
2309 5020 2404 5073 det
2420 5017 2606 5072 abbas
2636 5016 2707 5071 de
2728 5016 2903 5070 bonis
2921 5015 3213 5081 ecclesiae,
3234 5014 3388 5069 unde
3406 5017 3462 5069 et
3491 5014 3644 5069 bene

1981 5110 2202 5179 vivere,
2237 5112 2293 5163 et
2320 5106 2593 5162 ecclesia:
2638 5105 2946 5159 servitium
2977 5103 3398 5157 convenienter
3455 5103 3648 5157 valeat

1980 5198 2318 5268 adimplere.
2352 5194 2517 5259 Quod
2549 5194 2599 5248 si
2630 5194 2815 5249 abbas
2845 5192 3040 5247 facere
3088 5192 3364 5261 noluerit,
3397 5192 3470 5246 ab
3517 5192 3645 5263 epi-

1981 5302 2165 5359 scopo
2207 5284 2628 5341 convenienter
2684 5284 2931 5354 cogatur
2960 5285 3023 5335 ut
3070 5279 3264 5335 faciat.
3320 5280 3646 5352 Presbyter

1980 5393 2120 5432 vero
2152 5375 2434 5447 episcOpo
2453 5371 2742 5443 suojuste
2775 5371 2851 5425 sit
2882 5370 3250 5438 subditus,et
3272 5369 3646 5439 episcopales

1978 5467 2208 5522 reditus
2264 5463 2582 5535 persolvat.
2632 5459 2776 5525 Quas
2824 5475 2969 5514 vero
3030 5458 3535 5529 superabundant,
3585 5458 3648 5511 in

1979 5572 2128 5610 usus
2177 5550 2522 5609 monasterii
2573 5549 2667 5604 sui
2704 5548 2889 5603 abbas
2933 5548 3163 5603 habeat.
3219 5547 3345 5603 Hoc
3373 5546 3530 5602 idem
3585 5543 3646 5601 in

1978 5644 2255 5705 ecclesiis
2288 5640 2706 5698 canonicorum
2736 5637 3106 5701 observetur.
