4048 6164
540 357 699 423 1327

1308 557 1441 613 XIII

613 648 865 705 Violatio
896 648 1169 703 ecclesiae
1200 650 1257 702 et
1286 648 1437 715 atrii,
1489 649 1642 702 sicut
1672 650 1950 719 superius
2007 650 2204 705 deter-

538 738 822 795 minatum
874 743 984 804 est,
1036 740 1093 791 et
1143 737 1462 791 commissa
1518 753 1625 805 pro
1667 737 1884 807 quibus
1943 738 2204 793 divinum
2246 764 2260 783 κ

543 828 805 883 ofﬁcium
834 830 1116 893 remanet,
1149 826 1450 894 episcopis
1511 842 1615 893 per
1644 828 1953 894 pecuniam
2001 843 2205 881 emen-

541 916 773 971 dentur.
801 916 1097 969 ‘Assultus
1128 914 1187 967 in
1238 914 1440 967 itinere
1474 913 1747 967 ecclesia;
1808 916 2097 969 similiter.
2146 916 2205 970 Si

542 1005 681 1076 quis
712 1004 897 1058 iratus
928 1004 1304 1073 persequitur
1338 1004 1513 1055 alium
1548 1004 1606 1056 in
1638 1004 1846 1057 atrium
1891 1005 1981 1058 vel
2016 1005 2072 1056 in
2105 1021 2203 1059 ec-

544 1093 808 1161 clesiam,
846 1092 1135 1145 similiter.

613 1182 675 1236 Si
709 1182 962 1234 clericus
994 1185 1118 1232 arat
1148 1182 1235 1232 vel
1265 1181 1513 1233 aedificat
1538 1182 1594 1234 in
1639 1184 1784 1233 atrio
1819 1183 1946 1234 sine
1972 1182 2207 1249 po..titi-

543 1270 653 1325 cali
680 1270 935 1337 licentia,
959 1269 1317 1322 similiterSi
1341 1270 1596 1322 clericus
1623 1275 1847 1337 raptum
1883 1271 2208 1339 fecerit,vel

538 1356 780 1427 furtum,
814 1358 907 1427 vel
940 1359 1193 1428 aliquem
1238 1360 1605 1427 percusserit
1654 1362 1752 1411 aut
1784 1359 2203 1426 vulneraverit,

541 1448 638 1502 vel
668 1447 971 1515 occiderit,
1016 1449 1115 1499 aut
1169 1446 1428 1500 duellum
1478 1446 1608 1500 sine
1665 1447 1899 1500 licentia
1940 1448 2208 1517 episcopi

541 1536 899 1605 susceperit,
920 1538 1018 1588 aut
1035 1550 1290 1589 nannum
1312 1534 1642 1603 fecerit,aut
1656 1535 1948 1589 assultum
1972 1535 2203 1605 fecerit,

536 1628 636 1679 aut
669 1624 889 1695 aliquid
914 1623 1133 1693 injuste
1164 1623 1442 1692 saisierit,
1479 1628 1577 1676 aut
1606 1623 1943 1678 incendium
1975 1623 2201 1694 fecerit,

1703 358 2137 423 WILLELMI
2177 358 2821 463 GONQUESTORIS

3744 371 3876 441 >188

2232 543 2291 604 A
2318 562 2590 618 inﬁcians
2639 564 2782 619 ferri
2831 563 3063 636 judicio
3146 567 3503 622 convincitur
3551 574 3757 642 excepta
3800 574 3876 631 Dei

2317 654 2525 721 trevxa,
2556 652 2849 708 similiter.
2878 653 2987 717 Qui
3025 653 3274 725 justitim
3303 656 3581 713 resistens
3616 675 3876 718 excommu-

2318 741 2503 794 nicari
2528 757 2593 795 se
2625 743 2858 812 patitur,
2904 743 3192 797 similiter.

2388 830 2888 885 Parochianorum
2920 833 3163 886 crimina
3187 833 3459 904 episcopo
3478 837 3791 906 pertinentia,
3807 841 3874 894 ubi

2317 921 2681 973 consuetudo
2714 920 2821 973 fuit
2852 920 3266 992 cpiscOporum
3292 922 3508 993 judicio
3534 927 3875 995 examinentur,

2314 1008 2375 1061 Si
2407 1009 2791 1062 contradictio
2837 1009 3220 1079 judicationis
3255 1011 3400 1065 facta
3456 1012 3631 1081 fuerit,
3660 1020 3765 1069 ante
3789 1019 3875 1086 epi-

2312 1113 2555 1165 sc0pum
2625 1098 2967 1152 diffiniatur.
3002 1099 3062 1152 Si
3123 1100 3260 1152 furti
3318 1098 3593 1170 judicium
3629 1102 3874 1173 judicatum

2313 1185 2505 1252 fuerit,
2539 1190 2669 1239 ante
2699 1192 2936 1239 “latrem
2980 1187 3305 1242 Eae-losiam
3336 1191 3668 1251 terminetur.
3686 1192 3733 1246 Si
3752 1198 3873 1262 plana

2313 1274 2407 1326 lex
2450 1275 2714 1328 facienda
2748 1276 2878 1344 erit,
2914 1276 2991 1328 ibi
3026 1278 3119 1329 tiat
3145 1278 3241 1330 ubi
3278 1277 3543 1347 placitum
3572 1280 3711 1349 prius
3737 1282 3813 1335 fuit
3836 1285 3875 1336 in

2313 1362 2595 1431 parochia
2628 1364 2894 1433 episcopi
2927 1365 3055 1419 sine
3089 1364 3324 1419 licentia
3356 1367 3485 1437 ejus
3516 1369 3688 1422 nullus
3724 1371 3873 1425 audeat

2314 1451 2661 1521 praedicare.

2384 1539 2493 1603 Qui
2560 1540 2877 1610 pi‘mdictas
2927 1542 3134 1612 culpas
3179 1544 3470 1613 inciderit,
3526 1546 3574 1601 si
3626 1550 3791 1617 sponte
3828 1549 3876 1603 ad

2314 1630 2714 1698 paenitentiam
2744 1631 2993 1699 venerit,
3028 1632 3370 1702 poenitentia
3399 1635 3454 1689 ei
3508 1650 3605 1697 pro
3631 1652 3727 1706 quo
3749 1636 3875 1706 quali-

536 1717 635 1767 aut
667 1728 843 1774 manu
858 1715 1068 1783 pastus
1098 1711 1255 1782 ejus,
1288 1716 1387 1765 aut
1419 1712 1711 1766 habitator
1731 1713 1882 1778 atrii,
1908 1713 2199 1768 similiter.
2235 1724 2287 1785 Β
2314 1720 2429 1771 tate
2453 1718 2718 1773 criminis
2748 1718 3114 1792 injungatur,
3129 1724 3187 1775 et
3214 1723 3466 1793 pecunia
3495 1723 3778 1779 nullatenus
3794 1726 3872 1779 exi-

531 1800 596 1858 Si
626 1802 884 1856 clericus
926 1802 1282 1855 adulterium
1334 1800 1543 1855 fecerit
1595 1804 1693 1855 aut
1739 1802 2052 1870 incestum,
2090 1803 2202 1863 _si-

531 1890 768 1945 militer.
800 1890 862 1944 Si
890 1890 1205 1960 presbyter
1228 1890 1300 1943 de
1330 1890 1661 1945 ministerio
1683 1906 1793 1944 suo
1816 1890 2198 1960 satisfecerit,

533 1978 827 2033 similiter.
885 1979 1222 2049 Presbyteri
1274 1978 1372 2048 qui
1431 1978 1505 2031 ad
1536 1979 1827 2048 synodum
1850 1979 2054 2033 venire
2089 1995 2200 2034 ne-

534 2067 847 2141 glexerint,
882 2067 1187 2134 similiter;
1218 2070 1273 2121 et
1313 2067 1410 2137 qui
1444 2068 1733 2137 synodum
1793 2070 1850 2122 et
1906 2069 2202 2122 circadam

533 2157 770 2211 statutis
799 2156 1067 2209 terminis
1102 2171 1217 2209 non
1251 2156 1633 2221 reddiderint,
1666 2156 1956 2211 similiter.
1990 2158 2053 2209 Si
2086 2157 2202 2210 cle-

530 2245 695 2300 ricus
720 2260 997 2300 coronam
1031 2260 1197 2297 suam
1229 2244 1540 2311 dimiserit,
1571 2245 1861 2298 similiter.
1900 2244 1963 2299 Si
1993 2260 2202 2299 mona-

532 2334 685 2390 chus
714 2336 807 2389 vel
859 2335 1167 2401 monacha,
1200 2334 1301 2403 qui
1332 2338 1471 2387 sunt
1502 2334 1631 2387 sine
1662 2335 1888 2405 regula,
1937 2334 2202 2388 habitum

533 2438 707 2479 suum
740 2424 1091 2491 dimiserint,
1127 2424 1417 2477 similiter.
1453 2423 1514 2476 Si
1540 2424 1854 2494 presbyter
1872 2424 2076 2478 treviae
2096 2424 2203 2477 Dei

533 2511 889 2567 infractores
939 2515 995 2565 et
1033 2513 1294 2565 latrones
1338 2512 1466 2566 sine
1500 2511 1734 2567 licentia
1767 2512 2038 2582 episcopi
2097 2528 2201 2566 ex-

533 2600 1122 2665 communicaverint,
1156 2600 1450 2655 similiter.

606 2686 670 2743 Si
699 2689 1015 2743 erraticum
1046 2689 1272 2743 habens
1303 2690 1462 2759 quod
1500 2689 1679 2760 vulgo
1710 2688 1919 2743 weidif
1959 2688 2196 2758 dicitur,

529 2778 765 2834 venerit
794 2778 854 2831 in
890 2778 1114 2831 curiam
1174 2778 1503 2832 sacerdotis
1561 2779 1656 2831 vel
1708 2777 1932 2846 clerici,
1984 2778 2084 2848 qui
2140 2778 2199 2831 in

534 2865 686 2921 atrio
703 2871 997 2935 maneant,
1017 2866 1110 2919 vel
1129 2866 1188 2920 in
1210 2867 1584 2936 eleemosyna
1606 2866 1879 2937 ejusdem
1900 2866 2195 2936 ecclesiae,

531 2958 597 3010 ut
623 2955 683 3010 in
699 2955 846 3009 atrio
876 2955 1139 3025 episcopi
1164 2955 1364 3009 erit.Si
1399 2955 1540 3026 quid
1570 2971 1676 3024 per
1706 2956 2199 3025 contemptionem

531 3044 594 3099 in
625 3044 798 3100 domo
827 3044 1183 3114 presbyteri,
1219 3043 1311 3098 vel
1342 3044 1566 3111 clerici,
1599 3044 1692 3098 vel
1723 3043 1783 3097 in
1813 3044 1962 3097 atrio
1995 3059 2200 3099 sacer-

532 3133 811 3201 dotis,vel
834 3148 1040 3187 eorum
1052 3148 1226 3187 manu
1248 3135 1417 3201 pasto
1431 3133 1698 3186 relictum
1716 3131 1911 3199 fuerit,
1935 3132 2199 3202 episcopi

535 3222 666 3277 erit.
701 3221 933 3292 Siquid
990 3222 1050 3275 in
1106 3221 1459 3274 ecclesiavel
1545 3221 1604 3274 in
1663 3220 1809 3274 atrio
1866 3221 2202 3275 inveniatur

531 3310 630 3366 vel
657 3311 1045 3382 relinquatur,
1081 3310 1348 3378 episcopi
1371 3310 1499 3363 erit.

606 3399 670 3454 Si
700 3400 835 3469 quis
863 3399 1277 3468 presbyterum
1313 3401 1410 3450 aut
1463 3398 1817 3451 monachum
1863 3402 1962 3452 aut
1996 3414 2201 3452 mona-

535 3487 708 3542 cham
735 3487 1034 3540 assalierit
1084 3489 1183 3539 aut
1227 3485 1598 3555 percusserit
1656 3489 1754 3540 aut
1810 3488 2049 3556 ceperit,
2106 3491 2205 3542 aut

536 3575 844 3643 occiderit,
895 3578 993 3627 aut
1050 3589 1258 3628 eorum
1296 3574 1506 3628 domos
1550 3575 1609 3627 in
1659 3574 1806 3628 atrio
1855 3575 2200 3644 incenderit,

537 3663 812 3718 similiter
839 3662 1189 3716 emendabit.
1225 3662 1284 3715 Si
1318 3662 1452 3733 quis
1501 3662 1852 3718 adulterium
1902 3667 2002 3718 aut
2046 3663 2202 3719 ince-

537 3754 697 3807 stum
736 3751 942 3805 fecerit
971 3754 1068 3805 aut
1116 3767 1249 3805 cum
1302 3753 1571 3821 matrina,
1604 3752 1698 3806 vel
1737 3757 2075 3822 commatre,
2108 3752 2203 3807 vel

538 3857 671 3895 cum
704 3840 880 3894 filiola
910 3840 1137 3906 coierit,
1172 3840 1461 3895 similiter.
1496 3840 1556 3894 Si
1589 3842 1724 3912 quis
1759 3856 2001 3895 uxorem
2031 3856 2202 3896 suam

538 3929 633 3984 vel
656 3929 709 3983 si
731 3944 844 4007 qua
875 3929 1068 3983 virum
1098 3944 1272 3983 suum
1296 3929 1423 3983 sine
1448 3928 1675 3999 judicio
1724 3929 2005 4000 praesulis
2056 3929 2200 3983 reli-

536 4018 748 4090 querit,
781 4018 1072 4072 similiter.
1105 4016 1215 4082 Qui
1234 4022 1498 4072 mortuos
1532 4018 1868 4087 consulunt,
1900 4018 1996 4073 vel
2022 4018 2199 4073 male-

536 4107 671 4163 ﬁcia
684 4109 952 4173 tractant,
1015 4106 1286 4161 similiter
1317 4123 1329 4161 :
1365 4107 1467 4177 qui
1494 4107 1781 4162 intentum
1810 4106 1927 4162 sibi
1974 4106 2199 4162 crimen

2358 1810 2508 1861 atur.

2314 1822 2508 1877 gatur.
3432 1834 3439 1841 ί

2384 1895 2443 1949 Si
2476 1896 2663 1950 laicus
2688 1897 2747 1950 in
2776 1898 2924 1952 atrio
2945 1901 3175 1969 raptum
3206 1899 3443 1970 fecerit,
3474 1902 3720 1973 episcopo
3736 1916 3870 1956 emen-

2313 1984 2472 2038 dabit
2507 2000 2517 2039 :
2547 1986 2762 2041 sivero
2793 1987 2933 2040 alibi
2958 1987 3184 2058 fecerit,
3218 1990 3718 2061 quomodocunque
3741 1990 3867 2053 facint,

2311 2074 2632 2144 episcopus
2661 2075 2807 2129 nihil
2840 2076 3100 2132 habebit.

2386 2179 2507 2233 Has
2540 2182 3005 2237 consuetudines
3038 2182 3307 2254 episcopi
3329 2184 3577 2240 habeant
3601 2187 3654 2239 in
3672 2184 3763 2239 illis
3776 2185 3870 2238 locis

2310 2269 2371 2322 in
2398 2269 2617 2338 quibus
2640 2286 2742 2323 eas
2766 2274 3028 2341 tempore
3062 2273 3352 2327 Rodberti
3383 2274 3603 2329 comitis
3627 2275 3703 2328 vel
3719 2272 3870 2326 Willel-

2311 2358 2391 2410 mi
2422 2359 2586 2429 regis
2620 2358 2755 2429 ejus
2800 2361 3234 2416 concesssione
3288 2361 3571 2417 hactenus
3615 2362 3865 2416 habuerunt.

2310 2446 2452 2511 Quae
2474 2463 2617 2501 vero
2649 2449 2842 2518 quieta
2861 2448 3117 2515 fuerunt,
3144 2465 3278 2504 eam
3311 2452 3687 2522 quietudinem
3702 2449 3869 2503 habeant

2313 2550 2487 2604 quam
2508 2535 2624 2590 huc
2655 2537 3070 2607 usque‘solide
3114 2541 3453 2595 tenuerunt.
3484 2539 3545 2594 In
3573 2539 3658 2594 his
3681 2537 3868 2593 omnibus

2309 2623 2561 2694 justitiis
2591 2626 2649 2680 et
2690 2626 3224 2682 consuetudinibus
3257 2645 3371 2683 rex
3415 2629 3528 2684 sibi
3555 2629 3732 2684 retinet
3771 2623 3865 2696 quod

2315 2713 2625 2785 hucusque
2656 2713 2879 2770 habuit.

2386 2803 2447 2856 Si
2477 2804 2797 2874 presbyter
2845 2805 3067 2859 domini
3095 2807 3189 2861 sui
3215 2805 3510 2877 judicium
3554 2803 3867 2861 contradiun't

2231 2889 2280 2950 C
2315 2891 2386 2946 de
2418 2892 2827 2948 ecclesiastica
2859 2909 3059 2963 causa,
3093 2898 3150 2949 et
3180 2912 3319 2951 eum
3354 2896 3415 2950 in
3446 2896 3652 2952 curiam
3689 2889 3867 2964 episcopi

2314 2981 2506 3036 eundo
2538 2982 2760 3054 injuste
2793 2982 3000 3037 fecerit
3022 2984 3296 3056 fatigare,
3312 2986 3515 3040 decem
3531 2984 3727 3040 solidos
3742 2994 3866 3036 emen-

2311 3070 2472 3125 dabit
2501 3071 2739 3126 domino
2763 3088 2895 3127 suo.

2382 3159 2445 3214 Si
2466 3160 2732 3230 episcopi
2753 3160 2973 3232 aliquid
3006 3161 3163 3233 quod
3196 3162 3296 3216 hic
3328 3178 3448 3219 non
3474 3163 3549 3217 sit
3570 3162 3813 3229 scriptum,
3833 3155 3866 3207 in

2311 3250 2475 3320 regis
2498 3250 2663 3304 curia
2703 3251 2937 3318 possint
2956 3253 3295 3307 monstrare
3323 3268 3392 3307 se
3415 3251 3679 3307 habuisse
3690 3253 3866 3315 tempore

2315 3338 2598 3392 Rodberti
2629 3338 2863 3393 comitis
2893 3338 2990 3393 vel
3024 3338 3315 3395 Willelmi
3347 3342 3509 3413 regis
3558 3339 3676 3410 ejus
3699 3346 3866 3391 conces-

2310 3425 2613 3496 sione,rex
2633 3428 2722 3481 eis
2753 3442 2871 3481 non
2891 3428 3054 3482 tollet
3081 3429 3228 3499 quin
3258 3428 3512 3485 habeant
3538 3444 3550 3483 :
3571 3419 3865 3482 tantummodo

2309 3515 2447 3569 illuc
2478 3515 2811 3571 nullatenus
2845 3515 3113 3584 saisiant,
3135 3517 3329 3573 donec
3356 3518 3417 3572 in
3448 3518 3599 3572 curia
3621 3516 3731 3586 ejus
3758 3524 3865 3565 mon-

2310 3606 2498 3657 strent
2528 3604 2684 3675 quod
2717 3601 2940 3659 habere
2968 3605 3241 3660 debeant.
3293 3605 3566 3661 Similiter
3592 3604 3733 3661 etiam
3758 3595 3863 3652 laicis

2309 3696 2548 3763 propter
2579 3692 2689 3748 hoc
2720 3693 3007 3763 scriptum
3028 3694 3311 3749 rexinibil
3342 3695 3507 3763 tollit,
3530 3694 3668 3766 quod
3694 3694 3739 3744 in
3761 3686 3863 3741 curia

2310 3784 2474 3853 regis
2522 3785 2854 3837 monstrare
2910 3784 3147 3853 possint
3204 3785 3523 3856 episcopos
3582 3797 3683 3837 non
3721 3777 3861 3832 debere

2310 3871 2549 3926 habere.
2584 3871 3011 3927 Tantummodo
3058 3874 3382 3945 episcOpos
3414 3875 3544 3928 inde
3569 3887 3671 3928 non
3709 3863 3862 3923 dessai-
3938 3914 3939 3919 η

2313 3961 2466 4015 siant
2495 3960 2684 4015 donec
2719 3961 2780 4015 iu
2839 3961 3003 4016 curia
3034 3963 3199 4034 regis
3258 3965 3631 4018 monstratum
3671 3959 3733 4013 sit
3763 3947 3861 4025 quot}
3936 3980 3937 4015 ι

2310 4051 2577 4121 episcopi
2610 4050 2745 4105 inde
2775 4049 2999 4106 habere
3029 4067 3144 4106 non
3166 4051 3442 4108 debeant.
3932 4052 3935 4121 l

626 4304 719 4369 In
748 4302 1236 4386 manuscripto
1267 4302 1680 4386 exemplari
1702 4302 1966 4386 synodo
2032 4300 2533 4367 Juliobonensz'
2588 4300 3078 4385 praemittitur
3111 4303 3460 4386 synodale
3493 4286 3857 4388 decretin

526 4410 708 4477 pace
756 4412 915 4475 qua:
946 4376 1165 4476 vulg-0
1194 4392 1326 4457 Dez'
1356 4376 1588 4479 treoz'a
1616 4376 1913 4473 dicitur,
1946 4398 2013 4457 et
2053 4411 2217 4479 quae
2255 4390 2369 4455 die
2424 4376 2777 4456 Mercurii
2815 4391 3100 4476 incipit,
3135 4376 3595 4457 constitutum
3635 4407 3673 4453 a
3713 4376 3853 4450 Guil-

536 4479 745 4548 lelmo
772 4481 1048 4547 seniore
1074 4500 1239 4565 rege
1266 4477 1668 4565 Anglorum
1696 4485 1760 4547 et
1798 4481 1969 4546 duce
1983 4477 2593 4555 Normannorum,
2630 4484 2697 4545 et
2725 4481 3072 4565 episcopis
3108 4479 3555 4547 Nomnnnice.

606 4694 847 4749 Fratres
870 4693 930 4748 in
954 4692 1201 4746 Domino
1232 4691 1656 4759 cbarissimi,in
1686 4706 1831 4761 pace
1859 4705 1994 4761 quae
2018 4689 2198 4761 vulgo
2227 4666 2278 4721 D
2305 4687 2488 4759 episc.
2515 4690 2702 4756 exeat,
2735 4684 3019 4757 quidquid
3041 4683 3180 4738 fecit
3211 4688 3413 4738 contra
3444 4696 3632 4754 pacem
3664 4668 3851 4761 emend?

533 4783 750 4841 dicitur
778 4782 962 4838 trevia
995 4781 1120 4849 Dei,
1148 4784 1203 4835 et
1235 4796 1366 4851 quis
1394 4796 1427 4834 a
1457 4779 1550 4833 die
1574 4780 1850 4833 Mercurii
1880 4776 2007 4833 sole
2038 4778 2200 4831 occi-

496 4932 509 4938 _
532 4873 707 4929 dente
739 4871 961 4942 incipit,
996 4874 1051 4924 et
1080 4870 1172 4923 die
1203 4869 1386 4923 Lunae
1420 4869 1546 4923 sole
1576 4870 1857 4923 nascente
1889 4867 2035 4936 finit,
2070 4866 2200 4921 hac

532 4978 668 5035 qua
700 4962 889 5016 dicam
935 4959 1110 5013 vobis
1154 4957 1596 5028 promptissima
1627 4959 1820 5010 mente
1881 4955 2092 5009 dehinc
2140 4956 2198 5008 in

533 5055 701 5108 antea
732 5050 962 5105 debetis
996 5048 1343 5103 observare.
1389 5046 1604 5100 Nullus
1637 5045 1813 5099 homo
1840 5060 1950 5098 nec
1986 5044 2201 5098 femina

533 5139 828 5195 hominem
848 5155 954 5193 nec
978 5137 1255 5192 feminam
1286 5150 1536 5206 usquam
1559 5133 1822 5203 assaliat,
1848 5149 1955 5188 nec
1986 5134 2200 5188 vulne-

534 5231 646 5292 ret,
678 5243 785 5281 nec
818 5227 1064 5295 occidat,
1122 5240 1230 5279 nec
1255 5224 1583 5291 castellum,
1638 5238 1747 5277 nec
1778 5223 2056 5294 burgum,
2091 5238 2200 5276 nec

533 5312 734 5366 villam
776 5315 833 5366 in
859 5315 971 5368 hoc
1027 5314 1215 5383 spatio
1273 5315 1523 5383 quatuor
1553 5312 1795 5364 dierum-
1828 5315 1884 5364 et
1940 5311 2200 5383 quinque

534 5400 793 5454 noctium
822 5404 1084 5471 assaliat,
1120 5418 1228 5455 nec
1261 5401 1651 5471 depraedetur,
1687 5414 1795 5454 nec
1827 5400 2038 5471 capiat,
2090 5417 2199 5455 nec

536 5486 907 5541 ardeatnullo
924 5490 1178 5560 ingenio,
1207 5496 1302 5544 aut
1322 5490 1619 5557 violentia,
1641 5492 1738 5541 aut
1754 5488 1947 5559 aliqua
1972 5489 2195 5544 fraude.

534 5574 770 5641 Quodsi
792 5576 1028 5646 aliquis,
1055 5580 1209 5648 quod
1225 5580 1379 5633 absit
1406 5578 1417 5632 l
1445 5579 1622 5641 illam,
1657 5594 1775 5632 non
1794 5579 2045 5633 tenendo
2067 5596 2198 5651 qum

530 5665 937 5739 praecipimus,
962 5666 1293 5736 infregerit,
1319 5668 1371 5720 si
1395 5684 1511 5723 non
1542 5685 1661 5721 xxx
1690 5683 1978 5723 annorum
2008 5668 2197 5737 spatio

528 5755 939 5833 paenitentiam
994 5755 1057 5809 in
1118 5754 1330 5809 exsilio
1378 5756 1607 5828 fecerit,
1658 5760 1719 5813 et
1755 5757 2069 5830 antequam
2124 5758 2198 5815 ab

2301 4778 2473 4845 verit,
2508 4793 2540 4830 a
2571 4776 2818 4830 Domino
2848 4775 2970 4828 Deo
3018 4774 3610 4841 excommunicamus,
3655 4770 3701 4821 et
3727 4779 3751 4817 a

2304 4843 2730 4921 christianitate
2762 4864 2839 4918 sit
2890 4866 3220 4933 separatus.
3281 4862 3613 4930 Quicunque
3658 4865 3768 4907 vero
3801 4843 3852 4896 illi

2304 4955 2499 5025 aliqua
2519 4955 2579 5008 in
2597 4970 2660 5007 re
2683 4952 3205 5008 communicaverit
3226 4953 3505 5019 scienter,
3526 4938 3849 5031 autconsiliunt

2304 5046 2433 5099 sive
2459 5043 2814 5114 adjutorium
2844 5041 3089 5109 dederit,
3113 5044 3213 5095 aut
3239 5040 3425 5094 ullum
3446 5033 3762 5104 colloquium,
3778 5036 3849 5114 {1151

2301 5137 2364 5188 ut
2386 5133 2457 5187 ad
2480 5112 2885 5203 poenitentiam
2914 5131 3128 5197 veniat,
3160 5135 3235 5198 et,
3256 5131 3321 5182 ut
3341 5129 3551 5182 dictum
3569 5126 3668 5189 est,
3707 5116 3760 5171 ab
3780 5112 3847 5165 hoc

2302 5223 2487 5290 episc.
2521 5218 3285 5289 exeat,habuerit,similiter
3304 5205 3847 5290 sitexcommunicatll-‘i

2304 5289 2493 5366 donec
2511 5311 2580 5364 ad
2595 5308 3059 5363 emendationem
3081 5307 3328 5361 venerit.
3353 5303 3513 5370 Quod
3533 5302 3581 5355 si
3600 5297 3681 5352 ille
3696 5289 3845 5379 sancte

2301 5400 2467 5471 pacis
2495 5399 2744 5453 violator
2767 5398 3157 5461 miserrimus,
3173 5398 3481 5466 postquam
3511 5388 3845 5471 accepta

2300 5489 2479 5544 tentia
2508 5504 2627 5541 xxx
2666 5502 2972 5553 annorum,
3009 5485 3109 5539 ubi
3153 5483 3351 5538 exulat
3404 5480 3673 5541 moriatur,
3712 5463 3843 5521 nullus

2300 5577 2769 5632 Christianorum
2791 5577 3112 5646 praesumat
3133 5573 3294 5628 illum
3325 5572 3570 5635 visitare,
3598 5564 3680 5618 aut
3696 5559 3837 5621 col’lms

2300 5685 2333 5722 a
2363 5668 2493 5722 loco
2533 5667 2589 5720 in
2623 5682 2737 5737 quo
2778 5664 3036 5736 jacuerit
3064 5663 3290 5730 tollere,
3345 5674 3452 5716 nec
3504 5651 3763 5737 quidqan
3794 5646 3832 5689 εἰ

2301 5734 2659 5815 substantiae
2685 5734 2811 5813 suae
2838 5754 3016 5813 bonis
3044 5752 3332 5827 accipere.
3363 5748 3647 5812 Praeterea,
3673 5734 3832 5791 {tam
