4048 6164
258 170 441 235 1829ι

1829 172 2111 238 LEGES.

3551 181 3712 248 i330

257 367 630 437 hancpacem
651 371 709 422 et
737 369 988 424 tre’viam
1017 368 1124 424 Dei
1144 369 1217 424 de
1247 370 1424 425 terris
1456 371 1556 424 aut
1591 370 1663 424 de
1683 370 1920 441 bestiis,
1952 356 2000 407 Α
2028 372 2213 440 episc.
2247 371 2392 425 nihil
2424 372 2738 443 plusquam
2770 374 2882 428 sibi
2917 391 2984 430 ac
3015 378 3144 431 suis
3167 379 3338 448 equis
3357 382 3704 436 necessaria

252 456 505 526 insuper
535 456 606 511 de
639 457 819 511 rebus
877 458 1153 515 omnibus
1210 474 1342 529 quae
1400 458 1618 513 habere
1672 465 1926 529 possunt

252 545 552 599 tenebitis.
588 545 754 610 Quod
812 547 864 601 si
895 547 1030 617 quis
1080 550 1178 601 aut
1234 547 1487 618 aliquam
1517 549 1790 618 bestiam,
1826 554 1923 604 aut

257 634 434 688 etiam
463 634 702 689 obolum
725 635 852 690 sive
879 637 1293 690 vestimentum
1324 637 1383 690 in
1413 639 1527 690 ista
1556 653 1699 708 pace
1726 637 1924 693 tulerit

254 720 538 791 alieni,sit
556 725 1122 789 excommunicatus,
1157 726 1344 779 donec
1363 727 1436 779 ad
1457 727 1922 781 emendationem

250 811 469 865 veniat.
502 812 667 878 Quod
698 814 751 867 si
800 814 875 867 ad
923 814 1390 869 emendationem
1420 815 1670 870 voluerit
1696 816 1919 888 venire,

250 899 509 970 primum
540 901 746 955 reddat
801 903 961 972 quod
1015 902 1223 973 rapuit,
1287 907 1385 958 aut
1444 908 1665 958 tantum
1722 906 1923 975 quanti

255 992 382 1043 erat
411 989 584 1059 pretii
614 990 770 1060 quod
802 991 1015 1061 rapuit.
1077 991 1301 1046 Dehine
1331 1008 1413 1045 vn
1441 994 1612 1046 annis
1643 994 1922 1062 poeniteat

249 1075 409 1130 infra
437 1077 700 1146 episcop.
733 1078 797 1131 Si
826 1083 1023 1133 autem
1054 1079 1334 1134 moriatur
1355 1080 1702 1150 priusquam
1736 1081 1920 1136 satis-

248 1164 429 1219 faciat
460 1170 517 1219 et
545 1166 946 1235 paenitentiam
991 1172 1203 1238 sumat,
1261 1185 1379 1223 non
1434 1169 1775 1239 sepeliatur,
1810 1186 1919 1225 nec

244 1253 448 1308 a'loco
476 1256 769 1325 quoobiit
799 1262 1127 1326 moveatur,
1185 1257 1302 1311 nisi
1350 1274 1456 1327 pro
1486 1258 1584 1312 illo
1642 1262 1917 1328 parentes

248 1343 387 1414 ejus
419 1344 823 1399 satisfecerint
850 1347 905 1400 ei
937 1348 1033 1401 cui
1064 1346 1344 1417 injuriam
1374 1345 1531 1401 fecit.
1565 1346 1916 1402 Ceterumin

242 1432 362 1486 hac
389 1448 536 1502 pace
586 1435 785 1489 nullus
844 1435 956 1489 nisi
990 1452 1097 1490 rex
1125 1438 1223 1490 aut
1254 1452 1457 1491 comes
1489 1437 1676 1508 hujus
1707 1438 1913 1507 patriae

241 1520 728 1578 caballieationes
751 1527 850 1579 aut
876 1524 1255 1580 hostilitatem
1276 1526 1469 1597 faciat,
1499 1530 1556 1580 et
1574 1526 1912 1598 quicunque

238 1609 307 1665 in
340 1612 780 1669 caballicatione
796 1618 896 1669 aut
912 1614 1233 1670 hostilitate
1262 1615 1426 1687 regis
1478 1616 1678 1685 fuerit,
1706 1616 1767 1671 in
1795 1616 1909 1672 hoc

2031 462 2102 514 ad
2135 461 2355 514 victum
2387 462 2697 532 accipiant;
2757 469 3120 519 mercatores
3181 472 3372 521 autem
3404 474 3458 523 et
3493 486 3699 525 omnes

2028 549 2300 611 homines
2334 550 2433 620 qui
2465 552 2537 604 ab
2555 551 2686 605 aliis
2712 554 3058 623 regionibus
3084 571 3189 623 per
3206 573 3314 609 vos
3338 559 3701 629 transierint,

2025 655 2231 708 pacem
2261 640 2515 693 habeant
2545 658 2576 693 ιι
2608 640 2801 695 vobis.
2866 643 3030 696 Hane
3092 645 3263 697 etiam
3311 647 3416 699 Dei
3446 651 3531 699 tre
3546 649 3702 703 viam

2018 728 2099 799 _ab
2130 728 2296 798 initio
2318 728 2607 782 adventus
2628 730 2856 784 Domini
2878 748 3066 802 usque
3088 734 3160 785 ad
3177 738 3415 787 octavas
3435 735 3698 805 Epipha-

2028 817 2141 871 niae
2175 820 2230 871 et
2258 832 2292 870 a
2324 819 2510 887 capite
2533 818 2753 889 jejunii
2803 836 2993 891 usque
3034 822 3105 874 ad
3138 826 3378 877 octavas
3433 825 3696 895 paschae,

2028 909 2147 959 eta
2204 906 2414 960 diebus
2466 908 2863 978 Rogationum
2904 910 3319 966 inchoantibus
3371 930 3563 983 usque
3624 915 3744 970 ad.

2028 1000 2269 1049 octavas
2300 996 2687 1051 Pentecostes
2720 1014 2828 1067 per
2859 1014 3063 1053 omnes
3099 1001 3226 1055 dies
3260 1002 3559 1057 tenebitis.
3589 1003 3700 1069 Qui

2027 1083 2177 1137 hanc
2208 1099 2413 1154 pacem
2445 1085 2914 1156 observaverint,
2948 1104 3056 1157 pro
3091 1088 3207 1142 illis
3230 1106 3442 1158 preces
3466 1093 3695 1164 agendo

2023 1171 2397 1241 benedicant,
2458 1174 2592 1227 illos
2651 1189 2791 1229 vero
2860 1177 2959 1246 qui
3019 1176 3376 1249 infregerint
3443 1185 3542 1233 aut
3594 1183 3693 1251 qui

2024 1262 2450 1317 infractoribus
2466 1265 2875 1318 concesserint
2890 1266 3258 1320 maledicunt.
3275 1268 3332 1321 Si
3350 1268 3484 1338 quis
3498 1272 3694 1324 autem

2022 1366 2088 1404 se
2120 1366 2325 1422 pacem
2354 1353 2690 1407 nescienter
2707 1353 2922 1408 dixerit
2936 1355 3284 1427 infregisse,
3303 1357 3471 1427 prius
3489 1374 3691 1413 sacra-

2020 1443 2279 1494 mentum
2322 1440 2516 1508 faciat,
2553 1441 2924 1514 calidumque
2949 1443 3162 1516 judicii
3222 1444 3445 1501 ferrum
3473 1450 3686 1520 portet,

2018 1530 2244 1601 septem
2273 1530 2445 1585 annis
2476 1531 2771 1599 poeniteat.

1989 1900 2149 2032 III

239 2101 788 2168 Normannorum
821 2105 1110 2188 antiquae
1147 2102 1669 2171 consuetudines
1701 2104 1771 2164 et
1788 2100 2099 2187 justitiae,
2145 2103 2213 2165 in
2245 2101 2535 2167 concilio
2567 2101 2751 2188 apud
2802 2102 3248 2185 Lillebonam,
3286 2125 3462 2173 anno
3500 2104 3671 2176 1080

1619 2191 1987 2275 celebrato,
2031 2188 2466 2257 conﬁrmatae.

670 2327 965 2399 (Manum.
987 2329 1278 2385 Anecdot.
1313 2331 1452 2384 tom.
1481 2328 1577 2399 IV,
1632 2326 1743 2383 col.
1781 2326 1902 2396 117,
1938 2341 2017 2382 ex
2042 2342 2150 2381 ms.
2171 2335 2232 2386 S.
2256 2324 2579 2382 Michaelis
2606 2325 2670 2380 in
2693 2324 2977 2381 Pericula
3005 2327 3238 2396 maris.)

976 2644 1021 2701 Ι.

306 2732 432 2786 Hac
463 2731 795 2802 estjustitia
815 2748 989 2804 quam
1020 2748 1124 2786 rex
1143 2731 1502 2799 \Villelmus,
1528 2731 1626 2802 qui
1645 2746 1895 2802 regnum

231 2821 471 2893 Anglia)
506 2822 841 2892 acquisivit,
902 2822 1103 2876 habuit
1161 2822 1219 2875 in
1278 2821 1656 2890 Normannia,
1708 2824 1764 2874 et
1803 2820 1897 2873 hic

224 2912 459 2980 scripta
492 2915 605 2980 est,
640 2911 794 2964 sicut
825 2910 1122 2965 Robertus
1180 2926 1380 2965 comes
1434 2910 1811 2964 Normanniae
1843 2911 1899 2962 et

232 2999 581 3053 Willelmus
600 3016 708 3053 rex
730 3000 1093 3071 Angliae,ﬁlii
1112 2998 1245 3070 ejus
1265 3002 1320 3053 et
1338 2999 1608 3053 haeredes
1632 2997 1899 3068 praedicti

223 3088 399 3159 regis
420 3088 684 3142 fecerunt
717 3089 1017 3143 recordari
1051 3093 1106 3143 et
1138 3089 1322 3143 scribi
1352 3103 1457 3156 per
1486 3092 1802 3157 episcopos
1842 3090 1901 3140 et

224 3177 492 3232 barones
506 3193 653 3231 suos
667 3178 870 3232 eadem
885 3178 977 3231 die
996 3195 1073 3231 xv
1091 3178 1386 3231 Kalendas
1402 3175 1755 3247 Augusti.Et
1769 3176 1897 3229 haec

224 3270 325 3322 est
340 3265 571 3337 justitia
587 3267 804 3321 domini
820 3267 1383 3338 Normanniaa,quod
1402 3267 1462 3321 in
1480 3267 1642 3320 curia
1657 3281 1786 3335 sua,
1800 3264 1896 3319 vel

226 3355 428 3411 eundo
444 3355 515 3408 ad
531 3355 752 3409 curiam
776 3354 869 3409 vel
886 3356 1186 3409 redeundo
1211 3355 1282 3409 de
1306 3355 1468 3409 curia
1490 3354 1688 3409 nullus
1721 3353 1896 3407 homo

220 3445 477 3516 gardam
489 3443 693 3498 habuit
708 3444 780 3499 de
792 3445 1030 3498 inimico
1052 3460 1160 3498 suo
1179 3461 1189 3498 :
1207 3449 1262 3499 et
1276 3444 1327 3498 si
1341 3444 1556 3514 aliquis
1571 3443 1644 3497 de
1656 3442 1896 3496 inimico

222 3548 341 3587 suo
372 3533 431 3586 in
463 3533 552 3585 via
578 3533 762 3587 curiae
783 3533 878 3588 vel
926 3534 984 3587 in
1027 3534 1189 3586 curia
1234 3532 1615 3601 forisfecerit;
1639 3533 1717 3585 ita
1738 3530 1895 3601 quod

223 3622 359 3692 ipse
384 3625 564 3676 sciret
580 3622 737 3691 quod
759 3622 856 3676 ille
898 3622 993 3676 cui
1023 3623 1239 3676 malum
1270 3623 1407 3676 fecit
1438 3623 1509 3675 ad
1532 3624 1754 3675 curiam
1786 3621 1897 3674 iret

225 3711 328 3766 vel
356 3712 490 3765 inde
522 3711 743 3765 rediret
778 3726 788 3764 :
825 3711 875 3764 si
908 3712 1193 3781 probatus
1224 3711 1359 3765 inde
1389 3710 1585 3779 fuerit,
1617 3714 1671 3765 et
1702 3711 1894 3765 domi-

223 3814 346 3854 nus
378 3800 755 3854 Normanniae
792 3800 992 3853 habuit
1046 3816 1216 3855 suam
1247 3800 1556 3869 pecuniam
1586 3802 1643 3853 et
1672 3815 1893 3870 corpus

222 3888 365 3960 ejus
396 3889 467 3942 ad
498 3904 667 3943 suam
688 3888 983 3960 justitiam
1012 3888 1363 3957 faciendam,
1398 3893 1454 3943 et
1477 3893 1693 3943 terram
1725 3905 1893 3944 suam

218 3976 507 4047 perdidit;
537 3977 615 4031 ita
658 3979 815 4047 quod
860 3993 972 4032 nec
1021 3979 1149 4049 ipse
1179 3994 1288 4033 nee
1312 3979 1526 4049 aliquis
1545 3978 1617 4033 de
1637 3979 1892 4048 parenti-

219 4068 344 4120 bus
366 4067 495 4120 suis
528 4081 656 4120 eam
679 4068 931 4122 clamare
951 4069 1158 4139 potuit;
1181 4071 1237 4123 et
1268 4069 1321 4121 si
1352 4067 1672 4122 defendere
1695 4070 1893 4136 potue-

219 4156 302 4209 rit
331 4156 486 4226 quod
517 4157 782 4211 scienter
824 4157 937 4212 hoc
970 4173 1087 4212 non
1116 4157 1383 4226 fecisset,
1443 4173 1550 4227 per
1578 4157 1886 4227 pecuniam

218 4245 336 4300 fuit
357 4245 418 4299 in
433 4245 843 4301 misericordia
864 4247 1083 4301 domini
1116 4247 1497 4302 Normanniae
1536 4246 1665 4302 sine
1686 4247 1887 4317 perdi-

216 4335 385 4389 tione
413 4336 607 4390 terrae.

1018 4425 1086 4480 II.

294 4511 366 4565 Et
395 4513 453 4566 in
482 4513 578 4567 via
600 4513 917 4583 exercitus,
942 4514 1073 4569 etin
1103 4516 1391 4583 exercitu,
1427 4518 1484 4569 et
1516 4517 1646 4569 octo
1672 4515 1886 4570 diebus

215 4603 359 4656 ante
390 4607 609 4657 motum
666 4602 1039 4658 determinati
1067 4604 1391 4672 exercitus,
1423 4606 1480 4658 et
1511 4609 1642 4658 octo
1675 4604 1888 4658 diebus

214 4695 357 4761 post
380 4692 722 4761 exercitum,
744 4691 798 4746 si
827 4693 1040 4764 aliquis
1064 4693 1211 4748 foris
1231 4694 1440 4748 fecerit
1472 4710 1483 4747 :
1522 4694 1722 4749 habuit
1754 4694 1889 4748 inde

216 4779 499 4835 dominus
548 4781 927 4836 Normanniae
985 4784 1251 4837 eamdem
1286 4782 1579 4854 justitiam
1629 4782 1786 4853 quod
1816 4782 1888 4837 de

218 4868 531 4923 forisfacto
555 4870 738 4924 curiae
772 4887 923 4940 suae;
953 4887 1062 4925 nec
1093 4871 1244 4925 infra
1277 4872 1661 4941 praescriptos
1691 4873 1888 4925 termi-

2784 2639 2881 2695 III.

2076 2729 2235 2784 Nulli
2258 2712 2421 2783 licuit
2446 2731 2507 2783 in
2537 2729 2897 2783 Normannia
2929 2728 3220 2785 fossatum
3239 2731 3436 2787 facere
3467 2732 3528 2789 in
3549 2733 3670 2805 pla-

2003 2836 2136 2874 nam
2158 2822 2394 2887 terram,
2428 2819 2542 2871 nisi
2582 2819 2695 2871 tale
2726 2820 2881 2889 quod
2913 2819 2985 2872 de
3014 2819 3195 2874 fundo
3227 2822 3520 2888 potuisset
3549 2824 3667 2878 t'er-

2000 2925 2124 2963 ram
2143 2908 2369 2979 jactare
2394 2908 2674 2977 superius
2698 2908 2827 2961 sine
2851 2908 3212 2963 scabello.Et
3234 2909 3314 2962 ibi
3335 2911 3480 2965 nulli
3502 2912 3667 2972 licuit

2002 2997 2199 3051 facere
2231 2995 2649 3064 palicium,nisi
2668 2996 2727 3049 in
2750 3011 2863 3049 una
2895 2997 3103 3067 regula
3136 3012 3149 3051 :
3183 3001 3240 3051 et
3269 2997 3328 3050 id
3361 2998 3492 3055 sine
3522 3015 3665 3069 pro-

1999 3085 2353 3157 pugnaculis
2386 3088 2441 3138 et
2469 3085 2751 3139 alatoriis.
2786 3083 2858 3137 Et
2885 3086 2947 3138 in
2966 3101 3111 3154 rupe
3141 3090 3198 3140 et
3227 3087 3287 3139 in
3307 3087 3503 3141 insula
3516 3087 3665 3144 nulli

1999 3176 2163 3229 licuit
2186 3174 2382 3228 facere
2414 3173 2835 3243 fortitudinem,
2870 3178 2927 3228 et
2940 3175 3086 3229 nulli
3114 3175 3279 3231 licuit
3295 3175 3357 3230 in
3375 3176 3664 3234 Norman-

2000 3265 2093 3319 nia
2129 3262 2437 3317 castellum
2471 3262 2689 3317 facere.

2784 3352 2879 3406 IV.

2072 3442 2143 3495 Et
2172 3441 2317 3495 nulli
2354 3441 2521 3495 licuit
2549 3441 2608 3495 in
2639 3441 3000 3496 Normannia
3027 3458 3134 3512 pro
3166 3444 3458 3500 calumnia
3486 3447 3664 3503 terra

2000 3533 2235 3586 domum
2266 3532 2359 3585 vel
2389 3531 2790 3585 molendinum
2817 3532 3047 3601 ardere,
3076 3531 3170 3586 vel
3187 3533 3444 3604 aliquam
3474 3536 3667 3591 vasta-

1996 3622 2215 3676 tionem
2244 3620 2461 3690 facere,
2496 3621 2591 3675 vel
2621 3621 2884 3690 praedam
2913 3636 3144 3692 capere.

2792 3712 2860 3765 V.

2067 3799 2226 3854 Nulli
2284 3800 2449 3855 licuit
2505 3801 2564 3853 in
2610 3799 2969 3854 Normannia
2997 3798 3403 3856 fortitudinem
3432 3802 3667 3862 castelli

1997 3888 2092 3942 sui
2124 3892 2325 3944 vetare
2386 3890 2623 3943 domino
2674 3888 3072 3959 Normanniae;
3106 3893 3162 3944 et
3201 3891 3254 3945 si
3284 3892 3416 3961 ipse
3445 3906 3575 3947 eam
3602 3892 3667 3950 in

1996 3995 2230 4033 manum
2265 3994 2433 4032 suam
2464 3977 2715 4030 voluerit
2747 3977 2987 4045 habere;
3016 3982 3073 4032 et
3102 3979 3155 4031 si
3202 3980 3478 4035 dominus
3510 3981 3666 4037 Nor-

1995 4068 2247 4123 manniae
2276 4068 2480 4135 ﬁlium,
2541 4067 2633 4120 vel
2666 4067 2928 4133 fratrem,
2965 4066 3059 4120 vel
3115 4072 3387 4136 nepotem
3416 4070 3662 4128 baronis

1999 4159 2113 4227 sui,
2149 4158 2249 4228 qui
2276 4172 2393 4211 non
2415 4158 2579 4210 esset
2608 4155 2800 4221 miles,
2826 4154 3010 4207 voluit
3042 4155 3260 4210 habere
3288 4157 3560 4214 obsidem
3588 4160 3663 4215 de

1996 4245 2281 4318 portanda
2311 4244 2426 4299 fide
2458 4260 2471 4300 :
2506 4243 2704 4299 nullus
2726 4242 2845 4296 sibi
2876 4242 3279 4300 contradicere
3308 4245 3515 4315 potuit.

2068 4422 2229 4477 Nulli
2283 4420 2448 4476 licuit
2494 4420 2554 4475 in
2584 4419 2943 4476 Normannia
2972 4419 3032 4474 in
3061 4419 3307 4476 forestis
3338 4421 3531 4492 ipsius
3558 4421 3661 4479 do-

1998 4508 2137 4566 mini
2169 4511 2465 4566 hominem
2486 4510 2758 4581 assalire,
2783 4510 2876 4563 vel
2918 4509 3167 4565 insidias
3198 4525 3444 4581 ponere.

2772 4599 2893 4653 VII.

2068 4690 2227 4746 Nulli
2283 4689 2446 4745 licuit
2502 4689 2802 4744 inimicum
2859 4691 3204 4761 quaerendo,
3238 4690 3664 4749 velvammum

1999 4779 2304 4850 capiendo,
2340 4778 2616 4834 vexillum
2647 4778 2739 4833 vel
2774 4778 3015 4834 loricam
3046 4784 3300 4850 portare,
3336 4782 3429 4836 vel
3475 4797 3660 4838 cornu

1999 4885 2233 4938 sonare,
2262 4866 2458 4940 neque
2477 4868 2827 4923 cembellum
2844 4867 3071 4922 mittere
3093 4872 3405 4939 postquam
3426 4871 3659 4928 insidiae

216 4972 334 5012 nos
364 4959 664 5012 exercitus
706 4958 879 5013 alicui
935 4960 1099 5013 licuit
1128 4975 1423 5014 vammum
1456 4975 1670 5029 capere
1701 4976 1711 5012 :
1749 4963 1805 5013 et
1833 4961 1887 5014 si
1920 4952 1967 5006 D
1997 4962 2386 5026 remanerent,
2420 4973 2611 5027 neque
2644 4957 2938 5011 hominem
2970 4957 3249 5012 damnare
3271 4959 3342 5013 de
3372 4961 3659 5017 membris

218 5046 398 5115 cepit,
430 5063 538 5116 per
556 5049 866 5116 pecuniam
899 5049 1229 5103 emendabit
1260 5051 1320 5102 in
1349 5049 1756 5103 misericordia
1787 5048 1886 5102 do-

211 5134 361 5189 mini
385 5135 787 5191 Normanniae.
817 5136 957 5192 Etsi
983 5139 1043 5191 in
1080 5138 1468 5205 exercitu,vel
1488 5138 1543 5191 in
1583 5139 1768 5205 curia,
1790 5139 1886 5192 vel

211 5225 277 5278 in
300 5224 394 5277 via
417 5224 596 5279 curiae
615 5225 708 5280 vel
728 5226 1285 5294 exercitus,mislata
1304 5227 1588 5293 evenerit,
1614 5242 1747 5297 quae
1778 5241 1883 5295 pro

210 5313 575 5384 praecedenti
609 5315 697 5368 ira
734 5314 886 5369 facta
927 5331 1044 5369 non
1064 5315 1258 5384 fuerit;
1293 5318 1349 5369 et
1370 5317 1427 5369 in
1451 5331 1517 5369 ea
1538 5316 1883 5370 vulneratus

207 5402 309 5456 vel
338 5403 579 5457 occisus
632 5402 807 5457 fuerit
855 5404 1069 5475 aliquis
1105 5404 1239 5459 :ille
1300 5404 1478 5476 cujus
1546 5404 1718 5474 culpa
1766 5403 1881 5459 hoc

203 5491 428 5546 factum
460 5494 570 5562 est,
607 5492 936 5549 secundum
966 5507 1310 5550 mensuram
1337 5493 1630 5551 forisfacti
1681 5508 1878 5552 emen-

210 5580 395 5635 dabit.

1997 5048 2125 5102 suis
2158 5048 2288 5101 sine
2315 5047 2562 5117 judieio;
2595 5046 2708 5100 nisi
2741 5046 2801 5099 in
2840 5046 2940 5099 tali
2971 5049 3102 5100 actu
3136 5049 3191 5100 et
3222 5046 3528 5104 forisfacto
3560 5050 3658 5105 in-

1994 5138 2208 5191 ventus
2239 5139 2331 5190 est
2360 5151 2467 5205 pro
2489 5151 2603 5205 quo
2622 5135 2951 5188 membrum
2972 5135 3223 5204 perdere
3254 5136 3582 5208 debuisset,
3602 5143 3660 5196 et

1994 5226 2212 5280 ibidem
2234 5224 2616 5296 perdidisset,
2651 5226 2707 5277 et
2737 5223 2853 5277 nisi
2883 5239 2989 5291 per
3012 5223 3305 5294 judicium
3336 5228 3517 5283 curiae
3548 5229 3658 5285 do-

1992 5316 2134 5371 mini
2157 5300 2536 5369 Normanniae
2563 5312 2634 5367 de
2665 5312 2776 5366 hoc
2807 5311 2963 5382 quod
2983 5312 3056 5366 ad
3083 5327 3217 5367 eum
3242 5317 3493 5385 pertinet
3516 5336 3529 5384 ;
3563 5319 3659 5373 vel

1987 5403 2213 5475 judicio
2271 5403 2450 5458 curiae
2506 5401 2795 5456 baronum
2850 5400 2921 5456 de
2953 5400 3065 5456 hoc
3097 5403 3255 5474 quod
3292 5405 3367 5459 ad
3396 5406 3653 5464 barones

1987 5493 2257 5566 pertinet.
