4048 6164
406 157 561 221 1331
1552 165 1671 225 WI
1683 160 1991 228 LLELMI
2034 160 2679 241 CONQUESTORIS
3646 116 3774 238 1332

1156 365 1306 420 VIII.
2095 340 2147 393 Α
2177 370 2272 422 cet
2299 385 2401 421 VIII
2451 367 2777 422 solidorum
2833 369 2891 422 in
2950 370 3229 424 helmarc.
3263 371 3424 425 Et’si
3451 372 3643 443 aliquis
3666 376 3777 430 alibi

469 457 629 510 Nulli
667 456 843 510 liceat
898 457 956 510 in
1004 456 1365 510 Normannia
1427 455 1673 509 haufare
1724 455 1941 523 facere,
1973 456 2068 511 vel
2177 456 2382 511 fecerit
2412 460 2727 525 monetam,
2762 458 2854 511 vel
2887 458 2967 511 ibi
3008 460 3216 513 fecerit
3240 463 3521 515 monetam
3562 462 3769 530 falsam;

396 546 757 615 incendium,
791 545 884 599 vel
928 536 1157 615 raptum
1188 544 1606 613 mulierish'vel
1637 561 1931 598 vammum
1967 561 2068 598 ca-
2177 545 2248 599 de
2280 560 2528 614 corpore
2562 562 2671 599 suo
2731 546 2839 600 fuit
2888 548 2945 600 in
3002 548 3406 602 misericordia
3437 549 3632 602 domini
3662 552 3779 605 Nor-

395 634 709 706 pere,quin
747 634 913 688 fieret
942 633 1078 688 inde
1110 634 1331 687 clamor
1362 633 1514 702 apud
1545 649 1678 686 eum
1727 633 1824 704 qui
1853 635 2069 689 clamo-
2178 634 2448 687 manniie.
2484 633 2622 687 Etsi
2649 634 2862 705 aliquis
2883 638 3045 689 extra
3077 638 3391 705 praedictas
3412 637 3604 692 domos
3624 638 3780 695 facere

399 739 525 779 rem
556 724 691 778 inde
742 723 961 777 habere
1019 720 1239 775 debuit.
1300 721 1453 775 Etsi
1486 722 1613 775 haec
1645 721 1796 776 facta
1829 722 2066 790 fuerint,
2177 725 2490 790 monetam,
2524 723 2615 776 vel
2672 723 2731 776 in
2786 724 3089 801 praedictis
3139 725 3411 779 domibus
3468 725 3595 779 fecit
3624 727 3779 782 facere

399 813 675 868 dominus
717 812 1097 865 Normanniae
1130 810 1333 864 habuit
1359 811 1495 864 inde
1527 811 1682 880 quod
1716 811 1933 865 habere
1964 812 2070 866 de-
2180 810 2409 877 falsam,
2444 814 2659 865 terram
2695 827 2863 865 suam
2896 817 2950 866 et
2982 814 3288 881 pecuniam
3317 813 3611 868 forisfecit.

398 901 526 954 buit
558 901 618 955 in
650 900 769 953 illis
800 900 949 954 locis
982 900 1040 952 in
1095 899 1313 969 quibus
1344 898 1566 953 habere
1622 899 1842 963 debuit;
1877 903 1933 953 et
1962 901 2070 954 ba-
2960 901 3061 955 XI.

402 1005 586 1044 rones
615 988 751 1043 inde
783 989 1114 1043 habuerunt
1137 988 1292 1058 quod
1328 988 1401 1041 ad
1424 1004 1527 1041 eos
1550 988 1828 1056 pertinuit
1873 989 1930 1042 in
1952 989 2070 1043 illis
2255 988 2396 1041 Haec
2428 991 2618 1042 autem
2653 1004 2785 1060 quin
2816 990 3095 1060 superius
3124 990 3344 1061 scripta
3371 995 3522 1059 sunt,
3551 993 3669 1061 quia
3695 1009 3784 1045 ma-

411 1078 559 1132 locis
587 1093 644 1130 1n
671 1078 887 1148 quibus
920 1077 1140 1131 habere
1163 1077 1506 1131 debuerant.
2182 1076 2277 1148 gis
2301 1077 2650 1131 necessaria
2690 1082 2849 1148 sunt;
2892 1082 3152 1133 remanet
3180 1082 3376 1133 autem
3406 1079 3629 1133 multum
3656 1088 3783 1135 extia

1188 1165 1287 1218 IX.
2182 1166 2292 1220 hoc
2326 1166 2610 1235 scriptum
2631 1166 2701 1220 de
2720 1166 2952 1238 justitia
2974 1171 3225 1222 monetae
3247 1171 3305 1223 et
3322 1168 3562 1238 reliquis
3584 1168 3783 1238 justitiis

2182 1254 2584 1323 Normanniae;
2620 1257 2727 1309 sed
2759 1260 3003 1326 propter
3019 1257 3133 1311 hoc
3163 1257 3322 1328 quod
3339 1257 3727 1327 nonscribitur,
3741 1262 3787 1311 ut

2182 1343 2504 1413 praedictus
2524 1359 2725 1398 comes
2747 1345 3044 1399 Robertus
3071 1349 3127 1400 et
3150 1345 3491 1400 \Nillelmus
3519 1345 3584 1399 de
3605 1345 3788 1415 justitia

2182 1447 2357 1503 quam
2389 1435 2556 1502 pater
2586 1448 2789 1487 eorum
2840 1433 3062 1503 habuit,
3100 1450 3296 1505 neque
3353 1435 3597 1488 barones
3623 1434 3682 1487 de
3704 1434 3787 1488 hoc

475 1254 636 1309 Nulli
661 1255 827 1309 licuit
848 1255 907 1308 in
934 1255 1292 1309 Normannia
1322 1257 1711 1311 mercatorem
1734 1255 2072 1311 disturbare

407 1358 517 1414 pro
548 1344 744 1415 aliquo
772 1344 1053 1398 anteriori
1107 1342 1441 1397 iorisfacto.
1477 1342 1547 1396 Et
1579 1344 1631 1397 si
1663 1344 1879 1415 aliquis
1912 1345 2069 1415 fecit,

401 1433 472 1487 de
505 1448 753 1503 corpore
809 1449 920 1488 suo
954 1433 1063 1487 fuit
1096 1433 1153 1486 in
1196 1432 1607 1487 misericordia
1666 1433 1888 1489 domini
1917 1435 2070 1490 Nor-

403 1521 675 1575 manniae.

1206 1610 1279 1664 X.
1346 1670 1353 1675 ,
2109 1577 2156 1630 B
2184 1625 2292 1679 pro
2324 1625 2543 1680 guerra
2575 1610 2876 1665 hominem
2924 1627 3135 1682 capere
3166 1613 3262 1665 vel
3294 1612 3596 1679 redimere,
3625 1625 3714 1664 nec
3737 1610 3788 1665 de

479 1698 639 1752 Nulli
657 1698 822 1753 licuit
854 1699 912 1752 in
941 1699 1302 1752 Normannia
1344 1701 1636 1753 monetam
1686 1699 1881 1753 facere
1912 1701 2079 1753 extra
2186 1698 2341 1753 bello
2375 1698 2468 1753 vel
2502 1700 2778 1754 conﬂictu
2800 1702 3106 1770 pecuniam
3137 1705 3399 1771 portare,
3425 1700 3516 1754 vel
3544 1716 3698 1767 arma,
3725 1700 3791 1753 vel

410 1788 767 1842 monetarias
790 1789 998 1842 domos
1018 1787 1532 1859 Rothomagenses
1555 1792 1612 1842 et
1629 1788 2081 1859 Bajocenseszet
2188 1804 2404 1858 equum
2432 1788 2674 1843 ducere.

410 1875 571 1930 illam
600 1875 854 1942 mediam
886 1876 1114 1947 argenti
1145 1879 1202 1930 et
1231 1876 1303 1931 ad
1326 1876 1558 1948 justum
1604 1892 1879 1947 pensum,
1912 1877 2076 1932 scili-

2039 2210 2210 2323 IV.

410 2436 749 2532 Incipiunt
789 2444 977 2530 leges
1018 2448 1235 2511 sancti
1275 2443 1591 2511 Edwardi
1626 2447 1806 2532 regis
1849 2465 2013 2528 quas
2050 2448 2115 2509 in
2156 2446 2406 2533 Anglia
2436 2450 2680 2523 tenuit,
2714 2468 2878 2532 quas
2908 2445 3477 2526 WILLELMUS,
3511 2446 3699 2511 haeres
3750 2450 3799 2508 et

1598 2541 1956 2618 cognatus,
2002 2554 2188 2614 suus,
2225 2536 2671 2607 conﬁrmavit.

1876 2777 2261 2793 ..Ἃ

560 2967 818 3024 TITULI
853 2966 1116 3023 LEGUM
1149 2965 1934 3021 ECCLESIASTICAHUM.

418 3061 462 3114 Ι.
492 3059 581 3114 De
615 3057 860 3114 clericis
894 3062 953 3112 et
965 3056 1456 3129 possessionibus
1488 3071 1708 3109 eorum.

420 3149 493 3203 II.
527 3149 615 3204 De
648 3146 1012 3219 temporibus
1042 3152 1101 3201 et
1132 3145 1348 3200 diebus
1372 3145 1544 3216 pacis
1574 3145 1763 3215 regis.

417 3238 513 3293 III.
546 3238 635 3293 De
648 3236 893 3310 justitia
924 3240 1145 3290 sancta;
1176 3233 1487 3289 Ecclesia}.

2812 2963 3245 3020 PRfEFATIO.

2264 3056 2409 3108 Post
2439 3054 2889 3124 acquisitionem
2908 3054 3140 3125 Angliaa
3156 3053 3498 3109 Willelmus
3519 3068 3616 3107 rex
3639 3053 3802 3123 quarto

2195 3159 2350 3197 anno
2382 3143 2555 3215 regni
2609 3143 2722 3212 sui,
2785 3143 3035 3198 consilio
3066 3143 3364 3197 baronum
3416 3158 3661 3209 suorum,
3701 3139 3803 3193 fecit

2195 3232 2541 3286 submoneri
2556 3248 2663 3302 per
2675 3232 3247 3305 universosAngliaa
3262 3229 3807 3300 consulatus,Anglos

418 3327 515 3382 IV.
549 3327 639 3382 De
698 3326 1005 3380 universis
1063 3323 1406 3378 tenentibus
1436 3323 1509 3376 de
1538 3322 1835 3377 Ecclesia.
2197 3321 2426 3375 nobiles
2476 3321 2801 3391 sapientes,
2837 3324 2894 3375 et
2944 3319 3050 3375 sua
3081 3321 3215 3392 lege
3248 3322 3535 3391 eruditos,
3567 3324 3623 3374 ut
3650 3330 3804 3385 eorum

423 3416 492 3470 V.
521 3417 609 3472 De
625 3417 757 3471 reis
785 3414 860 3469 ad
886 3413 1200 3468 ecclesiam
1227 3411 1622 3483 fugientibus.
2195 3409 2384 3481 leges,
2427 3413 2483 3463 ct
2521 3409 2747 3480 jura,et
2796 3410 3260 3465 consuetudines
3325 3411 3399 3464 ab
3442 3410 3584 3480 ipsis
3613 3408 3803 3461 audiret.

422 3504 520 3558 VI.
557 3505 643 3559 De
671 3502 968 3557 {ractione
989 3501 1164 3571 pacis
1194 3498 1506 3554 Ecclesiae.
2196 3497 2382 3552 Electi
2414 3498 2594 3569 igitur
2642 3498 2714 3553 de
2746 3498 3004 3570 singulis
3035 3499 3215 3552 totius
3255 3500 3466 3569 patriae
3496 3494 3806 3551 comitatibus

424 3593 550 3647 VII.
584 3592 674 3645 De
707 3589 958 3645 desimis
984 3587 1281 3643 Ecclesiae
1311 3587 1643 3643 reddendis
1691 3587 1765 3642 de
1795 3587 2008 3642 ovibus
2033 3581 2162 3641 etC
2200 3587 2316 3640 viri
2350 3586 2682 3652 duodecim,
2725 3586 3125 3657 jurejurando
3167 3588 3428 3657 primum
3483 3602 3663 3642 coram
3702 3597 3808 3653 rege

490 3678 798 3752 porcellis.
2199 3676 2695 3731 conﬁrmaverunt
2751 3680 2813 3729 ut
2866 3675 3057 3746 quoad
3106 3681 3361 3745 possent
3418 3677 3569 3730 recto
3631 3671 3811 3727 tramite

429 3769 580 3824 VIII.
603 3769 693 3823 De
710 3766 938 3839 apibus,
974 3771 1032 3821 et
1063 3765 1202 3821 aliis
1230 3764 1434 3820 multis
1462 3765 1710 3820 minutis
1738 3764 2007 3819 decimis.
2200 3763 2565 3833 incedentes,
2598 3779 2708 3818 nec
2730 3764 2800 3818 ad
2821 3764 3089 3818 dextram
3116 3780 3225 3818 nec
3249 3765 3326 3819 ad
3349 3765 3636 3819 sinistram
3655 3761 3807 3815 diver-

431 3860 533 3913 IX.
567 3858 657 3912 De
692 3858 792 3911 his
826 3858 923 3928 qui
955 3856 1030 3911 ad
1043 3856 1336 3928 judicium
1354 3855 1513 3910 ferri
1544 3854 1636 3909 vel
1666 3853 2095 3926 aquaajudicati
2198 3854 2409 3921 tentes,
2471 3853 2670 3923 legum
2716 3868 2960 3907 suarum
3012 3856 3069 3906 et
3098 3854 3589 3908 consuetudinum
3633 3848 3807 3903 sancita

501 3953 638 4002 sunt
661 3954 778 4018 per
795 3945 1098 4017 justitiam
1136 3946 1326 4017 regis.
2202 3941 2617 4010 patefacerent,
2652 3941 2796 3995 nihil
2826 3942 3367 4012 prmtermittentes,
3394 3941 3533 3995 nihil
3561 3939 3807 3995 addentes.

434 4037 509 4092 X.
542 4036 631 4091 De
661 4035 911 4091 denario
955 4035 1149 4089 sancti
1184 4034 1379 4102 Petri,
1419 4033 1569 4104 quod
1609 4030 2098 4103 Anglicedicitur
2203 4029 2802 4099 nihilpraevaricando
2818 4026 3809 4103 mutantes.Alegibusigitursanctia

503 4126 834 4181 Romescot.
1988 4120 1999 4127 “
2204 4119 2409 4173 matris
2437 4118 2725 4173 Ecclesiae
2758 4124 3063 4174 sumentes
3096 4120 3427 4190 exordium,
3463 4118 3709 4189 quoniam
3735 4127 3810 4182 per

430 4214 530 4269 XI.
567 4213 719 4279 Quid
776 4212 858 4267 sit
916 4210 1328 4283 danegeldum,
1385 4216 1444 4265 et
1502 4225 1609 4282 qua
1671 4208 1979 4264 occasione
2017 4208 2098 4262 sit
2205 4223 2334 4262 eam
2365 4194 2550 4261 rex'et
2583 4223 2855 4279 regnum,
2915 4208 3171 4262 solidum
3225 4206 3591 4263 subsistendi
3643 4202 3810 4257 habent

503 4300 904 4355 constitutum.
1237 4338 1253 4356 .
2208 4296 2671 4365 fundamentum,
2731 4298 2921 4368 leges,
2972 4298 3300 4367 libertates,
3364 4302 3419 4352 et
3449 4311 3637 4367 pacem
3662 4290 3808 4362 ipsius

430 4389 561 4444 XII.
595 4370 684 4443 De
714 4386 1053 4441 multimoda
1062 4402 1210 4458 pace
1241 4385 1706 4458 regis,etc.Itcm
1731 4384 1804 4440 de
1824 4384 2099 4440 manbotu
2208 4385 2542 4440 concionati
2572 4387 2730 4454 sunt,
2764 4386 3030 4463 dicentes
3067 4401 3080 4439 :

504 4476 956 4547 archiepiscopi,
993 4476 1272 4548 episcOpi,
1311 4478 1424 4529 etc.
3005 4475 3051 4528 Ι.

432 4565 588 4621 XIII.
619 4565 707 4620 De
739 4565 1042 4619 thesauris
1062 4565 1124 4618 in
1143 4570 1309 4619 terra
1333 4564 1703 4619 absconditis
1734 4568 1791 4617 et
1813 4564 1871 4616 in
1885 4564 2096 4618 ventis.
2278 4563 2482 4618 Omnis
2515 4563 2793 4631 clericus,
2827 4567 2883 4617 et
2914 4563 3087 4619 etiam
3120 4563 3442 4631 scholaris,
3462 4568 3515 4618 et
3536 4574 3714 4617 omnes
3732 4569 3807 4608 eo-

430 4656 587 4711 XIV.
625 4653 778 4719 Quid
805 4653 889 4709 sit
917 4653 1089 4723 regis
1108 4652 1384 4724 ofﬁcium,
1421 4658 1481 4708 et
1502 4654 1575 4708 de
1610 4652 1821 4707 Carolo
1853 4660 1909 4706 ct
1952 4651 2099 4723 Pip—
2209 4669 2341 4708 rum
2368 4668 2468 4707 res
2499 4655 2557 4707 et
2586 4652 3034 4722 possessiones,
3069 4653 3409 4723 ubicunque
3429 4651 3807 4718 fuerint,pacem

494 4745 637 4817 pina
659 4743 856 4798 fratre
884 4743 1026 4815 [leg.
1060 4741 1208 4812 lilio]
1239 4742 1366 4814 eius
1396 4742 1742 4813 exemplum.
2211 4741 2316 4796 Dei
2347 4743 2403 4795 et
2435 4745 2658 4795 sanctae
2691 4740 2977 4795 Ecclesiae
3008 4740 3280 4795 habeant.

431 4834 562 4888 XV.
597 4833 686 4888 De
699 4831 1028 4888 baronibus
1050 4833 1150 4904 qui
1166 4848 1306 4887 suas
1334 4832 1558 4887 habent
1576 4831 1777 4886 curias
1790 4835 2101 4886 etconsue—
3002 4830 3074 4883 II.

506 4923 764 4978 tudines.
2134 4973 2176 4989 η
2284 4920 2372 4972 Ab
2391 4919 2661 4973 Adventu
2685 4918 2918 4973 Domini
2938 4933 3129 4989 usque
3165 4919 3239 4972 ad
3256 4923 3492 4972 octavas
3523 4908 3803 4984 Epiphania’

431 5013 589 5068 XVI.
616 5012 703 5067 De
732 5012 930 5067 sacha.
2134 4994 2179 5025 υ
2210 5024 2322 5079 pax
2345 5008 2448 5065 Dei
2468 5012 2523 5061 et
2545 5010 2769 5062 sanctae
2793 5007 3081 5061 Ecclesia:
3104 5022 3208 5076 per
3224 5021 3396 5060 omne
3415 4994 3802 5075 regnum.Simi-

431 5100 611 5156 XVII.
646 5101 733 5155 De
767 5115 924 5155 scca.
2208 5099 2341 5152 liter
2370 5114 2403 5151 a
2432 5096 2886 5167 Septuagesima
2945 5111 3135 5166 usque
3192 5095 3266 5150 od
3324 5098 3555 5149 octavas
3586 5085 3800 5143 Pascha.

429 5189 642 5244 XVIII.
677 5190 765 5243 De
797 5188 938 5242 thol.
2208 5187 2349 5241 Item
2381 5186 2454 5240 ab
2486 5186 2859 5239 Ascensione
2894 5185 3126 5238 Domini
3156 5200 3345 5255 usque
3378 5183 3448 5236 ad
3465 5184 3680 5235 octavas
3698 5175 3806 5227 Pen-

431 5280 591 5333 ΧῙΧ-
611 5277 701 5331 De
725 5277 938 5329 theam.
2208 5278 2489 5331 tecostes.
2524 5276 2666 5329 Item
2700 5274 2976 5328 omnibus
3008 5274 3220 5328 diebus
3240 5277 3492 5343 quatuor
3516 5273 3800 5336 temporum.

431 5368 559 5421 XX.
595 5365 684 5420 De
712 5362 1110 5434 infuuglhsﬂu
2212 5366 2348 5419 Item
2383 5365 2657 5419 omnibus
2692 5363 2969 5417 Sabbatis
3002 5363 3075 5416 ab
3136 5363 3278 5416 hora
3308 5377 3478 5426 nona,
3520 5361 3569 5412 et
3611 5356 3711 5407 tota
3733 5347 3800 5400 die

430 5454 587 5509 XXI.
613 5454 701 5508 De
732 5451 974 5521 JudéviS,
2208 5455 2701 5526 sequenti,usque
2725 5454 2797 5507 ad
2836 5453 2992 5508 diem
3016 5451 3369 5507 Lunae.ltem
3392 5447 3599 5521 vigiliis
3625 5438 3799 5496 sancta:

438 5542 625 5598 XXII.
655 5541 974 5596 Decretum
991 5541 1159 5612 regis
1192 5542 1265 5597 de
1298 5545 1612 5599 usurariis.
2210 5543 2639 5611 Mariae,sancti
2675 5542 3002 5613 Michaelis,
3037 5542 3231 5597 sancti
3251 5537 3526 5596 Johannis
3549 5528 3796 5602 Baptism.

2184 1521 2340 1591 quod
2359 1521 2691 1576 habuerunt
2711 1525 2974 1592 tempore
2998 1524 3159 1595 regis
3184 1523 3490 1594 Willelmi,
3519 1522 3645 1577 nulli
3666 1523 3789 1575 licuit
3826 1544 3827 1551 η
