4048 6164
232 227 393 292 1333

1827 218 2090 284 LEGES

3519 219 3681 288 1334

182 428 609 498 apostolorum
635 427 913 491 omnium,
938 430 993 480 et
1017 428 1358 479 sanctorum
1386 438 1640 494 quorum
1671 423 1885 474 solem-
1914 410 1952 469 Α
1999 422 2080 475 tet
2128 437 2260 475 eum
2316 438 2424 491 per
2478 423 2902 483 vadimonium.
2950 429 3005 477 et
3063 424 3316 494 plegios,
3365 424 3416 478 si
3448 421 3671 479 habere

212 523 480 572 nitatesa
512 518 922 569 sacerdotibus
959 516 1281 568 Dominicis
1313 515 1732 566 anuuutiantur
1764 511 1878 563 die.

206 608 347 671 bus,
383 611 439 660 et
471 608 727 659 omnium
751 609 1088 659 sanctorum
1113 605 1166 657 in
1192 603 1473 655 Kalendis
1497 601 1875 654 Novembris:

203 711 448 766 semper
499 695 570 748 ab
630 696 774 748 hora
817 709 971 747 nona
1001 693 1359 764 vigiliarum,
1386 695 1441 745 et
1471 690 1875 759 subsequente

200 785 594 840 solemnitate.
615 784 758 837 Item
780 784 839 835 in
868 782 1168 851 parochiis
1206 781 1266 834 in
1295 780 1513 850 quibus
1551 778 1875 832 dedicatio-

197 876 300 927 nis
331 873 459 927 dies
506 873 886 927 observatur.
927 870 1068 924 Item
1100 870 1155 921 in
1171 868 1877 938 parochiisecclesiarum

201 962 560 1032 ubipropria
574 961 866 1016 festivitas
882 957 1511 1013 sancticelebratur.Et
1535 957 1584 1009 si
1617 957 1751 1026 quis
1784 956 1878 1008 de-

205 1056 345 1105 vote
392 1051 463 1105 ad
505 1050 962 1104 celebrationem
993 1049 1183 1102 sancti
1213 1047 1503 1113 adveniat,
1537 1061 1741 1115 pacem
1774 1045 1878 1097 ha-

193 1140 338 1195 beat
368 1139 582 1208 eundo,
603 1142 660 1192 et
687 1137 1094 1205 subsistendo,
1130 1141 1185 1190 et
1216 1135 1536 1190 redeundo.
1571 1134 1717 1188 Item
1747 1150 1874 1187 om—

200 1229 385 1282 nibus
416 1226 770 1282 Christianis
800 1227 872 1280 ad
890 1226 1204 1281 ecclesiam
1224 1240 1405 1278 causa
1418 1224 1702 1277 orationis
1734 1238 1878 1277 eun-

196 1317 364 1371 tibus
396 1332 507 1386 pax
530 1317 590 1370 in
620 1315 815 1370 eundo
847 1318 903 1370 et
933 1314 1234 1370 redeundo
1266 1314 1342 1367 sit
1373 1313 1481 1367 eis.
1509 1312 1875 1367 Similiterad

198 1406 632 1473 dedicationes,
657 1405 729 1459 ad
761 1404 1048 1475 synodos,
1081 1404 1152 1456 ad
1192 1402 1444 1471 capitula
1475 1402 1872 1469 venientibus,

196 1497 334 1549 sive
365 1494 688 1548 submoniti
710 1494 846 1562 sint,
874 1494 1003 1547 sive
1035 1508 1143 1562 per
1171 1508 1238 1547 se
1269 1492 1410 1562 quid
1436 1491 1731 1561 agendum
1764 1490 1872 1544 ha-

198 1584 459 1653 buerint,
493 1584 571 1639 sit
603 1599 831 1637 summa
861 1597 993 1652 pax.
1029 1582 1217 1635 Etiam
1243 1582 1296 1635 si
1327 1580 1872 1635 excommunicatus

200 1673 423 1743 aliquis
450 1672 799 1731 absolvendi
832 1687 1014 1725 causa
1051 1672 1124 1725 ad
1163 1671 1506 1739 episcopum
1537 1669 1872 1739 confugerit

199 1763 537 1829 absolutus,
572 1762 763 1816 eundo
795 1763 853 1815 et
883 1760 1183 1814 redeundo
1215 1774 1419 1829 pacem
1442 1758 1548 1812 Dei
1569 1760 1626 1813 et
1647 1762 1871 1812 sanctaa

194 1851 490 1906 Ecclesiae
538 1850 768 1905 habeat.
811 1848 979 1913 Quod
1010 1849 1063 1903 si
1120 1849 1336 1918 aliquis
1388 1847 1441 1900 ei
1485 1846 1868 1914 forisfecerit,

195 1938 972 2010 episcopusindejustitiam
994 1937 1187 1992 faciat.
1207 1938 1626 1991 Verumtamen
1657 1936 1711 1991 si
1733 1936 1870 2007 quis

190 2045 490 2101 arrogans
538 2044 645 2098 pro
692 2028 959 2098 episcOpi
993 2027 1227 2098 justitia
1253 2026 1565 2080 emendare
1588 2026 1864 2092 noluerit,

192 2120 520 2189 episcopus
554 2118 682 2189 regi
713 2120 915 2171 notum
948 2116 1142 2170 faciat.
1187 2116 1317 2169 Rex
1344 2119 1537 2169 autem
1568 2115 1855 2169 constrin-

199 2212 303 2279 gat
323 2206 780 2274 malefactorem,
815 2210 877 2260 ut
907 2204 1175 2260 emendet
1207 2205 1302 2258 cui
1342 2204 1720 2273 forisfecerit,
1757 2203 1872 2258 sci-

192 2296 337 2350 licet
388 2296 641 2366 primum
693 2296 997 2365 episcopo,
1030 2294 1242 2348 deinde
1273 2293 1426 2347 sibi:
1480 2295 1535 2346 et
1574 2293 1663 2346 sic
1695 2297 1865 2347 erunt

193 2386 314 2440 duo
338 2385 541 2459 gladii,
569 2389 628 2439 et
660 2384 894 2455 gladius
926 2382 1458 2455 gladiumjuvabit.
1800 2386 1817 2401 ‘

980 2473 1073 2525 III.

269 2565 640 2635 Ubicumque
698 2564 861 2635 regis
910 2562 1162 2634 justitia,
1196 2561 1288 2615 vel
1320 2561 1732 2632 cujuscunque
1765 2560 1862 2629 sit,

192 2655 411 2725 placita
463 2654 735 2722 tenuerit,
784 2653 835 2706 si
885 2652 1110 2706 missus
1152 2651 1415 2721 episcopi
1445 2650 1693 2705 veniens
1725 2650 1863 2703 illuc

191 2742 535 2813 apparuerit
567 2758 807 2796 causam
839 2744 1061 2795 sanctae
1095 2740 1401 2809 Ecclesiae,
1435 2740 1563 2808 ipsa
1585 2739 1859 2808 primitus

189 2831 559 2887 terminatur.
612 2831 644 2885 J
654 2835 848 2885 ustum
899 2834 990 2884 est
1021 2830 1176 2885 enim
1210 2835 1269 2882 ut
1300 2829 1517 2899 ubique
1550 2829 1706 2883 Deus
1740 2844 1862 2897 prae

191 2920 432 2976 ceteris
462 2920 800 2975 honoretur.

980 3009 1075 3064 IV.

260 3101 611 3169 Quicunque
653 3100 724 3153 de
775 3099 1031 3153 ecclesia
1087 3099 1303 3169 aliquid
1338 3099 1609 3168 tenuerit,
1653 3100 1745 3151 vel
1797 3098 1856 3151 in

192 3189 378 3244 fundo
413 3188 685 3243 ecclesiae
719 3188 1086 3241 mansionem
1127 3187 1414 3257 habuerit,
1441 3191 1607 3241 extra
1636 3188 1859 3241 curiam
1892 3187 1942 3214 "

190 3276 660 3332 ecclesiasticam
677 3279 915 3331 coactus
929 3292 1043 3329 non
1061 3275 1375 3346 placitabit,
1400 3275 1671 3345 quamvis
1694 3275 1865 3330 foris-

187 3367 447 3421 fecerit:
506 3362 651 3434 nisi,
695 3365 851 3435 quod
879 3362 1066 3419 absit!
1122 3365 1181 3417 in
1238 3365 1401 3418 curia
1450 3365 1855 3419 ecclesiastica

188 3458 423 3511 rectum
454 3453 754 3509 defecerit.
990 3524 1037 3576 ν

263 3616 616 3685 Ubicunque
670 3630 812 3669 reus
841 3613 933 3668 vel
973 3613 1187 3667 noxius
1219 3614 1291 3667 ad
1324 3614 1659 3683 ecclesiam,
1692 3631 1854 3685 prae-

190 3705 334 3759 sidii
392 3720 573 3758 causa
613 3704 977 3776 confugerit:
1032 3719 1105 3757 ex
1157 3718 1273 3773 quo
1332 3704 1541 3757 atrium
1582 3704 1855 3758 ecclesiae

187 3793 459 3858 tenuerit,
488 3811 518 3847 a
577 3795 809 3848 nemine
859 3794 1209 3863 insequente
1266 3791 1602 3845 nullatenus
1640 3808 1855 3861 appre-

186 3883 508 3951 hendatur,
562 3883 678 3937 nisi
708 3897 815 3953 per
860 3882 1195 3951 pontiﬁcem
1225 3881 1319 3935 vel
1359 3880 1663 3935 ministros
1695 3880 1852 3951 ejus.

184 3972 357 4038 Quod
390 3972 443 4026 si
481 3971 784 4043 fugiendo,
835 3972 1071 4025 domum
1112 3970 1459 4037 sacerdotis,
1505 3971 1599 4023 vel
1632 3971 1855 4024 curiam

185 4060 328 4131 ejus
358 4061 614 4129 intravit,
649 4060 911 4114 eamdem
935 4059 1310 4113 securitatem
1342 4062 1397 4112 et
1418 4074 1621 4128 pacem
1643 4059 1857 4113 habeat

186 4166 367 4221 quam
390 4152 445 4203 et
471 4150 627 4226 apud
656 4149 1002 4203 ecclesiam:
1039 4149 1177 4202 dum
1207 4150 1398 4202 tamen
1422 4150 1631 4202 domus
1658 4164 1854 4203 sacer-

184 4237 347 4291 dotis
405 4239 461 4291 et
517 4237 682 4292 curia
709 4236 862 4306 ejus,
897 4236 956 4289 in
988 4236 1167 4289 fundo
1199 4237 1471 4291 ecclesiae
1502 4238 1850 4293 consistant.

186 4324 304 4377 Hie
336 4324 389 4377 si
423 4324 568 4378 latro
623 4324 718 4377 vel
750 4326 951 4393 raptor
979 4327 1089 4392 est,
1130 4325 1284 4393 quod
1316 4326 1464 4378 male
1497 4326 1668 4394 cepit,
1704 4326 1756 4378 si
1779 4326 1851 4379 ad

185 4428 428 4466 manum
469 4416 579 4483 est,
612 4413 849 4466 reddat:
898 4416 953 4467 et
984 4413 1037 4467 si
1068 4413 1213 4467 illud
1242 4414 1476 4482 penitus
1518 4415 1850 4484 extirpave-

2003 513 2230 580 poterit,
2269 512 2623 580 usquedum
2666 514 2784 566 Deo
2818 516 3108 582 primitus,
3147 516 3274 584 regi
3304 520 3358 568 et
3394 514 3667 569 ecclesia

2004 605 2206 670 postea
2240 602 2582 655 satisfaciat.
2618 604 2723 666 Qui
2748 606 2799 655 si
2823 603 2972 655 infra
3003 605 3242 672 triginta
3266 610 3322 657 et
3344 620 3521 657 unum
3540 603 3670 658 dies

2004 691 2131 744 sive
2166 708 2269 758 per
2293 692 2515 744 amicos
2546 696 2643 744 aut
2674 696 2865 757 notos,
2906 692 3034 745 sive
3063 708 3167 760 per
3191 693 3482 761 justitiam
3504 693 3670 764 regis

2001 779 2251 832 inveniri
2288 796 2405 833 non
2430 782 2663 849 poterit,
2698 782 2985 851 utlagabit
3025 797 3158 834 eum
3192 798 3299 834 rex
3327 782 3511 836 verbo
3544 782 3667 837 oris

2003 869 2116 921 sui.
2151 869 2211 921 Si
2232 884 2370 922 vero
2403 873 2605 937 postea
2639 874 2907 938 repertus
2941 870 3134 936 fuerit,
3170 873 3225 923 et
3254 870 3495 924 retineri
3523 887 3669 940 pos-

2002 958 2096 1021 sit,
2132 958 2304 1010 vivus
2356 958 2654 1024 reddetur,
2689 959 2781 1011 vel
2813 964 2983 1026 caput
3017 959 3170 1027 ejus,
3206 958 3259 1012 si
3292 975 3359 1012 se
3391 958 3668 1013 defende-

1998 1045 2373 1114 ritzlupinum
2404 1048 2559 1100 enim
2584 1051 2920 1117 geritcaput
2941 1064 2972 1100 a
2995 1048 3087 1100 die
3110 1048 3495 1117 utlagationis
3517 1063 3668 1117 sua),

2001 1135 2157 1205 quod
2208 1135 2456 1205 Anglice
2499 1134 2951 1189 W’ulfeslicol‘od
2993 1136 3225 1189 dicitur.
3276 1134 3346 1188 Et
3389 1136 3518 1190 haec
3577 1137 3668 1189 est

1999 1222 2475 1287 lexjcommunis
2507 1227 2563 1277 et
2610 1224 2906 1293 generalis
2938 1224 3010 1277 de
3056 1224 3331 1278 omnibus
3364 1223 3668 1295 utlagatis.

2775 1330 2894 1383 VII.

2068 1453 2153 1507 De
2205 1453 2360 1507 omni
2395 1452 2645 1523 annona,
2680 1453 2903 1507 decima
2936 1453 3123 1525 garba
3153 1454 3273 1508 Deo
3325 1454 3519 1509 debita
3549 1457 3665 1527 est,

1999 1545 2053 1596 et
2095 1542 2226 1596 ideo
2271 1542 2589 1596 reddenda.
2634 1542 2703 1595 Et
2727 1544 2777 1595 si
2809 1544 2943 1613 quis
2972 1558 3222 1614 gregem
3253 1558 3538 1615 equarum
3566 1545 3669 1599 ha-

1995 1631 2206 1699 buerit,
2242 1632 2465 1701 pullum
2496 1632 2701 1685 reddat
2723 1633 3013 1685 decimum
3048 1649 3061 1700 ;
3096 1632 3196 1703 qui
3237 1648 3411 1686 unam
3440 1637 3667 1688 tantum

1997 1720 2091 1773 vel
2117 1720 2266 1774 duas
2305 1720 2597 1788 habuerit,
2625 1722 2694 1775 de
2713 1722 2968 1792 singulis
2982 1721 3160 1790 pullis
3184 1722 3458 1797 singulos
3481 1720 3670 1777 dena-

1994 1809 2138 1864 rios.
2166 1809 2445 1863 Similiter
2476 1811 2573 1881 qni
2591 1826 2806 1863 vaccas
2831 1812 3031 1879 plures
3051 1811 3340 1879 habuerit,
3368 1813 3664 1867 decimum

1993 1898 2272 1967 vitulum;
2323 1899 2423 1969 qui
2466 1915 2643 1953 unam
2698 1902 2790 1954 vel
2843 1901 3017 1970 duas,
3067 1903 3137 1954 dc
3171 1900 3371 1955 vitulis
3402 1902 3661 1973 singulis

1994 1987 2201 2041 obolos
2247 1986 2540 2059 singulos.
2604 1989 2675 2042 Et
2727 1990 2827 2060 qui
2860 2005 3099 2043 caseum
3145 1988 3372 2059 fecerit,
3407 1990 3505 2044 det
3539 1990 3664 2046 Deo

1993 2078 2321 2146 decimum;
2356 2079 2410 2131 si
2455 2093 2596 2131 vero
2627 2093 2744 2130 non
2772 2075 3000 2144 fecerit,
3034 2076 3125 2130 lac
3157 2076 3386 2131 decimo
3417 2076 3531 2131 die.
3567 2077 3668 2132 Si-

1993 2173 2211 2227 militer
2248 2188 2467 2243 agnum
2499 2172 2811 2237 decimum,
2846 2170 3039 2224 vellus
3072 2171 3385 2237 decimum,
3421 2186 3666 2228 caseum

1990 2262 2303 2331 decimum,
2335 2262 2613 2332 butyrum
2643 2261 2956 2331 decimum,
2991 2260 3317 2329 porcellum
3342 2262 3659 2318 decimum.

2739 2366 2891 2419 VIII.

2063 2492 2146 2545 De
2176 2491 2385 2561 apibus
2425 2506 2567 2545 vero
2596 2490 2867 2545 similiter
2896 2490 3124 2544 decima
3176 2489 3488 2559 commodi;
3513 2490 3657 2561 quin

1991 2581 2164 2636 etiam
2196 2581 2267 2634 de
2298 2581 2504 2649 bosco,
2534 2580 2605 2633 de
2638 2583 2820 2649 prato,
2857 2580 2929 2633 de
2960 2578 3152 2648 aquis,
3190 2582 3245 2633 et
3274 2579 3654 2651 molendinis,

1990 2669 2248 2740 parchis,
2283 2669 2547 2738 vivariis,
2569 2668 2865 2738 piscariis,
2901 2669 3197 2740 virgultis,
3219 2668 3430 2737 hortis,
3464 2671 3521 2723 et
3549 2685 3658 2725 ne-

1992 2751 2432 2831 gotiationibus,
2482 2761 2539 2811 et
2574 2759 2846 2812 omnibus
2903 2759 3085 2811 rebus
3118 2774 3267 2828 quas
3298 2758 3527 2812 dederit
3546 2758 3658 2813 do-

1990 2850 2205 2916 minus,
2240 2848 2466 2902 decima
2496 2863 2639 2917 pars
2684 2848 2736 2900 ei
2784 2847 3083 2901 reddenda
3128 2850 3238 2913 est,
3300 2847 3401 2917 qui
3442 2862 3657 2902 novem

1989 2942 2188 3007 partes
2220 2936 2394 2990 simul
2458 2952 2589 2988 cum
2621 2936 2847 2989 decima
2889 2935 3157 3006 largitur.
3188 2935 3298 3000 Qui
3338 2952 3467 2991 eam
3503 2936 3656 2991 deti-

1988 3026 2199 3095 nuerit,
2234 3042 2340 3095 per
2360 3025 2653 3095 justitiam
2684 3025 2947 3094 episcopi
2981 3028 3037 3077 et
3092 3025 3280 3095 regis,
3316 3024 3371 3079 si
3399 3039 3654 3081 necesse

1987 3113 2185 3183 fuerit,
2219 3115 2291 3168 ad
2328 3114 2712 3168 redditionem
2743 3116 3043 3184 arguatur.
3081 3114 3222 3168 Haec
3254 3113 3409 3167 enim
3438 3114 3652 3169 beatus

1989 3205 2362 3275 Augustinus
2395 3203 2738 3273 praedicavit
2772 3205 2828 3256 et
2855 3202 3084 3256 docuit:
3111 3207 3167 3256 et
3198 3203 3326 3256 haec
3358 3218 3654 3258 concessa

1991 3297 2128 3348 sunt
2158 3310 2188 3346 a
2220 3308 2383 3363 rege,
2432 3295 2489 3345 et
2519 3292 2860 3357 baronibus,
2917 3296 2972 3344 et
3005 3290 3240 3360 populo.
3300 3289 3415 3344 Sed
3444 3293 3654 3359 postea

1990 3384 2272 3437 instinctu
2302 3382 2519 3435 diaboli
2549 3381 2713 3434 multi
2760 3395 2889 3433 eam
2929 3380 3321 3446 delinuerunt,
3356 3381 3415 3434 et
3446 3395 3653 3434 sacer-

1987 3473 2156 3527 dotes
2184 3470 2507 3540 locupletes
2536 3470 2910 3541 negligentes
2942 3485 3058 3523 non
3092 3469 3376 3523 curabant
3396 3468 3547 3523 inire
3566 3467 3652 3523 la-

1984 3562 2191 3616 borem
2238 3561 2310 3614 ad
2339 3559 2784 3630 persequendas
2818 3574 2941 3626 eas,
2975 3574 3044 3612 eo
3094 3558 3251 3629 quod
3282 3557 3654 3613 sufﬁcienter

1988 3651 2282 3704 habebant
2313 3664 2440 3702 suae
2462 3649 2801 3702 necessaria
2834 3648 2990 3701 vitae.
3024 3647 3223 3701 Multis
3246 3647 3402 3701 enim
3422 3647 3482 3700 in
3497 3646 3650 3703 locis

1984 3739 2157 3793 modo
2192 3742 2327 3792 sunt
2358 3741 2481 3791 tres
2512 3738 2605 3790 vel
2637 3736 3196 3807 quatuorecclesiae,
3224 3738 3327 3791 ubi
3345 3740 3485 3792 tunc
3511 3739 3653 3792 tem-

1982 3827 2147 3898 poris
2179 3844 2294 3881 una
2324 3828 2545 3880 tantum
2569 3829 2712 3895 erat,
2738 3830 2795 3880 et
2825 3826 2915 3880 sic
2939 3828 3244 3896 coeperunt
3264 3826 3467 3882 minui.

2765 3932 2863 3985 IX.

2056 4060 2161 4113 Die
2208 4058 2307 4113 illo
2365 4071 2481 4127 quo
2523 4055 2815 4126 judicium
2848 4055 2976 4109 ﬁeri
3025 4056 3217 4126 debet,
3270 4057 3467 4112 veniat
3506 4056 3647 4114 illuc

1982 4149 2251 4204 minister
2299 4145 2565 4216 episcopi
2597 4161 2729 4199 cum
2775 4145 3010 4198 clericis
3066 4146 3215 4213 suis,
3264 4149 3319 4199 et
3374 4146 3647 4202 similiter

1977 4239 2207 4311 justitia
2249 4237 2413 4308 regis
2446 4251 2576 4289 cum
2607 4234 2902 4305 legalibus
2951 4234 3290 4288 hominibus
3319 4234 3647 4303 provincim

1980 4329 2159 4396 illius,
2194 4327 2291 4397 qui
2325 4325 2560 4379 videant
2591 4328 2647 4378 et
2676 4324 2931 4392 audiant,
2965 4326 3027 4377 ut
3055 4339 3224 4393 aaque
3257 4322 3640 4379 omniaﬁant:

1980 4421 2035 4471 et
2065 4432 2216 4488 quos
2247 4415 2520 4470 dominus
2550 4430 2658 4484 per
2682 4412 3149 4467 misericordiam
3171 4428 3361 4483 suam,
3394 4427 3513 4468 non
3539 4427 3646 4483 per

187 4503 288 4570 rit,
324 4504 379 4555 et
409 4502 479 4554 de
508 4518 617 4556 suo
647 4502 888 4572 preprio
919 4502 1074 4556 unde
1113 4502 1319 4556 reddat
1351 4502 1637 4569 habuerit,
1664 4503 1723 4555 in
1754 4504 1846 4555 in-
1876 4516 1928 4579 ί)
1980 4506 2184 4560 merita
2215 4506 2446 4559 salvere
2477 4504 2744 4571 voluerit,
2778 4502 2957 4574 quieti
2985 4504 3102 4556 sint
3135 4506 3191 4557 et
3237 4502 3422 4557 libere
3471 4518 3645 4558 rece-

186 4593 428 4660 tegrum
478 4592 531 4643 ei
576 4591 671 4644 cui
718 4590 993 4644 damnum
1039 4590 1230 4644 intulit
1268 4591 1554 4644 restituat.
1602 4590 1767 4655 Quod
1800 4593 1854 4646 si

187 4693 358 4732 more
390 4679 562 4733 solito
594 4679 742 4734 latro
762 4680 954 4733 taliter
984 4680 1188 4750 egerit,
1224 4684 1280 4733 et
1311 4678 1463 4733 forte
1495 4680 1734 4735 fortuito
1781 4682 1854 4735 ad

186 4766 507 4821 ecclesiam
538 4770 595 4822 et
625 4769 1000 4822 sacerdotum
1031 4769 1239 4823 domos
1272 4767 1618 4838 frequenter
1648 4785 1853 4824 evase-

184 4858 261 4909 rit
297 4856 627 4911 :ablatione
659 4857 947 4924 restituta,
982 4858 1349 4926 provinciam
1383 4858 1708 4928 forisjuret,
1745 4875 1854 4913 nec

181 4945 424 4999 redeat:
489 4949 545 4999 et
592 4947 645 4999 si
700 4946 853 5000 forte
903 4947 1155 5000 reditum
1212 4947 1436 5011 fecerit,
1478 4947 1679 5001 nullus
1719 4963 1853 5001 eum

186 5034 482 5104 hospitari
517 5039 855 5106 praesumat,
882 5036 997 5089 nisi
1020 5051 1053 5089 a
1082 5051 1224 5108 rege
1257 5037 1387 5090 data
1416 5036 1671 5090 licentia.

975 5125 1070 5178 VI.

256 5211 321 5266 Si
368 5212 504 5282 quis
564 5228 705 5267 vero
754 5216 977 5267 sanctae
1008 5229 1210 5283 pacem
1247 5213 1535 5268 Ecclesiae
1567 5214 1853 5269 violenter

184 5301 522 5373 infregerit,
581 5302 997 5371 episcoporum
1055 5307 1146 5357 est
1172 5302 1420 5372 justitia.
1464 5304 1629 5367 Quod
1671 5305 1719 5357 si
1754 5320 1854 5359 no-

185 5405 333 5445 cens
366 5392 716 5445 sententiam
744 5407 945 5446 eorum
992 5391 1351 5463 diffugiendo
1385 5394 1478 5446 vel
1509 5398 1859 5464 arroganter

187 5480 621 5534 contemnendo
657 5480 1014 5552 despexerit,
1033 5482 1256 5536 clamor
1286 5482 1356 5536 de
1376 5497 1445 5536 eo
1464 5481 1764 5538 deferatur
1786 5485 1857 5538 ad

186 5584 396 5641 regem
413 5573 549 5640 post
568 5570 959 5643 quadraginta
974 5571 1117 5626 ‘dies
1142 5586 1155 5626 :
1190 5576 1246 5627 et
1277 5571 1687 5644 regisjustitia
1718 5574 1853 5628 mit-

1980 4597 2148 4671 dant:
2185 4598 2240 4648 et
2269 4609 2421 4665 quos
2464 4594 2744 4663 iniquitas
2774 4592 2984 4662 culpae,
3019 4607 3137 4647 non
3176 4592 3452 4646 dominus
3480 4592 3647 4647 dam-

1980 4684 2225 4753 naverit,
2255 4682 2485 4753 justitia
2509 4683 2671 4753 regis
2701 4683 2773 4736 de
2804 4682 2955 4752 ipsis
2982 4680 3274 4752 justitiam
3306 4681 3498 4735 faciat.
3532 4680 3643 4736 Ba-

1980 4788 2157 4827 rones
2179 4788 2321 4827 vero
2352 4773 2448 4842 qui
2483 4787 2650 4825 suam
2682 4771 2899 4825 habent
2932 4771 3153 4824 curiam
3186 4771 3257 4826 de
3289 4770 3418 4825 suis
3449 4770 3645 4825 homi-

1978 4862 2177 4929 nibus,
2226 4862 2461 4915 videant
2492 4865 2550 4914 ut
2597 4860 2684 4913 sic
2716 4861 2786 4914 de
2820 4862 2907 4914 eis
2935 4863 3131 4930 agant,
3168 4863 3459 4930 quatenus
3500 4875 3646 4931 erga

1978 4951 2165 5005 Deum
2216 4953 2440 5004 reatum
2488 4966 2605 5003 non
2637 4950 2957 5017 incurrant,
3001 4953 3056 5004 et
3089 4965 3290 5019 regem
3314 4964 3429 5003 non
3461 4947 3643 5004 offen-

1979 5041 2133 5093 dant.
2170 5038 2239 5092 Et
2266 5040 2317 5092 si
2338 5038 2612 5108 placitum
2633 5039 2704 5093 de
2723 5039 3061 5093 hominibus
3084 5039 3329 5092 aliorum
3353 5039 3645 5094 baronum

1980 5131 2166 5184 oritur
2203 5129 2262 5181 in
2308 5128 2490 5181 curiis
2523 5129 2673 5195 suis,
2716 5128 2870 5181 adsit
2900 5128 2971 5180 ad
3003 5128 3280 5196 placitum
3306 5129 3471 5199 regis
3500 5128 3643 5200 jus-

1976 5218 2120 5286 titia,
2155 5217 2431 5287 quoniam
2488 5217 2714 5285 absque
2746 5232 2813 5269 ea
2843 5217 3119 5286 placitum
3147 5216 3303 5270 finiri
3339 5233 3457 5272 non
3504 5217 3644 5273 licet

1977 5307 2039 5361 Si
2070 5307 2169 5376 qui
2200 5306 2455 5360 barones
2481 5306 2704 5376 judicia
2761 5322 2878 5359 non
2919 5306 3151 5369 habent,
3187 5306 3248 5360 in
3294 5306 3642 5377 Hundredo,

1976 5396 2077 5450 ubi
2089 5396 2365 5465 placitum
2379 5396 2639 5448 habitum
2654 5394 2845 5461 fuerit,
2865 5394 2937 5448 ad
2952 5396 3433 5467 propinquiorem
3453 5397 3649 5451 eccle-

1979 5485 2147 5552 siam,
2174 5485 2271 5538 ubi
2293 5484 2583 5555 judicium
2618 5483 2781 5554 regis
2821 5483 2947 5547 erit,
2982 5484 3489 5541 determinandum
3528 5487 3643 5557 est,

1981 5574 2155 5630 salvo
2180 5574 2320 5648 jure
2349 5573 2641 5631 baronum
2659 5572 2914 5630 illorum.
