4090 6162
436 236 609 309 1885‘

1222 444 1299 499 X.

508 535 713 590 Omnis
741 533 841 606 qui
879 532 1151 588 habuerit
1179 532 1418 605 triginta
1442 534 1783 589 denariatus
1815 535 1968 590 vivae
1998 550 2105 606 pe-

440 627 632 683 cuniae
680 625 741 678 in
797 622 970 677 domo
1030 638 1158 691 sua,
1212 622 1284 676 de
1333 638 1440 677 suo
1482 625 1741 692 proprio,
1778 625 2107 696 Anglorum

436 717 595 787 lege,
629 712 788 769 dabit
818 712 1123 767 denarium
1137 712 1324 765 sancti
1344 712 1536 780 Petri;
1564 715 1617 766 et
1638 714 1768 784 lege
1784 714 2101 783 Danorum,

442 804 743 860 dimidiam
765 817 1040 856 meream.
1075 802 1191 855 Iste
1212 816 1355 855 vero
1375 801 1653 855 denarius
1676 802 1850 857 debet
1868 805 2104 858 submo-

442 893 568 948 neri
603 891 663 945 in
701 890 1070 944 solemnitate
1120 888 1520 958 apostolorum
1548 889 1708 943 Petri
1739 894 1795 943 et
1828 890 2010 959 Pauli,
2051 895 2109 945 et

446 980 647 1052 colligi
667 980 739 1034 ad
772 978 1147 1033 festivitatem
1182 993 1313 1047 quae
1353 978 1585 1043 dicitur,
1622 978 1709 1031 Ad
1741 979 1992 1048 vincula,
2028 982 2105 1034 ita

443 1074 511 1127 ut
566 1071 717 1125 ultra
771 1068 933 1121 illum
983 1067 1135 1121 diem
1192 1082 1308 1121 non
1347 1067 1689 1122 detineatur.
1726 1069 1785 1123 Si
1814 1071 2106 1140 quispiam

448 1158 781 1226 detinuerit,
824 1156 896 1210 ad
939 1155 1229 1226 justitiam
1288 1156 1449 1226 regis
1510 1157 1730 1211 clamor
1787 1159 2104 1230 deferatur,

450 1249 724 1320 quoniam
750 1246 1031 1300 denarius
1064 1244 1159 1298 hic
1191 1246 1564 1315 eleemosyna
1593 1248 1755 1318 regis
1790 1251 1907 1302 est:
1929 1248 2109 1319 justi-

449 1337 529 1391 tia
561 1349 703 1389 vero
743 1333 919 1388 faciat
950 1333 1255 1388 denarium
1285 1333 1553 1403 reddere,
1580 1339 1635 1388 et
1665 1335 2111 1391 forisfacturam

452 1424 717 1496 episcopi
765 1426 821 1478 et
849 1423 1035 1494 regis.
1069 1421 1233 1486 Quod
1265 1423 1318 1475 si
1348 1423 1484 1493 quis
1524 1424 1726 1493 plures
1766 1425 1974 1479 domos
2008 1426 2115 1481 ha-

452 1515 669 1582 buerit,
696 1512 766 1567 de
800 1512 900 1566 illa
928 1511 1027 1565 ubi
1052 1511 1327 1565 residens
1346 1510 1522 1566 fuerit
1558 1514 1615 1566 in
1648 1512 1800 1568 festo
1826 1515 2117 1585 apostolo-

454 1619 587 1657 rum
600 1600 827 1656 Petriet
854 1599 1023 1659 Pauli
1057 1600 1362 1654 denarium
1391 1600 1613 1654 reddat.

1230 1688 1330 1743 XI.

1589 243 2015 305 WILLELMI
2069 234 2695 318 CONQUESTORIS

3652 254 3778 317 13%

2123 426 2185 495 ι
2215 444 2488 499 ecclesiae
2520 446 2949 501 ubilinventum
2985 448 3181 517 fuerit,
3214 462 3561 519 quaecunque
3585 451 3806 521 ipsafue-

2210 534 2293 588 rit
2322 535 2417 589 vel
2446 534 2637 605 dives,
2671 536 2763 590 vel
2793 550 3036 606 pauper.

2981 626 3135 679 XIV.

2296 712 2421 767 Rex
2453 717 2642 767 autem
2675 714 2774 783 qui
2805 715 3065 769 vicarius
3096 717 3309 769 summi
3330 717 3487 787 regis
3515 721 3614 784 est,
3635 718 3695 772 ad
3722 719 3808 774 hoc

2221 803 2312 856 est
2343 803 2699 857 constitutus
2745 806 2807 856 ut
2840 819 3089 874 regnum
3126 808 3439 873 terrenum,
3489 810 3541 859 et
3582 807 3811 875 populum

2225 890 2477 959 Domini,
2511 895 2567 944 et
2596 907 2777 961 super
2809 895 3003 947 omnia
3032 896 3294 947 sanctam
3332 898 3622 948 veneretur
3640 894 3807 949 Eccle-

2227 980 2373 1032 siam
2403 979 2557 1049 ejus,
2593 984 2649 1034 et
2674 984 2860 1052 regat,
2918 984 2974 1035 et
3030 981 3103 1035 ab
3143 982 3451 1052 injuriosis
3494 983 3746 1046 defendat,
3773 990 3815 1037 et

2228 1069 2528 1123 maleficos
2559 1069 2630 1123 ab
2652 1083 2720 1122 ea
2752 1070 2962 1123 cvellat
3004 1074 3061 1124 et
3088 1071 3370 1139 destruat,
3405 1077 3457 1125 et
3494 1072 3699 1140 penitus
3724 1071 3816 1125 dis-

2226 1159 2451 1228 perdat.
2511 1158 2678 1223 Quod
2734 1158 2851 1213 nisi
2880 1158 3105 1228 fecerit,
3139 1175 3248 1214 nec
3288 1176 3494 1215 nomen
3520 1161 3666 1230 regis
3691 1161 3737 1212 in
3763 1175 3815 1214 eo

2230 1247 2556 1302 constabit:
2615 1263 2843 1317 verum,
2900 1245 3153 1303 testante
3210 1265 3359 1319 papa
3388 1248 3615 1317 Joanne,
3650 1263 3817 1303 nomen

2228 1338 2393 1409 regis
2426 1336 2634 1407 perdit.
2670 1338 2774 1391 Uni
2818 1337 3109 1407 Pippinus
3165 1340 3222 1392 et
3270 1337 3514 1392 Carolus
3543 1336 3681 1391 ﬁlius
3717 1339 3818 1407 ejus

2227 1425 2480 1480 necdum
2525 1440 2727 1497 reges,
2761 1426 2869 1479 sed
2917 1425 3239 1495 principes,
3275 1427 3387 1480 sub
3443 1439 3578 1496 rege
3613 1424 3820 1478 Franco-

2227 1538 2360 1576 rum
2392 1523 2570 1577 stulto
2601 1523 2989 1592 scripserunt,
3022 1529 3361 1593 quaerentes
3393 1523 3444 1576 si
3457 1523 3527 1575 ita
3542 1534 3823 1591 permanere

2230 1611 2519 1667 deberent
2547 1611 2913 1667 Francorum
2943 1628 3124 1683 reges
3157 1614 3288 1668 solo
3319 1612 3483 1682 regio
3498 1610 3703 1664 nomine
3720 1623 3823 1662 con-

2230 1700 2395 1756 tenti.
2455 1703 2504 1755 A
2551 1718 2668 1772 quo
2698 1716 3054 1772 reSponsum
3104 1706 3240 1756 est:
3293 1701 3428 1755 illos
3471 1700 3627 1753 decet
3670 1696 3829 1751 vocari

527 1780 605 1850 (9)
644 1777 970 1851 Danegeldi
1026 1778 1274 1833 redditio
1305 1780 1544 1848 propter
1596 1779 1815 1849 piratas
1850 1780 2126 1851 primitus

2239 1806 2432 1863 reges,
2466 1792 2565 1863 qui
2584 1790 2899 1863 vigilanter
2925 1792 3247 1847 defendunt
3268 1794 3327 1844 et
3342 1792 3549 1861 regunt
3561 1787 3825 1841 Ecclesium

458 1872 672 1926 statuta
729 1868 857 1922 est:
919 1866 1167 1936 patriam
1214 1868 1368 1920 enim
1407 1866 1780 1936 infestantes,
1809 1871 2125 1927 vastationi
2155 1866 2198 1870 —
2234 1881 2361 1950 Dei,
2385 1885 2441 1935 et
2469 1881 2750 1951 populum
2772 1875 3827 1952 ejusimitatiregempsalmogmphum

458 1957 595 2030 ejus
621 1972 727 2027 pro
758 1970 941 2026 posse
973 1970 1084 2009 suo
1115 1955 1489 2010 insistebant.
1533 1956 1621 2010 Ad
1653 1972 1857 2012 eorum
1888 1960 2125 2029 quidem

458 2044 835 2102 insolentiam
862 2044 1313 2115 reprimendam,
1332 2047 1612 2099 statutum
1627 2049 1717 2100 est
1736 2048 2129 2120 danegeldum

460 2134 760 2192 annuatim
790 2133 977 2203 reddi,
1012 2134 1240 2188 scilicet
1260 2133 1569 2188 duodecim
1588 2135 1864 2190 denarios
1892 2138 1963 2192 de
1988 2156 2130 2193 una-

462 2240 695 2298 quaque
728 2223 864 2277 hida
895 2222 1074 2277 totius
1123 2224 1350 2293 patriae,
1410 2224 1479 2276 ad
1557 2226 1978 2280 conducendos
2022 2244 2128 2283 eos

464 2313 563 2387 qui
590 2311 911 2383 piratarum
952 2311 1266 2381 irruptioni
1296 2312 1630 2367 resistendo
1682 2314 2010 2371 obviarent.
2047 2318 2129 2385 De

465 2406 579 2459 hoc
610 2415 848 2473 quoque
875 2401 1202 2471 dauegeldo
1232 2400 1418 2455 libera
1467 2404 1523 2456 et
1561 2405 1753 2473 quieta
1782 2408 1909 2459 erat
1939 2408 2133 2460 omnis

416 2536 421 2546 .
467 2492 743 2560 ecclesia,
764 2493 822 2545 et
851 2489 1025 2544 etiam
1057 2489 1248 2544 omnis
1267 2496 1422 2544 terra
1453 2493 1660 2561 quaein
1684 2495 1924 2563 proprio
1956 2496 2136 2550 domi-

466 2582 566 2643 nio
598 2579 872 2636 ecclesiae
894 2581 1039 2647 erat,
1064 2578 1420 2649 ubicumque
1438 2579 1693 2651 jacebat,
1720 2583 1863 2636 nihil
1882 2600 2134 2654 prorsus

468 2671 530 2727 in
558 2671 670 2726 hac
714 2668 814 2722 tali
863 2668 1191 2722 redditione
1246 2669 1620 2739 persolvens,
1677 2672 1813 2742 quia
1851 2675 2044 2746 magis
2076 2675 2135 2729 in

471 2758 746 2816 ecclesia;
805 2756 1176 2811 confidebant
1207 2758 1597 2827 orationibus,
1632 2776 1809 2831 quam
1860 2763 1917 2816 in
1950 2780 2135 2820 armo-

470 2864 604 2905 rum
651 2846 1123 2903 defensionibus.
1174 2847 1338 2901 Hanc
1368 2848 1562 2918 itaque
1593 2851 1779 2905 tenuit
1808 2852 2137 2924 Anglorum

471 2936 744 2992 Ecclesia
795 2935 1125 2990 libertatem
1179 2951 1370 3007 usque
1428 2937 1499 2991 ad
1548 2941 1813 3009 tempora
1850 2942 2143 2998 Willelmi

471 3026 641 3099 regis
660 3024 944 3096 junioris,
977 3025 1079 3096 qui
1109 3023 1304 3079 Rufus
1337 3026 1680 3097 vocabatur,
1708 3029 1897 3085 donec
1929 3033 2137 3087 eodem

473 3132 507 3171 a
533 3114 862 3171 baronibus
901 3113 1135 3185 Anglice
1164 3114 1445 3170 auxilium
1468 3118 1827 3187 requirente,
1863 3122 1934 3174 ad
1965 3122 2139 3177 Nort—

473 3206 770 3261 manniam
792 3203 1155 3258 retinendam
1178 3204 1249 3259 de
1289 3205 1546 3260 Roberto
1567 3206 1743 3269 fratre
1759 3225 1890 3277 suo,
1919 3227 2140 3284 cogno-

348 3314 361 3321 -
473 3297 670 3350 mento
717 3292 1104 3363 Curtechose,
1138 3293 1471 3349 Jerusalem
1530 3297 1965 3369 proficiscente,
2001 3317 2141 3357 con-

477 3399 718 3440 cessum
757 3384 849 3437 est
897 3383 972 3452 ei,
1032 3398 1149 3437 non
1201 3383 1335 3454 lege
1379 3388 1660 3439 statutum
1690 3390 1903 3455 tamen,
1946 3406 2139 3462 neque

474 3474 789 3542 ﬁrmatum,
823 3473 930 3526 sed
960 3471 1071 3525 hac
1111 3487 1221 3526 nec
1250 3474 1626 3528 necessitatis
1660 3490 1859 3545 causa,
1895 3492 1969 3532 ex
1998 3494 2138 3533 una-

477 3577 710 3633 quaque
766 3560 903 3615 hida
951 3560 1065 3615 sibi
1106 3561 1229 3614 dari
1279 3565 1531 3631 quatuor
1577 3565 1825 3635 solidos,
1887 3569 2139 3623 ecclesia

476 3666 595 3706 non
610 3651 873 3719 excepta.
908 3649 1057 3704 Dum
1080 3665 1221 3704 vero
1244 3650 1512 3706 collectio
1536 3668 1756 3709 census
1786 3655 1972 3725 ﬂeret,
2007 3674 2139 3728 pro-

480 3738 768 3794 clamabat
798 3740 1005 3792 sancta
1032 3736 1323 3809 Ecclesia,
1357 3754 1527 3795 suam
1572 3758 1902 3814 reposcens
1951 3746 2141 3802 liber-

477 3830 657 3883 tatem
681 3842 695 3882 :
729 3826 839 3882 sed
869 3826 1016 3881 nihil
1043 3827 1312 3897 profecit.

549 3987 673 4043 Pax
704 3988 868 4060 regis
899 3988 1201 4059 multiplex
1226 3918 1460 4046 e§tI.IIlla
1491 3993 1645 4047 enim
1664 3995 1794 4049 data
1816 4012 1992 4052 manu
2010 4013 2139 4066 sua,

477 4093 654 4149 quam
681 4076 858 4150 Angli
890 4082 1101 4133 vocant
1132 4081 1468 4152 cynninger
1500 4081 1692 4138 honde
1723 4086 2137 4158 sealdegritlz:

478 4167 610 4235 alia,
642 4167 737 4221 die
757 4182 874 4239 quo
906 4168 1159 4238 primum
1182 4174 1499 4226 coronatus
1530 4175 1639 4237 est,
1673 4189 1804 4246 quae
1841 4175 1969 4229 dies
1986 4180 2144 4231 tenet

478 4259 645 4312 octo:
706 4256 766 4311 in
814 4257 1009 4312 Natali
1036 4257 1289 4329 Domini,
1336 4259 1467 4315 dies
1525 4265 1694 4331 octo;
1736 4263 1795 4317 in
1825 4264 2139 4336 Paschate,

477 4346 606 4401 dies
657 4349 788 4402 octo
822 4363 836 4416 ;
869 4347 928 4401 in
994 4346 1363 4414 Pentecoste,
1423 4349 1552 4405 dies
1592 4354 1745 4423 octo,
1798 4355 1909 4407 etc.
1956 4354 2139 4411 infra.

475 4434 771 4491 Mambote
801 4451 944 4491 vero
976 4436 1055 4503 (id
1086 4440 1179 4491 est
1206 4439 1610 4508 compensatio
1643 4441 1878 4497 domino
1908 4446 2143 4514 persol-

478 4524 671 4578 venda
692 4540 800 4594 pro
835 4525 1073 4581 homine
1095 4541 1206 4581 suo
1228 4528 1454 4597 occiso)
1486 4528 1817 4601 Anglorum
1838 4532 1991 4604 lege,
2013 4534 2144 4606 regi
2176 4518 2235 4583 D

480 4616 537 4669 et
553 4613 1025 4684 archiepiscopo,
1056 4616 1183 4669 tres
1205 4631 1437 4670 mereas
1462 4617 1532 4671 de
1549 4618 1888 4675 hominibus
1938 4637 2142 4678 eorum

476 4702 771 4775 propriis:
806 4704 913 4757 sed
944 4703 1224 4774 episcOpo
1255 4704 1526 4775 ejusdem
1554 4709 1886 4779 comitatus,
1924 4715 1980 4765 et
2013 4727 2143 4767 con-

481 4792 618 4861 suli,
652 4795 710 4847 et
747 4792 1011 4863 dapifero
1062 4794 1246 4866 regis,
1281 4794 1489 4865 viginti
1530 4797 1775 4867 solidos,
1818 4799 2141 4857 baronibus

480 4884 675 4939 autem
692 4880 845 4952 aliis,
878 4881 1082 4937 decem
1111 4883 1357 4951 solidos,
1396 4897 1504 4940 etc.

553 5042 845 5100 Thesauri
874 5043 947 5098 de
976 5046 1134 5099 terra
1162 4973 1516 5116 τθέξέῐὲιωι,
1551 5047 1667 5101 nisi
1698 5047 1757 5101 in
1776 5050 2029 5104 ecclesia
2053 5051 2146 5106 vel

482 5133 543 5188 in
572 5134 911 5189 cmmeterio
942 5133 1333 5189 inveniantur.
1369 5135 1439 5188 Et
1476 5135 1613 5190 licet
1658 5137 1736 5191 ibi
1788 5138 2144 5208 inveniatur,

484 5236 693 5277 aurum
713 5224 879 5296 regis
909 5227 1020 5293 est,
1046 5225 1103 5279 et
1130 5225 1415 5279 medietas
1456 5226 1720 5297 argenti:
1753 5230 1811 5280 et
1838 5228 2146 5299 medietas,

487 5399 921 5528 Ηὲἓζὶἔέἱῖἰῗιιιν
966 5399 1080 5455 hoc
1143 5404 1318 5473 caput
1369 5402 1629 5459 additum
1688 5420 1826 5459 esse
1883 5407 2145 5476 tempore

559 5542 672 5617 (10)
691 5538 841 5617 Quae
857 5547 1175 5617 praeterea
1191 5548 1524 5616 sequuntur
1551 5547 1704 5617 apud
1757 5547 2151 5601 Lambardum

487 5615 550 5693 in
569 5613 683 5668 hoc
716 5614 904 5682 capite
923 5613 1006 5668 De
1023 5614 1217 5670 ofﬁcio
1242 5613 1427 5688 regis,
1464 5620 1519 5672 et
1540 5613 1609 5673 de
1634 5618 1773 5689 jure
1787 5623 1843 5673 et
1872 5618 2154 5688 appendi-

2234 1971 2560 2025 dicentem:
2594 1970 2728 2026 Non
2759 1970 3057 2025 habitabit
3084 1971 3145 2024 in
3174 1970 3372 2026 medio
3401 1970 3593 2025 domus
3617 1979 3737 2019 meae
3761 1964 3833 2034 qui

2166 2045 2184 2053 ”
2238 2059 2383 2116 facit
2413 2059 2771 2131 superbiam,
2806 2062 2917 2114 etc.
2950 2059 3140 2129 (Psal.
3173 2060 3247 2129 c).

2968 2152 2989 2161 ’⁷
3010 2149 3136 2204 XV.

2313 2243 2426 2311 (10)
2456 2240 2930 2311 Archiepiscopi,
2970 2240 3254 2309 episcOpi,
3319 2237 3577 2304 comites,
3613 2234 3831 2297 barones,

2243 2335 2298 2387 et
2328 2347 2533 2386 omnes
2565 2331 2664 2401 qui
2686 2331 2904 2384 habent
2932 2330 3194 2398 sacham,
3230 2332 3287 2383 et
3322 2343 3539 2397 socam,
3570 2323 3693 2387 thol,
3720 2335 3832 2376 team

2244 2423 2299 2473 et
2330 2419 2694 2492 infangthefe
2720 2435 2731 2472 :
2760 2418 2932 2472 etiam
2961 2418 3181 2471 milites
3201 2432 3350 2471 suos
3374 2418 3431 2470 et
3470 2412 3719 2485 pr0prios
3742 2422 3836 2462 ser-

2244 2509 2495 2576 vientes,
2532 2507 2759 2562 scilicet
2795 2507 3117 2576 dapiferos,
3151 2506 3495 2576 pincernas,
3525 2499 3834 2563 camerarios,

2248 2613 2496 2669 coquos,
2555 2598 2835 2668 pistores,
2890 2597 3002 2649 sub
3026 2610 3137 2650 suo
3195 2597 3467 2667 friborgo
3521 2593 3758 2646 habeant.
3789 2586 3839 2639 Et

2249 2687 2387 2742 item
2426 2688 2526 2741 isti
2558 2702 2704 2742 suos
2736 2685 3093 2756 armigeros,
3126 2685 3218 2740 vel
3250 2686 3404 2739 alios
3435 2684 3545 2739 sibi
3573 2679 3838 2735 servientes

2248 2774 2361 2829 sub
2412 2792 2521 2831 suo
2579 2777 2867 2849 friborgo.
2928 2776 3095 2840 Quod
3144 2776 3197 2829 si
3246 2775 3344 2828 cui
3374 2768 3766 2834 forisfacerent,
3800 2765 3840 2816 et

2249 2868 2471 2923 clamor
2500 2869 2827 2922 vicinorum
2881 2866 2953 2921 de
2985 2866 3073 2921 eis
3104 2867 3473 2934 assurgeret,
3502 2861 3606 2930 ipsi
3635 2854 3841 2913 tenerent

2249 2975 2355 3014 eos
2388 2958 2723 3013 rectitudini
2753 2958 2809 3010 in
2842 2957 3005 3011 curia
3030 2970 3176 3009 sua:
3212 2953 3299 3008 illi
3329 2953 3459 3006 dico
3500 2950 3594 3020 qui
3619 2946 3839 3001 haberent

2251 3049 2513 3116 sacham,
2549 3051 2836 3112 etsocam,
2873 3045 3016 3113 thol,
3050 3046 3106 3099 et
3125 3044 3339 3110 theam,
3375 3046 3431 3097 et
3456 3035 3790 3111 infangthefe.

2994 3133 3146 3187 XVI.

2320 3227 2512 3281 Sacha
2561 3230 2671 3295 est,
2732 3226 2887 3297 quod
2920 3225 2974 3279 si
3004 3224 3250 3296 quilibet
3279 3223 3532 3292 aliquem
3568 3212 3843 3273 nominatim

2250 3318 2322 3372 de
2353 3316 2549 3386 aliquo
2584 3315 2972 3370 calumniatus
3004 3313 3200 3380 fuerit,
3248 3315 3305 3366 et
3348 3311 3445 3371 ille
3474 3303 3763 3379 negaverit,
3789 3298 3845 3351 ἴοι

2252 3406 2571 3462 risfactura
2602 3404 2968 3475 probationis
3001 3402 3095 3457 vel
3126 3401 3483 3472 negationis,
3525 3397 3573 3451 si
3623 3386 3843 3454 evenerit,

2254 3513 2361 3551 sua
2393 3497 2523 3551 erit.

2990 3581 3169 3635 XVII.

2323 3675 2517 3732 Socha
2539 3679 2651 3744 est,
2684 3674 2843 3747 quod
2875 3675 2927 3727 si
2971 3672 3188 3743 aliquis
3221 3670 3436 3743 quaerit
3464 3662 3667 3736 aliquid
3692 3661 3738 3713 in
3764 3662 3846 3747 ter-

2256 3781 2322 3820 ra
2354 3781 2483 3836 sua,
2517 3765 2691 3820 etiam
2710 3746 2960 3832 furtum,
2991 3777 3101 3816 sua
3131 3763 3224 3815 est
3250 3758 3499 3830 justitia,
3523 3754 3574 3808 si
3609 3746 3846 3806 inventum

2263 3854 2457 3924 fuerit,
2486 3870 2560 3908 an
2581 3868 2715 3908 non.

2980 3938 3189 3993 XVIII.

2328 4032 2479 4088 Thol
2510 4031 2690 4104 (quod
2724 4046 2835 4105 nos
2882 4028 3134 4083 dicimus
3167 4026 3471 4095 telonium)
3517 4023 3619 4089 est,
3675 4011 3850 4105 scilicet

2257 4122 2416 4194 quod
2447 4102 2662 4176 habeat
2688 4102 3021 4174 libertatem
3051 4115 3348 4171 vendendi
3378 4117 3434 4177 et
3462 4107 3677 4168 emendi
3701 4106 3748 4158 in
3771 4102 3852 4155 tero

2257 4228 2323 4267 ra
2353 4228 2482 4267 sua.

3001 4295 3158 4351 XIX.

2324 4391 2568 4460 Theam,
2604 4387 2760 4460 quod
2784 4387 2838 4440 si
2867 4385 3163 4457 quispiam
3194 4383 3418 4456 aliquid
3445 4378 3691 4436 interciet
3718 4381 3852 4438 super

2254 4482 2529 4553 aliquem,
2594 4483 2650 4533 et
2688 4476 3032 4531 intereiatus
3090 4490 3209 4530 non
3288 4474 3499 4543 poterit
3560 4462 3850 4554 warrantle

2253 4544 2799 4635 suumhahere,erit
2829 4565 3209 4621 forisfactura
3231 4556 3652 4631 sua,etjustitia
3687 4544 3849 4605 simill-

2256 4665 2345 4714 ter
2366 4659 2439 4715 de
2467 4656 2908 4727 calumniatore,
2941 4655 2996 4711 si
3026 4654 3333 4718 defecerit,

3011 4743 3145 4799 XX.

2327 4853 2532 4909 Omnis
2570 4853 2726 4909 enim
2770 4853 2874 4925 qui
2928 4852 3107 4907 habet
3163 4851 3345 4906 sacha
3375 4853 3433 4905 et
3460 4844 3650 4913 socba,
3674 4837 3772 4894 thol
3808 4837 3848 4885 et

2256 4945 2435 5015 them,
2469 4946 2526 4997 et
2545 4941 2971 5015 infangdthefe,
3014 4942 3333 5012 praedictas
3365 4936 3625 4994 videlicet
3650 4936 3845 5015 consue-

2257 5011 2524 5088 tudines:
2557 5011 2786 5102 justitia
2818 5011 3241 5102 cognoscentis
3272 5028 3514 5084 latronis
3544 5039 3643 5079 sua
3669 5020 3760 5084 est,

2259 5124 2495 5179 homine
2509 5098 2640 5192 suo,
2658 5122 2710 5175 si
2733 5098 2939 5191 captus
2958 5120 3137 5175 fuerit
3166 5134 3345 5189 super
3378 5121 3585 5172 terram
3612 5098 3861 5193 suamJlli

2257 5233 2404 5273 vero
2436 5217 2538 5288 qui
2559 5190 2676 5270 non
2689 5190 2909 5269 habent
2928 5212 3038 5266 has
3053 5209 3715 5273 consuetudines,coram
3731 5193 3814 5264 lus
3836 5190 3864 5237 ¹¹

2262 5384 2373 5453 ciis
2396 5412 2630 5452 coronae
2654 5394 2825 5465 regni
2842 5390 3179 5458 Britanniae,
3207 5404 3340 5465 cum
3353 5383 3588 5465 epistola
3614 5371 3852 5465 Digni]ij

2260 5452 2428 5540 papae
2459 5470 2531 5522 ad
2564 5452 2809 5540 Luciqu
2842 5452 3220 5540 rege_m,_non
3251 5452 3533 5540 habentur
3557 5454 3646 5505 aut
3671 5452 3719 5500 in
3745 5452 3851 5495 n05—

2269 5532 2357 5597 trd
2390 5538 2823 5608 manuscripto,
2857 5532 2953 5589 aut
2983 5536 3042 5588 in
3074 5532 3414 5588 Hovedeno.
