4048 6164
413 200 567 265 4339

1555 184 1986 251 WILLELMI
2051 175 2698 252 CONQUESTORIS

3647 171 3771 237 1340

404 402 524 456 lant
562 402 633 455 de
664 399 829 453 aveir
861 397 1255 465 champestre,
1293 392 1344 445 si
1375 390 1591 445 devrad
1638 388 1821 441 doner
1854 387 1906 440 le
1968 385 2073 438 dc-
2104 363 2151 415 Α
2183 378 2416 434 nalibus
2455 377 2657 431 valere
2675 375 3009 429 aestimatur
3025 372 3326 428 dimidiam
3340 386 3578 425 marcam
3601 389 3774 444 argen-

407 507 513 545 ner
554 489 709 543 seint
758 489 902 540 Pere
939 502 950 539 ε
986 490 1041 539 et
1082 499 1187 553 par
1242 482 1294 535 le
1353 481 1535 533 dener
1582 478 1680 547 qui
1732 476 1772 529 li
1819 477 2070 545 seignur

408 578 631 645 durrat,
665 577 716 630 si
750 579 948 630 errent
977 574 1171 643 quites
1206 570 1365 625 ceals
1397 569 1495 639 qui
1526 566 1782 620 meinent
1831 580 1902 618 en
1963 580 2073 618 son

413 666 701 720 demaine.

456 766 463 771 ‘
1204 750 1277 802 IV

482 859 591 924 Qui
619 862 825 914 renant
874 859 924 912 le
974 858 1157 912 dener
1177 858 1331 910 seint
1361 856 1530 922 Pere,
1567 856 1617 908 le
1650 854 1833 907 dener
1858 850 2076 905 rendra

416 964 521 1018 per
550 950 603 1002 la
630 948 851 1019 justice
883 948 953 1001 de
987 948 1141 1001 seint
1169 947 1393 1018 Yglise,
1430 961 1459 998 e
1490 961 1605 997 xxx
1633 944 1764 997 den.
1800 940 2018 995 forfait.
2044 957 2075 994 e

416 1039 470 1092 si
501 1038 537 1091 il
572 1053 642 1091 en
674 1042 763 1091 est
796 1035 983 1105 plaidé
1016 1036 1086 1089 do
1117 1035 1408 1106 lajustice
1468 1033 1522 1087 le
1552 1033 1656 1101 rei,
1692 1032 1745 1085 le
1794 1028 1991 1084 forfait
2020 1030 2074 1083 al

416 1142 677 1197 evesque
711 1143 826 1178 xxx
857 1126 988 1179 den.
1014 1140 1045 1178 c
1076 1123 1128 1177 al
1158 1125 1243 1178 rei
1268 1122 1326 1176 xl
1361 1122 1503 1176 solz.

1221 1230 1268 1283 V

487 1336 550 1391 Si
581 1338 754 1392 home
788 1342 936 1392 mort
977 1353 1118 1392 sans
1151 1337 1377 1403 devise,
1424 1337 1477 1391 si
1517 1336 1823 1407 departent
1858 1336 1947 1391 les
1982 1351 2078 1391 en-

420 1426 553 1481 fans
583 1426 769 1481 l’erite
799 1431 962 1481 entre
996 1428 1085 1481 sei
1115 1443 1219 1496 per
1249 1427 1425 1482 uwel.

2185 469 2248 535 ti,
2286 473 2525 521 tenetur
2545 467 2691 519 dare
2721 465 2916 518 sancti
2948 463 3121 515 Petri
3145 461 3483 515 denarium:
3513 467 3566 513 et
3578 477 3673 531 per
3696 462 3773 517 de-

2184 557 2412 611 narium
2436 571 2602 626 quem
2634 554 2904 608 dominus
2934 551 3193 619 dederit,
3228 550 3408 621 quieti
3437 557 3595 603 erunt
3624 552 3705 621 qui
3729 552 3777 604 in

2179 661 2286 700 suo
2315 645 2535 716 degunt
2575 643 2885 698 dominico.

2978 729 3052 781 IV

2257 822 2367 887 Qui
2396 822 2708 893 negaverit
2739 819 3046 873 denarium
3077 817 3273 871 sancti
3300 815 3492 883 Petri,
3528 830 3641 870 eum
3666 817 3779 869 red-

2182 912 2283 966 dat
2308 926 2420 982 per
2445 910 2734 975 iustitiam
2762 913 2984 963 sanctae
3015 905 3271 972 eclesiae,
3305 911 3363 959 et
3393 904 3607 959 muletaa
3630 904 3779 957 nomi-

2183 1016 2257 1055 ne
2306 1016 2391 1053 xx
2432 998 2567 1053 den.
2600 1002 2659 1051 et
2688 996 2745 1050 si
2781 998 2843 1050 in
2859 995 2967 1067 jus
3002 999 3239 1049 vocatus
3296 992 3479 1047 fuerit
3508 1008 3537 1046 a
3578 991 3780 1062 justitia

2182 1089 2370 1159 regis,
2405 1078 2674 1158 episcopo
2701 1084 2823 1139 luat
2873 1100 3003 1139 xxx
3029 1083 3323 1151 denariis,
3374 1086 3431 1137 et
3468 1080 3593 1152 regi
3618 1079 3675 1136 χι
3705 1096 3780 1135 so-

2182 1177 2348 1232 Iidis.

2988 1242 3039 1295 V
3682 1296 3685 1303 .

2253 1335 2323 1391 Si
2353 1336 2483 1408 quis
2527 1334 2851 1389 intestatus
2882 1331 3124 1400 abierit,
3158 1330 3348 1386 liberi
3378 1330 3501 1403 ejus
3528 1327 3782 1384 heredita-

2186 1432 2300 1480 tem
2329 1422 2541 1497 aequali
2548 1429 2641 1478 ter
2673 1423 2735 1477 di
2747 1422 2965 1476 vitiant.

2067 1668 2196 1795 ν.

931 1871 1184 1934 Statuta
1212 1873 1484 1957 antiqua
1517 1875 1583 1934 in
1612 1873 1839 1956 quibus
1872 1871 2129 1954 Anglia:
2157 1869 2360 1931 totius
2392 1870 2580 1952 regni
2609 1868 2876 1932 comitia
2904 1868 3324 1930 ordinantur.

1336 2004 1528 2075 (Apud
1560 2005 1869 2059 Αοιιιςηιωι
1897 2001 2232 2075 Spicilegii,
2265 2006 2404 2058 tom.
2445 2002 2576 2073 XII,
2607 2017 2745 2076 pag.
2778 2000 2929 2071 557.)

1938 2181 2372 2198 ——-__

416 2319 631 2382 MOD
647 2320 762 2381 US
814 2320 931 2381 TE
934 2318 1237 2383 NENDI
1271 2322 1396 2382 PA
1410 2321 1632 2384 RLIA
1649 2321 1865 2383 MEN
1872 2322 2080 2383 TUM
2100 2307 2150 2360 Β
2181 2339 2347 2379 sones
2389 2323 2656 2393 ipsorum
2684 2322 3075 2377 decanatuum
3098 2322 3154 2374 et
3184 2317 3788 2379 archidiaconatuum,si

489 2420 599 2474 Hic
612 2420 970 2474 describitur
991 2421 1200 2475 modus
1219 2422 1511 2492 quomodo
1524 2422 1969 2492 parliamentum
1992 2439 2078 2477 re-

416 2509 511 2579 gis
542 2510 774 2579 Angliae
801 2512 857 2563 et
883 2509 1268 2580 Anglicorum
1319 2527 1562 2565 suorum
1595 2512 1904 2566 tenebatur
1923 2514 2075 2566 tem-

414 2612 557 2667 pore
584 2598 747 2668 regis
791 2597 1045 2651 Eduardi
1082 2598 1205 2665 (Ill)
1238 2600 1339 2653 ﬁlii
1372 2600 1537 2671 regis
1570 2600 1937 2670 Etheldredi;
1977 2596 2079 2672 qui

416 2685 652 2756 quidem
684 2685 896 2740 mobus
927 2687 1208 2742 recitatus
1233 2687 1342 2741 fuit
1361 2704 1469 2758 per
1496 2689 1884 2744 discretiores
1906 2692 2079 2763 regni

416 2789 616 2829 coram
647 2774 972 2830 WILLBLIO
990 2776 1139 2831 duce
1171 2775 1549 2832 Normannim
1571 2781 1627 2832 et
1646 2778 2074 2849 Conquestore,

415 2867 472 2917 et
492 2879 636 2935 rege
668 2863 899 2935 Angliae
928 2865 1058 2934 ipso
1074 2866 1484 2937 Conquestore
1514 2867 1643 2921 hinc
1673 2868 2074 2940 praecipiente,

416 2953 473 3005 et
520 2967 627 3020 per
655 2952 851 3022 ipsum
902 2954 1263 3023 approbatus
1294 2958 1350 3009 et
1379 2955 1510 3009 suis
1563 2955 1975 3024 temporibust,
2010 2972 2078 3011 ac

359 3047 371 3056 '
414 3041 589 3095 etiam
618 3043 985 3111 temporibus
1018 3059 1439 3098 successorum
1463 3060 1708 3099 suorum
1734 3061 1942 3115 regum
1961 3046 2079 3100 An-

418 3131 556 3201 glia)
588 3132 860 3186 usitatus.

414 3217 556 3273 CAP.
598 3220 640 3273 I.
691 3220 1081 3277 Summonitio
1133 3221 1536 3291 parliamenti.
1568 3253 1637 3264 -—
1696 3223 2083 3278 Summonitio

485 3291 866 3366 parliamenti
890 3293 1243 3366 praecedere
1275 3293 1456 3366 debet
1480 3295 1736 3364 primum
1755 3296 1911 3350 diem
1934 3312 2082 3366 par-

486 3362 758 3417 liamenti
781 3362 1308 3435 per’quadraginta
1342 3362 1492 3418 dies;

491 3469 581 3523 Ad
635 3470 1085 3540 parliamentum
1142 3472 1506 3525 summoneri
1539 3475 1594 3525 et
1624 3472 1827 3527 venire
1868 3471 2085 3527 debent

419 3558 645 3613 ratione
677 3562 903 3612 tenurae
935 3573 1062 3612 sum
1095 3573 1302 3613 omnes
1325 3562 1382 3613 et
1400 3560 1620 3631 singuli
1643 3561 2084 3633 archiepiscopi

420 3646 665 3700 abbates
703 3647 939 3717 priores
972 3650 1029 3701 et
1076 3647 1171 3701 alii
1206 3648 1466 3718 mm'ores
1499 3649 1720 3720 clerici,
1752 3652 1851 3723 qui
1885 3655 2085 3706 tenent

348 3744 355 3751 '
420 3750 526 3805 per
554 3735 889 3790 comitatum
912 3736 1004 3789 vel
1034 3735 1338 3790 baroniam
1369 3737 1593 3793 ratione
1625 3739 1967 3811 hujusmodi
1993 3744 2080 3795 te-

421 3829 671 3893 nurae,et
687 3824 829 3878 nulli
848 3824 1128 3894 minores,
1151 3826 1268 3879 nisi
1288 3843 1491 3882 eorum
1506 3830 1821 3898 praesentia
1837 3834 1893 3883 et
1914 3844 2085 3884 even-

420 3915 517 3969 tus
549 3913 782 3968 aliunde
812 3930 985 3985 quam
1005 3931 1109 3985 pro
1140 3917 1365 3969 tenuris
1384 3918 1512 3971 suis
1532 3918 2085 3987 requiratur,utsint

420 4003 493 4057 de
524 4003 773 4057 consilio
812 4004 995 4074 regis,
1031 4004 1123 4058 vel
1155 4021 1358 4059 eorum
1390 4007 1706 4076 praesentia
1739 4008 2082 4062 necessaria

419 4092 515 4147 vel
549 4092 710 4146 utilis
742 4096 1046 4162 reputetur
1076 4094 1147 4148 ad
1176 4095 1624 4163 parliamentum
1653 4111 1664 4149 :
1700 4096 1891 4149 etillis
1924 4101 2084 4151 tene-

423 4186 517 4236 tur
546 4196 652 4236 rex
680 4183 1016 4236 ministrare
1047 4186 1321 4252 sumptus
1339 4187 1396 4237 et
1427 4199 1725 4253 expensas
1739 4200 1882 4239 suas
1905 4185 1977 4239 de
1995 4201 2088 4238 ve-

421 4271 633 4326 niendo
663 4274 720 4325 et
749 4272 1031 4326 morando
1062 4271 1135 4325 ad
1184 4272 1651 4342 parliamentum.
1686 4274 1811 4328 Nec
1870 4274 2089 4328 debent

423 4360 720 4431 ejusmodi
752 4360 949 4414 clerici
984 4362 1244 4414 minores
1267 4363 1718 4442 summoneriad
1746 4363 2089 4433 parliamen-

423 4452 565 4517 tum,
600 4449 707 4507 sed
737 4464 845 4503 rex
874 4449 1091 4503 talibus
1124 4449 1330 4519 peritis
1360 4450 1587 4505 mittere
1618 4452 1822 4506 brevia
1852 4468 1963 4507 sua
1985 4469 2086 4507 ro-

424 4537 619 4609 gando
650 4538 808 4607 quod
840 4538 911 4591 ad
938 4539 1385 4607 parliamentum
1416 4555 1591 4593 suum
1620 4541 1999 4596 interessent.

498 4628 639 4681 Item
656 4643 781 4683 rem
797 4642 903 4681 rex
948 4627 1142 4681 facere
1175 4627 1910 4686 solebatsummonitiones
1942 4646 2087 4687 suas

424 4718 916 4787 archiepisCOpis,
941 4717 1241 4786 episcoPis
1266 4717 1467 4773 etaliis
1495 4720 1785 4790 exemptis
1810 4721 2087 4790 personis

427 4810 489 4861 ut
519 4806 852 4875 abbatibus,
879 4807 1199 4876 prioribus,
1230 4807 1474 4861 decanis
1506 4812 1561 4862 et
1587 4808 1719 4863 aliis
1734 4809 2092 4863 ecclesiasti‘

427 4897 515 4950 cis
528 4894 932 4965 personis,qui
956 4894 1633 4965 habentjurisdictiones
1655 4912 1763 4967 per
1784 4896 2093 4968 hujusmo-

426 4985 486 5039 di
503 4984 907 5055 exemptiones
929 4987 984 5039 et
1000 4985 1309 5055 privnlegia
1322 4986 1658 5055 separatim,
1681 4987 1837 5057 quod
1851 4987 1966 5056 ipsi
1984 5003 2090 5057 pro

429 5073 689 5144 quolibet
711 5075 997 5130 decanatu
1027 5081 1083 5129 et
1113 5074 1593 5130 archidiaconatu
1611 5076 1844 5147 Anglia)
1874 5078 2084 5147 perip-

431 5177 537 5217 sos
549 5162 869 5219 decanatus
891 5169 945 5220 et
966 5164 1479 5219 archidiaconatus
1500 5165 1639 5236 eligi
1654 5165 2091 5231 facerent'duos

432 5250 653 5318 peritos
684 5254 740 5303 et
790 5252 1034 5307 idoneos
1072 5254 1491 5322 procuratores
1522 5252 1592 5307 de
1624 5252 1860 5321 proprio
1890 5252 2090 5306 archi-

434 5338 764 5407 diaconatu,
797 5340 869 5392 ad
899 5342 1252 5396 veniendum
1283 5346 1340 5395 et
1368 5342 1843 5397 interessendum
1865 5342 1938 5395 ad
1959 5357 2092 5412 par-

434 5423 793 5492 liamentum,
838 5429 909 5481 ad
949 5430 1091 5484 illud
1150 5431 1543 5497 subeundum,
1594 5431 1991 5502 allegandum,
2036 5434 2093 5485 et

435 5511 769 5570 faciendum
781 5516 935 5572 idem
949 5518 1106 5589 quod
1116 5519 1379 5576 facerent
1391 5535 1596 5577 omnes
1618 5522 1675 5576 et
1688 5520 1941 5596 singulae
1953 5536 2093 5591 per-

2183 2413 2400 2467 ibidem
2429 2411 2825 2482 personaliter
2848 2411 3227 2464 interessent.

2256 2501 2327 2554 Et
2365 2501 2521 2572 quod
2582 2499 2924 2571 hujusmodi
2963 2499 3390 2568 procuratores
3440 2495 3658 2549 veniant
3696 2506 3792 2547 cum

2184 2591 2468 2644 \varantis
2487 2588 2960 2658 suis,duplicatis
2978 2587 3196 2657 sigillis
3211 2587 3583 2655 superiorum
3599 2595 3790 2638 suorum

2185 2679 2464 2750 signatis,
2514 2678 2672 2749 quod
2701 2677 2816 2747 ipsi
2854 2677 2929 2731 ad
2986 2675 3336 2745 bujusmodi
3385 2674 3793 2744 procurationem

2185 2766 2385 2821 clerici
2401 2764 2575 2818 missi
2608 2768 2765 2829 sunt;
2799 2777 3047 2835 quarum
3067 2762 3402 2815 litterarum
3431 2775 3542 2814 una
3567 2755 3793 2811 liberabi-

2187 2858 2285 2909 tur
2302 2854 2537 2909 clericis
2570 2853 2641 2907 de
2675 2852 3058 2922 parliamento
3089 2850 3162 2904 ad
3184 2849 3692 2915 irrotulandum,et
3713 2845 3795 2898 alia

2185 2943 2474 2999 residebit
2503 2957 2689 3013 penes
2710 2941 2879 3010 ipsos
2910 2942 3334 3011 procuratores
3358 2940 3387 2991 ‘?
3414 2941 3469 2993 et
3484 2937 3568 2991 sic
3585 2933 3793 2989 subistis

2186 3033 2421 3087 duobus
2455 3032 2781 3103 generibus
2797 3029 3160 3084 summoneri
3179 3028 3363 3083 debet
3376 3031 3531 3082 totus
3553 3026 3722 3080 clerus
3742 3021 3793 3076 ad

2185 3121 2659 3191 parliamentum.

2726 3206 2868 3261 CAP.
2903 3206 2977 3260 II.
3010 3206 3097 3260 De
3127 3205 3325 3260 laicis.

2261 3298 2404 3352 Item
2424 3296 2786 3351 summoneri
2800 3299 2857 3350 et
2878 3296 3080 3351 venire
3093 3295 3314 3349 debent
3327 3309 3529 3349 omnes
3552 3297 3601 3347 et
3622 3289 3795 3361 singuli

2190 3387 2437 3441 comites
2469 3389 2525 3439 et
2546 3387 2825 3451 barones,
2861 3387 2918 3438 et
2946 3399 3151 3439 eorum
3176 3399 3377 3453 pares,
3398 3382 3616 3437 scilicet
3632 3380 3701 3435 illi
3721 3378 3795 3449 qui

2189 3476 2406 3530 habent
2433 3479 2591 3529 teras
2623 3478 2681 3528 et
2709 3474 2939 3528 reditus
2968 3473 3041 3526 ad
3071 3472 3395 3527 valentiam
3425 3472 3705 3526 comitatus
3726 3465 3793 3521 vel

2188 3564 2450 3619 baroniai
2482 3563 2754 3633 integris,
2788 3561 3062 3616 videlicet
3092 3560 3308 3631 viginti
3329 3560 3497 3615 feoda
3523 3559 3678 3613 unius
3692 3553 3797 3610 mili-

2187 3654 2286 3721 tis,
2335 3651 2599 3724 quolibet
2629 3651 2800 3705 foodo
2824 3652 3155 3719 computato
3186 3650 3263 3703 ad
3297 3649 3540 3721 vinginti
3584 3646 3794 3701 libratae.

2187 3758 2320 3813 quin
2348 3741 2573 3797 faciunt
2593 3739 3041 3811 quadringintas
3062 3738 3311 3793 libratus
3341 3737 3401 3791 in
3430 3734 3709 3793 totovelad
3725 3746 3797 3785 va-

2190 3832 2429 3885 lentiam
2462 3832 2637 3884 unius
2667 3830 2931 3884 baroniae
2961 3829 3234 3900 integrae,
3270 3828 3500 3883 scilicet
3529 3843 3620 3879 xm
3646 3821 3795 3883 t‘eoda,

2191 3919 2489 3974 ettertiam
2519 3922 2745 3989 partem
2761 3918 2941 3972 unius
2956 3917 3115 3972 feodi
3141 3917 3370 3985 militis,
3400 3914 3644 3987 quolibet
3663 3908 3796 3966 feodo

2191 4011 2521 4079 computato
2577 4008 2651 4061 ad
2737 4006 2945 4078 viginti
2975 4006 3242 4074 libratus,
3278 4022 3412 4076 quae
3445 4004 3649 4058 faciunt
3670 4005 3790 4067 :cccc

2191 4113 2422 4152 marces
2456 4113 2466 4151 :
2493 4100 2550 4152 et
2571 4096 2713 4150 nulli
2747 4097 3009 4150 minores
3039 4095 3173 4148 laici
3205 4092 3567 4149 summoneri
3602 4105 3695 4145 nec
3716 4101 3793 4138 ve-

2191 4189 2318 4243 nire
2349 4185 2563 4241 debent
2594 4186 2667 4240 ad
2693 4184 3139 4254 parliamentum
3170 4183 3399 4239 ratione
3428 4186 3635 4236 tenuraa
3674 4191 3787 4241 suae,

2193 4276 2307 4329 nisi
2338 4290 2542 4330 eorum
2573 4273 3036 4344 praesentiaaliis
3068 4272 3138 4326 de
3153 4272 3356 4327 causis
3386 4270 3555 4325 fuerit
3571 4266 3708 4321 utilis
3723 4260 3791 4315 vel

2191 4362 2535 4417 necessaria
2572 4362 2643 4417 ad
2674 4362 3140 4433 parliamentum,
3190 4364 3249 4414 et
3306 4364 3442 4414 tunc
3473 4359 3540 4413 de
3569 4357 3672 4410 illis
3700 4350 3790 4406 ﬁeri

2192 4452 2386 4519 debet,
2421 4452 2577 4505 sicut
2615 4451 2833 4504 dictum
2865 4453 2956 4504 est
2996 4449 3068 4503 de
3098 4449 3429 4504 minoribus
3459 4445 3688 4507 clericis,
3716 4437 3789 4509 qui

2192 4542 2415 4595 ratione
2436 4544 2661 4595 tenurae
2694 4556 2820 4593 suae
2839 4538 2911 4592 ad
2928 4537 3380 4607 parliamentum
3398 4537 3588 4591 venire
3600 4530 3789 4587 minime

2190 4633 2482 4685 tenentur.
3238 4671 3247 4679 .

2475 4718 2615 4772 CAP.
2649 4717 2744 4771 ΙΙΙ.
2794 4716 2881 4770 De
2912 4715 3242 4770 baronibus
3267 4721 3555 4786 portuum.

2266 4808 2407 4860 Item
2437 4821 2543 4860 rex
2572 4809 2802 4860 tenetur
2819 4804 3049 4859 mittere
3068 4803 3272 4858 brevia
3304 4819 3413 4857 sua
3434 4795 3790 4866 custodiquin-

2196 4911 2310 4967 que
2326 4899 2621 4965 portuum,
2647 4894 2820 4965 quod'
2834 4894 2964 4963 ipse
2977 4892 3198 4964 eligere
3221 4893 3477 4960 faciat,et
3499 4889 3564 4944 de
3584 4882 3790 4957 quolibet

2196 4987 2371 5056 portu
2413 4999 2517 5053 per
2548 4983 2746 5053 ipsum
2776 4986 3011 5053 portum
3043 4981 3194 5035 duos
3239 4981 3484 5034 idoneos
3529 4981 3579 5030 et
3617 4972 3788 5044 peritos

2196 5075 2453 5130 barones
2483 5073 2557 5127 ad
2578 5072 2932 5127 veniendum
2953 5073 3011 5126 et
3028 5068 3498 5125 interessendum
3525 5065 3589 5120 ad
3629 5058 3788 5133 parlia-

2198 5165 2456 5217 mentum
2486 5176 2681 5229 suum,
2704 5162 2778 5215 ad
2806 5147 3786 5230 respondendum,subeundum,allef

2200 5252 2455 5325 gendum
2485 5249 2548 5322 [ii
2583 5229 2975 5318 allocandum]
3036 5252 3094 5302 et
3125 5247 3453 5301 faciendum
3499 5243 3637 5297 idem
3668 5229 3785 5325 quod

2196 5322 2461 5395 baronim
2491 5355 2638 5408 sum,
2671 5354 2737 5391 ac
2761 5338 2813 5391 si
2834 5338 3034 5408 ipside
3055 5337 3375 5391 baronibus
3408 5334 3519 5388 illis
3547 5339 3719 5384 omnes
3742 5322 3782 5408 et

2200 5430 2422 5501 singuli
2470 5407 2868 5499 personaliter
2901 5428 3258 5481 interessent
3306 5423 3532 5487 ibidem,
3562 5419 3611 5472 et
3656 5407 3778 5505 qua?

2198 5499 2454 5574 barbnes
2470 5515 2816 5590 huiusmodi
2829 5515 3067 5571 veniant
3087 5530 3221 5569 cum
3231 5511 3501 5568 warantis
3516 5506 3630 5563 suis
3642 5499 3782 5570 dupli-
