4048 6164
221 268 371 330 1341

1735 259 2004 328 LEGES
2018 310 2030 323 .

3478 264 3634 328 1342

172 472 322 525 catis
348 470 567 542 sigillis
592 468 1003 524 communibus
1024 472 1297 540 portuum
1323 484 1566 525 suorum
1588 467 1841 540 signatis
1874 452 1944 514 Ᾱ
2021 468 2159 523 CAP.
2193 468 2310 523 VII.
2344 469 2433 523 De
2457 468 2892 541 principalibus
2910 470 3017 523 cf...
3038 469 3151 523 [eis
3166 468 3570 539 parliamenti.

172 560 331 631 quod
353 560 467 629 ipsi
485 560 591 613 rite
612 560 681 612 ad
702 560 812 613 hoc
835 559 1004 612 electi
1024 564 1080 613 et
1111 560 1383 614 attornati
1414 562 1552 614 sunt
1583 561 1640 613 et
1673 542 1848 612 missi

173 663 283 718 pro
301 648 567 702 baroniis
594 648 746 701 illis:
790 662 1039 717 quarum
1071 663 1185 701 una
1225 648 1571 701 liberabitur
1608 647 1843 701 clericis

176 736 250 790 de
274 737 680 807 parliamento.
707 740 764 789 et
793 736 906 788 alia
934 737 1222 790 residebit
1257 751 1441 806 penes
1476 737 1641 804 ipsos
1672 736 1842 790 baro-

172 841 325 893 nes;
359 828 414 878 et
443 841 575 879 cum
613 824 958 896 hujusmodi
1002 825 1260 879 barones
1294 828 1567 894 portuum
1610 825 1842 878 licentia

172 915 409 969 obtenta
466 915 536 967 de
594 914 977 983 parliamento
1018 929 1328 968 recessum
1366 914 1649 981 fecerant,
1703 917 1841 967 tunc

172 1003 443 1057 solebant
484 1003 702 1056 habere
741 1002 922 1056 breve
958 1003 1029 1057 de
1071 1019 1285 1074 magno
1336 1002 1537 1074 sigillo
1577 1001 1844 1056 custodis

169 1092 433 1162 quinque
450 1094 747 1160 portuum,
763 1092 918 1162 quod
937 1093 1065 1161 ipse
1088 1092 1467 1147 rationabiles
1490 1095 1763 1160 sumptus
1791 1093 1847 1146 et

171 1195 471 1249 expensas
494 1196 637 1235 suas
662 1180 764 1251 huj
775 1181 1008 1236 usmodi
1033 1181 1362 1235 baronibus
1386 1181 1605 1239 habere
1625 1179 1847 1234 faceret

172 1269 245 1323 de
264 1269 683 1324 communitate
705 1270 1112 1338 portusfillius,
1138 1286 1171 1324 a
1200 1271 1388 1339 primo
1416 1270 1509 1325 die
1549 1285 1665 1340 quo
1706 1284 1844 1322 ver-

177 1374 288 1413 sus
319 1358 769 1428 parliamentum
810 1360 1079 1414 venerint
1107 1374 1297 1430 usque
1333 1359 1403 1413 ad
1440 1359 1593 1414 diem
1628 1373 1743 1429 quo
1758 1359 1846 1417 .ad

170 1448 412 1518 propria
443 1447 763 1502 redierunt.
1179 1430 1185 1440 ’

246 1536 423 1591 Facta
453 1537 626 1591 etiam
657 1552 947 1607 expressa
993 1538 1288 1594 mentione
1328 1539 1386 1592 in
1414 1538 1581 1593 brevi
1629 1538 1729 1592 illo
1773 1540 1845 1595 de

168 1641 339 1680 mora
366 1641 541 1696 quam
572 1625 820 1681 fecerint
856 1626 927 1680 ad
970 1627 1439 1695 parliamentum,
1489 1628 1561 1681 de
1605 1628 1700 1681 die
1731 1642 1848 1697 quo

183 1715 473 1783 venerint,
506 1718 561 1768 et
600 1714 875 1769 licentiati
909 1714 1127 1769 fuerint
1156 1716 1468 1785 redeundi;
1531 1720 1585 1771 et
1622 1717 1850 1771 solebat

2023 557 2165 612 Item
2184 558 2298 613 duo
2317 558 2516 612 clerici
2547 559 2903 627 principales
2934 559 3298 627 parliamenti
3332 559 3620 613 sedebant

1952 648 2011 700 in
2028 647 2221 700 medio
2239 646 2702 717 justitiariorum
2730 647 3113 701 irrotulantes
3131 651 3322 701 omnia
3345 648 3555 718 placita
3574 651 3634 703 et

1954 736 2190 807 negotia
2211 751 2281 804 pa
2296 736 2605 804 rliamenti,
2622 736 2997 790 etsciendum
3016 736 3171 806 quod
3190 737 3272 789 illi
3290 736 3404 791 duo
3424 736 3635 791 clerici

1956 841 2073 879 non
2105 828 2242 879 sunt
2264 823 2520 894 subjecti
2545 824 3376 895 quibuscumquejustitiariis,
3411 841 3520 879 nec
3538 829 3628 880 est

1958 913 2548 984 aliquisjustitiarius
2579 913 2812 983 Angliae
2844 914 2902 966 in
2943 914 3346 983 parliamento,
3380 929 3487 967 nec
3522 914 3628 968 ha-

1958 1003 2095 1057 bent
2126 1019 2232 1073 per
2262 1018 2327 1056 se
2358 1003 2602 1056 recorda
2641 1004 2701 1056 in
2738 1003 3143 1081 parliamepto,
3194 1003 3310 1056 nisi
3343 1008 3634 1073 quatenus

1959 1093 2261 1164 assignata
2290 1092 2383 1145 vel
2413 1092 2544 1145 data
2589 1092 2694 1145 fuit
2728 1092 2815 1145 eis
2850 1107 3002 1146 nova
3031 1094 3297 1161 potestas
3329 1092 3388 1145 in
3418 1092 3637 1161 parlia-

1961 1185 2153 1235 mento
2185 1196 2292 1250 per
2336 1196 2542 1251 regem
2572 1184 2627 1234 et
2656 1196 2832 1250 pares
2878 1180 3264 1251 parliamenti,
3311 1184 3374 1233 ut
3402 1181 3635 1251 quando

1963 1270 2250 1340 assignati
2282 1273 2420 1323 sunt
2450 1270 2736 1323 cum'aliis
2760 1269 3154 1324 sectatoribus
3177 1269 3542 1339 parliamenti
3565 1269 3637 1323 ad

1962 1360 2315 1413 audiendum
2345 1361 2401 1412 et
2443 1359 2874 1413 terminandum
2917 1358 3192 1412 diversas
3234 1359 3547 1428 petitiones
3581 1361 3639 1410 et

1961 1449 2238 1518 querelas
2269 1448 2327 1501 in
2343 1446 2728 1516 parliamento
2751 1451 3052 1502 correctas
3074 1446 3146 1519 [f.
3166 1489 3179 1515 ,
3201 1446 3551 1519 porrectas],
3581 1449 3639 1502 et

1960 1539 2098 1591 sunt
2124 1537 2208 1590 illi
2240 1537 2353 1591 duo
2388 1537 2587 1590 clerici
2620 1536 2950 1591 immediate
2984 1536 3240 1606 subjecti
3264 1536 3392 1607 regi
3422 1538 3479 1589 et
3501 1552 3634 1606 par-

1956 1626 2232 1680 liamento
2256 1641 2365 1680 suo
2384 1626 2444 1679 in
2466 1627 2783 1693 communi,
2808 1626 2923 1679 nisi
2942 1626 3089 1679 forte
3110 1624 3635 1695 unusjustitiarius

1957 1714 2053 1768 vel
2070 1715 2185 1769 duo
2201 1715 2589 1785 assignentur
2607 1716 2695 1769 eis
2715 1715 2784 1768 ad
2799 1716 3183 1769 examinanda
3196 1718 3252 1769 et
3264 1715 3628 1769 emendanda

168 1804 390 1858 mentio
408 1804 537 1857 fieri
560 1803 872 1874 aliquando
898 1804 959 1857 in
981 1804 1172 1873 brevi,
1194 1807 1477 1875 quantum
1501 1804 1845 1875 hujusmodi
1888 1824 1935 1884 Β
1962 1818 2165 1858 eorum
2182 1804 2484 1858 irrotulata
2504 1820 2515 1858 :
2539 1807 2743 1858 etcum
2765 1820 2939 1873 pares
2956 1804 3325 1873 parliamenti
3345 1804 3642 1876 assignati

168 1894 431 1948 barones
467 1908 677 1961 capere
709 1893 925 1947 debent
956 1894 1027 1947 de
1050 1894 1570 1949 communitatibus
1589 1894 1708 1949 illis
1741 1911 1848 1964 per

173 1981 352 2051 diem,
387 1981 617 2036 scilicet
645 1982 827 2052 aliqui
866 1982 1022 2051 plus,
1057 1983 1237 2053 aliqui
1285 1983 1479 2038 minus
1521 1984 1850 2038 secundum

172 2086 568 2143 personarum
613 2071 967 2140 habilitates,
1012 2071 1380 2143 honestates,
1417 2075 1475 2126 et
1511 2078 1848 2147 respectus,

174 2177 291 2216 nec
314 2159 545 2214 solebat
575 2160 714 2229 poni
736 2175 840 2228 per
861 2159 1011 2214 duos
1057 2162 1315 2215 barones
1345 2178 1450 2232 per
1495 2163 1651 2218 diem
1700 2165 1851 2219 ultra

175 2249 393 2322 viginti
425 2248 669 2314 solidos,
707 2248 907 2302 habito
937 2252 1216 2321 respectu
1241 2251 1311 2304 ad
1359 2251 1593 2306 illorum
1625 2268 1847 2321 moras,

170 2339 414 2393 labores
436 2339 831 2406 etexpensas:
854 2354 965 2392 nec
987 2340 1180 2392 solent
1198 2338 1545 2409 hujusmodi
1568 2358 1849 2412 expensas

171 2429 235 2482 in
267 2432 430 2481 certo
462 2426 669 2496 reponi
698 2443 807 2497 per
829 2428 1051 2481 curiam
1073 2443 1178 2497 pro
1213 2427 1685 2501 quibuscumque
1718 2447 1850 2501 per-

172 2517 346 2571 sonis
382 2516 469 2570 sic
500 2516 705 2571 electis
727 2520 784 2570 et
805 2516 1012 2571 missis
1038 2533 1143 2586 pro
1167 2505 1709 2589 communitatibus,
1732 2520 1847 2575 nisi

173 2620 452 2676 personae
492 2606 636 2675 ipsae
684 2605 902 2661 fuerint
923 2606 1189 2662 honestae
1212 2611 1268 2660 et
1288 2606 1439 2662 bene
1466 2623 1534 2662 se
1558 2608 1844 2666 habentes

174 2695 236 2749 in
267 2695 675 2768 parliamento.

630 2821 772 2875 CAP.
814 2821 912 2875 IV.
952 2820 1043 2876 De
1071 2820 1383 2875 militibus.

244 2929 389 2982 Item
412 2942 519 2981 rex
550 2927 781 2982 solebat
803 2926 1031 2982 mittere
1061 2927 1265 2982 brevia
1303 2943 1412 2982 sua
1448 2930 1723 2984 omnibus
1754 2931 1846 2984 vi-

172 3016 566 3072 cecomitibus
589 3016 841 3088 Angliae,
866 3017 1024 3087 quod
1054 3018 1196 3090 eligi
1214 3018 1479 3073 facerent
1504 3019 1749 3090 quilibet
1776 3019 1848 3074 de

175 3122 290 3162 suo
314 3107 593 3161 comitatu
614 3121 723 3176 per
750 3107 945 3175 ipsum
963 3107 1300 3162 comitatum
1321 3108 1471 3162 duos
1491 3108 1705 3162 milites
1724 3109 1843 3163 ido-

171 3212 343 3262 neos,
379 3199 435 3250 et
464 3195 750 3250 honestos
781 3199 837 3250 et
864 3196 1110 3265 peritos,
1138 3196 1209 3250 ad
1240 3197 1594 3252 veniendum
1620 3199 1692 3253 ad
1723 3214 1848 3268 par-
1880 3187 1930 3249 Ο

172 3286 516 3340 liamentum
552 3302 724 3339 suum
754 3286 963 3340 eodem
992 3286 1164 3340 modo
1208 3301 1325 3357 quo
1375 3286 1596 3342 dictum
1638 3290 1731 3341 est
1776 3288 1847 3342 de

170 3374 503 3427 baronibus
548 3375 839 3442 portuum,
891 3378 948 3428 et
997 3374 1069 3427 de
1124 3375 1404 3427 warantis
1461 3375 1590 3427 suis
1642 3375 1849 3430 eodem

170 3464 371 3531 modo,
405 3463 512 3517 sed
545 3478 650 3531 pro
693 3464 975 3530 expensis
1022 3463 1270 3517 duorum
1317 3464 1562 3518 militum
1611 3466 1684 3517 de
1730 3481 1847 3521 uno

177 3553 460 3605 comitatu
512 3566 628 3605 non
688 3551 839 3605 solet
895 3552 1031 3621 poni
1063 3552 1217 3605 ultra
1249 3567 1422 3606 unam
1454 3568 1712 3607 marcam
1740 3569 1847 3624 per

176 3641 356 3696 diem.

681 3727 823 3785 CAP.
872 3729 941 3783 V.
972 3730 1061 3785 De
1093 3731 1347 3786 civibus.

254 3819 478 3873 Eodem
509 3818 682 3873 modo
701 3818 932 3873 solebat
960 3818 1221 3873 mandari
1248 3821 1456 3892 majori
1492 3827 1549 3876 et
1617 3823 1851 3877 viceco-

184 3909 433 3963 mitibus
464 3907 920 3976 Londoniarum,
955 3912 1011 3963 et
1041 3909 1324 3980 majoriet
1352 3911 1608 3965 baillivis
1633 3912 1723 3967 vel
1740 3913 1855 3966 ma:

167 3998 292 4069 jori
325 3996 628 4050 etcivibus
681 3996 942 4051 Eborum
972 3997 1058 4069 [id
1088 4003 1181 4051 est
1212 3997 1507 4071 Eboraci],
1535 4000 1851 4055 etaliarum

178 4086 507 4153 civitatum,
542 4085 695 4155 quod
726 4085 842 4155 ipsi
873 4102 979 4155 pro
1005 4086 1281 4141 comitatu
1302 4089 1558 4143 civitatis
1590 4105 1717 4144 suae
1741 4091 1850 4143 eli-

182 4176 401 4247 gerent
456 4173 607 4228 duos
652 4174 922 4243 idoneos,
958 4175 1243 4230 honestos
1266 4182 1321 4231 et
1343 4177 1567 4247 peritos
1598 4180 1761 4234 cives
1778 4180 1849 4233 ad

180 4262 540 4317 veniendum
590 4266 645 4316 et
700 4263 1175 4319 interessendum
1238 4267 1308 4319 ad
1380 4267 1848 4337 parliamentum,

178 4353 392 4425 eodem
425 4352 597 4406 modo
658 4368 774 4423 quo
831 4353 1052 4407 dictum
1083 4358 1173 4408 est
1206 4355 1297 4409 de'
1318 4356 1643 4411 baronibus
1675 4358 1851 4428 quin-
1890 4376 1895 4379 ‘

182 4458 301 4513 que
321 4440 676 4510 portuum,et
695 4441 979 4495 militibus
999 4444 1398 4513 comitatuum,
1416 4447 1471 4498 et
1491 4445 1761 4500 solebant
1774 4447 1854 4500 ci-

1963 1896 2101 1947 sunt
2130 1893 2203 1946 ad
2245 1893 2598 1947 audiendum
2642 1897 2697 1947 et
2728 1893 3180 1947 examinandum
3225 1894 3453 1964 aliquas
3484 1893 3636 1962 peti-

1962 1981 2153 2036 tiones
2186 1982 2523 2051 specialiter
2542 1998 2649 2053 per
2678 1998 2765 2051 se,
2800 1984 2938 2036 tunc
2959 1998 3093 2036 cum
3109 1982 3225 2051 ipsi
3253 1982 3467 2036 fuerint
3496 1997 3641 2036 una-

1963 2070 2153 2125 nimes
2183 2074 2239 2125 et
2269 2071 2597 2125 concordes
2613 2071 2673 2124 in
2694 2070 2719 2141 j
2730 2070 2940 2126 udiriis
2964 2072 3092 2123 suis
3122 2070 3440 2126 reddendis
3457 2086 3642 2141 super

1962 2158 2258 2230 ejusmodi
2285 2160 2688 2229 petitionibus,
2722 2162 2861 2214 tunc
2891 2160 3237 2229 recitabunt,
3264 2164 3320 2214 et
3348 2174 3641 2229 processu

1964 2263 2144 2317 super
2181 2248 2409 2301 eisdem
2442 2248 2664 2317 habito,
2714 2251 2771 2302 et
2813 2248 3061 2303 reddant
3095 2248 3319 2319 judicia
3355 2249 3416 2303 in
3462 2248 3638 2318 pleno

1966 2336 2368 2406 parliamento,
2415 2338 2496 2391 ita
2534 2338 2690 2407 quod
2720 2337 2801 2390 illi
2844 2338 2958 2391 duo
3000 2337 3197 2391 clerici
3230 2336 3635 2406 principaliter

1963 2426 2271 2481 irrotulent
2296 2427 2489 2480 omnia
2530 2426 2759 2496 placita,
2813 2430 2869 2480 et
2901 2426 3094 2480 omnia
3123 2426 3351 2497 judicia
3382 2427 3441 2479 in
3468 2427 3637 2496 prin-

1964 2515 2135 2585 cipali
2166 2515 2356 2570 rotulo
2378 2510 2763 2585 parliamenti,
2790 2518 2843 2569 et
2861 2514 3105 2569 eosdem
3125 2514 3348 2569 rotulos
3373 2514 3640 2568 liberent

1963 2605 2033 2658 ad
2060 2604 2497 2659 thesaurarium
2538 2604 2703 2675 regis
2722 2608 3031 2675 antequam
3065 2604 3511 2674 parliamentum
3561 2603 3627 2657 li-

1962 2694 2268 2748 centietur.
2292 2694 2374 2756 Ita
2404 2694 2561 2765 quod
2587 2694 2745 2748 omni
2776 2694 2948 2747 modo
2981 2692 3101 2747 sint
3122 2693 3204 2747 illi
3226 2693 3405 2748 rotuli
3426 2694 3485 2745 in
3506 2693 3639 2747 the-

1962 2783 2228 2838 saurario
2260 2785 2391 2837 ante
2421 2798 2732 2838 recessum
2761 2783 3150 2852 parliamenti,
3202 2782 3369 2837 salvo
3399 2783 3639 2837 tandem

1960 2872 2186 2926 eisdem
2204 2873 2436 2927 clericis
2467 2873 2603 2927 inde
2626 2872 2983 2942 transcripto
3009 2872 3139 2927 sive
3163 2875 3568 2927 contrarotulo
3587 2872 3641 2927 si

1957 2945 2016 3014 id
2049 2961 2267 3016 habere
2290 2963 2489 3016 velint.

2029 3050 2132 3104 Isti
2165 3051 2279 3106 duo
2303 3051 2637 3105 clericinisi
2659 3052 2777 3105 sint
2796 3051 2853 3104 in
2877 3052 2992 3106 alio
3015 3051 3214 3106 ofﬁcio
3241 3067 3375 3105 cum
3395 3067 3560 3124 rege,
3582 3057 3651 3108 et

1960 3137 2128 3194 feoda
2161 3141 2391 3210 capiant
2420 3141 2490 3194 de
2521 3155 2612 3210 eo,
2658 3141 2734 3195 ita
2767 3142 2923 3212 quod
2973 3140 3108 3195 inde
3138 3140 3390 3195 honeste
3426 3142 3634 3197 vivere

1958 3231 2232 3298 poterint,
2268 3230 2338 3283 de
2379 3244 2522 3301 rege
2565 3230 2794 3300 capiant
2824 3246 2936 3300 per
2983 3230 3138 3284 diem
3168 3246 3343 3285 unam
3379 3244 3638 3284 marcam

1961 3334 2092 3372 cum
2123 3319 2405 3388 expensis
2436 3319 2565 3372 suis
2593 3334 2702 3389 per
2733 3319 2994 3389 aequales
3018 3319 3341 3387 portiones,
3373 3319 3491 3372 nisi
3516 3319 3639 3372 sint

1961 3407 2033 3460 ad
2064 3422 2332 3461 mensam
2363 3408 2582 3461 domini
2613 3409 2796 3479 regis,
2834 3412 2969 3462 tunc
3000 3408 3463 3478 capiantpraater
3484 3423 3642 3462 men-

1961 3512 2089 3549 sam
2119 3512 2289 3551 suam
2320 3513 2426 3566 per
2442 3497 2615 3565 diem,
2644 3498 2942 3550 dimidiam
2967 3512 3222 3551 marcam
3246 3512 3352 3566 per
3373 3496 3639 3568 aequales

1960 3587 2264 3656 portiones
2296 3601 2403 3657 per
2431 3590 2613 3641 totum
2645 3586 3113 3657 parliamentum.

2283 3691 2424 3747 CAP.
2470 3693 2620 3747 VIII.
2654 3694 2741 3747 De
2774 3694 3024 3766 quinque
3056 3693 3318 3748 clericis

2033 3800 2175 3854 Item
2204 3815 2313 3853 rex
2357 3800 2692 3870 assignabit
2744 3801 3004 3870 quinque
3029 3799 3279 3855 clericos
3314 3790 3538 3870 peritos
3588 3804 3649 3855 et

1962 3888 2341 3959 approbatos,
2371 3903 2620 3958 quorum
2665 3890 2890 3957 primus
2937 3889 3297 3944 ministrabit
3326 3894 3382 3944 et
3411 3890 3635 3945 serviet

1967 3976 2288 4048 episcopis,
2349 3977 2650 4031 secundus
2691 3977 3175 4046 procuratoribus
3212 3978 3375 4046 cleri,
3427 3980 3639 4033 tertius

1969 4067 2279 4122 comitibus
2312 4069 2368 4120 et
2394 4066 2739 4135 baronibus,
2793 4070 3037 4136 quartus
3082 4066 3366 4121 militibus
3395 4066 3637 4121 comita-

1966 4160 2152 4226 tuum,
2184 4156 2422 4226 quintus
2456 4155 2689 4209 civibus
2722 4159 2777 4209 et
2820 4154 3262 4225 burgensibus;
3314 4159 3371 4209 et
3399 4155 3649 4225 quilibet

1966 4260 2170 4300 eorum
2198 4245 2315 4299 nisi
2348 4246 2425 4298 sit
2455 4260 2589 4298 cum
2620 4259 2784 4315 rege,
2817 4248 2872 4298 et
2894 4244 3083 4312 capiat
3099 4243 3171 4297 de
3203 4258 3272 4297 eo
3296 4242 3431 4297 talia
3463 4244 3635 4298 feoda

1966 4340 2020 4388 et
2050 4336 2219 4389 vadia
2249 4334 2405 4405 quod
2437 4334 2572 4387 inde
2604 4334 2851 4387 honeste
2882 4332 3073 4403 possit
3107 4332 3329 4399 vivere,
3355 4332 3545 4402 capiet
3575 4333 3647 4387 de

1964 4440 2109 4494 rege
2140 4439 2248 4493 per
2277 4424 2431 4477 diem
2479 4424 2630 4477 duos
2661 4422 2908 4491 solidos,
2951 4421 3068 4476 nisi
3097 4422 3217 4476 sint
3262 4420 3334 4474 ad
3364 4436 3634 4475 mensam

182 4547 293 4586 ves
306 4545 445 4585 esse
464 4545 637 4600 pares
652 4533 707 4584 et
729 4530 995 4600 aequales
1010 4547 1141 4585 cum
1165 4532 1448 4587 militibus
1463 4534 1774 4589 comitatus
1793 4536 1848 4588 in

1970 4514 2185 4567 domini
2216 4512 2403 4584 regis,
2436 4516 2574 4566 tunc
2619 4512 2852 4582 capiant
2897 4527 3002 4581 per
3032 4511 3184 4566 diem
3209 4510 3520 4565 duodecim
3538 4510 3645 4565 de-

179 4620 488 4691 expensis,
512 4620 821 4686 veniendo,
858 4620 1143 4675 morando
1175 4624 1230 4674 et
1260 4622 1581 4692 redeundo,

578 4707 719 4763 CAP.
775 4709 867 4761 Vl.
916 4709 1005 4763 De
1032 4710 1456 4780 bm'gensibus.

255 4801 399 4853 Item
421 4813 495 4853 eo
537 4797 709 4851 modo
742 4798 992 4868 solebat,
1029 4800 1085 4852 et
1115 4799 1289 4853 debet
1323 4801 1585 4855 mandari
1615 4802 1851 4858 ballivis

182 4891 240 4943 et
264 4887 471 4957 probis
504 4886 845 4941 hominibus
872 4887 1222 4958 burgorum,
1258 4889 1416 4959 quod
1452 4890 1569 4960 ipsi
1603 4906 1677 4944 ex
1706 4907 1774 4963 _se
1797 4894 1853 4946 et

179 4993 291 5048 pro
346 4993 414 5031 se
460 4976 679 5047 eligant
726 4976 878 5031 duos
908 4976 1178 5046 idoneos,
1211 4978 1498 5033 honestos
1530 4982 1585 5033 et
1628 4982 1852 5048 peritos

178 5068 528 5137 burgcnses
541 5064 614 5117 ad
632 5064 984 5118 veniendnm
998 5070 1052 5118 et
1067 5066 1544 5121 interessendum
1558 5068 1629 5122 ad
1641 5069 1854 5138 parlia-

184 5157 451 5209 mentum
502 5153 711 5208 eodem
770 5155 942 5209 modo
975 5171 1090 5225 quo
1122 5156 1340 5209 dictum
1372 5161 1463 5210 est
1492 5157 1563 5211 de
1596 5157 1850 5226 civibus,

182 5245 293 5299 sed
324 5244 441 5297 duo
476 5244 813 5314 burgenses
844 5260 962 5297 non
984 5245 1255 5300 solebant
1282 5245 1591 5315 percipere
1625 5262 1731 5315 pro
1759 5263 1857 5301 ex-

182 5333 396 5403 pensis
456 5332 584 5385 suis
643 5348 748 5401 per
794 5350 973 5388 unum
1005 5334 1157 5388 diem
1187 5334 1337 5387 ultra
1368 5336 1571 5390 decem
1604 5336 1852 5405 solidos,

185 5427 241 5476 et
300 5421 614 5491 aliquando
670 5422 821 5476 ultra
881 5423 1178 5477 dimidiam
1220 5439 1496 5489 marcam,
1542 5427 1598 5478 et
1629 5425 1859 5479 solebat

178 5512 373 5563 taxari
406 5524 515 5579 per
543 5510 766 5564 curiam
798 5512 1125 5565 secundum
1156 5513 1620 5583 magnitudinem
1659 5517 1715 5567 et
1748 5529 1856 5583 po-

178 5603 454 5654 testatem
484 5601 681 5671 burgi,
718 5606 774 5656 et
796 5601 1125 5657 secundum
1154 5602 1525 5658 honestatem
1554 5617 1844 5673 persona-

184 5705 319 5746 rum
344 5690 688 5748 missarum.

1965 4602 2186 4655 narios.
2222 4602 2331 4665 Qui
2362 4601 2565 4663 clerici
2603 4600 2870 4654 scribent
2902 4614 3105 4677 eorum
3135 4599 3556 4667 dubitationes,
3590 4600 3650 4652 et

1968 4690 2393 4760 responsiones
2431 4706 2581 4761 quas
2611 4689 2832 4743 faciunt
2861 4689 2990 4760 regi
3047 4691 3104 4744 et
3133 4688 3651 4759 parliamento;et

1968 4783 2296 4836 intererunt
2338 4780 2409 4832 ad
2457 4795 2564 4833 sua
2609 4778 2856 4833 consilia
2895 4777 3231 4849 ubicunque
3269 4792 3374 4831 eos
3418 4776 3636 4831 habere

1968 4870 2295 4939 voluerint;
2343 4872 2399 4923 et
2442 4885 2574 4923 cum
2623 4868 2739 4937 ipsi
2784 4865 3436 4937 vacaverintjuvabunt
3475 4866 3647 4920 cleri-

1970 4976 2075 5015 cos
2098 4960 2457 5029 principales
2486 4960 2561 5014 ad
2598 4958 3045 5012 irrotulandum.

2065 5049 2206 5103 CAP.
2254 5049 2352 5102 IX.
2387 5048 2476 5103 De
2500 5047 2741 5102 casibus
2770 5054 2829 5101 et
2859 5045 3114 5101 Judiciis
3138 5044 3543 5117 parliamenti.

2037 5157 2181 5211 Cum
2204 5156 2393 5227 briga,
2411 5155 2711 5217 dubitatio,
2738 5154 2832 5208 vel
2856 5169 3032 5208 casus
3053 5151 3315 5206 difﬁcilis
3330 5152 3459 5206 sive
3476 5151 3647 5221 pacis

1965 5246 2058 5299 vel
2088 5261 2325 5317 guerrae
2355 5248 2619 5316 emergat
2641 5244 2699 5297 in
2720 5259 2927 5315 regno,
2948 5241 3043 5297 vel
3063 5244 3247 5309 extra,
3272 5241 3566 5295 referatur
3586 5244 3648 5295 et

1968 5336 2245 5389 recitetur
2262 5350 2441 5388 casus
2464 5334 2557 5388 ille
2576 5334 2635 5386 in
2658 5332 2918 5401 scriptis,
2939 5331 2998 5385 in
3014 5332 3187 5401 pleno
3211 5330 3597 5401 parliamento
3621 5343 3675 5399 :46

1968 5426 2023 5477 et
2054 5426 2335 5477 tractetur
2366 5426 2421 5477 et
2454 5422 2786 5491 disputetur
2813 5420 2885 5470 3‘s?
3062 5420 3208 5471 ‘zitrr
3225 5433 3399 5489 pares
3432 5417 3628 5488 parlia‘

1968 5513 2166 5582 menti,
2200 5518 2276 5582 et,
2310 5513 2362 5565 si
2395 5511 2801 5565 necessarium
2821 5509 2916 5572 sit,
2945 5508 3293 5580 injungatur
3314 5523 3418 5577 per
3436 5520 3596 5579 rege]

1968 5617 2076 5657 seu
2099 5617 2171 5656 ex
2192 5603 2355 5672 parte
2385 5600 2570 5671 regis,
2605 5600 2658 5654 si
2693 5614 2810 5653 non
2840 5614 2946 5652 rex
2965 5598 3215 5666 intersit,
3244 5596 3483 5651 cuilibet
3499 5604 3611 5665 δη

1966 5691 2146 5749 duum
2174 5690 2406 5765 parium
2422 5688 2580 5764 quod
2596 5688 2843 5762 quilibet
2865 5689 3091 5760 gradus
3114 5702 3222 5759 per
3243 5701 3332 5754 se,
3360 5685 3416 5741 et
3431 5683 3637 5741 libere-
