4048 6164
428 214 588 278 4343

1584 216 2019 282 VVILLELMI
2064 217 2711 293 CONQUES’I‘ORIS

3623 226 3759 294 1314

430 422 528 475 tur
561 434 739 474 casus
771 418 868 473 ille
900 419 1118 473 clerico
1150 433 1262 473 suo
1292 419 1351 472 in
1378 419 1621 488 scripto,
1643 419 1769 473 etin
1788 420 1947 474 certo
1965 418 2098 473 loco
2126 404 2185 467 λ
2212 420 2381 491 regis
2412 421 2469 474 et
2496 419 2721 490 reginae
2751 420 2809 473 et
2837 432 3085 474 suorum
3113 418 3425 475 liberorum
3450 423 3789 495 tangentibus;

435 509 685 563 recitare
744 507 960 561 faciant
1015 523 1214 561 coram
1262 507 1351 561 eis
1384 524 1590 561 casum
1624 508 1806 572 illum,
1834 509 1910 561 ita
1942 506 2101 578 quod

436 597 553 667 ipsi
584 597 857 652 ordinent
874 600 929 650 ct
960 597 1337 650 considerent
1360 611 1561 650 coram
1601 613 1667 650 se
1698 597 1950 667 qualiter
1979 612 2099 650 me-

432 685 551 740 lius
612 691 667 741 et
694 685 918 756 justius
977 686 1220 754 procedi
1263 685 1475 754 poterit
1518 685 1576 739 in
1607 701 1787 738 causa
1816 685 1912 738 illa
1943 686 2098 740 sicut

437 776 574 845 ipsi.
597 775 711 829 Pro
743 789 999 844 persona
1014 775 1201 844 regis,
1222 778 1277 827 et
1298 774 1767 843 eorumprOpriis
1798 775 2098 843 personis,

439 880 508 919 ac
540 865 711 919 etiam
746 879 849 933 pro
864 863 1139 931 personis
1162 878 1365 916 eorum
1383 878 1635 932 quorum
1675 878 1965 932 personas
1984 862 2103 930 ipsi

438 956 871 1023 repraesentant
907 967 921 1020 ;
970 957 1025 1005 et
1053 950 1233 1005 velint
1264 966 1461 1004 coram
1484 951 1603 1005 Deo
1637 952 2020 1022 respondere,
2050 952 2107 1005 et

439 1057 583 1096 suas
614 1042 1043 1110 responsiones
1074 1044 1129 1093 et
1160 1039 1523 1093 avisamenta
1558 1042 1855 1110 reportent
1872 1040 1932 1093 in
1965 1040 2109 1093 scri-

438 1132 556 1199 ptis
593 1147 606 1200 ;
668 1135 727 1183 ut
761 1129 1033 1184 omnibus
1080 1143 1284 1182 eorum
1314 1129 1811 1198 responsionibus
1833 1132 1889 1182 et
1908 1128 2106 1182 avisa-

437 1219 673 1287 mentis,
707 1218 974 1272 consiliis
1006 1221 1062 1272 et
1094 1218 1479 1272 avisamentis
1519 1218 1655 1272 hinc
1686 1218 1819 1272 inde
1869 1217 2106 1287 auditis,

439 1307 766 1363 secundum
798 1307 1009 1360 melius
1035 1310 1089 1360 et
1120 1307 1326 1360 sanius
1371 1307 1685 1360 consilium
1718 1307 2103 1376 procedatur:

439 1399 496 1452 et
526 1396 627 1451 ubi
659 1396 867 1450 saltem
890 1395 1080 1466 major
1108 1411 1249 1465 pars
1288 1396 1656 1465 parliamenti
1686 1395 2025 1464 concordat,
2048 1396 2111 1448 ut

441 1487 494 1541 si
550 1501 656 1556 per
707 1485 1066 1539 discordiam
1123 1486 1274 1539 inter
1322 1500 1427 1539 eos
1470 1488 1525 1538 et
1557 1500 1761 1555 regem
1792 1487 1849 1538 et
1875 1484 2111 1554 aliquos

441 1579 774 1648 magnetes,
828 1575 919 1628 vel
952 1574 1101 1629 forte
1133 1574 1475 1642 interipsos
1515 1579 1841 1645 magnates,
1875 1588 1989 1643 pax
2021 1587 2112 1626 re-

448 1666 552 1737 gni
597 1664 950 1732 inﬁrmetur,
988 1664 1082 1717 vel
1111 1663 1385 1733 populos,
1420 1663 1514 1717 vel
1540 1663 1808 1733 patriam,
1848 1664 1925 1715 ita
1956 1661 2114 1732 quod

446 1754 683 1809 videtur
739 1754 870 1823 regi
901 1756 957 1807 et
987 1752 1121 1823 ejus
1178 1752 1429 1806 consilio
1461 1752 1618 1823 quod
1662 1752 1984 1822 expediens
2016 1750 2095 1805 sit

447 1843 605 1915 quod
663 1842 967 1914 negotium
1025 1840 1169 1899 illud
1210 1844 1508 1896 tractetur
1551 1844 1607 1895 et
1638 1841 1983 1895 emendetur
2013 1854 2121 1910 per

444 1931 977 1987 considerationem
1009 1930 1269 1984 omnium
1298 1930 1526 2000 parium
1558 1930 1729 2002 regni
1778 1929 1892 1998 sui,
1926 1927 2022 1983 vel
2063 1926 2117 1982 si

443 2036 551 2091 per
608 2035 886 2092 guerram
917 2035 1025 2074 rex
1049 2023 1105 2073 et
1136 2035 1401 2090 regnum
1416 2019 1794 2089 tribulentur,
1825 2017 1920 2072 vel
1943 2018 1997 2071 si
2026 2032 2122 2072 ca-
2180 2056 2188 2063 .

446 2126 556 2165 sus
616 2109 879 2164 difﬁcilis
925 2124 1125 2163 coram
1166 2108 1517 2162 cancellario
1576 2108 1808 2179 Anglice
1832 2107 2118 2178 emergat,

448 2215 561 2255 seu
615 2198 859 2254 difﬁcile
916 2213 1118 2253 coram
1167 2196 1494 2268 justitiario
1531 2197 1706 2252 fuerit
1732 2196 2120 2265 reddendum,

448 2292 504 2345 et
535 2286 902 2360 hujusmodi.

518 2377 589 2431 Et
621 2377 675 2431 si
706 2377 855 2430 forte
889 2375 949 2429 in
981 2373 1323 2445 hujusmodi
1358 2374 1893 2429 deliberationibus
1917 2388 2124 2428 omnes

445 2467 542 2521 vel
565 2466 773 2520 saltem
802 2468 995 2535 major
1016 2480 1156 2534 pars
1174 2464 1537 2518 concordare
1556 2479 1674 2517 non
1698 2464 1947 2532 valeant,
1985 2468 2122 2516 tunc

449 2570 652 2611 comes
685 2554 1081 2619 senescallus,
1105 2568 1308 2606 comes
1323 2552 1822 2621 constabularius,
1845 2557 1901 2606 et
1924 2566 2125 2606 comes

447 2641 966 2710 marescallus,vel
985 2642 1100 2695 duo
1133 2657 1336 2695 eorum
1351 2643 1571 2714 eligent
1597 2642 1808 2713 viginti
1865 2640 2124 2711 quinque

450 2747 742 2804 personas
777 2732 848 2786 de
880 2731 1157 2785 omnibus
1189 2731 1434 2800 paribus
1477 2731 1669 2803 regni,
1714 2730 1943 2783 scilicet
1973 2730 2123 2783 duos

450 2821 785 2891 episcopos,
838 2823 961 2875 tres
995 2823 1414 2890 procuratores
1446 2835 1551 2890 pro
1583 2822 1701 2873 toto
1756 2819 1934 2887 clero,
1973 2819 2124 2872 duos

449 2911 716 2979 comites,
753 2914 808 2964 et
838 2912 959 2962 tres
1016 2909 1297 2978 barones,
1344 2909 1604 2979 quinque
1636 2908 1855 2962 milites
1887 2907 2126 2961 comita-

447 3003 634 3070 tuum,
671 3000 931 3071 quinque
977 2998 1144 3052 cives
1176 3002 1231 3052 et
1262 2999 1624 3068 burgenses,
1658 2997 1758 3068 qui
1789 2997 2012 3051 faciunt
2043 2995 2126 3047 vi-

451 3090 599 3162 ginti
622 3090 905 3162 quinque,
934 3091 989 3141 et
1012 3086 1096 3140 illi
1118 3087 1328 3159 viginti
1346 3087 1606 3157 quinque
1626 3089 1876 3156 possunt
1902 3087 2126 3156 eligere

2213 507 2268 563 ‘2.
2303 509 2374 563 de
2406 508 2662 580 negotiis
2693 507 3110 562 communibus
3140 510 3307 580 regni
3323 514 3378 564 et
3391 510 3458 564 de
3482 511 3685 583 legibus
3703 518 3797 569 sta-

2214 597 2450 652 tuendis
2481 603 2683 653 contra
2711 598 2980 652 defectus
3010 597 3208 669 legum
3225 599 3803 671 originalium,judicia-

2219 687 2382 755 lium,
2430 691 2484 741 et
2534 688 3077 754 exsecutoriarum;
3137 690 3270 756 post
3342 687 3550 756 judicia
3597 689 3798 756 reddita,

2221 791 2354 846 quae
2412 777 2549 829 sunt
2626 774 2875 828 maxime
2938 775 3271 829 communia
3361 778 3610 846 negotia,
3662 779 3791 831 tertio

2224 864 2439 919 debent
2509 862 2893 918 rememorari
2949 862 3185 935 negotia
3251 864 3576 934 singularia,
3627 869 3675 918 et
3719 864 3802 919 hoc

2226 952 2557 1008 secundum
2615 952 2882 1007 ordinem
2939 952 3287 1023 petitionum
3332 951 3600 1006 ﬁlatarum
3626 956 3679 1006 ut
3698 969 3811 1023 prm-

2224 1043 2442 1097 dictum
2471 1046 2581 1097 est.

2297 1148 2441 1204 CAP.
2472 1149 2575 1203 XI.
2606 1148 2695 1204 De
2723 1147 2937 1203 diebus
2965 1154 3025 1202 et
3053 1148 3226 1202 boris
3248 1146 3751 1217 adparliamentum.

2300 1256 2756 1310 Parliamentum
2778 1268 2895 1308 non
2914 1253 3088 1308 debet
3100 1254 3290 1308 teneri
3304 1252 3508 1307 diebus
3529 1253 3802 1321 Dominicis;

2231 1345 2337 1399 sed
2363 1344 2494 1398 aliis
2527 1343 2757 1398 cunctis
2787 1343 3022 1409 diebus,
3042 1341 3141 1396 illo
3171 1343 3266 1395 die
3285 1356 3517 1411 semper
3543 1345 3759 1411 excepto,
3776 1345 3818 1395 et

2227 1434 2361 1488 aliis
2393 1433 2865 1502 tribus,scilicet,
2883 1432 3156 1485 Omnium
3175 1430 3542 1493 Sanctorum,
3562 1433 3612 1484 et
3626 1431 3808 1483 Anima-

2226 1538 2377 1587 rum,
2423 1524 2479 1577 et
2509 1521 2846 1576 Nativitatis
2874 1520 3062 1575 sancti
3090 1519 3341 1574 Joannis
3374 1519 3648 1589 Baptista,
3674 1523 3815 1587 potest

2228 1612 2417 1667 teneri
2450 1627 2461 1665 ε
2498 1615 2555 1666 et
2584 1611 2759 1665 debet
2788 1609 3048 1680 singulis
3075 1608 3289 1664 diebus
3306 1608 3565 1663 inchoari
3593 1608 3712 1662 hora
3728 1622 3813 1661 me-

2228 1701 2323 1755 dia
2352 1701 2559 1771 prima,
2584 1700 3219 1772 qualiorarextenetur
3240 1697 3820 1769 parliamentointeres-

2099 1790 2120 1860 ζ
2150 1780 2205 1846 Β
2230 1807 2299 1847 se
2327 1794 2385 1846 et
2413 1805 2622 1845 omnes
2649 1803 2827 1860 pares
2857 1788 3224 1859 parliamenti
3243 1788 3461 1843 debent
3491 1787 3657 1842 teneri
3680 1786 3819 1840 occul-

2228 1883 2288 1934 to
2331 1878 2497 1934 loco.‘
2532 1878 2597 1933 In
2626 1877 2838 1933 diebus
2868 1876 3103 1932 festivis
3123 1876 3568 1947 parliamentum
3592 1874 3737 1931 debet
3754 1874 3819 1927 in-

2230 1968 2436 2025 choari
2458 1968 2605 2023 hora
2647 1967 2849 2038 prima
2866 1969 3108 2037 propter
3131 1965 3402 2020 divinum
3432 1965 3721 2021 servitium.

2515 2073 2659 2129 CAP.
2707 2073 2830 2128 XII.
2866 2074 2953 2129 De
3016 2070 3315 2145 gradibus
3364 2071 3604 2144 parium.

2310 2182 2435 2237 Rex
2467 2183 2561 2237 est
2589 2183 2782 2252 caput,
2809 2179 3160 2252 principium
3186 2182 3243 2235 et
3273 2179 3413 2234 ﬁnis
3440 2175 3823 2250 parliamenti,et

2237 2272 2312 2327 ita
2371 2287 2486 2325 non
2516 2271 2691 2325 habet
2731 2287 2935 2341 parem
2983 2270 3043 2324 in
3074 2285 3183 2324 suo
3224 2269 3440 2341 gradu,
3477 2274 3529 2323 et
3558 2268 3629 2322 ita
3645 2283 3703 2321 ex
3725 2279 3823 2336 rege

2238 2360 2367 2415 solo
2400 2363 2490 2415 est
2512 2360 2738 2431 primus
2770 2361 2995 2432 gradus
3018 2359 3355 2429 ;seeundus
3372 2358 3587 2430 gradus
3600 2361 3680 2411 est
3697 2370 3823 2409 exar-

2239 2449 2660 2521 chiepiscopis,
2718 2448 3039 2519 episcopis,
3095 2448 3442 2518 abbatibus,
3472 2444 3734 2519 prioribus
3755 2456 3826 2512 per

2237 2539 2545 2594 baroniam
2574 2537 2913 2593 tenentibus
2938 2554 2952 2607 ;
2975 2538 3184 2591 tertius
3214 2537 3444 2608 gradus
3474 2540 3560 2590 est
3588 2534 3649 2588 de
3675 2547 3825 2602 procu-

2238 2628 2539 2683 ratoribus
2572 2628 2748 2696 cleri;
2781 2630 3030 2699 quartus
3048 2627 3119 2680 de
3133 2627 3480 2694 comitibus,
3506 2621 3780 2678 baronibus
3792 2621 3828 2672 et

2239 2718 2370 2771 aliis
2392 2717 2769 2788 magnatibus
2830 2719 2887 2771 et
2933 2714 3285 2785 proceribus
3315 2713 3639 2769 tenentibus
3678 2710 3736 2763 ad
3757 2723 3828 2760 va-

2237 2806 2469 2860 lentiam
2494 2806 2806 2860 comitatus
2839 2809 2895 2859 et
2924 2804 3210 2871 baronizn,
3249 2802 3412 2857 sicut
3441 2801 3748 2873 praedictum
3768 2799 3829 2850 est

2236 2896 2295 2949 in
2334 2894 2501 2949 titulo
2546 2894 2619 2948 de
2676 2893 2880 2957 laicis;
2913 2893 3155 2963 quintus
3208 2896 3307 2946 est
3337 2892 3410 2946 de
3440 2890 3699 2944 militibus
3723 2900 3826 2940 com.

2236 2982 2635 3055 [comitibus];
2690 2985 2899 3037 sextus
2931 2982 3004 3036 de
3038 2982 3274 3036 civibus
3300 2986 3357 3036 et
3385 2977 3764 3051 burgensibus.
3788 2972 3833 3026 Et

2239 3076 2312 3128 ita
2331 3077 2423 3129 est
2437 3073 2885 3143 parliamentum
2903 3087 2974 3125 ex
2992 3086 3102 3125 sex
3119 3070 3435 3142 gradibus.
3465 3069 3575 3124 Sed
3596 3063 3832 3122 sciendum

669 3139 984 3160 --πίιτνιμ
1089 3139 1093 3140 ν
1181 3139 1281 3159 υρ
1914 3139 1918 3140 ν
1984 3139 2017 3156 υ
2438 3139 2456 3143 -
3127 3139 3147 3142 -

453 3139 528 3233 :x
558 3139 659 3233 sei
685 3177 835 3247 ipsis
868 3166 1198 3241 duodecim,
1235 3179 1289 3229 et
1325 3175 1805 3247 condescendere
1837 3174 1898 3228 in
1930 3174 2039 3239 eis,
2074 3175 2130 3226 et
2164 3139 2215 3203 Ο
2237 3168 2330 3217 est
2361 3163 2517 3234 QUOd
2547 3160 2916 3232 licetaliquis
2938 3160 3229 3215 dictorum
3247 3159 3833 3247 madwmposil‘eﬁem

452 3269 567 3339 ipsi
600 3267 912 3322 duodecim
940 3281 1069 3335 sex,
1106 3267 1163 3318 et
1193 3264 1674 3318 condescendere
1708 3263 1766 3317 in
1796 3264 1980 3332 eis,et
2012 3262 2127 3331 ipsi

458 3372 567 3412 sex
596 3357 788 3411 adhuc
828 3360 951 3409 tres
983 3357 1038 3408 et
1060 3352 1546 3407 condescendere
1577 3353 1635 3404 in
1665 3352 1775 3418 eis,
1809 3355 1865 3405 et
1894 3351 1978 3404 illi
1999 3353 2129 3404 tres

458 3446 518 3501 in
577 3444 959 3515 paucioribus
1016 3442 1497 3496 condescendere
1557 3456 1674 3495 non
1706 3442 1981 3510 possunt,
2013 3440 2129 3494 nisi

454 3535 689 3590 obtenta
720 3533 962 3587 licentia
990 3548 1023 3583 a
1053 3531 1289 3584 domino
1337 3545 1480 3601 rege
1515 3547 1530 3595 ;
1559 3533 1616 3583 et
1647 3530 1699 3583 si
1731 3544 1837 3583 rex
1873 3544 2126 3583 consen-

451 3625 558 3678 tiat
580 3622 639 3675 in
672 3624 795 3675 tres
816 3622 1093 3691 possunt,
1117 3620 1176 3671 in
1206 3618 1378 3687 duos,
1412 3621 1468 3672 et
1498 3618 1569 3673 de
1587 3618 1706 3671 illis
1727 3618 1959 3671 duobus
1978 3617 2128 3671 alter

452 3711 649 3780 potest
694 3708 753 3762 in
817 3707 993 3760 alium
1050 3706 1413 3760 descendere
1476 3704 1542 3776 [Γ.
1604 3703 2126 3775 condescendere],

457 3800 513 3851 et
534 3797 612 3851 ita
638 3797 875 3867 demum
909 3795 1088 3850 stabit
1113 3809 1223 3848 sua
1246 3795 1535 3849 ordinatio
1567 3809 1748 3863 supra
1779 3797 1960 3848 totum
1991 3809 2129 3863 par-

456 3886 821 3955 liamentum,
881 3889 937 3939 et
968 3885 1045 3938 ita
1078 3884 1609 3939 condescendendo
1640 3899 1672 3936 a
1722 3884 1930 3955 viginti
1961 3883 2131 3954 quin-

468 3990 583 4047 que
614 3974 892 4046 personis
924 3974 1201 4044 usquead
1234 3990 1406 4027 unam
1432 3987 1744 4043 personam
1780 3972 1987 4040 solam,
2014 3971 2129 4025 nisi

462 4080 746 4120 numerus
792 4062 984 4135 major
1039 4062 1404 4116 concordare
1465 4061 1653 4115 valeat
1702 4065 1758 4114 et
1806 4062 2129 4130 ordinare;

457 4154 696 4210 tandem
729 4152 854 4208 sola
886 4168 1163 4223 persona,
1200 4154 1261 4205 ut
1290 4155 1384 4205 est
1414 4152 1660 4219 dictum,
1694 4165 1804 4219 pro
1854 4151 2130 4205 omnibus

462 4243 778 4312 ordinabit,
815 4258 948 4313 quae
980 4257 1114 4295 cum
1154 4256 1219 4295 se
1252 4242 1380 4311 ipsa
1404 4239 1746 4293 discordare
1771 4255 1882 4293 non
1914 4242 2130 4309 potest,

463 4334 630 4389 salvo
662 4332 899 4387 domino
932 4346 1097 4402 rege,
1123 4335 1179 4385 et
1209 4329 1344 4400 ejus
1376 4330 1647 4399 consilio,
1683 4329 1839 4400 quod
1871 4329 1985 4399 ipsi
2019 4328 2134 4383 hu-

457 4421 724 4495 jusmodi
756 4420 1160 4475 ordinationes
1193 4424 1507 4491 postquam
1539 4421 1781 4489 scriptae
1812 4419 2048 4488 fuerint,
2078 4422 2137 4473 et

2238 3254 2529 3320 absentet,
2563 3252 2701 3305 dum
2732 3254 2924 3306 tamen
2950 3264 3159 3304 omnes
3189 3248 3526 3319 praemoniti
3550 3244 3737 3301 fuerint
3764 3254 3836 3310 per

2238 3337 2650 3396 rationabilem
2669 3336 3185 3391 summonitionem
3208 3334 3597 3406 parliamenti,
3617 3324 3837 3386 nihilomi'

2243 3444 2359 3484 nus
2390 3431 2672 3483 censetur
2702 3442 2841 3481 esse
2871 3425 3130 3494 plenum.

2524 3533 2666 3588 CAP.
2702 3532 2855 3587 Xlll.
2907 3532 2996 3586 De
3023 3531 3191 3586 modo
3213 3530 3617 3602 parliamenti.

2318 3642 2571 3697 Ostensa
2592 3641 2780 3711 primo
2810 3639 2999 3693 forma
3030 3637 3283 3710 qualiter
3317 3638 3553 3691 cuilibet
3581 3631 3838 3704 etaquanto

2245 3736 2507 3803 tempore
2538 3728 2915 3784 summonitio
2936 3727 3308 3798 parliamenti
3334 3727 3463 3781 ﬁeri
3501 3725 3676 3790 debet,
3703 3722 3747 3774 et
3770 3714 3839 3787 qui

2244 3822 2447 3876 venire
2480 3820 2696 3874 debent
2715 3834 2821 3888 per
2839 3816 3385 3882 summonitionem,
3410 3818 3467 3870 et
3494 3814 3587 3885 qui
3618 3825 3744 3877 non;
3772 3820 3839 3859 se-

2250 3910 2440 3964 cundo
2473 3908 2786 3962 dicendum
2817 3910 2908 3961 est
2938 3905 3039 3976 qui
3063 3907 3201 3959 sunt
3220 3905 3325 3975 qui
3340 3904 3561 3958 ratione
3584 3899 3840 3955 ofﬁciorum

2250 4014 2494 4053 suorum
2522 3998 2725 4051 venire
2758 3996 2973 4050 debent
3005 3998 3058 4048 et
3082 3994 3383 4048 interesse
3406 3996 3664 4047 tenentur
3688 3984 3844 4058 perto-

2245 4092 2364 4143 tum
2396 4085 2836 4158 parliamentum
2871 4085 2999 4138 sine
3022 4084 3502 4137 summonitione.
3522 4078 3670 4135 Unde
3698 4075 3844 4128 adven

2244 4176 2483 4231 tendum
2512 4179 2603 4230 est
2632 4174 2788 4246 quod
2819 4173 2933 4228 duo
2950 4170 3525 4242 clericiprincipales
3541 4158 3841 4239 parliamenti

2245 4264 2445 4319 clerici
2491 4279 2597 4334 per
2626 4254 2830 4335 regem
2881 4266 2940 4316 et
2961 4261 3095 4333 ejus
3127 4260 3467 4327 consilium,
3501 4262 3553 4312 et
3582 4255 3668 4310 alii
3695 4247 3845 4306 clerici

2230 4348 2610 4422 'secundarii,
2633 4353 2704 4407 de
2727 4351 2945 4424 quibus
2966 4354 3021 4405 et
3038 4365 3287 4421 quorum
3313 4348 3530 4403 ofﬁciis
3544 4345 3741 4401 dicetur
3756 4350 3845 4407 ερο-

2248 4443 2457 4497 cialius
2490 4446 2660 4513 post;
2722 4444 2777 4495 et
2819 4439 3163 4511 principalis
3213 4438 3501 4493 clamator
3528 4432 3732 4505 Anglia:
3750 4439 3841 4480 cum

466 4510 827 4580 examinare,
880 4513 936 4598 et
1013 4509 1327 4563 emendare
1377 4510 1628 4576 valeant,
1674 4509 1728 4562 si
1768 4507 1881 4562 hoc
1936 4508 2135 4563 facere
2169 4493 2792 4588 οεηδοιθηζδιοιζίδυε
2822 4493 3090 4596 ‘suis"et
3111 4526 3461 4598 principalis
3491 4493 3839 4579 οειίξτίυελη.

467 4601 676 4669 sciant,
712 4602 769 4654 et
807 4597 1022 4664 velint;
1065 4598 1142 4651 ita
1177 4599 1332 4669 quod
1364 4598 1477 4653 hoc
1512 4598 1729 4652 ibidem
1759 4603 1896 4651 tunc
1918 4598 1977 4650 in
2006 4600 2134 4666 ple-

467 4706 544 4745 no
578 4688 983 4761 parliamento,
1017 4691 1074 4741 et
1120 4687 1191 4741 de
1215 4702 1514 4741 consensu
1538 4686 1903 4755 parliamenti
1931 4691 1987 4741 et
2018 4703 2135 4743 non

467 4783 628 4836 retro
657 4778 1106 4850 parliamentum
1137 4777 1254 4831 ﬁat.

756 4866 898 4922 CAP.
933 4867 1004 4922 X.
1043 4866 1130 4921 De
1164 4866 1421 4937 negotiis
1442 4864 1845 4936 parliamenti.

546 4957 797 5029 Negotia
852 4972 960 5027 pro
1021 4955 1238 5027 quibus
1292 4954 1737 5025 parliamentum
1777 4957 1887 5021 est,
1920 4954 2138 5009 debent

476 5048 798 5103 deliberari
846 5046 1175 5101 secundum
1208 5043 1501 5099 Kalendar
1531 5042 1915 5113 parliamenti,
1950 5047 2005 5098 et
2036 5059 2136 5098 se-

476 5136 741 5191 cundum
769 5136 1033 5191 ordinem
1068 5133 1874 5205 petitionumliberatarnmet
1900 5132 2137 5187 afﬁlita-

475 5239 606 5278 rum
633 5223 770 5295 [ge].
807 5223 1094 5296 enﬁlees],
1128 5224 1290 5279 nullo
1346 5222 1544 5276 habito
1575 5225 1852 5291 respectu
1882 5222 1953 5275 ad
1987 5237 2138 5293 quo-

372 5326 383 5337 ‘
478 5326 844 5381 rumcunque
900 5329 1214 5384 personas,
1275 5312 1381 5367 sed
1441 5311 1540 5383 qui
1597 5313 1767 5381 prius
1811 5312 2137 5382 proposuit,

480 5403 650 5472 prius
680 5404 835 5472 agat.

555 5491 620 5546 In
649 5489 963 5544 Kalendari
983 5492 1349 5560 parliamenti
1379 5491 1763 5546 rememorari
1785 5490 2001 5545 debent
2022 5504 2146 5544 om-

486 5580 582 5637 nia
627 5579 865 5652 negotia
921 5579 1290 5649 parliamenti
1337 5582 1450 5637 sub
1498 5581 1614 5636 isto
1671 5579 1909 5636 ordine:
1956 5578 2009 5634 1.
2071 5580 2145 5635 de

485 5676 727 5748 guerra,
761 5669 816 5726 si
869 5680 1089 5742 guerra
1118 5670 1218 5742 sit,
1239 5670 1542 5729 etdealiis
1574 5670 1830 5745 negotiis
1856 5683 2152 5742 personas

2252 4621 2425 4694 gliae;
2458 4636 2591 4691 quae
2622 4619 2736 4673 duo
2756 4617 2971 4687 ofﬁcia,
3007 4616 3237 4671 scilicet
3266 4615 3528 4670 officium
3562 4604 3842 4666 clamatorie

2256 4720 2312 4768 et
2362 4710 2644 4778 ostiariae,
2698 4708 2970 4763 solebant
3003 4706 3076 4760 ad
3118 4719 3302 4760 unum
3334 4707 3391 4758 et
3420 4703 3571 4757 idem
3597 4696 3841 4770 pertinere.

2260 4800 2361 4857 Isti
2392 4797 2663 4854 ofﬁciarii
2692 4797 2964 4851 tenentur
3006 4794 3299 4849 interesse
3330 4792 3518 4862 primo
3549 4778 3844 4843 die.Cancel-

2254 4891 2439 4945 larius
2459 4885 2711 4958 Anglia,
2734 4882 3164 4952 thesaurarius,
3191 4880 3633 4946 camerarius,et
3647 4875 3840 4928 barones

2259 4981 2331 5035 de
2368 4975 2704 5044 Scaccario,
2744 4971 3075 5045 justitiarii,
3133 4985 3342 5025 omnes
3374 4966 3570 5023 clerici
3598 4966 3647 5019 et
3688 4958 3843 5049 milites

2260 5068 2445 5140 regis,
2500 5081 2616 5120 una
2662 5079 2795 5118 cum
2825 5059 3224 5116 servientibus
3253 5059 3323 5112 ad
3352 5057 3560 5127 placita
3587 5050 3741 5122 regis,

2263 5132 2401 5212 sunt
2430 5156 2503 5210 de
2534 5152 2783 5210 consilio
2816 5151 2981 5223 regis
3011 5152 3286 5204 tenentur
3318 5148 3605 5203 interesse
3645 5132 3843 5223 secundo

2262 5249 2376 5314 die,
2429 5245 2546 5299 nisi
2605 5241 2985 5296 rationabiles
3044 5237 3465 5293 excusationes
3512 5229 3755 5314 habeant,
3790 5220 3842 5314 ἱίξ

2263 5308 2739 5409 quodinteresse
2770 5345 2888 5384 non
2905 5332 3183 5401 possent;
3202 5330 3257 5381 et
3293 5331 3431 5380 tunc
3454 5323 3664 5378 mittere
3684 5308 3844 5370 debeni

2260 5406 2450 5481 bonas
2480 5420 2922 5477 excusationes.

2436 5547 2580 5603 ΟΑΡ.
2613 5545 2764 5601 XIV.
2796 5542 2887 5601 De
2931 5541 3308 5599 inchoatione
3331 5529 3711 5611 parliamenti.

2334 5672 2624 5731 Dominus
2652 5685 2762 5727 rex
2777 5668 3010 5727 sedebit
3037 5668 3100 5727 in
3127 5664 3320 5725 medio
3342 5658 3583 5736 majoris
3621 5645 3782 5718 bald:
3802 5641 3843 5697 ⁸⁸
