4090 6162
455 322 611 388 1347

456 528 532 581 ita
562 526 724 597 quod
753 523 950 579 nullus
979 524 1157 578 intret
1198 520 1644 592 parliamentum
1688 518 1806 574 nisi
1835 519 1936 589 qui
1990 560 2003 571 .
2049 558 2062 571 .

453 706 697 774 propter
725 703 1026 773 negotium
1050 700 1208 770 quod
1237 698 1616 770 prosequitur
1636 697 1695 750 in
1715 697 2121 766 parliamento;

454 796 511 848 et
541 795 770 863 Oportet
799 790 956 861 quod
1006 788 1285 844 ostiarius
1330 788 1428 841 ille
1468 786 1680 840 habeat
1724 785 2122 855 cognitionem

456 896 848 952 personarum
896 894 1028 949 qua
1078 877 1310 948 ingredi
1358 875 1591 944 debent,
1646 875 1699 928 si
1746 889 1999 929 necesse
2046 873 2123 927 sit

456 970 676 1025 habere
706 970 931 1040 plures.

866 1057 1007 1111 CAP.
1042 1056 1197 1110 XXI.
1230 1056 1319 1109 De
1349 1055 1687 1110 clamatore.

521 1146 814 1200 Clamator
842 1144 1209 1215 parliamenti
1254 1144 1429 1197 stabit
1462 1146 1626 1197 extra
1664 1144 1882 1197 ostium
1909 1141 2122 1212 parlia-

450 1236 650 1304 menti,
713 1238 770 1288 et
831 1234 1111 1288 ostiarius
1160 1231 1524 1288 denuntiabit
1566 1232 1682 1285 sibi
1740 1231 2118 1285 clamationes

451 1324 754 1380 suas.Rex
774 1321 1001 1377 solebat
1026 1323 1255 1376 mittere
1287 1321 1619 1376 servientes
1651 1335 1797 1374 suos
1829 1320 1899 1374 ad
1931 1335 2115 1385 arma,

448 1414 523 1469 ad
572 1412 845 1468 standum
886 1427 992 1482 per
1048 1426 1325 1482 magnum
1371 1411 1625 1481 spatium
1683 1411 1846 1463 extra
1903 1409 2119 1463 ostium

447 1501 815 1572 parliamenti
845 1500 917 1553 ad
947 1499 1400 1553 custodiendum
1431 1501 1667 1567 ostium,
1692 1498 1770 1552 ita
1787 1497 1943 1568 quod
1976 1497 2120 1551 nulli

448 1590 883 1661 impressiones
914 1604 1024 1643 nec
1066 1589 1350 1642 tumultus
1383 1587 1649 1642 facerent
1695 1588 1854 1642 circa
1903 1586 2120 1640 ostium

448 1696 556 1750 per
587 1679 743 1749 quod
772 1677 1219 1747 parliamentum
1249 1676 1604 1747 ingreditur,
1638 1676 1749 1730 sub
1783 1691 1957 1745 poena
1986 1690 2119 1745 cap-

350 1832 355 1841 .
449 1768 630 1821 tionis
663 1781 977 1836 corporum
1001 1780 1244 1819 suorum
1270 1783 1284 1829 ;
1319 1765 1454 1834 quia
1478 1765 1548 1817 de
1569 1763 1709 1835 jure
1742 1765 1958 1817 ostium
1989 1779 2118 1832 par-

1644 310 2061 382 WILLELMI
2088 316 2728 390 CONQUESTORIS

3684 325 3808 389 1348

2107 559 2120 571 .
2148 500 2220 562 ι’
2235 517 2542 573 tenderent
2589 519 2747 589 quod
2792 520 2985 574 dictus
3032 534 3137 575 rex
3166 535 3281 575 non
3319 524 3545 593 regeret
3569 536 3661 576 eos
3702 525 3746 576 si

578 657 591 669 .
654 614 830 668 debet
886 613 960 667 ad
997 612 1465 681 parliamentum,
1511 608 1606 662 vel
1649 610 1895 662 vocatus
1947 606 2124 661 fuerit

2236 607 2497 672 deberet,
2531 610 2589 662 et
2617 608 2995 679 assignarent
3037 609 3374 678 specialiter
3416 610 3473 663 in
3513 610 3703 679 quibus
3749 627 3827 666 eos

2237 711 2354 748 non
2377 700 2631 765 rexerat,
2661 698 2799 751 tunc
2826 697 3270 766 parliamentum
3300 714 3415 752 non
3443 701 3593 752 esset
3620 701 3825 765 omnino,

2239 781 2376 836 licet
2405 784 2857 855 archiepiscopi,
2888 785 3135 839 comites
3158 789 3212 839 et
3241 785 3490 839 barones
3543 787 3766 855 episc0pi
3789 793 3835 841 et

2244 886 2450 926 omnes
2482 888 2685 926 eorum
2714 888 2888 942 pares
2919 888 3053 927 cum
3082 888 3225 945 rege
3251 874 3611 927 interessent.
3651 872 3709 926 Et
3730 874 3828 929 ideo

2248 964 2475 1030 oportet
2495 962 2689 1015 omnia
2717 977 2851 1032 qua
2882 961 3167 1015 afﬁrmari
3198 962 3288 1015 vel
3319 962 3611 1030 inﬁrmari,
3640 964 3831 1017 concedi

2244 1051 2338 1103 vel
2369 1050 2597 1121 negari,
2628 1050 2721 1103 vel
2752 1050 2880 1104 fieri
2910 1051 3124 1105 debent
3170 1066 3275 1120 per
3302 1051 3728 1119 parliamentum,
3753 1067 3833 1121 per

2245 1139 2717 1192 communitatem
2769 1139 3132 1208 parliamenti
3179 1139 3457 1208 concedi,
3505 1155 3625 1209 qua
3665 1142 3741 1193 est
3780 1157 3832 1193 ex

2240 1227 2432 1281 tribus
2462 1227 2748 1298 gradibus
2780 1228 2909 1281 sive
2939 1228 3264 1299 generibus
3287 1227 3835 1297 parliamenti,scilicet

2245 1330 2318 1369 ex
2370 1316 2858 1385 procuratoribus
2888 1314 3051 1380 cleri,
3087 1315 3372 1370 militibus
3397 1317 3753 1383 comitatuum,
3778 1318 3834 1369 ci-

2241 1401 2417 1456 vibus
2448 1407 2504 1457 et
2531 1402 3514 1474 burgensibus,quireprasentant
3531 1406 3688 1457 totam
3706 1418 3829 1457 com-

2237 1492 2575 1545 munitatem
2621 1491 2888 1563 Anglia,
2937 1495 2994 1545 et
3040 1507 3157 1546 non
3178 1491 3251 1545 de
3307 1492 3692 1562 magnatibus;
3730 1492 3827 1561 quia

2234 1578 2479 1650 quilibet
2506 1596 2711 1635 eorum
2743 1584 2835 1634 est
2863 1596 2972 1649 pro
2995 1596 3104 1634 sua
3133 1582 3372 1650 propria
3396 1595 3635 1651 persona
3653 1580 3711 1633 ad
3729 1595 3829 1649 par-

2232 1667 2593 1737 liamentum,
2621 1670 2677 1722 et
2706 1684 2814 1737 pro
2834 1669 3007 1722 .nulla
3036 1668 3167 1721 alia.

2421 1774 2562 1828 CAP.
2598 1774 2810 1827 XXIV.
2844 1774 2931 1828 De
2954 1774 3287 1844 partitione
3306 1773 3687 1846 parliamenti.

452 1856 711 1950 “amnti
757 1870 875 1909 non
924 1854 1096 1950 {hbe}
1140 1854 1352 1922 ClaUdi’
1400 1853 1658 1950 sedul)?"
1704 1852 2029 1919 omarium’
2065 1853 2121 1905 et
2153 1872 2206 1935 Β
2310 1879 2769 1934 Parliamentum
2790 1880 3088 1949 dispertiri
3111 1896 3228 1934 non
3259 1881 3454 1950 debet,
3473 1879 3813 1934 dummodoali

454 1945 788 1998 servientes
820 1942 981 2013 regis
1012 1942 1086 1995 ad
1116 1957 1279 1995 arma
1312 1941 1619 1995 custodiri.

650 2030 791 2085 CAP.
830 2030 1014 2084 XXII.
1048 2030 1137 2084 De
1168 2030 1526 2084 stationibus
1546 2029 1925 2101 loquentium.

526 2118 743 2172 Omnes
763 2132 942 2188 pares
966 2117 1328 2185 parliamenti
1352 2117 1663 2184 sedebunt,
1693 2120 1748 2171 et
1778 2116 1975 2170 nullus
2008 2118 2123 2169 sta-

453 2206 539 2260 bit
568 2206 689 2275 (Izic
719 2206 889 2261 deest
919 2204 1184 2276 aliqiud).
1231 2245 1244 2258 .
1290 2246 1302 2258 .
1347 2204 1455 2258 sed
1501 2204 1735 2274 quando
1768 2204 2026 2274 loquitur
2066 2205 2123 2256 et

453 2294 746 2365 loquetur,
780 2293 858 2347 ita
886 2293 1043 2363 quod
1076 2292 1322 2362 quilibet
1352 2292 1423 2347 de
1446 2292 1828 2362 parliamento
1852 2308 1985 2346 eum
2015 2307 2121 2345 au-

454 2383 579 2437 dire
634 2382 844 2436 valeat.
905 2381 1119 2436 Nullus
1185 2381 1423 2435 intrabit
1477 2382 1944 2451 parliamentum,
2005 2395 2117 2435 nec

404 2472 609 2545 uexiet
640 2471 712 2525 de
759 2470 1164 2540 parliamento,
1219 2470 1333 2523 nisi
1380 2484 1486 2540 per
1532 2486 1713 2524 unum
1764 2469 2001 2538 ostium,
2060 2471 2117 2523 et

455 2559 925 2631 quandocunque
973 2559 1230 2628 loquitur
1261 2573 1385 2613 rem
1430 2558 1683 2629 aliquam
1726 2574 1858 2629 qua
1890 2557 2116 2611 delibe-

454 2648 571 2702 rari
620 2647 795 2702 debet
839 2663 945 2717 per
990 2647 1454 2717 parliamentum,
1506 2647 1742 2701 stabunt
1792 2661 1998 2701 omnes
2026 2646 2116 2700 lo-

456 2739 705 2807 quentes
739 2751 751 2789 :
785 2751 965 2789 causa
1010 2738 1119 2803 est,
1174 2739 1236 2787 ut
1281 2735 1550 2789 audiatur
1591 2751 1624 2788 a
1658 2734 1923 2806 paribus,
1984 2734 2121 2804 quia

458 2839 665 2879 omnes
693 2839 869 2894 pares
902 2826 1039 2877 sunt
1061 2822 1301 2893 iudices
1333 2827 1389 2876 et
1411 2822 1740 2893 justitiarii.

800 2912 942 2966 CAP.
976 2911 1185 2965 XXIII.
1218 2911 1306 2967 De
1328 2910 1549 2965 auxilio
1572 2911 1767 2987 gregis.

532 3002 660 3058 Rex
689 3018 807 3057 non
838 3001 1067 3056 solebat
1095 3002 1293 3070 petere
1335 2999 1621 3062 auxilium
1668 3000 1739 3053 de
1788 3014 1973 3071 regno
2016 3015 2125 3055 suo

461 3092 579 3147 nisi
610 3108 721 3162 pro
742 3105 958 3163 guerra
992 3090 1266 3159 instante,
1309 3089 1402 3143 vel
1442 3090 1515 3143 ad
1545 3089 1701 3144 filios
1733 3104 1880 3143 suos
1911 3088 2127 3143 milites

456 3180 762 3236 faciendos
785 3180 878 3233 vel
902 3179 1052 3233 ﬁlias
1075 3194 1219 3233 suas
1247 3178 1628 3247 maritandas,
1649 3180 1704 3232 et
1738 3181 1877 3233 tunc
1913 3178 2130 3232 debent

457 3269 805 3341 hujusmodi
834 3269 1051 3324 auxilia
1081 3269 1197 3338 peti
1228 3268 1288 3321 in
1317 3267 1490 3337 pleno
1534 3268 1937 3337 parliamento,
1971 3271 2027 3321 et
2067 3268 2127 3323 in

457 3360 698 3429 scriptis
723 3358 961 3413 cuilibet
982 3357 1195 3428 gradui
1223 3356 1451 3426 parium
1480 3356 1846 3425 parliamenti
1864 3356 2121 3427 liberari,

458 3452 515 3502 et
559 3448 620 3502 in
670 3448 909 3517 scriptis
968 3445 1338 3514 responderi.
1397 3444 1469 3497 Et
1511 3444 1820 3499 sciendum
1868 3446 2025 3515 quod
2073 3446 2127 3500 si

458 3536 803 3607 hujusmodi
866 3534 1083 3589 auxilia
1128 3533 1506 3588 concedenda
1564 3539 1719 3603 sunt,
1780 3538 2007 3604 oportet
2064 3540 2127 3589 ut

458 3641 668 3680 omnes
714 3639 893 3693 pares
944 3622 1313 3693 parliamenti
1358 3623 1748 3677 consentiant.
1802 3623 1873 3677 Et
1914 3624 2124 3678 intelli-

460 3714 720 3785 gendum
750 3716 842 3767 est
872 3712 1025 3783 quod
1047 3712 1159 3765 duo
1184 3711 1399 3765 milites
1429 3712 1531 3782 qui
1560 3713 1801 3767 veniunt
1821 3713 1893 3767 ad
1913 3713 2124 3782 parlia-

458 3807 719 3857 mentum
748 3818 853 3871 pro
887 3801 1181 3870 comitatu,
1229 3800 1514 3872 majorem
1566 3817 1772 3857 vocem
1821 3803 2037 3857 habent
2065 3806 2126 3857 in

457 3892 844 3963 parliamento
876 3892 937 3944 in
967 3890 1345 3945 concedendo
1378 3895 1433 3945 et
1465 3892 1920 3947 contradicendo
1952 3909 2124 3962 quam

459 3980 650 4052 major
672 3996 873 4035 comes
906 3980 1167 4051 Anglia;
1200 3983 1255 4033 et
1285 3981 1491 4035 eodem
1512 3981 1683 4035 modo
1706 3986 2122 4052 procuratores

460 4070 604 4124 cleri
630 4071 805 4124 unius
837 4070 1215 4140 episcOpatus
1259 4070 1783 4141 majorem'vocem
1815 4073 2031 4127 habent
2062 4074 2121 4127 in

456 4160 861 4231 parliamento,
896 4161 948 4213 si
970 4175 1176 4214 omnes
1208 4159 1327 4214 sint
1356 4161 1705 4231 concordes,
1754 4178 1929 4233 quam
1958 4164 2118 4233 epis-

459 4264 645 4320 copus
674 4249 803 4319 ipse
834 4254 890 4303 et
920 4249 1031 4303 hoc
1062 4250 1122 4303 in
1153 4249 1426 4304 omnibus
1459 4267 1591 4322 qua
1633 4268 1739 4321 per
1774 4253 2122 4323 parliamen-

457 4340 581 4391 tum
608 4335 873 4404 concedi,
909 4335 1115 4407 negari
1152 4336 1245 4389 vel
1275 4336 1401 4389 fieri
1435 4337 1670 4392 debent.
1704 4337 1775 4392 Et
1806 4338 1917 4393 hoc
1946 4343 2121 4411 patet,

458 4425 616 4496 quod
646 4440 752 4478 rex
780 4428 976 4494 potest
1003 4429 1201 4478 tenere
1233 4425 1678 4494 parliamentum
1710 4444 1841 4482 cum
1873 4447 2126 4484 commu-

458 4514 636 4567 nitate
667 4513 837 4585 regni
869 4512 963 4565 sui
992 4512 1220 4583 absque
1253 4513 1575 4584 episcopis,
1597 4518 1912 4573 comitibus
1946 4524 2001 4573 et
2026 4520 2127 4574 ba-

460 4603 731 4671 ronibus,
757 4602 1071 4656 dummodo
1113 4604 1304 4656 tamen
1345 4606 1685 4659 summoniti
1731 4607 1848 4660 sint
1878 4609 1949 4662 ad
1989 4626 2127 4678 par-
2156 4591 2215 4657 Β

458 4691 819 4762 liamentum,
852 4691 989 4745 licet
1018 4691 1215 4746 nullus
1246 4694 1586 4764 episcOpus,
1625 4711 1825 4750 comes
1856 4698 1946 4751 vel
1979 4699 2122 4754 baro

460 4781 531 4834 ad
563 4780 1054 4835 summonitiones
1078 4797 1221 4836 suas
1246 4782 1459 4853 veniat;
1480 4785 1616 4854 quia
1647 4786 1783 4839 olim
1797 4802 1905 4841 nec
1936 4787 2124 4844 fuerat

464 4870 804 4941 episc0pué,
848 4886 957 4924 nec
1004 4886 1223 4940 comes,
1267 4887 1376 4925 nec
1434 4873 1596 4940 baro,
1658 4876 1713 4927 et
1751 4875 1943 4930 adhuc
1989 4881 2126 4933 tunc

462 4974 642 5030 reges
689 4962 1005 5013 tenuerunt
1033 4961 1411 5030 parliamenta
1454 4977 1561 5015 sua
1608 4963 1714 5016 sed
1744 4963 1913 5018 aliter
1962 4970 2053 5020 est
2093 4984 2124 5022 e

462 5051 687 5120 contra,
720 5049 855 5103 licet
888 5050 1358 5117 communitates,
1407 5049 1549 5104 cieri
1592 5054 1649 5106 et
1684 5052 1819 5106 laici
1861 5070 2125 5111 summo-

462 5136 566 5189 niti
597 5142 801 5192 essent
831 5139 902 5192 ad
934 5140 1404 5209 parliamentum,
1440 5141 1593 5194 sicut
1627 5141 1698 5195 de
1723 5142 1859 5214 jure
1889 5144 2124 5216 debent,

463 5227 519 5278 et
548 5229 789 5296 propter
819 5228 1048 5300 aliquas
1081 5245 1295 5284 causas
1315 5228 1516 5283 venire
1540 5230 1779 5301 nollent,
1802 5236 1863 5287 ut
1892 5234 1946 5288 si
1977 5252 2126 5303 pra-

2234 1985 2347 2040 qua
2378 1969 2578 2038 petitio
2606 1969 2860 2039 pendeat
2889 1968 3251 2037 indiscussa,
3278 1969 3375 2022 vel
3404 1968 3476 2022 ad
3506 1969 3679 2021 minus
3704 1972 3817 2021 ante-

2237 2074 2414 2130 quam
2444 2072 2562 2111 non
2595 2059 2672 2110 sit
2702 2057 3083 2111 determinata
3108 2058 3446 2126 responsio,
3478 2060 3530 2109 et
3554 2056 3604 2109 si
3630 2071 3715 2109 rex
3738 2072 3833 2109 con-

2239 2147 2483 2201 trarium
2528 2144 2843 2215 permittat,
2877 2147 3156 2216 periurus
3205 2148 3319 2199 est.
3369 2144 3574 2199 Nullus
3613 2144 3751 2197 solus
3784 2143 3832 2196 de

2239 2234 2484 2306 paribus
2515 2233 2880 2302 parliamenti
2910 2233 3193 2288 recedere
3241 2237 3460 2302 potest,
3492 2248 3596 2286 nec
3622 2232 3762 2285 debet
3784 2230 3833 2284 de

2240 2322 2625 2393 parliamento
2658 2321 2959 2391 recedere,
2994 2321 3106 2374 nisi
3139 2320 3378 2375 obtenta
3409 2321 3539 2375 inde
3568 2320 3764 2374 licentia
3785 2318 3834 2371 de

2243 2427 2385 2482 rege
2415 2415 2471 2464 et
2502 2409 2777 2464 omnibus
2807 2409 2937 2463 suis
2958 2410 3222 2479 paribus,
3256 2414 3315 2463 et
3346 2410 3459 2464 hoc
3489 2410 3545 2464 in
3573 2408 3835 2479 plenopar-

2242 2500 2540 2568 liamento,
2574 2502 2630 2553 et
2660 2498 2815 2568 quod
2847 2498 2919 2551 de
2949 2497 3295 2568 hujusmodi
3326 2498 3554 2552 licentia
3581 2498 3668 2551 ﬁat
3694 2510 3836 2549 reme-

2242 2590 2490 2643 moratio
2521 2588 2580 2641 in
2602 2586 2793 2640 rotulo
2821 2579 3208 2655 parliamenti.
3233 2585 3307 2640 Et
3334 2586 3390 2641 si
3408 2586 3612 2657 aliquis
3632 2585 3693 2639 de
3718 2583 3836 2654 pari-

2242 2676 2357 2731 bus
2390 2676 2636 2729 durante
2672 2674 3051 2745 parliamento
3092 2674 3497 2744 infirmaverit,
3542 2676 3611 2727 ita
3640 2673 3767 2744 quod
3787 2670 3838 2724 ad

2244 2765 2690 2835 parliamentum
2719 2764 2923 2817 venire
2953 2779 3071 2817 non
3099 2763 3311 2832 valeat,
3347 2769 3483 2818 tunc
3516 2779 3615 2832 per
3637 2761 3838 2815 triduum

2243 2853 2416 2907 mittit
2436 2855 2823 2906 excusatores
2845 2852 2917 2906 ad
2946 2852 3428 2922 parliamentum;
3461 2868 3570 2923 qua
3598 2852 3680 2904 die
3697 2850 3838 2903 sinon

2241 2928 2490 3009 venerit,
2511 2944 2818 2995 mittuntur
2846 2940 2898 2994 ei
2929 2941 3044 2995 duo
3076 2941 3147 2995 de
3181 2942 3431 3011 paribus
3460 2941 3583 2995 suis
3603 2938 3667 2993 ad
3684 2938 3838 2990 viden-

2242 3031 2374 3085 dam
2404 3034 2457 3084 et
2484 3029 2914 3084 testiﬁcandam
2947 3029 3290 3101 hujusmodi
3322 3030 3714 3095 inﬁrmitatem;
3739 3031 3781 3079 et
3802 3025 3840 3077 si

2243 3120 2321 3173 sit
2350 3120 2637 3189 suspicio,
2676 3119 2880 3190 jurent
2923 3118 3008 3172 illi
3046 3119 3160 3173 duo
3190 3134 3371 3189 pares
3403 3118 3553 3189 quod
3596 3114 3839 3170 veritatem

2165 3209 2376 3296 cinde
2420 3210 2645 3273 dicent;
2701 3212 2756 3262 et
2805 3210 2859 3262 si
2898 3208 3291 3277 comporiatur
3321 3208 3479 3278 quod
3521 3208 3738 3296 tinxerat
3775 3217 3836 3296 se,

2243 3298 2658 3352 amerciabitur
2680 3302 2953 3367 tanquam
2984 3312 3091 3366 pro
3111 3296 3347 3366 defalta,
3370 3300 3426 3351 et
3441 3296 3490 3350 si
3512 3311 3620 3349 non
3648 3292 3839 3346 ﬁnxerat

2245 3402 2331 3456 se,
2356 3389 2604 3440 attornet
2628 3386 2881 3456 aliquem
2903 3386 3296 3440 sufﬁcientem
3319 3402 3518 3441 coram
3538 3386 3620 3438 eis
3637 3382 3698 3437 ad
3712 3382 3840 3433 inter-

2245 3476 2566 3531 essendum
2594 3476 2666 3529 ad
2694 3475 3142 3545 parliamentum
3182 3490 3285 3544 pro
3320 3490 3410 3544 se,
3443 3488 3548 3529 nec
3576 3484 3737 3526 sanus
3761 3482 3838 3520 ex-

2246 3565 2444 3620 cusari
2472 3567 2685 3634 potest,
2722 3564 2774 3617 si
2804 3564 2882 3618 sit
2914 3579 3075 3617 sana
3109 3565 3432 3619 memoria.

2315 3652 2637 3721 Departitio
2668 3651 3035 3721 parliamenti
3063 3651 3142 3704 ita
3174 3652 3385 3705 usitari
3418 3651 3616 3705 debet:
3639 3646 3839 3717 punctus

2243 3743 2360 3813 peti
2391 3741 2566 3796 debet
2594 3745 2649 3795 et
2676 3740 2910 3810 publice
2940 3740 3290 3809 proclamari
3324 3741 3386 3794 in
3416 3738 3777 3809 parliamento,
3800 3736 3839 3784 et

2243 3830 2396 3886 infra
2425 3831 2703 3901 palatium
2732 3830 3138 3900 parliamenti;
3180 3830 3235 3883 si
3263 3830 3345 3883 sit
3388 3828 3595 3899 aliquis
3623 3826 3710 3897 qui
3734 3821 3842 3892 peli-

2240 3922 2459 3976 tionem
2480 3921 2821 3974 liberaverit
2836 3919 2907 3973 ad
2931 3920 3400 3989 parliamentum,
3426 3920 3517 3973 cui
3538 3915 3768 3987 nondum.
3785 3909 3841 3963 sit

2241 4025 2620 4080 responsum;
2649 4010 2806 4080 quod
2836 4009 2890 4063 si
2911 4008 3108 4062 nullus
3140 4008 3437 4079 reclamet,
3455 4000 3839 4077 supponendnm

2243 4105 2334 4155 est
2363 4100 2523 4170 quod
2551 4098 2791 4153 cuilibet
2817 4098 3205 4167 medetur,vel
3237 4098 3446 4153 saltem
3478 4097 3739 4168 quatenus
3761 4102 3841 4160 po-

2194 4193 2358 4263 .test
2389 4191 2460 4244 de
2481 4189 2623 4260 jure
2658 4189 3070 4258 respondetur,
3103 4192 3159 4243 et
3200 4193 3340 4244 tunc
3371 4191 3573 4259 primo,
3622 4182 3841 4238 videlicet

2243 4297 2376 4335 cum
2406 4279 2604 4334 nullus
2635 4279 2734 4349 qui
2764 4277 3103 4348 petitionem
3130 4294 3297 4333 suam
3331 4294 3402 4333 ea
3436 4278 3559 4332 vice
3581 4269 3840 4335 exibuerit,

2242 4375 2519 4429 reclamet
2547 4372 2992 4442 parliamentum
3022 4372 3287 4425 vestrum
3315 4368 3739 4424 licentiabimus.

2276 4481 2417 4535 CAP.
2432 4481 2620 4535 XXV.
2643 4480 2730 4536 De
2754 4478 3141 4549 transcriptis
3159 4478 3540 4532 recordarum
3556 4476 3614 4528 in
3627 4468 3814 4544 parlia-

2961 4574 3176 4623 mento.

2312 4695 2521 4750 Clerici
2545 4693 2911 4767 parliamenti
2931 4709 3048 4748 non
3071 4692 3370 4764 negabunt
3404 4691 3659 4761 cuiquam
3690 4686 3840 4767 transf

2246 4790 2494 4859 criptum
2510 4766 2835 4857 processus
2867 4784 2980 4852 sui,
3014 4782 3119 4837 sed
3150 4782 3482 4836 liberabunt
3508 4775 3641 4831 illud
3667 4766 3837 4859 culibel

2243 4856 2351 4949 qui
2365 4877 2505 4930 illud
2526 4856 2758 4945 petierit
2774 4888 2789 4941 ;
2804 4875 2860 4927 et
2881 4872 3110 4943 capient
3127 4886 3363 4940 semper
3382 4886 3485 4940 pro
3502 4868 3687 4921 decem
3702 4856 3834 4949 lineis

2242 4948 2425 5022 unum
2447 4964 2771 5033 denarium,
2792 4962 2907 5017 nisi
2934 4962 3083 5016 forte
3113 4960 3265 5014 facta
3295 4960 3405 5013 fide
3435 4959 3503 5011 de
3534 4948 3834 5023 impotentia,

2244 5058 2305 5111 in
2327 5072 2442 5128 quo
2461 5070 2604 5110 casu
2621 5053 2764 5107 nihil
2784 5052 3031 5121 capient.
3051 5049 3246 5105 Rotuli
3265 5049 3335 5103 de
3350 5044 3705 5118 parliamento
3725 5050 3835 5091 con-

2234 5146 2504 5203 tinebunt
2524 5145 2583 5197 in
2600 5140 2902 5196 latitudine
2934 5139 3138 5193 decem
3153 5138 3416 5209 pollices.
3440 5130 3832 5188 Parliamentum

2234 5235 2529 5292 tenebitur
2558 5234 2619 5286 in
2651 5246 2765 5301 quo
2795 5229 2925 5284 loco
2954 5229 3125 5300 regni
3156 5227 3284 5299 regi
3313 5222 3604 5297 placuerit.

1815 5549 2542 5616 w
