4048 6164
287 335 434 400 1349

1735 343 2238 444 DIPLOMATA

3518 359 3546 420 1
3557 360 3672 424 350

254 515 3640 564 m

737 667 1559 800 WILLELMI
1625 673 2598 809 NORMANNIZE
2668 680 3122 810 DUClS

1327 928 1866 992 POSTMODUM
1911 931 2077 992 ANG
2091 932 2254 992 LI/E
2300 933 2547 994 REGIS

346 1069 1060 1186 CONCIOAD
1118 1072 1938 1188 EXEBCITUM
1991 1076 2370 1191 SUUM
2423 1075 2806 1190 ANTE
2850 1080 3501 1196 PBAELIUM

869 1303 1134 1372 (Henric.
1167 1303 1550 1372 HUNTENDON,
1585 1304 1682 1358 lib.
1722 1322 1798 1371 v1,
1832 1321 1968 1376 pag.
2001 1303 2125 1375 210,
2162 1306 2218 1359 in
2251 1307 2394 1362 Her.
2425 1307 2604 1378 Angl.
2638 1307 2886 1380 Script.)

1681 1483 2117 1492 -—————___.

279 1618 408 1673 Vos
441 1618 714 1688 alloquor
743 1619 1088 1686 Normanni,
1125 1619 1384 1690 gentium
1419 1618 1873 1688 fortissimi,n0n
1901 1618 1952 1670 A
1979 1618 2176 1672 bolum
2211 1621 2600 1689 corporaliter
2643 1622 2988 1691 colluctans,
3034 1629 3088 1677 et
3111 1627 3540 1698 prosternensJ
3570 1629 3643 1681 li-

209 1708 372 1778 quasi
406 1712 620 1760 vestrae
653 1708 962 1776 probitatis
996 1708 1283 1778 incertus,
1317 1724 1434 1762 non
1471 1708 1645 1778 quasi
1676 1709 1746 1762 de
1778 1709 1867 1761 vi-

1978 1723 2250 1778 gansque
2277 1724 2486 1762 manus
2511 1709 2642 1779 ejus
2656 1715 2786 1779 post
2813 1714 2979 1782 terga
3004 1715 3435 1785 confusumque
3454 1717 3640 1770 victor

209 1797 386 1850 ctoria
416 1813 531 1850 non
562 1811 834 1862 securus;
870 1813 1000 1866 quae
1035 1812 1334 1866 nunquam
1367 1812 1509 1850 casu
1542 1797 1738 1867 aliquo
1774 1798 1868 1850 vel
1977 1797 2305 1867 Anglorum
2337 1798 2624 1868 reliquit?
2656 1799 2767 1852 Sed
2793 1801 2930 1869 quid
2949 1803 3143 1870 prisca
3175 1819 3349 1858 narro
3371 1807 3398 1858 ?
3432 1806 3638 1859 Nonne

208 1886 620 1955 impedimento
652 1902 682 1938 a
706 1886 879 1940 vobis
912 1886 1163 1940 evadere
1185 1886 1390 1954 potuit.
1410 1884 1573 1949 Quod
1599 1887 1650 1939 si
1683 1887 1865 1940 semel

205 1989 312 2028 non
330 1975 571 2027 vincere
591 1974 961 2043 potuissetis,
988 1974 1333 2028 exhortandi
1351 1973 1597 2027 forsitan
1622 1976 1860 2039 essetis,

207 2067 261 2116 ut
282 2062 550 2133 probitas
571 2066 769 2116 vestra
787 2063 1185 2132 praeradiaret.
1210 2061 1373 2126 Quod
1396 2065 1591 2116 autem
1606 2065 1864 2115 nativum

207 2152 375 2206 vobis
411 2157 519 2215 est,
554 2156 608 2204 ct
633 2152 804 2222 quasi
824 2152 1250 2219 necessarium,
1277 2151 1862 2222 quaindigetexhor-

203 2241 458 2294 tatione?
487 2239 533 2293 Ο
563 2239 893 2293 mortalium
941 2239 1330 2307 validissimi,
1364 2241 1501 2310 quid
1533 2242 1717 2308 potuit
1760 2255 1862 2293 rex

205 2327 564 2382 Francorum
580 2329 752 2382 bellis
766 2329 1053 2398 proﬁcere
1067 2345 1199 2382 cum
1219 2329 1375 2382 omni
1390 2332 1564 2399 gente
1579 2345 1711 2399 quae
1726 2332 1865 2382 sunt

200 2432 229 2469 a
247 2417 591 2488 Lotaringia
614 2417 889 2488 usquead
905 2417 1250 2486 Hispaniam
1270 2423 1470 2470 contra
1490 2418 1742 2488 Hasting
1763 2433 1860 2470 an-

200 2509 564 2560 tecessorem
599 2509 868 2560 nostrum
890 2507 917 2559 ἱ)
947 2504 1055 2568 Qui
1083 2508 1360 2575 quantum
1385 2506 1566 2559 voluit
1597 2505 1862 2558 Francius

205 2596 312 2649 sibi
345 2595 698 2666 acquisivit;
728 2599 1006 2664 quantum
1024 2594 1209 2648 voluit
1237 2595 1652 2665 regipermisit
1677 2610 1690 2662 ;
1724 2594 1862 2648 dum

197 2685 431 2753 placuit,
468 2685 686 2749 tenuit;
722 2684 858 2737 dum
891 2685 1138 2737 satiatus
1179 2687 1272 2736 est
1303 2684 1372 2736 ad
1405 2685 1631 2754 majora
1677 2683 1860 2736 anhe-

198 2773 343 2838 lans,
385 2773 640 2843 reliquit.
671 2771 879 2826 Nonne
912 2774 1039 2827 ilou
1067 2775 1232 2842 pater
1261 2788 1450 2840 meus,
1485 2773 1603 2826 dux
1633 2773 1859 2842 primus

1972 1885 2145 1938 vobis
2178 1887 2703 1955 congredientibus
2738 1889 2794 1940 in
2826 1904 2894 1942 eo
2925 1893 3186 1959 tempore
3231 1893 3382 1960 apud
3419 1893 3638 1947 Morte-

1972 1988 2116 2040 mcr,
2153 1973 2386 2042 Franci,
2421 1977 2760 2044 praecipites
2793 1994 3174 2046 praeposuere
3208 1979 3408 2050 fugam
3441 1982 3633 2049 bellis,

1972 2061 2221 2114 calcaria
2247 2063 2432 2115 telis?
2481 2064 2601 2118 Vos
2634 2070 2846 2133 autem,
2913 2067 3163 2120 liadult‘o
3199 2084 3429 2123 summo
3487 2071 3636 2124 duce

1972 2148 2337 2202 Francorum
2371 2152 2702 2221 interfecto,
2739 2153 2888 2206 fama
2932 2156 3259 2225 spoliisque
3289 2158 3648 2226 potiti,natu-

1970 2239 2091 2291 rale
2122 2240 2339 2292 bonum
2378 2240 2551 2294 solita
2584 2243 2945 2295 necessitate
2962 2245 3220 2296 tenuisti.
3246 2244 3346 2297 Eia
3364 2248 3644 2314 procedat

1970 2327 2183 2396 aliquis
2204 2329 2553 2398 Anglorum,
2579 2346 2728 2398 quos
2744 2331 2966 2384 centies
3001 2337 3418 2386 antecessores
3452 2337 3638 2390 nostri

1969 2419 2024 2468 et
2040 2416 2177 2469 Daci
2201 2419 2256 2469 et
2271 2416 2718 2487 Norwagences
2737 2419 2912 2472 bellis
2930 2420 3224 2474 vicerunt:
3249 2421 3640 2476 demonstret-

1967 2519 2081 2573 que
2111 2509 2347 2575 gentem
2383 2506 2508 2559 Rou
2529 2522 2603 2559 ex
2622 2505 2755 2576 ejus
2773 2511 3032 2576 tempore
3065 2525 3258 2579 usque
3276 2527 3430 2564 nunc
3451 2513 3636 2566 semel

1969 2593 2189 2646 militiae
2234 2593 2546 2664 naufragia
2605 2611 2958 2665 perpessum
2993 2613 3152 2665 esse,
3188 2601 3242 2651 et
3274 2615 3386 2670 ego
3444 2601 3637 2655 victus

1970 2681 2266 2736 obscedo?
2283 2683 2490 2736 Nonne
2510 2683 2691 2754 igitur
2708 2685 2915 2754 pudori
2936 2686 3107 2740 vobis
3123 2691 3215 2740 est
3233 2693 3468 2758 gentem
3481 2690 3640 2743 vinci

1970 2770 2230 2839 solitam,
2265 2774 2499 2842 gentem
2532 2772 2667 2825 belli
2723 2789 2978 2844 cassam,
3016 2779 3250 2846 gentem
3308 2793 3415 2831 nec
3466 2779 3639 2832 etiam

197 2865 248 2914 et
279 2865 489 2915 auctor
518 2864 738 2915 nostrae
770 2862 966 2932 gentis
985 2877 1117 2914 cum
1136 2861 1636 2930 patribusnostris
1656 2876 1857 2932 regem
1896 2855 1940 2908 Β
1967 2860 2216 2930 sagittas
2248 2860 2578 2928 habentem,
2633 2867 2833 2916 contra
2863 2879 2994 2930 vos,
3029 2880 3062 2917 o
3096 2864 3426 2931 fortissimi,
3461 2868 3632 2937 quasi

196 2949 563 3004 Francorum
593 2950 860 3006 Parisius
883 2950 942 3004 in
975 2949 1166 3003 medio
1198 2951 1366 3020 regni
1388 2949 1653 3004 suibello
1676 2949 1860 3003 vicit?

192 3055 296 3093 nec
331 3037 702 3092 Francorum
733 3054 853 3092 rex-
875 3040 1061 3108 potuit
1083 3053 1325 3108 sperare
1359 3038 1628 3107 salutem,
1653 3039 1769 3091 nisi
1803 3042 1860 3092 et

193 3127 375 3182 ﬁliam
407 3143 595 3194 suam,
631 3131 687 3182 et
733 3133 949 3181 terram
981 3143 1113 3197 quae
1164 3143 1238 3181 ex
1269 3127 1439 3181 vobis
1499 3127 1857 3182 Normannia

192 3220 458 3284 vocatur,
493 3216 748 3286 supplex
787 3216 1149 3270 obtulisset?
1185 3215 1393 3271 Nonne
1424 3218 1622 3284 patres
1677 3217 1857 3270 vestri

188 3322 395 3377 regem
417 3304 777 3359 Francorum
796 3305 855 3358 in
879 3305 1247 3375 Hothomago
1271 3308 1638 3374 ceperunt,et
1656 3311 1858 3360 tenue-

187 3401 320 3450 runt
367 3395 556 3449 donec
582 3385 883 3447 Richardo
915 3409 1100 3463 puero
1131 3394 1266 3447 duci
1327 3397 1525 3447 vestro
1559 3394 1854 3448 Norman-

188 3485 344 3538 niam
378 3484 650 3547 reddidit,
689 3499 758 3537 eo
790 3487 960 3553 pacto
991 3483 1167 3553 quod,
1195 3484 1254 3536 in
1285 3483 1442 3536 omni
1465 3483 1852 3538 collocutione

185 3575 353 3644 regis
389 3573 657 3626 Francia:
688 3577 743 3626 et
770 3572 939 3626 ducis
974 3572 1372 3639 Normanniaa,
1393 3573 1588 3644 gladio
1622 3573 1742 3626 dux
1758 3589 1852 3626 ac-

185 3664 552 3734 cingeretur,
588 3676 793 3732 regem
849 3677 995 3714 vero
1041 3676 1149 3714 nec
1208 3661 1468 3731 gladium
1520 3677 1630 3716 nec
1679 3663 1851 3716 etiam

185 3751 492 3805 cultellum
508 3751 665 3804 ferre
696 3751 946 3804 liceret?
973 3750 1139 3803 Hanc
1172 3754 1452 3804 aeternam
1486 3750 1852 3804 sanctionem

180 3846 390 3910 patres
408 3840 593 3894 vestri
609 3841 736 3910 regi
751 3855 965 3910 magno
984 3842 1267 3909 cogentes
1283 3838 1850 3893 statuer'unt.Nonnc

183 3929 340 3983 idem
368 3929 486 3982 dux
504 3933 700 3998 patres
725 3932 960 3982 vestros
980 3945 1168 3999 usque
1184 3929 1252 3980 ad
1275 3927 1656 3981 Mirmandam
1682 3927 1852 3997 juxta

179 4019 372 4088 Alpes
404 4019 661 4086 adduxit,
696 4022 750 4072 et.
799 4019 969 4072 urbis
1006 4019 1234 4086 ducem,
1289 4033 1574 4088 generum
1623 4017 1854 4071 scilicet

181 4123 385 4174 suum,
423 4123 662 4176 sponsaa
695 4123 821 4161 suae
851 4107 1129 4177 praelians
1161 4123 1367 4175 parere
1401 4107 1638 4178 coegit?
1679 4105 1749 4158 Et
1778 4122 1850 4160 ne

179 4212 397 4266 parum
422 4198 501 4249 sit
531 4197 702 4251 vobis
735 4197 1006 4251 homines
1038 4197 1280 4266 vicisse,
1313 4196 1453 4249 vicit
1474 4199 1531 4250 et
1559 4196 1688 4265 ipse
1722 4195 1848 4248 dia-

1281 4367 1590 4374 ——————

425 4503 1610 4646 WILLELMI
1695 4382 3601 4686 conguas'ron—Ir

1966 2948 2120 3002 bcllo
2153 2948 2477 3002 ordinatam
2509 2951 2834 3018 procedere
2857 2954 2884 3005 ?
2917 2952 3124 3007 Nonne
3160 2955 3329 3008 vobis
3347 2955 3524 3024 pudet
3543 2972 3634 3009 re-

1965 3052 2100 3108 gem
2139 3037 2455 3090 l-leraldnm
2477 3043 2677 3092 contra
2712 3055 2802 3093 me
2834 3040 2889 3092 in
2916 3043 3232 3110 praesentia
3263 3044 3445 3096 vestri
3495 3060 3634 3113 per-

1955 3125 2161 3196 jurum
2194 3126 2402 3180 faciem
2436 3143 2605 3180 suam
2637 3128 2810 3182 vobis
2831 3130 3153 3184 ostendere
3185 3147 3394 3185 ausum
3415 3132 3638 3186 fuisse?

1963 3215 2105 3268 Mihi
2131 3219 2325 3270 tamen
2356 3218 2586 3285 stupori
2610 3221 2702 3271 est
2723 3220 2880 3288 quod
2915 3235 3020 3273 eos
3053 3221 3153 3290 qui
3188 3224 3466 3288 parentes
3489 3237 3631 3274 ves-

1961 3309 2085 3358 tros
2108 3321 2240 3358 cum
2273 3305 2513 3359 Alfredo
2548 3311 2798 3377 cognato
2832 3323 2961 3362 meo
2999 3309 3329 3378 proditione
3379 3309 3631 3364 nefanda

1961 3394 2442 3464 excapitaverunt
2463 3396 2652 3448 oculis
2667 3397 2886 3449 vestris
2912 3397 3242 3466 vidistis,et
3259 3413 3464 3452 eorum
3479 3400 3634 3468 capi-

1959 3488 2015 3536 ta
2035 3483 2226 3537 adhuc
2257 3483 2522 3537 humeris
2555 3500 2757 3538 eorum
2777 3490 3120 3554 supersunt.
3147 3485 3367 3557 Erigite
3391 3487 3628 3556 vexilla,

1955 3573 2068 3625 viri
2099 3590 2109 3626 :
2141 3588 2249 3626 nec
2268 3573 2343 3626 sit
2361 3572 2464 3626 irae
2482 3574 2813 3642 promeritae
2833 3574 3042 3628 modus
3065 3575 3158 3629 vel
3178 3574 3483 3629 modestia.
3538 3576 3626 3629 Ab

1957 3661 2192 3714 Oriente
2242 3661 2312 3713 ad
2373 3661 2750 3716 Occidentem
2815 3663 3081 3716 videatur
3140 3663 3359 3718 fulmen
3419 3664 3628 3735 glorise

1958 3755 2200 3817 vestrae,
2235 3751 2506 3803 audiatur
2530 3751 2847 3804 tonitruum
2884 3752 3138 3820 impetus
3181 3753 3388 3821 vestri,
3428 3753 3626 3806 vindi-

1959 3855 2177 3908 cesque
2208 3839 2666 3909 generosissimi
2699 3840 3041 3910 sanguinis.

2029 3928 2304 3981 Nundum
2336 3943 2512 3997 peror
2541 3934 2740 3981 averat
2773 3930 2892 3981 dux
2927 3929 3504 3998 Willelmus,omnes
3539 3932 3625 3985 ira

1959 4019 2194 4070 accensi
2230 4017 2379 4070 ultra
2412 4032 2585 4087 quam
2638 4017 2798 4069 credi
2830 4021 3043 4084 potest,
3080 4019 3406 4072 secundum
3460 4021 3622 4074 acies

1960 4122 2103 4160 suas
2137 4106 2354 4175 impetu
2385 4104 2660 4157 ineffabili
2696 4105 3081 4174 provolabant
3110 4106 3166 4158 in
3225 4106 3476 4175 hostem,
3511 4109 3621 4162 du-

1961 4210 2205 4264 cemque
2230 4194 2351 4266 jagn
2387 4193 2498 4248 sibi
2532 4193 2645 4247 soli
2678 4194 3013 4264 loquentem
3045 4194 3472 4263 relinquebant.

1485 4685 2408 4884 DIPLOMATA
3329 4761 3332 4766 -

1006 5064 1027 5116 Ι

469 5154 589 5208 Pro
620 5154 837 5208 eclesia
872 5153 933 5208 S.
969 5153 1233 5207 Andreae
1264 5151 1553 5207 Rolfensi.

565 5243 960 5313 (Monasticon
990 5243 1226 5312 Anglic.
1262 5242 1312 5296 'l.
1348 5243 1460 5311 “29.)

247 5329 614 5386 WILLELMUS
647 5347 750 5385 rex
781 5331 1127 5403 Anglorum,
1191 5331 1480 5386 VValtcrio
1514 5330 1843 5384 vicecomiti

165 5425 227 5474 et
261 5421 544 5475 omnibus
584 5421 908 5474 baronibus
940 5421 1088 5490 suis,
1127 5419 1512 5491 Francigenis
1547 5423 1601 5473 et
1631 5419 1842 5491 Anglis

163 5509 241 5564 de
277 5510 559 5564 comitatu
580 5509 651 5563 de
682 5509 988 5564 Glocestre
1021 5509 1288 5566 salutem.

240 5598 468 5653 Sciatis
497 5614 589 5653 me
625 5599 866 5654 dedisse
897 5600 1170 5654 ecclesiae
1201 5598 1398 5653 Sancti
1458 5598 1713 5652 Andreae
1771 5598 1842 5652 de

166 5689 561 5765 Bovecestra
573 5692 629 5746 et
643 5688 925 5763 episcopo
941 5688 1240 5747 Gundulfo
1255 5687 1584 5746 manerium
1596 5687 1839 5761 Estona,

1949 5064 2066 5133 qod
2099 5062 2206 5116 fuit
2233 5062 2414 5116 Godaa
2447 5063 2788 5131 comitissae,
2824 5067 2878 5117 et
2909 5059 3191 5133 quidquid
3222 5061 3292 5116 ad
3315 5061 3457 5117 illud
3477 5079 3614 5133 per-

1948 5152 2112 5218 tinet,
2147 5153 2223 5204 ita
2272 5152 2525 5205 solidum
2567 5157 2622 5205 et
2649 5152 2897 5204 liberum
2921 5156 2975 5205 et
3005 5151 3264 5220 quietum
3301 5153 3454 5206 sicut
3486 5153 3614 5222 ipsa

1955 5241 2259 5294 comitissa
2291 5241 2493 5294 habuit
2522 5241 2661 5293 illud
2697 5255 2951 5309 unquam
2983 5240 3214 5308 melius,
3247 5241 3468 5294 etsicut
3501 5257 3613 5312 ego

1954 5330 2081 5399 ipse
2112 5330 2284 5383 etiam
2309 5329 2449 5382 illud
2484 5329 2660 5382 habui
2700 5329 2758 5381 in
2792 5345 2920 5382 meo
2948 5329 3228 5399 dominio,
3262 5346 3395 5383 cum
3427 5331 3603 5384 omni--

1949 5421 2063 5472 bus
2096 5417 2771 5487 consuetudinibusquw
2806 5417 3052 5489 Anglice
3070 5418 3574 5472 nominanturSoc

1948 5511 2004 5563 et
2034 5509 2202 5578 Saca,
2237 5507 2384 5562 Toln
2417 5510 2474 5560 et
2509 5507 2706 5576 _Team
2750 5508 2805 5560 et
2839 5505 3348 5578 lnfangenetheof.
3384 5507 3454 5562 Et
3497 5508 3596 5562 hOt

1947 5598 2100 5652 facio
2133 5614 2238 5668 pro
2269 5596 2460 5650 anima
2509 5595 2693 5666 patris
2727 5595 2841 5650 mei
2871 5601 2926 5651 et
2969 5596 3176 5650 matris
3210 5612 3356 5650 meae
3387 5599 3443 5649 et
3502 5609 3609 5664 pro

1946 5692 2140 5745 anima
2169 5701 2318 5744 mea.
2350 5684 2712 5744 Testimonio
2746 5685 3062 5744 Walcelini
3097 5685 3360 5758 episcopi
3382 5683 3613 5741 Winto-
