4048 6164
270 387 424 451 1357

1700 383 2220 449 DIPLOMATA.

3536 376 3693 441 1358

248 587 519 641 omnibus
549 591 665 641 tam
688 586 945 657 posteris
968 602 1141 657 quam
1162 584 1577 654 praesentibus,
1612 584 1905 655 archiepi-
1935 570 1995 633 λ
2024 585 2508 657 infangenetheof
2533 589 2587 638 et
2616 585 2895 654 Warpeni
2918 581 3282 655 ethcstagiis
3307 584 3682 640 ethamlocne

247 678 468 745 scepis,
503 676 823 746 episcopis,
844 673 1532 763 abt)atibus,.comitibus,
1557 674 1906 742 baronibus,

247 768 300 818 et
332 765 607 817 omnibus
652 764 924 818 fidelibus
958 762 1203 816 Francis
1234 766 1289 816 et
1330 762 1573 833 Anglis:
1605 762 1909 831 quodcum

244 852 303 905 in
347 852 622 921 Angliam
656 852 956 905 venissem
1006 854 1060 903 et
1106 852 1163 903 in
1212 850 1429 903 finibus
1467 849 1740 920 Hastingi
1776 865 1908 902 cum

247 941 511 993 exercitu
529 941 948 1009 applicuissem
967 942 1168 991 contra
1204 939 1409 992 hostes
1441 954 1605 991 meos
1637 939 1735 1007 qui
1768 937 1905 990 mihi

245 1044 495 1098 regnum
528 1027 761 1099 Angliae
785 1027 1003 1097 injuste
1019 1028 1380 1081 conabantur
1412 1026 1668 1092 auferre,
1690 1027 1744 1080 in
1774 1041 1904 1095 pro-

247 1116 441 1169 cinctu
473 1115 612 1169 belli
636 1116 760 1186 jam
791 1120 1051 1169 armatus
1080 1131 1281 1169 coram
1312 1116 1635 1169 baronibus
1666 1118 1723 1167 et
1752 1114 1904 1166 mili-

247 1204 406 1257 tibus
438 1205 586 1257 meis
618 1220 749 1258 cum
783 1204 982 1258 favore
1032 1204 1312 1271 omnium,
1346 1203 1418 1257 ad
1477 1218 1681 1256 eorum
1730 1202 1905 1256 corda

247 1293 576 1348 roboranda
600 1296 797 1346 votum
845 1294 980 1360 feci,
1016 1292 1332 1346 ecclesiam
1356 1292 1667 1362 quamdam
1698 1292 1770 1344 ad
1802 1291 1911 1344 ho-

245 1397 451 1435 norem
498 1381 603 1433 Dei
633 1385 978 1435 construere
1008 1396 1115 1449 pro
1147 1380 1440 1434 communi
1477 1381 1686 1448 salute,
1722 1378 1773 1432 si
1806 1393 1912 1447 per

250 1470 355 1522 Dei
387 1470 635 1540 gratiam
681 1470 944 1523 obtinere
991 1484 1313 1538 possumus
1345 1468 1670 1522 victoriam.
1721 1464 1905 1530 Quam

249 1575 382 1612 cum
408 1572 683 1611 essemus
713 1557 926 1626 adepti,
960 1560 1158 1611 votum
1194 1557 1313 1610 Deo
1346 1556 1606 1625 solvens,
1638 1556 1695 1609 in
1731 1556 1906 1610 hono-

250 1662 373 1700 rem
405 1649 626 1699 sanctm
658 1646 959 1699 Trinitatis
1001 1648 1056 1699 et
1093 1645 1247 1698 beati
1280 1645 1507 1698 Martini
1541 1643 1910 1699 confessoris

248 1735 489 1801 Christi,
524 1735 834 1788 ecclesiam
852 1735 1157 1788 construxi
1190 1749 1296 1803 pro
1318 1734 1505 1786 salute
1526 1733 1736 1786 animae
1766 1747 1913 1785 meae

243 1828 300 1878 et
330 1823 733 1877 antecessoris
784 1824 899 1876 mei
952 1824 1116 1893 regis
1150 1822 1427 1875 Edwardi
1452 1826 1506 1874 et
1538 1821 1743 1874 uxoris
1768 1835 1913 1874 mem

249 1913 548 1966 Mathildis
580 1912 803 1983 reginae
835 1916 889 1965 et
922 1927 1344 1965 successorum
1360 1926 1624 1964 meorum
1651 1910 1705 1962 in
1729 1923 1914 1979 regno
1947 1939 2002 2004 Β

251 2006 308 2055 et
341 2016 448 2069 pro
507 2000 697 2053 salute
759 2001 1016 2054 omnium
1050 2015 1300 2070 quorum
1359 1999 1560 2052 labore
1592 2001 1649 2051 ct
1699 1997 1916 2051 auxilio

254 2105 507 2160 regnum
537 2089 781 2158 obtinui,
814 2089 1118 2143 etillorum
1133 2089 1383 2142 maxime
1402 2088 1503 2158 qui
1528 2088 1582 2139 in
1613 2088 1743 2157 ipso
1762 2086 1916 2140 bello

251 2178 677 2232 accubuerunt.
705 2177 774 2231 Et
805 2178 941 2247 quia
972 2178 1031 2230 in
1056 2176 1168 2230 hoc
1189 2177 1321 2230 loco
1346 2176 1442 2229 ubi
1468 2176 1557 2228 sic
1581 2176 1919 2229 constructa

252 2270 347 2321 est
367 2266 622 2320 ecclesia
654 2266 812 2320 Deus
844 2265 986 2318 mihi
1018 2266 1325 2319 victoriam
1353 2264 1625 2332 praestitit
1649 2263 1707 2316 in
1738 2262 1916 2331 bello,

251 2356 330 2409 ob
364 2354 627 2409 victoriae
650 2354 992 2408 memoriam
1017 2355 1211 2422 ipsum
1239 2353 1434 2407 locum
1466 2351 1691 2406 Bellum
1721 2350 1918 2420 appel-

252 2444 365 2497 lari
394 2444 574 2497 volui.

330 2532 477 2586 Huic
500 2533 680 2603 igitur
707 2532 980 2586 ecclesias
1011 2530 1207 2584 Sancti
1234 2530 1463 2583 Martini
1481 2529 1552 2582 de
1571 2528 1732 2581 Bello
1766 2528 1915 2581 hanc

252 2622 314 2674 in
350 2620 556 2689 primis
589 2620 929 2691 dignitatem
959 2620 1143 2690 regali
1165 2618 1511 2672 auctoritate
1542 2616 1822 2685 concedo,
1857 2618 1919 2670 ut

252 2710 467 2763 habeat
513 2709 737 2762 curiam
781 2725 950 2762 suam
997 2723 1104 2777 per
1130 2708 1324 2762 omnia
1356 2710 1411 2760 et
1433 2707 1657 2777 regiam
1683 2705 1918 2759 liberta-

249 2802 374 2853 tem
419 2801 475 2852 et
503 2798 994 2852 consuetudinem
1025 2796 1311 2851 tractandi
1341 2795 1411 2849 de
1444 2796 1572 2849 suis
1617 2794 1798 2848 rebus
1824 2794 1918 2847 vel

252 2886 540 2959 negotiis,
573 2885 927 2957 etjustitiam
945 2901 1053 2956 per
1075 2901 1141 2939 se
1158 2884 1488 2939 tenendam.
1510 2884 1713 2953 Sitque
1734 2882 1917 2937 libera

251 2980 314 3031 et
347 2977 541 3046 quieta
571 2975 629 3029 in
659 2978 1009 3045 perpetuum
1029 2974 1102 3028 ab
1126 2974 1281 3027 omni
1304 2972 1675 3042 subjectione
1699 2973 1923 3040 episco-

250 3080 470 3135 porum
528 3068 584 3117 et
630 3062 1022 3134 quarumlibet
1085 3078 1472 3131 personarum
1505 3061 1914 3125 dominatione,

255 3154 418 3207 sicut
448 3152 704 3207 ecclesia
723 3151 943 3205 Christi
973 3151 1320 3205 Cantuariaa.
1370 3149 1439 3203 Et
1487 3151 1540 3203 si
1584 3150 1718 3219 quis
1749 3149 1918 3217 latro,

255 3242 355 3294 vel
380 3240 673 3294 homicida
704 3241 795 3293 vel
827 3239 1022 3310 aliquo
1055 3239 1297 3292 crimine
1329 3254 1489 3307 reus,
1523 3238 1729 3292 timore
1760 3253 1921 3290 mor-

252 3331 336 3383 tis
370 3329 628 3400 fugiens,
664 3329 735 3382 ad
754 3328 903 3381 hanc
933 3328 1248 3382 ecclesiam
1280 3327 1633 3397 pervenerit,
1669 3326 1727 3380 in
1758 3325 1917 3379 nullo

249 3418 523 3483 Imitatur,
558 3418 666 3471 sed
717 3418 864 3471 liber
895 3417 1132 3494 omnino
1171 3416 1512 3481 dimittatur,
1548 3415 1743 3469 abbati
1779 3430 1919 3469 vero

254 3507 456 3576 ipsius
487 3506 759 3560 ecclesiae
790 3505 961 3560 liccat
984 3505 1200 3575 ubique
1221 3505 1507 3559 latronem
1526 3504 1618 3558 vel
1640 3503 1829 3557 furem
1851 3503 1924 3558 de

258 3594 589 3664 suspendio
612 3593 881 3662 liberare,
914 3596 967 3647 si
998 3594 1147 3647 forte
1181 3593 1607 3663 supervenerit.
1651 3591 1923 3646 Concedo

260 3684 440 3737 etiam
487 3682 675 3737 eidem
699 3683 973 3737 ecclesiis
1006 3682 1234 3736 leucam
1264 3682 1722 3750 circumquaque
1753 3680 1925 3749 adja-

262 3774 496 3825 centem
531 3771 778 3824 liberam
811 3774 867 3825 et
897 3770 1154 3840 quietam
1180 3771 1253 3823 ab
1295 3769 1720 3824 omniGeldoet
1750 3768 1926 3822 Scoto

262 3862 328 3914 et
358 3860 629 3931 Hidagiis
686 3864 742 3914 et
772 3859 1129 3929 Denegeldis
1162 3862 1218 3912 et
1248 3874 1423 3928 opere
1453 3857 1714 3927 pontium
1747 3860 1803 3910 et
1833 3871 1927 3910 ca-

265 3948 576 4002 stellarum
599 3951 653 4002 et
679 3963 989 4017 parcorum
1014 3951 1069 4001 et
1090 3947 1383 4001 clausuris
1407 3950 1461 4001 et
1483 3945 1842 3999 exercitibus
1872 3948 1929 3999 et

265 4036 548 4091 omnibus
571 4037 807 4090 auxiliis
830 4040 886 4091 et
915 4036 1145 4106 placitis
1177 4040 1232 4089 et
1260 4035 1520 4106 querelis
1569 4038 1624 4087 et
1655 4034 1846 4104 scyris
1874 4037 1930 4087 et

265 4124 759 4193 hundredis,cum
782 4141 943 4193 saca,
969 4141 1110 4179 seca
1132 4128 1187 4179 et
1206 4125 1304 4179 toll
1338 4126 1395 4179 et
1423 4124 1616 4178 theam
1650 4126 1707 4177 et
1736 4123 1928 4177 infan-

267 4213 598 4285 genetheof
623 4216 680 4266 et
720 4213 982 4283 marpeni
1025 4218 1080 4267 et
1142 4212 1387 4284 lestagis
1431 4216 1487 4266 et
1526 4211 1854 4266 mamfocne
1876 4215 1933 4266 et

269 4302 538 4356 forestall
589 4306 646 4355 et
691 4302 1005 4356 blovemite
1036 4305 1093 4356 et
1127 4301 1441 4372 chyldmite
1464 4305 1518 4354 et
1549 4290 1855 4355 latrocinio
1880 4306 1935 4355 et

268 4390 518 4444 liberam
537 4391 610 4444 ab
632 4390 787 4444 omni
820 4391 1249 4444 consuetudine
1278 4392 1531 4443 terrenae
1554 4389 1859 4443 servitutis
1882 4392 1941 4443 et

265 4481 346 4533 ab
403 4479 561 4533 omni
616 4478 922 4533 exactione
992 4478 1425 4548 episcoporum.

357 4586 508 4641 Huic
542 4588 752 4640 iterum
781 4586 1055 4640 ecclesue
1086 4586 1283 4640 Sancti
1314 4584 1545 4638 Martini
1579 4584 1650 4637 de
1682 4583 1835 4638 bello
1871 4584 1944 4638 do

279 4675 486 4746 regale
536 4676 857 4729 manerium
890 4675 1045 4746 quod
1084 4678 1328 4729 vocatur
1359 4673 1460 4726 Wi
1500 4688 1631 4726 cum
1663 4672 1941 4727 omnibus

273 4764 643 4835 appendiciis
674 4764 822 4831 suis,
850 4779 920 4816 ex
945 4778 1069 4817 mea
1101 4763 1390 4816 dominica
1424 4777 1642 4815 corona
1668 4776 1799 4814 cum
1821 4775 1942 4814 om-

275 4854 457 4908 nibus
500 4852 873 4907 libertatibus
920 4855 975 4905 et
1022 4851 1327 4922 regalibus
1386 4849 1940 4914 consuetudinibus,

276 4944 356 4995 ita
387 4941 638 4995 liberum
656 4945 710 4995 et
741 4942 1000 5011 quietum
1033 4941 1187 4993 sicut
1209 4938 1458 4993 liberius
1490 4942 1544 4991 et
1572 4937 1831 5007 quietius
1857 4942 1945 4991 te-

279 5030 402 5097 nui,
438 5030 530 5083 vel
564 5032 624 5083 ut
653 5044 756 5083 rex
785 5029 924 5083 dare
956 5028 1136 5097 potui,
1160 5027 1389 5081 scilicet
1406 5026 1477 5079 ab
1512 5026 1670 5079 omni
1691 5025 1873 5079 Geldo
1892 5028 1947 5078 et

281 5120 462 5174 Scoto
494 5122 549 5172 et
599 5118 868 5189 Hidagiis
901 5120 956 5170 et
988 5116 1341 5187 Denegeldis
1375 5118 1430 5167 et
1462 5129 1639 5183 opere
1682 5113 1946 5181 pontium

281 5206 738 5262 etcastellorum
768 5211 823 5259 et
846 5205 1140 5259 clausuris
1164 5219 1475 5273 parcorum
1510 5205 1566 5256 et
1588 5200 1948 5256 exercitibus

287 5301 345 5351 et
367 5296 645 5351 omnibus
677 5294 913 5347 auxiliis
939 5299 993 5348 et
1028 5293 1257 5362 placitis
1290 5294 1345 5345 et
1376 5291 1636 5361 querelis
1667 5293 1723 5343 et
1754 5288 1950 5359 scyris

293 5390 350 5438 et
383 5383 731 5449 huudredis,
785 5399 915 5436 cum
949 5397 1087 5435 seca
1119 5385 1174 5435 et
1207 5397 1347 5435 soca
1379 5386 1435 5434 et
1465 5380 1565 5434 toll
1597 5383 1652 5433 et
1673 5377 1867 5433 theam
1897 5381 1955 5432 et

364 5527 558 5597 Atque
573 5524 1003 5597 monasterium
1025 5524 1344 5597 disponere
1376 5538 1497 5597 r_ex_
1512 5521 1882 5597 properavit.

361 5592 665 5667 Jejunans,
704 5612 905 5663 orans,
939 5592 1183 5666 capiens
1215 5594 1288 5649 de
1328 5592 1529 5667 sobole
1559 5592 1742 5667 seire,

358 5662 632 5720 Divinum
666 5684 800 5721 mox
823 5662 1167 5737 responsum
1209 5662 1815 5737 merebatur‘audire.
1881 5680 1891 5685 ·

366 5737 527 5804 Quod
568 5739 828 5810 pedibus
855 5732 956 5793 ﬁet
982 5737 1259 5794 Echesia
1301 5736 1375 5792 de
1409 5732 1637 5791 Battile
1694 5733 1889 5807 longa,

2026 679 2081 729 et
2115 674 2340 728 forstall
2375 678 2429 728 et
2485 675 2797 728 blodemitc
2831 677 2885 726 et
2944 674 3241 727 childmite
3289 676 3343 727 et
3374 676 3683 729 latrocinio

2027 764 2076 815 si
2108 763 2407 816 acciderit.
2443 762 2720 815 Similiter
2769 764 2842 816 do
2876 764 3024 815 duos
3084 763 3360 816 denarios
3392 764 3461 816 de
3494 764 3688 817 omni-

2025 851 2139 904 bus
2176 851 2572 905 t‘orist‘acturis
2604 854 2659 905 et
2689 851 2920 920 placitis
2953 852 3208 904 omnium
3243 851 3684 906 hundredorum

2027 956 2160 1011 quae
2193 940 2481 1009 pertinent
2511 940 2581 992 ad
2635 940 3149 995 summonitionem
3180 940 3250 992 de
3300 940 3414 993 Wi.
3441 940 3505 993 In
3536 940 3689 994 Den-

2027 1030 2286 1101 gemaris
2346 1043 2508 1096 vero,
2568 1029 2721 1097 quod
2754 1033 2843 1081 est
2896 1044 3073 1080 unum
3108 1029 3435 1081 membrum
3467 1029 3536 1081 de
3568 1029 3682 1097 Wi,

2027 1118 2286 1171 concedo
2321 1118 2506 1171 eidem
2541 1118 2813 1171 ecclesiae
2847 1132 3052 1169 omnes
3074 1117 3393 1169 maritimas
3428 1133 3687 1172 consue-

2024 1207 2259 1260 tudines
2289 1222 2437 1276 quas
2469 1207 2586 1258 illic
2618 1206 2792 1260 habui
2823 1221 2953 1257 cum
2978 1205 3135 1258 omni
3156 1205 3402 1273 Wercc;
3437 1205 3555 1258 etsi
3576 1208 3691 1274 pis-

2027 1297 2113 1349 cis
2145 1297 2241 1365 qui
2304 1296 2591 1363 craspeile
2650 1299 2911 1360 vocatur,
2948 1294 3063 1346 illic
3095 1294 3418 1361 advenerit,
3452 1294 3686 1348 abbatis

2030 1388 2085 1437 et
2141 1383 2559 1437 monachorum
2620 1385 2694 1435 sit
2741 1386 2916 1435 totus.
2952 1384 3010 1435 Si
3044 1398 3184 1435 vero
3220 1384 3367 1434 intra
3401 1382 3688 1436 terminos

2030 1474 2099 1527 de
2158 1472 2526 1525 Blachcmalc
2585 1475 2639 1525 ct
2700 1472 3049 1525 Horlemede
3097 1474 3149 1523 ct
3194 1469 3462 1522 Bradelle
3496 1485 3686 1540 usque

2031 1562 2406 1614 \Nithiburne
2423 1560 2883 1629 appulerit,duas
2902 1564 3093 1627 partes
3125 1558 3391 1627 ejusdem
3411 1557 3595 1626 piscis
3620 1562 3682 1611 et

2025 1649 2285 1720 linguam
2318 1648 2528 1701 habeat
2558 1648 2831 1715 ecclesia,
2865 1648 3018 1699 sicut
3070 1662 3180 1715 ego
3215 1661 3453 1714 semper
3484 1644 3683 1698 habui.

2099 1739 2181 1790 Do
2214 1737 2386 1790 etiam
2418 1736 2605 1788 eidem
2626 1734 2898 1787 ecclesiae
2922 1734 3049 1786 haec
3072 1733 3329 1785 mancria
3360 1732 3685 1795 Alsistona,

2026 1824 2462 1897 Lymenesfcld,
2526 1825 2694 1889 Hom,
2746 1821 3165 1889 Grammarcis,
3210 1820 3687 1874 Briswaltintona

2027 1932 2159 1971 cum
2190 1914 2463 1968 omnibus
2486 1912 2850 1981 appendiciis
2870 1910 3019 1975 suis,
3040 1909 3225 1963 libera
3251 1914 3305 1961 et
3325 1909 3538 1978 quieta,
3557 1923 3691 1961 cum

2026 2003 2383 2075 supradictis
2416 2000 2787 2055 libertatibus
2821 2002 2877 2052 et
2898 1999 3201 2069 regalibus
3247 1995 3687 2050 consuetudini-

2026 2093 2161 2145 bus.
2195 2090 2257 2143 Si
2289 2088 2438 2143 infra
2470 2087 2697 2140 leucam
2716 2086 2805 2138 vel
2828 2086 2885 2137 in
2908 2085 3186 2138 maneriis
3210 2082 3481 2136 ecclesiae
3501 2081 3694 2135 murd-

2029 2196 2095 2234 sc
2127 2178 2409 2242 evenerit,
2446 2177 2538 2229 vel
2570 2176 2886 2228 thesaurus
2919 2174 3194 2226 inventus
3230 2171 3424 2238 fuerit,
3459 2170 3691 2223 abbatis

2030 2273 2085 2322 et
2103 2266 2523 2321 monachorum
2542 2264 2613 2316 sit
2649 2267 2961 2332 utrumque
2988 2277 3000 2328 ;
3028 2275 3365 2312 warennam
3390 2258 3691 2327 propriam

2032 2358 2090 2409 in
2124 2357 2252 2424 ipsa
2272 2354 2443 2408 leuca
2460 2353 2669 2405 habeat
2691 2348 2944 2403 ecclesia
2968 2354 3022 2402 et
3046 2350 3103 2401 in
3122 2346 3395 2401 omnibus
3415 2346 3547 2399 suis
3570 2360 3691 2398 ma-

2032 2444 2237 2499 neriis.
2272 2442 2357 2497 Do
2416 2441 2588 2494 etiam
2637 2440 2824 2492 eidem
2883 2436 3154 2489 ecclesiae
3209 2434 3405 2488 Sancti
3453 2432 3690 2486 Martini

2040 2532 2354 2589 ecclesiam
2385 2530 2456 2583 de
2476 2527 2848 2598 Radingis,et
2873 2524 3185 2578 ecclesiam
3204 2524 3275 2577 de
3293 2522 3690 2589 Culintuna,et

2036 2622 2347 2677 ecclesiam
2371 2618 2556 2672 sancti
2587 2616 2749 2668 Olavi
2782 2615 2853 2668 de
2888 2614 3270 2680 Exonia,cum
3300 2614 3412 2665 teri
3426 2610 3478 2663 is
3510 2613 3566 2664 et
3583 2609 3691 2663 de-

2037 2710 2207 2765 cimis
2226 2714 2282 2763 et
2312 2708 2586 2761 omnibus
2618 2706 2687 2758 ad
2720 2702 3301 2772 easpertineutibus;
3325 2705 3380 2753 et
3401 2699 3455 2753 si
3474 2697 3690 2768 aliquis

2037 2816 2109 2854 ex
2139 2797 2461 2852 baronibus
2493 2795 2662 2861 meis,
2707 2792 2800 2845 vel
2833 2791 3193 2857 hominibus,
3226 2788 3444 2858 aliquid
3475 2786 3548 2840 de
3581 2802 3690 2840 suo

2035 2888 2223 2943 eidem
2252 2886 2544 2949 ecclesiae,
2583 2884 2640 2935 in
2690 2882 3128 2949 eleemosynam
3151 2878 3399 2943 dederit,
3446 2875 3689 2929 easdem

2033 2974 2499 3044 libertatesjquas
2533 2971 2809 3025 concessi
2832 2970 3011 3022 rebus
3045 2983 3193 3036 quas
3226 2982 3337 3037 ego
3368 2965 3557 3018 eidem
3588 2978 3693 3017 ec-

2034 3065 2233 3119 clesiae
2284 3063 2413 3116 dedi
2473 3062 2561 3115 eis
2612 3059 2872 3113 concedo
2922 3062 2978 3110 et
3025 3054 3305 3125 praesenti
3363 3052 3583 3121 scripto
3631 3055 3693 3106 ut

2035 3170 2212 3224 supra
2244 3153 2415 3217 dicta,
2450 3149 2634 3220 regali
2667 3147 3007 3201 auctoritate
3041 3142 3345 3197 confirmo.

1951 3282 2008 3354 α
2105 3259 2482 3329 ννίιιθισξιηιυε
2530 3272 2656 3309 rex.
2720 3253 3139 3320 Lauini-ancus
3202 3248 3695 3317 archiepiscopus

2034 3350 2306 3405 Cantuar.
2339 3346 2644 3415 Tho-l-mas
2675 3342 3161 3411 archiepiscopus
3206 3339 3484 3392 Eborum.
3528 3336 3697 3390 Mau-

2035 3440 2218 3495 ricius
2250 3438 2293 3507 ’ξ’
2325 3436 2641 3505 cpiscopus
2676 3432 2938 3485 London.
2990 3428 3358 3483 Walkelinus
3390 3428 3435 3497 ’δ’
3466 3426 3696 3497 episco-

2037 3545 2148 3601 pus
2178 3528 2434 3581 Winton.
2455 3523 2762 3578 Osbernus
2793 3521 2838 3590 ἢ·
2867 3520 3183 3589 cpisc0pus
3217 3517 3403 3571 Exon.
3428 3514 3698 3570 Gundul-

2041 3619 2196 3689 phus
2226 3618 2271 3686 ἦ·
2319 3614 2639 3684 episcopus
2682 3609 2829 3664 liotl'.
2894 3609 3065 3678 Hugo
3097 3608 3140 3675 οἱ·
3189 3621 3389 3660 comes
3425 3604 3696 3658 Cestria.

2045 3710 2318 3778 Hogerus
2376 3706 2421 3774 +
2466 3719 2667 3757 comes
2707 3702 2777 3754 de
2832 3697 3240 3777 Montgomeri.
3295 3695 3625 3749 Willelmus
3655 3692 3702 3762 -ι-

2040 3811 2241 3849 comes
2272 3795 2341 3847 de
2373 3792 2536 3847 War.
2570 3789 2905 3843 Willelmus
2929 3788 2973 3857 -ζ-
3003 3787 3161 3840 filius
3180 3784 3453 3840 Osberni.
3487 3782 3704 3838 Willel-

2040 3900 2173 3938 mus
2208 3884 2252 3951 ἰη
2283 3883 2354 3935 de
2384 3880 2543 3935 Bsai.
2596 3877 2936 3930 Bernardus
2968 3876 3013 3944 -χ-
3036 3876 3105 3929 de
3140 3876 3592 3929 Novomercato.

2818 3963 2942 4017 XV.

2540 4072 2664 4128 Pro
2694 4072 2894 4126 eodem
2927 4068 3209 4124 eoenobio.

2330 4199 2720 4271 (Monasticon
2759 4195 2995 4266 Anglic.
3032 4196 3072 4261 l,
3110 4210 3241 4265 pag.
3275 4191 3427 4257 317.)

2119 4309 2504 4373 WlLLELMUS,
2524 4306 2627 4359 Dei
2652 4303 2836 4375 gratia
2856 4318 2957 4357 rex
2981 4302 3325 4373 Anglorum,
3354 4301 3713 4354 LANFRANCO

2050 4399 2500 4467 archiepiscopo
2530 4393 2960 4459 Cantuariensi,
2997 4391 3292 4445 STIGANDO
3323 4384 3715 4459 episcopoCi-

2052 4486 2347 4544 cestrensi
2380 4483 2774 4552 omnibusque
2807 4480 3270 4534 successoribus
3303 4477 3432 4531 suis
3464 4490 3719 4546 regnum

2055 4574 2284 4646 Anglia;
2345 4569 2749 4625 obtinentibus
2800 4567 3109 4621 etcunctis
3146 4564 3421 4618 fidelibus
3446 4562 3717 4616 salutem.

2128 4664 2346 4716 Notum
2403 4659 2577 4713 vobis
2637 4657 2789 4711 facio
2822 4656 2978 4726 quod
3024 4656 3217 4709 locum
3248 4652 3517 4705 victoria:
3549 4664 3720 4719 mea,

2061 4754 2213 4807 sicut
2270 4752 2390 4804 Deo
2419 4749 2660 4819 juvante
2710 4746 2853 4799 mihi
2884 4743 3217 4814 conquisivi
3248 4746 3304 4796 et
3337 4757 3443 4795 rex
3474 4738 3722 4793 liberum

2058 4841 2320 4913 possedi,
2380 4839 2456 4893 ita
2505 4837 2665 4890 illum
2724 4836 2975 4889 liberum
3034 4833 3191 4886 etab
3226 4832 3379 4885 omni
3413 4829 3722 4884 exactione

2066 4931 2325 4985 omnium
2356 4927 2658 4981 hominum
2706 4926 2965 4996 quietum
2999 4923 3179 4977 obtuli
3214 4922 3355 4988 Deo,
3388 4920 3725 4987 ibidemque

2068 5019 2377 5074 ecclesiam
2402 5019 2459 5069 in
2492 5016 2776 5069 honorem
2800 5014 2985 5067 sancti
3012 5011 3244 5065 Martini
3276 5027 3451 5081 quam
3488 5009 3559 5063 de
3590 5007 3731 5061 Bel-

2067 5108 2122 5162 lo
2180 5106 2458 5176 appellari
2515 5105 2697 5169 volui,
2759 5119 2826 5155 eo
2859 5102 3013 5172 quod
3048 5102 3190 5153 mihi
3231 5101 3389 5156 Deus
3432 5100 3491 5153 in
3521 5098 3731 5154 eodem

2066 5198 2196 5250 loco
2229 5198 2442 5249 tantam
2472 5194 2777 5247 victoriam
2808 5191 3089 5257 attribuit,
3142 5194 3203 5244 ut
3259 5191 3329 5244 de
3361 5188 3732 5246 adversariis

2068 5286 2216 5340 meis
2248 5284 2389 5337 mihi
2421 5282 2641 5351 injuste
2692 5280 3111 5334 resistentibus
3156 5280 3598 5350 triumpharem,
3649 5294 3737 5333 re-

2072 5389 2369 5445 gnumque
2401 5372 2542 5425 mihi
2576 5371 2833 5425 debitum
2856 5373 2912 5424 et
2930 5371 3395 5426 successoribus
3426 5372 3577 5427 meis
3593 5370 3729 5443 jurr

2151 5516 2251 5570 Tot
2281 5530 2465 5568 annos
2497 5519 2590 5585 tua
2616 5513 2948 5585 posteritas
2971 5514 3212 5568 durabit
3255 5515 3317 5568 in
3348 5512 3590 5585 Anglia.

2148 5588 2327 5653 Quum
2353 5586 2489 5639 licet
2538 5583 2869 5657 Ecclesiam
2892 5585 3252 5657 prolongare
3290 5583 3597 5639 voluerunt

2155 5658 2476 5717 Trecentos
2502 5656 2689 5730 pedes
2709 5658 3010 5715 excedere
3041 5656 3155 5712 non
3179 5660 3519 5731 potuerunt.
