4048 6164
421 361 578 449 1259

1585 363 2025 425 WILLELMI
2068 363 2702 437 CONQUESTORIS

3669 382 3795 446 1360

412 563 789 617 haereditario
804 562 1225 631 perpetualiter
1243 563 1667 632 possidendum
1686 563 2078 633 acquirerem.
2108 547 2163 633 ἦ
2200 567 2636 640 thmannorum,
2673 572 2949 628 omnibus
2991 578 3122 630 suis
3152 578 3373 636 Christi
3402 584 3656 644 fidelibus
3673 608 3798 661 prm-

418 653 633 705 Votum
690 652 885 722 itaque
917 651 1071 721 quod
1130 652 1249 705 Deo
1287 655 1342 705 et
1373 654 1577 706 sancto
1634 652 1881 706 Martino
1945 654 2079 707 vovi

415 742 659 810 implere
694 741 1004 807 festinans,
1052 741 1209 793 idem
1244 741 1665 794 monasterium
1726 742 2083 797 monachcae

419 830 705 900 religioni
741 829 1045 897 dedicans,
1080 844 1152 881 ex
1182 828 1384 882 ordine
1417 832 1473 882 et
1520 829 1803 899 religione
1839 830 2082 900 Majoris

420 918 764 972 monasterii
796 918 1037 970 fundavi
1069 920 1124 970 et
1154 917 1285 970 inde
1318 918 1565 986 primum
1598 918 1865 971 abbatem
1897 919 2080 973 Gaus-

424 1009 658 1061 bertum
702 1006 771 1059 ad
808 1010 921 1059 hoc
972 1008 1194 1058 tantum
1225 1009 1284 1058 ut
1337 1007 1641 1075 religionis
1681 1007 1760 1060 ibi
1814 1023 2081 1061 normam

418 1096 706 1161 fundaret,
740 1095 1013 1146 constitui
1047 1109 1060 1161 ;
1104 1094 1183 1145 ita
1217 1100 1410 1146 tamen
1443 1097 1504 1147 ut
1534 1095 1725 1147 libera
1756 1100 1810 1148 et
1858 1098 2072 1166 quieta,

411 1184 470 1238 in
499 1188 847 1253 perpetuum
877 1183 948 1235 ab
973 1183 1127 1235 omni
1159 1182 1529 1252 subjectione
1560 1186 1618 1237 et
1677 1184 2071 1240 dominatione

417 1277 471 1326 et
504 1271 743 1341 querela
773 1270 1020 1340 majoris
1056 1271 1394 1323 monasterii
1428 1275 1482 1323 ct
1514 1271 1761 1325 aliarum
1791 1289 2081 1341 persona-

415 1377 543 1414 rum
591 1360 895 1412 exactione
928 1364 1283 1427 permaneat,
1346 1361 1501 1412 sicut
1544 1361 1799 1413 ecclesia
1857 1362 2076 1415 (lliristi

416 1448 862 1501 Cantuariensis
922 1451 978 1499 et
1009 1448 1162 1500 sicut
1212 1463 1337 1500 mea
1393 1448 1683 1501 dominica
1746 1450 1968 1520 capella
2026 1454 2083 1503 et

418 1537 657 1607 signum
709 1536 975 1606 Anglican
1021 1552 1255 1589 coronae
1286 1553 1392 1606 per
1421 1553 1594 1606 quam
1644 1554 1756 1607 ego
1789 1555 1974 1609 regno
2030 1542 2085 1593 et

419 1640 813 1678 successores
846 1625 960 1677 mei
991 1640 1168 1695 reges
1202 1642 1453 1696 regnum
1472 1627 1701 1697 Anglia:
1730 1627 1943 1682 debent
1974 1628 2083 1682 ob-

420 1714 625 1768 linere.

492 1821 814 1875 Statuimus
867 1820 1080 1890 itaque,
1142 1824 1257 1873 tam
1307 1820 1733 1875 ecclesiasticae
1794 1838 1968 1892 quam
2028 1826 2083 1876 et

420 1911 605 1979 regiae
625 1913 944 1978 prOSpcctn
972 1910 1302 1977 potestatis,
1326 1911 1405 1977 ut,
1431 1909 1752 1963 decedente
1783 1912 1989 2019 abbate
2008 1912 2079 2011 de
2114 1915 2161 2019 ἢ

420 1998 805 2066 Bello,omnis
818 1998 1133 2066 possessio
1148 1999 1507 2065 monasterii,
1530 1999 1866 2069 ubicunque
1886 2001 2080 2070 fuerit,

419 2087 607 2140 libera
638 2090 693 2139 et
723 2087 978 2156 integra,
1011 2102 1142 2139 cum
1192 2088 1347 2139 omni
1384 2087 1523 2156 jure
1552 2092 1606 2140 et
1656 2090 2081 2143 consuetudine

423 2191 532 2228 sua
590 2178 885 2228 remaneat
917 2174 975 2227 in
1025 2191 1200 2228 manu
1230 2178 1286 2228 et
1344 2175 1733 2244 dispositione
1764 2177 1981 2244 prioris
2026 2184 2082 2232 et

408 2263 847 2316 monachorum
888 2263 1125 2330 capituli
1183 2264 1253 2317 de
1304 2264 1486 2317 Bello.
1544 2265 1667 2317 IIoc
1700 2268 1891 2318 autem
1951 2266 2081 2320 ideo

424 2352 740 2404 statuimus
771 2354 1170 2420 statutumque
1219 2356 1500 2421 perpetuo
1546 2354 1903 2407 servandum
1937 2371 2082 2408 con-

419 2440 744 2508 firmamus,
782 2439 917 2509 quia
958 2439 1144 2493 abbas
1176 2440 1246 2493 de
1298 2440 1459 2494 Bello
1491 2442 1764 2511 proprios
1815 2442 2081 2496 redditus

420 2544 539 2583 non
557 2529 751 2596 habet,
774 2528 880 2581 sed
905 2544 1249 2582 communes
1281 2545 1412 2582 cum
1445 2529 1862 2595 fratribus.Qui
1882 2531 2079 2601 igitur,

420 2618 543 2671 Deo
574 2619 888 2684 annuente,
923 2618 1205 2671 canonica
1264 2618 1507 2671 fratrum
1538 2619 1843 2687 electione,
1895 2620 2082 2673 abbas

422 2706 781 2761 substitutus
828 2706 1027 2773 fuerit,
1060 2706 1278 2760 ibidem
1310 2707 1536 2777 absque
1584 2708 1892 2762 venalitate
1926 2709 2083 2762 omni

420 2795 805 2849 benedicatur
836 2795 989 2848 sicut
1020 2796 1273 2862 primum
1307 2795 1575 2849 abbatem
1606 2796 2001 2850 Gausbertum
2025 2798 2083 2850 in

421 2885 630 2939 eodem
670 2884 1031 2937 monasterio
1076 2884 1147 2936 de
1200 2884 1360 2938 Bello
1402 2884 1723 2955 Stigandus
1756 2886 2073 2955 episcolius

421 2974 821 3029 Cicestrensis
852 2972 1172 3026 benedixit.
1208 2974 1409 3026 Abbas
1433 2974 1627 3043 itaque
1659 2974 1729 3027 de
1776 2975 1937 3030 Bello
1965 2991 2082 3030 non

420 3079 556 3119 cum
579 3062 707 3117 suis
740 3062 1135 3116 saecularibus
1167 3063 1653 3132 consanguineis,
1689 3080 1797 3117 seu
1829 3064 2079 3134 quibus-

418 3154 562 3208 libet
601 3153 755 3221 aliis,
809 3153 1219 3221 eleemosynas
1278 3153 1619 3205 monasterii
1661 3154 1807 3207 male
1866 3156 2080 3209 utendo

419 3243 742 3313 disperdat,
777 3240 885 3295 sed
907 3241 1273 3351 pauperibus
1306 3244 1363 3293 et
1385 3242 1723 3313 peregrinis
1754 3245 1811 3296 et
1841 3243 2083 3351 hospiti-
2115 3270 2164 3351 ς

417 3332 535 3387 bus
569 3330 990 3399 suscipiendis,
1028 3330 1134 3383 sed
1158 3329 1477 3383 fraternam
1511 3346 1707 3384 curam
1741 3336 1926 3401 gerat;
1961 3337 2082 3387 ter-

419 3437 521 3476 ras
553 3420 865 3474 censuales
885 3434 1003 3472 non
1023 3418 1091 3470 ad
1114 3419 1351 3471 feudum
1371 3419 1569 3486 donet,
1591 3435 1699 3471 nec
1724 3418 2080 3485 milites,nisi

419 3510 481 3563 in
504 3526 673 3563 sacra
696 3510 864 3562 veste
895 3506 1118 3559 Christi
1149 3506 1343 3573 faciat,
1366 3521 1475 3558 nec
1496 3506 1568 3558 de
1590 3508 2082 3575 possessionibus

420 3596 693 3652 ecclesiaa
724 3596 1039 3665 quisquam
1074 3598 1267 3647 teneat
1296 3593 1512 3662 aliquid
1560 3594 1868 3649 feudaltter
1899 3596 2080 3651 abso-

419 3686 628 3752 lutum,
661 3683 767 3737 sed
798 3682 869 3736 ad
901 3698 1146 3736 censum
1176 3698 1432 3736 annuum
1462 3686 1517 3736 et
1549 3684 1855 3737 servitium
1889 3686 2082 3739 abbati

422 3777 478 3827 et
510 3770 816 3825 monachis
866 3771 1145 3824 debitum.
1180 3772 1242 3823 In
1265 3771 1493 3824 abbatis
1526 3772 1597 3825 de
1619 3772 1772 3826 bello
1795 3775 1852 3827 et
1883 3789 2080 3827 mona-

423 3862 670 3916 chorum
702 3861 874 3915 domo
895 3863 949 3914 et
967 3860 1357 3929 possessione
1380 3860 1576 3914 nullus
1600 3861 1757 3916 intus
1778 3863 1868 3916 vel
1892 3867 2076 3933 extra,

419 3966 527 4021 per
570 3950 973 4005 haereditatem
1015 3949 1277 4003 ofﬁcium
1310 3953 1531 4013 teneat;
1566 3950 1673 4004 sed
1732 3950 1784 4003 in
1838 3952 2079 4006 arbitrio

421 4039 653 4093 abbatis
686 4041 742 4093 et
772 4037 1195 4091 monachorum
1241 4039 1528 4091 consistat
1559 4040 1629 4092 de
1680 4044 2081 4094 transmutan-

422 4127 516 4181 dis
545 4128 908 4197 prmpositis,
942 4142 1051 4181 seu
1082 4126 1597 4196 quibuslibetaliis
1617 4128 1943 4183 ofﬁciariis.

494 4216 659 4269 Hanc
692 4216 871 4287 igitur
929 4216 1288 4269 monasterio
1316 4215 1603 4270 libertatis
1638 4232 1783 4270 meae
1816 4217 1886 4270 de
1920 4217 2081 4271 Bello

419 4308 477 4359 et
508 4304 782 4359 omnibus
812 4305 884 4357 ad
918 4304 1111 4374 ipsum
1143 4304 1577 4373 pertinentibus
1622 4306 1679 4358 in
1735 4306 2094 4375 perpetuum

423 4394 575 4448 dono
607 4399 663 4448 et
696 4394 983 4447 conﬁrmo
1026 4393 1270 4446 liberam
1302 4394 1723 4448 immunitatem
1771 4399 1827 4449 et
1883 4396 2085 4450 immu-

419 4499 556 4539 nem
604 4483 954 4536 libertatem.
1012 4482 1195 4545 Quam
1245 4481 1419 4536 etiam
1462 4498 1569 4552 pro
1614 4484 1787 4554 signo
1843 4500 2078 4541 coronae

419 4572 591 4644 regni
621 4570 807 4625 nostri
840 4570 1086 4641 regibus
1118 4574 1252 4638 post
1286 4586 1374 4625 me
1404 4572 1464 4624 in
1497 4572 1706 4643 Anglia
1737 4576 2078 4644 regnaturis

2198 660 2401 710 sentes
2436 658 2659 714 litteras
2690 660 3048 732 inspecturis
3081 666 3351 722 salutem.

2268 746 2483 799 Sciatis
2516 750 2672 817 quod
2704 766 2813 804 nos
2845 767 3109 808 ex'mero
3142 762 3299 811 motu
3335 764 3526 815 nostro
3557 769 3607 818 et
3627 768 3799 825 intuitu

2199 833 2501 888 charitatis
2535 837 2936 908 fundavimus,
2970 846 3432 915 construximus,
3464 857 3517 904 et
3548 852 3601 906 in
3625 871 3802 926 perpe-

2198 927 2361 975 tuum
2393 925 2797 981 ordinavimus
2830 930 2886 982 in
2911 946 3119 999 puram
3149 937 3204 986 et
3234 939 3565 1005 perpetuam
3586 943 3799 1000 eleemo-

2203 1027 2408 1081 synam
2439 1029 2613 1067 unam
2634 1016 2869 1071 domum
2903 1023 2957 1073 et
2977 1026 3394 1079 monasterium
3417 1029 3692 1099 nigrarum
3706 1050 3800 1088 mo-

2202 1100 2441 1154 nialium
2493 1104 2717 1157 ordinis
2763 1108 2953 1167 sancti
2992 1109 3294 1166 Benedicti
3344 1115 3403 1169 in
3437 1116 3639 1172 honore
3688 1122 3801 1177 Jesu

2200 1187 2419 1243 Christi
2450 1206 2517 1244 ac
2550 1192 2737 1247 beata}
2772 1195 2971 1251 Mariae
2994 1200 3249 1270 virginis
3281 1219 3387 1271 pro
3411 1207 3803 1279 animabuspro-

2202 1278 2532 1346 genitorum
2584 1286 2922 1337 nostrorum
2953 1290 3008 1339 et
3049 1292 3307 1343 omnium
3362 1292 3799 1367 Christianorum,

2199 1368 2373 1433 prout
2400 1368 2652 1423 situatur
2674 1369 2840 1439 juxta
2872 1389 3081 1443 aquam
3106 1384 3368 1434 vocatam
3398 1380 3640 1454 Croglyn
3660 1387 3707 1440 in
3734 1404 3804 1442 co-

2198 1455 2399 1509 mitatu
2455 1455 2773 1512 Cumbriac.
2810 1460 2995 1515 Etiam
3039 1465 3310 1521 dedimus
3342 1474 3399 1523 ct
3445 1476 3801 1531 concessimus

2200 1544 2553 1599 monialibus
2600 1547 2817 1603 ibidem
2866 1551 3014 1605 duas
3063 1569 3238 1608 acras
3269 1560 3444 1612 terrae
3477 1576 3644 1630 super
3689 1580 3805 1634 quas

2195 1632 2475 1701 praedicta
2491 1633 2702 1689 domus
2733 1642 2788 1690 et
2813 1643 3233 1697 monasterium
3252 1646 3557 1712 situautur;
3588 1657 3641 1704 et
3665 1632 3801 1706 etiam

2196 1720 2469 1775 dedimus
2503 1728 2557 1776 ct
2603 1728 3015 1784 concessimus
3046 1731 3272 1786 eisdem
3330 1737 3672 1794 monialibus
3711 1746 3803 1796 tres

2197 1814 2502 1864 carucatas
2537 1814 2742 1866 terrrae
2777 1819 2834 1869 et
2862 1817 3065 1872 decem
3096 1836 3267 1875 acras
3298 1826 3451 1892 prati
3482 1842 3605 1881 cum
3648 1833 3798 1884 omni-

2199 1899 2409 1966 modis,
2466 1903 2819 1956 communiis
2869 1905 3072 1961 boscis
3118 1914 3173 1963 et
3225 1913 3417 1967 vastis
3467 1916 3675 1970 eisdem
3718 1918 3799 1972 tri-

2198 1986 2311 2040 bus
2343 1989 2635 2043 carucatis
2660 1992 2833 2045 terrae
2865 1997 3257 2064 quovismodo
3288 2004 3717 2074 pertinentibus,
3739 2007 3804 2077 ja-

2198 2078 2468 2132 rentibus
2493 2079 2658 2147 juxta
2693 2085 3116 2139 monasterium
3134 2090 3503 2157 praedictum.

2270 2165 2454 2219 Etiam
2470 2168 2739 2221 dedimus
2754 2174 2811 2224 et
2826 2176 3237 2230 concessimus
3255 2178 3483 2234 eisdem
3505 2184 3803 2238 monialibus

2199 2258 2253 2307 et
2286 2258 2747 2311 successoribus
2765 2261 2966 2314 suisin
2988 2269 3333 2333 perpetuum
3365 2268 3639 2324 ducentas
3654 2276 3809 2327 etsex-

2200 2342 2402 2395 decem
2432 2358 2604 2398 acras
2647 2350 2820 2401 terrae
2865 2349 3194 2406 existentes
3248 2355 3409 2409 infra
3439 2358 3698 2413 forestam
3731 2377 3805 2414 no-

2198 2432 2347 2483 tram
2378 2432 2448 2484 de
2479 2432 3120 2507 lngelmode,jacentes
3142 2456 3215 2494 ex
3244 2449 3414 2511 parte
3432 2446 3807 2519 borialicujus-

2200 2518 2331 2571 dam
2360 2536 2529 2590 aquaa
2548 2522 2993 2597 Tarnenadelyn
3025 2544 3157 2583 cum
3188 2533 3469 2589 omnibus
3500 2535 3687 2590 boscis
3706 2518 3809 2607 pro-

2198 2607 2371 2662 ficuis
2390 2612 2445 2662 et
2467 2612 2980 2669 commoditatibus
3003 2632 3185 2687 super
3205 2622 3450 2676 easdem
3470 2626 3807 2679 existentibus

2201 2696 2328 2748 sive
2361 2711 2614 2766 unquam
2645 2702 3019 2766 postmodum
3050 2709 3486 2765 crescentibus.
3512 2711 3679 2766 Etiam
3706 2729 3811 2767 con-

2201 2784 2497 2839 cessimus
2545 2786 2769 2841 eisdem
2810 2791 3166 2848 monialibus
3226 2800 3560 2853 communia
3598 2805 3805 2869 pastum

2201 2886 2334 2925 cum
2366 2874 2639 2928 omnibus
2670 2877 2979 2934 animabus
2995 2883 3207 2953 suipro
3235 2888 3722 2944 seetsuisibidem
3743 2895 3809 2944 te-

2202 2962 2477 3017 nentibus
2501 2981 2606 3032 per
2619 2970 2793 3020 totam
2813 2970 3094 3024 torestam
3114 2979 3383 3029 nostram
3403 2977 3476 3030 de
3495 2976 3805 3050 Ingelmode,

2199 3052 2481 3121 capiendo
2496 3053 2708 3107 ibidem
2734 3057 3126 3114 sufficientem
3145 3067 3519 3120 maerentium
3541 3084 3637 3137 pro
3659 3069 3805 3122 omni-

2196 3138 2309 3192 bus
2332 3140 2460 3194 suis
2481 3142 2748 3197 aedificiis
2762 3147 3233 3220 quandocumque
3255 3158 3310 3206 et
3332 3157 3800 3227 quotienscunque

2198 3242 2448 3282 necesse
2480 3228 2673 3297 fuerit,
2729 3249 2835 3301 per
2864 3234 3349 3295 deliberationem
3411 3243 3806 3299 forestariorum

2196 3320 2556 3385 nostrorum,
2588 3320 2717 3374 sive
2747 3336 2951 3377 eorum
3001 3326 3178 3381 unius
3208 3329 3431 3385 ibidem
3462 3335 3808 3388 existentium.

2199 3403 2268 3457 Et
2287 3406 2457 3459 etiam
2472 3412 2884 3465 concessimus
2900 3416 2955 3466 et
2969 3415 3455 3473 conﬁrmavimus
3486 3422 3692 3476 eisdem
3711 3437 3808 3475 mo-

2195 3494 2453 3549 nialibus
2506 3500 2563 3550 et
2594 3502 3061 3557 successoribus
3091 3507 3221 3560 suis
3257 3510 3571 3577 quemdam
3598 3527 3807 3565 annuum

2196 3583 2487 3637 redditum
2520 3602 2594 3639 XL
2628 3589 2737 3651 sol,
2773 3593 3067 3647 annuatim
3101 3573 3613 3665 percipiendarum
3642 3602 3690 3653 in
3709 3615 3807 3668 per-

2196 3675 2433 3740 petuum
2465 3673 2535 3728 de
2584 3679 2932 3733 tenementis
2989 3683 3213 3738 nostris
3246 3685 3304 3739 in
3336 3687 3490 3740 villa
3538 3694 3717 3742 nostra
3756 3688 3808 3740 de

2199 3759 2432 3827 Barlile,
2455 3764 2875 3821 solvendorum
2907 3768 3133 3824 eisdem
3158 3774 3516 3829 monialibus
3531 3782 3583 3830 et
3604 3792 3804 3830 succes-

2200 3850 2439 3904 soribus
2454 3852 2581 3931 suis
2595 3870 2701 3923 per
2717 3871 2926 3910 manus
2948 3860 3221 3914 custodis
3234 3865 3429 3918 nostri
3448 3865 3596 3919 villze
3617 3866 3679 3920 de
3696 3866 3808 3918 Bar-

2197 3937 2295 3992 lile
2325 3941 2623 4008 praedictae
2642 3944 2713 3995 ad
2734 3943 2882 3999 festa
2919 3947 3305 4005 Pentecostes
3330 3957 3390 4007 et
3415 3955 3599 4008 sancti
3618 3952 3805 4007 Martini

2196 4026 2255 4079 in
2270 4027 2461 4082 hieme
2474 4046 2579 4099 per
2592 4033 2852 4103 aequales
2868 4037 3269 4104 portiones.Et
3281 4042 3457 4096 etiam
3477 4043 3805 4098 concedimus

2194 4131 2302 4185 pro
2325 4118 2498 4172 nobis
2524 4122 2580 4173 et
2598 4120 2937 4176 haeredibus
2960 4128 3184 4180 nostris
3217 4130 3377 4198 quod
3398 4132 3684 4200 praedictae
3707 4144 3806 4182 mo-

2196 4204 2383 4259 niales
2416 4211 2682 4264 tenentes
2714 4213 2767 4263 et
2787 4212 2914 4266 suis
2938 4216 3273 4271 servientes
3303 4218 3477 4273 liberi
3508 4221 3619 4274 sint
3637 4220 3699 4273 de
3720 4216 3805 4271 tol-

2195 4297 2329 4348 neto
2363 4298 2625 4363 pacando
2676 4315 2781 4368 per
2810 4303 2992 4355 totum
3029 4318 3278 4375 regnum
3320 4313 3586 4362 nostrum
3615 4306 3803 4376 Anglia:

2195 4398 2299 4451 pro
2332 4383 2631 4454 aliquibus
2662 4388 2873 4444 bestiis
2894 4392 3022 4446 sive
3053 4394 3234 4447 rebus
3264 4397 3701 4467 quibuscunque
3726 4408 3804 4464 per

2195 4489 2298 4527 eas
2328 4474 2456 4527 sive
2498 4490 2704 4530 eorum
2733 4480 2985 4551 aliquem
3012 4486 3306 4537 tenentem
3338 4501 3449 4540 seu
3498 4486 3801 4539 servientem

2196 4561 2253 4616 in
2286 4567 2585 4633 posterum
2620 4569 2906 4623 emendis.
2932 4569 3001 4624 Et
3031 4571 3204 4624 etiam
3227 4574 3603 4627 concedimus
3632 4577 3680 4627 et
3698 4586 3801 4625 con-

420 4624 1142 4718 ξιξλῖιξέιωὺθίοοιηυιῃθηάδ
1179 4624 1529 4713 servandam
1550 4624 1624 4713 ut)
1641 4662 1728 4715 eis
1755 4624 1913 4716 Dgus
1934 4680 2078 4716 con-
2109 4624 2157 4686 ο
2196 4653 2565 4708 firmavimus
2596 4657 2749 4725 quod
2782 4660 3206 4713 monasterium
3245 4665 3302 4715 et
3327 4662 3803 4737 domusvpraedicta

419 4754 621 4807 servet
677 4751 977 4803 aeternam.
1018 4748 1192 4802 Teste
1250 4748 1420 4802 Petro
1479 4750 1760 4819 episcopo
1810 4750 2077 4822 Cesti-ise,

419 4840 720 4895 Hermano
765 4838 1045 4907 episcopo
1102 4836 1476 4905 Sarisberiae,
1518 4837 1817 4892 \Villelmo
1872 4841 2082 4894 comite

418 4929 742 4983 Warennae
770 4926 1067 4980 Bernardo
1099 4925 1171 4979 de
1205 4926 1633 4980 Novomercato
1658 4932 1713 4980 et
1744 4928 2079 4983 Gausberto

418 5032 574 5072 nunc
606 5016 879 5087 ejusdem
910 5015 1021 5069 loci
1054 5015 1285 5082 abbate,
1321 5031 1454 5068 cum
1480 5016 1786 5070 monachis
1819 5018 1949 5071 suis
1980 5020 2083 5088 qui

420 5106 493 5159 ad
517 5107 667 5159 hanc
697 5105 958 5159 chartam
985 5103 1309 5158 faciendam
1331 5106 1658 5173 praesentes
1680 5105 2079 5176 fueruntapud

422 5193 683 5248 Winton.

1188 5282 1317 5335 XVI

424 5388 647 5443 Charta
680 5384 1040 5441 fundationis
1108 5388 1688 5460 4rmethwayteusis
1734 5389 1989 5444 cwnobii
2020 5391 2087 5443 in

937 5478 1212 5529 L‘:,.‘.:.""t/.'l
1248 5476 1560 5531 Cumbrirc.

710 5580 1102 5647 (Monasticon
1135 5583 1370 5654 Anglic.
1406 5585 1427 5637 Ι
1477 5601 1611 5655 pag.
1646 5584 1794 5654 394.)

484 5689 981 5761 WILLELuus,Dei
1013 5689 1200 5761 gratia
1234 5704 1335 5742 rex
1374 5693 1699 5764 Anglorum
1723 5692 1909 5746 etdux
1930 5691 2079 5746 Nor-

2195 4758 2325 4794 cum
2360 4743 2656 4811 praedictis
2681 4746 2871 4800 tribus
2903 4749 3218 4817 carucatis,
3245 4750 3476 4804 duabus
3495 4767 3640 4805 acris
3660 4753 3795 4803 terrae

2195 4848 2327 4884 cum
2359 4831 2563 4886 decem
2600 4835 2759 4889 acris
2790 4836 2955 4904 prati,
2983 4836 3041 4890 in
3070 4838 3345 4893 omnibus
3397 4840 3574 4893 libera
3611 4840 3713 4892 sint
3756 4838 3797 4888 et

2194 4920 2447 4975 habeant
2461 4938 2664 4977 omnes
2684 4923 2985 4979 libertates
3001 4941 3144 4980 suas
3161 4927 3336 4980 simili
3358 4928 3529 4982 modo
3547 4930 3683 4981 sicut
3696 4939 3795 4977 con-

2194 5010 2420 5063 ceditur
2456 5016 2662 5065 nostro
2697 5013 3055 5067 monasterio
3079 5015 3149 5069 de
3177 5015 3594 5083 Vestmenster,
3616 5015 3797 5082 absque

2193 5101 2503 5155 vexatione
2561 5102 2969 5157 molestatione
3004 5104 3130 5157 sive
3175 5105 3368 5175 aliqua
3412 5103 3794 5174 inquietatione,

2196 5204 2303 5241 seu
2358 5189 2964 5260 laesionealiquorum
3016 5194 3443 5259 vicecomitum,
3507 5194 3793 5246 exactorem

2195 5277 2545 5332 ballivorum
2583 5279 3057 5350 sivezaliquorum
3089 5281 3495 5334 ministrorum
3527 5296 3622 5333 seu
3644 5280 3793 5347 ligeo-

2195 5383 2323 5419 rum
2338 5371 2675 5422 nostrorum
2690 5369 3271 5439 quorumcumqueEt
3285 5370 3454 5423 etiam
3468 5366 3792 5422 cancedimus

2193 5456 2417 5510 eisdem
2451 5458 2803 5511 monialibus
2835 5458 3163 5511 communia
3188 5462 3443 5527 pasturm
3475 5473 3596 5510 cum
3625 5454 3795 5507 anima-

2193 5547 2348 5600 libus
2378 5548 2508 5600 suls
2530 5547 2677 5599 infra
2700 5547 2893 5599 villam
2914 5549 2971 5599 et
2999 5548 3324 5601 communia
3376 5546 3447 5601 de
3466 5537 3784 5615 Aynltaplyth

2194 5652 2324 5690 cum
2369 5634 2574 5688 liberis
2606 5635 2842 5688 introitu
2875 5638 2931 5687 et
2960 5635 3139 5689 exitu.
3192 5636 3430 5690 Necnon
3463 5631 3787 5688 concedimus
