4048 6164
270 253 418 316 1361

1719 238 2250 323 ΒΙΡΙᾹΟΜΑΤΑ.

3692 106 3701 123 Ι

3654 140 3685 193 //

3563 273 3717 336 1362

276 459 435 531 quod
466 458 767 529 praadictae
797 459 1084 514 moniales
1107 459 1311 514 liberae
1343 461 1461 514 sint
1487 476 1596 529 per
1616 463 1792 514 totam
1824 464 1939 515 ter-
1968 447 2025 511 Α
2060 464 2221 518 nium
2243 465 2381 519 etad
2402 467 2900 523 conﬁrmationem
2924 470 3106 541 hujus
3126 472 3519 543 eleemosynae
3555 474 3730 529 dona-

281 565 406 602 ram
437 564 604 602 suam
637 564 742 618 pro
774 549 1227 619 quibuscumque
1248 550 1589 603 tenentibus
1618 553 1673 603 et
1699 550 1947 603 liberam

277 637 536 691 habeant
554 652 894 690 warennam
917 641 1033 690 tam
1066 653 1174 707 pro
1205 638 1374 691 lectis
1408 638 1702 691 curiarum
1725 642 1949 692 nostra-

281 742 413 780 rum
444 742 619 795 quam
648 726 708 779 in
738 726 932 795 aquis,
959 726 1182 790 boscis,
1205 726 1622 795 terris,planis,
1644 743 1751 780 seu
1774 728 1946 781 metis

205 828 215 839 '
283 815 414 869 suis
429 815 617 868 eidem
634 814 992 868 monasterio
1006 814 1411 882 spectantibus
1427 830 1533 868 seu
1548 816 1759 885 quovis
1776 816 1945 869 modo

280 902 1306 973 pertinentibus.Habenda,tenenda
1326 904 1734 972 ctoccupanda
1754 905 1946 957 omnia

278 994 333 1045 et
370 992 605 1062 singula
636 991 919 1060 praedicta
942 992 1181 1045 recitata
1222 991 1485 1060 praefatis
1510 992 1863 1046 monialibus
1891 998 1946 1047 et

278 1080 746 1135 successoribus
770 1080 898 1134 suis
928 1080 987 1133 in
1010 1085 1358 1150 perpetuum
1383 1080 1453 1133 de
1477 1081 1650 1134 nobis
1682 1086 1737 1134 et
1761 1081 1944 1135 haere-

276 1169 455 1223 dibus
487 1169 712 1222 nostris
745 1168 804 1222 in
834 1185 1039 1237 puram
1072 1171 1128 1222 et
1156 1173 1498 1237 perpetuam
1513 1168 1947 1239 cleemosynam

279 1260 606 1327 spontanee
657 1257 734 1311 ita
778 1258 1076 1311 voluntate
1125 1259 1182 1311 et
1229 1257 1639 1312 concessione.
1680 1258 1766 1311 As
1816 1258 1949 1312 hert

276 1362 411 1416 may
445 1347 487 1400 it
516 1346 700 1417 thynk
731 1362 800 1400 or
828 1346 945 1417 ygh
978 1361 1110 1415 may
1141 1346 1181 1399 it
1211 1345 1285 1399 le.
1321 1346 1385 1399 In
1413 1346 1590 1416 cujus
1640 1348 1727 1400 rei
1776 1347 1946 1401 testi-

277 1435 541 1489 monium
573 1435 684 1488 has
712 1435 941 1488 litteras
970 1438 1208 1488 nostras
1230 1434 1362 1488 fieri
1385 1434 1634 1489 fecimus
1656 1438 1943 1505 patentes.

276 1524 457 1579 Teste
489 1524 718 1594 meipso
747 1523 901 1592 apud
947 1523 1172 1577 Vestm.
1218 1527 1389 1578 sexto
1436 1524 1528 1577 die
1568 1524 1796 1578 mensis
1843 1524 1946 1578 Ja-

280 1613 496 1681 nuarii,
526 1627 680 1667 anno
713 1611 883 1683 regni
913 1612 1104 1665 nostri
1136 1611 1419 1666 secundo.

1017 1717 1195 1772 XVII.

2061 553 2261 621 tionis,
2294 571 2400 622 pro
2425 555 2613 608 salute
2636 557 2846 611 animae
2879 575 3022 613 meae
3047 563 3101 614 ct
3130 564 3242 613 tam
3267 564 3728 630 prmccdcntium

2063 656 2325 695 meorum
2360 659 2530 711 quam
2565 645 3077 716 subsequentium,
3113 649 3242 702 data
3280 650 3481 704 charta
3512 652 3640 705 haec
3672 657 3729 707 et

2065 730 2405 784 confirmata
2435 733 2588 801 apud
2622 733 2985 804 Lundoniae,
3019 736 3077 789 in
3103 739 3418 806 praesentia
3451 740 3725 811 istorum,

2066 818 2313 886 scilicet,
2369 820 2590 874 ()clonis
2624 821 2975 891 llajocensis
3016 826 3299 896 cpiscOpi,
3348 828 3625 882 Edwardi
3656 830 3729 883 de

2066 906 2407 975 Salesbiria,
2446 909 2716 981 Ilugonis
2748 911 2818 965 (le
2856 913 3054 982 Portu,
3093 915 3364 986 Hugonis
3395 916 3466 970 de
3498 917 3727 971 Monte-

2064 993 2478 1049 for-ti.”obnrli
2497 996 2568 1049 de
2582 997 3055 1068 Olley,Richardi
3074 1001 3176 1054 lilii
3200 1003 3432 1056 comitis
3455 1003 3723 1074 Gilberti,

2067 1082 2351 1135 baiuwnn
2384 1085 2580 1136 fratris
2614 1085 2767 1155 ejus,
2796 1087 3049 1158 Remigii
3094 1091 3382 1160 episcopi,
3432 1092 3728 1161 Hadulphi

2064 1169 2375 1240 Taleboys,
2415 1172 2656 1226 Roberti
2692 1174 2762 1227 de
2794 1175 2972 1245 Tany,
3006 1177 3270 1231 Gaufridi
3303 1179 3373 1232 dc
3402 1179 3455 1231 la
3494 1180 3728 1233 \Virchi

2064 1260 2120 1311 et
2146 1258 2328 1311 totius
2361 1259 2540 1313 curiae
2570 1262 2754 1329 regis.

2791 1368 2993 1422 XVIII.

2134 1466 2260 1521 Pro
2294 1467 2547 1522 ecclesia
2589 1468 2695 1522 SS.
2741 1471 3128 1530 apostolorum
3160 1474 3339 1529 Petri
3361 1483 3419 1529 et
3450 1476 3645 1530 Pauli.

2620 1540 2819 1611 (Ibid,
2855 1558 2989 1614 pag.
3020 1543 3170 1614 380.)

2131 1643 2479 1699 Sanctorum
2529 1647 2769 1700 Patrum
2801 1663 3106 1703 monemur
3153 1652 3423 1721 exemplo
3470 1668 3724 1723 posses-

2059 1733 2262 1787 siones
2293 1749 2442 1803 quas
2474 1735 2696 1788 nostris
2730 1736 3093 1804 temporibus
3126 1744 3347 1794 sanctae
3373 1741 3660 1795 Ecclesiae
3692 1757 3725 1795 a

317 1824 541 1879 Charta
574 1825 647 1878 de
683 1824 875 1894 prima
910 1822 1254 1879 fundatione
1291 1824 1548 1878 abbatiae
1578 1823 1652 1878 de
1682 1822 1909 1878 Salebi.
1978 1819 2024 1883 [3
2056 1821 2334 1875 ﬁdelibus
2368 1822 2610 1876 collatas
2649 1825 3012 1893 noverimus,
3063 1826 3387 1882 litterarum
3419 1831 3723 1885 memoriae

692 1896 1030 1957 (Monastic.
1063 1896 1304 1966 Anglic.
1333 1895 1540 1964 1,371.)

354 2000 417 2053 In
446 2001 681 2055 nomine
716 2002 938 2053 sanctae
972 2003 1028 2053 et
1049 2000 1365 2055 individuae
1397 1999 1946 2069 Trinitatis,Patris,

281 2089 435 2156 Filii,
469 2092 526 2144 et
555 2088 812 2159 Spiritus
847 2088 1055 2142 sancti.
1093 2092 1302 2143 Amen.

358 2177 723 2231 Wmuswus
753 2177 1119 2231 fortissimus
1172 2177 1286 2231 imo
1335 2177 1785 2247 potentissimus
1828 2182 1946 2230 rex

278 2266 545 2320 omnium
575 2282 787 2337 regum
816 2266 1050 2321 illorum
1081 2283 1112 2319 a
1142 2266 1358 2336 quibus
1390 2282 1458 2320 eo
1490 2270 1750 2335 tempore
1783 2280 1945 2335 scep-

214 2354 217 2357 ⁷
277 2358 371 2409 ira
404 2356 629 2426 regalia
659 2355 771 2409 sub
806 2355 941 2409 divo
962 2356 1389 2426 gubernantur,
1425 2355 1740 2408 maximum
1770 2354 1944 2423 impe-

278 2444 439 2497 rium
486 2443 752 2514 Anglicze
799 2446 977 2498 terra:
1024 2459 1274 2515 regens,
1336 2443 1493 2513 quod
1549 2442 1944 2513 permissione

276 2535 457 2602 atque
488 2532 784 2586 voluntate
818 2532 919 2586 Dei
950 2532 1203 2601 primum
1230 2530 1945 2602 signis,mirabilibusque

276 2620 573 2692 prodigiis
605 2636 674 2673 ac
715 2620 924 2674 deinde
954 2620 1187 2691 magnis
1228 2620 1458 2674 viribus
1498 2619 1792 2689 bellisque
1841 2618 1947 2672 de-

277 2710 555 2763 bellando
587 2709 838 2780 Anglos,
890 2709 1127 2763 tandem
1175 2708 1530 2778 acquisitum
1574 2708 1944 2780 gubernans,

278 2799 433 2852 viris
467 2802 580 2852 tam
612 2797 1041 2852 ecclesiasticis
1089 2812 1264 2867 quam
1298 2797 1426 2851 suis
1471 2797 1806 2865 comitibus,
1838 2796 1947 2851 ba-

288 2887 663 2957 ronibusque
693 2889 865 2957 atque
896 2886 1186 2940 ministris
1218 2886 1492 2940 omnibus
1523 2886 1793 2940 salutem.

355 2976 566 3030 Divina
599 2976 942 3045 providente
965 2974 1072 3029 Dei
1110 2975 1519 3028 misericordia
1544 2977 1600 3027 et
1628 2989 1758 3028 mea
1774 2974 1947 3028 boni-

277 3066 401 3120 tate
449 3064 646 3117 divina
677 3064 987 3118 clementia
1017 3062 1324 3132 inspirata,
1378 3063 1585 3116 devote
1629 3062 1947 3131 postulanti

2058 1911 2373 1981 diligenter
2402 1912 2734 1982 assignare,
2754 1916 2871 1966 tum
2895 1917 3134 1984 prepter
3168 1917 3596 1973 conferentium
3615 1921 3725 1973 uti-

2059 1999 2279 2053 litatem
2324 2000 2600 2070 quoniam
2630 2016 2834 2055 eorum
2880 2004 3150 2074 exemplo
3200 2008 3424 2075 posteri
3455 2008 3525 2061 ad
3572 2008 3723 2062 bene

2061 2089 2355 2159 agendum
2401 2093 2831 2160 provocantur,
2882 2095 3003 2145 tum
3052 2098 3288 2163 propter
3328 2096 3721 2166 malignorum

2059 2176 2507 2245 perversitatem
2538 2177 2636 2245 qui
2662 2177 2734 2230 ad
2766 2177 3126 2247 diripiendas
3157 2184 3585 2249 possessiones
3619 2200 3721 2237 ec-

2060 2263 2429 2317 clesiasticas
2458 2267 2577 2318 toto
2611 2266 2915 2320 conamine
2945 2267 3172 2321 inhiare
3210 2251 3557 2325 noscuntur.
3595 2272 3722 2326 Nos

2058 2352 2273 2422 itaque,
2300 2350 2593 2423 mojorum
2625 2353 3722 2427 imitantesindustriam,posteriorum

2058 2442 2277 2495 notitiae
2302 2440 2617 2494 scribendo
2643 2444 3036 2497 transmittere
3058 2445 3399 2500 curavimus
3423 2448 3717 2517 quoddam

2055 2530 2288 2601 pietatis
2321 2545 2470 2599 opus
2517 2531 2671 2600 quod
2706 2532 3062 2587 venerabilis
3095 2550 3296 2589 comes
3328 2537 3629 2607 Rogerius
3660 2541 3718 2592 et

2056 2620 2263 2674 devota
2285 2617 2418 2688 ejus
2454 2618 2694 2690 conjux,
2726 2621 3024 2676 Adelaisia
3045 2625 3300 2695 nomine,
3324 2630 3527 2680 nostra
3550 2628 3719 2681 aetate

2057 2709 2178 2763 Deo
2213 2708 2565 2763 obtulerunt.
2598 2708 2735 2762 Erat
2768 2711 2826 2762 in
2862 2711 3148 2766 suburbio
3171 2713 3425 2767 civitatis
3460 2714 3718 2784 Serape-

2056 2798 2236 2868 sbery
2256 2812 2436 2866 parva
2454 2799 2602 2851 satis
2624 2798 2878 2852 ecclesia
2897 2800 2953 2852 in
2978 2800 3202 2855 honore
3232 2801 3542 2857 beatorum
3572 2819 3717 2874 apo—

2056 2886 2342 2941 stolorum
2374 2886 2529 2938 Petri
2560 2890 2616 2939 et
2650 2886 2811 2940 Pauli
2851 2892 3209 2958 constructa,
3244 2890 3420 2960 cujus
3453 2893 3605 2946 situs
3645 2893 3719 2948 ad

2056 2974 2396 3029 collocanda
2416 2990 2729 3029 servorum
2751 2976 2855 3028 Dei
2878 2977 3207 3031 habitacula
3229 2995 3532 3049 congruus
3555 2982 3717 3035 vide-
3778 3018 3781 3025 ς

2053 3063 2249 3118 batur.
2296 3064 2509 3116 Comes
2555 3079 2700 3134 ergo
2746 3063 2933 3118 fretus
2973 3064 3207 3119 licentia
3266 3069 3322 3120 et
3369 3070 3715 3123 auctoritate

278 3153 603 3207 Benedicto
623 3153 819 3207 abbati
841 3152 1248 3221 devotissimo,
1274 3152 1606 3206 caenobium
1641 3152 1700 3205 in
1723 3151 1947 3205 honore
1982 3171 2033 3237 Ο
2058 3152 2220 3221 regis
2241 3151 2521 3205 Willelmi
2548 3153 2604 3204 et
2626 3151 3071 3207 Cantuaricnsis
3104 3155 3539 3225 archiepiscopi
3557 3158 3714 3210 Lan-

281 3241 521 3296 Domini
542 3242 734 3296 nostri
752 3241 784 3295 J
791 3256 899 3295 esu
919 3241 1139 3296 Christi
1171 3244 1227 3295 et
1242 3240 1603 3294 beatissimze
1627 3239 1761 3311 ejus
1785 3240 1947 3311 geni-

276 3331 451 3386 tricis
485 3334 541 3385 et
574 3331 823 3402 virginis
865 3331 1065 3384 Mariae
1084 3334 1139 3383 et
1171 3329 1359 3383 sancti
1388 3328 1661 3383 Germani
1690 3330 1949 3383 Antisio-

281 3420 563 3474 dorensis
595 3419 859 3489 episcOpi
890 3420 949 3471 in
980 3418 1212 3472 Salebia
1251 3419 1500 3472 fundare
1551 3418 1848 3472 concessi.
1884 3418 1948 3471 In

280 3524 404 3580 quo
427 3509 766 3563 fundamine
807 3508 1036 3579 conjeci
1065 3511 1121 3562 et
1159 3508 1346 3578 regali
1394 3504 1659 3561 libertate
1690 3509 1860 3577 posui
1895 3511 1949 3561 et

282 3599 441 3667 dedi,
470 3598 541 3651 de
560 3598 801 3668 propria
834 3613 960 3651 mea
986 3612 1191 3650 mensa
1216 3597 1405 3665 ipsam
1440 3596 1751 3664 Salebiam,
1776 3596 1944 3649 vide-

275 3688 441 3755 licet,
475 3702 649 3741 unam
681 3689 1012 3740 carucatam
1050 3685 1122 3738 de
1168 3688 1324 3738 terra
1373 3684 1576 3738 Suaith
1608 3688 1663 3738 et
1711 3701 1819 3739 sex
1849 3685 1948 3739 bo-

283 3779 454 3830 vatas
479 3776 550 3830 de
576 3775 808 3845 Flarlep
830 3778 886 3829 et
906 3773 1187 3829 Rodeliﬂ'e
1210 3778 1265 3828 et
1286 3774 1582 3827 dimidiam
1615 3777 1948 3828 carucatam

278 3867 463 3919 terrae
497 3865 555 3917 in
586 3864 843 3917 Bratone
883 3866 940 3916 et
971 3879 1145 3917 unam
1178 3862 1494 3932 piscarium
1542 3863 1600 3915 in
1633 3861 1952 3932 Whitegift

284 3956 347 4007 et
378 3957 568 4008 terras
602 3970 634 4006 a
682 3952 908 4006 Thema
956 3951 1407 4021 archiepiscopo
1456 3950 1644 4004 eidem
1678 3949 1950 4004 ecclesiae

285 4043 480 4112 datas,
528 4041 801 4095 videlicet
845 4040 1183 4094 Fristunam
1232 4042 1288 4094 et
1326 4039 1622 4093 Salebiam
1664 4040 1953 4092 minorem

280 4134 406 4185 tam
437 4131 763 4184 secundum
808 4131 1002 4182 vivam
1050 4143 1258 4183 vocem
1304 4143 1480 4199 quam
1528 4127 1701 4198 juxta
1750 4127 1950 4181 brevis

285 4219 425 4289 ejus
446 4222 735 4273 tenorem.

365 4307 585 4362 Eodem
614 4308 788 4362 modo
817 4306 998 4375 Crull,
1033 4306 1262 4361 scilicet
1293 4321 1409 4359 una
1461 4305 1779 4359 Hundreda
1822 4320 1955 4375 quaa

280 4397 451 4468 jacet
471 4397 531 4451 in
551 4396 965 4451 vicecomitatu
990 4394 1393 4449 Lincolniensi
1428 4396 1485 4448 et
1504 4393 1801 4461 Stanford,
1823 4408 1956 4463 quae

287 4488 387 4540 est
445 4486 503 4539 in
559 4485 971 4540 vicecomitatu
1020 4484 1418 4553 Hamptoniae,
1479 4498 1629 4553 quas
1668 4483 1957 4536 dederunt

285 4574 614 4630 Gaufridus
646 4574 718 4629 de
764 4574 821 4627 la
852 4573 1085 4627 Wirchi
1131 4577 1186 4626 et
1224 4572 1404 4626 Wido
1449 4572 1521 4626 de
1576 4573 1953 4641 Rainecourt,

285 4663 637 4717 confirmavi
678 4666 735 4716 et
780 4662 970 4716 dando
1012 4661 1290 4716 concessi
1341 4664 1396 4714 et
1424 4663 1633 4714 cuncta
1682 4675 1815 4714 cum
1859 4660 1955 4715 his

288 4751 686 4821 undecunque
714 4754 831 4805 tam
860 4750 921 4803 in
960 4751 1137 4804 terris
1170 4752 1227 4803 et
1254 4748 1748 4819 possessionibus
1779 4764 1955 4821 quam

285 4840 352 4893 in
370 4839 505 4893 aliis
529 4839 926 4893 oblationibus
943 4854 1075 4909 quas
1103 4838 1387 4892 instinctu
1417 4837 1605 4891 sancti
1638 4838 1891 4908 Spiritus
1921 4854 1956 4892 a

286 4929 525 4983 devotis
539 4927 1019 4983 benefactoribus
1033 4926 1229 4981 offerri
1242 4929 1298 4980 et
1309 4941 1784 4997 quaquaversum
1794 4926 1948 4997 jure,

287 5032 472 5088 prece
495 5020 551 5071 et
571 5018 821 5087 pretium
839 5017 1062 5087 acquiri
1090 5015 1322 5086 possint
1345 5014 1456 5069 sub
1479 5015 1663 5085 regali
1686 5031 1950 5087 munere,

288 5107 368 5160 ab
402 5107 557 5159 omni
589 5107 891 5160 exactione
932 5109 988 5159 et
1018 5104 1287 5159 molestia
1332 5107 1388 5158 et
1425 5105 1735 5159 vexatione
1765 5106 1957 5159 solute

288 5196 353 5249 et
375 5194 570 5264 quiete
589 5196 645 5247 et
663 5193 872 5261 libere,
898 5196 1070 5262 prout
1093 5193 1259 5246 decet
1282 5192 1714 5262 eleemosynam
1736 5192 1959 5263 regiam

289 5285 354 5338 et
374 5281 671 5352 propriam
691 5281 983 5336 abbatiam
997 5281 1414 5336 interminabili
1444 5285 1500 5335 et
1520 5286 1802 5351 perpetua
1813 5297 1957 5351 pace

290 5374 501 5426 tenere
550 5374 605 5424 et
637 5371 859 5424 curiam
889 5369 1065 5424 Suam
1114 5386 1247 5424 cum
1276 5370 1422 5423 Saca
1468 5372 1523 5424 et
1552 5370 1722 5438 Soca,
1770 5369 1873 5424 Tol
1904 5373 1961 5425 et

294 5460 499 5515 thoom
513 5463 570 5513 et
583 5458 1065 5529 Infangenethele
1080 5464 1280 5513 etcum
1295 5459 1570 5514 omnibus
1585 5459 1962 5513 consuetudi-

290 5544 651 5620 nibus,quas
671 5549 951 5604 meliores
971 5549 1146 5603 habet
1164 5549 1418 5604 ecclesia
1434 5547 1625 5603 sancti
1638 5547 1794 5602 Petri
1808 5547 1960 5602 Ebo-

287 5638 566 5698 racensis
585 5637 804 5695 habere
826 5640 881 5694 et
902 5642 1187 5714 perpetuo
1208 5637 1546 5714 possidere.
1576 5637 1670 5693 Ad
1688 5636 1958 5695 testimo-

2057 3241 2503 3308 franci,necnon
2527 3243 2583 3293 et
2600 3239 2937 3295 Cestrcnsis
2961 3243 3420 3314 epiSCOpiPetri,
3443 3245 3515 3298 ad
3539 3246 3714 3316 cujus

2057 3330 2361 3383 dioecesim
2392 3329 2583 3382 isdem
2628 3330 2952 3397 pertinebat
2982 3330 3170 3400 locus,
3222 3333 3544 3387 monachos
3577 3334 3715 3399 illuc

2056 3434 2162 3488 pro
2193 3433 2299 3472 sua
2332 3433 2692 3488 suorumque
2725 3418 2912 3472 salute
2946 3420 3191 3474 Domino
3225 3426 3575 3476 exoraturos
3607 3439 3720 3494 ag-

2060 3507 2334 3578 gregavit
2363 3522 2513 3559 anno
2565 3508 2641 3560 ab
2669 3507 3071 3561 incarnatione
3130 3510 3359 3563 Domini
3403 3511 3717 3566 millesimo

2064 3597 2428 3666 octogesimo
2452 3596 2719 3665 septimo.
2745 3595 2971 3658 Quibus
2990 3598 3060 3650 ad
3086 3599 3274 3652 victus
3300 3600 3568 3653 subsidia
3591 3601 3720 3669 ipse

2067 3689 2122 3739 et
2143 3685 2474 3738 veneranda
2499 3684 2632 3754 ejus
2657 3701 2804 3737 uxor
2826 3687 3249 3754 possessiones
3275 3688 3650 3759 subscriptas
3668 3692 3719 3744 in

2067 3777 2412 3844 perpetuum
2462 3774 2847 3826 donaverunt.
2900 3774 2961 3826 In
3021 3776 3223 3843 primis
3272 3778 3500 3832 scilicet
3529 3779 3725 3835 vicum

2067 3878 2249 3916 unum
2276 3862 2464 3915 eidem
2505 3862 2776 3915 ecclesia:
2816 3863 3157 3932 contiguum
3192 3880 3323 3917 cum
3356 3867 3548 3920 tribus
3596 3885 3724 3922 mo-

2064 3951 2319 4005 lendinis
2350 3950 2696 4018 cunctisque
2729 3950 3057 4003 redditibus
3097 3952 3165 4004 ad
3221 3969 3353 4006 cum
3384 3957 3726 4023 pertinenti-

2065 4039 2201 4105 bus,
2221 4040 2323 4109 qui
2342 4039 2511 4092 vicus
2531 4038 2776 4108 Anglice
2800 4038 3014 4091 dicitur
3035 4040 3500 4112 Bifosieta,quod
3519 4045 3723 4099 Latine

2065 4127 2362 4199 significat
2383 4132 2519 4181 ante
2547 4127 3025 4196 portam.Deindc
3049 4130 3420 4183 contulerunt
3441 4133 3530 4184 eis
3553 4149 3730 4202 quas-

2065 4217 2197 4270 dam
2221 4216 2508 4270 ecclesias
2537 4231 2671 4268 cum
2695 4215 2992 4269 universis
3012 4217 3506 4285 possessionibus
3519 4219 3591 4272 ad
3623 4235 3728 4273 cas

2064 4305 2491 4375 pertinentibus
2550 4319 2698 4374 quas
2746 4304 2842 4357 hic
2896 4306 3237 4358 nominatim
3288 4307 3723 4376 expressimus.

2066 4393 2396 4448 Ecclesiam
2428 4392 2654 4446 scilicet
2701 4392 2893 4446 sancti
2935 4392 3204 4465 Gregorii
3244 4395 3315 4449 de
3370 4396 3727 4467 Damcrfeld,

2066 4494 2242 4554 cujus
2266 4483 2356 4536 hae
2375 4485 2511 4535 sunt
2529 4482 2951 4551 possessiones
2977 4499 2987 4536 :
3016 4483 3564 4554 Estleia,Nordleia,
3581 4484 3729 4539 alias

2068 4572 2288 4625 Estleia
2318 4570 2536 4639 (lrofta,
2564 4570 2936 4640 Halchtonia,
2962 4570 3341 4642 Ghinsetleia,
3370 4572 3726 4643 Harpefosd,

2072 4658 2457 4730 Billingsleia,
2484 4658 2792 4726 Nieutona,
2813 4658 3118 4729 Tugalost,
3148 4658 3471 4731 Fertecota,
3494 4661 3734 4714 Wcsto-

2072 4766 2165 4804 na.
2190 4748 2517 4802 Ecclesiam
2534 4763 2767 4817 quoque
2799 4748 2868 4800 de
2901 4748 3271 4818 Stotesdona,
3299 4748 3473 4819 cujus
3491 4764 3735 4819 posses-

2074 4839 2276 4892 siones
2308 4838 2439 4890 istae
2470 4840 2640 4900 sunt;
2674 4836 3082 4905 Dodelmutha,
3111 4838 3397 4891 llinctona
3417 4841 3474 4891 et
3500 4840 3737 4893 Preste-

2075 4930 2221 4980 cota.
2244 4925 2569 4978 Ecclesiam
2591 4924 2760 4978 etiam
2782 4927 2852 4978 de
2877 4925 3260 4979 Dodcleberia
3280 4926 3458 4994 cujus
3490 4943 3737 4996 posses-

2077 5017 2164 5070 sio
2184 5019 2273 5069 cst
2304 5013 2645 5083 Spertforsd
2668 5017 2727 5070 et
2757 5013 2994 5066 dimidia
3022 5014 3114 5067 ida
3136 5018 3309 5068 terrae
3342 5016 3399 5066 in
3422 5015 3733 5070 Corstona.

2076 5103 2404 5158 Ecclesiam
2436 5117 2670 5172 quoque
2706 5102 2777 5155 de
2814 5101 3163 5156 Edmundon
3184 5106 3239 5156 et
3270 5103 3429 5157 illam
3448 5104 3520 5159 de
3550 5105 3739 5159 Toen-

2074 5193 2169 5264 gia
2201 5195 2256 5246 et
2276 5192 2432 5245 illam
2464 5192 2534 5245 de
2566 5191 2893 5245 Donintona
2926 5194 2980 5244 et
3008 5191 3167 5244 illam
3207 5191 3280 5245 de
3315 5192 3648 5247 Welintona
3680 5197 3739 5247 et

2074 5282 2231 5335 illam
2262 5281 2332 5335 de
2366 5280 2792 5335 Wcrecordina
2821 5283 2875 5332 et
2906 5280 3064 5333 illam
3093 5282 3163 5334 de
3189 5281 3460 5336 Ercalom
3493 5286 3549 5337 et
3580 5284 3740 5336 illam

2075 5371 2147 5424 de
2180 5369 2489 5424 Hodencth
2537 5372 2593 5424 et
2640 5368 2797 5421 illam
2840 5368 2909 5421 de
2945 5368 3328 5424 Conedouera
3376 5374 3436 5425 et
3466 5372 3623 5425 illam
3666 5371 3735 5423 dr

2075 5459 2271 5513 Nessa
2303 5463 2359 5512 et
2384 5458 2538 5510 illam
2568 5457 2639 5511 de
2661 5456 3073 5527 Ballecherch;
3110 5459 3285 5529 cujus
3307 5462 3688 5530 possession!

2077 5550 2215 5602 sunt
2236 5547 2558 5615 Prestcota,
2589 5545 2874 5600 Noveleia
2896 5549 2953 5600 et
2987 5546 3283 5619 Bageleia.
3315 5547 3459 5604 Cum
3493 5549 3587 5603 his
3618 5562 3664 5600 οῖ

2072 5636 2249 5695 nibus
2280 5635 2564 5692 dederunt
2595 5649 2796 5691 comes
2828 5636 2886 5691 et
2918 5636 3226 5694 comitissa
3246 5638 3436 5695 eidem
3467 5633 3672 5694 coeno}.
