4048 6164
365 200 523 264 1363

365 402 491 454 tres
514 398 687 452 villas
709 414 839 451 cum
857 397 1133 451 omnibus
1146 396 1510 467 appendiciis
1529 394 2027 463 earum,Eitonam

367 488 665 556 videlicet,
700 486 1097 539 Eiminstriam
1133 490 1188 539 et
1220 485 1559 538 Burtonam.
1592 483 2029 537 Theoloneum-

368 592 481 648 que
505 576 575 630 de
607 575 789 646 lignis
822 590 950 644 quae
981 590 1084 642 per
1118 573 1459 627 orientalem
1490 575 1714 641 portam
1748 572 1803 623 in
1829 572 2030 624 civita-

365 670 483 721 tem
515 664 863 718 deferuntur
895 665 1325 716 concesserunt
1357 660 1681 715 monachis.
1718 661 2030 727 Praecepe-

365 756 503 809 runt
526 752 697 807 etiam
723 755 783 805 ut
820 752 876 804 in
903 751 1217 805 festivitate
1254 750 1443 802 sancti
1484 748 1641 801 Petri
1672 747 1728 800 in
1752 747 2031 801 Kalendis

366 843 625 914 Augusti
643 842 825 895 totius
857 839 1177 909 provinciae
1201 837 1452 906 populus
1485 838 1542 890 in
1570 837 1774 890 eodem
1808 836 1938 890 loco
1962 835 2033 888 ad

368 930 666 985 nundinas
707 930 896 983 tribus
927 927 1137 980 diebus
1163 942 1266 995 per
1298 925 1571 996 singulos
1601 941 1788 979 annos
1820 939 2034 978 conve-

367 1018 523 1073 niret
550 1021 606 1072 et
639 1017 904 1071 monachi
951 1016 1326 1068 theoloneum
1367 1017 1665 1083 totumque
1703 1012 2033 1082 proficuum

368 1106 505 1162 inde
537 1106 843 1160 haberent.
872 1106 1086 1157 Postea
1121 1103 1420 1157 concessit
1452 1118 1657 1156 comes
1686 1105 1747 1155 ut
1775 1102 2033 1155 barones

367 1195 462 1252 vel
485 1195 700 1248 milites
725 1194 817 1246 sui
839 1193 1171 1263 quicunque
1197 1191 1430 1257 vellent,
1457 1191 1526 1243 dc
1558 1190 1735 1243 terris
1766 1192 1821 1242 et
1846 1188 2031 1241 facul-

366 1286 586 1342 tatibus
624 1282 753 1337 suis
776 1281 964 1335 eidem
995 1280 1124 1333 loco
1148 1279 1509 1349 largirentur
1537 1277 1763 1347 absque
1790 1277 1907 1330 ulla
1939 1276 2032 1329 sui

368 1375 462 1429 vel
502 1387 749 1427 suorum
784 1368 1014 1423 licentia
1044 1386 1055 1431 ;
1089 1367 1166 1420 ita
1199 1370 1261 1420 ut
1290 1367 1360 1419 de
1392 1369 1626 1434 peracta
1659 1366 2033 1435 eleemosyna

368 1461 592 1517 nullum
625 1459 739 1513 sibi
774 1458 1020 1511 ulterius
1054 1455 1360 1508 servitium
1403 1455 1663 1507 facerent
1692 1454 1785 1506 vel
1825 1453 2031 1506 dantes

368 1551 462 1606 vel
492 1548 869 1618 recipientes,
914 1548 1089 1599 totam
1120 1544 1333 1613 quippe
1364 1545 1578 1595 terram
1610 1541 2031 1596 monachorum

368 1655 401 1694 a
433 1638 607 1710 geldo
640 1636 886 1688 militum
918 1633 978 1687 in
1009 1637 1357 1701 perpetuum
1388 1631 1632 1684 liberam
1661 1646 1799 1684 esse
1832 1631 2033 1684 statuit

369 1744 402 1781 a
433 1726 607 1797 geldo
650 1725 821 1778 etiam
862 1721 1178 1787 communi,
1218 1720 1330 1772 nisi
1366 1720 1495 1787 ipse
1529 1720 1600 1772 de
1628 1720 1883 1773 dominio
1921 1734 2032 1773 suo

366 1815 513 1869 illud
536 1814 722 1868 daret.
751 1812 894 1863 Ilaec
912 1815 1103 1862 autem
1124 1808 1353 1861 comitis
1376 1808 1468 1876 pia
1495 1806 1887 1860 munificentia
1906 1822 2033 1859 om-

371 1904 550 1958 nibus
586 1899 962 1955 audientibus
994 1898 1161 1949 valde
1209 1896 1445 1965 placuit,
1490 1911 1713 1965 eosque
1758 1896 1829 1948 ad
1870 1909 2034 1948 amo-

375 2006 503 2045 rem
533 1989 644 2044 loci
678 1988 835 2040 illius
868 1984 1358 2055 quamplurimum
1390 1984 1671 2037 incitavit.
1705 1984 1867 2037 Tunc
1903 1983 2037 2035 Wa-

375 2079 546 2133 rinus
578 2077 914 2131 vicecomes
946 2074 1102 2126 dedit
1144 2072 1291 2141 ipsis
1341 2071 1649 2124 monachis
1679 2071 1825 2125 duas
1866 2071 2036 2124 hides

378 2169 558 2222 terrae
588 2166 646 2219 in
673 2164 811 2217 villa
841 2179 972 2232 quae
1005 2162 1219 2214 dicitur
1245 2159 1535 2229 Tugafost
1565 2164 1621 2213 et
1650 2160 1935 2213 decimam
1968 2160 2038 2214 de

379 2255 637 2325 Opetona
660 2258 716 2307 et
751 2251 1064 2306 ecclesiam
1087 2250 1156 2303 de
1184 2249 1438 2302 Biritona
1462 2265 1592 2301 cum
1616 2249 1839 2301 decima
1872 2248 2039 2318 ejus-

379 2344 512 2399 dem
541 2343 718 2396 villze.
756 2340 1077 2393 liainaldus
1104 2338 1281 2390 frater
1302 2337 1492 2406 ipsius
1516 2337 1750 2390 \Varini
1773 2337 1931 2390 dedit
1954 2338 2040 2391 eis

377 2433 576 2486 villam
596 2430 955 2502 quacdicitur
976 2428 1154 2496 Lega.
1181 2425 1467 2478 Girardus
1501 2426 1571 2479 de
1604 2426 1871 2479 Tornaco
1902 2427 2040 2479 Bet-

320 2548 325 2553 ι
380 2524 596 2577 tenam.
631 2518 927 2574 Goll'ridus
960 2516 1256 2567 dimidiam
1310 2514 1502 2567 hidam
1534 2514 1592 2567 in
1626 2515 1882 2568 Herleia.
1918 2514 2042 2569 Odo

381 2611 552 2664 miles
579 2604 1086 2660 Hordleiamﬂzec
1109 2604 1299 2656 omnia
1326 2603 1684 2656 venerabilis
1708 2620 1909 2657 comes
1936 2605 2044 2657 Ro-

383 2699 588 2770 gerius
623 2711 753 2749 cum
782 2694 918 2746 filiis
952 2693 1080 2745 suis
1110 2692 1357 2761 l‘lugone
1384 2692 1629 2756 scilicet,
1644 2692 2043 2759 ltoberto,Ro-

384 2802 532 2859 gero
552 2787 612 2838 et
634 2781 959 2849 Arnulpho,
988 2780 1473 2848 concessitatque
1502 2780 1771 2834 firmavit.
1799 2780 2045 2835 Testes-

385 2891 499 2947 que
526 2872 765 2927 fuerunt
801 2870 1126 2923 Herbertus
1157 2868 1630 2935 archidiaconus,
1669 2868 2045 2923 Godebaldus

386 2966 443 3017 et
472 2960 726 3016 Oilerius
769 2957 1132 3022 sacerdotes,
1186 2955 1475 3009 \Varinus
1526 2957 1882 3025 vicecomes,
1925 2959 2045 3012 Ro-

382 3053 591 3107 bertus
616 3049 773 3102 filius
794 3046 1096 3113 'l‘eobaldi,
1132 3046 1428 3115 llogerius
1447 3044 1721 3111 Corbeth,
1752 3046 2046 3102 llobertus

386 3140 666 3211 pincerna
699 3142 754 3191 et
784 3136 945 3189 multi
968 3135 1083 3187 alii.
1112 3135 1306 3188 Locus
1332 3150 1468 3186 vero
1488 3135 1545 3186 in
1570 3150 1685 3203 quo
1715 3136 2046 3189 cmnohium

385 3231 583 3299 ipsum
615 3229 1017 3281 constructum
1062 3227 1185 3276 erat
1231 3222 1301 3279 de
1348 3223 1687 3276 haereditate
1736 3223 2049 3293 cujusdam

387 3319 591 3374 militis
627 3316 874 3370 Siwardi
916 3314 1147 3366 nomine
1181 3312 1307 3366 fuit.
1360 3313 1429 3365 Et
1468 3313 1602 3383 quia
1634 3313 1869 3367 nolebat
1899 3315 2047 3382 piis-

390 3410 579 3464 simus
624 3420 824 3460 comes
871 3403 1025 3473 quod
1073 3402 1265 3470 aliqua
1315 3402 1372 3453 in
1410 3405 1715 3469 posterum
1762 3400 2049 3456 calumnia

388 3494 697 3551 monachis
730 3492 861 3543 inde
897 3491 1250 3557 emergeret,
1297 3492 1495 3539 mutuo
1530 3487 1686 3540 dedit
1718 3487 1906 3540 eidem
1952 3489 2049 3543 Si-

390 3584 595 3637 wardo
628 3581 822 3633 villam
856 3578 1090 3630 nomine
1119 3575 1465 3645 Longafeld.
1499 3576 1877 3629 Postmodum
1909 3594 2049 3633 vero

394 3688 528 3727 cum
587 3669 1007 3722 fraternitatem
1056 3665 1477 3718 monachorum
1536 3665 1846 3734 reciperet,
1907 3683 2049 3721 con-

394 3760 579 3815 cessit
610 3758 764 3828 quod
798 3756 1001 3808 eadem
1033 3754 1167 3806 villa
1199 3770 1371 3822 quam
1412 3770 1443 3806 a
1477 3755 1685 3807 comite
1720 3759 2048 3826 acceperat,

390 3853 526 3920 post
574 3862 746 3900 suum
795 3845 1016 3897 obitum
1066 3844 1123 3895 in
1176 3858 1380 3896 eorum
1417 3842 1672 3896 dominio
1729 3842 2048 3897 deveniret.

394 3936 673 3990 Testibus
707 3932 1063 3997 Godebaldo,
1101 3930 1397 3983 Richardo
1429 3930 1500 3983 de
1534 3930 1826 3985 Belmesio
1858 3936 1913 3985 et
1947 3933 2051 3987 Ri-

392 4024 612 4080 chardo
646 4023 715 4076 de
756 4023 949 4075 monte
1002 4018 1289 4072 Waroldi.
1343 4018 1481 4071 Haec
1527 4019 1719 4072 omnia
1764 4035 1877 4090 ego
1907 4020 2050 4075 Wil-

383 4113 602 4168 lelmus
636 4127 740 4166 rex
773 4109 1096 4180 Anglorum
1131 4108 1405 4162 concessi
1435 4111 1491 4162 et
1521 4108 1718 4179 sigillo
1752 4124 1880 4163 meo
1917 4126 2052 4164 cor-

391 4202 694 4258 roboravi.

1153 4270 1308 4325 XIX.

633 4344 760 4397 Pro
790 4341 1042 4397 ecclesia
1077 4340 1140 4395 S.
1176 4342 1388 4395 Mariae
1418 4340 1809 4396 Eboracensi.

802 4413 1135 4482 (Monastic.
1170 4413 1430 4482 Anglic,
1465 4412 1659 4481 1,397).

462 4505 830 4560 WinLELuUS
882 4518 983 4555 rex
1014 4501 1244 4571 Anglize
1294 4500 1740 4570 archiepiscopo
1773 4503 1837 4557 T.
1892 4502 2048 4557 Ebo-

388 4594 513 4650 raci
543 4598 600 4648 et
640 4590 1002 4664 justitiariis,
1052 4590 1497 4643 vicecomitibus
1544 4595 1599 4643 et
1630 4591 1903 4645 omnibus
1951 4592 2051 4647 ba-

382 4683 635 4738 ronibus
694 4683 748 4734 et
799 4679 1073 4732 ﬁdelibus
1129 4679 1258 4731 suis
1303 4676 1549 4731 Francis
1609 4682 1665 4732 et
1707 4679 1920 4750 Anglis
1980 4681 2051 4736 de

386 4768 795 4826 Ebosacilcire
827 4769 882 4820 et
912 4766 982 4820 de
1013 4765 1266 4819 Carlooli
1296 4766 1565 4819 salutem.

458 4859 674 4913 Sciatis
724 4872 815 4910 me
858 4855 1240 4909 concessisse
1292 4858 1347 4907 et
1388 4856 1776 4911 confirmasse
1826 4858 1947 4913 Deo
1996 4863 2052 4913 et

384 4947 660 5003 ecclesiae
691 4946 913 5000 sanctae
939 4944 1139 4997 Mariae
1175 4942 1496 4997 Eboraciet
1527 4945 1720 4998 abbati
1756 4946 2050 5002 llichardo

384 5039 442 5090 et
471 5035 776 5090 monachis
808 5034 1023 5087 ibidem
1048 5033 1165 5086 Deo
1199 5032 1597 5086 servientibus
1623 5034 1827 5087 cellam
1860 5036 2051 5089 sancti

385 5123 753 5178 Constantini
801 5139 932 5175 cum
981 5121 1238 5174 manerio
1290 5121 1359 5173 de
1404 5120 1797 5176 Wedderhale
1829 5127 2048 5178 etcum

386 5211 609 5281 capella
641 5211 711 5264 de
741 5211 998 5264 Warwic
1032 5216 1086 5264 et
1119 5226 1248 5263 cum
1283 5210 1630 5280 exclusagio
1663 5214 1718 5263 et
1749 5216 1959 5282 stagno
1994 5217 2051 5266 et

383 5297 643 5368 piscaria
693 5300 748 5350 et
794 5299 1127 5353 molendino
1185 5299 1254 5351 de
1305 5297 1697 5352 Wedderhale
1748 5300 1901 5369 quod
1959 5304 2050 5355 est

382 5385 568 5439 ﬁxum
601 5388 652 5437 ct
687 5384 974 5438 firmatum
1021 5387 1078 5439 in
1112 5392 1263 5441 terra
1296 5387 1366 5440 de
1409 5386 1705 5458 Coskehy.
1741 5404 1889 5457 quas
1923 5390 2046 5459 qui-

383 5471 519 5532 dem
549 5476 743 5527 terras
773 5471 1100 5528 habuerunt
1121 5475 1191 5529 de
1225 5476 1377 5530 dono
1404 5476 1700 5549 itanulphi
1719 5476 2044 5549 Meschine,

1522 189 1963 257 WILLELMI
2009 188 2647 264 CONQUESTORIS

2071 1748 2120 1808 Β

3616 190 3742 256 1364

2148 392 2379 447 comitis
2435 390 2750 459 Cumbriae,
2784 391 2844 444 in
2875 404 3079 460 puram
3111 392 3168 443 et
3194 391 3520 458 perpetuam
3546 389 3749 444 eleemo-

2149 497 2374 550 synam.
2410 480 2482 532 Et
2526 480 2808 533 confirmo
2858 482 2947 532 eis
2995 494 3069 532 ex
3097 478 3247 531 dono
3280 493 3401 531 meo
3445 480 3603 530 totam
3636 494 3748 546 pas-

2149 572 2337 622 turam
2387 569 2542 622 inter
2583 568 2707 621 Edo
2758 571 2814 621 et
2863 567 3089 638 regiam
3149 567 3302 619 viam
3348 581 3472 634 quae
3514 566 3654 619 ducit
3695 567 3751 620 de

2149 654 2400 709 Carleoli
2460 672 2524 707 ac
2576 654 2861 725 Appelby,
2895 658 2950 707 et
3000 670 3030 705 a
3079 652 3469 705 VVedderhale
3504 667 3669 722 usque
3695 653 3753 705 ad

2153 744 2433 797 Dsibeke.
2466 743 2833 812 Quapropter
2873 742 3162 812 prohibeo
3193 746 3252 794 ut
3282 740 3418 794 nulli
3449 740 3538 792 alii
3567 746 3755 809 pertur-

2151 832 2289 886 bent
2320 848 2430 885 nee
2463 831 2679 886 violent
2700 832 2849 884 hanc
2868 835 3129 884 nostram
3162 829 3635 883 confirmationem
3654 828 3756 881 sive

2153 919 2525 974 donationem
2572 919 2874 988 praedictis
2908 917 3213 972 monachis
3261 916 3484 969 factam.
3524 915 3757 971 'l‘estihus

2154 1007 2269 1075 his,
2324 1023 2507 1061 uxore
2555 1023 2682 1061 mea
2740 1007 2918 1061 Lucia
2970 1010 3025 1059 et
3058 1006 3314 1059 Henrico
3362 1004 3535 1056 fratre
3584 1019 3692 1056 meo
3716 1008 3758 1056 et

2151 1095 2343 1149 Odero
2403 1100 2459 1149 et
2514 1095 2833 1149 Huddredo
2889 1094 3172 1149 militibus
3222 1095 3277 1146 et
3338 1091 3617 1146 Enesaunt
3660 1090 3757 1143 Mu-

2154 1184 2366 1237 sei-dde
2401 1199 2533 1237 cum
2558 1184 2712 1238 aliis.

2924 1254 3050 1306 XX.

2364 1342 2490 1398 Pro
2524 1342 2790 1397 ϐοέηοὸἰο
2824 1341 2887 1395 S.
2914 1341 3281 1413 Dionysiiiin
3313 1340 3588 1393 Francia.

2700 1412 2903 1481 (Ibid.,
2936 1410 3082 1482 pag:
3104 1410 3251 1481 547).

2222 1500 2583 1554 WILLELMUS
2616 1515 2725 1553 rex
2754 1499 3100 1570 Anglorum,
3149 1513 3353 1553 comes
3394 1497 3766 1552 Northmanno-

2149 1605 2277 1643 rum
2308 1592 2479 1659 atque
2506 1588 3102 1657 Cenomannensium,
3137 1586 3360 1640 Christi
3390 1586 3644 1640 fidelibus
3673 1584 3764 1637 ubi-

2152 1692 2266 1747 que
2290 1674 2571 1748 gentium.
2602 1677 2915 1731 Miserator
2943 1680 2998 1731 et
3027 1676 3378 1729 misericors
3410 1675 3560 1728 Deus
3582 1673 3765 1743 patiens

2154 1769 2210 1819 et
2242 1766 2483 1819 multum
2516 1766 2883 1834 misericors,
2919 1766 3071 1820 inter
3102 1767 3317 1819 caetera
3340 1779 3466 1817 suae
3488 1761 3765 1815 miseratio-

2154 1853 2248 1907 nis
2267 1856 2720 1923 przecepta,eum
2744 1855 3023 1908 universa
3037 1870 3169 1923 quae
3192 1853 3462 1923 possidet
3483 1852 3639 1905 homo
3652 1850 3767 1903 ultra

2156 1958 2331 2012 quam
2362 1942 2477 1997 dici
2507 1946 2699 2011 potest
2730 1942 3149 2011 compendiosa
3178 1942 3297 1995 sint
3333 1942 3405 1994 ad
3437 1939 3768 2009 comparatio-

2154 2046 2287 2084 nem
2335 2031 2717 2085 beatitudinis
2749 2035 3005 2099 zetcrnae,
3052 2031 3338 2101 praecepit
3387 2029 3552 2083 nobis
3598 2043 3661 2081 ex
3698 2026 3770 2079 his

2157 2134 2289 2189 quae
2316 2118 2451 2189 jure
2483 2119 2865 2188 possidemus
2914 2120 3324 2174 indeﬁcientes
3356 2118 3653 2172 thesauros
3675 2115 3771 2168 the—

2158 2208 2479 2276 saurizare,
2502 2208 2707 2262 dicens
2744 2225 2754 2261 :
2791 2208 3217 2262 Tliesaurizate
3240 2207 3414 2261 vobis
3437 2204 3771 2260 thesaurosin

2161 2295 2301 2349 car/0
2334 2296 2435 2350 ubi
2464 2312 2571 2349 nec
2598 2312 2800 2366 aerugo
2830 2312 2937 2350 nec
2988 2298 3146 2351 tinea
3180 2297 3599 2351 exterminant.
3627 2291 3773 2362 Cujus

2160 2384 2439 2453 praecepti
2470 2399 2667 2436 amore
2716 2383 3033 2453 stimulati,
3068 2399 3184 2455 ego
3212 2387 3267 2438 et
3309 2381 3651 2437 collateralis
3676 2393 3773 2432 mea

2160 2470 2481 2541 Mathildis,
2502 2487 2634 2525 eum
2655 2472 2929 2541 prudenti
2952 2472 3201 2526 consilio
3237 2487 3554 2540 procerum
3582 2472 3775 2523 nostro-

2162 2576 2311 2628 rum,
2351 2575 2456 2629 pro
2478 2561 2667 2614 salute
2687 2562 2899 2614 animae
2936 2563 3153 2615 nostra!
3187 2561 3563 2630 omniumque
3600 2558 3775 2611 libero-

2164 2664 2293 2701 rum
2318 2652 2653 2702 nostrorum
2676 2649 2990 2703 ecclesiam
3010 2649 3081 2703 de
3102 2649 3391 2702 Derberst
3426 2649 3592 2701 sitam
3612 2647 3663 2699 in
3690 2651 3779 2699 ter-

2162 2737 2366 2791 ritorio
2389 2739 2445 2791 et
2459 2738 2735 2791 comitatu
2755 2737 3009 2791 civitatis
3022 2737 3374 2792 Glocestriaa
3393 2739 3590 2791 sancto
3608 2736 3779 2801 Dionyo

2166 2825 2275 2894 sio,
2309 2824 2484 2895 cujus
2516 2826 2912 2896 praerogativa
2956 2827 3286 2896 apostolatu
3328 2826 3533 2881 Gallus
3572 2822 3780 2894 populus

2080 2926 2129 2986 Ο
2165 2914 2628 2983 congratulatur,
2655 2930 2788 2968 cum
2828 2915 3103 2969 omnibus
3135 2916 3278 2969 inibi
3303 2914 3658 2986 appendiciis
3675 2926 3779 2964 con-

2166 3000 2594 3071 ferimus,sicut
2608 3003 2760 3056 fideli
2778 3011 2985 3058 nostro
3002 3004 3329 3066 Baldwino,
3347 3003 3611 3073 ejusdem
3631 2997 3779 3054 sancti

2167 3090 2453 3144 monacho
2477 3091 2724 3145 illustris
2749 3095 3096 3146 antecessor
3126 3096 3333 3146 noster
3362 3108 3471 3146 rex
3502 3088 3781 3145 Edwardus

2168 3179 2295 3233 suis
2338 3180 2596 3249 propriis
2639 3181 2852 3235 usibus
2902 3182 3078 3248 dedit,
3139 3183 3492 3253 priusquam
3538 3178 3781 3234 abbatiam

2168 3268 2353 3321 sancti
2380 3268 2687 3339 Edmundi,
2728 3271 2818 3323 cui
2840 3287 2996 3325 nunc
3016 3275 3252 3341 praeest,
3299 3271 3377 3325 ab
3401 3271 3601 3325 eodem
3629 3265 3794 3321 susci-'

2165 3359 2330 3426 peret
2364 3361 2421 3411 et
2452 3358 2627 3411 sicuti
2664 3375 2776 3413 nos
2816 3360 3191 3429 postmodum
3234 3359 3450 3429 adepto
3498 3371 3667 3430 regno
3694 3350 3782 3423 ipsi

2168 3446 2599 3500 concessimus.
2625 3447 2712 3501 Sit
2739 3453 2933 3501 autem
2962 3449 3090 3502 haec
3123 3464 3255 3502 cum
3286 3449 3565 3502 omnibus
3593 3460 3705 3515 quae
3728 3440 3781 3493 ad

2168 3535 2355 3603 ipsam
2382 3536 2676 3603 pertinere
2699 3536 3133 3608 dignoscantur
3155 3536 3343 3591 libera
3366 3538 3439 3592 ab
3463 3534 3613 3590 omni
3631 3544 3784 3601 nego-

2160 3623 2266 3682 tio.
2307 3623 2678 3678 Roboramus
2710 3625 2883 3678 etiam
2915 3625 3026 3679 hoc
3070 3625 3389 3696 privilegio
3432 3626 3636 3679 donum
3661 3616 3783 3690 quod

2168 3711 2631 3780 praenominatus
2682 3728 2787 3766 rex
2818 3713 3007 3768 eidem
3038 3716 3244 3768 sancto
3285 3730 3400 3782 pro
3439 3704 3784 3767 nanciscenda

2170 3799 2441 3854 mercede
2472 3805 2691 3855 aeterna
2731 3803 2990 3872 contulit,
3044 3803 3319 3858 videlicet
3354 3804 3644 3873 Teyntuna
3683 3808 3785 3850 cum

2170 3889 2441 3942 omnibus
2464 3889 2535 3941 ad
2559 3905 2624 3944 se
2660 3891 3123 3960 pertinentibus;
3157 3893 3503 3946 sancientes
3529 3905 3643 3943 eam
3668 3886 3786 3938 libe—

2168 3992 2294 4030 ram
2326 3977 2479 4031 sicut
2520 3982 2576 4031 et
2606 3978 2759 4032 hanc
2801 3996 2976 4049 quam
3020 3980 3134 4050 ipsi
3168 3981 3507 4047 tribuimus,
3541 3980 3785 4049 quatenus

2170 4081 2282 4119 nos
2305 4069 2359 4119 et
2391 4066 2633 4121 soboles
2668 4071 2869 4122 nostra
2893 4068 3086 4138 ipsius
3108 4070 3298 4123 sancti
3322 4068 3598 4138 precibus
3632 4061 3784 4118 socio-

2083 4187 2137 4247 D
2171 4169 2418 4224 rumque
2444 4152 2579 4225 ejus
2601 4156 2829 4209 Rustici
2851 4161 2907 4211 et
2928 4156 3208 4211 Eleuterii
3230 4157 3485 4228 adispici
3504 4163 3786 4210 mereamur

2169 4258 2522 4312 prosperum
2542 4245 2858 4313 praesentis
2892 4246 3028 4300 vitae
3050 4250 3266 4300 statum
3284 4251 3343 4301 et
3365 4251 3601 4301 mterna:
3624 4240 3786 4296 statio-

2170 4332 2263 4386 nis
2284 4334 2534 4401 portum.
2573 4332 2634 4387 Si
2660 4333 2795 4403 quis
2816 4338 3008 4387 autem
3037 4349 3112 4388 ex
3138 4334 3248 4389 hac
3280 4338 3487 4391 nostra
3517 4329 3784 4388 donatione

2170 4420 2465 4491 quippiam
2495 4420 2799 4492 dirimerit,
2832 4421 3245 4495 cujuscunque
3276 4423 3583 4494 potestatis
3621 4420 3704 4481 sit,
3729 4429 3785 4468 ex

2170 4508 2513 4562 auctoritate
2536 4509 2640 4563 Dei
2658 4510 3074 4580 omnipotentis
3093 4528 3226 4566 cum
3265 4513 3492 4566 Dathan
3521 4514 3575 4564 et
3602 4504 3784 4562 Abiron

2170 4596 2421 4650 similem
2436 4598 2717 4652 sortiatur
2739 4601 3089 4670 portionem,
3120 4600 3238 4655 nisi
3257 4602 3620 4672 recipiscens
3639 4593 3783 4650 satis-

2170 4684 2483 4739 factionem
2500 4688 2556 4740 et
2573 4687 3039 4742 emendationem
3061 4692 3265 4743 sancto
3296 4689 3683 4756 fratribusque
3698 4676 3783 4734 loci

2168 4772 2359 4842 ipsius
2373 4774 2678 4828 attitulatis
2692 4776 3042 4831 exhibuerit.
3054 4778 3222 4831 Anno
3237 4778 3556 4831 Dominicaa
3570 4776 3792 4828 incarna-

2168 4860 2344 4913 tionis
2370 4859 2527 4930 1069,
2562 4863 2735 4934 regni
2760 4878 2900 4917 vero
2931 4863 3213 4918 Willelmi
3247 4865 3415 4935 regis
3440 4865 3540 4917 Iin
3567 4854 3781 4915 secunda

2169 4947 2264 5001 die
2290 4949 2542 5003 Paschae
2574 4949 2687 5004 hoc
2736 4951 3112 5023 privilegium
3164 4953 3457 5007 firmatum
3484 4956 3573 5006 est
3607 4950 3658 5001 in
3684 4959 3782 4998 mo-

2167 5037 2428 5091 nasterio
2449 5038 2947 5093 sanctiSwithuni
2978 5041 3131 5110 apud
3164 5041 3458 5095 civitatem
3491 5036 3780 5091 \Vincestxe

2169 5141 2299 5178 cum
2333 5125 2734 5180 celebraretur
2765 5129 2967 5195 missa,
3005 5129 3098 5182 his
3130 5131 3383 5184 testibus
3417 5116 3781 5183 consentienti-

2166 5214 2281 5267 bus
2318 5229 2329 5265 :
2366 5213 2491 5285 Ego
2515 5213 2847 5269 Willelmus
2868 5232 2973 5270 rex
3004 5218 3154 5271 hanc
3173 5222 3437 5272 nostram
3457 5214 3780 5271 donationem

2167 5303 2223 5355 et
2253 5302 2794 5357 corroborationem
2841 5305 3016 5376 signo
3058 5306 3102 5375 -ἶο
3149 5307 3298 5377 agiae
3340 5306 3537 5360 crucis
3578 5295 3777 5355 munivi.

2168 5389 2293 5460 Ego
2309 5389 2605 5445 Mathildis
2631 5393 2832 5463 regina
2847 5392 3116 5463 ejusdem
3130 5394 3427 5465 regis,hoc
3441 5392 3572 5447 mihi
3586 5389 3780 5459 placere

2163 5478 2442 5551 professa
2473 5494 2604 5535 sum
2635 5479 2762 5555 Ego
2798 5481 3134 5538 Richardus
3166 5485 3329 5561 regis
3364 5483 3522 5538 ﬁlius
3549 5475 3711 5554 patris
3736 5469 3780 5527 et
