4048 6164
130 309 292 373 -ῑὸω

1607 282 2113 364 ument“

3414 304 3572 366 1370

122 511 193 565 de
224 508 480 574 Mellent,
516 510 571 561 et
604 506 883 573 Roberto,
919 504 1034 558 filio
1072 503 1376 570 Hamonis,
1411 502 1565 573 apud
1595 501 1790 556 Sales—
1823 480 1879 543 Α
1907 504 1961 554 et
1989 499 2409 568 praedecessor
2439 515 2626 568 meus,
2656 515 2855 554 comes
2891 500 3433 556 Northmannorum
3466 504 3564 557 Ri-

122 599 368 665 beriam,
400 601 608 666 quarto
641 595 737 648 die
768 593 1186 662 TheOphanim.

854 682 1065 735 XXVII

128 776 349 830 Charta
394 774 563 843 regis
610 769 888 837 Willelm,
924 777 1126 843 terras
1168 769 1243 843 ad
1288 768 1791 843 Ereshamensem

195 840 496 971 abbatiam
530 845 591 896 in
629 842 1028 896 Warwicensi
1058 840 1628 911 eomitalujacentes
1659 853 1794 892 eon-

216 932 464 970 trmans.

216 932 464 970 ‘trmans.

475 1002 870 1069 (Monasticon
900 1000 1162 1072 Anglic.,
1197 999 1270 1066 Il,
1296 997 1446 1069 852.)

199 1094 587 1159 \Vinnsnuus,
637 1106 742 1145 rex
773 1088 1121 1160 Anglorum,
1175 1088 1271 1142 W.
1303 1088 1585 1157 episcopo
1615 1090 1672 1141 et
1719 1086 1789 1140 R.

127 1179 462 1236 vicecomiti
490 1180 760 1233 salutem.

200 1270 414 1325 Mando
445 1268 617 1323 vobis
650 1270 705 1321 et
736 1266 1034 1337 praecipio,
1070 1268 1363 1335 quatenus
1420 1264 1795 1318 Adelwinum

131 1360 402 1414 abbatem
419 1361 609 1411 terras
641 1354 915 1410 ecclesia
938 1355 1010 1408 de
1027 1353 1330 1422 Cbelham;
1364 1351 1655 1407 Saltforda
1672 1352 1794 1407 sci-

133 1448 267 1502 licet
298 1450 355 1501 et
401 1443 777 1509 Cdriceltum,
813 1450 869 1495 et
911 1440 1263 1509 Milecotam,
1322 1443 1378 1494 et
1436 1439 1679 1511 Ragele,
1740 1443 1796 1494 et

136 1537 395 1603 Arwam,
417 1537 473 1587 et
498 1530 927 1599 Escleshalam,
963 1532 1018 1583 et
1032 1527 1609 1601 Bildeburglunth,et
1629 1527 1795 1583 Cra]-

132 1630 249 1692 ton,
285 1618 853 1687 etWithlakcsford,
888 1621 947 1673 et
985 1617 1304 1685 Dorlitone,
1340 1621 1394 1671 et
1418 1618 1563 1673 alias
1580 1621 1795 1685 terras,

139 1728 288 1784 quas
307 1712 365 1765 in
396 1708 807 1764 vicecomitatu
820 1708 891 1761 de
910 1706 1204 1761 Warewit
1233 1706 1567 1774 habet,cum
1586 1722 1800 1778 magno

136 1802 366 1856 honore
396 1802 453 1853 et
481 1798 679 1869 quiete
707 1799 909 1851 tenere
968 1795 1229 1862 faciatis,
1266 1798 1328 1849 ut
1365 1811 1468 1849 eas
1502 1796 1715 1850 habeat
1746 1797 1803 1849 et

137 1893 330 1945 teneat
350 1889 424 1942 ad
454 1902 604 1942 usus
638 1900 948 1940 servorum
972 1885 1236 1952 Dei,cum
1260 1900 1387 1938 mea
1408 1885 1562 1939 bona
1583 1900 1726 1953 pace
1748 1887 1804 1938 et

140 1977 524 2049 protectione.
561 1975 630 2029 Et
659 1967 1094 2043 tibi‘praecipio,
1134 1973 1201 2027 R.
1229 1973 1654 2038 vicecomes,ut
1683 1988 1802 2027 non

141 2066 478 2121 consentias
508 2062 663 2134 quod
695 2060 911 2131 aliquis
940 2060 993 2113 ei
1023 2058 1373 2130 injustitiam
1414 2060 1485 2114 de
1516 2060 1710 2131 aliqua
1738 2076 1802 2114 re

142 2154 333 2217 faciat,
370 2152 507 2223 quia
537 2152 873 2205 consentire
916 2150 1073 2216 nolo;
1104 2149 1214 2204 sed
1243 2165 1376 2203 cum
1408 2164 1548 2204 saca
1578 2152 1635 2204 et
1662 2165 1802 2204 soca

143 2247 198 2297 et
229 2241 509 2297 omnibus
565 2240 1098 2295 consuetudinibus
1157 2238 1461 2309 plenaliter
1509 2253 1653 2291 suas
1705 2253 1805 2292 res

144 2334 358 2385 teneat.
392 2328 463 2382 Et
492 2328 543 2383 si
584 2329 638 2383 ei
668 2329 883 2400 aliquis
913 2328 1262 2400 injustitiam
1294 2327 1488 2381 facere
1518 2342 1805 2396 praesum-

144 2419 352 2489 pserit,
386 2417 595 2471 clamet
622 2417 695 2471 ad
728 2432 817 2472 (ne
847 2417 1055 2485 abbas,
1090 2419 1146 2471 et
1176 2430 1289 2487 ego
1321 2416 1374 2469 ei
1410 2416 1641 2485 plenam
1670 2430 1807 2468 rec-

146 2507 450 2563 titudinem
481 2506 554 2560 de
592 2506 811 2576 quibus
845 2505 1188 2560 clamaverit
1218 2504 1451 2558 faciam.

861 2594 1102 2648 XXVIII

149 2685 373 2740 Charta
405 2680 707 2752 Willelmi,
741 2682 911 2753 ducis
938 2682 1390 2753 Norlztmanniw
1419 2686 1477 2736 et
1507 2681 1813 2753 regisAn-

214 2755 379 2827 gliw,
404 2753 854 2827 quaterramge
886 2752 1179 2827 Szaninge
1206 2760 1263 2827 et
1296 2752 1728 2827 Bereministri
1751 2753 1813 2827 _in

214 2823 436 2897 Anglia
469 2823 1190 2897 abbalizeiFiscamnen’si,
1224 2824 1286 2877 in
1319 2823 1533 2877 ducatu
1579 2823 1812 2880 North-

215 2896 496 2965 mannire,
531 2896 821 2950 concedit.

795 2983 998 3054 (Ibid.,
1029 2983 1180 3053 971.)

219 3074 354 3147 Ego
371 3072 755 3142 WILLELIIUS,
777 3073 882 3127 Dei
904 3073 1284 3127 miseratione
1301 3076 1582 3143 patronus
1605 3072 1820 3127 North-

149 3179 529 3231 mannorum,
562 3177 672 3216 rex
695 3163 868 3216 etiam
886 3161 1234 3233 Anglorum,
1256 3162 1464 3217 timore
1495 3162 1598 3216 Dei
1631 3165 1821 3217 tactus

151 3258 207 3308 et
234 3268 464 3321 amore,
497 3256 553 3306 et
581 3266 929 3322 praecavens
960 3250 1103 3303 mihi
1133 3251 1192 3303 in
1230 3249 1513 3321 futurum,
1562 3252 1823 3306 concedo

150 3345 207 3397 et
236 3341 530 3397 confirmo
560 3339 621 3395 S.
657 3344 712 3394 et
752 3339 1072 3394 individuaa
1117 3339 1385 3395 Trinitati
1430 3343 1487 3395 et
1526 3342 1823 3396 ecclesiae

152 3430 573 3499 Fiscannensi,
601 3445 809 3484 omnes
841 3434 1035 3484 terras
1068 3446 1211 3484 suas
1242 3431 1301 3484 in
1343 3430 1576 3502 Anglia,
1610 3433 1826 3486 terram

153 3521 396 3575 scilicet
426 3519 498 3573 de
528 3518 777 3590 Stannig
800 3521 855 3573 et
886 3522 1103 3573 terram
1130 3518 1201 3572 de
1234 3519 1660 3589 Bereministri,
1695 3536 1826 3574 cum

153 3610 439 3663 omnibus
456 3608 689 3662 omnino
704 3607 1068 3677 appendiciis
1084 3611 1536 3675 terrarum,cum
1553 3609 1827 3663 omnibus

154 3698 404 3771 legibus
419 3700 474 3751 et
487 3696 1380 3767 omnibuslibertatibus,liberis
1396 3697 1831 3753 consuetudini-

152 3788 271 3841 bus
308 3788 370 3841 et
399 3785 756 3856 quietantiis,
791 3786 1066 3839 omnibus
1092 3786 1323 3854 placitis
1354 3789 1411 3840 et
1463 3786 1723 3856 querelis
1774 3790 1830 3841 et

156 3876 373 3929 causis
404 3873 678 3927 omnibus
701 3889 834 3943 qum
865 3876 1023 3943 sunt,
1056 3874 1150 3928 vel
1174 3873 1300 3929 fore
1321 3877 1577 3945 possunt
1603 3876 1831 3945 absque

156 3965 281 4018 ulla
312 3962 741 4033 inquietudine,
774 3962 867 4017 vel
897 3962 1279 4017 diminutione
1308 3964 1833 4035 cujuslibetsaacu-

158 4053 309 4107 laris
345 4051 440 4104 vel
485 4050 818 4121 judiciariee
857 4052 1167 4122 potestatis
1199 4052 1354 4106 sicut
1391 4068 1491 4107 res
1520 4053 1593 4107 ad
1624 4053 1835 4108 fiscum

156 4140 529 4196 dominicum
559 4141 941 4209 pertinentes,
975 4139 1167 4205 Quare
1195 4140 1610 4195 inviolabiliter
1629 4142 1838 4212 praeci-

158 4231 259 4300 pio
304 4228 465 4299 quod
521 4229 820 4299 praadictae
879 4232 1056 4283 terrae
1089 4244 1222 4283 cum
1272 4229 1546 4284 omnibus
1600 4230 1837 4285 omnino

158 4332 379 4374 earum
421 4316 784 4386 appendiciis
818 4320 874 4371 et
904 4331 1106 4372 earum
1136 4319 1603 4388 possessoribus
1634 4318 1838 4373 liberae

156 4408 283 4461 sint
315 4408 378 4460 et
406 4406 618 4477 quietae
647 4406 718 4460 ab
742 4405 899 4460 omni
921 4407 1350 4462 consuetudine
1380 4409 1633 4462 terrenae
1657 4407 1840 4462 servi-

162 4496 312 4550 tutis
328 4498 389 4549 et
409 4495 482 4549 ab
497 4495 655 4549 omni
673 4495 1069 4550 dominatione
1088 4500 1144 4551 et
1165 4496 1300 4567 subj
1310 4496 1539 4551 ectione
1554 4496 1842 4552 baronum

156 4584 258 4639 vel
290 4583 635 4655 principum
659 4587 715 4638 et
729 4584 989 4638 omnium
1018 4584 1287 4639 aliorum.
1319 4584 1560 4656 thuod
1582 4585 1767 4640 abbas
1788 4588 1844 4640 et
1875 4571 1928 4633 D

159 4671 454 4728 monachi
484 4672 757 4727 ecclesiae
790 4672 1214 4727 Fiscannensis
1247 4673 1340 4728 vel
1357 4689 1561 4729 eorum
1588 4673 1847 4728 ministri

161 4776 417 4817 omnem
456 4762 683 4833 regiam
725 4761 980 4816 habeant
1016 4762 1345 4817 libertatem
1377 4767 1432 4817 et
1464 4763 1842 4818 consuetudi-

157 4867 328 4920 nem,
366 4852 424 4903 et
454 4865 685 4904 omnem
708 4849 1004 4920 justitiam
1035 4866 1207 4905 suam
1249 4851 1320 4906 de
1354 4852 1631 4906 omnibus
1662 4852 1847 4907 rebus

157 4944 219 4995 et
238 4939 533 4995 omnibus
563 4938 822 5009 negotiis
872 4955 1006 5009 quae
1037 4939 1095 4993 in
1125 4943 1285 4995 terra
1317 4956 1426 4995 sua
1455 4941 1726 4996 evenient
1756 4942 1848 4995 vel

155 5031 455 5099 poterunt
490 5027 747 5095 evenire,
780 5042 892 5081 nec
923 5027 1158 5097 aliquis,
1193 5029 1307 5082 nisi
1338 5044 1444 5098 per
1468 5044 1575 5084 eos
1607 5044 1673 5083 se
1712 5028 1850 5083 inde

155 5115 547 5184 intromittat,
580 5116 716 5185 quia
761 5116 874 5170 hoc
906 5118 1091 5170 totum
1124 5117 1325 5188 regale
1358 5118 1711 5172 beneficium
1760 5120 1852 5172 est

158 5211 222 5262 et
257 5206 343 5260 ab
375 5204 534 5258 omni
567 5204 851 5259 servitute
879 5205 1159 5275 quietum.
1195 5206 1476 5261 Similiter
1505 5207 1765 5262 concedo
1797 5210 1854 5261 et

157 5295 474 5352 conﬁrmo
495 5293 791 5363 praedictae
805 5294 1079 5348 ecclesiae
1116 5293 1510 5350 Fiscannensi
1530 5312 1635 5366 pro
1659 5296 1853 5349 anima

162 5401 310 5439 mea
366 5384 425 5435 et
471 5382 730 5435 omnium
768 5382 1284 5452 praedecessorum
1328 5400 1613 5454 meorum,
1648 5400 1855 5439 omnes

163 5480 388 5530 terras
418 5485 566 5541 quas
597 5472 656 5524 in
697 5470 1144 5541 Northmannia,
1177 5488 1309 5527 cum
1342 5474 1616 5528 omnibus
1656 5489 1857 5527 carum

160 5559 595 5635 pertinenciis,
619 5576 752 5615 cum
778 5560 1050 5615 omnibus
1070 5560 1475 5633 dignitatibus,
1501 5561 1708 5616 liberis
1722 5578 1861 5617 con-

156 5647 608 5716 suetudinibus
638 5652 695 5705 et
725 5640 1062 5723 quietantiis
1075 5649 1374 5723 omnibus,
1408 5665 1559 5724 quas
1580 5650 1859 5708 dominus

1907 589 2186 654 chardus,
2219 588 2277 640 in
2303 588 2742 657 eleemosynam
2773 589 3071 656 praedictae
3103 591 3262 644 dedit
3292 592 3567 657 ecclesia

1906 677 2136 747 quietas
2167 676 2239 729 ab
2273 678 2429 728 omni
2461 677 2863 746 inquietudine
2923 678 3014 731 vel
3047 678 3429 735 diminutione
3455 655 3567 735 cu-

1900 765 2151 836 juslibet
2186 766 2496 819 saecularis
2545 765 2641 819 vel
2682 765 3016 834 judiciariae
3046 770 3385 837 potestatis,
3418 771 3573 824 sicut

1904 871 2004 909 res
2039 854 2109 907 ad
2160 854 2376 907 iiscum
2408 853 2765 908 dominicum
2822 856 3204 924 pertinentes,
3238 858 3395 927 quod
3453 874 3571 913 non

1904 944 2097 997 solum
2146 943 2467 995 multorum
2513 942 2795 996 relatione
2836 943 3034 1013 didici,
3078 946 3183 999 sed
3216 946 3390 1000 etiam
3437 947 3572 1018 ejus

1905 1030 2115 1085 litteris
2146 1029 2445 1101 sigillatis.
2480 1029 2541 1084 Si
2572 1044 2713 1084 vero
2746 1031 2960 1101 aliquis
2993 1036 3193 1087 contra
3226 1034 3377 1088 hanc
3425 1050 3570 1090 con-

1907 1119 2296 1173 firmationem
2319 1134 2503 1173 meam
2538 1119 2752 1189 aliquid
2789 1122 3256 1189 praesumpserit,
3290 1123 3436 1176 iram
3466 1124 3572 1179 Dei

1907 1207 2322 1277 omnipotentis
2346 1208 2606 1260 incurrat
2639 1211 2690 1261 et
2715 1211 2956 1262 coactus
2976 1210 3101 1263 auri
3123 1209 3310 1264 libras
3336 1215 3570 1267 centum

1906 1297 1978 1350 ad
2010 1296 2220 1350 fiscum
2252 1295 2607 1349 dominicum
2641 1297 2959 1366 persolvat.
3000 1298 3125 1353 Hoc
3158 1302 3350 1354 autem
3382 1304 3442 1354 ut
3473 1318 3571 1355 ra-

1896 1388 2028 1451 ,tum
2076 1388 2131 1438 et
2163 1384 2374 1438 stabile
2400 1384 2556 1438 omni
2606 1387 2866 1454 tempore
2897 1391 3257 1456 permaneat,
3315 1404 3574 1445 assensu

1910 1473 2189 1545 conjugis
2221 1489 2366 1528 meae
2394 1477 2449 1527 et
2479 1474 2664 1543 prolis
2697 1478 2751 1528 ct
2781 1490 3095 1544 procerum
3118 1492 3380 1531 meorum
3403 1479 3571 1550 regia

1908 1562 2253 1618 auctoritate
2277 1564 2332 1616 et
2363 1563 2560 1616 crucis
2588 1567 2885 1617 caractere
2912 1564 3193 1619 confirmo
3213 1569 3268 1620 et
3300 1567 3570 1622 manibus

1909 1651 2170 1705 fidelium
2228 1666 2492 1705 meorum
2549 1654 3050 1707 corroborandum
3108 1656 3293 1710 trado.
3323 1656 3570 1727 Signum

1910 1738 2212 1808 Willelmi,
2244 1740 2407 1809 rogis
2438 1740 2767 1812 Anglorum
2797 1742 2861 1809 -ξπ
2896 1740 2955 1795 S.
2990 1742 3309 1813 Mathildis,
3346 1746 3570 1816 reginae

1833 1847 1883 1908 Β
1912 1828 2263 1900 Anglorum.
2298 1827 2358 1882 S.
2404 1828 2679 1882 Willelmi
2715 1830 2967 1898 comitis,
3003 1830 3104 1884 filli
3137 1833 3322 1903 regis.
3353 1833 3413 1887 S.
3449 1835 3571 1890 llo-

1911 1917 2061 1972 berti
2092 1916 2323 1971 comitis
2346 1916 2448 1970 filii
2481 1918 2665 1988 regis.
2708 1919 2767 1971 S.
2806 1918 3049 1973 Hoberti
3081 1920 3152 1973 de
3186 1920 3572 1993 Bellomonte,

1912 2005 1972 2060 S.
2010 2006 2253 2060 Henrici
2295 2006 2366 2059 de
2420 2005 2801 2060 Bellomonte.
2864 2007 2923 2060 S.
2985 2008 3224 2062 lioberti
3255 2010 3327 2064 de
3350 2010 3574 2066 Monte-

1915 2094 2240 2165 gomcrico.
2274 2093 2334 2148 S.
2383 2094 2628 2164 Odonis,
2662 2096 2927 2166 episcOpi
2975 2097 3346 2168 Bajocensis.
3382 2099 3442 2154 S.
3480 2102 3576 2169 R.,

1918 2183 2152 2237 comitis
2185 2182 2532 2237 Moritoniae.
2562 2184 2620 2236 S.
2654 2184 2946 2254 IIugonis,
2969 2186 3199 2240 comitis
3222 2186 3489 2242 Cestria).
3514 2190 3576 2243 S.

1912 2271 2035 2340 W.,
2059 2270 2287 2325 abbatis
2323 2270 2765 2326 Cormeliensis.
2792 2272 2851 2326 S.
2907 2272 3570 2331 Osmundicancellarii.

1915 2360 1975 2414 S.
2015 2360 2237 2431 Rogeri
2265 2360 2335 2413 de
2362 2360 2744 2415 Bellomonte.
2779 2360 2839 2414 S.
2866 2361 3145 2417 Fulconis
3177 2364 3248 2417 de
3272 2363 3580 2419 Mosterio-

1914 2447 1993 2502 lo.
2028 2448 2087 2500 S.
2124 2446 2431 2517 Bernardi,
2463 2446 2567 2501 filii
2592 2447 2852 2518 Ospacti.

2655 2555 2847 2610 XXIX

1924 2643 2145 2697 Charta
2186 2643 2355 2717 regis
2413 2642 2701 2717 Willelmi
2720 2644 3156 2717 Conquestoris
3185 2663 3292 2717 qua
3324 2648 3587 2704 donatio-

1996 2730 2103 2767 nes
2136 2715 2520 2786 ecclesiarum
2553 2716 2627 2769 de
2664 2715 3026 2785 Minelierte,
3061 2715 3411 2786 Bridetune,
3448 2720 3587 2776 Sco-

1997 2790 2202 2859 restan
2221 2791 2282 2859 et
2314 2784 2641 2859 Lancestre
2659 2787 2719 2859 in
2738 2787 2782 2840 A
2797 2787 2955 2859 nglia
2978 2784 3339 2844 monasterio
3364 2784 3590 2847 Fonta-

1997 2858 2178 2915 nensi
2208 2856 2269 2909 in
2302 2856 2515 2911 ducatu
2533 2856 2992 2913 Northmannim
3030 2859 3356 2916 confirmat.

2487 2962 2687 3033 (Ibid.,
2722 2980 2858 3037 pag.
2891 2964 3042 3037 974.)

1999 3073 2217 3127 Notum
2246 3070 2635 3141 sitomnibus,
2658 3073 2775 3125 tam
2793 3073 3051 3141 posteris
3077 3090 3250 3144 quam
3280 3075 3590 3145 praesenti-

1927 3163 2063 3228 bus,
2099 3160 2257 3232 quod
2290 3175 2403 3232 ego
2438 3159 2822 3230 WILLELMUS,
2853 3161 2956 3215 Dei
2987 3164 3177 3233 gratia
3225 3164 3345 3219 dux
3378 3165 3591 3220 North-

1928 3250 2179 3305 manniaa
2213 3252 2269 3303 et
2290 3263 2397 3303 rex
2433 3249 2785 3319 Anglorum,
2810 3266 2915 3318 pro
2946 3252 3348 3323 redemptione
3380 3253 3593 3308 anima:

1929 3354 2076 3393 meae
2109 3341 2165 3392 et
2185 3337 2373 3392 salute
2405 3335 2683 3407 conjugis
2706 3341 2761 3391 et
2784 3338 3040 3393 filiorum
3061 3356 3346 3410 meorum,
3374 3342 3594 3397 Fonta-

1931 3427 2184 3483 nellensi
2227 3427 2587 3480 monasterio
2619 3425 2680 3479 in
2712 3427 2935 3482 honore
2966 3431 3157 3483 sancti
3196 3430 3597 3502 V'andregisili

1934 3519 2299 3582 constructo,
2328 3530 2435 3584 pro
2467 3530 2665 3570 amore
2694 3514 2988 3571 Guncardi
3021 3519 3305 3588 capellani
3330 3521 3463 3589 mei,
3496 3520 3598 3591 qui

1935 3605 2016 3659 ibi
2075 3604 2402 3659 monachus
2459 3602 2651 3659 factus
2709 3608 2822 3674 est,
2882 3612 3133 3676 quatuor
3190 3608 3479 3663 ecclesias
3534 3608 3596 3663 in

1937 3694 2189 3765 Anglice
2218 3696 2373 3747 terra
2403 3694 2631 3763 positas
2650 3695 2945 3762 concessi,
2979 3711 3111 3749 cum
3132 3696 3380 3751 decimis
3402 3702 3459 3751 et
3480 3712 3603 3750 om-

1940 3783 2117 3836 nibus
2151 3783 2279 3836 suis
2312 3781 2626 3851 custumis,
2651 3782 2806 3836 sicut
2825 3787 3175 3839 antecessor
3191 3786 3603 3840 Guncardieas

1941 3871 2147 3937 tenuit,
2179 3872 2882 3939 tempore'antecessoris
2933 3874 3048 3926 mei
3085 3873 3275 3928 beata:
3306 3874 3607 3928 memoriae

1945 3959 2219 4013 Edwardi
2242 3959 2427 4029 regis.
2448 3958 2704 4023 Quarum
2726 3959 2842 4013 duo
2867 3960 3190 4016 Mincherte
3214 3967 3270 4016 et
3290 3963 3607 4017 Bridetune

1945 4052 2085 4103 sunt
2113 4048 2462 4119 inlcomitatn
2479 4047 2877 4103 Wilte—scire.
2897 4050 3111 4112 Quarta
3127 4066 3269 4105 vero
3284 4051 3609 4106 Loncestre

1946 4140 2041 4193 est
2060 4138 2120 4191 in
2138 4136 2414 4191 comitatu
2442 4136 2984 4191 Dorthause-scire.
3020 4137 3090 4191 Et
3117 4142 3179 4192 ut
3207 4138 3441 4192 donatio
3485 4142 3611 4192 rata

1948 4230 2003 4281 et
2052 4227 2277 4279 firmata
2308 4226 2387 4279 Sit
2430 4227 2670 4295 proprio
2718 4225 2892 4297 signo
2923 4242 3051 4280 eam
3085 4227 3464 4295 auctorisavi;
3496 4226 3611 4280 im-

1949 4330 2202 4386 precans
2252 4314 2341 4369 eis
2386 4314 2693 4369 anathema
2724 4318 2780 4369 et
2819 4314 3310 4383 maledictionem,
3352 4316 3451 4387 qui
3484 4330 3613 4370 eam

1954 4403 2303 4459 violaverint
2334 4405 2393 4457 et
2420 4417 2547 4457 eam
2576 4404 2914 4459 disturbare
2945 4405 3261 4475 voluerint,
3303 4408 3415 4460 etc.

2701 4510 2864 4565 XXX

1962 4619 2182 4674 Charta
2223 4616 2391 4689 regis
2429 4616 2706 4672 Willelmi
2743 4634 2856 4689 pro
2890 4618 3257 4675 xenodoehio
3318 4618 3384 4675 Β.
3444 4618 3623 4674 Petri

2256 4726 2262 4731 ε
2591 4706 2986 4762 Eboracensi.

2527 4814 2703 4885 (Ibid.
2738 4830 2873 4887 pag.
2901 4814 3050 4884 369.)

2036 4938 2399 4993 WILLsLnus
2418 4953 2525 4992 rex
2555 4938 2786 5010 Anglice
2816 4940 3092 4995 omnibus
3112 4939 3451 4995 hominibus
3472 4943 3529 4995 ct
3554 4939 3621 4994 li-

1961 5030 2079 5101 giis
2110 5027 2335 5082 nostris
2367 5031 2482 5080 tam
2521 5026 2770 5080 Francis
2803 5043 2978 5097 quam
3010 5029 3245 5100 Anglis,
3280 5030 3555 5084 salutem.

2032 5116 2247 5171 Sciatis
2273 5130 2363 5169 me
2396 5114 2637 5169 dedisse
2658 5120 2713 5169 et
2748 5116 3136 5171 confirmasse
3169 5118 3445 5189 hOSpitali
3473 5118 3631 5174 beati

1961 5206 2122 5262 Petri
2160 5204 2411 5258 Eboraci
2442 5203 2600 5257 illam
2631 5204 2929 5275 antiquam
2959 5206 3397 5277 eleemosynam
3446 5223 3630 5278 supra

1964 5312 2081 5369 qua
2112 5294 2332 5349 dictum
2354 5292 2643 5360 hospitale
2667 5292 2971 5347 fundatum
2993 5296 3215 5359 existit;
3239 5296 3534 5365 videlicet,
3560 5295 3634 5351 de

1965 5383 2226 5457 qualibet
2259 5396 2474 5435 caruca
2489 5383 2688 5433 arante
2718 5381 2775 5434 in
2795 5382 3096 5453 episcopio
3120 5382 3372 5439 Eboraci
3403 5388 3630 5439 travam

1967 5489 2141 5530 unam
2198 5470 2373 5525 bladi.
2411 5469 2711 5538 -Testibus
2742 5470 2807 5524 T.
2843 5472 3317 5545 archiepiscopo,
3366 5473 3629 5533 Galfrido

1968 5560 2260 5636 Baynard,
2298 5557 2604 5629 Radulpho
2623 5559 2966 5633 Paganello,
3000 5565 3057 5617 et
3080 5561 3238 5621 aliis.
