  <div class='ocr_page' id='page_1' title='image "/cluster/home/n/w/nwhite01/storage/ocr_20150623/149/hvd.32044054760079/691.png"; bbox 0 0 4048 6164; ppageno 0'>
   <div class='ocr_carea' id='block_1_1' title="bbox 538 257 684 318">
    <p class='ocr_par' dir='ltr' id='par_1_1' title="bbox 538 257 684 318">
     <span class='ocr_line' id='line_1_1' title="bbox 538 257 684 318; baseline 0 -2"><span class='ocrx_word' id='word_1_1' title='bbox 538 257 684 318; x_wconf 77' lang='grc'>1371</span> 
     </span>
    </p>
   </div>
   <div class='ocr_carea' id='block_1_2' title="bbox 1236 452 1425 506">
    <p class='ocr_par' dir='ltr' id='par_1_2' title="bbox 1236 452 1425 506">
     <span class='ocr_line' id='line_1_2' title="bbox 1236 452 1425 506; baseline -0.011 0"><span class='ocrx_word' id='word_1_2' title='bbox 1236 452 1425 506; x_wconf 82' lang='lat' dir='ltr'>XXXI</span> 
     </span>
    </p>
   </div>
   <div class='ocr_carea' id='block_1_3' title="bbox 518 558 2181 629">
    <p class='ocr_par' dir='ltr' id='par_1_3' title="bbox 518 558 2181 629">
     <span class='ocr_line' id='line_1_3' title="bbox 518 558 2181 629; baseline -0.001 -14"><span class='ocrx_word' id='word_1_3' title='bbox 518 562 738 615; x_wconf 79' lang='lat' dir='ltr'>Charta</span> <span class='ocrx_word' id='word_1_4' title='bbox 784 558 1073 614; x_wconf 71' lang='lat' dir='ltr'>lVi/leImi</span> <span class='ocrx_word' id='word_1_5' title='bbox 1108 558 1436 629; x_wconf 64' lang='lat' dir='ltr'>Anglorum</span> <span class='ocrx_word' id='word_1_6' title='bbox 1480 558 1649 629; x_wconf 82' lang='lat' dir='ltr'>regis</span> <span class='ocrx_word' id='word_1_7' title='bbox 1670 573 1783 629; x_wconf 81' lang='lat' dir='ltr'>pro</span> <span class='ocrx_word' id='word_1_8' title='bbox 1818 559 2181 613; x_wconf 82' lang='lat' dir='ltr'>monasterio</span> 
     </span>
    </p>
   </div>
   <div class='ocr_carea' id='block_1_4' title="bbox 1134 627 1524 683">
    <p class='ocr_par' dir='ltr' id='par_1_4' title="bbox 1134 627 1524 683">
     <span class='ocr_line' id='line_1_4' title="bbox 1134 627 1524 683; baseline 0 -1"><span class='ocrx_word' id='word_1_9' title='bbox 1134 627 1524 683; x_wconf 80' lang='lat' dir='ltr'>Fleriacensi.</span> 
     </span>
    </p>
   </div>
   <div class='ocr_carea' id='block_1_5' title="bbox 1142 732 1553 803">
    <p class='ocr_par' dir='ltr' id='par_1_5' title="bbox 1142 732 1553 803">
     <span class='ocr_line' id='line_1_5' title="bbox 1142 732 1553 803; baseline 0 -16"><span class='ocrx_word' id='word_1_10' title='bbox 1142 734 1334 803; x_wconf 91' lang='lat' dir='ltr'>(Anno</span> <span class='ocrx_word' id='word_1_11' title='bbox 1370 732 1553 803; x_wconf 74' lang='lat'>1067.)</span> 
     </span>
    </p>
   </div>
   <div class='ocr_carea' id='block_1_6' title="bbox 514 828 2179 913">
    <p class='ocr_par' dir='ltr' id='par_1_6' title="bbox 514 828 2179 913">
     <span class='ocr_line' id='line_1_6' title="bbox 514 828 2179 913; baseline 0 -16"><span class='ocrx_word' id='word_1_12' title='bbox 514 845 704 912; x_wconf 83' lang='lat' dir='ltr'>(Dom.</span> <span class='ocrx_word' id='word_1_13' title='bbox 739 843 1033 909; x_wconf 73' lang='grc' dir='ltr'>ΜΑιειτεΝ.,</span> <span class='ocrx_word' id='word_1_14' title='bbox 1077 840 1426 913; x_wconf 76' lang='lat' dir='ltr'>_Tliesaurus</span> <span class='ocrx_word' id='word_1_15' title='bbox 1461 828 1811 913; x_wconf 42' lang='lat' dir='ltr'>Anec&#39;doctq</span> <span class='ocrx_word' id='word_1_16' title='bbox 1848 841 1897 909; x_wconf 93' lang='grc'>1,</span> <span class='ocrx_word' id='word_1_17' title='bbox 1930 840 2056 913; x_wconf 88' lang='grc'>196,</span> <span class='ocrx_word' id='word_1_18' title='bbox 2108 859 2179 897; x_wconf 89' lang='lat' dir='ltr'>ex</span> 
     </span>
    </p>
   </div>
   <div class='ocr_carea' id='block_1_7' title="bbox 971 910 1680 975">
    <p class='ocr_par' dir='ltr' id='par_1_7' title="bbox 971 910 1680 975">
     <span class='ocr_line' id='line_1_7' title="bbox 971 910 1680 975; baseline -0.001 -10"><span class='ocrx_word' id='word_1_19' title='bbox 971 911 1233 965; x_wconf 88' lang='lat' dir='ltr'>archivis</span> <span class='ocrx_word' id='word_1_20' title='bbox 1264 910 1323 965; x_wconf 85' lang='lat' dir='ltr'>S.</span> <span class='ocrx_word' id='word_1_21' title='bbox 1366 912 1680 975; x_wconf 81' lang='lat' dir='ltr'>Audoeni.)</span> 
     </span>
    </p>
   </div>
   <div class='ocr_carea' id='block_1_8' title="bbox 582 1034 2171 1107">
    <p class='ocr_par' dir='ltr' id='par_1_8' title="bbox 582 1034 2171 1107">
     <span class='ocr_line' id='line_1_8' title="bbox 582 1034 2171 1107; baseline 0 -16"><span class='ocrx_word' id='word_1_22' title='bbox 582 1037 930 1107; x_wconf 87' lang='lat' dir='ltr'>Quicunque</span> <span class='ocrx_word' id='word_1_23' title='bbox 962 1035 1071 1088; x_wconf 89' lang='lat' dir='ltr'>hac</span> <span class='ocrx_word' id='word_1_24' title='bbox 1105 1034 1299 1105; x_wconf 76' lang='lat' dir='ltr'>fragili</span> <span class='ocrx_word' id='word_1_25' title='bbox 1334 1036 1389 1087; x_wconf 94' lang='lat' dir='ltr'>et</span> <span class='ocrx_word' id='word_1_26' title='bbox 1418 1035 1638 1088; x_wconf 90' lang='lat' dir='ltr'>caduca</span> <span class='ocrx_word' id='word_1_27' title='bbox 1669 1034 2004 1089; x_wconf 90' lang='lat' dir='ltr'>detinentur</span> <span class='ocrx_word' id='word_1_28' title='bbox 2034 1038 2171 1103; x_wconf 85' lang='lat' dir='ltr'>vita,</span> 
     </span>
    </p>
   </div>
   <div class='ocr_carea' id='block_1_9' title="bbox 513 1123 2172 1195">
    <p class='ocr_par' dir='ltr' id='par_1_9' title="bbox 513 1123 2172 1195">
     <span class='ocr_line' id='line_1_9' title="bbox 513 1123 2172 1195; baseline 0 -14"><span class='ocrx_word' id='word_1_29' title='bbox 513 1128 739 1195; x_wconf 77' lang='lat' dir='ltr'>oportet</span> <span class='ocrx_word' id='word_1_30' title='bbox 761 1128 819 1178; x_wconf 93' lang='lat' dir='ltr'>ut</span> <span class='ocrx_word' id='word_1_31' title='bbox 835 1138 1073 1193; x_wconf 77' lang='lat' dir='ltr'>semper</span> <span class='ocrx_word' id='word_1_32' title='bbox 1091 1123 1343 1176; x_wconf 79' lang='lat' dir='ltr'>habeant</span> <span class='ocrx_word' id='word_1_33' title='bbox 1373 1139 1494 1192; x_wconf 84' lang='lat' dir='ltr'>prae</span> <span class='ocrx_word' id='word_1_34' title='bbox 1516 1123 1706 1177; x_wconf 89' lang='lat' dir='ltr'>oculis</span> <span class='ocrx_word' id='word_1_35' title='bbox 1732 1125 2172 1181; x_wconf 89' lang='lat' dir='ltr'>discussionem</span> 
     </span>
    </p>
   </div>
   <div class='ocr_carea' id='block_1_10' title="bbox 513 1210 2176 1284">
    <p class='ocr_par' dir='ltr' id='par_1_10' title="bbox 513 1210 2176 1284">
     <span class='ocr_line' id='line_1_10' title="bbox 513 1210 2176 1284; baseline 0.001 -17"><span class='ocrx_word' id='word_1_36' title='bbox 513 1215 617 1267; x_wconf 92' lang='lat' dir='ltr'>Dei</span> <span class='ocrx_word' id='word_1_37' title='bbox 650 1213 1086 1282; x_wconf 83' lang='lat' dir='ltr'>omnipotentis,</span> <span class='ocrx_word' id='word_1_38' title='bbox 1121 1216 1176 1265; x_wconf 93' lang='lat' dir='ltr'>et</span> <span class='ocrx_word' id='word_1_39' title='bbox 1208 1214 1382 1281; x_wconf 89' lang='lat' dir='ltr'>agant</span> <span class='ocrx_word' id='word_1_40' title='bbox 1417 1210 1552 1263; x_wconf 90' lang='lat' dir='ltr'>dum</span> <span class='ocrx_word' id='word_1_41' title='bbox 1585 1211 1739 1281; x_wconf 92' lang='lat' dir='ltr'>licet,</span> <span class='ocrx_word' id='word_1_42' title='bbox 1791 1229 1862 1266; x_wconf 94' lang='lat' dir='ltr'>ne</span> <span class='ocrx_word' id='word_1_43' title='bbox 1895 1214 1951 1266; x_wconf 92' lang='lat' dir='ltr'>in</span> <span class='ocrx_word' id='word_1_44' title='bbox 1984 1213 2176 1284; x_wconf 88' lang='lat' dir='ltr'>ipsius</span> 
     </span>
    </p>
   </div>
   <div class='ocr_carea' id='block_1_11' title="bbox 504 1300 2174 1373">
    <p class='ocr_par' dir='ltr' id='par_1_11' title="bbox 504 1300 2174 1373">
     <span class='ocr_line' id='line_1_11' title="bbox 504 1300 2174 1373; baseline 0.001 -18"><span class='ocrx_word' id='word_1_45' title='bbox 504 1302 731 1372; x_wconf 91' lang='lat' dir='ltr'>judicio</span> <span class='ocrx_word' id='word_1_46' title='bbox 761 1301 1137 1354; x_wconf 81' lang='lat' dir='ltr'>inveniantur</span> <span class='ocrx_word' id='word_1_47' title='bbox 1167 1300 1222 1353; x_wconf 90' lang='lat' dir='ltr'>in</span> <span class='ocrx_word' id='word_1_48' title='bbox 1256 1300 1496 1353; x_wconf 90' lang='lat' dir='ltr'>sinistra</span> <span class='ocrx_word' id='word_1_49' title='bbox 1529 1304 1690 1368; x_wconf 89' lang='lat' dir='ltr'>parte</span> <span class='ocrx_word' id='word_1_50' title='bbox 1715 1316 1849 1354; x_wconf 91' lang='lat' dir='ltr'>eum</span> <span class='ocrx_word' id='word_1_51' title='bbox 1877 1303 2174 1373; x_wconf 86' lang='lat' dir='ltr'>reprobis;</span> 
     </span>
    </p>
   </div>
   <div class='ocr_carea' id='block_1_12' title="bbox 510 1388 2179 1462">
    <p class='ocr_par' dir='ltr' id='par_1_12' title="bbox 510 1388 2179 1462">
     <span class='ocr_line' id='line_1_12' title="bbox 510 1388 2179 1462; baseline 0.001 -18"><span class='ocrx_word' id='word_1_52' title='bbox 510 1390 761 1444; x_wconf 83' lang='lat' dir='ltr'>maxime</span> <span class='ocrx_word' id='word_1_53' title='bbox 811 1388 1048 1459; x_wconf 86' lang='lat' dir='ltr'>quidem</span> <span class='ocrx_word' id='word_1_54' title='bbox 1081 1388 1215 1442; x_wconf 91' lang='lat' dir='ltr'>illos</span> <span class='ocrx_word' id='word_1_55' title='bbox 1260 1404 1411 1459; x_wconf 91' lang='lat' dir='ltr'>quos</span> <span class='ocrx_word' id='word_1_56' title='bbox 1459 1388 1563 1441; x_wconf 87' lang='lat' dir='ltr'>Dei</span> <span class='ocrx_word' id='word_1_57' title='bbox 1594 1390 1961 1457; x_wconf 85' lang='lat' dir='ltr'>providentia</span> <span class='ocrx_word' id='word_1_58' title='bbox 1994 1407 2179 1462; x_wconf 85' lang='lat' dir='ltr'>super</span> 
     </span>
    </p>
   </div>
   <div class='ocr_carea' id='block_1_13' title="bbox 510 1477 2176 1548">
    <p class='ocr_par' dir='ltr' id='par_1_13' title="bbox 510 1477 2176 1548">
     <span class='ocr_line' id='line_1_13' title="bbox 510 1477 2176 1548; baseline 0.001 -16"><span class='ocrx_word' id='word_1_59' title='bbox 510 1480 661 1532; x_wconf 90' lang='lat' dir='ltr'>alios</span> <span class='ocrx_word' id='word_1_60' title='bbox 704 1478 939 1546; x_wconf 82' lang='lat' dir='ltr'>extulit,</span> <span class='ocrx_word' id='word_1_61' title='bbox 971 1478 1107 1548; x_wconf 90' lang='lat' dir='ltr'>quia</span> <span class='ocrx_word' id='word_1_62' title='bbox 1145 1481 1361 1547; x_wconf 88' lang='lat' dir='ltr'>quanto</span> <span class='ocrx_word' id='word_1_63' title='bbox 1415 1477 1659 1531; x_wconf 89' lang='lat' dir='ltr'>ditiores</span> <span class='ocrx_word' id='word_1_64' title='bbox 1695 1481 1749 1530; x_wconf 90' lang='lat' dir='ltr'>et</span> <span class='ocrx_word' id='word_1_65' title='bbox 1794 1479 2176 1534; x_wconf 90' lang='lat' dir='ltr'>sublimiores</span> 
     </span>
    </p>
   </div>
   <div class='ocr_carea' id='block_1_14' title="bbox 510 1565 2178 1637">
    <p class='ocr_par' dir='ltr' id='par_1_14' title="bbox 510 1565 2178 1637">
     <span class='ocr_line' id='line_1_14' title="bbox 510 1565 2178 1637; baseline 0 -15"><span class='ocrx_word' id='word_1_66' title='bbox 510 1570 650 1623; x_wconf 91' lang='lat' dir='ltr'>sunt</span> <span class='ocrx_word' id='word_1_67' title='bbox 685 1567 917 1621; x_wconf 60' lang='lat' dir='ltr'>caeteris</span> <span class='ocrx_word' id='word_1_68' title='bbox 931 1608 945 1636; x_wconf 94' lang='lat'>,</span> <span class='ocrx_word' id='word_1_69' title='bbox 969 1568 1126 1619; x_wconf 91' lang='lat' dir='ltr'>tanto</span> <span class='ocrx_word' id='word_1_70' title='bbox 1142 1565 1212 1619; x_wconf 91' lang='lat' dir='ltr'>ad</span> <span class='ocrx_word' id='word_1_71' title='bbox 1231 1566 1382 1619; x_wconf 90' lang='lat' dir='ltr'>bona</span> <span class='ocrx_word' id='word_1_72' title='bbox 1402 1581 1581 1634; x_wconf 85' lang='lat' dir='ltr'>opera</span> <span class='ocrx_word' id='word_1_73' title='bbox 1602 1568 2003 1637; x_wconf 86' lang='lat' dir='ltr'>exsequenda,</span> <span class='ocrx_word' id='word_1_74' title='bbox 2030 1572 2085 1621; x_wconf 93' lang='lat' dir='ltr'>et</span> <span class='ocrx_word' id='word_1_75' title='bbox 2105 1569 2178 1622; x_wconf 92' lang='lat' dir='ltr'>ad</span> 
     </span>
    </p>
   </div>
   <div class='ocr_carea' id='block_1_15' title="bbox 504 1654 2177 1729">
    <p class='ocr_par' dir='ltr' id='par_1_15' title="bbox 504 1654 2177 1729">
     <span class='ocr_line' id='line_1_15' title="bbox 504 1654 2177 1729; baseline 0 -19"><span class='ocrx_word' id='word_1_76' title='bbox 504 1658 669 1729; x_wconf 89' lang='lat' dir='ltr'>justa</span> <span class='ocrx_word' id='word_1_77' title='bbox 690 1656 1085 1726; x_wconf 83' lang='lat' dir='ltr'>promptiores</span> <span class='ocrx_word' id='word_1_78' title='bbox 1118 1669 1254 1708; x_wconf 85' lang='lat' dir='ltr'>esse</span> <span class='ocrx_word' id='word_1_79' title='bbox 1282 1654 1498 1708; x_wconf 92' lang='lat' dir='ltr'>debent</span> <span class='ocrx_word' id='word_1_80' title='bbox 1522 1654 1765 1725; x_wconf 88' lang='lat' dir='ltr'>judicia.</span> <span class='ocrx_word' id='word_1_81' title='bbox 1800 1655 1942 1719; x_wconf 59' lang='lat' dir='ltr'>Quae</span> <span class='ocrx_word' id='word_1_82' title='bbox 1984 1656 2177 1710; x_wconf 88' lang='lat' dir='ltr'>omnia</span> 
     </span>
    </p>
   </div>
   <div class='ocr_carea' id='block_1_16' title="bbox 508 1743 2176 1815">
    <p class='ocr_par' dir='ltr' id='par_1_16' title="bbox 508 1743 2176 1815">
     <span class='ocr_line' id='line_1_16' title="bbox 508 1743 2176 1815; baseline 0 -15"><span class='ocrx_word' id='word_1_83' title='bbox 508 1745 964 1815; x_wconf 86' lang='lat' dir='ltr'>perpendentes,</span> <span class='ocrx_word' id='word_1_84' title='bbox 1014 1747 1070 1797; x_wconf 92' lang='lat' dir='ltr'>et</span> <span class='ocrx_word' id='word_1_85' title='bbox 1100 1758 1303 1797; x_wconf 88' lang='lat' dir='ltr'>secum</span> <span class='ocrx_word' id='word_1_86' title='bbox 1347 1743 1553 1797; x_wconf 90' lang='lat' dir='ltr'>scdulo</span> <span class='ocrx_word' id='word_1_87' title='bbox 1585 1747 2030 1812; x_wconf 87' lang='lat' dir='ltr'>pertractantes,</span> <span class='ocrx_word' id='word_1_88' title='bbox 2071 1746 2176 1800; x_wconf 81' lang='lat' dir='ltr'>Ri-</span> 
     </span>
    </p>
   </div>
   <div class='ocr_carea' id='block_1_17' title="bbox 510 1831 2172 1904">
    <p class='ocr_par' dir='ltr' id='par_1_17' title="bbox 510 1831 2172 1904">
     <span class='ocr_line' id='line_1_17' title="bbox 510 1831 2172 1904; baseline 0.001 -17"><span class='ocrx_word' id='word_1_89' title='bbox 510 1835 773 1888; x_wconf 88' lang='lat' dir='ltr'>chardus</span> <span class='ocrx_word' id='word_1_90' title='bbox 793 1833 1266 1887; x_wconf 87' lang='lat' dir='ltr'>Normannorum</span> <span class='ocrx_word' id='word_1_91' title='bbox 1282 1831 1485 1898; x_wconf 85' lang='lat' dir='ltr'>dux,et</span> <span class='ocrx_word' id='word_1_92' title='bbox 1502 1832 1801 1885; x_wconf 79' lang='lat' dir='ltr'>Robertus</span> <span class='ocrx_word' id='word_1_93' title='bbox 1825 1832 2172 1904; x_wconf 88' lang='lat' dir='ltr'>fraterejus,</span> 
     </span>
    </p>
   </div>
   <div class='ocr_carea' id='block_1_18' title="bbox 511 1919 2174 1992">
    <p class='ocr_par' dir='ltr' id='par_1_18' title="bbox 511 1919 2174 1992">
     <span class='ocr_line' id='line_1_18' title="bbox 511 1919 2174 1992; baseline 0 -16"><span class='ocrx_word' id='word_1_94' title='bbox 511 1938 616 1992; x_wconf 90' lang='lat' dir='ltr'>pro</span> <span class='ocrx_word' id='word_1_95' title='bbox 652 1921 1052 1990; x_wconf 84' lang='lat' dir='ltr'>redemptione</span> <span class='ocrx_word' id='word_1_96' title='bbox 1075 1923 1131 1973; x_wconf 92' lang='lat' dir='ltr'>et</span> <span class='ocrx_word' id='word_1_97' title='bbox 1155 1919 1344 1974; x_wconf 87' lang='lat' dir='ltr'>salute</span> <span class='ocrx_word' id='word_1_98' title='bbox 1368 1920 1693 1974; x_wconf 90' lang='lat' dir='ltr'>animarum</span> <span class='ocrx_word' id='word_1_99' title='bbox 1713 1926 2038 1989; x_wconf 90' lang='lat' dir='ltr'>suarum,et</span> <span class='ocrx_word' id='word_1_100' title='bbox 2069 1939 2174 1976; x_wconf 88' lang='lat' dir='ltr'>au-</span> 
     </span>
    </p>
   </div>
   <div class='ocr_carea' id='block_1_19' title="bbox 510 2008 2173 2077">
    <p class='ocr_par' dir='ltr' id='par_1_19' title="bbox 510 2008 2173 2077">
     <span class='ocr_line' id='line_1_19' title="bbox 510 2008 2173 2077; baseline 0 -12"><span class='ocrx_word' id='word_1_101' title='bbox 510 2015 883 2066; x_wconf 91' lang='lat' dir='ltr'>tecessorum</span> <span class='ocrx_word' id='word_1_102' title='bbox 904 2008 1549 2077; x_wconf 88' lang='lat' dir='ltr'>suorum,contulerunt</span> <span class='ocrx_word' id='word_1_103' title='bbox 1566 2010 1684 2063; x_wconf 93' lang='lat' dir='ltr'>Deo</span> <span class='ocrx_word' id='word_1_104' title='bbox 1700 2013 1756 2063; x_wconf 91' lang='lat' dir='ltr'>et</span> <span class='ocrx_word' id='word_1_105' title='bbox 1772 2010 1830 2063; x_wconf 89' lang='lat' dir='ltr'>S.</span> <span class='ocrx_word' id='word_1_106' title='bbox 1856 2011 2173 2066; x_wconf 89' lang='lat' dir='ltr'>Benedicto</span> 
     </span>
    </p>
   </div>
   <div class='ocr_carea' id='block_1_20' title="bbox 511 2096 2174 2168">
    <p class='ocr_par' dir='ltr' id='par_1_20' title="bbox 511 2096 2174 2168">
     <span class='ocr_line' id='line_1_20' title="bbox 511 2096 2174 2168; baseline 0 -13"><span class='ocrx_word' id='word_1_107' title='bbox 511 2100 826 2155; x_wconf 86' lang='lat' dir='ltr'>ecclesiam</span> <span class='ocrx_word' id='word_1_108' title='bbox 866 2098 925 2151; x_wconf 88' lang='lat' dir='ltr'>S.</span> <span class='ocrx_word' id='word_1_109' title='bbox 952 2098 1154 2152; x_wconf 84' lang='lat' dir='ltr'>Jacobi</span> <span class='ocrx_word' id='word_1_110' title='bbox 1186 2096 1648 2166; x_wconf 78' lang='lat' dir='ltr'>(Saint-JameS),</span> <span class='ocrx_word' id='word_1_111' title='bbox 1682 2115 1813 2168; x_wconf 82' lang='lat' dir='ltr'>quae</span> <span class='ocrx_word' id='word_1_112' title='bbox 1832 2099 1888 2151; x_wconf 91' lang='lat' dir='ltr'>iu</span> <span class='ocrx_word' id='word_1_113' title='bbox 1921 2101 2174 2155; x_wconf 84' lang='lat' dir='ltr'>confinio</span> 
     </span>
    </p>
   </div>
   <div class='ocr_carea' id='block_1_21' title="bbox 513 2185 2177 2259">
    <p class='ocr_par' dir='ltr' id='par_1_21' title="bbox 513 2185 2177 2259">
     <span class='ocr_line' id='line_1_21' title="bbox 513 2185 2177 2259; baseline 0.001 -17"><span class='ocrx_word' id='word_1_114' title='bbox 513 2186 896 2242; x_wconf 68' lang='lat' dir='ltr'>Normanniae</span> <span class='ocrx_word' id='word_1_115' title='bbox 915 2189 973 2240; x_wconf 91' lang='lat' dir='ltr'>et</span> <span class='ocrx_word' id='word_1_116' title='bbox 1002 2185 1318 2240; x_wconf 59' lang='lat' dir='ltr'>Britannia</span> <span class='ocrx_word' id='word_1_117' title='bbox 1337 2186 1449 2239; x_wconf 85' lang='lat' dir='ltr'>sita</span> <span class='ocrx_word' id='word_1_118' title='bbox 1479 2188 1589 2255; x_wconf 89' lang='lat' dir='ltr'>est,</span> <span class='ocrx_word' id='word_1_119' title='bbox 1614 2202 1746 2239; x_wconf 90' lang='lat' dir='ltr'>eum</span> <span class='ocrx_word' id='word_1_120' title='bbox 1766 2190 1919 2241; x_wconf 88' lang='lat' dir='ltr'>terra</span> <span class='ocrx_word' id='word_1_121' title='bbox 1950 2193 2006 2242; x_wconf 90' lang='lat' dir='ltr'>et</span> <span class='ocrx_word' id='word_1_122' title='bbox 2026 2205 2177 2259; x_wconf 85' lang='lat' dir='ltr'>aqua</span> 
     </span>
    </p>
   </div>
   <div class='ocr_carea' id='block_1_22' title="bbox 508 2273 2175 2343">
    <p class='ocr_par' dir='ltr' id='par_1_22' title="bbox 508 2273 2175 2343">
     <span class='ocr_line' id='line_1_22' title="bbox 508 2273 2175 2343; baseline 0 -12"><span class='ocrx_word' id='word_1_123' title='bbox 508 2276 696 2332; x_wconf 89' lang='lat' dir='ltr'>eidem</span> <span class='ocrx_word' id='word_1_124' title='bbox 710 2275 981 2330; x_wconf 59' lang='lat' dir='ltr'>ecclesia:</span> <span class='ocrx_word' id='word_1_125' title='bbox 997 2273 1525 2343; x_wconf 78' lang='lat' dir='ltr'>pertinente.Circa</span> <span class='ocrx_word' id='word_1_126' title='bbox 1542 2290 1684 2329; x_wconf 90' lang='lat' dir='ltr'>vero</span> <span class='ocrx_word' id='word_1_127' title='bbox 1700 2277 1965 2330; x_wconf 87' lang='lat' dir='ltr'>eamdem</span> <span class='ocrx_word' id='word_1_128' title='bbox 1982 2278 2175 2331; x_wconf 90' lang='lat' dir='ltr'>eccle-</span> 
     </span>
    </p>
   </div>
   <div class='ocr_carea' id='block_1_23' title="bbox 508 2364 2175 2435">
    <p class='ocr_par' dir='ltr' id='par_1_23' title="bbox 508 2364 2175 2435">
     <span class='ocr_line' id='line_1_23' title="bbox 508 2364 2175 2435; baseline 0 -16"><span class='ocrx_word' id='word_1_129' title='bbox 508 2366 657 2419; x_wconf 88' lang='lat' dir='ltr'>siam</span> <span class='ocrx_word' id='word_1_130' title='bbox 677 2379 789 2435; x_wconf 96' lang='lat' dir='ltr'>ego</span> <span class='ocrx_word' id='word_1_131' title='bbox 816 2364 1153 2417; x_wconf 90' lang='lat' dir='ltr'>Willelmus</span> <span class='ocrx_word' id='word_1_132' title='bbox 1168 2377 1495 2417; x_wconf 91' lang='lat' dir='ltr'>successor</span> <span class='ocrx_word' id='word_1_133' title='bbox 1509 2364 1862 2431; x_wconf 79' lang='lat' dir='ltr'>eorum,dux</span> <span class='ocrx_word' id='word_1_134' title='bbox 1889 2365 2175 2419; x_wconf 85' lang='lat' dir='ltr'>Norman-</span> 
     </span>
    </p>
   </div>
   <div class='ocr_carea' id='block_1_24' title="bbox 507 2451 2173 2523">
    <p class='ocr_par' dir='ltr' id='par_1_24' title="bbox 507 2451 2173 2523">
     <span class='ocr_line' id='line_1_24' title="bbox 507 2451 2173 2523; baseline 0.001 -16"><span class='ocrx_word' id='word_1_135' title='bbox 507 2468 736 2518; x_wconf 88' lang='lat' dir='ltr'>norum,</span> <span class='ocrx_word' id='word_1_136' title='bbox 772 2456 828 2506; x_wconf 92' lang='lat' dir='ltr'>et</span> <span class='ocrx_word' id='word_1_137' title='bbox 871 2467 978 2520; x_wconf 88' lang='lat' dir='ltr'>per</span> <span class='ocrx_word' id='word_1_138' title='bbox 1009 2452 1113 2505; x_wconf 92' lang='lat' dir='ltr'>Dei</span> <span class='ocrx_word' id='word_1_139' title='bbox 1172 2451 1640 2506; x_wconf 89' lang='lat' dir='ltr'>misericordiam</span> <span class='ocrx_word' id='word_1_140' title='bbox 1699 2453 2027 2523; x_wconf 77' lang='lat' dir='ltr'>Anglorum</span> <span class='ocrx_word' id='word_1_141' title='bbox 2070 2471 2173 2509; x_wconf 84' lang='lat' dir='ltr'>rex</span> 
     </span>
    </p>
   </div>
   <div class='ocr_carea' id='block_1_25' title="bbox 508 2539 2173 2609">
    <p class='ocr_par' dir='ltr' id='par_1_25' title="bbox 508 2539 2173 2609">
     <span class='ocr_line' id='line_1_25' title="bbox 508 2539 2173 2609; baseline 0.001 -14"><span class='ocrx_word' id='word_1_142' title='bbox 508 2541 776 2608; x_wconf 85' lang='lat' dir='ltr'>effectus,</span> <span class='ocrx_word' id='word_1_143' title='bbox 810 2540 984 2593; x_wconf 90' lang='lat' dir='ltr'>bellis</span> <span class='ocrx_word' id='word_1_144' title='bbox 1024 2539 1462 2609; x_wconf 82' lang='lat' dir='ltr'>ingruentibus,</span> <span class='ocrx_word' id='word_1_145' title='bbox 1495 2540 1569 2594; x_wconf 91' lang='lat' dir='ltr'>ob</span> <span class='ocrx_word' id='word_1_146' title='bbox 1602 2555 1747 2595; x_wconf 71' lang='lat' dir='ltr'>mem</span> <span class='ocrx_word' id='word_1_147' title='bbox 1770 2543 1947 2595; x_wconf 72' lang='lat' dir='ltr'>terrm</span> <span class='ocrx_word' id='word_1_148' title='bbox 1978 2541 2173 2596; x_wconf 91' lang='lat' dir='ltr'>defen-</span> 
     </span>
    </p>
   </div>
   <div class='ocr_carea' id='block_1_26' title="bbox 510 2627 2167 2699">
    <p class='ocr_par' dir='ltr' id='par_1_26' title="bbox 510 2627 2167 2699">
     <span class='ocr_line' id='line_1_26' title="bbox 510 2627 2167 2699; baseline 0.001 -16"><span class='ocrx_word' id='word_1_149' title='bbox 510 2631 760 2697; x_wconf 90' lang='lat' dir='ltr'>sionem,</span> <span class='ocrx_word' id='word_1_150' title='bbox 794 2644 926 2681; x_wconf 92' lang='lat' dir='ltr'>cum</span> <span class='ocrx_word' id='word_1_151' title='bbox 949 2627 1119 2682; x_wconf 90' lang='lat' dir='ltr'>locus</span> <span class='ocrx_word' id='word_1_152' title='bbox 1152 2628 1343 2699; x_wconf 88' lang='lat' dir='ltr'>magis</span> <span class='ocrx_word' id='word_1_153' title='bbox 1376 2629 1626 2682; x_wconf 89' lang='lat' dir='ltr'>idoneus</span> <span class='ocrx_word' id='word_1_154' title='bbox 1656 2629 1729 2682; x_wconf 87' lang='lat' dir='ltr'>ad</span> <span class='ocrx_word' id='word_1_155' title='bbox 1761 2630 1817 2683; x_wconf 90' lang='lat' dir='ltr'>id</span> <span class='ocrx_word' id='word_1_156' title='bbox 1849 2630 2167 2699; x_wconf 87' lang='lat' dir='ltr'>videretur,</span> 
     </span>
    </p>
   </div>
   <div class='ocr_carea' id='block_1_27' title="bbox 506 2716 2171 2789">
    <p class='ocr_par' dir='ltr' id='par_1_27' title="bbox 506 2716 2171 2789">
     <span class='ocr_line' id='line_1_27' title="bbox 506 2716 2171 2789; baseline 0.001 -17"><span class='ocrx_word' id='word_1_157' title='bbox 506 2717 814 2771; x_wconf 86' lang='lat' dir='ltr'>castellum</span> <span class='ocrx_word' id='word_1_158' title='bbox 846 2716 1271 2780; x_wconf 79' lang='lat' dir='ltr'>exstruxi.Quo</span> <span class='ocrx_word' id='word_1_159' title='bbox 1292 2717 1464 2787; x_wconf 90' lang='lat' dir='ltr'>facto,</span> <span class='ocrx_word' id='word_1_160' title='bbox 1494 2717 1673 2771; x_wconf 91' lang='lat' dir='ltr'>multa</span> <span class='ocrx_word' id='word_1_161' title='bbox 1692 2718 1775 2771; x_wconf 90' lang='lat' dir='ltr'>illi</span> <span class='ocrx_word' id='word_1_162' title='bbox 1802 2734 1934 2789; x_wconf 60' lang='lat' dir='ltr'>quae</span> <span class='ocrx_word' id='word_1_163' title='bbox 1956 2718 2033 2772; x_wconf 87' lang='lat' dir='ltr'>ibi</span> <span class='ocrx_word' id='word_1_164' title='bbox 2055 2735 2171 2773; x_wconf 91' lang='lat' dir='ltr'>non</span> 
     </span>
    </p>
   </div>
   <div class='ocr_carea' id='block_1_28' title="bbox 505 2805 2169 2879">
    <p class='ocr_par' dir='ltr' id='par_1_28' title="bbox 505 2805 2169 2879">
     <span class='ocr_line' id='line_1_28' title="bbox 505 2805 2169 2879; baseline 0.001 -18"><span class='ocrx_word' id='word_1_165' title='bbox 505 2806 877 2877; x_wconf 90' lang='lat' dir='ltr'>pertinebant</span> <span class='ocrx_word' id='word_1_166' title='bbox 906 2805 1164 2873; x_wconf 84' lang='lat' dir='ltr'>attribui,</span> <span class='ocrx_word' id='word_1_167' title='bbox 1199 2805 1473 2859; x_wconf 88' lang='lat' dir='ltr'>videlicet</span> <span class='ocrx_word' id='word_1_168' title='bbox 1506 2806 1758 2875; x_wconf 89' lang='lat' dir='ltr'>landam,</span> <span class='ocrx_word' id='word_1_169' title='bbox 1792 2823 1927 2862; x_wconf 92' lang='lat' dir='ltr'>cum</span> <span class='ocrx_word' id='word_1_170' title='bbox 1959 2811 2169 2879; x_wconf 88' lang='lat' dir='ltr'>stagno</span> 
     </span>
    </p>
   </div>
   <div class='ocr_carea' id='block_1_29' title="bbox 505 2894 2169 2967">
    <p class='ocr_par' dir='ltr' id='par_1_29' title="bbox 505 2894 2169 2967">
     <span class='ocr_line' id='line_1_29' title="bbox 505 2894 2169 2967; baseline 0.002 -19"><span class='ocrx_word' id='word_1_171' title='bbox 505 2899 563 2949; x_wconf 94' lang='lat' dir='ltr'>et</span> <span class='ocrx_word' id='word_1_172' title='bbox 591 2895 845 2963; x_wconf 82' lang='lat' dir='ltr'>teloneo,</span> <span class='ocrx_word' id='word_1_173' title='bbox 870 2897 925 2948; x_wconf 91' lang='lat' dir='ltr'>et</span> <span class='ocrx_word' id='word_1_174' title='bbox 950 2897 1269 2948; x_wconf 88' lang='lat' dir='ltr'>mercatum</span> <span class='ocrx_word' id='word_1_175' title='bbox 1291 2894 1361 2948; x_wconf 92' lang='lat' dir='ltr'>de</span> <span class='ocrx_word' id='word_1_176' title='bbox 1394 2911 1569 2949; x_wconf 90' lang='lat' dir='ltr'>cruce</span> <span class='ocrx_word' id='word_1_177' title='bbox 1597 2914 1610 2961; x_wconf 92' lang='lat'>;</span> <span class='ocrx_word' id='word_1_178' title='bbox 1644 2911 1749 2965; x_wconf 91' lang='lat' dir='ltr'>pro</span> <span class='ocrx_word' id='word_1_179' title='bbox 1767 2911 1884 2967; x_wconf 91' lang='lat' dir='ltr'>quo</span> <span class='ocrx_word' id='word_1_180' title='bbox 1919 2896 2169 2951; x_wconf 85' lang='lat' dir='ltr'>Radulfo</span> 
     </span>
    </p>
   </div>
   <div class='ocr_carea' id='block_1_30' title="bbox 504 2982 2168 3053">
    <p class='ocr_par' dir='ltr' id='par_1_30' title="bbox 504 2982 2168 3053">
     <span class='ocr_line' id='line_1_30' title="bbox 504 2982 2168 3053; baseline 0.001 -15"><span class='ocrx_word' id='word_1_181' title='bbox 504 2984 722 3053; x_wconf 89' lang='lat' dir='ltr'>abbati,</span> <span class='ocrx_word' id='word_1_182' title='bbox 757 2987 812 3037; x_wconf 92' lang='lat' dir='ltr'>et</span> <span class='ocrx_word' id='word_1_183' title='bbox 844 2982 1150 3037; x_wconf 85' lang='lat' dir='ltr'>monachis</span> <span class='ocrx_word' id='word_1_184' title='bbox 1173 2982 1244 3036; x_wconf 91' lang='lat' dir='ltr'>de</span> <span class='ocrx_word' id='word_1_185' title='bbox 1276 2982 1638 3038; x_wconf 86' lang='lat' dir='ltr'>S.Michaele</span> <span class='ocrx_word' id='word_1_186' title='bbox 1658 2986 2168 3039; x_wconf 89' lang='lat' dir='ltr'>commutationem</span> 
     </span>
    </p>
   </div>
   <div class='ocr_carea' id='block_1_31' title="bbox 503 3072 2163 3143">
    <p class='ocr_par' dir='ltr' id='par_1_31' title="bbox 503 3072 2163 3143">
     <span class='ocr_line' id='line_1_31' title="bbox 503 3072 2163 3143; baseline 0.001 -16"><span class='ocrx_word' id='word_1_187' title='bbox 503 3076 560 3127; x_wconf 93' lang='lat' dir='ltr'>et</span> <span class='ocrx_word' id='word_1_188' title='bbox 588 3073 881 3127; x_wconf 91' lang='lat' dir='ltr'>cambium</span> <span class='ocrx_word' id='word_1_189' title='bbox 912 3072 1065 3139; x_wconf 86' lang='lat' dir='ltr'>dedi,</span> <span class='ocrx_word' id='word_1_190' title='bbox 1102 3074 1158 3126; x_wconf 90' lang='lat' dir='ltr'>et</span> <span class='ocrx_word' id='word_1_191' title='bbox 1177 3072 1501 3142; x_wconf 59' lang='lat' dir='ltr'>[nundinas</span> <span class='ocrx_word' id='word_1_192' title='bbox 1529 3073 1700 3143; x_wconf 89' lang='lat' dir='ltr'>duas,</span> <span class='ocrx_word' id='word_1_193' title='bbox 1736 3078 1789 3128; x_wconf 92' lang='lat' dir='ltr'>et</span> <span class='ocrx_word' id='word_1_194' title='bbox 1812 3075 2163 3142; x_wconf 89' lang='lat' dir='ltr'>pedaticum.</span> 
     </span>
    </p>
   </div>
   <div class='ocr_carea' id='block_1_32' title="bbox 502 3161 2166 3233">
    <p class='ocr_par' dir='ltr' id='par_1_32' title="bbox 502 3161 2166 3233">
     <span class='ocr_line' id='line_1_32' title="bbox 502 3161 2166 3233; baseline 0.001 -17"><span class='ocrx_word' id='word_1_195' title='bbox 502 3162 637 3216; x_wconf 90' lang='lat' dir='ltr'>Tria</span> <span class='ocrx_word' id='word_1_196' title='bbox 668 3165 879 3233; x_wconf 90' lang='lat' dir='ltr'>stagna</span> <span class='ocrx_word' id='word_1_197' title='bbox 901 3162 1230 3230; x_wconf 83' lang='lat' dir='ltr'>construxi,</span> <span class='ocrx_word' id='word_1_198' title='bbox 1265 3166 1320 3214; x_wconf 91' lang='lat' dir='ltr'>et</span> <span class='ocrx_word' id='word_1_199' title='bbox 1352 3161 1623 3216; x_wconf 88' lang='lat' dir='ltr'>homines</span> <span class='ocrx_word' id='word_1_200' title='bbox 1656 3163 1812 3231; x_wconf 90' lang='lat' dir='ltr'>illos,</span> <span class='ocrx_word' id='word_1_201' title='bbox 1839 3163 1939 3233; x_wconf 90' lang='lat' dir='ltr'>qui</span> <span class='ocrx_word' id='word_1_202' title='bbox 1963 3163 2166 3233; x_wconf 89' lang='lat' dir='ltr'>ibipro</span> 
     </span>
    </p>
   </div>
   <div class='ocr_carea' id='block_1_33' title="bbox 504 3250 2163 3317">
    <p class='ocr_par' dir='ltr' id='par_1_33' title="bbox 504 3250 2163 3317">
     <span class='ocr_line' id='line_1_33' title="bbox 504 3250 2163 3317; baseline 0.001 -11"><span class='ocrx_word' id='word_1_203' title='bbox 504 3267 613 3306; x_wconf 90' lang='lat' dir='ltr'>sua</span> <span class='ocrx_word' id='word_1_204' title='bbox 641 3252 936 3306; x_wconf 86' lang='lat' dir='ltr'>voluntate</span> <span class='ocrx_word' id='word_1_205' title='bbox 968 3250 1557 3317; x_wconf 88' lang='lat' dir='ltr'>manebant,stabiles</span> <span class='ocrx_word' id='word_1_206' title='bbox 1583 3266 1720 3305; x_wconf 91' lang='lat' dir='ltr'>esse</span> <span class='ocrx_word' id='word_1_207' title='bbox 1737 3250 2163 3307; x_wconf 87' lang='lat' dir='ltr'>feci.Videntes</span> 
     </span>
    </p>
   </div>
   <div class='ocr_carea' id='block_1_34' title="bbox 504 3338 2161 3410">
    <p class='ocr_par' dir='ltr' id='par_1_34' title="bbox 504 3338 2161 3410">
     <span class='ocr_line' id='line_1_34' title="bbox 504 3338 2161 3410; baseline -0.001 -14"><span class='ocrx_word' id='word_1_208' title='bbox 504 3344 697 3396; x_wconf 89' lang='lat' dir='ltr'>autem</span> <span class='ocrx_word' id='word_1_209' title='bbox 728 3339 1000 3393; x_wconf 90' lang='lat' dir='ltr'>monachi</span> <span class='ocrx_word' id='word_1_210' title='bbox 1027 3338 1086 3391; x_wconf 87' lang='lat' dir='ltr'>S.</span> <span class='ocrx_word' id='word_1_211' title='bbox 1117 3338 1437 3401; x_wconf 89' lang='lat' dir='ltr'>Benedicti,</span> <span class='ocrx_word' id='word_1_212' title='bbox 1470 3353 1576 3407; x_wconf 90' lang='lat' dir='ltr'>per</span> <span class='ocrx_word' id='word_1_213' title='bbox 1606 3354 1717 3407; x_wconf 89' lang='lat' dir='ltr'>me,</span> <span class='ocrx_word' id='word_1_214' title='bbox 1750 3340 1870 3393; x_wconf 92' lang='lat' dir='ltr'>Deo</span> <span class='ocrx_word' id='word_1_215' title='bbox 1897 3339 2161 3410; x_wconf 87' lang='lat' dir='ltr'>juvante,</span> 
     </span>
    </p>
   </div>
   <div class='ocr_carea' id='block_1_35' title="bbox 504 3427 2163 3497">
    <p class='ocr_par' dir='ltr' id='par_1_35' title="bbox 504 3427 2163 3497">
     <span class='ocr_line' id='line_1_35' title="bbox 504 3427 2163 3497; baseline 0 -14"><span class='ocrx_word' id='word_1_216' title='bbox 504 3430 893 3497; x_wconf 88' lang='lat' dir='ltr'>melioratum,</span> <span class='ocrx_word' id='word_1_217' title='bbox 935 3427 1205 3480; x_wconf 90' lang='lat' dir='ltr'>adierunt</span> <span class='ocrx_word' id='word_1_218' title='bbox 1235 3441 1423 3480; x_wconf 91' lang='lat' dir='ltr'>meam</span> <span class='ocrx_word' id='word_1_219' title='bbox 1454 3428 1830 3495; x_wconf 68' lang='lat' dir='ltr'>praesentiam</span> <span class='ocrx_word' id='word_1_220' title='bbox 1870 3430 2163 3483; x_wconf 91' lang='lat' dir='ltr'>communi</span> 
     </span>
    </p>
   </div>
   <div class='ocr_carea' id='block_1_36' title="bbox 1411 249 3080 325">
    <p class='ocr_par' dir='ltr' id='par_1_36' title="bbox 1411 249 3080 325">
     <span class='ocr_line' id='line_1_36' title="bbox 1411 249 3080 325; baseline 0.005 -12"><span class='ocrx_word' id='word_1_221' title='bbox 1411 252 1847 315; x_wconf 86' lang='lat' dir='ltr'>WILLELMI</span> <span class='ocrx_word' id='word_1_222' title='bbox 1882 249 2524 325; x_wconf 85' lang='lat' dir='ltr'>CONQUESTORIS</span> <span class='ocrx_word' id='word_1_223' title='bbox 2556 255 3080 321; x_wconf 86' lang='lat' dir='ltr'>DIPLOMATA.</span> 
     </span>
    </p>
   </div>
   <div class='ocr_carea' id='block_1_37' title="bbox 3747 270 3923 337">
    <p class='ocr_par' dir='ltr' id='par_1_37' title="bbox 3747 270 3923 337">
     <span class='ocr_line' id='line_1_37' title="bbox 3747 270 3923 337; baseline 0.034 -6"><span class='ocrx_word' id='word_1_224' title='bbox 3747 270 3923 337; x_wconf 79' lang='lat'>1372&#39;</span> 
     </span>
    </p>
   </div>
   <div class='ocr_carea' id='block_1_38' title="bbox 2205 435 3862 522">
    <p class='ocr_par' dir='ltr' id='par_1_38' title="bbox 2205 435 3862 522">
     <span class='ocr_line' id='line_1_38' title="bbox 2205 435 3862 522; baseline 0.008 -16"><span class='ocrx_word' id='word_1_225' title='bbox 2205 435 2266 497; x_wconf 80' lang='grc' dir='ltr'><strong>Α</strong></span> <span class='ocrx_word' id='word_1_226' title='bbox 2369 454 2451 509; x_wconf 94' lang='lat' dir='ltr'>De</span> <span class='ocrx_word' id='word_1_227' title='bbox 2480 456 2769 509; x_wconf 89' lang='lat' dir='ltr'>ministris</span> <span class='ocrx_word' id='word_1_228' title='bbox 2813 472 2952 511; x_wconf 92' lang='lat' dir='ltr'>vero</span> <span class='ocrx_word' id='word_1_229' title='bbox 2986 457 3097 512; x_wconf 91' lang='lat' dir='ltr'>hoc</span> <span class='ocrx_word' id='word_1_230' title='bbox 3135 458 3531 522; x_wconf 76' lang='lat' dir='ltr'>decrevimus,</span> <span class='ocrx_word' id='word_1_231' title='bbox 3561 466 3617 516; x_wconf 90' lang='lat' dir='ltr'>ut</span> <span class='ocrx_word' id='word_1_232' title='bbox 3665 466 3862 520; x_wconf 84' lang='lat' dir='ltr'>ministri</span> 
     </span>
    </p>
   </div>
   <div class='ocr_carea' id='block_1_39' title="bbox 2292 543 3864 616">
    <p class='ocr_par' dir='ltr' id='par_1_39' title="bbox 2292 543 3864 616">
     <span class='ocr_line' id='line_1_39' title="bbox 2292 543 3864 616; baseline 0.007 -20"><span class='ocrx_word' id='word_1_233' title='bbox 2292 543 2352 596; x_wconf 87' lang='lat' dir='ltr'>S.</span> <span class='ocrx_word' id='word_1_234' title='bbox 2384 543 2684 597; x_wconf 86' lang='lat' dir='ltr'>Benedicti</span> <span class='ocrx_word' id='word_1_235' title='bbox 2716 544 2856 598; x_wconf 90' lang='lat' dir='ltr'>mihi</span> <span class='ocrx_word' id='word_1_236' title='bbox 2881 545 3219 600; x_wconf 83' lang='lat' dir='ltr'>fidelitatem</span> <span class='ocrx_word' id='word_1_237' title='bbox 3250 547 3474 616; x_wconf 84' lang='lat' dir='ltr'>faciant,</span> <span class='ocrx_word' id='word_1_238' title='bbox 3503 552 3554 603; x_wconf 92' lang='lat' dir='ltr'>et</span> <span class='ocrx_word' id='word_1_239' title='bbox 3580 552 3677 604; x_wconf 86' lang='lat' dir='ltr'>mei</span> <span class='ocrx_word' id='word_1_240' title='bbox 3702 554 3864 607; x_wconf 86' lang='lat' dir='ltr'>minis-</span> 
     </span>
    </p>
   </div>
   <div class='ocr_carea' id='block_1_40' title="bbox 2287 630 3810 696">
    <p class='ocr_par' dir='ltr' id='par_1_40' title="bbox 2287 630 3810 696">
     <span class='ocr_line' id='line_1_40' title="bbox 2287 630 3810 696; baseline 0.008 -13"><span class='ocrx_word' id='word_1_241' title='bbox 2287 630 2364 683; x_wconf 90' lang='lat' dir='ltr'>tri</span> <span class='ocrx_word' id='word_1_242' title='bbox 2396 630 2734 686; x_wconf 81' lang='lat' dir='ltr'>fidelitatem</span> <span class='ocrx_word' id='word_1_243' title='bbox 2768 632 2982 686; x_wconf 85' lang='lat' dir='ltr'>faciant</span> <span class='ocrx_word' id='word_1_244' title='bbox 3014 634 3074 688; x_wconf 87' lang='lat' dir='ltr'>S.</span> <span class='ocrx_word' id='word_1_245' title='bbox 3113 636 3421 691; x_wconf 79' lang='lat' dir='ltr'>Benedicto</span> <span class='ocrx_word' id='word_1_246' title='bbox 3451 643 3503 691; x_wconf 88' lang='lat' dir='ltr'>et</span> <span class='ocrx_word' id='word_1_247' title='bbox 3536 642 3810 696; x_wconf 85' lang='lat' dir='ltr'>monachis.</span> 
     </span>
    </p>
   </div>
   <div class='ocr_carea' id='block_1_41' title="bbox 2360 718 3864 795">
    <p class='ocr_par' dir='ltr' id='par_1_41' title="bbox 2360 718 3864 795">
     <span class='ocr_line' id='line_1_41' title="bbox 2360 718 3864 795; baseline 0.009 -24"><span class='ocrx_word' id='word_1_248' title='bbox 2360 718 2722 789; x_wconf 90' lang='lat' dir='ltr'>thuoniam</span> <span class='ocrx_word' id='word_1_249' title='bbox 2752 737 2857 791; x_wconf 90' lang='lat' dir='ltr'>pro</span> <span class='ocrx_word' id='word_1_250' title='bbox 2879 721 2992 776; x_wconf 93' lang='lat' dir='ltr'>hoc</span> <span class='ocrx_word' id='word_1_251' title='bbox 3024 723 3178 778; x_wconf 92' lang='lat' dir='ltr'>facto</span> <span class='ocrx_word' id='word_1_252' title='bbox 3197 725 3386 795; x_wconf 86' lang='lat' dir='ltr'>magis</span> <span class='ocrx_word' id='word_1_253' title='bbox 3414 728 3713 795; x_wconf 71' lang='lat' dir='ltr'>qumrebam</span> <span class='ocrx_word' id='word_1_254' title='bbox 3728 731 3864 784; x_wconf 83' lang='lat' dir='ltr'>etde-</span> 
     </span>
    </p>
   </div>
   <div class='ocr_carea' id='block_1_42' title="bbox 2285 808 3860 888">
    <p class='ocr_par' dir='ltr' id='par_1_42' title="bbox 2285 808 3860 888">
     <span class='ocr_line' id='line_1_42' title="bbox 2285 808 3860 888; baseline 0.008 -28"><span class='ocrx_word' id='word_1_255' title='bbox 2285 808 2621 862; x_wconf 90' lang='lat' dir='ltr'>siderabam</span> <span class='ocrx_word' id='word_1_256' title='bbox 2646 812 3181 866; x_wconf 86' lang='lat' dir='ltr'>remunerationem</span> <span class='ocrx_word' id='word_1_257' title='bbox 3201 814 3409 867; x_wconf 64' lang='lat' dir='ltr'>anima:</span> <span class='ocrx_word' id='word_1_258' title='bbox 3435 830 3594 884; x_wconf 88' lang='lat' dir='ltr'>quam</span> <span class='ocrx_word' id='word_1_259' title='bbox 3632 822 3860 888; x_wconf 87' lang='lat' dir='ltr'>corporis,</span> 
     </span>
    </p>
   </div>
   <div class='ocr_carea' id='block_1_43' title="bbox 2283 895 3852 978">
    <p class='ocr_par' dir='ltr' id='par_1_43' title="bbox 2283 895 3852 978">
     <span class='ocr_line' id='line_1_43' title="bbox 2283 895 3852 978; baseline 0.006 -30"><span class='ocrx_word' id='word_1_260' title='bbox 2283 895 2396 950; x_wconf 91' lang='lat' dir='ltr'>hoc</span> <span class='ocrx_word' id='word_1_261' title='bbox 2430 897 2572 949; x_wconf 85' lang='lat' dir='ltr'>mihi</span> <span class='ocrx_word' id='word_1_262' title='bbox 2604 899 3068 968; x_wconf 89' lang='lat' dir='ltr'>spoponderunt,</span> <span class='ocrx_word' id='word_1_263' title='bbox 3102 904 3159 954; x_wconf 92' lang='lat' dir='ltr'>et</span> <span class='ocrx_word' id='word_1_264' title='bbox 3179 901 3373 955; x_wconf 87' lang='lat' dir='ltr'>hocab</span> <span class='ocrx_word' id='word_1_265' title='bbox 3397 902 3481 955; x_wconf 91' lang='lat' dir='ltr'>eis</span> <span class='ocrx_word' id='word_1_266' title='bbox 3502 918 3689 957; x_wconf 90' lang='lat' dir='ltr'>munus</span> <span class='ocrx_word' id='word_1_267' title='bbox 3708 908 3852 978; x_wconf 80' lang='lat' dir='ltr'>exegi,</span> 
     </span>
    </p>
   </div>
   <div class='ocr_carea' id='block_1_44' title="bbox 2282 986 3862 1059">
    <p class='ocr_par' dir='ltr' id='par_1_44' title="bbox 2282 986 3862 1059">
     <span class='ocr_line' id='line_1_44' title="bbox 2282 986 3862 1059; baseline 0.007 -23"><span class='ocrx_word' id='word_1_268' title='bbox 2282 987 2345 1037; x_wconf 91' lang='lat' dir='ltr'>ut</span> <span class='ocrx_word' id='word_1_269' title='bbox 2376 1000 2726 1056; x_wconf 88' lang='lat' dir='ltr'>unaquaque</span> <span class='ocrx_word' id='word_1_270' title='bbox 2750 986 3135 1058; x_wconf 88' lang='lat' dir='ltr'>hebdomada,</span> <span class='ocrx_word' id='word_1_271' title='bbox 3159 1006 3264 1059; x_wconf 90' lang='lat' dir='ltr'>pro</span> <span class='ocrx_word' id='word_1_272' title='bbox 3279 990 3463 1044; x_wconf 91' lang='lat' dir='ltr'>salute</span> <span class='ocrx_word' id='word_1_273' title='bbox 3475 991 3862 1049; x_wconf 81' lang='lat' dir='ltr'>etineolumitate</span> 
     </span>
    </p>
   </div>
   <div class='ocr_carea' id='block_1_45' title="bbox 2283 1076 3856 1150">
    <p class='ocr_par' dir='ltr' id='par_1_45' title="bbox 2283 1076 3856 1150">
     <span class='ocr_line' id='line_1_45' title="bbox 2283 1076 3856 1150; baseline 0.006 -25"><span class='ocrx_word' id='word_1_274' title='bbox 2283 1087 2430 1140; x_wconf 90' lang='lat' dir='ltr'>mea,</span> <span class='ocrx_word' id='word_1_275' title='bbox 2465 1076 2746 1128; x_wconf 88' lang='lat' dir='ltr'>etuxoris</span> <span class='ocrx_word' id='word_1_276' title='bbox 2768 1091 2939 1145; x_wconf 60' lang='lat' dir='ltr'>mete,</span> <span class='ocrx_word' id='word_1_277' title='bbox 2973 1080 3029 1130; x_wconf 93' lang='lat' dir='ltr'>et</span> <span class='ocrx_word' id='word_1_278' title='bbox 3050 1076 3302 1132; x_wconf 81' lang='lat' dir='ltr'>filiorum</span> <span class='ocrx_word' id='word_1_279' title='bbox 3336 1086 3667 1147; x_wconf 87' lang='lat' dir='ltr'>meorum,et</span> <span class='ocrx_word' id='word_1_280' title='bbox 3685 1097 3769 1150; x_wconf 86' lang='lat' dir='ltr'>pro</span> <span class='ocrx_word' id='word_1_281' title='bbox 3786 1099 3856 1135; x_wconf 78' lang='lat' dir='ltr'>re-</span> 
     </span>
    </p>
   </div>
   <div class='ocr_carea' id='block_1_46' title="bbox 2283 1163 3860 1233">
    <p class='ocr_par' dir='ltr' id='par_1_46' title="bbox 2283 1163 3860 1233">
     <span class='ocr_line' id='line_1_46' title="bbox 2283 1163 3860 1233; baseline 0.006 -19"><span class='ocrx_word' id='word_1_282' title='bbox 2283 1163 2475 1216; x_wconf 89' lang='lat' dir='ltr'>medio</span> <span class='ocrx_word' id='word_1_283' title='bbox 2520 1163 2844 1218; x_wconf 89' lang='lat' dir='ltr'>animarum</span> <span class='ocrx_word' id='word_1_284' title='bbox 2885 1166 3401 1233; x_wconf 59' lang='lat' dir='ltr'>praedecessorum</span> <span class='ocrx_word' id='word_1_285' title='bbox 3432 1173 3482 1221; x_wconf 91' lang='lat' dir='ltr'>et</span> <span class='ocrx_word' id='word_1_286' title='bbox 3522 1184 3860 1224; x_wconf 86' lang='lat' dir='ltr'>successorum</span> 
     </span>
    </p>
   </div>
   <div class='ocr_carea' id='block_1_47' title="bbox 2281 1252 3859 1324">
    <p class='ocr_par' dir='ltr' id='par_1_47' title="bbox 2281 1252 3859 1324">
     <span class='ocr_line' id='line_1_47' title="bbox 2281 1252 3859 1324; baseline 0.006 -22"><span class='ocrx_word' id='word_1_287' title='bbox 2281 1265 2546 1304; x_wconf 92' lang='lat' dir='ltr'>meorum</span> <span class='ocrx_word' id='word_1_288' title='bbox 2578 1252 2824 1306; x_wconf 90' lang='lat' dir='ltr'>missam</span> <span class='ocrx_word' id='word_1_289' title='bbox 2872 1268 3047 1307; x_wconf 90' lang='lat' dir='ltr'>unam</span> <span class='ocrx_word' id='word_1_290' title='bbox 3079 1255 3396 1324; x_wconf 90' lang='lat' dir='ltr'>celebrent,</span> <span class='ocrx_word' id='word_1_291' title='bbox 3446 1260 3498 1309; x_wconf 92' lang='lat' dir='ltr'>et</span> <span class='ocrx_word' id='word_1_292' title='bbox 3528 1273 3683 1310; x_wconf 89' lang='lat' dir='ltr'>unum</span> <span class='ocrx_word' id='word_1_293' title='bbox 3710 1274 3859 1311; x_wconf 88' lang='lat' dir='ltr'>mona-</span> 
     </span>
    </p>
   </div>
   <div class='ocr_carea' id='block_1_48' title="bbox 2280 1338 3860 1410">
    <p class='ocr_par' dir='ltr' id='par_1_48' title="bbox 2280 1338 3860 1410">
     <span class='ocr_line' id='line_1_48' title="bbox 2280 1338 3860 1410; baseline 0.005 -18"><span class='ocrx_word' id='word_1_294' title='bbox 2280 1338 2476 1406; x_wconf 88' lang='lat' dir='ltr'>chum,</span> <span class='ocrx_word' id='word_1_295' title='bbox 2524 1339 2661 1394; x_wconf 74' lang='lat' dir='ltr'>vitm</span> <span class='ocrx_word' id='word_1_296' title='bbox 2714 1342 3031 1410; x_wconf 71' lang='lat' dir='ltr'>meaeloeo,</span> <span class='ocrx_word' id='word_1_297' title='bbox 3066 1343 3124 1396; x_wconf 91' lang='lat' dir='ltr'>in</span> <span class='ocrx_word' id='word_1_298' title='bbox 3150 1344 3503 1398; x_wconf 89' lang='lat' dir='ltr'>monasterio</span> <span class='ocrx_word' id='word_1_299' title='bbox 3533 1344 3586 1399; x_wconf 90' lang='lat' dir='ltr'>S.</span> <span class='ocrx_word' id='word_1_300' title='bbox 3630 1345 3860 1400; x_wconf 79' lang='lat' dir='ltr'>Benedicti</span> 
     </span>
    </p>
   </div>
   <div class='ocr_carea' id='block_1_49' title="bbox 2281 1427 3861 1502">
    <p class='ocr_par' dir='ltr' id='par_1_49' title="bbox 2281 1427 3861 1502">
     <span class='ocr_line' id='line_1_49' title="bbox 2281 1427 3861 1502; baseline 0.005 -23"><span class='ocrx_word' id='word_1_301' title='bbox 2281 1427 2553 1498; x_wconf 87' lang='lat' dir='ltr'>habeant,</span> <span class='ocrx_word' id='word_1_302' title='bbox 2586 1432 2889 1499; x_wconf 85' lang='lat' dir='ltr'>etsemper</span> <span class='ocrx_word' id='word_1_303' title='bbox 2937 1447 3118 1485; x_wconf 89' lang='lat' dir='ltr'>unum</span> <span class='ocrx_word' id='word_1_304' title='bbox 3141 1448 3461 1501; x_wconf 84' lang='lat' dir='ltr'>pauperum</span> <span class='ocrx_word' id='word_1_305' title='bbox 3490 1438 3721 1502; x_wconf 88' lang='lat' dir='ltr'>pascant.</span> <span class='ocrx_word' id='word_1_306' title='bbox 3753 1435 3861 1487; x_wconf 87' lang='lat' dir='ltr'>Ora-</span> 
     </span>
    </p>
   </div>
   <div class='ocr_carea' id='block_1_50' title="bbox 2280 1515 3860 1590">
    <p class='ocr_par' dir='ltr' id='par_1_50' title="bbox 2280 1515 3860 1590">
     <span class='ocr_line' id='line_1_50' title="bbox 2280 1515 3860 1590; baseline 0.004 -22"><span class='ocrx_word' id='word_1_307' title='bbox 2280 1515 2471 1569; x_wconf 90' lang='lat' dir='ltr'>tiones</span> <span class='ocrx_word' id='word_1_308' title='bbox 2504 1532 2739 1587; x_wconf 90' lang='lat' dir='ltr'>quoque</span> <span class='ocrx_word' id='word_1_309' title='bbox 2757 1522 2813 1572; x_wconf 89' lang='lat' dir='ltr'>et</span> <span class='ocrx_word' id='word_1_310' title='bbox 2842 1519 3255 1590; x_wconf 82' lang='lat' dir='ltr'>eleemosynas</span> <span class='ocrx_word' id='word_1_311' title='bbox 3275 1524 3333 1574; x_wconf 92' lang='lat' dir='ltr'>et</span> <span class='ocrx_word' id='word_1_312' title='bbox 3362 1522 3630 1575; x_wconf 77' lang='lat' dir='ltr'>beneficia</span> <span class='ocrx_word' id='word_1_313' title='bbox 3653 1523 3701 1575; x_wconf 90' lang='lat' dir='ltr'>in</span> <span class='ocrx_word' id='word_1_314' title='bbox 3721 1523 3807 1575; x_wconf 79' lang='lat' dir='ltr'>vita</span> <span class='ocrx_word' id='word_1_315' title='bbox 3823 1526 3860 1575; x_wconf 79' lang='lat' dir='ltr'>et</span> 
     </span>
    </p>
   </div>
   <div class='ocr_carea' id='block_1_51' title="bbox 2280 1605 3858 1679">
    <p class='ocr_par' dir='ltr' id='par_1_51' title="bbox 2280 1605 3858 1679">
     <span class='ocr_line' id='line_1_51' title="bbox 2280 1605 3858 1679; baseline 0.004 -22"><span class='ocrx_word' id='word_1_316' title='bbox 2280 1609 2415 1673; x_wconf 89' lang='lat' dir='ltr'>post</span> <span class='ocrx_word' id='word_1_317' title='bbox 2447 1605 2669 1659; x_wconf 87' lang='lat' dir='ltr'>obitum</span> <span class='ocrx_word' id='word_1_318' title='bbox 2701 1606 2845 1660; x_wconf 91' lang='lat' dir='ltr'>mibi</span> <span class='ocrx_word' id='word_1_319' title='bbox 2874 1608 3118 1677; x_wconf 86' lang='lat' dir='ltr'>polliciti</span> <span class='ocrx_word' id='word_1_320' title='bbox 3150 1612 3290 1663; x_wconf 89' lang='lat' dir='ltr'>sunt</span> <span class='ocrx_word' id='word_1_321' title='bbox 3318 1612 3374 1663; x_wconf 90' lang='lat' dir='ltr'>et</span> <span class='ocrx_word' id='word_1_322' title='bbox 3405 1611 3570 1679; x_wconf 87' lang='lat' dir='ltr'>pacti,</span> <span class='ocrx_word' id='word_1_323' title='bbox 3604 1627 3701 1665; x_wconf 90' lang='lat' dir='ltr'>non</span> <span class='ocrx_word' id='word_1_324' title='bbox 3721 1612 3858 1664; x_wconf 85' lang='lat' dir='ltr'>solum</span> 
     </span>
    </p>
   </div>
   <div class='ocr_carea' id='block_1_52' title="bbox 2282 1693 3857 1760">
    <p class='ocr_par' dir='ltr' id='par_1_52' title="bbox 2282 1693 3857 1760">
     <span class='ocr_line' id='line_1_52' title="bbox 2282 1693 3857 1760; baseline 0.005 -17"><span class='ocrx_word' id='word_1_325' title='bbox 2282 1693 2340 1744; x_wconf 91' lang='lat' dir='ltr'>in</span> <span class='ocrx_word' id='word_1_326' title='bbox 2396 1694 2756 1748; x_wconf 90' lang='lat' dir='ltr'>monasterio</span> <span class='ocrx_word' id='word_1_327' title='bbox 2918 1696 3238 1760; x_wconf 82' lang='lat' dir='ltr'>Benedicti.</span> <span class='ocrx_word' id='word_1_328' title='bbox 3275 1699 3386 1752; x_wconf 92' lang='lat' dir='ltr'>sed</span> <span class='ocrx_word' id='word_1_329' title='bbox 3442 1704 3495 1752; x_wconf 93' lang='lat' dir='ltr'>et</span> <span class='ocrx_word' id='word_1_330' title='bbox 3541 1700 3595 1752; x_wconf 91' lang='lat' dir='ltr'>in</span> <span class='ocrx_word' id='word_1_331' title='bbox 3642 1699 3857 1753; x_wconf 66' lang='lat' dir='ltr'>coenobiis</span> 
     </span>
    </p>
   </div>
   <div class='ocr_carea' id='block_1_53' title="bbox 2285 1779 3858 1852">
    <p class='ocr_par' dir='ltr' id='par_1_53' title="bbox 2285 1779 3858 1852">
     <span class='ocr_line' id='line_1_53' title="bbox 2285 1779 3858 1852; baseline 0.005 -19"><span class='ocrx_word' id='word_1_332' title='bbox 2285 1779 2802 1852; x_wconf 86' lang='lat' dir='ltr'>Floriacensibus;</span> <span class='ocrx_word' id='word_1_333' title='bbox 2838 1785 2946 1837; x_wconf 89' lang='lat' dir='ltr'>hoc</span> <span class='ocrx_word' id='word_1_334' title='bbox 3004 1786 3146 1839; x_wconf 88' lang='lat' dir='ltr'>mihi</span> <span class='ocrx_word' id='word_1_335' title='bbox 3188 1792 3611 1842; x_wconf 90' lang='lat' dir='ltr'>concesserunt</span> <span class='ocrx_word' id='word_1_336' title='bbox 3638 1790 3858 1843; x_wconf 87' lang='lat' dir='ltr'>communi</span> 
     </span>
    </p>
   </div>
   <div class='ocr_carea' id='block_1_54' title="bbox 2286 1871 3857 1931">
    <p class='ocr_par' dir='ltr' id='par_1_54' title="bbox 2286 1871 3857 1931">
     <span class='ocr_line' id='line_1_54' title="bbox 2286 1871 3857 1931; baseline 0.004 -8"><span class='ocrx_word' id='word_1_337' title='bbox 2286 1871 2536 1925; x_wconf 92' lang='lat' dir='ltr'>concilio</span> <span class='ocrx_word' id='word_1_338' title='bbox 2549 1872 2736 1926; x_wconf 89' lang='lat' dir='ltr'>abbas</span> <span class='ocrx_word' id='word_1_339' title='bbox 2759 1875 2814 1926; x_wconf 91' lang='lat' dir='ltr'>et</span> <span class='ocrx_word' id='word_1_340' title='bbox 2844 1888 3049 1927; x_wconf 88' lang='lat' dir='ltr'>omnes</span> <span class='ocrx_word' id='word_1_341' title='bbox 3082 1876 3378 1930; x_wconf 89' lang='lat' dir='ltr'>monachi.</span> <span class='ocrx_word' id='word_1_342' title='bbox 3406 1876 3475 1929; x_wconf 86' lang='lat' dir='ltr'>Et</span> <span class='ocrx_word' id='word_1_343' title='bbox 3494 1882 3551 1930; x_wconf 91' lang='lat' dir='ltr'>ut</span> <span class='ocrx_word' id='word_1_344' title='bbox 3572 1878 3667 1930; x_wconf 92' lang='lat' dir='ltr'>hoc</span> <span class='ocrx_word' id='word_1_345' title='bbox 3691 1877 3857 1931; x_wconf 84' lang='lat' dir='ltr'>firmum</span> 
     </span>
    </p>
   </div>
   <div class='ocr_carea' id='block_1_55' title="bbox 2203 1960 3857 2035">
    <p class='ocr_par' dir='ltr' id='par_1_55' title="bbox 2203 1960 3857 2035">
     <span class='ocr_line' id='line_1_55' title="bbox 2203 1960 3857 2035; baseline 0.005 -24"><span class='ocrx_word' id='word_1_346' title='bbox 2203 1971 2257 2035; x_wconf 81' lang='grc' dir='ltr'>Β</span> <span class='ocrx_word' id='word_1_347' title='bbox 2285 1961 2457 2029; x_wconf 91' lang='lat' dir='ltr'>atque</span> <span class='ocrx_word' id='word_1_348' title='bbox 2504 1960 2864 2014; x_wconf 89' lang='lat' dir='ltr'>indivulsum</span> <span class='ocrx_word' id='word_1_349' title='bbox 2918 1968 3277 2031; x_wconf 86' lang='lat' dir='ltr'>permaneat,</span> <span class='ocrx_word' id='word_1_350' title='bbox 3324 1965 3497 2035; x_wconf 88' lang='lat' dir='ltr'>signo</span> <span class='ocrx_word' id='word_1_351' title='bbox 3551 1966 3857 2019; x_wconf 86' lang='lat' dir='ltr'>annotationis</span> 
     </span>
    </p>
   </div>
   <div class='ocr_carea' id='block_1_56' title="bbox 2286 2048 3855 2123">
    <p class='ocr_par' dir='ltr' id='par_1_56' title="bbox 2286 2048 3855 2123">
     <span class='ocr_line' id='line_1_56' title="bbox 2286 2048 3855 2123; baseline 0.004 -24"><span class='ocrx_word' id='word_1_352' title='bbox 2286 2063 2432 2101; x_wconf 85' lang='lat' dir='ltr'>meae</span> <span class='ocrx_word' id='word_1_353' title='bbox 2463 2048 3140 2119; x_wconf 82' lang='lat' dir='ltr'>subtertirmavi,uxoris</span> <span class='ocrx_word' id='word_1_354' title='bbox 3172 2068 3410 2123; x_wconf 85' lang='lat' dir='ltr'>quoque</span> <span class='ocrx_word' id='word_1_355' title='bbox 3433 2056 3487 2106; x_wconf 91' lang='lat' dir='ltr'>et</span> <span class='ocrx_word' id='word_1_356' title='bbox 3506 2053 3724 2107; x_wconf 84' lang='lat' dir='ltr'>ﬁliorum</span> <span class='ocrx_word' id='word_1_357' title='bbox 3738 2053 3855 2105; x_wconf 85' lang='lat' dir='ltr'>adsti-</span> 
     </span>
    </p>
   </div>
   <div class='ocr_carea' id='block_1_57' title="bbox 2282 2135 3007 2207">
    <p class='ocr_par' dir='ltr' id='par_1_57' title="bbox 2282 2135 3007 2207">
     <span class='ocr_line' id='line_1_57' title="bbox 2282 2135 3007 2207; baseline 0.007 -19"><span class='ocrx_word' id='word_1_358' title='bbox 2282 2135 2579 2204; x_wconf 89' lang='lat' dir='ltr'>pulatione</span> <span class='ocrx_word' id='word_1_359' title='bbox 2611 2138 2860 2207; x_wconf 80' lang='lat' dir='ltr'>ﬁrmavi,</span> <span class='ocrx_word' id='word_1_360' title='bbox 2898 2142 3007 2193; x_wconf 91' lang='lat' dir='ltr'>etc.</span> 
     </span>
    </p>
   </div>
   <div class='ocr_carea' id='block_1_58' title="bbox 2356 2224 3856 2300">
    <p class='ocr_par' dir='ltr' id='par_1_58' title="bbox 2356 2224 3856 2300">
     <span class='ocr_line' id='line_1_58' title="bbox 2356 2224 3856 2300; baseline 0.003 -21"><span class='ocrx_word' id='word_1_361' title='bbox 2356 2224 2604 2296; x_wconf 85' lang='lat' dir='ltr'>Signum</span> <span class='ocrx_word' id='word_1_362' title='bbox 2639 2226 2737 2279; x_wconf 63' lang='grc' dir='ltr'><strong>κν.</strong></span> <span class='ocrx_word' id='word_1_363' title='bbox 2789 2226 2953 2298; x_wconf 86' lang='lat' dir='ltr'>regis</span> <span class='ocrx_word' id='word_1_364' title='bbox 3006 2228 3359 2300; x_wconf 82' lang='lat' dir='ltr'>Anglorum,</span> <span class='ocrx_word' id='word_1_365' title='bbox 3390 2232 3446 2283; x_wconf 93' lang='lat' dir='ltr'>et</span> <span class='ocrx_word' id='word_1_366' title='bbox 3476 2230 3856 2283; x_wconf 85' lang='lat' dir='ltr'>Normannorum</span> 
     </span>
    </p>
   </div>
   <div class='ocr_carea' id='block_1_59' title="bbox 2281 2313 3857 2384">
    <p class='ocr_par' dir='ltr' id='par_1_59' title="bbox 2281 2313 3857 2384">
     <span class='ocr_line' id='line_1_59' title="bbox 2281 2313 3857 2384; baseline 0.001 -16"><span class='ocrx_word' id='word_1_367' title='bbox 2281 2314 2520 2382; x_wconf 54' lang='lat' dir='ltr'>ducis-zz</span> <span class='ocrx_word' id='word_1_368' title='bbox 2538 2313 2597 2367; x_wconf 93' lang='lat' dir='ltr'>S.</span> <span class='ocrx_word' id='word_1_369' title='bbox 2618 2314 2858 2368; x_wconf 82' lang='lat' dir='ltr'>Roberti</span> <span class='ocrx_word' id='word_1_370' title='bbox 2883 2315 2983 2368; x_wconf 81' lang='lat' dir='ltr'>ﬁlii</span> <span class='ocrx_word' id='word_1_371' title='bbox 3006 2317 3120 2384; x_wconf 91' lang='lat' dir='ltr'>sui,</span> <span class='ocrx_word' id='word_1_372' title='bbox 3148 2316 3614 2372; x_wconf 83' lang='lat' dir='ltr'>Normannorum</span> <span class='ocrx_word' id='word_1_373' title='bbox 3634 2318 3857 2384; x_wconf 48' lang='lat' dir='ltr'>comitisf.</span> 
     </span>
    </p>
   </div>
   <div class='ocr_carea' id='block_1_60' title="bbox 2281 2402 3857 2474">
    <p class='ocr_par' dir='ltr' id='par_1_60' title="bbox 2281 2402 3857 2474">
     <span class='ocr_line' id='line_1_60' title="bbox 2281 2402 3857 2474; baseline 0.001 -17"><span class='ocrx_word' id='word_1_374' title='bbox 2281 2403 2340 2457; x_wconf 89' lang='lat' dir='ltr'>S.</span> <span class='ocrx_word' id='word_1_375' title='bbox 2374 2402 2672 2456; x_wconf 87' lang='lat' dir='ltr'>Mathildis</span> <span class='ocrx_word' id='word_1_376' title='bbox 2713 2402 2992 2474; x_wconf 85' lang='lat' dir='ltr'>conjugis</span> <span class='ocrx_word' id='word_1_377' title='bbox 3028 2406 3231 2473; x_wconf 43' lang='lat' dir='ltr'>suavia</span> <span class='ocrx_word' id='word_1_378' title='bbox 3262 2405 3321 2459; x_wconf 88' lang='lat' dir='ltr'>S.</span> <span class='ocrx_word' id='word_1_379' title='bbox 3354 2407 3583 2460; x_wconf 79' lang='lat' dir='ltr'>Ricardi</span> <span class='ocrx_word' id='word_1_380' title='bbox 3610 2407 3697 2460; x_wconf 83' lang='lat' dir='ltr'>filii</span> <span class='ocrx_word' id='word_1_381' title='bbox 3722 2406 3791 2459; x_wconf 89' lang='lat' dir='ltr'>sui</span> <span class='ocrx_word' id='word_1_382' title='bbox 3815 2406 3857 2473; x_wconf 59' lang='lat' dir='ltr'>in</span> 
     </span>
    </p>
   </div>
   <div class='ocr_carea' id='block_1_61' title="bbox 2280 2490 3860 2562">
    <p class='ocr_par' dir='ltr' id='par_1_61' title="bbox 2280 2490 3860 2562">
     <span class='ocr_line' id='line_1_61' title="bbox 2280 2490 3860 2562; baseline 0.001 -18"><span class='ocrx_word' id='word_1_383' title='bbox 2280 2490 2339 2544; x_wconf 87' lang='lat' dir='ltr'>S.</span> <span class='ocrx_word' id='word_1_384' title='bbox 2377 2491 2649 2562; x_wconf 88' lang='lat' dir='ltr'>Hugouis</span> <span class='ocrx_word' id='word_1_385' title='bbox 2690 2491 2762 2545; x_wconf 92' lang='lat' dir='ltr'>de</span> <span class='ocrx_word' id='word_1_386' title='bbox 2794 2491 3043 2546; x_wconf 83' lang='lat' dir='ltr'>Cornaio</span> <span class='ocrx_word' id='word_1_387' title='bbox 3072 2493 3136 2561; x_wconf 63' lang='grc' dir='ltr'><strong>οἷο.</strong></span> <span class='ocrx_word' id='word_1_388' title='bbox 3171 2492 3232 2547; x_wconf 91' lang='lat' dir='ltr'>S.</span> <span class='ocrx_word' id='word_1_389' title='bbox 3262 2494 3494 2549; x_wconf 89' lang='lat' dir='ltr'>Giraldi</span> <span class='ocrx_word' id='word_1_390' title='bbox 3522 2496 3588 2550; x_wconf 88' lang='lat' dir='ltr'>de</span> <span class='ocrx_word' id='word_1_391' title='bbox 3608 2496 3860 2549; x_wconf 83' lang='lat' dir='ltr'>Novomer-</span> 
     </span>
    </p>
   </div>
   <div class='ocr_carea' id='block_1_62' title="bbox 2280 2578 3860 2651">
    <p class='ocr_par' dir='ltr' id='par_1_62' title="bbox 2280 2578 3860 2651">
     <span class='ocr_line' id='line_1_62' title="bbox 2280 2578 3860 2651; baseline 0.001 -19"><span class='ocrx_word' id='word_1_392' title='bbox 2280 2581 2407 2633; x_wconf 93' lang='lat' dir='ltr'>cato</span> <span class='ocrx_word' id='word_1_393' title='bbox 2435 2580 2493 2648; x_wconf 59' lang='grc' dir='ltr'>’ξπ</span> <span class='ocrx_word' id='word_1_394' title='bbox 2520 2580 2579 2633; x_wconf 90' lang='lat' dir='ltr'>S.</span> <span class='ocrx_word' id='word_1_395' title='bbox 2604 2578 2871 2651; x_wconf 88' lang='lat' dir='ltr'>Stigandi</span> <span class='ocrx_word' id='word_1_396' title='bbox 2896 2581 3227 2651; x_wconf 41' lang='lat' dir='ltr'>dapiferii‘.</span> <span class='ocrx_word' id='word_1_397' title='bbox 3262 2582 3324 2636; x_wconf 90' lang='lat' dir='ltr'>S.</span> <span class='ocrx_word' id='word_1_398' title='bbox 3375 2583 3606 2637; x_wconf 86' lang='lat' dir='ltr'>Heurici</span> <span class='ocrx_word' id='word_1_399' title='bbox 3630 2584 3690 2638; x_wconf 90' lang='lat' dir='ltr'>de</span> <span class='ocrx_word' id='word_1_400' title='bbox 3708 2584 3860 2637; x_wconf 84' lang='lat' dir='ltr'>Ferre-</span> 
     </span>
    </p>
   </div>
   <div class='ocr_carea' id='block_1_63' title="bbox 2277 2667 3850 2738">
    <p class='ocr_par' dir='ltr' id='par_1_63' title="bbox 2277 2667 3850 2738">
     <span class='ocr_line' id='line_1_63' title="bbox 2277 2667 3850 2738; baseline 0.001 -18"><span class='ocrx_word' id='word_1_401' title='bbox 2277 2667 2385 2721; x_wconf 91' lang='lat' dir='ltr'>riis</span> <span class='ocrx_word' id='word_1_402' title='bbox 2409 2668 2471 2738; x_wconf 55' lang='grc' dir='ltr'>ἧι.</span> <span class='ocrx_word' id='word_1_403' title='bbox 2489 2668 2549 2722; x_wconf 92' lang='lat' dir='ltr'>S.</span> <span class='ocrx_word' id='word_1_404' title='bbox 2574 2668 2719 2722; x_wconf 80' lang='lat' dir='ltr'>Rad.</span> <span class='ocrx_word' id='word_1_405' title='bbox 2736 2669 2807 2723; x_wconf 90' lang='lat' dir='ltr'>de</span> <span class='ocrx_word' id='word_1_406' title='bbox 2824 2670 3097 2737; x_wconf 71' lang='lat' dir='ltr'>Redon+.</span> <span class='ocrx_word' id='word_1_407' title='bbox 3121 2670 3442 2725; x_wconf 86' lang='lat' dir='ltr'>S.Gilberti</span> <span class='ocrx_word' id='word_1_408' title='bbox 3464 2672 3533 2725; x_wconf 92' lang='lat' dir='ltr'>de</span> <span class='ocrx_word' id='word_1_409' title='bbox 3552 2670 3850 2738; x_wconf 53' lang='lat' dir='ltr'>Mananothf.</span> 
     </span>
    </p>
   </div>
   <div class='ocr_carea' id='block_1_64' title="bbox 2276 2755 3677 2832">
    <p class='ocr_par' dir='ltr' id='par_1_64' title="bbox 2276 2755 3677 2832">
     <span class='ocr_line' id='line_1_64' title="bbox 2276 2755 3677 2832; baseline 0.001 -21"><span class='ocrx_word' id='word_1_410' title='bbox 2276 2755 2336 2811; x_wconf 91' lang='lat' dir='ltr'>S.</span> <span class='ocrx_word' id='word_1_411' title='bbox 2374 2756 2639 2811; x_wconf 84' lang='lat' dir='ltr'>Rainaldi</span> <span class='ocrx_word' id='word_1_412' title='bbox 2663 2756 2927 2827; x_wconf 87' lang='lat' dir='ltr'>junioris</span> <span class='ocrx_word' id='word_1_413' title='bbox 2958 2758 3321 2828; x_wconf 63' lang='lat' dir='ltr'>capellaiii+.</span> <span class='ocrx_word' id='word_1_414' title='bbox 3351 2760 3412 2815; x_wconf 93' lang='lat' dir='ltr'>S.</span> <span class='ocrx_word' id='word_1_415' title='bbox 3448 2761 3677 2832; x_wconf 84' lang='lat' dir='ltr'>Hilgeri.</span> 
     </span>
    </p>
   </div>
   <div class='ocr_carea' id='block_1_65' title="bbox 2348 2847 3858 2919">
    <p class='ocr_par' dir='ltr' id='par_1_65' title="bbox 2348 2847 3858 2919">
     <span class='ocr_line' id='line_1_65' title="bbox 2348 2847 3858 2919; baseline 0 -20"><span class='ocrx_word' id='word_1_416' title='bbox 2348 2847 2558 2899; x_wconf 90' lang='lat' dir='ltr'>Actum</span> <span class='ocrx_word' id='word_1_417' title='bbox 2572 2847 2803 2914; x_wconf 89' lang='lat' dir='ltr'>publice</span> <span class='ocrx_word' id='word_1_418' title='bbox 2816 2847 2969 2916; x_wconf 87' lang='lat' dir='ltr'>apud</span> <span class='ocrx_word' id='word_1_419' title='bbox 2986 2848 3299 2902; x_wconf 74' lang='lat' dir='ltr'>Bodolium</span> <span class='ocrx_word' id='word_1_420' title='bbox 3319 2865 3501 2919; x_wconf 86' lang='lat' dir='ltr'>supra</span> <span class='ocrx_word' id='word_1_421' title='bbox 3514 2849 3773 2903; x_wconf 83' lang='lat' dir='ltr'>Audenam</span> <span class='ocrx_word' id='word_1_422' title='bbox 3784 2847 3858 2899; x_wconf 62' lang='lat' dir='ltr'>nu.</span> 
     </span>
    </p>
   </div>
   <div class='ocr_carea' id='block_1_66' title="bbox 2274 2934 3855 3007">
    <p class='ocr_par' dir='ltr' id='par_1_66' title="bbox 2274 2934 3855 3007">
     <span class='ocr_line' id='line_1_66' title="bbox 2274 2934 3855 3007; baseline 0 -20"><span class='ocrx_word' id='word_1_423' title='bbox 2274 2934 2434 2988; x_wconf 89' lang='lat' dir='ltr'>vium</span> <span class='ocrx_word' id='word_1_424' title='bbox 2448 2934 2525 3003; x_wconf 82' lang='lat' dir='ltr'>(le</span> <span class='ocrx_word' id='word_1_425' title='bbox 2546 2935 2665 2990; x_wconf 89' lang='lat' dir='ltr'>Bec</span> <span class='ocrx_word' id='word_1_426' title='bbox 2680 2936 2787 2990; x_wconf 78' lang='grc' dir='ltr'>(ΓΑ</span> <span class='ocrx_word' id='word_1_427' title='bbox 2801 2936 3248 3006; x_wconf 80' lang='lat' dir='ltr'>ndéne),mense</span> <span class='ocrx_word' id='word_1_428' title='bbox 3267 2938 3623 3007; x_wconf 88' lang='lat' dir='ltr'>Aprili,anno</span> <span class='ocrx_word' id='word_1_429' title='bbox 3641 2939 3702 2992; x_wconf 90' lang='lat' dir='ltr'>ab</span> <span class='ocrx_word' id='word_1_430' title='bbox 3717 2939 3855 2990; x_wconf 80' lang='lat' dir='ltr'>incar-</span> 
     </span>
    </p>
   </div>
   <div class='ocr_carea' id='block_1_67' title="bbox 2274 3023 3853 3098">
    <p class='ocr_par' dir='ltr' id='par_1_67' title="bbox 2274 3023 3853 3098">
     <span class='ocr_line' id='line_1_67' title="bbox 2274 3023 3853 3098; baseline -0.001 -20"><span class='ocrx_word' id='word_1_431' title='bbox 2274 3023 2432 3079; x_wconf 92' lang='lat' dir='ltr'>tione</span> <span class='ocrx_word' id='word_1_432' title='bbox 2474 3025 2702 3094; x_wconf 65' lang='lat' dir='ltr'>Domini</span> <span class='ocrx_word' id='word_1_433' title='bbox 2750 3023 2907 3095; x_wconf 89' lang='grc'>1066,</span> <span class='ocrx_word' id='word_1_434' title='bbox 2958 3029 3243 3097; x_wconf 86' lang='lat' dir='ltr'>regnante</span> <span class='ocrx_word' id='word_1_435' title='bbox 3288 3043 3436 3098; x_wconf 84' lang='lat' dir='ltr'>rege</span> <span class='ocrx_word' id='word_1_436' title='bbox 3466 3027 3710 3097; x_wconf 84' lang='lat' dir='ltr'>Philippo</span> <span class='ocrx_word' id='word_1_437' title='bbox 3749 3038 3853 3079; x_wconf 87' lang='lat' dir='ltr'>anno</span> 
     </span>
    </p>
   </div>
   <div class='ocr_carea' id='block_1_68' title="bbox 2274 3128 2448 3168">
    <p class='ocr_par' dir='ltr' id='par_1_68' title="bbox 2274 3128 2448 3168">
     <span class='ocr_line' id='line_1_68' title="bbox 2274 3128 2448 3168; baseline 0.017 -3"><span class='ocrx_word' id='word_1_438' title='bbox 2274 3128 2448 3168; x_wconf 74' lang='lat'>110110.</span> 
     </span>
    </p>
   </div>
   <div class='ocr_carea' id='block_1_69' title="bbox 2997 3185 3217 3239">
    <p class='ocr_par' dir='ltr' id='par_1_69' title="bbox 2997 3185 3217 3239">
     <span class='ocr_line' id='line_1_69' title="bbox 2997 3185 3217 3239; baseline 0.005 -1"><span class='ocrx_word' id='word_1_439' title='bbox 2997 3185 3217 3239; x_wconf 84' lang='lat' dir='ltr'>XXXII</span> 
     </span>
    </p>
   </div>
   <div class='ocr_carea' id='block_1_70' title="bbox 2277 3271 3853 3348">
    <p class='ocr_par' dir='ltr' id='par_1_70' title="bbox 2277 3271 3853 3348">
     <span class='ocr_line' id='line_1_70' title="bbox 2277 3271 3853 3348; baseline -0.003 -21"><span class='ocrx_word' id='word_1_440' title='bbox 2277 3271 2498 3348; x_wconf 72' lang='lat' dir='ltr'>Charta</span> <span class='ocrx_word' id='word_1_441' title='bbox 2547 3274 2716 3348; x_wconf 81' lang='lat' dir='ltr'>regis</span> <span class='ocrx_word' id='word_1_442' title='bbox 2755 3273 2976 3348; x_wconf 71' lang='lat' dir='ltr'>Angloz</span> <span class='ocrx_word' id='word_1_443' title='bbox 2994 3292 3084 3327; x_wconf 86' lang='lat' dir='ltr'>um</span> <span class='ocrx_word' id='word_1_444' title='bbox 3116 3274 3416 3348; x_wconf 68' lang='lat' dir='ltr'>\Villelmi</span> <span class='ocrx_word' id='word_1_445' title='bbox 3452 3275 3617 3348; x_wconf 10' lang='lat' dir='ltr'>Aliqua</span> <span class='ocrx_word' id='word_1_446' title='bbox 3657 3272 3853 3348; x_wconf 79' lang='lat' dir='ltr'>secernit</span> 
     </span>
    </p>
   </div>
   <div class='ocr_carea' id='block_1_71' title="bbox 2338 3343 3740 3414">
    <p class='ocr_par' dir='ltr' id='par_1_71' title="bbox 2338 3343 3740 3414">
     <span class='ocr_line' id='line_1_71' title="bbox 2338 3343 3740 3414; baseline 0 -17"><span class='ocrx_word' id='word_1_447' title='bbox 2338 3343 2559 3414; x_wconf 75' lang='lat' dir='ltr'>placita</span> <span class='ocrx_word' id='word_1_448' title='bbox 2579 3343 2986 3398; x_wconf 74' lang='lat' dir='ltr'>ei-cIesiaStica</span> <span class='ocrx_word' id='word_1_449' title='bbox 3019 3362 3050 3397; x_wconf 87' lang='lat' dir='ltr'>a</span> <span class='ocrx_word' id='word_1_450' title='bbox 3082 3346 3284 3399; x_wconf 84' lang='lat' dir='ltr'>causis</span> <span class='ocrx_word' id='word_1_451' title='bbox 3312 3343 3590 3400; x_wconf 66' lang='lat' dir='ltr'>civilibus</span> <span class='ocrx_word' id='word_1_452' title='bbox 3616 3347 3740 3414; x_wconf 81' lang='lat' dir='ltr'>(l3).</span> 
     </span>
    </p>
   </div>
   <div class='ocr_carea' id='block_1_72' title="bbox 2274 3431 3852 3503">
    <p class='ocr_par' dir='ltr' id='par_1_72' title="bbox 2274 3431 3852 3503">
     <span class='ocr_line' id='line_1_72' title="bbox 2274 3431 3852 3503; baseline -0.001 -18"><span class='ocrx_word' id='word_1_453' title='bbox 2274 3431 2511 3502; x_wconf 76' lang='lat' dir='ltr'>(MANSI,</span> <span class='ocrx_word' id='word_1_454' title='bbox 2560 3431 2781 3486; x_wconf 80' lang='lat' dir='ltr'>Consi].</span> <span class='ocrx_word' id='word_1_455' title='bbox 2816 3437 2855 3486; x_wconf 92' lang='lat' dir='ltr'>t.</span> <span class='ocrx_word' id='word_1_456' title='bbox 2882 3433 3013 3486; x_wconf 85' lang='lat' dir='ltr'>XX.</span> <span class='ocrx_word' id='word_1_457' title='bbox 3039 3433 3151 3487; x_wconf 90' lang='lat' dir='ltr'>col.</span> <span class='ocrx_word' id='word_1_458' title='bbox 3196 3434 3323 3503; x_wconf 85' lang='lat'>605,</span> <span class='ocrx_word' id='word_1_459' title='bbox 3354 3436 3565 3489; x_wconf 82' lang='lat' dir='ltr'>excod.</span> <span class='ocrx_word' id='word_1_460' title='bbox 3594 3450 3690 3488; x_wconf 92' lang='lat' dir='ltr'>ms.</span> <span class='ocrx_word' id='word_1_461' title='bbox 3726 3445 3852 3503; x_wconf 83' lang='lat' dir='ltr'>penes</span> 
     </span>
    </p>
   </div>
   <div class='ocr_carea' id='block_1_73' title="bbox 504 3502 2184 3587">
    <p class='ocr_par' dir='ltr' id='par_1_73' title="bbox 504 3514 2161 3587">
     <span class='ocr_line' id='line_1_73' title="bbox 504 3514 2161 3587; baseline -0.001 -15"><span class='ocrx_word' id='word_1_462' title='bbox 504 3517 755 3572; x_wconf 91' lang='lat' dir='ltr'>consilio</span> <span class='ocrx_word' id='word_1_463' title='bbox 781 3514 1015 3584; x_wconf 88' lang='lat' dir='ltr'>capituli</span> <span class='ocrx_word' id='word_1_464' title='bbox 1046 3514 1106 3567; x_wconf 87' lang='lat' dir='ltr'>S.</span> <span class='ocrx_word' id='word_1_465' title='bbox 1142 3514 1443 3568; x_wconf 79' lang='lat' dir='ltr'>Benedicti</span> <span class='ocrx_word' id='word_1_466' title='bbox 1470 3515 1641 3587; x_wconf 82' lang='lat' dir='ltr'>[Iugo</span> <span class='ocrx_word' id='word_1_467' title='bbox 1663 3516 1850 3571; x_wconf 90' lang='lat' dir='ltr'>abbas</span> <span class='ocrx_word' id='word_1_468' title='bbox 1885 3521 1940 3570; x_wconf 93' lang='lat' dir='ltr'>et</span> <span class='ocrx_word' id='word_1_469' title='bbox 1962 3519 2161 3573; x_wconf 67' lang='lat' dir='ltr'>cretcri</span> 
     </span>
    </p>
   </div>
   <div class='ocr_carea' id='block_1_74' title="bbox 2272 3502 3853 3587">
    <p class='ocr_par' dir='ltr' id='par_1_74' title="bbox 2348 3502 3853 3587">
     <span class='ocr_line' id='line_1_74' title="bbox 2348 3502 3853 3587; baseline -0.005 -31"><span class='ocrx_word' id='word_1_470' title='bbox 2348 3504 2475 3557; x_wconf 90' lang='lat' dir='ltr'>dec.</span> <span class='ocrx_word' id='word_1_471' title='bbox 2501 3506 2557 3557; x_wconf 90' lang='lat' dir='ltr'>et</span> <span class='ocrx_word' id='word_1_472' title='bbox 2579 3519 2729 3573; x_wconf 90' lang='lat' dir='ltr'>cap.,</span> <span class='ocrx_word' id='word_1_473' title='bbox 2761 3504 2906 3557; x_wconf 92' lang='lat' dir='ltr'>eccl.</span> <span class='ocrx_word' id='word_1_474' title='bbox 2922 3502 3162 3557; x_wconf 85' lang='lat' dir='ltr'>Cathed.</span> <span class='ocrx_word' id='word_1_475' title='bbox 3265 3502 3438 3559; x_wconf 85' lang='lat' dir='ltr'>Pauli</span> <span class='ocrx_word' id='word_1_476' title='bbox 3455 3502 3853 3560; x_wconf 51' lang='lat' dir='ltr'>Londoniensisl</span> 
     </span>
    </p>
   </div>
   <div class='ocr_carea' id='block_1_75' title="bbox 504 3602 2163 3675">
    <p class='ocr_par' dir='ltr' id='par_1_75' title="bbox 504 3602 2163 3675">
     <span class='ocr_line' id='line_1_75' title="bbox 504 3602 2163 3675; baseline 0.001 -16"><span class='ocrx_word' id='word_1_477' title='bbox 504 3605 841 3674; x_wconf 87' lang='lat' dir='ltr'>complures</span> <span class='ocrx_word' id='word_1_478' title='bbox 900 3606 1137 3656; x_wconf 89' lang='lat' dir='ltr'>orantes</span> <span class='ocrx_word' id='word_1_479' title='bbox 1187 3607 1241 3656; x_wconf 90' lang='lat' dir='ltr'>et</span> <span class='ocrx_word' id='word_1_480' title='bbox 1290 3602 1587 3657; x_wconf 89' lang='lat' dir='ltr'>humiliter</span> <span class='ocrx_word' id='word_1_481' title='bbox 1631 3605 2040 3675; x_wconf 85' lang='lat' dir='ltr'>deprecantes,</span> <span class='ocrx_word' id='word_1_482' title='bbox 2101 3610 2163 3661; x_wconf 93' lang='lat' dir='ltr'>ut</span> 
     </span>
    </p>
   </div>
   <div class='ocr_carea' id='block_1_76' title="bbox 503 3691 2161 3763">
    <p class='ocr_par' dir='ltr' id='par_1_76' title="bbox 503 3691 2161 3763">
     <span class='ocr_line' id='line_1_76' title="bbox 503 3691 2161 3763; baseline 0.002 -17"><span class='ocrx_word' id='word_1_483' title='bbox 503 3694 871 3747; x_wconf 84' lang='lat' dir='ltr'>medietatem</span> <span class='ocrx_word' id='word_1_484' title='bbox 902 3691 1131 3745; x_wconf 89' lang='lat' dir='ltr'>illorum</span> <span class='ocrx_word' id='word_1_485' title='bbox 1155 3708 1287 3762; x_wconf 84' lang='lat' dir='ltr'>quae</span> <span class='ocrx_word' id='word_1_486' title='bbox 1307 3693 1434 3746; x_wconf 90' lang='lat' dir='ltr'>loco</span> <span class='ocrx_word' id='word_1_487' title='bbox 1459 3694 1796 3763; x_wconf 89' lang='lat' dir='ltr'>supradicto</span> <span class='ocrx_word' id='word_1_488' title='bbox 1819 3694 2161 3749; x_wconf 91' lang='lat' dir='ltr'>addideram</span> 
     </span>
    </p>
   </div>
   <div class='ocr_carea' id='block_1_77' title="bbox 503 3782 2164 3851">
    <p class='ocr_par' dir='ltr' id='par_1_77' title="bbox 503 3782 2164 3851">
     <span class='ocr_line' id='line_1_77' title="bbox 503 3782 2164 3851; baseline 0.002 -16"><span class='ocrx_word' id='word_1_489' title='bbox 503 3782 622 3835; x_wconf 91' lang='lat' dir='ltr'>illis</span> <span class='ocrx_word' id='word_1_490' title='bbox 653 3782 956 3849; x_wconf 88' lang='lat' dir='ltr'>donarem,</span> <span class='ocrx_word' id='word_1_491' title='bbox 989 3795 1059 3834; x_wconf 94' lang='lat' dir='ltr'>eo</span> <span class='ocrx_word' id='word_1_492' title='bbox 1077 3784 1264 3851; x_wconf 89' lang='lat' dir='ltr'>pacto,</span> <span class='ocrx_word' id='word_1_493' title='bbox 1291 3785 1352 3835; x_wconf 93' lang='lat' dir='ltr'>ut</span> <span class='ocrx_word' id='word_1_494' title='bbox 1375 3784 1430 3835; x_wconf 92' lang='lat' dir='ltr'>ct</span> <span class='ocrx_word' id='word_1_495' title='bbox 1456 3782 1568 3851; x_wconf 86' lang='lat' dir='ltr'>ipsi</span> <span class='ocrx_word' id='word_1_496' title='bbox 1602 3798 1692 3837; x_wconf 90' lang='lat' dir='ltr'>me</span> <span class='ocrx_word' id='word_1_497' title='bbox 1718 3784 1775 3835; x_wconf 92' lang='lat' dir='ltr'>in</span> <span class='ocrx_word' id='word_1_498' title='bbox 1796 3783 2164 3838; x_wconf 90' lang='lat' dir='ltr'>medietatem</span> 
     </span>
    </p>
   </div>
   <div class='ocr_carea' id='block_1_78' title="bbox 504 3867 2168 3939">
    <p class='ocr_par' dir='ltr' id='par_1_78' title="bbox 504 3867 2168 3939">
     <span class='ocr_line' id='line_1_78' title="bbox 504 3867 2168 3939; baseline 0.001 -17"><span class='ocrx_word' id='word_1_499' title='bbox 504 3867 1147 3938; x_wconf 40' lang='lat' dir='ltr'>suorum‘jcolligerent,</span> <span class='ocrx_word' id='word_1_500' title='bbox 1168 3871 1410 3937; x_wconf 86' lang='lat' dir='ltr'>excepta</span> <span class='ocrx_word' id='word_1_501' title='bbox 1444 3869 1720 3939; x_wconf 88' lang='lat' dir='ltr'>ecclesia,</span> <span class='ocrx_word' id='word_1_502' title='bbox 1742 3872 1797 3923; x_wconf 91' lang='lat' dir='ltr'>et</span> <span class='ocrx_word' id='word_1_503' title='bbox 1814 3869 1885 3921; x_wconf 92' lang='lat' dir='ltr'>ad</span> <span class='ocrx_word' id='word_1_504' title='bbox 1905 3869 2168 3924; x_wconf 91' lang='lat' dir='ltr'>eamdem</span> 
     </span>
    </p>
   </div>
   <div class='ocr_carea' id='block_1_79' title="bbox 501 3956 2162 4027">
    <p class='ocr_par' dir='ltr' id='par_1_79' title="bbox 501 3956 2162 4027">
     <span class='ocr_line' id='line_1_79' title="bbox 501 3956 2162 4027; baseline 0.001 -16"><span class='ocrx_word' id='word_1_505' title='bbox 501 3956 815 4011; x_wconf 90' lang='lat' dir='ltr'>ecclesiam</span> <span class='ocrx_word' id='word_1_506' title='bbox 845 3956 1295 4026; x_wconf 89' lang='lat' dir='ltr'>pertinentibus,</span> <span class='ocrx_word' id='word_1_507' title='bbox 1328 3973 1460 4027; x_wconf 89' lang='lat' dir='ltr'>quae</span> <span class='ocrx_word' id='word_1_508' title='bbox 1488 3959 1679 4027; x_wconf 90' lang='lat' dir='ltr'>ipsius</span> <span class='ocrx_word' id='word_1_509' title='bbox 1714 3960 1883 4011; x_wconf 90' lang='lat' dir='ltr'>erant</span> <span class='ocrx_word' id='word_1_510' title='bbox 1916 3961 1973 4011; x_wconf 91' lang='lat' dir='ltr'>et</span> <span class='ocrx_word' id='word_1_511' title='bbox 2003 3962 2162 4013; x_wconf 92' lang='lat' dir='ltr'>sunt.</span> 
     </span>
    </p>
   </div>
   <div class='ocr_carea' id='block_1_80' title="bbox 504 4045 2169 4117">
    <p class='ocr_par' dir='ltr' id='par_1_80' title="bbox 504 4045 2169 4117">
     <span class='ocr_line' id='line_1_80' title="bbox 504 4045 2169 4117; baseline 0.001 -17"><span class='ocrx_word' id='word_1_512' title='bbox 504 4045 631 4117; x_wconf 87' lang='lat' dir='ltr'>Ego</span> <span class='ocrx_word' id='word_1_513' title='bbox 664 4060 805 4100; x_wconf 91' lang='lat' dir='ltr'>vero</span> <span class='ocrx_word' id='word_1_514' title='bbox 834 4046 1097 4115; x_wconf 89' lang='lat' dir='ltr'>petitioni</span> <span class='ocrx_word' id='word_1_515' title='bbox 1130 4061 1332 4099; x_wconf 92' lang='lat' dir='ltr'>eorum</span> <span class='ocrx_word' id='word_1_516' title='bbox 1356 4045 1608 4100; x_wconf 88' lang='lat' dir='ltr'>libenter</span> <span class='ocrx_word' id='word_1_517' title='bbox 1637 4046 1932 4117; x_wconf 85' lang='lat' dir='ltr'>adquievi.</span> <span class='ocrx_word' id='word_1_518' title='bbox 1955 4047 2169 4102; x_wconf 88' lang='lat' dir='ltr'>Distin-</span> 
     </span>
    </p>
   </div>
   <div class='ocr_carea' id='block_1_81' title="bbox 503 4133 2168 4205">
    <p class='ocr_par' dir='ltr' id='par_1_81' title="bbox 503 4133 2168 4205">
     <span class='ocr_line' id='line_1_81' title="bbox 503 4133 2168 4205; baseline 0.001 -16"><span class='ocrx_word' id='word_1_519' title='bbox 503 4136 618 4189; x_wconf 91' lang='lat' dir='ltr'>ctio</span> <span class='ocrx_word' id='word_1_520' title='bbox 652 4139 845 4189; x_wconf 91' lang='lat' dir='ltr'>autem</span> <span class='ocrx_word' id='word_1_521' title='bbox 878 4149 1081 4188; x_wconf 91' lang='lat' dir='ltr'>eorum</span> <span class='ocrx_word' id='word_1_522' title='bbox 1113 4133 1267 4187; x_wconf 91' lang='lat' dir='ltr'>inter</span> <span class='ocrx_word' id='word_1_523' title='bbox 1298 4149 1407 4187; x_wconf 92' lang='lat' dir='ltr'>nos</span> <span class='ocrx_word' id='word_1_524' title='bbox 1446 4134 1579 4187; x_wconf 89' lang='lat' dir='ltr'>talis</span> <span class='ocrx_word' id='word_1_525' title='bbox 1605 4134 1731 4204; x_wconf 87' lang='lat' dir='ltr'>fuit,</span> <span class='ocrx_word' id='word_1_526' title='bbox 1756 4136 1911 4205; x_wconf 89' lang='lat' dir='ltr'>quod</span> <span class='ocrx_word' id='word_1_527' title='bbox 1942 4137 2168 4191; x_wconf 91' lang='lat' dir='ltr'>medie-</span> 
     </span>
    </p>
   </div>
   <div class='ocr_carea' id='block_1_82' title="bbox 501 4221 2164 4295">
    <p class='ocr_par' dir='ltr' id='par_1_82' title="bbox 501 4221 2164 4295">
     <span class='ocr_line' id='line_1_82' title="bbox 501 4221 2164 4295; baseline 0.001 -18"><span class='ocrx_word' id='word_1_528' title='bbox 501 4227 677 4278; x_wconf 89' lang='lat' dir='ltr'>tatem</span> <span class='ocrx_word' id='word_1_529' title='bbox 698 4224 878 4278; x_wconf 90' lang='lat' dir='ltr'>totius</span> <span class='ocrx_word' id='word_1_530' title='bbox 902 4223 1103 4291; x_wconf 90' lang='lat' dir='ltr'>castri,</span> <span class='ocrx_word' id='word_1_531' title='bbox 1128 4223 1357 4276; x_wconf 90' lang='lat' dir='ltr'>scilicet</span> <span class='ocrx_word' id='word_1_532' title='bbox 1378 4239 1449 4277; x_wconf 87' lang='lat' dir='ltr'>ex</span> <span class='ocrx_word' id='word_1_533' title='bbox 1465 4221 1838 4294; x_wconf 90' lang='lat' dir='ltr'>molendinis,</span> <span class='ocrx_word' id='word_1_534' title='bbox 1864 4239 1938 4278; x_wconf 83' lang='lat' dir='ltr'>ex</span> <span class='ocrx_word' id='word_1_535' title='bbox 1953 4224 2164 4295; x_wconf 86' lang='lat' dir='ltr'>furnis,</span> 
     </span>
    </p>
   </div>
   <div class='ocr_carea' id='block_1_83' title="bbox 500 4311 2163 4383">
    <p class='ocr_par' dir='ltr' id='par_1_83' title="bbox 500 4311 2163 4383">
     <span class='ocr_line' id='line_1_83' title="bbox 500 4311 2163 4383; baseline 0.001 -16"><span class='ocrx_word' id='word_1_536' title='bbox 500 4327 575 4367; x_wconf 87' lang='lat' dir='ltr'>ex</span> <span class='ocrx_word' id='word_1_537' title='bbox 606 4313 874 4381; x_wconf 89' lang='lat' dir='ltr'>teloneis,</span> <span class='ocrx_word' id='word_1_538' title='bbox 910 4327 984 4365; x_wconf 82' lang='lat' dir='ltr'>ex</span> <span class='ocrx_word' id='word_1_539' title='bbox 1001 4311 1310 4382; x_wconf 90' lang='lat' dir='ltr'>pedaticis,</span> <span class='ocrx_word' id='word_1_540' title='bbox 1336 4329 1409 4365; x_wconf 82' lang='lat' dir='ltr'>ex</span> <span class='ocrx_word' id='word_1_541' title='bbox 1426 4312 1724 4371; x_wconf 85' lang='lat' dir='ltr'>nundinis,</span> <span class='ocrx_word' id='word_1_542' title='bbox 1761 4328 1833 4367; x_wconf 84' lang='lat' dir='ltr'>ex</span> <span class='ocrx_word' id='word_1_543' title='bbox 1865 4314 2163 4383; x_wconf 90' lang='lat' dir='ltr'>mercatis,</span> 
     </span>
    </p>
   </div>
   <div class='ocr_carea' id='block_1_84' title="bbox 503 4400 2160 4471">
    <p class='ocr_par' dir='ltr' id='par_1_84' title="bbox 503 4400 2160 4471">
     <span class='ocr_line' id='line_1_84' title="bbox 503 4400 2160 4471; baseline -0.001 -15"><span class='ocrx_word' id='word_1_544' title='bbox 503 4418 577 4457; x_wconf 81' lang='lat' dir='ltr'>ex</span> <span class='ocrx_word' id='word_1_545' title='bbox 607 4402 880 4455; x_wconf 89' lang='lat' dir='ltr'>omnibus</span> <span class='ocrx_word' id='word_1_546' title='bbox 907 4400 1178 4471; x_wconf 87' lang='lat' dir='ltr'>justitiis,</span> <span class='ocrx_word' id='word_1_547' title='bbox 1214 4402 1343 4454; x_wconf 91' lang='lat' dir='ltr'>sive</span> <span class='ocrx_word' id='word_1_548' title='bbox 1367 4416 1441 4455; x_wconf 86' lang='lat' dir='ltr'>ex</span> <span class='ocrx_word' id='word_1_549' title='bbox 1460 4400 1734 4455; x_wconf 89' lang='lat' dir='ltr'>omnibus</span> <span class='ocrx_word' id='word_1_550' title='bbox 1752 4400 2083 4455; x_wconf 88' lang='lat' dir='ltr'>redditibus</span> <span class='ocrx_word' id='word_1_551' title='bbox 2103 4406 2160 4456; x_wconf 90' lang='lat' dir='ltr'>et</span> 
     </span>
    </p>
   </div>
   <div class='ocr_carea' id='block_1_85' title="bbox 499 4488 2170 4562">
    <p class='ocr_par' dir='ltr' id='par_1_85' title="bbox 499 4488 2170 4562">
     <span class='ocr_line' id='line_1_85' title="bbox 499 4488 2170 4562; baseline 0.001 -19"><span class='ocrx_word' id='word_1_552' title='bbox 499 4489 989 4558; x_wconf 89' lang='lat' dir='ltr'>consuedinibus,</span> <span class='ocrx_word' id='word_1_553' title='bbox 1032 4504 1165 4559; x_wconf 66' lang='lat' dir='ltr'>quae</span> <span class='ocrx_word' id='word_1_554' title='bbox 1222 4504 1296 4543; x_wconf 84' lang='lat' dir='ltr'>ex</span> <span class='ocrx_word' id='word_1_555' title='bbox 1326 4488 1457 4559; x_wconf 89' lang='lat' dir='ltr'>ipso</span> <span class='ocrx_word' id='word_1_556' title='bbox 1490 4492 1707 4555; x_wconf 89' lang='lat' dir='ltr'>castro,</span> <span class='ocrx_word' id='word_1_557' title='bbox 1742 4490 1837 4543; x_wconf 91' lang='lat' dir='ltr'>vel</span> <span class='ocrx_word' id='word_1_558' title='bbox 1902 4506 1976 4543; x_wconf 79' lang='lat' dir='ltr'>ex</span> <span class='ocrx_word' id='word_1_559' title='bbox 2005 4490 2170 4562; x_wconf 85' lang='lat' dir='ltr'>adja-</span> 
     </span>
    </p>
   </div>
   <div class='ocr_carea' id='block_1_86' title="bbox 503 4577 2168 4648">
    <p class='ocr_par' dir='ltr' id='par_1_86' title="bbox 503 4577 2168 4648">
     <span class='ocr_line' id='line_1_86' title="bbox 503 4577 2168 4648; baseline 0.001 -16"><span class='ocrx_word' id='word_1_560' title='bbox 503 4578 715 4633; x_wconf 90' lang='lat' dir='ltr'>centiis</span> <span class='ocrx_word' id='word_1_561' title='bbox 742 4578 877 4648; x_wconf 91' lang='lat' dir='ltr'>ejus</span> <span class='ocrx_word' id='word_1_562' title='bbox 896 4577 1290 4646; x_wconf 90' lang='lat' dir='ltr'>accipiuntur,</span> <span class='ocrx_word' id='word_1_563' title='bbox 1307 4579 1363 4630; x_wconf 89' lang='lat' dir='ltr'>et</span> <span class='ocrx_word' id='word_1_564' title='bbox 1391 4577 1462 4631; x_wconf 93' lang='lat' dir='ltr'>de</span> <span class='ocrx_word' id='word_1_565' title='bbox 1493 4577 1768 4632; x_wconf 90' lang='lat' dir='ltr'>omnibus</span> <span class='ocrx_word' id='word_1_566' title='bbox 1787 4579 1859 4632; x_wconf 92' lang='lat' dir='ltr'>ad</span> <span class='ocrx_word' id='word_1_567' title='bbox 1891 4578 2168 4648; x_wconf 70' lang='lat' dir='ltr'>haecper-</span> 
     </span>
    </p>
   </div>
   <div class='ocr_carea' id='block_1_87' title="bbox 496 4666 2164 4738">
    <p class='ocr_par' dir='ltr' id='par_1_87' title="bbox 496 4666 2164 4738">
     <span class='ocr_line' id='line_1_87' title="bbox 496 4666 2164 4738; baseline -0.002 -15"><span class='ocrx_word' id='word_1_568' title='bbox 496 4668 842 4723; x_wconf 90' lang='lat' dir='ltr'>tinentibus.</span> <span class='ocrx_word' id='word_1_569' title='bbox 868 4683 1001 4738; x_wconf 83' lang='lat' dir='ltr'>quae</span> <span class='ocrx_word' id='word_1_570' title='bbox 1031 4666 1110 4720; x_wconf 91' lang='lat' dir='ltr'>ibi</span> <span class='ocrx_word' id='word_1_571' title='bbox 1135 4666 1617 4736; x_wconf 90' lang='lat' dir='ltr'>meliorabuntur,</span> <span class='ocrx_word' id='word_1_572' title='bbox 1640 4667 2007 4721; x_wconf 86' lang='lat' dir='ltr'>medietatem</span> <span class='ocrx_word' id='word_1_573' title='bbox 2021 4669 2164 4721; x_wconf 87' lang='lat' dir='ltr'>mihi</span> 
     </span>
    </p>
   </div>
   <div class='ocr_carea' id='block_1_88' title="bbox 496 4755 2159 4829">
    <p class='ocr_par' dir='ltr' id='par_1_88' title="bbox 496 4755 2159 4829">
     <span class='ocr_line' id='line_1_88' title="bbox 496 4755 2159 4829; baseline 0.001 -19"><span class='ocrx_word' id='word_1_574' title='bbox 496 4757 809 4826; x_wconf 80' lang='lat' dir='ltr'>retinui,et</span> <span class='ocrx_word' id='word_1_575' title='bbox 832 4756 1202 4810; x_wconf 90' lang='lat' dir='ltr'>medietatem</span> <span class='ocrx_word' id='word_1_576' title='bbox 1234 4755 1349 4809; x_wconf 90' lang='lat' dir='ltr'>illis</span> <span class='ocrx_word' id='word_1_577' title='bbox 1380 4755 1513 4809; x_wconf 90' lang='lat' dir='ltr'>dedi</span> <span class='ocrx_word' id='word_1_578' title='bbox 1545 4771 1556 4809; x_wconf 90' lang='lat'>:</span> <span class='ocrx_word' id='word_1_579' title='bbox 1592 4756 1669 4809; x_wconf 91' lang='lat' dir='ltr'>ita</span> <span class='ocrx_word' id='word_1_580' title='bbox 1714 4758 1777 4809; x_wconf 89' lang='lat' dir='ltr'>ut</span> <span class='ocrx_word' id='word_1_581' title='bbox 1796 4756 1868 4809; x_wconf 90' lang='lat' dir='ltr'>ab</span> <span class='ocrx_word' id='word_1_582' title='bbox 1890 4755 2001 4810; x_wconf 89' lang='lat' dir='ltr'>hac</span> <span class='ocrx_word' id='word_1_583' title='bbox 2032 4757 2159 4829; x_wconf 89' lang='lat' dir='ltr'>die,</span> 
     </span>
    </p>
   </div>
   <div class='ocr_carea' id='block_1_89' title="bbox 497 4842 2162 4915">
    <p class='ocr_par' dir='ltr' id='par_1_89' title="bbox 497 4842 2162 4915">
     <span class='ocr_line' id='line_1_89' title="bbox 497 4842 2162 4915; baseline 0 -15"><span class='ocrx_word' id='word_1_584' title='bbox 497 4850 552 4901; x_wconf 91' lang='lat' dir='ltr'>et</span> <span class='ocrx_word' id='word_1_585' title='bbox 602 4846 905 4915; x_wconf 91' lang='lat' dir='ltr'>deinceps,</span> <span class='ocrx_word' id='word_1_586' title='bbox 950 4848 1230 4914; x_wconf 91' lang='lat' dir='ltr'>perpetuo</span> <span class='ocrx_word' id='word_1_587' title='bbox 1263 4843 1323 4897; x_wconf 91' lang='lat' dir='ltr'>in</span> <span class='ocrx_word' id='word_1_588' title='bbox 1356 4842 1493 4913; x_wconf 92' lang='lat' dir='ltr'>jure</span> <span class='ocrx_word' id='word_1_589' title='bbox 1531 4848 1587 4898; x_wconf 92' lang='lat' dir='ltr'>et</span> <span class='ocrx_word' id='word_1_590' title='bbox 1635 4844 2028 4899; x_wconf 89' lang='lat' dir='ltr'>dominatione</span> <span class='ocrx_word' id='word_1_591' title='bbox 2085 4848 2162 4900; x_wconf 90' lang='lat' dir='ltr'>sit</span> 
     </span>
    </p>
   </div>
   <div class='ocr_carea' id='block_1_90' title="bbox 497 4930 2153 4989">
    <p class='ocr_par' dir='ltr' id='par_1_90' title="bbox 497 4930 2153 4989">
     <span class='ocr_line' id='line_1_90' title="bbox 497 4930 2153 4989; baseline -0.001 -1"><span class='ocrx_word' id='word_1_592' title='bbox 497 4933 556 4988; x_wconf 85' lang='lat' dir='ltr'>S.</span> <span class='ocrx_word' id='word_1_593' title='bbox 584 4934 885 4989; x_wconf 90' lang='lat' dir='ltr'>Benedicti</span> <span class='ocrx_word' id='word_1_594' title='bbox 918 4937 972 4987; x_wconf 93' lang='lat' dir='ltr'>et</span> <span class='ocrx_word' id='word_1_595' title='bbox 1003 4932 1251 4985; x_wconf 84' lang='lat' dir='ltr'>fratrum</span> <span class='ocrx_word' id='word_1_596' title='bbox 1300 4930 1699 4986; x_wconf 84' lang='lat' dir='ltr'>Floriacensis</span> <span class='ocrx_word' id='word_1_597' title='bbox 1731 4934 2006 4986; x_wconf 82' lang='lat' dir='ltr'>coenobii.</span> <span class='ocrx_word' id='word_1_598' title='bbox 2070 4933 2153 4988; x_wconf 92' lang='lat' dir='ltr'>De</span> 
     </span>
    </p>
   </div>
   <div class='ocr_carea' id='block_1_91' title="bbox 496 5020 2237 5121">
    <p class='ocr_par' dir='ltr' id='par_1_91' title="bbox 496 5020 2237 5121">
     <span class='ocr_line' id='line_1_91' title="bbox 496 5020 2237 5121; baseline 0.001 -46"><span class='ocrx_word' id='word_1_599' title='bbox 496 5024 727 5094; x_wconf 83' lang='lat' dir='ltr'>stagnis</span> <span class='ocrx_word' id='word_1_600' title='bbox 756 5038 901 5077; x_wconf 83' lang='lat' dir='ltr'>vero</span> <span class='ocrx_word' id='word_1_601' title='bbox 932 5022 1125 5075; x_wconf 91' lang='lat' dir='ltr'>tribus</span> <span class='ocrx_word' id='word_1_602' title='bbox 1144 5036 1275 5091; x_wconf 66' lang='lat' dir='ltr'>qum.</span> <span class='ocrx_word' id='word_1_603' title='bbox 1295 5020 1375 5073; x_wconf 89' lang='lat' dir='ltr'>ibi</span> <span class='ocrx_word' id='word_1_604' title='bbox 1408 5020 1538 5087; x_wconf 90' lang='lat' dir='ltr'>feci,</span> <span class='ocrx_word' id='word_1_605' title='bbox 1567 5022 1949 5088; x_wconf 86' lang='lat' dir='ltr'>piscationem</span> <span class='ocrx_word' id='word_1_606' title='bbox 1982 5037 2155 5091; x_wconf 91' lang='lat' dir='ltr'>supe-</span> <span class='ocrx_word' id='word_1_607' title='bbox 2182 5058 2237 5121; x_wconf 83' lang='lat' dir='ltr'><strong>D</strong></span> 
     </span>
    </p>
   </div>
   <div class='ocr_carea' id='block_1_92' title="bbox 494 5109 2156 5180">
    <p class='ocr_par' dir='ltr' id='par_1_92' title="bbox 494 5109 2156 5180">
     <span class='ocr_line' id='line_1_92' title="bbox 494 5109 2156 5180; baseline 0.001 -16"><span class='ocrx_word' id='word_1_608' title='bbox 494 5112 669 5166; x_wconf 85' lang='lat' dir='ltr'>rioris</span> <span class='ocrx_word' id='word_1_609' title='bbox 700 5112 841 5165; x_wconf 85' lang='lat' dir='ltr'>milii</span> <span class='ocrx_word' id='word_1_610' title='bbox 872 5111 1104 5179; x_wconf 86' lang='lat' dir='ltr'>retinui;</span> <span class='ocrx_word' id='word_1_611' title='bbox 1136 5110 1525 5180; x_wconf 87' lang='lat' dir='ltr'>piscationem</span> <span class='ocrx_word' id='word_1_612' title='bbox 1546 5109 1721 5161; x_wconf 91' lang='lat' dir='ltr'>medii</span> <span class='ocrx_word' id='word_1_613' title='bbox 1753 5110 1947 5180; x_wconf 91' lang='lat' dir='ltr'>stagni</span> <span class='ocrx_word' id='word_1_614' title='bbox 1976 5114 2156 5165; x_wconf 90' lang='lat' dir='ltr'>totam</span> 
     </span>
    </p>
   </div>
   <div class='ocr_carea' id='block_1_93' title="bbox 495 5197 2199 5269">
    <p class='ocr_par' dir='ltr' id='par_1_93' title="bbox 495 5197 2199 5269">
     <span class='ocr_line' id='line_1_93' title="bbox 495 5197 2199 5269; baseline 0.003 -19"><span class='ocrx_word' id='word_1_615' title='bbox 495 5199 611 5252; x_wconf 89' lang='lat' dir='ltr'>illis</span> <span class='ocrx_word' id='word_1_616' title='bbox 644 5200 939 5269; x_wconf 87' lang='lat' dir='ltr'>concessi,</span> <span class='ocrx_word' id='word_1_617' title='bbox 974 5198 1361 5269; x_wconf 84' lang='lat' dir='ltr'>piscationem</span> <span class='ocrx_word' id='word_1_618' title='bbox 1409 5212 1550 5252; x_wconf 89' lang='lat' dir='ltr'>vero</span> <span class='ocrx_word' id='word_1_619' title='bbox 1589 5197 1762 5267; x_wconf 88' lang='lat' dir='ltr'>tertii,</span> <span class='ocrx_word' id='word_1_620' title='bbox 1809 5198 1947 5251; x_wconf 91' lang='lat' dir='ltr'>mihi</span> <span class='ocrx_word' id='word_1_621' title='bbox 1982 5198 2157 5254; x_wconf 88' lang='lat' dir='ltr'>dimi-</span> <span class='ocrx_word' id='word_1_622' title='bbox 2196 5218 2199 5221; x_wconf 92' lang='grc'><strong>·</strong></span> 
     </span>
    </p>
   </div>
   <div class='ocr_carea' id='block_1_94' title="bbox 495 5285 1690 5356">
    <p class='ocr_par' dir='ltr' id='par_1_94' title="bbox 495 5285 1690 5356">
     <span class='ocr_line' id='line_1_94' title="bbox 495 5285 1690 5356; baseline 0.003 -17"><span class='ocrx_word' id='word_1_623' title='bbox 495 5285 648 5340; x_wconf 89' lang='lat' dir='ltr'>diam</span> <span class='ocrx_word' id='word_1_624' title='bbox 678 5289 935 5356; x_wconf 90' lang='lat' dir='ltr'>servavi,</span> <span class='ocrx_word' id='word_1_625' title='bbox 971 5290 1026 5341; x_wconf 91' lang='lat' dir='ltr'>et</span> <span class='ocrx_word' id='word_1_626' title='bbox 1057 5287 1355 5341; x_wconf 91' lang='lat' dir='ltr'>dimidiam</span> <span class='ocrx_word' id='word_1_627' title='bbox 1388 5286 1505 5341; x_wconf 91' lang='lat' dir='ltr'>illis</span> <span class='ocrx_word' id='word_1_628' title='bbox 1537 5285 1690 5342; x_wconf 87' lang='lat' dir='ltr'>dedi.</span> 
     </span>
    </p>
   </div>
   <div class='ocr_carea' id='block_1_95' title="bbox 565 5427 2159 5500">
    <p class='ocr_par' dir='ltr' id='par_1_95' title="bbox 565 5427 2159 5500">
     <span class='ocr_line' id='line_1_95' title="bbox 565 5427 2159 5500; baseline 0.002 -20"><span class='ocrx_word' id='word_1_629' title='bbox 565 5428 676 5497; x_wconf 78' lang='lat' dir='ltr'>(i3)</span> <span class='ocrx_word' id='word_1_630' title='bbox 697 5427 897 5500; x_wconf 84' lang='lat' dir='ltr'>Quoad</span> <span class='ocrx_word' id='word_1_631' title='bbox 918 5431 1149 5500; x_wconf 89' lang='lat' dir='ltr'>tempus</span> <span class='ocrx_word' id='word_1_632' title='bbox 1180 5429 1569 5484; x_wconf 87' lang='lat' dir='ltr'>confectionis</span> <span class='ocrx_word' id='word_1_633' title='bbox 1599 5429 1774 5484; x_wconf 87' lang='lat' dir='ltr'>istius</span> <span class='ocrx_word' id='word_1_634' title='bbox 1789 5430 2033 5500; x_wconf 82' lang='lat' dir='ltr'>chartae,</span> <span class='ocrx_word' id='word_1_635' title='bbox 2066 5430 2159 5483; x_wconf 84' lang='lat' dir='ltr'>vi-</span> 
     </span>
    </p>
   </div>
   <div class='ocr_carea' id='block_1_96' title="bbox 494 5495 2150 5569">
    <p class='ocr_par' dir='ltr' id='par_1_96' title="bbox 494 5495 2150 5569">
     <span class='ocr_line' id='line_1_96' title="bbox 494 5495 2150 5569; baseline 0.001 -17"><span class='ocrx_word' id='word_1_636' title='bbox 494 5495 663 5569; x_wconf 73' lang='lat' dir='ltr'>detur</span> <span class='ocrx_word' id='word_1_637' title='bbox 695 5498 884 5552; x_wconf 88' lang='lat' dir='ltr'>fuisse</span> <span class='ocrx_word' id='word_1_638' title='bbox 909 5495 1064 5553; x_wconf 78' lang='lat' dir='ltr'>circa</span> <span class='ocrx_word' id='word_1_639' title='bbox 1080 5517 1297 5555; x_wconf 81' lang='lat' dir='ltr'>annum</span> <span class='ocrx_word' id='word_1_640' title='bbox 1332 5501 1559 5554; x_wconf 91' lang='lat' dir='ltr'>Domini</span> <span class='ocrx_word' id='word_1_641' title='bbox 1592 5500 1749 5569; x_wconf 88' lang='grc'>1085,</span> <span class='ocrx_word' id='word_1_642' title='bbox 1782 5517 1917 5555; x_wconf 90' lang='lat' dir='ltr'>nam</span> <span class='ocrx_word' id='word_1_643' title='bbox 1944 5495 2150 5555; x_wconf 84' lang='lat' dir='ltr'>Matth.</span> 
     </span>
    </p>
   </div>
   <div class='ocr_carea' id='block_1_97' title="bbox 492 5566 2152 5639">
    <p class='ocr_par' dir='ltr' id='par_1_97' title="bbox 492 5566 2152 5639">
     <span class='ocr_line' id='line_1_97' title="bbox 492 5566 2152 5639; baseline 0.004 -19"><span class='ocrx_word' id='word_1_644' title='bbox 492 5566 684 5623; x_wconf 91' lang='lat' dir='ltr'>Paris.</span> <span class='ocrx_word' id='word_1_645' title='bbox 722 5569 806 5622; x_wconf 91' lang='lat' dir='ltr'>De</span> <span class='ocrx_word' id='word_1_646' title='bbox 836 5570 1027 5639; x_wconf 87' lang='lat' dir='ltr'>gestis</span> <span class='ocrx_word' id='word_1_647' title='bbox 1058 5573 1218 5639; x_wconf 90' lang='lat' dir='ltr'>regis</span> <span class='ocrx_word' id='word_1_648' title='bbox 1251 5571 1554 5627; x_wconf 88' lang='lat' dir='ltr'>Wilhelmi</span> <span class='ocrx_word' id='word_1_649' title='bbox 1588 5573 1700 5627; x_wconf 91' lang='lat' dir='ltr'>sub</span> <span class='ocrx_word' id='word_1_650' title='bbox 1738 5566 1854 5627; x_wconf 82' lang='lat' dir='ltr'>hoc</span> <span class='ocrx_word' id='word_1_651' title='bbox 1884 5589 2036 5627; x_wconf 89' lang='lat' dir='ltr'>auuo</span> <span class='ocrx_word' id='word_1_652' title='bbox 2071 5573 2152 5626; x_wconf 89' lang='lat' dir='ltr'>lo-</span> 
     </span>
    </p>
   </div>
   <div class='ocr_carea' id='block_1_98' title="bbox 491 5640 2133 5717">
    <p class='ocr_par' dir='ltr' id='par_1_98' title="bbox 491 5640 2133 5717">
     <span class='ocr_line' id='line_1_98' title="bbox 491 5640 2133 5717; baseline 0.001 -20"><span class='ocrx_word' id='word_1_653' title='bbox 491 5645 684 5717; x_wconf 83' lang='lat' dir='ltr'>c_utus,</span> <span class='ocrx_word' id='word_1_654' title='bbox 718 5640 833 5717; x_wconf 82' lang='lat' dir='ltr'>ait:</span> <span class='ocrx_word' id='word_1_655' title='bbox 874 5661 895 5684; x_wconf 87' lang='lat'><strong>«</strong></span> <span class='ocrx_word' id='word_1_656' title='bbox 934 5640 1061 5717; x_wconf 74' lang='lat' dir='ltr'>Rex</span> <span class='ocrx_word' id='word_1_657' title='bbox 1094 5640 1451 5717; x_wconf 60' lang='lat' dir='ltr'>Wilhelmus</span> <span class='ocrx_word' id='word_1_658' title='bbox 1471 5642 1643 5717; x_wconf 85' lang='lat' dir='ltr'>paulo</span> <span class='ocrx_word' id='word_1_659' title='bbox 1676 5647 1807 5717; x_wconf 80' lang='lat' dir='ltr'>ante</span> <span class='ocrx_word' id='word_1_660' title='bbox 1842 5643 2133 5717; x_wconf 79' lang='lat' dir='ltr'>Remigio,</span> 
     </span>
    </p>
   </div>
   <div class='ocr_carea' id='block_1_99' title="bbox 491 5709 2160 5789">
    <p class='ocr_par' dir='ltr' id='par_1_99' title="bbox 491 5709 2160 5789">
     <span class='ocr_line' id='line_1_99' title="bbox 491 5709 2160 5789; baseline 0.002 -20"><span class='ocrx_word' id='word_1_661' title='bbox 491 5709 774 5773; x_wconf 84' lang='lat' dir='ltr'>Fiscanni</span> <span class='ocrx_word' id='word_1_662' title='bbox 804 5710 1093 5769; x_wconf 85' lang='lat' dir='ltr'>monacho</span> <span class='ocrx_word' id='word_1_663' title='bbox 1123 5710 1365 5769; x_wconf 87' lang='lat' dir='ltr'>dederat</span> <span class='ocrx_word' id='word_1_664' title='bbox 1401 5709 1838 5773; x_wconf 71' lang='lat' dir='ltr'>Ddrkecestriaa</span> <span class='ocrx_word' id='word_1_665' title='bbox 1868 5709 2160 5789; x_wconf 56' lang='lat' dir='ltr'>praesula-</span> 
     </span>
    </p>
   </div>
   <div class='ocr_carea' id='block_1_100' title="bbox 2350 3584 3854 3666">
    <p class='ocr_par' dir='ltr' id='par_1_100' title="bbox 2350 3584 3854 3666">
     <span class='ocr_line' id='line_1_100' title="bbox 2350 3584 3854 3666; baseline -0.004 -22"><span class='ocrx_word' id='word_1_666' title='bbox 2350 3591 2735 3661; x_wconf 73' lang='lat' dir='ltr'>WiLi.uLuus,</span> <span class='ocrx_word' id='word_1_667' title='bbox 2774 3592 2877 3645; x_wconf 90' lang='lat' dir='ltr'>Dei</span> <span class='ocrx_word' id='word_1_668' title='bbox 2928 3592 3116 3663; x_wconf 91' lang='lat' dir='ltr'>gratia</span> <span class='ocrx_word' id='word_1_669' title='bbox 3146 3584 3251 3647; x_wconf 81' lang='lat' dir='ltr'>rex</span> <span class='ocrx_word' id='word_1_670' title='bbox 3297 3594 3633 3666; x_wconf 87' lang='lat' dir='ltr'>Anglorum,</span> <span class='ocrx_word' id='word_1_671' title='bbox 3677 3593 3730 3645; x_wconf 77' lang='grc' dir='ltr'>Β.</span> <span class='ocrx_word' id='word_1_672' title='bbox 3758 3590 3854 3641; x_wconf 74' lang='lat' dir='ltr'>BA!-</span> 
     </span>
    </p>
   </div>
   <div class='ocr_carea' id='block_1_101' title="bbox 2274 3679 3853 3751">
    <p class='ocr_par' dir='ltr' id='par_1_101' title="bbox 2274 3679 3853 3751">
     <span class='ocr_line' id='line_1_101' title="bbox 2274 3679 3853 3751; baseline -0.003 -16"><span class='ocrx_word' id='word_1_673' title='bbox 2274 3697 2492 3749; x_wconf 79' lang='lat' dir='ltr'>NARDO,</span> <span class='ocrx_word' id='word_1_674' title='bbox 2527 3683 2583 3735; x_wconf 93' lang='lat' dir='ltr'>et</span> <span class='ocrx_word' id='word_1_675' title='bbox 2612 3679 2678 3734; x_wconf 90' lang='lat' dir='ltr'>G.</span> <span class='ocrx_word' id='word_1_676' title='bbox 2722 3680 2793 3734; x_wconf 93' lang='lat' dir='ltr'>de</span> <span class='ocrx_word' id='word_1_677' title='bbox 2842 3680 3255 3751; x_wconf 80' lang='lat' dir='ltr'>MAGNAVILLA,</span> <span class='ocrx_word' id='word_1_678' title='bbox 3307 3686 3365 3737; x_wconf 92' lang='lat' dir='ltr'>et</span> <span class='ocrx_word' id='word_1_679' title='bbox 3395 3683 3459 3737; x_wconf 84' lang='lat' dir='ltr'>P.</span> <span class='ocrx_word' id='word_1_680' title='bbox 3490 3683 3558 3737; x_wconf 90' lang='lat' dir='ltr'>de</span> <span class='ocrx_word' id='word_1_681' title='bbox 3614 3683 3853 3738; x_wconf 69' lang='lat' dir='ltr'>VALOIXES,</span> 
     </span>
    </p>
   </div>
   <div class='ocr_carea' id='block_1_102' title="bbox 2276 3766 3850 3840">
    <p class='ocr_par' dir='ltr' id='par_1_102' title="bbox 2276 3766 3850 3840">
     <span class='ocr_line' id='line_1_102' title="bbox 2276 3766 3850 3840; baseline -0.005 -15"><span class='ocrx_word' id='word_1_682' title='bbox 2276 3770 2627 3840; x_wconf 59' lang='lat' dir='ltr'>ceterisque</span> <span class='ocrx_word' id='word_1_683' title='bbox 2659 3770 2809 3822; x_wconf 90' lang='lat' dir='ltr'>meis</span> <span class='ocrx_word' id='word_1_684' title='bbox 2854 3769 3128 3824; x_wconf 84' lang='lat' dir='ltr'>ﬁdelibus</span> <span class='ocrx_word' id='word_1_685' title='bbox 3160 3771 3231 3824; x_wconf 89' lang='lat' dir='ltr'>de</span> <span class='ocrx_word' id='word_1_686' title='bbox 3258 3771 3455 3827; x_wconf 74' lang='lat' dir='ltr'>Essex</span> <span class='ocrx_word' id='word_1_687' title='bbox 3485 3777 3537 3826; x_wconf 91' lang='lat' dir='ltr'>et</span> <span class='ocrx_word' id='word_1_688' title='bbox 3584 3766 3850 3825; x_wconf 81' lang='lat' dir='ltr'>Hertfords-</span> 
     </span>
    </p>
   </div>
   <div class='ocr_carea' id='block_1_103' title="bbox 2272 3857 3303 3927">
    <p class='ocr_par' dir='ltr' id='par_1_103' title="bbox 2272 3857 3303 3927">
     <span class='ocr_line' id='line_1_103' title="bbox 2272 3857 3303 3927; baseline 0.002 -15"><span class='ocrx_word' id='word_1_689' title='bbox 2272 3859 2438 3913; x_wconf 91' lang='lat' dir='ltr'>chire</span> <span class='ocrx_word' id='word_1_690' title='bbox 2461 3863 2516 3912; x_wconf 93' lang='lat' dir='ltr'>et</span> <span class='ocrx_word' id='word_1_691' title='bbox 2546 3858 2617 3911; x_wconf 93' lang='lat' dir='ltr'>dc</span> <span class='ocrx_word' id='word_1_692' title='bbox 2651 3857 2997 3927; x_wconf 87' lang='lat' dir='ltr'>Middlesex,</span> <span class='ocrx_word' id='word_1_693' title='bbox 3030 3858 3303 3914; x_wconf 89' lang='lat' dir='ltr'>salutem.</span> 
     </span>
    </p>
   </div>
   <div class='ocr_carea' id='block_1_104' title="bbox 2343 3942 3847 4016">
    <p class='ocr_par' dir='ltr' id='par_1_104' title="bbox 2343 3942 3847 4016">
     <span class='ocr_line' id='line_1_104' title="bbox 2343 3942 3847 4016; baseline -0.001 -16"><span class='ocrx_word' id='word_1_694' title='bbox 2343 3947 2555 4001; x_wconf 90' lang='lat' dir='ltr'>Sciatis</span> <span class='ocrx_word' id='word_1_695' title='bbox 2587 3962 2697 4000; x_wconf 87' lang='lat' dir='ltr'>vos</span> <span class='ocrx_word' id='word_1_696' title='bbox 2744 3961 2950 4001; x_wconf 88' lang='lat' dir='ltr'>omnes</span> <span class='ocrx_word' id='word_1_697' title='bbox 2981 3950 3037 4001; x_wconf 90' lang='lat' dir='ltr'>et</span> <span class='ocrx_word' id='word_1_698' title='bbox 3080 3949 3285 4002; x_wconf 75' lang='lat' dir='ltr'>caeteri</span> <span class='ocrx_word' id='word_1_699' title='bbox 3314 3951 3430 4004; x_wconf 90' lang='lat' dir='ltr'>mei</span> <span class='ocrx_word' id='word_1_700' title='bbox 3462 3949 3673 4016; x_wconf 85' lang='lat' dir='ltr'>ﬁdeles,</span> <span class='ocrx_word' id='word_1_701' title='bbox 3702 3946 3776 4016; x_wconf 86' lang='lat' dir='ltr'>qui</span> <span class='ocrx_word' id='word_1_702' title='bbox 3811 3942 3847 3993; x_wconf 82' lang='lat' dir='ltr'>in</span> 
     </span>
    </p>
   </div>
   <div class='ocr_carea' id='block_1_105' title="bbox 2271 4036 3846 4110">
    <p class='ocr_par' dir='ltr' id='par_1_105' title="bbox 2271 4036 3846 4110">
     <span class='ocr_line' id='line_1_105' title="bbox 2271 4036 3846 4110; baseline -0.004 -21"><span class='ocrx_word' id='word_1_703' title='bbox 2271 4036 2485 4107; x_wconf 88' lang='lat' dir='ltr'>Anglia</span> <span class='ocrx_word' id='word_1_704' title='bbox 2537 4038 2788 4102; x_wconf 89' lang='lat' dir='ltr'>manent,</span> <span class='ocrx_word' id='word_1_705' title='bbox 2825 4036 2981 4106; x_wconf 91' lang='lat' dir='ltr'>quod</span> <span class='ocrx_word' id='word_1_706' title='bbox 3013 4037 3391 4106; x_wconf 87' lang='lat' dir='ltr'>episcopales</span> <span class='ocrx_word' id='word_1_707' title='bbox 3423 4039 3603 4110; x_wconf 89' lang='lat' dir='ltr'>leges,</span> <span class='ocrx_word' id='word_1_708' title='bbox 3639 4051 3746 4107; x_wconf 67' lang='lat' dir='ltr'>qua:</span> <span class='ocrx_word' id='word_1_709' title='bbox 3770 4045 3846 4085; x_wconf 88' lang='lat' dir='ltr'>non</span> 
     </span>
    </p>
   </div>
   <div class='ocr_carea' id='block_1_106' title="bbox 2270 4124 3847 4195">
    <p class='ocr_par' dir='ltr' id='par_1_106' title="bbox 2270 4124 3847 4195">
     <span class='ocr_line' id='line_1_106' title="bbox 2270 4124 3847 4195; baseline 0.002 -16"><span class='ocrx_word' id='word_1_710' title='bbox 2270 4124 2422 4179; x_wconf 89' lang='lat' dir='ltr'>bene</span> <span class='ocrx_word' id='word_1_711' title='bbox 2452 4138 2562 4177; x_wconf 91' lang='lat' dir='ltr'>nec</span> <span class='ocrx_word' id='word_1_712' title='bbox 2585 4124 2911 4178; x_wconf 90' lang='lat' dir='ltr'>secundum</span> <span class='ocrx_word' id='word_1_713' title='bbox 2928 4129 3272 4179; x_wconf 89' lang='lat' dir='ltr'>sanctorum</span> <span class='ocrx_word' id='word_1_714' title='bbox 3303 4142 3586 4181; x_wconf 90' lang='lat' dir='ltr'>canonum</span> <span class='ocrx_word' id='word_1_715' title='bbox 3607 4124 3847 4195; x_wconf 61' lang='lat' dir='ltr'>praecepta.</span> 
     </span>
    </p>
   </div>
   <div class='ocr_carea' id='block_1_107' title="bbox 2270 4208 3845 4287">
    <p class='ocr_par' dir='ltr' id='par_1_107' title="bbox 2270 4208 3845 4287">
     <span class='ocr_line' id='line_1_107' title="bbox 2270 4208 3845 4287; baseline -0.005 -19"><span class='ocrx_word' id='word_1_716' title='bbox 2270 4227 2463 4284; x_wconf 88' lang='lat' dir='ltr'>usque</span> <span class='ocrx_word' id='word_1_717' title='bbox 2493 4228 2561 4266; x_wconf 91' lang='lat' dir='ltr'>ac</span> <span class='ocrx_word' id='word_1_718' title='bbox 2578 4227 2705 4267; x_wconf 91' lang='lat' dir='ltr'>mea</span> <span class='ocrx_word' id='word_1_719' title='bbox 2724 4216 2991 4283; x_wconf 89' lang='lat' dir='ltr'>tempora</span> <span class='ocrx_word' id='word_1_720' title='bbox 3015 4213 3073 4267; x_wconf 93' lang='lat' dir='ltr'>iu</span> <span class='ocrx_word' id='word_1_721' title='bbox 3096 4229 3284 4285; x_wconf 88' lang='lat' dir='ltr'>regno</span> <span class='ocrx_word' id='word_1_722' title='bbox 3316 4215 3637 4287; x_wconf 89' lang='lat' dir='ltr'>Anglorum</span> <span class='ocrx_word' id='word_1_723' title='bbox 3655 4208 3845 4269; x_wconf 82' lang='lat' dir='ltr'>fuerunt,</span> 
     </span>
    </p>
   </div>
   <div class='ocr_carea' id='block_1_108' title="bbox 2272 4260 3961 4373">
    <p class='ocr_par' dir='ltr' id='par_1_108' title="bbox 2272 4260 3961 4373">
     <span class='ocr_line' id='line_1_108' title="bbox 2276 4260 3843 4287; baseline -0.002 -3"><span class='ocrx_word' id='word_1_724' title='bbox 2276 4260 2459 4284; x_wconf 64' lang='grc' dir='ltr'>*νἸ“’</span> <span class='ocrx_word' id='word_1_725' title='bbox 2495 4260 2559 4266; x_wconf 73' lang='grc'>““’</span> <span class='ocrx_word' id='word_1_726' title='bbox 2578 4260 2705 4267; x_wconf 73' lang='grc'>“’⁷’““</span> <span class='ocrx_word' id='word_1_727' title='bbox 2730 4260 2991 4283; x_wconf 72' lang='lat' dir='ltr'>&quot;“&#39;r&quot;&quot;</span> <span class='ocrx_word' id='word_1_728' title='bbox 3015 4260 3073 4267; x_wconf 81' lang='grc'>“’“</span> <span class='ocrx_word' id='word_1_729' title='bbox 3097 4260 3282 4285; x_wconf 56' lang='grc'>⁵³⁷0⁵⁵*</span> <span class='ocrx_word' id='word_1_730' title='bbox 3316 4260 3637 4287; x_wconf 74' lang='grc' dir='ltr'>’⁸⁵⁸⁸0⁸ν“““⁵·</span> <span class='ocrx_word' id='word_1_731' title='bbox 3656 4260 3751 4266; x_wconf 80' lang='grc'><strong><em>¹”““““</em></strong></span> <span class='ocrx_word' id='word_1_732' title='bbox 3769 4260 3787 4262; x_wconf 74' lang='lat'><strong>&quot;</strong></span> <span class='ocrx_word' id='word_1_733' title='bbox 3838 4260 3843 4269; x_wconf 99' lang='lat'><strong><em>&#39;</em></strong></span> 
     </span>
     <span class='ocr_line' id='line_1_109' title="bbox 2272 4260 3961 4373; baseline -0.006 -16"><span class='ocrx_word' id='word_1_734' title='bbox 2272 4302 2568 4357; x_wconf 89' lang='lat' dir='ltr'>communi</span> <span class='ocrx_word' id='word_1_735' title='bbox 2599 4301 2869 4371; x_wconf 92' lang='lat' dir='ltr'>consilio,</span> <span class='ocrx_word' id='word_1_736' title='bbox 2900 4305 2957 4355; x_wconf 92' lang='lat' dir='ltr'>et</span> <span class='ocrx_word' id='word_1_737' title='bbox 2979 4302 3227 4356; x_wconf 91' lang='lat' dir='ltr'>concilio</span> <span class='ocrx_word' id='word_1_738' title='bbox 3246 4303 3796 4373; x_wconf 87' lang='lat' dir='ltr'>archiepiscoporum,</span> <span class='ocrx_word' id='word_1_739' title='bbox 3811 4298 3845 4347; x_wconf 79' lang='lat' dir='ltr'>et</span> <span class='ocrx_word' id='word_1_740' title='bbox 3959 4260 3961 4341; x_wconf 47' lang='grc' dir='ltr'><em>Α</em></span> 
     </span>
    </p>
   </div>
   <div class='ocr_carea' id='block_1_109' title="bbox 2271 4386 3843 4460">
    <p class='ocr_par' dir='ltr' id='par_1_109' title="bbox 2271 4386 3843 4460">
     <span class='ocr_line' id='line_1_110' title="bbox 2271 4386 3843 4460; baseline -0.004 -15"><span class='ocrx_word' id='word_1_741' title='bbox 2271 4392 2685 4460; x_wconf 87' lang='lat' dir='ltr'>episcoporum</span> <span class='ocrx_word' id='word_1_742' title='bbox 2734 4395 2789 4445; x_wconf 90' lang='lat' dir='ltr'>et</span> <span class='ocrx_word' id='word_1_743' title='bbox 2836 4389 3142 4456; x_wconf 90' lang='lat' dir='ltr'>abbatum,</span> <span class='ocrx_word' id='word_1_744' title='bbox 3174 4395 3231 4445; x_wconf 91' lang='lat' dir='ltr'>et</span> <span class='ocrx_word' id='word_1_745' title='bbox 3287 4392 3547 4446; x_wconf 90' lang='lat' dir='ltr'>omnium</span> <span class='ocrx_word' id='word_1_746' title='bbox 3589 4386 3843 4460; x_wconf 84' lang='lat' dir='ltr'>principum</span> 
     </span>
    </p>
   </div>
   <div class='ocr_carea' id='block_1_110' title="bbox 2272 4472 3840 4552">
    <p class='ocr_par' dir='ltr' id='par_1_110' title="bbox 2272 4472 3840 4552">
     <span class='ocr_line' id='line_1_111' title="bbox 2272 4472 3840 4552; baseline 0 -19"><span class='ocrx_word' id='word_1_747' title='bbox 2272 4480 2440 4552; x_wconf 89' lang='lat' dir='ltr'>regni</span> <span class='ocrx_word' id='word_1_748' title='bbox 2469 4480 2603 4549; x_wconf 90' lang='lat' dir='ltr'>mei,</span> <span class='ocrx_word' id='word_1_749' title='bbox 2625 4478 3020 4534; x_wconf 91' lang='lat' dir='ltr'>emendandas</span> <span class='ocrx_word' id='word_1_750' title='bbox 3034 4478 3319 4550; x_wconf 86' lang='lat' dir='ltr'>judicavi.</span> <span class='ocrx_word' id='word_1_751' title='bbox 3345 4481 3651 4550; x_wconf 81' lang='lat' dir='ltr'>PrOpterea</span> <span class='ocrx_word' id='word_1_752' title='bbox 3666 4472 3840 4533; x_wconf 56' lang='lat' dir='ltr'>mando,</span> 
     </span>
    </p>
   </div>
   <div class='ocr_carea' id='block_1_111' title="bbox 2270 4568 3842 4640">
    <p class='ocr_par' dir='ltr' id='par_1_111' title="bbox 2270 4568 3842 4640">
     <span class='ocr_line' id='line_1_112' title="bbox 2270 4568 3842 4640; baseline 0 -17"><span class='ocrx_word' id='word_1_753' title='bbox 2270 4572 2325 4623; x_wconf 87' lang='lat' dir='ltr'>et</span> <span class='ocrx_word' id='word_1_754' title='bbox 2354 4570 2518 4640; x_wconf 87' lang='lat' dir='ltr'>regia</span> <span class='ocrx_word' id='word_1_755' title='bbox 2547 4568 2889 4622; x_wconf 89' lang='lat' dir='ltr'>auctoritate</span> <span class='ocrx_word' id='word_1_756' title='bbox 2919 4569 3219 4637; x_wconf 86' lang='lat' dir='ltr'>praecipio,</span> <span class='ocrx_word' id='word_1_757' title='bbox 3259 4574 3321 4623; x_wconf 91' lang='lat' dir='ltr'>ut</span> <span class='ocrx_word' id='word_1_758' title='bbox 3353 4569 3548 4623; x_wconf 83' lang='lat' dir='ltr'>nullus</span> <span class='ocrx_word' id='word_1_759' title='bbox 3578 4568 3842 4638; x_wconf 58' lang='lat' dir='ltr'>episcopus,</span> 
     </span>
    </p>
   </div>
   <div class='ocr_carea' id='block_1_112' title="bbox 2266 4656 3844 4729">
    <p class='ocr_par' dir='ltr' id='par_1_112' title="bbox 2266 4656 3844 4729">
     <span class='ocr_line' id='line_1_113' title="bbox 2266 4656 3844 4729; baseline -0.006 -17"><span class='ocrx_word' id='word_1_760' title='bbox 2266 4658 2358 4712; x_wconf 89' lang='lat' dir='ltr'>vel</span> <span class='ocrx_word' id='word_1_761' title='bbox 2409 4656 2884 4724; x_wconf 89' lang='lat' dir='ltr'>arehidiaconus,</span> <span class='ocrx_word' id='word_1_762' title='bbox 2917 4656 2987 4711; x_wconf 92' lang='lat' dir='ltr'>de</span> <span class='ocrx_word' id='word_1_763' title='bbox 3028 4656 3266 4727; x_wconf 86' lang='lat' dir='ltr'>legibus</span> <span class='ocrx_word' id='word_1_764' title='bbox 3308 4657 3721 4729; x_wconf 88' lang='lat' dir='ltr'>episcopalibus</span> <span class='ocrx_word' id='word_1_765' title='bbox 3759 4665 3844 4703; x_wconf 84' lang='lat' dir='ltr'>am-</span> 
     </span>
    </p>
   </div>
   <div class='ocr_carea' id='block_1_113' title="bbox 2266 4745 3839 4817">
    <p class='ocr_par' dir='ltr' id='par_1_113' title="bbox 2266 4745 3839 4817">
     <span class='ocr_line' id='line_1_114' title="bbox 2266 4745 3839 4817; baseline -0.003 -17"><span class='ocrx_word' id='word_1_766' title='bbox 2266 4746 2421 4817; x_wconf 90' lang='lat' dir='ltr'>plius</span> <span class='ocrx_word' id='word_1_767' title='bbox 2454 4747 2512 4799; x_wconf 91' lang='lat' dir='ltr'>in</span> <span class='ocrx_word' id='word_1_768' title='bbox 2545 4745 2813 4799; x_wconf 88' lang='lat' dir='ltr'>Hundret</span> <span class='ocrx_word' id='word_1_769' title='bbox 2832 4745 3043 4814; x_wconf 91' lang='lat' dir='ltr'>placita</span> <span class='ocrx_word' id='word_1_770' title='bbox 3078 4748 3330 4815; x_wconf 86' lang='lat' dir='ltr'>teneant;</span> <span class='ocrx_word' id='word_1_771' title='bbox 3365 4763 3475 4801; x_wconf 91' lang='lat' dir='ltr'>nec</span> <span class='ocrx_word' id='word_1_772' title='bbox 3498 4758 3725 4811; x_wconf 90' lang='lat' dir='ltr'>causam,</span> <span class='ocrx_word' id='word_1_773' title='bbox 3751 4750 3839 4809; x_wconf 67' lang='lat' dir='ltr'>qua!</span> 
     </span>
    </p>
   </div>
   <div class='ocr_carea' id='block_1_114' title="bbox 2265 4834 3843 4906">
    <p class='ocr_par' dir='ltr' id='par_1_114' title="bbox 2265 4834 3843 4906">
     <span class='ocr_line' id='line_1_115' title="bbox 2265 4834 3843 4906; baseline -0.004 -18"><span class='ocrx_word' id='word_1_774' title='bbox 2265 4836 2335 4888; x_wconf 86' lang='lat' dir='ltr'>ad</span> <span class='ocrx_word' id='word_1_775' title='bbox 2370 4834 2637 4905; x_wconf 88' lang='lat' dir='ltr'>regimen</span> <span class='ocrx_word' id='word_1_776' title='bbox 2688 4834 3012 4888; x_wconf 89' lang='lat' dir='ltr'>animarum</span> <span class='ocrx_word' id='word_1_777' title='bbox 3044 4835 3314 4904; x_wconf 74' lang='lat' dir='ltr'>pertinet,</span> <span class='ocrx_word' id='word_1_778' title='bbox 3367 4837 3441 4890; x_wconf 92' lang='lat' dir='ltr'>ad</span> <span class='ocrx_word' id='word_1_779' title='bbox 3463 4835 3723 4906; x_wconf 86' lang='lat' dir='ltr'>judicium</span> <span class='ocrx_word' id='word_1_780' title='bbox 3763 4841 3843 4881; x_wconf 47' lang='lat' dir='ltr'>se-</span> 
     </span>
    </p>
   </div>
   <div class='ocr_carea' id='block_1_115' title="bbox 2265 4922 3837 4995">
    <p class='ocr_par' dir='ltr' id='par_1_115' title="bbox 2265 4922 3837 4995">
     <span class='ocr_line' id='line_1_116' title="bbox 2265 4922 3837 4995; baseline -0.004 -17"><span class='ocrx_word' id='word_1_781' title='bbox 2265 4924 2550 4978; x_wconf 89' lang='lat' dir='ltr'>cularium</span> <span class='ocrx_word' id='word_1_782' title='bbox 2580 4922 2881 4976; x_wconf 88' lang='lat' dir='ltr'>hominum</span> <span class='ocrx_word' id='word_1_783' title='bbox 2910 4923 3202 4977; x_wconf 91' lang='lat' dir='ltr'>adducant</span> <span class='ocrx_word' id='word_1_784' title='bbox 3227 4940 3241 4993; x_wconf 89' lang='lat'><strong>;</strong></span> <span class='ocrx_word' id='word_1_785' title='bbox 3288 4924 3400 4978; x_wconf 89' lang='lat' dir='ltr'>sed</span> <span class='ocrx_word' id='word_1_786' title='bbox 3428 4924 3729 4995; x_wconf 85' lang='lat' dir='ltr'>quicunque</span> <span class='ocrx_word' id='word_1_787' title='bbox 3771 4926 3837 4964; x_wconf 75' lang='grc' dir='ltr'>εθ-</span> 
     </span>
    </p>
   </div>
   <div class='ocr_carea' id='block_1_116' title="bbox 2267 4997 3839 5084">
    <p class='ocr_par' dir='ltr' id='par_1_116' title="bbox 2267 4997 3839 5084">
     <span class='ocr_line' id='line_1_117' title="bbox 2267 4997 3839 5084; baseline -0.007 -17"><span class='ocrx_word' id='word_1_788' title='bbox 2267 5013 2521 5067; x_wconf 90' lang='lat' dir='ltr'>cundum</span> <span class='ocrx_word' id='word_1_789' title='bbox 2553 5012 2927 5082; x_wconf 90' lang='lat' dir='ltr'>episcopales</span> <span class='ocrx_word' id='word_1_790' title='bbox 2951 5013 3138 5084; x_wconf 86' lang='lat' dir='ltr'>leges,</span> <span class='ocrx_word' id='word_1_791' title='bbox 3164 5013 3237 5068; x_wconf 91' lang='lat' dir='ltr'>de</span> <span class='ocrx_word' id='word_1_792' title='bbox 3267 4997 3839 5084; x_wconf 72' lang='lat' dir='ltr'>quacunquecausavel</span> 
     </span>
    </p>
   </div>
   <div class='ocr_carea' id='block_1_117' title="bbox 2267 5090 3838 5171">
    <p class='ocr_par' dir='ltr' id='par_1_117' title="bbox 2267 5090 3838 5171">
     <span class='ocr_line' id='line_1_118' title="bbox 2267 5090 3838 5171; baseline -0.009 -15"><span class='ocrx_word' id='word_1_793' title='bbox 2267 5104 2437 5171; x_wconf 89' lang='lat' dir='ltr'>culpa</span> <span class='ocrx_word' id='word_1_794' title='bbox 2460 5100 2866 5170; x_wconf 89' lang='lat' dir='ltr'>interpellatus</span> <span class='ocrx_word' id='word_1_795' title='bbox 2893 5099 3086 5164; x_wconf 87' lang='lat' dir='ltr'>fuerit,</span> <span class='ocrx_word' id='word_1_796' title='bbox 3137 5100 3211 5153; x_wconf 90' lang='lat' dir='ltr'>ad</span> <span class='ocrx_word' id='word_1_797' title='bbox 3267 5100 3462 5154; x_wconf 90' lang='lat' dir='ltr'>locum</span> <span class='ocrx_word' id='word_1_798' title='bbox 3492 5113 3649 5170; x_wconf 89' lang='lat' dir='ltr'>quem</span> <span class='ocrx_word' id='word_1_799' title='bbox 3681 5094 3736 5147; x_wconf 89' lang='lat' dir='ltr'>ad</span> <span class='ocrx_word' id='word_1_800' title='bbox 3765 5090 3838 5142; x_wconf 81' lang='lat' dir='ltr'>hoc</span> 
     </span>
    </p>
   </div>
   <div class='ocr_carea' id='block_1_118' title="bbox 2266 5180 3838 5261">
    <p class='ocr_par' dir='ltr' id='par_1_118' title="bbox 2266 5180 3838 5261">
     <span class='ocr_line' id='line_1_119' title="bbox 2266 5180 3838 5261; baseline -0.009 -15"><span class='ocrx_word' id='word_1_801' title='bbox 2266 5192 2583 5261; x_wconf 90' lang='lat' dir='ltr'>episcopus</span> <span class='ocrx_word' id='word_1_802' title='bbox 2609 5189 2857 5259; x_wconf 90' lang='lat' dir='ltr'>elegerit</span> <span class='ocrx_word' id='word_1_803' title='bbox 2892 5191 2949 5242; x_wconf 90' lang='lat' dir='ltr'>et</span> <span class='ocrx_word' id='word_1_804' title='bbox 2996 5188 3407 5259; x_wconf 90' lang='lat' dir='ltr'>nominaverit,</span> <span class='ocrx_word' id='word_1_805' title='bbox 3438 5187 3651 5255; x_wconf 76' lang='lat' dir='ltr'>veniat;</span> <span class='ocrx_word' id='word_1_806' title='bbox 3698 5180 3838 5248; x_wconf 73' lang='lat' dir='ltr'>ibique</span> 
     </span>
    </p>
   </div>
   <div class='ocr_carea' id='block_1_119' title="bbox 2265 5277 3833 5348">
    <p class='ocr_par' dir='ltr' id='par_1_119' title="bbox 2265 5277 3833 5348">
     <span class='ocr_line' id='line_1_120' title="bbox 2265 5277 3833 5348; baseline -0.011 -13"><span class='ocrx_word' id='word_1_807' title='bbox 2265 5282 2336 5335; x_wconf 92' lang='lat' dir='ltr'>de</span> <span class='ocrx_word' id='word_1_808' title='bbox 2367 5293 2547 5333; x_wconf 89' lang='lat' dir='ltr'>causa</span> <span class='ocrx_word' id='word_1_809' title='bbox 2576 5277 2668 5342; x_wconf 76' lang='lat' dir='ltr'>vel</span> <span class='ocrx_word' id='word_1_810' title='bbox 2702 5277 2874 5347; x_wconf 90' lang='lat' dir='ltr'>culpa</span> <span class='ocrx_word' id='word_1_811' title='bbox 2906 5293 3015 5331; x_wconf 88' lang='lat' dir='ltr'>sua</span> <span class='ocrx_word' id='word_1_812' title='bbox 3046 5278 3421 5348; x_wconf 88' lang='lat' dir='ltr'>respondeat,</span> <span class='ocrx_word' id='word_1_813' title='bbox 3454 5280 3507 5331; x_wconf 87' lang='lat' dir='ltr'>et</span> <span class='ocrx_word' id='word_1_814' title='bbox 3536 5290 3641 5329; x_wconf 89' lang='lat' dir='ltr'>non</span> <span class='ocrx_word' id='word_1_815' title='bbox 3678 5280 3833 5324; x_wconf 86' lang='lat' dir='ltr'>secun-</span> 
     </span>
    </p>
   </div>
   <div class='ocr_carea' id='block_1_120' title="bbox 2264 5406 3833 5490">
    <p class='ocr_par' dir='ltr' id='par_1_120' title="bbox 2264 5406 3833 5490">
     <span class='ocr_line' id='line_1_121' title="bbox 2264 5406 3833 5490; baseline -0.015 -4"><span class='ocrx_word' id='word_1_816' title='bbox 2264 5429 2408 5484; x_wconf 66' lang='lat' dir='ltr'>tum;</span> <span class='ocrx_word' id='word_1_817' title='bbox 2443 5419 2549 5473; x_wconf 76' lang='lat' dir='ltr'><strong>86d</strong></span> <span class='ocrx_word' id='word_1_818' title='bbox 2584 5419 2893 5490; x_wconf 78' lang='lat' dir='ltr'>Remigius</span> <span class='ocrx_word' id='word_1_819' title='bbox 2933 5436 3085 5473; x_wconf 89' lang='lat' dir='ltr'>anno</span> <span class='ocrx_word' id='word_1_820' title='bbox 3120 5417 3255 5473; x_wconf 83' lang='grc'>1085</span> <span class='ocrx_word' id='word_1_821' title='bbox 3282 5420 3354 5473; x_wconf 90' lang='lat' dir='ltr'>ad</span> <span class='ocrx_word' id='word_1_822' title='bbox 3400 5416 3724 5490; x_wconf 81' lang='lat' dir='ltr'>Lincolniam</span> <span class='ocrx_word' id='word_1_823' title='bbox 3747 5406 3833 5487; x_wconf 57' lang='lat' dir='ltr'>epi&#39;</span> 
     </span>
    </p>
   </div>
   <div class='ocr_carea' id='block_1_121' title="bbox 2267 5480 3830 5562">
    <p class='ocr_par' dir='ltr' id='par_1_121' title="bbox 2267 5480 3830 5562">
     <span class='ocr_line' id='line_1_122' title="bbox 2267 5480 3830 5562; baseline -0.009 -12"><span class='ocrx_word' id='word_1_824' title='bbox 2267 5480 2571 5562; x_wconf 86' lang='lat' dir='ltr'>scopatum</span> <span class='ocrx_word' id='word_1_825' title='bbox 2602 5480 2917 5562; x_wconf 64' lang='lat' dir='ltr'>transtulit,</span> <span class='ocrx_word' id='word_1_826' title='bbox 2954 5491 3162 5562; x_wconf 65' lang='lat' dir='ltr'>ibique</span> <span class='ocrx_word' id='word_1_827' title='bbox 3193 5491 3449 5544; x_wconf 88' lang='lat' dir='ltr'>condidit</span> <span class='ocrx_word' id='word_1_828' title='bbox 3477 5486 3747 5562; x_wconf 82' lang='lat' dir='ltr'>ecclesiam</span> 
     </span>
    </p>
   </div>
   <div class='ocr_carea' id='block_1_122' title="bbox 2268 5560 3834 5625">
    <p class='ocr_par' dir='ltr' id='par_1_122' title="bbox 2268 5560 3834 5625">
     <span class='ocr_line' id='line_1_123' title="bbox 2268 5560 3834 5625; baseline -0.01 -4"><span class='ocrx_word' id='word_1_829' title='bbox 2268 5560 2600 5625; x_wconf 81' lang='lat' dir='ltr'>summitate</span> <span class='ocrx_word' id='word_1_830' title='bbox 2633 5561 2868 5617; x_wconf 91' lang='lat' dir='ltr'>montis.</span> <span class='ocrx_word' id='word_1_831' title='bbox 2890 5584 2911 5608; x_wconf 85' lang='lat'><strong>»</strong></span> <span class='ocrx_word' id='word_1_832' title='bbox 2950 5561 3018 5615; x_wconf 85' lang='lat' dir='ltr'>Et</span> <span class='ocrx_word' id='word_1_833' title='bbox 3047 5562 3175 5617; x_wconf 85' lang='lat' dir='ltr'>haec</span> <span class='ocrx_word' id='word_1_834' title='bbox 3208 5562 3405 5617; x_wconf 90' lang='lat' dir='ltr'>charta</span> <span class='ocrx_word' id='word_1_835' title='bbox 3429 5566 3515 5616; x_wconf 91' lang='lat' dir='ltr'>est</span> <span class='ocrx_word' id='word_1_836' title='bbox 3544 5560 3677 5613; x_wconf 84' lang='lat' dir='ltr'>inter</span> <span class='ocrx_word' id='word_1_837' title='bbox 3710 5563 3834 5625; x_wconf 65' lang='lat' dir='ltr'>prm-</span> 
     </span>
    </p>
   </div>
   <div class='ocr_carea' id='block_1_123' title="bbox 2248 5618 3832 5714">
    <p class='ocr_par' dir='ltr' id='par_1_123' title="bbox 2248 5618 3832 5714">
     <span class='ocr_line' id='line_1_124' title="bbox 2248 5618 3832 5714; baseline -0.013 -22"><span class='ocrx_word' id='word_1_838' title='bbox 2248 5618 2408 5714; x_wconf 59' lang='lat' dir='ltr'>legia</span> <span class='ocrx_word' id='word_1_839' title='bbox 2431 5634 2617 5714; x_wconf 87' lang='lat' dir='ltr'>episc.</span> <span class='ocrx_word' id='word_1_840' title='bbox 2651 5632 2877 5689; x_wconf 91' lang='lat' dir='ltr'>Liucol.</span> <span class='ocrx_word' id='word_1_841' title='bbox 2902 5636 3218 5707; x_wconf 88' lang='lat' dir='ltr'>postquam</span> <span class='ocrx_word' id='word_1_842' title='bbox 3247 5634 3559 5690; x_wconf 88' lang='lat' dir='ltr'>translatus</span> <span class='ocrx_word' id='word_1_843' title='bbox 3590 5618 3727 5685; x_wconf 77' lang='lat' dir='ltr'>esset</span> <span class='ocrx_word' id='word_1_844' title='bbox 3744 5618 3832 5691; x_wconf 81' lang='lat' dir='ltr'>epi-</span> 
     </span>
    </p>
   </div>
   <div class='ocr_carea' id='block_1_124' title="bbox 2273 5709 2576 5780">
    <p class='ocr_par' dir='ltr' id='par_1_124' title="bbox 2273 5709 2576 5780">
     <span class='ocr_line' id='line_1_125' title="bbox 2273 5709 2576 5780; baseline -0.017 -15"><span class='ocrx_word' id='word_1_845' title='bbox 2273 5709 2576 5780; x_wconf 87' lang='lat' dir='ltr'>scopatus.</span> 
     </span>
    </p>
   </div>
  </div>
