4048 6164
142 294 295 356 1373

638 288 1096 356 DURANDUS
1126 290 1398 357 ABBAS
1427 288 2040 356 TROARNENSIS.
2072 326 2147 338 —
2179 290 2525 355 NOTITIA
2554 272 3034 356 HISTORICA.

3389 301 3415 358 l
3428 297 3547 358 374

123 492 257 546 dum
288 490 575 559 Hundret,
618 492 724 545 sed
773 493 1098 546 secundum
1150 509 1408 548 canones
1439 496 1495 547 et
1540 494 1777 563 episco-
1805 473 1855 527 Α
1886 494 2071 546 teram
2103 507 2254 545 enim
2306 491 2540 545 illorum
2569 492 2670 562 qui
2714 508 2955 546 causam
3000 495 3303 563 noverant,
3350 510 3546 548 narra-

122 580 283 651 pales
306 581 494 651 leges,
541 585 597 634 et
623 584 848 634 rectum
889 581 1009 634 Deo
1041 585 1097 636 et
1126 581 1407 652 episcopo
1441 597 1551 635 suo
1583 582 1777 636 faciat.

68 710 77 715 θ
122 669 179 724 Si
210 684 352 722 vero
381 669 617 739 aliquis,
650 685 757 737 per
787 671 1124 738 superbiam
1155 671 1364 739 elatus,
1399 671 1471 724 ad
1490 671 1780 740 justitiam

122 757 518 827 episcopalem
551 758 756 811 venire
797 759 1235 827 contempserit,
1270 761 1326 812 et
1365 759 1638 828 noluerit,
1671 775 1781 813 vo-

122 848 287 900 cetur
314 846 520 910 semel,
554 848 611 898 ct
640 846 925 910 secundo,
966 850 1021 900 et
1051 847 1220 901 tertio
1257 865 1268 901 :
1305 848 1460 918 quod
1480 849 1531 901 si
1553 863 1662 901 nec
1692 848 1781 901 sic

122 935 193 988 ad
223 934 690 988 emendationem
719 936 966 1002 venerit,
1004 936 1584 1004 excommunicetur;
1634 938 1690 989 et
1726 936 1779 989 si

121 1038 272 1093 Opus
304 1022 480 1077 fuerit
508 1023 581 1076 ad
609 1022 723 1077 hoc
756 1022 1190 1090 vindicandum,
1226 1023 1502 1078 fortitudo
1526 1023 1779 1093 etjusti-

120 1113 195 1165 tia
256 1112 420 1183 regis
470 1111 561 1164 vel
605 1111 971 1166 vicecomitis
1016 1112 1407 1167 adhibeatur:
1440 1113 1541 1167 Ille
1589 1116 1777 1166 autem

122 1203 220 1271 qui
252 1204 501 1255 vocatus
531 1199 605 1254 ad
630 1198 923 1270 justitiam
973 1201 1240 1271 episcopi
1270 1201 1475 1255 venire
1506 1201 1778 1269 noluerit,

120 1305 229 1359 pro
255 1304 606 1360 unaquaque
623 1289 929 1343 vocatione
958 1288 1152 1360 legem
1176 1290 1572 1359 episcopalem
1586 1305 1781 1344 emen-

122 1378 298 1432 dabit.
354 1378 480 1432 Hoc
530 1379 702 1432 etiam
733 1378 1006 1446 defendo,
1053 1381 1109 1431 et
1160 1394 1288 1432 mea
1318 1378 1657 1432 auctoritate
1689 1379 1782 1431 in-

122 1466 383 1535 terdico,
461 1482 535 1520 ne
608 1466 769 1519 ullus
839 1467 1177 1520 vicecomes
1227 1470 1325 1521 aut
1379 1467 1779 1537 praepositus,

121 1571 230 1609 seu
269 1555 541 1609 minister
588 1555 774 1627 regis,
821 1571 930 1609 nec
978 1555 1192 1625 aliquis
1240 1555 1428 1610 laicus
1478 1556 1675 1622 homo,
1712 1556 1783 1609 de

120 1644 359 1714 legibus
411 1659 545 1714 quae
592 1643 665 1696 ad
720 1644 1064 1714 episcopum
1112 1644 1425 1713 pertinent,
1486 1659 1554 1699 se
1604 1645 1785 1698 intro-

121 1734 344 1797 mittat;
397 1748 505 1786 nec
552 1732 768 1802 aliquis
802 1732 991 1786 laicus
1038 1731 1213 1786 homo
1260 1731 1439 1786 alium
1487 1732 1782 1787 hominem

118 1822 253 1876 sine
277 1821 509 1892 justitia
541 1821 807 1891 episcopi
853 1821 924 1876 ad
965 1820 1254 1892 judicium
1303 1822 1549 1875 adducat
1586 1821 1785 1891 :judi-

119 1911 276 1964 cium
308 1926 450 1964 vero
481 1911 537 1962 in
563 1909 721 1963 nullo
755 1910 885 1964 loco
916 1912 1198 1979 portetur,
1232 1908 1348 1963 nisi
1372 1910 1428 1963 in
1460 1910 1783 1979 episcopali

117 1998 286 2067 sede,
318 2001 417 2051 aut
445 1998 502 2050 in
535 1997 631 2051 illo
664 1997 795 2052 loco
836 2012 1009 2067 quem
1048 1997 1367 2068 episcopus
1402 1997 1471 2050 ad
1502 1997 1613 2051 hoc
1646 2013 1785 2052 con-

118 2086 430 2140 struxerit.

814 2174 1079 2228 XXXIII.

121 2264 350 2317 Charta
399 2261 682 2317 Willelmi
715 2262 1041 2387 Aggﬁgru'm
1078 2262 1247 2345 regis
1289 2278 1400 2334 pro
1421 2265 1786 2320 monasterio

804 2374 817 2386 .
908 2350 1143 2387 icnaru.

804 2374 817 2386 .
852 2350 1143 2388 Μιοηθιοιι.

389 2422 499 2492 (Ex
529 2422 854 2494 Spicilegio
884 2422 1210 2490 d’Acunnv,
1240 2424 1334 2491 IV,
1368 2424 1514 2493 574).

190 2513 259 2566 In
290 2514 525 2566 nomine
554 2515 777 2565 sanctae
809 2513 865 2565 et
894 2511 1213 2567 individuae
1258 2513 1579 2569 Trinitatis.
1612 2514 1783 2569 Gmn-

114 2618 370 2665 Lzmws,
422 2601 608 2672 gratia
663 2599 770 2653 Dei
817 2599 1293 2655 Normannorum
1342 2602 1461 2656 dux
1509 2603 1783 2658 omnibus

112 2689 433 2744 catholicae
480 2688 769 2742 Ecclesiae
814 2688 973 2757 ﬁliis,
1024 2690 1241 2758 quibus
1282 2693 1375 2745 est
1405 2707 1543 2745 cura
1575 2693 1785 2745 animae

110 2783 170 2834 et
207 2779 504 2849 corporis.

188 2867 481 2938 Cupimus
540 2868 740 2921 notum
798 2865 926 2921 ﬁeri
982 2867 1138 2920 omni
1198 2865 1411 2922 futurae
1457 2869 1785 2937 posteritati

109 2957 420 3030 quomodo
434 2956 748 3011 ecclesiam
769 2954 1357 3026 Scamelli-Villaefpro
1375 2958 1562 3011 salute
1576 2958 1786 3013 anima;

107 3064 273 3102 mea;
318 3047 379 3100 S.
424 3044 699 3099 Richario
733 3049 1016 3114 perpetuo
1060 3044 1386 3099 habendam
1431 3046 1787 3100 firmaverim

106 3151 382 3191 censura
414 3134 777 3188 auctoritatis
798 3137 1041 3187 nostrae.
1064 3132 1211 3187 Cum
1241 3134 1694 3188 calumniaretur
1712 3136 1785 3188 ab

106 3226 433 3280 abbatissa
465 3222 705 3276 Villaris
729 3223 1091 3290 monasterii,
1116 3226 1173 3276 et
1202 3222 1274 3277 ab
1306 3223 1514 3277 abbate
1536 3222 1786 3276 fuissem

106 3316 456 3369 conventus
488 3312 829 3366 monasterii
852 3309 912 3364 S.
940 3311 1220 3379 Richarii,
1251 3311 1506 3366 Gervino
1529 3311 1783 3381 nomine,

102 3417 366 3457 causam
390 3399 572 3471 hujus
595 3398 816 3471 negotii
838 3399 969 3469 ipso
996 3400 1199 3454 eodem
1220 3415 1419 3454 coram
1440 3401 1787 3470 primatibus

104 3492 308 3547 curiae
333 3505 479 3544 mem
503 3488 976 3558 explicante,sibi
994 3488 1130 3560 jure
1166 3493 1498 3559 competere
1521 3491 1788 3543 anteces-

1886 581 2042 634 tione
2074 584 2435 651 suggerente
2466 580 2936 650 praebendarium
2977 597 3083 651 pro
3114 582 3225 635 hoc
3257 582 3542 637 beneficio

1886 670 1945 721 in
1976 668 2317 722 memoriam
2346 670 2530 722 nostri
2565 669 2759 722 debite
2780 670 2897 723 illis
2930 670 3241 724 interesse.
3271 671 3437 726 Unde
3470 687 3544 726 ne

1888 761 2089 810 nostra
2120 757 2486 810 confirmatio
2540 756 2794 827 alicujus
2844 758 3177 812 futurorum
3221 761 3543 815 temeritate

1888 848 2245 913 cassaretur,
2308 848 2363 898 ct
2403 861 2514 899 nos
2565 846 2833 898 meritum
2880 847 3313 915 amitteremus,
3363 847 3545 919 hujus

1885 934 2219 987 testamenti
2247 933 2472 986 litteras
2497 935 2876 988 conscribere
2902 934 3169 990 fecimus.
3198 936 3407 990 Actum
3434 936 3547 991 hoc

1888 1037 2039 1075 anno
2055 1021 2377 1076 Dominicae
2391 1022 2813 1076 incarnationis
2829 1023 3143 1092 4047,apud
3161 1025 3548 1096 Argentulum

1886 1126 1948 1162 ιιι
1978 1109 2108 1163 Kal.
2142 1109 2518 1164 Novembris.
2565 1110 2760 1181 Hujus
2810 1112 2892 1164 rei
2927 1114 3111 1165 testes
3144 1117 3281 1166 sunt
3328 1114 3546 1183 idonei,
3608 1162 3611 1163 ν

1887 1197 2347 1268 Storinstingus,
2386 1198 2720 1253 Richardus
2744 1200 2901 1254 ﬁlius
2933 1201 3107 1270 ejus;
3155 1202 3281 1256 Yvo
3331 1203 3402 1256 de
3434 1203 3548 1257 Be-

1888 1287 2098 1355 lismo;
2133 1286 2419 1341 Arnull‘us
2454 1302 2639 1357 nepos
2670 1286 2826 1358 ejus,
2862 1290 3212 1358 Iiodulphus
3246 1291 3425 1345 Taxo.

2578 1375 2844 1429 XXXIV.

1894 1461 2114 1517 Charta
2145 1462 2419 1518 Willelmi
2439 1463 2771 1540 Anglmluni
2793 1466 2964 1540 regis
2989 1483 3099 1540 pro
3127 1468 3348 1540 Majori
3364 1485 3549 1524 mona-

2422 1533 2612 1589 sterio
2641 1533 2702 1582 S.
2745 1533 3014 1590 Martini.

2280 1624 2543 1693 (BALUZ.,
2586 1623 2818 1677 Misce].
2854 1625 2976 1692 VII,
3005 1624 3154 1695 227.)

1960 1711 2248 1766 Omnibus
2280 1712 2392 1765 hoc
2440 1715 2639 1765 notum
2682 1712 2807 1765 fieri
2853 1715 3126 1769 volumus
3175 1716 3275 1787 qui
3332 1718 3547 1772 futuris

1890 1799 1947 1853 id
1980 1804 2118 1853 sunt
2157 1800 2409 1853 audituri
2440 1800 2826 1869 temporibus,
2859 1803 3016 1871 quod
3046 1819 3159 1874 ego
3209 1806 3547 1864 Willelmus

1890 1890 2081 1958 gratia
2111 1887 2215 1941 Dei
2244 1887 2720 1942 Normannorum
2750 1903 2971 1959 comes,
3006 1907 3111 1960 pro
3142 1895 3401 1950 remedio
3432 1900 3549 1951 ani-

1891 1992 2001 2030 mm
2032 1990 2180 2030 meae
2210 1979 2634 2047 parentumque
2683 1992 2946 2031 meorum
2981 1980 3166 2048 patris
3214 1984 3463 2039 maxime
3494 1990 3552 2041 et

1890 2066 2095 2119 matris
2125 2079 2291 2134 meae,
2325 2080 2433 2119 nec
2464 2080 2578 2119 non
2609 2064 2782 2118 etiam
2814 2068 3017 2121 uxoris
3040 2084 3186 2123 meae
3222 2070 3551 2127 haeredum-

1890 2170 2004 2224 que
2036 2169 2318 2222 meorum,
2350 2153 2610 2207 concedo
2636 2152 2772 2223 jure
2805 2159 3084 2224 perpetuo
3107 2142 3229 2213 Deo
3260 2163 3316 2214 et
3345 2170 3549 2219 sancto

1891 2243 2160 2311 Martino,
2193 2241 2502 2296 monachis
2534 2242 2763 2295 scilicet
2791 2244 2892 2313 qui
2923 2246 3071 2312 apud
3107 2246 3299 2317 Majus
3323 2265 3552 2306 monas-

1891 2332 2100 2386 terium
2154 2331 2266 2384 sub
2319 2329 2560 2383 Alberto
2606 2330 2816 2384 abbate
2861 2332 2981 2386 Deo
3026 2333 3390 2407 deserviunt,
3444 2355 3550 2409 per

1891 2436 2079 2475 annos
2109 2418 2382 2489 singulos
2429 2418 2689 2489 linguam
2735 2418 3022 2490 integram
3057 2421 3303 2479 balaenae
3347 2428 3545 2499 unius,

1892 2511 2020 2564 sive
2051 2509 2223 2563 etiam
2255 2507 2715 2561 successoribus
2759 2524 2960 2563 eorum
2992 2510 3303 2567 abbatibus
3334 2519 3390 2569 et
3420 2532 3549 2570 mo-

1891 2598 2099 2653 nachis
2117 2596 2217 2667 qui
2242 2595 2302 2649 in
2333 2596 2692 2649 monasterio
2714 2595 2813 2649 illo
2848 2597 2952 2651 Dei
2983 2600 3227 2655 servitio
3250 2602 3552 2658 militaturi

1891 2690 2050 2756 sunt,
2082 2686 2141 2739 in
2173 2685 2449 2739 comitatu
2478 2684 2883 2753 Constantino,
2930 2687 3082 2754 apud
3114 2689 3309 2744 villam
3344 2692 3551 2749 Valon-

1892 2777 2070 2847 giam,
2101 2774 2214 2828 sub
2245 2763 2560 2843 praesentia
2591 2772 2827 2827 testium
2859 2790 3110 2845 quorum
3135 2777 3383 2833 inferius
3417 2782 3554 2837 sub-

1893 2865 2110 2934 scripta
2130 2864 2273 2916 ‘sunt
2288 2862 2542 2916 nomina.
2576 2860 2921 2932 Quicunque
2938 2878 3082 2919 vero
3113 2867 3553 2940 eleemosynam

1892 2953 2042 3007 hanc
2073 2951 2165 3005 vel
2198 2951 2366 3019 meis,
2401 2950 2493 3004 vel
2536 2950 2840 3005 hmredum
2876 2968 3137 3008 meorum
3185 2959 3551 3027 temporibus

1892 3040 2244 3096 subtrahere
2294 3042 2499 3093 sancto
2551 3039 2795 3093 Martino
2838 3041 3107 3111 voluerit,
3160 3048 3215 3098 et
3264 3047 3392 3115 ipse
3449 3064 3550 3102 ex-

1892 3129 2397 3197 communicetur,
2458 3130 2514 3181 et
2571 3127 2791 3181 nullum
2847 3129 3058 3184 habeat
3109 3131 3244 3203 ejus
3301 3139 3548 3192 conatus

1892 3217 2184 3286 effectum,
2218 3219 2299 3286 ut,
2335 3217 2473 3269 dum
2505 3216 2736 3270 stabilis
2784 3216 2959 3272 fuerit
2990 3219 3365 3293 eloemosyna
3397 3240 3547 3295 mea,

1890 3310 2172 3378 perpetua
2214 3306 2386 3359 etiam
2426 3305 2525 3359 ﬁat
2579 3306 2637 3359 in
2694 3308 3049 3362 monasterio
3107 3309 3210 3364 illo
3268 3315 3551 3369 memoria

1893 3411 2041 3450 mea.

1962 3484 2023 3538 S.
2049 3482 2335 3538 Willelmi
2370 3483 2600 3538 comitis
2623 3481 2682 3537 S.
2709 3483 2882 3537 Nielli
2904 3487 3288 3544 vicccomitis.
3319 3491 3378 3546 S.
3402 3491 3551 3546 Mai-

99 3594 330 3636 sorum
346 3594 610 3633 meorum
625 3577 1182 3646 donationejudicio
1196 3593 1403 3632 eorum
1417 3578 1788 3637 decernente,
1894 3573 2066 3629 nonis
2084 3573 2154 3627 de
2178 3571 2473 3643 Filgeriis.
2499 3570 2558 3626 S.
2586 3571 2862 3626 Richardi
2883 3572 3322 3632 filiiTorentini.
3348 3579 3407 3633 S.
3438 3581 3551 3635 Ra-

100 3670 213 3723 tali
236 3673 448 3722 tenore
471 3666 720 3735 reddidi,
762 3666 892 3719 data
924 3667 1169 3736 insuper
1208 3666 1568 3720 credulitatis
1601 3667 1790 3738 gratia
1895 3663 2034 3718 dulﬁ
2072 3661 2352 3717 Taxonis.
2385 3660 2445 3715 S.
2479 3659 2701 3714 Giraldi
2732 3662 3166 3718 seneschalchi.
3192 3666 3252 3720 S.
3288 3668 3556 3724 Rotberti

96 3772 252 3812 mea
278 3755 393 3809 fide
417 3758 477 3809 ut
507 3754 787 3824 deinceps
837 3754 949 3808 sub
980 3770 1106 3808 mea
1135 3755 1515 3809 advocatione
1545 3754 1791 3809 liberam
1895 3753 1997 3807 filii
2029 3751 2289 3824 Georgii.
2325 3749 2385 3803 S.
2419 3749 2692 3820 Hugonis
2740 3750 3017 3806 Britonis.
3061 3754 3120 3808 S.
3155 3754 3419 3811 Tetbaldi
3450 3758 3558 3814 ﬁlii

96 3848 357 3900 teneret
375 3843 531 3897 sicut
560 3845 867 3912 acceperat
888 3858 919 3895 a
960 3858 1088 3897 meo
1124 3858 1232 3897 avo
1256 3846 1312 3897 et
1331 3846 1513 3912 patre.
1557 3844 1790 3897 Adver-
1896 3841 2185 3895 Bornerii.
2218 3839 2277 3893 S.
2316 3838 2579 3909 Rotgcrii
2602 3838 2680 3891 de
2713 3841 2907 3892 monte
2939 3840 3253 3899 Gomerici.
3318 3872 3323 3875 »

92 3978 3539 4019 Ἥ

1478 4100 1631 4138 ANNO
1670 4101 1874 4139 DOXINI
1902 4098 2208 4136 Μωίχχνιιι

1266 4181 2417 4348 DURANDUS

834 4411 1389 4527 ABBAS
1467 4410 2836 4526 TBOBARNENSIS-

1203 4623 1716 4702 NOTITIA
1767 4620 2466 4701 HISTORICA.

678 4756 1066 4835 (GALLAXD.,
1120 4753 1412 4815 Veterum
1456 4754 1739 4815 Patrum
1779 4753 2210 4825 Bibliotheca,
2244 4759 2291 4811 t.
2326 4751 2501 4826 XIV,
2538 4751 2787 4834 Proleg.
2824 4774 2882 4834 p.
2920 4764 3032 4834 xx.)

172 4913 519 4970 Durandus
559 4913 631 4965 ab
664 4911 911 4984 infantia
945 4910 1389 4984 Eiscamnensis
1415 4914 1764 4982 monachus,
1816 4914 2039 4968 ordinis
2069 4912 2139 4984 S.
2165 4911 2657 4984 Benedicti,imox
2688 4914 2914 4984 primus
2944 4917 3339 4972 Troarnensis
3368 4922 3555 4976 abbas

77 4991 154 5043 in
198 4984 586 5055 monasterio
619 4983 897 5037 dimcesis
944 4982 1295 5053 Bajocensis
1345 4999 1557 5038 recens
1588 4985 1827 5038 fundato
1859 5001 1891 5037 a
1926 4983 2184 5055 Ilogerio
2216 4984 2426 5037 comite
2458 4982 3038 5055 Montgo‘mericensi,
3074 4994 3409 5044 coaetaneus
3452 4993 3557 5049 fuit

76 5055 398 5137 Fglberti
427 5054 829 5137 Carnotensis,
864 5068 1039 5123 quem
1060 5070 1150 5137 sui
1186 5056 1469 5135 temporis
1486 5055 1831 5137 Episcopum
1856 5055 2134 5137 appellat,
2161 5069 2454 5135 quemque
2484 5054 2709 5137 obiis'se
2728 5061 2957 5109 constat
2985 5073 3137 5137 anno
3155 5058 3553 5137 ChristilOBS.

73 5131 379 5203 Librum
404 5126 646 5203 scripsit
680 5125 761 5203 I_)_e_
796 5140 1046 5193 corpore
1077 5126 1453 5203 etsanguine
1486 5125 1715 5203 Domini
1738 5128 1940 5203 contra
1970 5125 2626 5203 BerengariurAnAquem
2663 5127 2717 5179 in
2751 5143 2963 5181 novem
3004 5134 3200 5198 partes
3234 5132 3555 5203 distribuit,

73 5142 379 5185 Librum
404 5142 646 5193 scripsu
680 5142 761 5178 ue
796 5142 1046 5193 corpore
1077 5142 1133 5178 et
1164 5142 1269 5177 san
1320 5142 1453 5178 utne
1486 5142 1715 5180 nomini
1738 5142 1940 5180 contra
1970 5142 2418 5195 berengarium,
2451 5142 2466 5178 (

71 5201 460 5263 exaratum,
494 5201 555 5250 ut
584 5196 861 5265 creditur,
895 5211 1047 5249 anno
1079 5195 1235 5249 1060.
1270 5142 1424 5250 gbiit
1454 5198 1599 5251 satis
1622 5198 1833 5267 plenus
1867 5197 2095 5251 dierum
2123 5211 2275 5250 anno
2312 5194 2466 5250 1088.

642 5343 998 5397 Testimonia
1033 5343 1314 5397 Oi'derici
1356 5327 1566 5398 Vitalis
1595 5345 1701 5399 lib.
1735 5363 1812 5399 vn
1842 5344 2072 5400 Hister.
2108 5345 2321 5401 eccles.
2358 5346 2432 5400 ad
2461 5363 2555 5400 an.
2592 5347 2747 5417 1087,
2775 5365 2911 5420 pag.
2944 5349 3069 5406 658.

173 5467 205 5491 α
242 5442 319 5525 In
340 5439 627 5525 electione
649 5455 1037 5525 personarum
1066 5441 1202 5494 vita;
1215 5441 1486 5525 meri-tum
1504 5442 1714 5525 (verba
1732 5449 1868 5524 sunt
1894 5441 2195 5525 Guiiielmi
2217 5442 2641 5525 Gonqgestoris
2656 5446 2718 5498 in
2732 5448 3024 5525 estremis
3037 5451 3242 5520 positi)
3256 5456 3312 5525 et
3326 5455 3559 5525 sapien-

62 5520 199 5575 tiae
227 5512 575 5588 doctrinam
598 5512 955 5588 in_vestigavi
975 5515 1032 5565 et
1053 5515 1332 5588 quantum
1357 5513 1415 5565 in
1434 5528 1529 5588 me
1552 5513 1691 5588 fuit,»
1714 5514 1972 5588 omnium
1994 5512 2660 5588 dignissimo—Ecclesia;
2684 5517 2948 5588 regimen
2983 5512 3559 5583 commendavifﬂoc

58 5587 414 5656 nimirum
434 5582 670 5656 probari
693 5582 885 5656 potest
908 5584 1198 5656 veraciter
1216 5583 1278 5656 in
1300 5582 1628 5641 Lanfranco
1650 5582 2159 5639 Cantuariensium
2183 5582 2842 5656 archipraesule,hoc'in
2859 5590 3144 5648 Anselmo
3167 5582 3557 5654 Beccensium

54 5658 366 5726 abbate,
401 5653 512 5709 hoc
541 5653 602 5711 in
628 5652 952 5712 Goreberto
979 5652 1453 5733 Fontanellense,
1478 5657 1533 5711 et
1563 5656 1846 5712 DURANDO
1872 5656 2270 5733 Troarnense,
2290 5652 2425 5713 et'in
2454 5656 2588 5714 aliis
2610 5652 2811 5717 multis
2841 5662 3013 5737 regni
3043 5665 3157 5722 mei
3187 5652 3553 5744 doctoribus,
