4048 6164
452 296 465 301 -
553 264 708 327 1375
1540 264 1927 328 DURANDI
1980 266 2348 330 ABBATIS
2392 269 2983 355 TROARNENSIS
3730 287 3841 349 1376

544 462 795 536 quorum
836 446 1090 536 celebris
1139 448 1268 529 laus
1312 452 1592 536 personat
1640 448 1699 536 in
1730 448 1972 536 ultimis,
2018 451 2080 503 ut
2127 451 2328 533 credo,
2379 454 2555 536 terrae
2587 452 2824 508 ﬁnibus.
2861 453 3035 509 Tales
3066 455 3266 536 s‘ocios
3291 454 3363 536 ad
3389 457 3692 536 colloquium
3717 464 3843 536 elegi,

542 518 844 597 initiorum
865 518 1261 597 contubernio
1293 520 1602 574 veritatem
1641 523 1696 573 et
1723 520 2074 589 sapientiam
2123 521 2352 593 inveni;
2394 523 2642 594 ideoque
2686 539 2924 593 semper
2955 525 3224 597 gaudens
3270 529 3517 595 optabam
3543 518 3710 585 corum
3745 518 3843 589 εὸῖί

543 589 717 659 siliis,
749 589 993 660 perfrui.
1035 611 1056 638 ν

1907 662 1987 715 Et
2015 662 2121 717 lib.
2154 680 2274 732 νιιι,
2303 680 2439 735 pag.
2473 665 2596 719 6'76.

617 758 987 841 «‘Durandus
1020 758 1414 841 Troarnen‘s‘is.
1445 758 1631 841 abbas
1665 759 2043 841 grandaevus,
2100 761 2171 813 ab
2199 760 2446 841 infantia
2476 764 2823 841 monachus,
2857 764 3146 841 religione
3196 768 3252 820 et
3284 767 3542 841 sapientia
3577 769 3847 841 praecipuus,

541 828 933 909 ecclesiastici
954 832 1172 909 cantus
1202 829 1480 909 ει..ἀὶγίρί
1513 828 1807 909 dogmatis
1844 830 2061 909 doctor
2090 832 2508 909 peritissimus,
2546 834 2659 887 sibi
2711 828 2900 909 durus
2932 828 3218 909 carnifex,
3255 828 3491 909 aliisque
3524 828 3656 893 mitis
3693 828 3845 909 opifex;

540 903 672 977 post
695 900 919 977 multos
950 900 1007 952 in
1041 901 1145 977 D_ei
1177 900 1335 977 cultu
1355 900 1624 977 labores,
1658 901 1717 954 in
1747 901 1960 977 lectum
1990 902 2286 977 decubuit,
2322 907 2378 957 et
2400 905 2568 977 bene,
2605 909 2664 958 ut
2693 906 2957 976 prudens
2989 910 3046 960 et
3068 900 3261 961 fidelis
3284 900 3506 977 servus,
3523 910 3597 963 ire
3615 911 3673 963 ad
3690 900 3844 966 curiam

541 970 770 1024 Domini
804 971 897 1025 sui
926 974 1187 1040 paratus,
1221 988 1283 1024 ιη
1313 971 1451 1025 Idus
1484 970 1789 1025 Februarii
1808 972 1880 1027 de
1913 973 2137 1028 saeculo
2163 970 2457 1044 migravit.
2499 998 2519 1020 »

1941 1070 2169 1125 Deinde
2190 1077 2327 1141 post
2349 1088 2533 1142 pauca
2568 1093 2584 1126 .-

613 1186 650 1241 «_
673 1164 1061 1241 Yenerabiles
1093 1165 1371 1241 discipuli
1404 1166 1638 1241 glebam
1667 1167 1937 1241 religiosi
1968 1168 2230 1241 doctoris
2258 1168 2313 1221 in
2347 1170 2602 1239 capitulo
2625 1185 2736 1225 suo
2767 1172 3499 1241 reverentersepelierunt,
3533 1177 3584 1229 et
3608 1174 3655 1228 in
3681 1175 3852 1230 candido

538 1235 728 1305 lapide
765 1236 863 1305 qui
895 1237 1244 1307 suppositus
1276 1240 1387 1305 est,
1413 1235 1923 1307 epitaphium'hoc
1952 1239 2304 1293 addiderunt
2338 1255 2350 1294 :
2389 1264 2410 1287 »

1243 1333 1368 1406 Hac
1404 1336 1630 1405 tegitur
1662 1334 1854 1389 tumba
1888 1336 2073 1390 bonus
2103 1342 2162 1390 et
2199 1337 2566 1392 venerabilis
2594 1338 2767 1406 abba,

1317 1405 1654 1472 Durandus,
1691 1407 1886 1460 nostri
1917 1423 2117 1461 norma
2146 1410 2520 1462 monasterii.

1243 1476 1606 1551 Ad_Domini
1632 1476 1862 1551 laudem
1888 1484 2249 1551 praesentem
2282 1479 2548 1551 condidit
2577 1480 2786 1551 (edem,

1322 1547 1442 1611 Qua
1472 1547 1594 1601 sibi
1621 1549 1937 1618 propitium
1971 1549 2272 1603 credimus
2300 1566 2436 1603 esse
2468 1550 2670 1605 Deum.

1246 1617 1399 1670 Luce
1428 1618 1539 1671 sub
1571 1617 1800 1672 undena
1831 1618 2059 1673 Februi
2089 1620 2389 1674 resolutus
2423 1621 2654 1676 habena

1319 1688 1559 1757 Carnis,
1591 1689 1666 1741 ad
1695 1690 2022 1760 angelicam
2054 1691 2346 1762 dirigitur
2366 1693 2645 1762 patriam.

1335 2011 2114 2152 DOMN‘I
2174 2013 3198 2154 DURANDI

1789 2217 2112 2271 ABBATIS
2152 2217 2695 2274 TROARNENSIS

537 2344 1014 2504 LIBER
1067 2360 1263 2500 DE
1331 2357 2066 2503 CORPORE
2154 2362 2349 2501 ET
2429 2362 3242 2511 SANGUINE
3323 2365 3858 2509 CHRISTI

1182 2574 1540 2640 CONTRA
1591 2573 2239 2638 BERENGARIUM
2292 2575 2401 2639 ET
2451 2575 2545 2641 EJ
2559 2575 2666 2641 US
2716 2573 3293 2642 SECTATORES

531 2719 853 2789 (GALLAND.
906 2717 1177 2770 Veterum
1207 2714 1455 2770 Patrum
1486 2714 1882 2790 Bibliotheca,
1911 2718 1956 2790 _t.
1990 2714 2140 2790 XIV,
2173 2731 2307 2787 pag.
2340 2715 2464 2786 245,
2496 2732 2571 2770 ex
2601 2718 2803 2772 codice
2835 2734 2948 2772 ms.
2984 2718 3367 2773 bibliothecae
3399 2720 3588 2773 domni
3620 2718 3775 2788 Bigot,
3800 2684 3863 2766 Ro.

1550 2785 1960 2858 thomagensis
1992 2786 2175 2839 curiae
2206 2785 2572 2842 monetarum
2603 2790 2949 2860 senatoris.)

1798 3053 2692 3169 PROCEMIUM

526 3311 844 3366 Doctorum
876 3310 1124 3363 cunctos
1149 3305 1317 3360 labor
1345 3308 1437 3360 est
1472 3304 1769 3375 inquirere
1800 3302 2008 3369 libros,
2296 3303 2512 3358 Verum
2544 3320 2617 3358 ne
2648 3305 2822 3359 nobis
2854 3308 3335 3363 succensendum
3364 3312 3582 3364 temere
3606 3307 3721 3379 quis

528 3400 604 3454 Ut
634 3398 966 3452 divinarum
997 3411 1130 3466 quae
1163 3395 1238 3448 sit
1259 3394 1590 3448 substantia
1615 3409 1814 3447 rerum
2290 3392 2516 3447 Idcirco
2541 3396 2719 3462 retur,
2753 3394 2909 3465 quod
2939 3398 3414 3466 praesumpsisse
3446 3398 3698 3452 videmur

526 3489 657 3543 Rite
690 3486 817 3555 capi
849 3485 1057 3552 valeat,
1094 3483 1205 3536 sub
1240 3481 1426 3536 forma
1449 3481 1619 3551 panis
1651 3484 1851 3551 operta
2289 3480 2472 3549 Talia,
2506 3481 2694 3535 discat
2723 3497 2834 3536 nos
2868 3483 3045 3537 multa
3075 3485 3454 3555 improbitate
3487 3488 3725 3551 coactos,

526 3566 610 3629 Ac
644 3575 800 3643 vini;
832 3589 986 3642 quae,
1017 3573 1154 3642 post
1186 3586 1355 3625 sacra
1382 3571 1582 3640 verba,
1618 3570 1813 3625 crucis
1846 3586 2078 3641 quoque
2108 3571 2185 3625 si-
2288 3569 2420 3623 Jam
2448 3586 2555 3640 per
2584 3569 2947 3626 Francorum
2979 3572 3129 3627 ﬁnes
3164 3577 3221 3628 et
3252 3579 3455 3629 castra
3487 3579 3769 3646 vagantum

1886 3657 2112 3731 [gnum,
2289 3657 2813 3714 Schismaticorum
2843 3660 3095 3717 hmresis
3133 3677 3239 3731 per
3269 3678 3430 3733 quos
3464 3664 3634 3734 cmpit
3660 3677 3779 3717 nova
3800 3671 3868 3711 no-

528 3753 624 3807 Nil
650 3753 805 3807 aliud
837 3754 974 3806 sunt
1004 3767 1177 3822 quam
1201 3765 1337 3804 caro
1362 3763 1520 3818 vera,
1555 3765 1730 3803 cruor
1750 3764 1985 3819 quoque
2002 3764 2185 3804 verus
3706 3748 3827 3821 [stris

525 3844 610 3897 De
640 3858 781 3896 vero
814 3841 1034 3896 Christi
1064 3839 1369 3911 regnantis
1398 3854 1647 3908 corpore
1678 3838 1737 3891 in
1767 3838 1968 3907 astris,
2287 3836 2700 3908 Temporibus,
2734 3841 3073 3895 veneranda
3118 3855 3355 3912 negans
3401 3841 3676 3912 mysteria
3705 3832 3872 3892 Christi.

522 3932 600 3986 Ut
630 3946 835 4003 regem
854 3945 1065 4002 regum
1096 3929 1264 3983 decet
1286 3944 1353 3982 ac
1384 3928 1696 3981 Dominum
1716 3927 2110 3982 dominorum.
2287 3928 2576 3983 Ecclesim
2607 3929 2826 3999 quibus
2857 3930 3007 3983 alma
3037 3929 3189 3984 ﬁdes
3216 3930 3389 4002 viget
3414 3932 3529 3985 alta
3558 3930 3804 3984 decenter.

402 4014 417 4023 “
522 4021 651 4075 Sint
681 4021 900 4075 idcirco
934 4020 1079 4073 satis
1112 4019 1241 4072 haec
1271 4020 1472 4071 nostra
1505 4012 1698 4071 minus
1730 4017 2039 4087 studiosis,
2285 4020 2601 4087 Propterea
2633 4020 2694 4071 ut
2721 4017 2900 4071 vilem
2932 4020 3264 4088 sapientum
3297 4035 3479 4073 nemo
3520 4019 3756 4074 laborem

522 4111 606 4165 De
636 4110 837 4165 multis
867 4110 1111 4163 Patrum
1142 4106 1312 4161 libris
1344 4108 1619 4174 excerpta
1648 4106 1931 4173 priorum.
2288 4107 2514 4175 Rideat,
2551 4107 2707 4160 hunc
2736 4110 3003 4161 nostrum
3029 4107 3231 4161 multis
3255 4107 3453 4163 fateor
3476 4108 3800 4178 placiturum.

521 4199 586 4254 In
619 4200 836 4270 quibus
867 4201 923 4252 et
954 4196 1090 4251 ﬁdei
1121 4196 1292 4268 vigor
1321 4195 1551 4264 emicat,
1585 4197 1640 4248 et
1662 4194 1969 4248 brevitatis
2283 4195 2509 4265 Optima
2540 4211 2792 4267 namque
2826 4196 3060 4250 Patrum
3092 4196 3371 4266 decerpsi
3407 4198 3561 4251 dicta
3591 4195 3807 4266 priorum

520 4288 842 4344 Concinnai
875 4286 1094 4341 utilitas
1127 4301 1245 4339 non
1275 4299 1455 4354 parva
1487 4283 1658 4337 datur
1690 4283 2009 4353 recitanda,
2284 4283 2546 4338 Sincerae
2576 4283 2733 4353 fidei,
2758 4284 2829 4338 de
2862 4300 3038 4338 carne
3069 4289 3125 4339 et
3150 4286 3454 4357 sanguine
3488 4285 3712 4351 Christi,

519 4377 769 4430 Tantum
801 4374 1176 4445 simplicibus
1204 4389 1217 4441 ;
1270 4373 1568 4442 sapientes
1615 4387 1791 4441 porro
1832 4374 2176 4443 sequantur,
2284 4372 2473 4442 Atque
2501 4372 2615 4428 hoc
2643 4372 2704 4426 in
2725 4389 2909 4443 parvo
2938 4374 3220 4445 congessi
3250 4376 3439 4430 multa
3473 4372 3686 4427 libello.

519 4467 605 4519 Ac
638 4464 832 4518 studio
864 4463 995 4517 freti
1026 4461 1253 4533 potiora
1284 4459 1536 4532 legendo
1569 4460 1791 4530 capaci.

1461 4831 1464 4834 ,
1844 4743 2213 4824 INCIPIT
2272 4743 2568 4822 LIBER

1279 4901 1723 4993 DOMNI
1840 4899 2461 4991 DURANDI
2576 4896 3163 4990 ABBA'I‘IS

1095 5069 1256 5185 DE
1338 5069 1882 5187 CORPORE
1937 5069 2087 5183 ET
2164 5067 2783 5183 SANGUINE
2856 5066 3307 5184 DOMINI

1095 5444 1297 5500 PARS
1324 5443 1591 5499 PRIMA.
2280 5444 2467 5508 voret,
2501 5442 2733 5510 oportet
2762 5439 2817 5493 ei
2847 5454 2956 5493 nos
2987 5438 3279 5493 resistere
3325 5437 3519 5492 fortes
3553 5437 3608 5489 in
3647 5431 3762 5495 ﬁde,
3785 5420 3872 5516 sine

587 5532 930 5599 I.Quoniam
952 5533 1188 5604 quidem
1209 5536 1491 5587 veternus
1519 5531 1733 5601 hostis,
1758 5528 2034 5584 inimicus
2066 5529 2178 5583 liu-
2275 5543 2387 5598 qua
2416 5543 2666 5597 prorsus
2703 5528 2795 5582 est
2825 5526 3195 5598 impossibile
3227 5525 3351 5580 Deo
3383 5526 3638 5595 placere.
3672 5517 3741 5573 Ea
3763 5518 3869 5606 8D}?

513 5597 988 5697 mani'generis;
1019 5624 1075 5677 et
1102 5621 1396 5677 homicida
1427 5597 1727 5689 crudelis,
1751 5618 1924 5691 juxta
1972 5633 2180 5674 vocem
2274 5597 2366 5672 est
2386 5633 2519 5688 quae
2540 5617 2815 5672 virtutem
2837 5615 2889 5686 ej
2901 5597 2970 5671 αδ
3003 5615 3185 5685 elidit,
3211 5616 3633 5685 Procacitatem
3652 5597 3869 5697 obtumui‘i‘i

512 5688 864 5794 apostoli,ac
877 5711 929 5769 si
946 5688 1041 5768 ieo
1063 5710 1312 5785 rugiens
1323 5710 1596 5766 circumit
1611 5688 1883 5784 quaerens
1895 5722 2061 5784 quem
2079 5707 2179 5764 de—
2274 5708 2447 5779 atque
2477 5706 2550 5762 de
2579 5720 2649 5762 eo
2678 5705 3003 5762 victoriose
3030 5702 3355 5777 triumphat
3384 5701 3754 5773 braviumque
3773 5688 3869 5742 τίω
