4048 6164
145 348 165 408 i
177 346 294 407 3'77

914 342 1168 407 LIBER
1213 342 1327 405 DE
1365 342 1738 411 CORPORE
1781 343 1888 404 ET
1930 342 2360 406 SANGUINE
2406 341 2747 407 CHRISTI.

3383 342 3540 405 4378

114 542 394 613 perennis
427 543 709 611 reportat.
747 542 877 611 lpse
896 557 1147 613 namque
1174 542 1413 595 virosus
1434 540 1649 613 anguis
1679 556 1778 595 an-
1814 528 1866 593 Α
1897 541 2101 596 orbem
2123 544 2294 595 terra
2326 541 2686 610 praedicatio,
2718 542 2913 596 inanis
2942 543 3116 595 etiam
3151 540 3556 611 Ecclesiaca-

121 633 277 702 tiqua
300 631 630 684 mortalium
661 630 868 700 pestis,
904 630 1001 700 qui
1033 645 1140 699 per
1166 646 1310 684 vasa
1334 647 1461 685 sua
1485 630 1781 700 deceptio-

123 722 217 774 nis
257 723 447 790 aptata
477 720 536 773 in
584 720 905 787 interitum,
938 719 1294 773 multiforme
1314 720 1623 789 pravitatis
1655 720 1780 773 ha-

113 808 312 862 retica
357 824 650 862 venenum
670 824 704 861 a
756 808 1073 877 primordio
1099 808 1231 862 ﬁdei
1257 824 1361 877 per
1378 809 1580 862 orbem
1603 805 1778 861 dill‘u-

112 898 193 951 dit
249 897 616 966 universum,
654 913 811 951 nunc
846 898 1019 951 etiam
1057 913 1164 966 per
1201 898 1468 952 occultos
1501 897 1776 967 nequitia

114 1001 239 1041 sua
279 985 568 1039 satellites
600 990 656 1039 et
686 986 991 1039 ministros
1014 985 1358 1039 catholicam
1390 986 1563 1039 fidem
1586 985 1776 1039 subti—

114 1075 243 1127 liter
273 1078 521 1128 conatur
543 1074 800 1141 eludere,
834 1074 1171 1144 Christique
1196 1074 1543 1141 Ecclesiam,
1568 1076 1627 1129 in
1667 1091 1775 1129 sua

101 1163 345 1216 veritate
384 1163 705 1233 antiquitus
753 1162 1069 1231 fundatam,
1116 1164 1431 1233 exquisitis
1465 1168 1645 1218 tentat
1672 1181 1771 1219 ar-

109 1252 403 1320 gumentis
420 1248 797 1305 labefactare.
820 1251 968 1305 Nam
989 1253 1521 1321 quibusdam,vana
1541 1254 1774 1323 sapien-

116 1339 272 1393 tibus
310 1355 377 1392 ac
408 1354 691 1408 perverse
735 1356 852 1393 non
895 1342 1011 1393 tam
1042 1341 1190 1395 alios
1213 1358 1387 1412 quam
1419 1343 1775 1411 semetipsos

116 1427 567 1497 decipientibus,
597 1429 897 1497 persuasit
926 1430 1169 1498 sentire,
1203 1434 1377 1500 atque
1416 1432 1644 1486 callidis
1669 1448 1775 1486 su-

112 1517 556 1571 surrationibus
606 1517 830 1571 sensim
870 1520 928 1571 et
957 1518 1185 1573 occulte
1234 1520 1365 1574 aliis
1406 1520 1779 1574 sentiendum

108 1605 378 1659 intimare
412 1606 558 1659 nihil
607 1606 668 1659 in
699 1608 1087 1661 sacramentis
1120 1608 1443 1663 Dominicis
1463 1610 1535 1663 ad
1559 1610 1777 1663 verita-

108 1696 226 1747 tem
268 1694 416 1763 fieri,
450 1694 559 1749 sed
590 1695 784 1749 omnia
823 1696 1021 1764 potius
1056 1712 1162 1766 per
1199 1698 1448 1769 figuram
1479 1701 1534 1752 et
1563 1700 1775 1753 simili-

106 1782 367 1836 tudinem
406 1784 559 1853 geri.
602 1782 732 1852 Qui,
757 1787 819 1838 ut
842 1800 908 1838 se
939 1785 1246 1841 hareseos
1279 1788 1620 1858 suspicione
1653 1788 1776 1842 cal-

1897 630 2128 685 tholica
2148 631 2297 685 fides
2328 646 2395 684 ac
2426 630 2747 700 professio,
2772 631 2832 683 in
2864 647 2977 699 qua
3010 632 3307 700 pretiosus
3341 633 3559 701 marty-

1894 736 2026 775 rum
2057 721 2452 791 nequidquam
2486 720 2659 777 fusus
2708 723 2800 774 est
2831 737 3029 789 cruor,
3058 720 3396 791 frustraque
3432 722 3557 777 for-

1896 809 2038 863 tium
2063 809 2231 864 labor
2252 809 2602 863 athletarum
2634 810 2692 862 in
2734 810 2962 864 theatro
2994 810 3214 879 mundi,
3248 810 3378 878 ipso
3425 824 3556 878 spe-

1897 900 2108 966 ctante,
2131 898 2491 968 triumphum
2516 898 2586 951 de
2619 898 2789 953 hoste
2816 899 3136 969 reportavit
3162 914 3262 968 ;ac
3303 914 3407 967 per
3445 898 3557 952 hoc

1896 986 2042 1039 nihil
2081 989 2173 1040 est
2230 987 2384 1057 quod
2420 987 2673 1058 agimus,
2719 986 2863 1040 nihil
2894 989 3130 1041 omnino
3162 988 3317 1057 quod
3349 1002 3557 1056 spera-

1897 1091 2052 1130 mus.
2077 1076 2322 1130 Hiccine
2345 1078 2435 1128 est
2466 1076 2696 1129 fructus
2715 1076 2881 1144 uber,
2909 1076 3171 1130 haccine
3194 1077 3384 1145 opima
3408 1092 3557 1132 mer-

1896 1181 2020 1233 ces,
2070 1165 2163 1221 cui
2208 1165 2726 1219 schismaticorum
2774 1166 3086 1235 impudens
3116 1166 3364 1220 inservit
3396 1166 3554 1221 inso-

1893 1253 2071 1308 lentia
2091 1257 2119 1308 ε)
2145 1256 2191 1309 Ο
2223 1254 2514 1324 perditum
2546 1254 2990 1308 fundamentum
3024 1253 3035 1309 l
3080 1255 3237 1326 quod
3266 1258 3422 1309 tanta
3452 1271 3553 1308 se-

1895 1346 2094 1416 quitur
2141 1361 2253 1398 non
2311 1348 2625 1412 structura,
2660 1344 2769 1398 sed
2799 1344 3117 1398 ruina.Sed
3137 1346 3289 1399 absit
3312 1348 3373 1399 ut
3392 1344 3557 1399 Chri-

1885 1441 2016 1488 stus
2068 1435 2229 1487 Deus
2264 1450 2378 1487 non
2412 1434 2489 1486 sit
2519 1434 2618 1504 qui
2659 1434 2857 1504 utique
2923 1451 3107 1488 verax
3135 1438 3244 1502 est,
3283 1436 3420 1505 quia
3452 1450 3552 1488 re-

1892 1539 2034 1577 vera
2092 1524 2251 1577 Deus
2269 1525 2361 1577 est
2394 1538 2405 1576 :
2446 1523 2496 1575 si
2535 1538 2715 1577 verax
2736 1527 2845 1590 est,
2883 1538 3026 1594 ergo
3063 1524 3219 1593 quod
3246 1525 3378 1592 ipso
3410 1539 3551 1593 por-

1890 1613 2120 1682 rigente
2145 1611 2449 1681 accipitur,
2476 1611 2631 1682 quod
2662 1611 2965 1681 praebente
2992 1612 3336 1679 comeditur,
3370 1628 3554 1682 quan-

1890 1716 2064 1771 quam
2115 1700 2354 1755 diverso
2402 1714 2508 1769 pro
2573 1702 2917 1754 meritorum
2971 1700 3297 1755 differentia
3355 1701 3548 1770 modo,

1892 1788 2263 1842 Dominicum
2285 1793 2477 1842 tamen
2511 1803 2649 1842 vere
2682 1804 2897 1858 corpus
2925 1792 3036 1857 est,
3077 1790 3235 1858 quod
3264 1790 3551 1851 internam

103 1869 219 1924 lide
250 1874 465 1925 exuant
511 1887 579 1924 ac
615 1873 934 1946 Dominica
965 1877 1274 1931 sententia
1305 1893 1640 1949 congruere
1672 1894 1775 1932 os-
1812 1900 1856 1959 Β
1892 1876 2171 1931 duntaxat
2200 1878 2565 1946 purificatam
2614 1877 2820 1944 aciem,
2853 1877 2984 1945 ipsa
3013 1877 3411 1931 imbecillitate
3452 1892 3550 1931 ex-

102 1960 362 2029 tendant,
414 1960 526 2015 hac
569 1976 636 2016 se
681 1963 1015 2018 calliditatis
1083 1970 1206 2019 arte
1284 1967 1541 2036 palliant,
1600 1970 1773 2038 atque

100 2048 366 2117 profana
402 2051 679 2105 novitatis
734 2051 948 2123 dogma
999 2054 1075 2107 ita
1144 2060 1317 2109 tenus
1376 2060 1772 2125 temperantes

99 2138 385 2207 colorant,
443 2143 506 2193 ut
552 2140 750 2194 dicant
823 2157 891 2195 ea
922 2157 1054 2211 qua
1093 2142 1166 2195 ad
1208 2145 1389 2198 altare
1426 2144 1775 2200 deferuntur

104 2226 278 2294 panis
326 2230 382 2281 et
425 2229 545 2282 vini
592 2244 854 2297 munera,
898 2234 1033 2299 post
1058 2234 1568 2288 consecrationem
1598 2235 1771 2288 etiam

100 2316 261 2384 quod
312 2316 541 2370 fuerant
573 2332 941 2387 permanere,
976 2322 1032 2373 et
1062 2320 1151 2374 sic
1173 2322 1603 2392 quodammodo
1635 2340 1769 2377 cor-

96 2420 216 2474 pus
252 2404 472 2458 Christi
516 2409 573 2459 et
611 2408 966 2478 sanguinem
1006 2423 1231 2478 verum,
1266 2426 1381 2465 non
1404 2411 1765 2480 naturaliter,

97 2492 209 2547 sed
256 2492 585 2564 figuraliter
617 2510 777 2550 esse.
812 2496 982 2565 Ipsas
1021 2513 1256 2568 quoque
1289 2500 1654 2553 substantias
1686 2501 1771 2554 di-

97 2581 257 2635 vina
288 2582 601 2637 oblationis
643 2584 790 2638 adeo
841 2586 1263 2655 corruptibiles
1296 2592 1351 2641 et
1382 2603 1770 2658 corrumpen-

96 2672 189 2724 tes
242 2670 492 2725 delirant
537 2688 676 2727 esse
735 2676 1045 2743 quatenus,
1072 2680 1128 2728 et
1155 2675 1214 2728 in
1245 2676 1576 2746 digestione
1608 2693 1772 2731 com-

95 2760 364 2814 munium
424 2760 693 2815 ciborum
722 2763 935 2831 perire,
965 2767 1021 2817 et
1041 2763 1292 2833 amplius
1326 2781 1496 2835 aquo
1527 2781 1770 2821 sumen-

95 2851 191 2902 tes
218 2848 277 2901 in
290 2849 587 2919 crapulam
610 2849 978 2905 etebrietatis
998 2852 1493 2922 furorem'queant
1518 2859 1766 2911 vertere.

164 2936 289 2991 Sed
310 2940 367 2991 et
419 2937 531 2991 alia
581 2940 858 3010 graviora
890 2940 1036 2994 satis
1070 2940 1367 3011 multoque
1390 2943 1485 2996 bis
1509 2946 1773 3013 turpiora

94 3025 367 3080 sentiunt
388 3029 444 3080 et
465 3029 729 3083 consciis
746 3029 1063 3099 minusque
1078 3032 1378 3099 suspectis
1392 3032 1770 3089 insusurrare

93 3130 221 3169 non
266 3114 609 3186 desistunt;
651 3133 805 3188 qua,
858 3134 932 3173 ne
989 3118 1175 3172 dicam
1224 3120 1511 3190 proferre,
1565 3138 1772 3177 verum

93 3205 278 3257 etiam
327 3205 496 3259 nefas
540 3210 631 3260 est
661 3208 753 3260 vel
804 3208 1057 3262 tenuiter
1095 3211 1377 3278 cogitare.

90 3293 349 3347 randum
390 3294 664 3365 arbitror,
724 3296 990 3368 talesque
1036 3298 1310 3353 doctores
1343 3301 1773 3356 consulendum

91 3398 243 3437 reor
288 3383 429 3452 quid
484 3384 757 3439 utilitatis
816 3386 1017 3441 efferat
1082 3388 1499 3458 hujuscemodi
1566 3406 1770 3445 eorum

85 3471 422 3541 professio,
446 3474 507 3526 in
528 3490 642 3535 qua
661 3475 805 3528 nihil
823 3478 1112 3542 sanctum,
1139 3478 1363 3532 nullum
1394 3494 1643 3548 prorsus
1672 3496 1772 3535 re-

86 3560 330 3627 peritur
360 3562 689 3617 sanctitatis
721 3564 1018 3618 imitanda
1048 3566 1363 3637 vestigium
1391 3584 1405 3637 ς
1440 3569 1547 3622 sed
1581 3570 1775 3623 omnia

84 3648 309 3701 insana
341 3654 479 3703 sunt
510 3655 565 3705 et
588 3654 799 3721 turpia,
837 3668 1258 3725 perversaque
1304 3672 1535 3711 morum
1590 3661 1647 3712 et
1685 3672 1779 3714 ac'

70 3745 268 3792 tuum
316 3738 696 3794 dissolutioni
736 3740 1056 3795 militantia.
1108 3742 1274 3807 Quod
1306 3745 1358 3797 si
1398 3745 1770 3815 aliquatenus

80 3826 430 3881 admittitur
450 3830 604 3881 tanta
636 3830 997 3898 perversitas
1031 3834 1089 3884 ut
1112 3831 1170 3885 in
1193 3833 1516 3886 Dominicis
1548 3839 1771 3905 myste-

76 3917 200 3970 riis
228 3915 388 3993 nulla
412 3916 686 3971 credatur
711 3918 954 3989 veritas,
990 3920 1095 3974 sed
1127 3921 1459 3975 umbratilis
1491 3923 1772 3978 duntaxat

77 4009 404 4060 astruatur
428 4006 677 4076 falsitas,
702 4007 978 4079 quodque
1009 4010 1399 4080 consequitur
1429 4012 1771 4066 eorumdem

73 4096 609 4151 sacramentorum
631 4096 820 4166 turpis
854 4098 1210 4167 corruptela,
1237 4099 1397 4168 quid,
1424 4116 1592 4171 rogo,
1636 4116 1770 4155 res-

74 4187 189 4251 tat,
256 4182 375 4237 nisi
422 4186 482 4237 ut
526 4187 643 4238 tota
702 4185 939 4254 perierit
985 4186 1383 4255 professionis
1414 4188 1763 4245 Christiana

73 4272 414 4342 disciplina
434 4274 461 4326 ?
482 4272 645 4327 Sicut
666 4275 822 4328 enim
854 4275 913 4328 in
932 4275 1026 4330 his
1050 4276 1279 4331 solidus
1301 4277 1604 4332 catholicae
1627 4279 1759 4333 fidei

75 4362 272 4433 vigor
325 4365 379 4415 et
411 4362 621 4416 salutis
681 4363 951 4418 humanae
984 4380 1214 4418 summa
1250 4366 1539 4434 consistit,
1572 4367 1648 4421 ita
1671 4367 1770 4436 his

71 4451 391 4519 ademptis
449 4450 591 4505 nihil
650 4454 1002 4521 sanctitatis,
1048 4454 1191 4507 nihil
1236 4455 1426 4509 meriti
1474 4455 1767 4525 reliquum

68 4539 293 4593 fuerit.
332 4538 478 4592 Nam
528 4540 579 4593 si
632 4540 729 4593 hic
756 4541 952 4612 aliqua
997 4542 1459 4612 deprehenditur
1505 4544 1761 4614 falsitas,

74 4628 597 4697 nbinam,quaso,
641 4630 752 4682 erit
795 4630 1014 4684 veritas
1045 4633 1072 4684 ‘?
1120 4631 1332 4685 Nullus
1366 4632 1545 4703 igitur
1585 4634 1761 4688 timor

75 4717 263 4772 nulla
330 4716 389 4769 in
458 4718 684 4771 sanctis
751 4719 861 4772 erit
931 4721 1076 4773 ultra
1148 4722 1522 4789 reverentia;
1597 4739 1769 4777 nemo

73 4805 309 4860 cordis
365 4806 743 4875 munditiam,
791 4822 963 4861 nemo
1013 4810 1284 4877 corporis
1343 4809 1495 4864 colet
1548 4812 1770 4865 sancti-

58 4894 389 4958 moniam;
448 4894 640 4948 omnia
704 4898 873 4950 erunt
923 4896 1248 4966 dissoluta,
1337 4900 1529 4952 omnia
1596 4902 1766 4969 plane

66 4983 526 5053 incomposita,
590 4988 865 5039 cessante
945 5001 1193 5040 summa
1247 4986 1575 5042 honestatis
1638 4989 1765 5042 dis-

69 5074 347 5142 ciplina.
392 5072 515 5127 Nec
564 5073 876 5128 immerito.
926 5072 1070 5137 Quis
1114 5075 1267 5128 enim
1306 5075 1588 5146 deinceps
1637 5094 1766 5132 mo-

60 5163 312 5217 destia
380 5162 803 5233 sobrietatique
866 5178 1104 5232 Operam
1171 5163 1561 5221 adhibuerit?
1630 5166 1764 5235 quis

64 5252 171 5307 ibi
236 5250 463 5305 cultum
520 5251 703 5305 divini
765 5253 991 5305 timoris
1051 5253 1410 5322 dependerit,
1461 5254 1559 5308 ubi
1607 5254 1765 5309 nulla

56 5346 177 5397 est
233 5338 525 5409 majestas
557 5340 875 5394 veritatis?
920 5343 1211 5396 Craterum
1260 5343 1311 5396 si
1358 5342 1418 5396 in
1471 5342 1602 5396 cibo
1644 5344 1764 5397 Do-

52 5428 322 5485 minico
370 5428 592 5499 figura,
654 5431 711 5484 et
757 5445 874 5483 non
928 5430 1297 5484 substantiva
1354 5432 1574 5485 veritas
1632 5434 1762 5501 est,

45 5521 374 5575 Christus
425 5517 523 5588 qui
556 5517 736 5572 dixit:
771 5518 1044 5589 Accipite
1084 5527 1140 5572 et
1175 5520 1494 5585 comedite;
1528 5520 1634 5574 hoc
1669 5526 1762 5574 est

48 5623 314 5680 corpus
342 5623 548 5676 meum,
570 5623 750 5661 verax
780 5623 898 5663 non
920 5612 1010 5663 est
1038 5624 1052 5678 ;
1077 5609 1129 5662 si
1153 5624 1336 5663 verax
1365 5624 1482 5663 non
1514 5613 1625 5678 est,
1651 5626 1759 5665 nec

34 5703 248 5755 Deus
263 5699 378 5767 est;
403 5696 621 5751 siDeus
645 5711 762 5751 non
793 5701 905 5767 est,
937 5697 1132 5753 inanis
1155 5699 1249 5754 est
1276 5702 1619 5755 sanctorum
1647 5715 1754 5771 per

1452 3212 1565 3315 εθελ
1604 3229 1770 3315 ειξιεε-
1804 3254 1854 3315 ο

1892 1967 2179 2020 teriorum
2207 1966 2492 2019 luminum
2545 1965 2768 2034 feriata,
2804 1966 2864 2018 in
2895 1963 3030 2018 fidei
3061 1968 3306 2035 speculo
3338 1967 3450 2020 alte
3474 1967 3550 2020 ri-

1891 2056 2039 2109 mari
2068 2056 2270 2125 liquet.
2295 2053 2412 2107 Sed
2441 2056 2631 2108 tamen
2662 2053 2922 2108 evidenti
2952 2056 3250 2123 praconio
3271 2056 3552 2110 Veritatis

1892 2144 2159 2198 moderni
2190 2143 2562 2215 dogmatista
2586 2143 3089 2212 responsalesque
3110 2144 3340 2198 Satanae
3364 2144 3552 2199 refra-

1890 2235 2121 2303 grntur,
2171 2235 2225 2285 et
2258 2236 2373 2284 tam
2405 2232 2584 2299 impia
2616 2231 2924 2299 turpiaque
2949 2230 3218 2285 libertate
3239 2234 3552 2286 temeraria

1890 2319 2427 2375 submurmurando
2441 2318 2753 2387 opinantur
2780 2334 2913 2387 qua
2932 2324 2987 2372 et
3016 2319 3205 2387 ipsius
3240 2320 3397 2373 aeris
3415 2321 3551 2374 infi-

1892 2408 2046 2463 ciant
2064 2408 2502 2479 auras,sibique
2526 2408 2842 2462 faventium
2865 2410 3091 2462 mentes
3108 2408 3410 2463 hominum
3429 2425 3553 2465 cor-

1889 2500 2160 2566 rumpant
2172 2501 2227 2550 et
2250 2497 2448 2551 corda.
2475 2497 2887 2550 Verumtamen
2904 2500 2967 2550 ut
2983 2500 3158 2551 tanta
3175 2497 3440 2566 perfidia
3453 2514 3551 2554 no-

1892 2589 2008 2640 tam
2039 2590 2285 2640 caveant
2332 2585 2906 2657 confutationemque
2956 2586 3204 2640 liberius
3247 2586 3553 2641 subterfu-

1894 2676 2075 2745 giant,
2128 2676 2402 2729 omnibus
2451 2675 2668 2730 divinis
2716 2675 3133 2730 tractatoribus
3190 2676 3553 2731 voluminum

1895 2765 2298 2819 auctoritatem
2313 2753 2789 2836 derogantbeato
2819 2781 2986 2834 papa
3016 2764 3325 2836 Gregorio.
3344 2764 3548 2834 Leoni,

1895 2854 2145 2908 Maximo
2204 2857 2260 2908 et
2292 2855 2524 2907 caeteris
2556 2855 2892 2925 quicunque
2940 2856 3155 2922 prater
3187 2869 3412 2923 paucos
3442 2853 3551 2908 ali-

1891 2943 2029 3013 quid
2071 2944 2128 2996 in
2177 2942 2531 2997 authenticis
2594 2941 2883 2996 Ecclesia
2930 2942 3143 2996 litteris
3188 2942 3543 2997 disserendo

1886 3031 2246 3086 laborarunt.

2409 3117 2608 3171 PARS
2656 3117 3032 3172 SECUNDA.

1958 3207 2026 3260 Il.
2062 3207 2177 3261 Sed
2236 3206 2405 3260 valde
2462 3208 2868 3277 incompetens
2899 3207 3132 3262 videtur
3151 3207 3548 3262 etabsurdum

1886 3298 1949 3350 ut
1978 3295 2195 3366 abjecti
2219 3296 2537 3366 spurcique
2560 3297 2851 3365 homines,
2900 3297 3000 3367 qui
3029 3311 3220 3367 neque
3240 3296 3547 3351 honestate

1886 3387 2042 3454 vita,
2076 3400 2268 3454 neque
2298 3386 2584 3452 scientia,
2610 3386 2855 3440 utilitate
2879 3384 3118 3457 aliquod
3153 3384 3438 3440 Ecclesia
3459 3401 3547 3440 ca-

1886 3475 2121 3529 tholica
2153 3476 2525 3530 contulerunt
2552 3476 3027 3541 emolumentum,
3061 3476 3306 3528 eatenus
3327 3489 3545 3529 conva-

1888 3563 2116 3618 lescant
2156 3568 2216 3618 ut
2243 3567 2328 3619 tot
2370 3564 2645 3618 Patribus
2677 3567 2850 3634 atque
2881 3564 3248 3631 doctoribus,
3298 3578 3548 3633 quorum

1890 3653 2007 3706 vita
2056 3653 2364 3720 hactenus,
2400 3658 2456 3708 et
2491 3653 2857 3707 institutione
2915 3652 3126 3706 florere
3176 3651 3552 3723 dignoscitur

1890 3740 2039 3795 fides
2057 3741 2410 3805 orthodoxa,
2462 3740 2880 3810 praedicatione
2914 3754 3150 3810 quoque
3180 3742 3237 3792 et
3265 3739 3547 3795 instantia

1888 3832 2291 3897 succrevisse,
2326 3833 2498 3899 atque
2548 3830 2607 3883 in
2629 3827 2839 3882 melius
2882 3829 3004 3882 Deo
3036 3827 3397 3899 suffragante
3427 3827 3551 3881 dia-

1885 3920 1985 3973 tim
2032 3918 2384 3988 profecisse,
2419 3918 2675 3972 fructum
2716 3918 2813 3972 sui
2841 3916 3066 3971 laboris
3093 3915 3401 3986 auferant;
3435 3931 3549 3971 nos

1885 4024 2120 4080 quoque
2155 4007 2270 4062 sibi
2303 4006 2675 4075 impudenter
2720 4005 3001 4060 inclinent
3029 4008 3205 4075 atque
3223 4021 3333 4060 suo
3357 4004 3550 4059 errori

1886 4111 2174 4167 perverse
2195 4096 2506 4166 applicent.
2543 4094 2945 4149 Inconsultum
2972 4094 3357 4148 nihilominus
3406 4107 3547 4148 esse

1883 4188 2069 4257 liquet
2099 4190 2159 4240 ut
2199 4200 2303 4239 eos
2335 4184 2682 4239 deseramus
2716 4198 2969 4253 quorum
2991 4182 3275 4237 doctrinis
3298 4182 3548 4236 instrui-

1887 4292 2037 4342 mur,
2074 4278 2295 4329 sancta
2322 4274 2459 4327 vitae
2481 4272 2767 4341 exemplis
2799 4271 3202 4339 informamur,
3250 4270 3544 4341 quotidia-

1884 4365 2096 4435 nisque
2118 4362 2419 4417 miraculis
2442 4363 2807 4416 illustramur
2832 4378 2844 4425 ;
2870 4361 2958 4415 eis
2973 4375 3117 4414 vero
3146 4360 3545 4415 inhareamus

1882 4446 2272 4523 quorumivita
2320 4450 2721 4520 despicabilis.
2755 4450 2816 4504 Si
2852 4464 2964 4519 qua
2987 4451 3152 4504 esset
3182 4448 3355 4503 etiam
3382 4451 3543 4504 recte

1883 4541 2133 4595 docendi
2162 4540 2483 4609 professio,
2508 4538 2715 4594 merito
2742 4538 2893 4593 foret
2913 4538 3049 4593 vilis
3067 4541 3124 4593 et
3136 4538 3392 4593 obnoxia
3407 4553 3543 4593 con-

1883 4628 2271 4699 temptui.Sed
2320 4628 2474 4682 enim
2504 4628 2617 4682 hoc
2638 4628 2750 4682 tale
2779 4630 2962 4695 esset,
2995 4643 3065 4683 ac
3097 4629 3148 4681 si
3174 4629 3308 4683 vita
3329 4643 3546 4682 renun-

1882 4719 2092 4771 tiantes
2124 4721 2369 4771 mortem
2414 4718 2939 4787 amplecteremur;
2967 4718 3157 4771 lucem
3177 4717 3539 4785 abdicantes,

1880 4807 2141 4861 tenebris
2173 4806 2609 4875 implicaremur
2636 4821 2649 4872 ;
2696 4805 3042 4876 abjurantes
3070 4806 3397 4875 veritatem,
3430 4804 3543 4858 fal-

1882 4894 2051 4949 lacia
2080 4911 2291 4949 manus
2318 4894 2745 4964 praberemus.
2770 4894 2943 4949 Absit
2969 4897 3163 4949 autem
3192 4898 3254 4949 ut
3281 4897 3398 4948 tam
3418 4909 3545 4964 per-

1881 4986 2079 5039 versis
2136 4988 2191 5037 et
2238 5000 2272 5037 a
2310 4984 2554 5038 veritate
2585 4985 2714 5055 ipsa
2741 4986 2964 5039 tantum
2995 4984 3225 5038 aversis
3255 4981 3541 5052 parijun-

1881 5090 2092 5145 gamur
2128 5073 2393 5143 perfidia,
2446 5078 2619 5145 atque
2642 5076 2702 5127 in
2724 5076 2927 5128 sancta
2964 5073 3255 5128 Dominici
3272 5074 3541 5143 corporis

1879 5179 1948 5216 ac
1978 5162 2293 5233 sanguinis
2324 5163 2733 5216 communione
2770 5162 2964 5216 minus
2998 5162 3218 5232 aliquid
3253 5162 3542 5216 fateamur

1873 5267 2048 5323 quam
2080 5251 2366 5306 catholica
2389 5267 2496 5321 per
2517 5252 2861 5305 universum
2892 5252 3097 5306 orbem
3126 5251 3406 5321 pradicat
3436 5252 3535 5306 Ec-

1875 5341 2077 5395 clesia.
2100 5341 2163 5393 In
2181 5356 2296 5410 qua
2327 5355 2533 5394 revera
2556 5342 2671 5393 tam
2702 5355 2842 5394 vera
2870 5339 3091 5394 Christi
3126 5356 3285 5409 caro,
3321 5356 3540 5396 verus-

1873 5446 1987 5501 que
2012 5430 2260 5500 sanguis
2297 5429 2497 5483 existit
2523 5444 2696 5498 quam
2730 5444 2905 5480 γυνη-ε
3019 5445 3065 5468 τι
3102 5429 3228 5498 ipso
3258 5428 3538 5485 Christus

1874 5520 2174 5589 probatur,
2200 5518 2301 5588 qui
2332 5533 2398 5571 ea
2429 5518 3011 5586 priorsanctiticavit,
3029 5517 3277 5588 suisque
3305 5518 3540 5573 demum

1874 5608 2277 5661 auctoritatem
2300 5607 2664 5676 formamque
2683 5606 3088 5660 sanctiﬁcandi
3120 5623 3227 5659 sua
3251 5609 3538 5676 potestate

1876 5696 2195 5765 concessit,
2241 5711 2372 5767 qua
2404 5694 2656 5750 fideliter
2695 5702 2969 5766 percepta
3000 5696 3200 5769 justos
3233 5694 3534 5764 clarificat,
