4048 6164
575 364 726 430 1379

1528 368 1913 433 DURANDI
1986 366 2353 429 ABBATIS
2402 367 2980 432 TROARNENSIS

3746 375 3864 440 4380

564 568 2223 640 peccatoresjustiﬁcat,impioscondemnat,necdiversa
2251 552 2311 612 Α
2338 567 2720 637 proponimus
2779 568 2934 637 quod
2984 583 3059 622 ex
3106 570 3279 622 terrae
3335 569 3605 623 fructibus
3648 572 3797 642 accipi
3838 591 3883 628 ac

569 657 628 709 in
663 672 728 709 se
756 673 885 725 pro,
911 658 1249 711 meritorum
1281 660 1473 711 tamen
1510 657 1783 728 qualitate
1815 658 1872 709 in
1898 657 2052 709 omni
2086 672 2223 726 pro-

569 743 858 812 fessione,
920 746 1046 800 sive
1095 762 1370 816 persona,
1404 747 1640 799 diversa
1680 746 2062 817 cognoscitur
2092 762 2226 815 ope-

570 833 755 886 rando
787 849 1097 905 peragere.
1125 836 1329 905 Neque
1363 836 1433 889 de
1465 840 1683 889 caetero
1716 835 1918 889 subire
1938 834 2227 889 credenda

572 925 663 973 est
694 920 1014 991 cujuslibet
1045 923 1283 994 injuriae
1315 923 1870 991 incommoditatem,
1897 924 2002 977 sed
2033 924 2229 992 potius

574 1009 631 1064 in
663 1010 1026 1078 spiritualem
1078 1012 1309 1065 refundi
1341 1014 1553 1065 virtute
1584 1012 1778 1065 divina
1811 1012 2233 1082 operationem;

576 1096 744 1151 Unde
789 1099 1072 1168 scriptum
1107 1104 1227 1154 est:
1277 1100 1466 1153 Panis
1496 1116 1660 1171 quem
1694 1116 1800 1169 ego
1840 1100 2065 1154 dedero
2095 1115 2233 1153 caro

572 1201 699 1239 mea
733 1194 825 1239 est
849 1203 962 1257 pro
990 1189 1193 1242 umndi
1230 1190 1366 1242 vita.
1400 1189 1579 1241 Panis
1616 1204 1761 1259 ergo
1785 1204 1920 1242 caro
1952 1190 2062 1256 est,
2096 1187 2231 1258 quia

572 1274 699 1342 ipsa
758 1275 987 1328 Veritas
1038 1276 1214 1330 dicit:
1277 1276 1465 1330 Panis
1487 1294 1652 1348 quem
1712 1293 1819 1347 ego
1848 1277 2073 1331 dedero
2094 1291 2234 1329 caro

573 1377 701 1415 mea
735 1370 860 1427 est;
920 1379 1056 1418 caro
1113 1380 1253 1419 vero
1287 1366 1423 1433 vita,
1457 1370 1512 1419 et
1544 1366 1657 1418 vita
1693 1366 1912 1433 mundi,
1949 1380 2064 1417 non
2098 1379 2231 1417 cor-

572 1451 818 1518 ruptela.
858 1452 930 1505 Ut
989 1454 1142 1506 enim
1175 1455 1334 1508 Deus
1388 1459 1443 1508 et
1492 1455 1667 1509 homo
1715 1454 1896 1508 Jesus
1935 1452 2228 1520 Christus,

487 1540 493 1545 ’
576 1539 813 1608 impleta
871 1541 1291 1611 redemptionis
1343 1543 1611 1596 humanae
1684 1540 2146 1612 dispensatione,
2203 1557 2233 1593 a

578 1631 763 1680 morte
796 1629 864 1680 ad
900 1630 1095 1693 vitam,
1124 1630 1193 1683 ad
1219 1632 1720 1701 incorruptionem
1751 1630 2065 1685 execssita
2097 1644 2233 1682 cor-

575 1717 867 1784 ruptione,
899 1718 974 1771 ita
1006 1720 1176 1772 etiam
1210 1719 1318 1773 hoc
1353 1720 1611 1774 divinum
1659 1737 1726 1773 ac
1761 1719 2002 1773 cmleste
2036 1732 2236 1771 sacra-

2335 671 2509 725 prece
2541 656 2786 726 mystica
2809 672 3027 725 corpus
3053 655 3271 710 Christi
3299 673 3363 710 ac
3395 658 3707 728 sanguinem
3733 676 3884 716 conse-

2336 746 2486 796 crari
2519 744 2733 797 dicitur
2762 761 2867 812 per
2897 745 3207 814 quamdam
3248 761 3474 799 manum
3495 745 3776 814 divinam,a
3797 749 3883 802 tor-

2334 849 2427 886 ma
2449 832 2671 886 visibili
2690 833 3067 887 invisibiliter
3084 838 3362 902 operante
3383 834 3588 903 Spiritu
3603 840 3785 899 sancto,
3809 837 3885 890 hoc

2334 925 2451 975 tam
2483 937 2760 992 magnum
2792 922 2890 975 ﬁat
2919 926 3350 976 sacramentum
3379 924 3448 976 ad
3478 923 3781 977 invisibilem
3796 940 3885 995 spe-

2339 1011 2485 1063 ciem
2537 1010 2934 1063 indubitanter
2990 1011 3231 1079 perduci
3291 1013 3687 1080 pronuntiatur,
3740 1029 3888 1067 revera

2338 1098 2492 1153 enim
2537 1113 2610 1152 ex
2656 1098 2998 1152 visibilibus
3039 1102 3095 1153 et
3122 1100 3378 1153 terrenis
3408 1099 3738 1167 substantiis,
3764 1101 3805 1153 id
3827 1106 3889 1154 est

2339 1201 2487 1256 pane
2528 1189 2585 1240 et
2614 1186 2749 1239 vino
2780 1202 2931 1256 aqua
2962 1188 3155 1253 misto,
3191 1188 3734 1257 incomprehensibili
3758 1191 3891 1242 sancti

2339 1275 2595 1344 Spiritus
2626 1275 2880 1345 opiﬁcio,
2916 1276 3116 1330 verbis
3139 1292 3374 1346 quoque
3424 1277 3665 1346 mysticis
3690 1280 3885 1329 sanctum
3916 1308 3917 1315 η

2340 1364 2568 1418 Domini
2594 1379 2813 1433 corpus
2840 1379 2908 1417 ac
2955 1380 3137 1418 verus
3170 1366 3419 1436 sanguis
3450 1364 3695 1431 efﬁcitur,
3737 1369 3888 1418 mutata

2340 1469 2456 1506 non
2492 1452 2710 1522 specie,
2737 1453 2843 1506 sed
2867 1455 3106 1521 natura;
3140 1470 3280 1507 vere
3310 1453 3668 1506 nihilominus
3687 1453 3891 1505 interma-

2342 1557 2455 1594 nus
2514 1541 2916 1594 ministrorum
2967 1543 3037 1594 ad
3080 1541 3437 1595 invisibilem
3479 1541 3710 1610 speciem
3734 1540 3891 1593 cmlesti

2343 1629 2695 1683 commercio
2743 1629 3086 1697 perducitur
3116 1628 3388 1699 ejusdem
3438 1629 3745 1683 sacramenti
3776 1630 3892 1680 etiam

2343 1717 2601 1771 visibilis
2633 1716 2838 1786 forma,
2878 1718 3152 1771 videlicet
3184 1721 3243 1772 ut
3276 1720 3496 1772 tantum
3524 1718 3615 1770 ﬁat
3642 1730 3893 1770 sacramen-

575 1807 852 1871 mentum,
905 1822 1019 1860 non
1070 1808 1356 1861 immerito
1417 1808 1674 1862 creditur
1717 1825 1748 1861 a
1780 1808 1978 1876 specie
2010 1806 2233 1859 visibili
2266 1830 2317 1891 Β
2345 1810 2487 1865 tum.
2514 1806 2571 1859 id
2595 1810 2706 1874 est,
2742 1821 2812 1859 ex
2840 1808 2959 1860 toto
2992 1807 3274 1859 sanctitas
3289 1822 3360 1859 ac
3376 1807 3489 1858 vita
3511 1807 3799 1859 animarum.
3814 1804 3893 1856 Nec

576 1891 634 1943 in
694 1892 748 1944 id
783 1898 1023 1962 repente
1060 1896 1491 1963 transformari,
1524 1897 1678 1966 quod
1712 1896 1880 1949 solus
1912 1895 2039 1964 ipse
2073 1895 2235 1947 novit

581 1980 641 2032 in
677 1996 783 2050 quo
830 1987 965 2034 sunt
993 1998 1194 2036 omnes
1227 1984 1497 2037 thesauri
1524 1985 1834 2054 sapientiae
1866 2000 1931 2036 ac
1965 1983 2237 2036 scicntia}

580 2069 896 2137 reconditi,
958 2086 1219 2140 expenso
1260 2072 1532 2125 videlicet
1565 2072 1951 2125 humanorum
1983 2071 2237 2124 cmlesti-

580 2154 694 2208 bus
721 2156 1159 2225 jungendorum
1185 2159 1381 2212 ofﬁcio
1413 2160 1557 2212 satis
1578 2159 1827 2212 efﬁcaci.
1854 2158 2019 2211 Unde
2047 2157 2238 2211 Domi-

578 2259 692 2296 nus
730 2259 740 2297 :
778 2243 889 2309 Qui
919 2247 1227 2300 mandarat
1257 2262 1443 2300 meam
1477 2264 1735 2314 carnem,
1771 2252 1828 2299 et
1866 2246 2021 2300 bibit
2051 2261 2239 2299 meum

578 2333 924 2402 sanguinem
984 2335 1045 2386 in
1106 2351 1195 2387 mc
1254 2343 1447 2388 manet
1506 2342 1562 2389 ct
1621 2351 1727 2405 ego
1759 2336 1818 2387 in
1879 2351 1963 2388 eo.
2000 2334 2134 2401 Ubi,
2181 2338 2241 2386 ut

579 2422 807 2475 cunctis
868 2438 1076 2476 sanum
1164 2425 1532 2494 sapientibus
1574 2428 1841 2493 patenter
1884 2423 2087 2493 liquet,
2125 2436 2241 2475 non

579 2510 933 2580 digestionis
964 2511 1322 2577 obscenitas,
1358 2513 1460 2565 sed
1519 2512 1733 2565 divinae
1764 2528 1868 2581 per
1899 2526 2240 2565 sacramen-

579 2602 700 2651 tum
749 2600 1075 2652 mansionis
1126 2602 1551 2669 repromittitur
1584 2602 1881 2671 negotium
1926 2599 2241 2667 ﬁdelibus;

580 2703 649 2741 ac
679 2687 923 2755 proinde
956 2689 1217 2742 divinum
1241 2691 1583 2759 mysterium
1616 2690 1867 2742 ﬁdeliter
1887 2691 2060 2758 atque
2080 2703 2243 2741 com-

582 2777 848 2844 petenter
906 2781 1231 2847 acceptum,
1259 2784 1313 2831 ct
1353 2778 1410 2831 in
1445 2779 1498 2831 id
1519 2778 1806 2849 quodjam
1826 2794 1900 2831 ex
1918 2779 2079 2846 parte
2098 2778 2241 2844 erat,

582 2864 654 2918 ab
679 2880 746 2918 eo
777 2865 932 2935 quod
968 2865 1158 2919 adhuc
1192 2866 1345 2920 visui
1377 2866 1726 2937 subjacebat
1758 2866 2055 2932 exteriori,
2091 2865 2243 2917 divi-

583 2954 742 3006 nitus
776 2970 844 3007 ex
879 2958 995 3006 toto
1037 2955 1539 3009 transformatum.
1591 2955 1956 3009 Sumentium
2010 2968 2244 3025 quoque

586 3044 813 3096 animas
871 3049 1217 3116 mentesque
1277 3046 1605 3098 sanctiﬁcat
1664 3060 1731 3097 ac
1787 3042 2245 3114 provehit,divi-

585 3148 794 3202 uaeque
853 3134 1141 3187 mansioni
1192 3137 1417 3204 coaptat
1449 3136 1505 3188 et
1527 3133 1859 3203 componit;
1888 3148 1954 3185 ac
1973 3131 2182 3185 deinde
2213 3146 2245 3183 a

585 3225 773 3274 morte
830 3222 902 3274 ad
936 3222 1108 3274 vitam
1171 3224 1553 3276 transformat
1592 3222 1729 3292 jure
1790 3221 2029 3291 potenti,
2093 3219 2246 3272 sicut

2349 1899 2408 1947 ut
2453 1894 2618 1964 pravi
2676 1895 2893 1965 quiquo
2926 1894 3140 1948 audent
3183 1894 3489 1948 delirando
3542 1893 3830 1963 conﬁngere,
3858 1893 3895 1943 in

2344 1982 2697 2053 digestionis
2757 1983 3193 2052 corruptionem
3224 1983 3563 2049 resolvitur,
3593 1982 3683 2036 sed
3704 1982 3841 2051 magis
3860 1981 3893 2031 in

2345 2071 2641 2125 mentibus
2691 2071 2976 2125 utentium
3026 2072 3203 2125 vitam
3253 2072 3616 2141 salutemque
3665 2069 3892 2123 efﬁcaciter

2345 2162 2637 2227 operatur.
2700 2158 2947 2227 Pr0pter
3003 2159 3158 2229 quod
3192 2163 3245 2213 ct
3266 2160 3619 2229 Redemptor
3643 2161 3817 2223 noster,
3840 2154 3899 2207 sui

2345 2250 2549 2300 auctor
2565 2249 2621 2300 et
2650 2246 3051 2300 sanctiﬁcator
3075 2248 3362 2318 mysterii,
3396 2249 3455 2300 in
3487 2251 3675 2303 sancto
3708 2244 3898 2312 Evange-

2347 2336 2424 2389 lio
2469 2335 2583 2388 ait:
2614 2355 2636 2384 ι
2659 2334 2721 2389 Si
2778 2334 2914 2405 quis
2946 2336 3394 2390 manducaverit
3439 2351 3510 2390 ex
3531 2335 3632 2389 hoc
3660 2348 3776 2404 pane
3798 2331 3899 2383 vivet

2350 2424 2407 2476 in
2439 2426 2739 2477 aeternum.
2779 2443 2801 2471 ι
2840 2423 2951 2477 Ubi
2976 2439 3107 2477 cum
3136 2440 3351 2494 panem
3383 2424 3570 2492 audis,
3607 2423 3899 2476 minimetur-

2349 2512 2511 2565 beris
2556 2527 2664 2565 nec
2715 2513 2991 2565 exteriori
3030 2511 3217 2566 forma
3246 2513 3599 2567 traduceris.
3622 2512 3798 2565 Verum
3818 2522 3900 2577 qua

2350 2603 2679 2670 sequuntur
2707 2600 3047 2672 diligentius
3069 2601 3321 2670 attende,
3362 2602 3462 2656 ubi
3496 2617 3597 2655 sua
3626 2600 3753 2653 idem
3776 2594 3901 2649 Domi-

2349 2705 2462 2742 nus
2510 2689 2691 2743 verba
2724 2692 2989 2758 patenter
3019 2689 3295 2761 dignatus
3326 2696 3426 2744 est
3457 2690 3755 2760 explanare,
3779 2688 3819 2738 et
3834 2681 3901 2735 sub

2352 2777 2606 2832 visibilis
2638 2777 2722 2830 rei
2755 2777 2994 2831 obtentu
3024 2778 3181 2832 aliud
3204 2779 3357 2832 satis
3378 2780 3553 2851 longe
3568 2777 3757 2831 clarius
3774 2778 3813 2826 et
3826 2786 3901 2823 ma-

2354 2865 2731 2938 gniﬁcentius
2756 2866 2938 2920 voluit
2964 2870 3284 2921 ostentare.
3319 2868 3419 2921 Ait
3448 2866 3632 2922 enim:
3664 2888 3683 2910 α
3717 2862 3772 2915 Et
3797 2857 3902 2930 panis

2353 2971 2527 3027 quem
2550 2969 2662 3025 ego
2687 2953 2840 3008 dabo
2871 2970 3008 3009 caro
3026 2971 3157 3009 mea
3179 2959 3293 3010 est.
3313 2979 3335 3004 ιι
3375 2956 3529 3011 Ecce
3545 2953 3774 3025 qualiter,
3793 2960 3901 3017 quam

2353 3044 2545 3098 lucide
2592 3042 2940 3111 exprimitur
2967 3044 3126 3114 quod
3164 3045 3335 3114 prius
3365 3044 3543 3112 aliud,
3573 3043 3675 3096 hoc
3701 3044 3775 3094 est
3794 3032 3903 3106 panis

2352 3136 2693 3194 vocabatur.
2751 3133 2903 3187 Caro
2926 3149 3070 3204 ergo
3117 3133 3358 3201 dicitur,
3411 3138 3469 3187 et
3516 3132 3674 3202 panis
3700 3130 3903 3185 vocatur;

2352 3229 2545 3298 panis,
2572 3227 2707 3297 quia
2739 3226 2909 3280 cibus
2932 3228 3043 3291 est,
3065 3222 3158 3276 vel
3180 3226 3427 3292 propter
3458 3217 3832 3275 similitudinem
3853 3208 3904 3261 io-

586 3309 804 3363 Auctor
826 3309 1094 3380 ejusdem
1130 3311 1391 3365 muneris
1440 3314 1768 3377 attestatur,
1815 3309 1915 3363 ubi
1966 3310 2039 3361 ait
2071 3325 2082 3361 :
2138 3306 2248 3371 Qui
2278 3348 2328 3410 Ο
2354 3319 2629 3373 rinsecus
2660 3317 3074 3386 apparentem;
3106 3327 3242 3365 caro
3276 3326 3444 3380 vero,
3478 3310 3608 3380 quia
3648 3306 3746 3359 vita
3779 3300 3905 3362 estet

583 3399 895 3452 manducet
926 3415 1035 3465 me,
1100 3400 1256 3451 vivet
1283 3406 1532 3470 pmpter
1575 3415 1684 3452 me.
1723 3399 1905 3451 Porro
1937 3397 2244 3450 videamus

585 3488 723 3557 quid
758 3488 965 3541 beatus
988 3488 1360 3557 Augustinus
1393 3488 1598 3540 doctor
1628 3488 1699 3539 de
1731 3487 1841 3539 hac
1861 3485 2244 3539 transforma-

587 3576 741 3628 tione
775 3576 1281 3645 senserit,quidve
1311 3576 1372 3629 in
1404 3575 1555 3629 libro
1579 3576 1749 3629 tertio
1782 3575 1865 3629 De
1893 3577 2096 3628 sancta
2122 3573 2247 3626 Tri-

588 3663 766 3716 nitate
826 3666 1131 3716 tractatum
1186 3664 1508 3733 reliquerit.
1566 3664 1623 3717 Si
1685 3679 1851 3735 ergo,
1901 3663 1998 3730 ait,
2026 3662 2247 3716 Paulus

589 3750 915 3820 apostolus,
969 3750 1339 3821 adoptionem
1391 3757 1748 3821 exspectans
1786 3751 2248 3820 redemptionem

592 3840 863 3909 corporis
912 3840 1025 3909 sui,
1059 3840 1242 3909 potuit
1273 3842 1664 3912 signiﬁcando
1701 3841 2024 3909 praedicare
2048 3839 2249 3892 Domi—

592 3944 729 3981 num
762 3927 967 3981 Jesum
988 3927 1288 3982 Christum
1314 3930 1483 3983 aliter
1512 3945 1620 3999 per
1651 3931 1910 3999 linguam
1926 3944 2115 3995 suam,
2142 3928 2249 3981 ali-

592 4020 684 4071 ter
704 4032 811 4087 per
827 4018 1154 4087 epistolam,
1186 4018 1353 4071 aliter
1381 4034 1486 4088 per
1508 4021 1941 4072 sacramentum
1983 4016 2251 4085 corporis

592 4108 647 4159 et
705 4107 1017 4178 sanguinis
1065 4107 1219 4178 ejus,
1256 4123 1362 4161 nec
1402 4107 1797 4177 membranas,
1833 4120 1941 4159 nec
1962 4109 2250 4158 atramen-

590 4197 731 4263 tum,
778 4211 885 4249 nec
920 4196 1330 4268 signiﬁcantes
1364 4197 1767 4267 sonoslingua
1788 4195 1998 4262 editos,
2033 4208 2141 4247 nec
2173 4193 2254 4247 si-

590 4299 705 4356 gna
730 4284 1054 4338 litterarum
1087 4285 1426 4355 conscripta
1459 4285 1771 4354 pelliculis,
1795 4299 2011 4353 corpus
2029 4282 2253 4336 Christi

593 4377 649 4427 et
701 4375 1057 4444 sanguinem
1107 4374 1380 4440 dicimus,
1426 4375 1531 4427 sed
1573 4374 1710 4427 illud
1741 4376 1962 4426 tantum
1995 4371 2150 4442 quod
2182 4386 2256 4424 ex

595 4460 886 4514 fructibus
918 4464 1094 4515 terrae
1151 4466 1454 4530 acceptum
1488 4467 1543 4515 et
1572 4477 1747 4531 prece
1776 4460 2022 4531 mystica
2055 4474 2260 4514 conse-

595 4551 817 4603 cratum
834 4549 943 4603 rite
975 4550 1263 4604 sumimus
1287 4550 1358 4603 ad
1382 4550 1628 4604 salutem
1654 4548 2037 4618 spiritualem,
2061 4549 2115 4600 in
2137 4563 2257 4602 me-

2355 3410 2595 3477 prOpter
2625 3406 2932 3460 veritatem
2960 3402 3325 3455 intrinsecus
3377 3393 3771 3467 dispensatorie
3792 3392 3905 3482 laten-

2352 3500 2488 3550 tem.
2549 3495 2727 3548 Panis
2778 3492 2934 3547 enim
2988 3490 3220 3555 dicitur,
3273 3504 3349 3543 ne
3398 3487 3760 3542 exhorrescas
3782 3482 3906 3532 statim

2352 3587 2482 3654 ipso
2506 3584 2725 3650 auditu,
2760 3581 2915 3635 sicut
2947 3579 3083 3634 olim
3115 3579 3279 3631 multi
3312 3575 3732 3645 discipulorum,
3758 3569 3811 3621 de
3831 3563 3909 3633 qui-

2334 3653 2467 3729 bus
2516 3672 2803 3741 scriptum
2857 3672 2983 3722 est:
3042 3688 3064 3716 «
3099 3666 3248 3730 Quia
3296 3666 3575 3719 abierunt
3604 3668 3755 3727 retro,
3781 3653 3905 3723 etjam

2353 3778 2469 3817 non
2512 3776 2643 3814 cum
2678 3759 2826 3813 Jesu
2874 3756 3268 3822 ambulabant,
3323 3754 3619 3807 dicentes:
3667 3750 3822 3801 Durus
3852 3744 3905 3792 est

2354 3852 2450 3905 hic
2507 3863 2726 3913 sermo,
2790 3847 2926 3916 quis
2958 3846 3152 3914 potest
3182 3859 3318 3897 eum
3351 3842 3554 3896 audire
3574 3842 3600 3893 ?
3631 3862 3649 3885 ι-
3677 3835 3797 3889 Caro
3822 3840 3908 3881 vero

2359 3943 2620 4005 vocatur,
2655 3942 2717 3991 ut
2752 3935 3018 3989 inviteris
3065 3937 3240 3987 tantae
3259 3930 3539 3985 novitatis
3568 3926 3766 3987 intuitu,
3798 3925 3909 3986 atque
3982 3976 3983 3989 χ

2359 4029 2520 4082 intus
2569 4025 2816 4080 trahatis
2853 4021 3219 4093 repromisso
3269 4023 3388 4073 tam
3436 4016 3650 4089 ingenti
3693 4005 3907 4066 beneﬁcio.
3982 4020 3983 4093 ἐ

2365 4118 2512 4172 Tum
2544 4112 2945 4169 subinfertur:
2977 4110 3103 4165 Pro
3130 4108 3335 4163 mundi
3359 4109 3510 4176 vita;
3542 4106 3652 4158 vita
3673 4100 3828 4168 utique
3841 4106 3907 4145 noxi

2365 4204 2717 4275 corruptela,
2778 4204 2839 4255 ut
2896 4200 3071 4270 impia
3117 4198 3539 4252 modernorum
3607 4187 3907 4275 haeretieomllt

2362 4266 2580 4349 asserit
2608 4343 2621 4354 ,
2659 4266 2996 4345 temeritas:—
3021 4302 3131 4357 pro
3157 4286 3381 4354 mundi,
3426 4283 3625 4354 inquit,
3655 4280 3768 4331 vita.
3786 4266 3908 4325 Mundi

2364 4384 2601 4454 quidem
2655 4381 2820 4451 prius
2879 4376 3160 4431 immundi
3222 4377 3462 4443 propter
3526 4372 3654 4423 vitae
3713 4364 3906 4455 corruptiE

2368 4447 2704 4542 spurcities,
2749 4484 2816 4522 ac
2875 4466 3084 4521 sordes
3135 4468 3192 4518 et
3221 4478 3402 4533 Opera
3431 4456 3747 4530 iniquitatis,
3772 4447 3907 4542 quib“5

2368 4538 2484 4615 tam
2505 4558 2991 4630 praevaricatione
3024 4553 3196 4625 primi
3225 4551 3490 4622 parentis
3539 4548 3758 4602 humana
3783 4538 3909 4630 Mitt“

595 4637 842 4692 moriam
883 4653 990 4706 pro
1023 4638 1199 4692 nobis
1232 4638 1550 4692 Dominicaa
1581 4637 1903 4708 passionis,
1940 4636 2095 4706 quod
2122 4651 2245 4689 cum

2371 4620 2546 4723 quam
2590 4648 2807 4702 vitiatae
2853 4620 3104 4716 originis
3141 4620 3499 4697 necessitate
3542 4632 3819 4730 attaminata

593 4741 701 4797 per
729 4741 940 4781 manus
971 4726 1271 4781 hominum
1303 4730 1373 4781 ad
1406 4728 1560 4780 illam
1594 4726 1950 4780 invisibilem
1995 4725 2255 4794 speciem

593 4817 972 4885 perducatur,
1007 4833 1122 4870 non
1141 4818 1544 4871 sanctiﬁcatur
1563 4821 1623 4870 ut
1642 4817 1716 4869 sit
1732 4819 1847 4869 tam
1867 4830 2141 4885 magnum
2163 4830 2255 4868 sa-

597 4908 983 4973 cramentum,
1017 4906 1134 4960 nisi
1164 4912 1441 4975 operante
1472 4905 1850 4959 invisibiliter
1878 4903 2095 4973 Spiritu
2130 4903 2253 4957 Dei.

595 4995 740 5049 Cum
770 4995 899 5048 haec
931 4995 1114 5067 igitur
1159 4998 1351 5049 omnia
1399 5011 1531 5066 quae
1562 5009 1666 5063 per
1689 4992 2031 5061 corporales
2064 4995 2259 5045 motus

596 5083 655 5137 in
712 5084 812 5138 illo
864 5100 1040 5154 opere
1082 5084 1227 5137 ﬁunt
1260 5084 1418 5138 Deus
1450 5086 1743 5153 operetur,
1780 5096 2028 5135 movens
2053 5080 2257 5151 primi-

598 5176 694 5226 tus
725 5173 1067 5240 invisibilia,
1105 5174 1231 5227 sive
1262 5174 1665 5226 ministrorum
1706 5172 1933 5224 animas
1952 5171 2256 5223 hominum

600 5261 728 5314 sive
758 5262 1124 5316 occultorum
1153 5261 1466 5331 spirituum
1489 5260 1604 5314 sibi
1627 5260 1896 5314 subditas
1919 5258 2258 5326 servitutes,

600 5348 740 5417 quid
800 5351 1006 5404 mirum
1068 5353 1118 5404 si
1177 5351 1348 5404 etiarn
1408 5350 1464 5403 in
1513 5353 1781 5404 creatura
1815 5347 1946 5402 coeli
1976 5351 2030 5401 et
2063 5348 2259 5413 terrae,

601 5435 782 5489 maris
838 5441 893 5490 et
953 5440 1107 5493 aeris
1133 5439 1271 5493 facit
1304 5441 1459 5494 Deus
1490 5455 1623 5510 qua:
1654 5436 1799 5498 vult.
1829 5435 2138 5490 sensibilia
2166 5438 2260 5488 at-

602 5539 716 5594 que
747 5524 1115 5580 insensibilia
1145 5528 1215 5580 ad
1279 5529 1541 5599 seipsum
1572 5528 1631 5581 in
1660 5527 1770 5595 eis;
1804 5525 1958 5579 sicut
1988 5526 2261 5593 oportere

601 5614 733 5683 ipse
763 5614 943 5683 novit,
994 5615 1448 5686 signiﬁcandum
1481 5620 1537 5671 et
1566 5613 2110 5679 demonstrandum,
2145 5627 2262 5665 non

600 5702 730 5773 ipsa
744 5718 992 5774 sua,qua
1011 5708 1122 5774 est,
1143 5709 1462 5775 apparente
1492 5704 1825 5760 substantia
1844 5704 1873 5756 ε)
1902 5700 2097 5773 Ιηξίίυα
2128 5715 2263 5755 sen-

599 5794 782 5854 tentia
825 5792 971 5850 illud
1019 5793 1333 5867 diligenter
1378 5797 1437 5850 et
1452 5795 1749 5866 praecipue
1779 5789 2264 5865 perpendendum

2369 4720 2588 4809 timque
2653 4737 2713 4790 in
2776 4734 3037 4789 deterius
3111 4730 3387 4801 prolapsa
3459 4726 3707 4785 sorduit;
3761 4720 3909 4809 “fit”?

2368 4803 2633 4900 glorioso
2678 4838 2889 4879 cruore
2940 4820 3180 4887 Christi,
3234 4834 3303 4874 ac
3332 4819 3386 4872 si
3416 4816 3553 4889 agni
3582 4803 3910 4900 immaculatiin

2369 4898 2566 4971 crucis
2608 4914 2882 4969 videlicet
2931 4927 3031 4964 ara
3087 4908 3389 4976 immolati,
3426 4904 3620 4959 militis
3647 4902 3805 4954 lancea

2370 5006 2524 5074 fusa,
2584 5004 2654 5057 ad
2697 5003 2932 5074 plenum
2969 4998 3248 5067 mundati,
3289 4971 3428 5068 quia
3477 4993 3623 5049 unde
3658 4971 3911 5074 σαιρειοξυξὶθ

2370 5062 2624 5149 manavit
2655 5062 2715 5146 et
2740 5090 2927 5163 gratia
2963 5105 2977 5158 ;
3013 5104 3145 5141 nam
3176 5062 3247 5141 de
3283 5062 3469 5139 latere
3499 5073 3798 5166 dormientis
3824 5062 3911 5166 Mf

2370 5185 2492 5239 Eva
2531 5161 2777 5236 formata
2834 5178 3148 5249 processit,
3187 5192 3318 5247 quae
3351 5172 3567 5229 mundo
3596 5161 3911 5249 damnationi.“In

2369 5273 2576 5328 mortis
2632 5286 2738 5339 per
2789 5267 3334 5339 transgressionem
3398 5256 3666 5332 praecepti
3726 5242 3909 5339 inventi

2368 5324 2691 5417 deplatere
2774 5324 3156 5411 nihilominus
3251 5324 3499 5406 secundi
3576 5324 3717 5406 ﬁdat,
3764 5333 3807 5386 id
3857 5324 3911 5376 θέε

2367 5450 2606 5518 Christi,
2668 5446 2866 5502 crucis
2906 5446 2965 5498 in
3020 5443 3281 5514 patibulo
3310 5440 3511 5495 sufﬁxi
3535 5440 3691 5505 atque
3714 5428 3910 5518 insoliti:

2367 5556 2491 5593 rem
2540 5512 2824 5591 triduana:
2878 5512 3083 5588 mort—is
3133 5530 3399 5597 resoluti,
3449 5522 3680 5594 sanguis
3737 5516 3781 5567 et
3815 5512 3906 5607 δηξξ

2367 5627 2660 5698 proﬂuxit,
2694 5624 2792 5695 qui
2806 5622 3048 5678 exclusa
3072 5620 3278 5675 mortis
3292 5621 3529 5672 aeternae
3547 5624 3702 5698 pmnﬁ
3718 5604 3907 5698 Ρθῐξῗῖπξῗ
3982 5604 3983 5623 ξ

2368 5676 2511 5771 vitae
2523 5676 2775 5787 gratiam
2808 5676 3043 5766 refudit.
3079 5709 3219 5764 Inde
3241 5708 3410 5779 plane
3430 5676 3606 5769 salus,
3622 5694 3735 5750 inde

2368 5776 2592 5876 mundi,
2630 5804 2725 5860 cui
2775 5800 3066 5875 expianda
3112 5799 3187 5854 ab
3243 5776 3400 5855 omni
3429 5791 3599 5850 sorde
3626 5776 3802 5856 peccati
3837 5776 3907 5823 ιω
