4048 6164
216 308 364 373 1381

1050 306 1308 369 LIBER
1336 307 1446 369 DE
1478 308 1877 372 CORPORE
1905 308 2013 370 ET
2042 310 2476 373 SANGUINE
2507 311 2800 374 CHISTI.

3496 308 3650 374 1382

209 509 514 580 originalis
573 524 747 579 quam
800 509 1066 577 actualis,
1119 508 1231 561 hoc
1290 508 1593 579 singulare
1622 490 2145 563 remediiAmors
2203 509 2535 564 nullatenus
2593 514 2685 564 est
2742 512 2892 565 ultra
2952 512 3338 577 dominatum,
3392 530 3498 582 per
3529 513 3643 567 hoc

212 614 400 670 genus
414 598 1309 657 divinaProvidentia,humanos
1324 599 1598 652 miserata
1612 614 1867 661 errores,

212 688 565 756 procuravit;
594 688 799 757 sicque
827 687 882 739 in
916 702 1025 740 sua
1061 689 1261 740 sancta
1296 686 1582 753 Ecclesia,
1616 702 1724 757 per
1745 687 1870 740 uni-

214 790 450 829 versum
485 776 686 829 orbem
718 775 892 846 longe
934 774 1059 845 jam
1091 777 1319 845 lateque
1370 775 1601 837 diffusa,
1639 776 1877 829 unicum

215 880 279 917 ac
313 863 572 933 speciale
622 863 871 917 instituit
924 864 1284 917 sacrificium
1322 880 1439 934 quo
1471 867 1527 916 et
1558 864 1718 917 Deus
1751 865 1879 933 ipse

217 952 430 1007 mundo
449 951 913 1006 misericorditer
934 953 1304 1021 prepitietur,
1331 955 1387 1006 et
1419 953 1680 1006 mortalis
1714 952 1880 1005 inﬁr-

214 1042 386 1094 mitas
419 1040 778 1111 quotidianis
810 1056 944 1093 eum
984 1040 1315 1094 sceleribus
1341 1039 1645 1093 offendens
1677 1056 1884 1095 recon-

217 1129 466 1183 cilietur.
510 1129 616 1182 Cui
664 1129 1001 1199 quicunque
1046 1145 1164 1183 non
1220 1132 1379 1183 recte
1438 1130 1753 1197 credendo,
1787 1129 1883 1183 vel

216 1218 588 1288 impudenter
607 1222 782 1288 atque
822 1218 998 1288 impie
1018 1217 1481 1288 blasphemando
1514 1218 1876 1289 contradicit,

218 1307 436 1361 divinis
466 1322 573 1377 per
604 1307 797 1361 omnia
829 1300 1103 1377 ingratus
1134 1306 1463 1373 beneﬁciis,
1487 1308 1751 1361 caelestis
1780 1308 1878 1361 ad-

217 1397 359 1450 itum
389 1396 822 1465 propitiationis
883 1396 1057 1449 saluti
1104 1412 1229 1450 suae
1262 1396 1592 1467 praecludit;
1643 1400 1880 1465 propter

218 1484 373 1555 quod
406 1500 515 1537 nec
549 1485 797 1555 gratiam
828 1483 984 1553 vitae,
1020 1500 1153 1554 qua)
1183 1485 1241 1537 in
1270 1488 1427 1538 tanto
1485 1485 1728 1555 praeﬁxa
1786 1488 1879 1539 est

217 1574 607 1640 sacramento,
642 1573 796 1627 valet
825 1572 1196 1643 aliquatenus
1228 1574 1494 1642 adipisci.
1520 1574 1604 1627 De
1626 1589 1740 1645 qua
1773 1590 1880 1628 su-

214 1662 416 1731 perius
432 1662 1325 1730 constatpronuntiatum:Panis
1346 1680 1511 1734 quem
1531 1678 1640 1734 ego
1656 1663 1880 1718 dedero

217 1766 357 1804 caro
387 1766 514 1804 mea
537 1757 630 1804 est
653 1766 767 1821 pro
795 1752 1000 1804 mundi
1022 1752 1161 1805 vita.

774 1838 974 1893 PARS
1014 1839 1314 1894 TERTIA.

1982 601 2228 652 mortem
2247 614 2436 652 meam
2458 598 2753 669 frequenti
2786 616 2896 653 usu
2923 601 3249 670 recolite,ut
3283 604 3338 655 et
3364 602 3536 655 vobis
3568 603 3646 655 sit

1982 686 2221 741 salubre
2267 688 2500 755 pietatis
2548 689 3078 758 commonitorium,
3113 692 3169 742 et
3198 690 3267 742 ad
3304 691 3495 743 Patris
3529 690 3641 744 mei

1981 774 2451 844 prepitiationem
2484 776 2803 844 specialius
2836 776 3209 830 obtinendam
3246 777 3549 847 singulare
3575 794 3645 831 ac

1980 866 2194 932 potens
2250 864 2349 916 ﬁat
2407 864 2882 919 emolumentum.
2943 866 3062 918 Res
3094 881 3238 936 ergo
3273 869 3386 918 tam
3419 866 3638 932 divina,

1981 955 2218 1023 tamque
2269 953 2567 1019 salutaris,
2628 955 2801 1007 tantae
2844 954 3097 1024 denique
3130 955 3362 1007 virtutis
3390 954 3560 1023 plena
3591 959 3648 1008 et

1984 1042 2311 1111 majestatis
2352 1046 2416 1096 ut
2463 1042 2858 1113 indigestione
2890 1046 3109 1112 pereat,
3146 1042 3384 1096 cuilibet
3415 1043 3505 1097 vel
3539 1058 3647 1096 ex-

1986 1135 2171 1186 tremo
2228 1132 2484 1186 ﬁdelium
2545 1132 2881 1185 nullatenus
2922 1131 3094 1185 debet
3134 1132 3504 1201 persuaderi,
3541 1132 3647 1185 sed

1984 1221 2167 1275 semel
2202 1223 2536 1291 perceptam
2584 1221 2780 1289 potius
2829 1221 2941 1273 sub
2972 1236 3077 1288 spe
3109 1220 3343 1287 futurae,
3377 1235 3509 1289 quae
3540 1235 3645 1273 ex-

1985 1312 2303 1379 spectatur,
2337 1309 2805 1381 gloriﬁcationis,
2833 1309 3363 1378 impraesentiarum
3385 1323 3495 1361 nos
3508 1324 3645 1361 con-

1984 1401 2187 1469 solari,
2246 1403 2301 1453 et
2357 1400 2428 1453 ad
2485 1398 2931 1469 promerendam
2976 1398 3035 1451 id
3083 1398 3457 1466 postmodum
3489 1397 3646 1466 quod

1982 1490 2293 1560 pollicetur
2312 1488 2531 1558 potenti
2562 1504 2899 1558 praeparare
2943 1485 3155 1541 effectu
3205 1488 3431 1555 oportet
3462 1485 3645 1539 credi.

1983 1579 2175 1633 Nimis
2204 1582 2398 1632 autem
2426 1578 2659 1631 videtur
2688 1575 3013 1630 absurdum
3032 1578 3089 1629 et
3118 1592 3149 1628 a
3180 1590 3243 1628 re
3275 1575 3403 1644 ipsa
3436 1574 3646 1627 decer-

1984 1668 2142 1721 nitur
2171 1668 2448 1733 alienum,
2474 1669 2552 1733 ut,
2581 1666 2682 1719 ubi
2711 1665 2986 1718 Christus
3016 1664 3355 1733 percipitur,
3390 1662 3461 1715 de
3496 1665 3645 1715 ster-
3710 1710 3719 1715 κ

1986 1773 2124 1811 core
2158 1756 2467 1826 cogitetur.
2501 1754 2665 1817 Quod
2698 1752 3043 1821 Apostolus,
3077 1767 3149 1804 ne
3190 1752 3341 1820 ipsis
3384 1750 3643 1822 quidem,

1988 1846 2206 1915 quibus
2228 1844 2340 1897 hoc
2373 1842 2580 1913 placet,
2619 1842 2769 1896 unde
2800 1846 2856 1895 et
2886 1840 3222 1894 Stercoritae
3248 1840 3385 1910 jure
3418 1855 3647 1893 nuncu-

288 1929 382 1981 lll.
418 1928 587 1982 Libet
644 1933 837 1982 autem
884 1929 1095 1983 intueri
1148 1930 1491 2001 diligentius
1550 1930 1706 2000 quod
1738 1945 1874 1984 caro
1907 1911 1957 1972 Β
1987 1911 2519 2005 pantur,concedit;
2544 1931 2649 1985 sed
2676 1930 2963 2000 judicium
2990 1930 3182 1999 potius
3207 1944 3312 1981 eos
3336 1927 3650 1981 comedere

224 2017 523 2070 Dominica
540 2017 636 2071 bis
655 2017 845 2071 oblata
864 2021 955 2071 est
982 2034 1087 2087 pro
1107 2019 1307 2072 mundi
1339 2020 1476 2072 vita.
1510 2019 1686 2072 Prius
1718 2019 1879 2072 vide-

220 2104 355 2158 licet
387 2106 569 2159 semel
617 2106 675 2158 in
707 2108 1337 2177 sacramento,quando
1363 2108 1492 2175 ipse
1526 2108 1884 2177 Redemptor

220 2198 429 2248 noster
484 2209 694 2263 panem
743 2194 800 2247 in
859 2195 1133 2249 manibus
1184 2197 1431 2265 accepit,
1490 2197 1634 2250 etin
1672 2197 1886 2249 coelum

223 2282 415 2335 oculis
447 2282 691 2336 elevatis
728 2282 1048 2348 benedixit,
1100 2284 1296 2353 fregit,
1330 2300 1398 2337 ac
1430 2284 1519 2337 sic
1575 2284 1886 2353 discipulis

221 2372 352 2425 suis
370 2372 610 2439 dedit,et
639 2372 718 2424 ait
753 2373 1062 2442 :Accipite
1092 2379 1150 2427 et
1170 2373 1597 2439 comediteJioc
1628 2380 1719 2427 es!
1753 2389 1886 2427 cor-

212 2476 328 2530 pus
357 2476 564 2514 meum.
627 2460 792 2515 Unde
824 2465 878 2515 et
910 2462 1091 2532 hujus
1134 2462 1322 2516 sancti
1356 2462 1635 2516 sacriﬁcii
1678 2463 1884 2531 forma,

218 2549 376 2618 quod
424 2548 550 2618 jam
606 2564 722 2603 non
780 2550 962 2603 semel
1008 2550 1065 2603 in
1095 2552 1304 2619 pretio,
1341 2551 1573 2621 quando
1603 2556 1665 2605 ut
1696 2546 1888 2622 genus

220 2636 554 2689 mortalium
574 2637 1144 2705 redimeretur,idem
1173 2639 1275 2692 Dei
1308 2637 1495 2692 Filius
1519 2639 1715 2692 crucis
1738 2640 1888 2707 pati—

220 2725 427 2779 bulum
450 2726 1301 2797 ascendit,sequeipsumPatri
1324 2743 1434 2781 suo
1457 2728 1513 2780 in
1530 2727 1889 2781 sacrificium

223 2815 515 2868 sacerdos
556 2815 683 2882 ipse
734 2819 788 2869 et
818 2815 1010 2869 hostia
1068 2816 1293 2870 obtulit.
1354 2815 1460 2880 Qui
1512 2816 1723 2870 modus
1764 2816 1887 2886 jam

221 2906 365 2955 tunc
393 2903 887 2975 praesignabatur,
931 2908 1153 2971 cum,ut
1174 2905 1640 2975 praelibavimus,
1678 2906 1889 2959 visibi-

219 2994 337 3047 lem
358 2993 528 3062 panis
558 2993 947 3047 substantiam
986 2994 1140 3047 idem
1190 2994 1460 3048 Salvator
1491 2995 1680 3063 morti,
1714 3010 1890 3065 quam

221 3081 767 3153 praeelegerat,jam
788 3082 919 3137 loco
942 3086 997 3137 et
1018 3086 1279 3152 tempore
1302 3083 1698 3153 propinquus,
1730 3099 1893 3137 sanc-
1910 3082 1928 3101 ’“

219 3172 491 3237 tiﬁcavit,
515 3170 721 3225 dicens
744 3187 755 3225 :
779 3172 1051 3242 Accipite
1072 3177 1129 3226 et
1153 3172 1459 3239 comeditc,
1495 3173 1603 3225 hoc
1638 3177 1727 3226 est
1753 3187 1887 3225 cor-

217 3278 335 3333 pus
364 3275 573 3313 meum.
610 3261 693 3313 Ac
724 3275 797 3314 ne
830 3259 1067 3314 cuilibet
1112 3275 1395 3328 perverso
1444 3261 1692 3314 facultas
1741 3261 1892 3314 forte

223 3350 669 3420 relinqueretur
723 3349 979 3417 errandi,
1012 3350 1106 3402 vel
1140 3348 1295 3402 aliud
1328 3349 1467 3418 quid
1500 3348 1889 3419 intelligendi,

222 3437 541 3493 subintulit
566 3454 576 3491 :
604 3436 886 3507 Quodpro
921 3436 1089 3490 vobis
1123 3437 1415 3491 tradetur.
1450 3436 1678 3500 Quibus
1712 3437 1887 3489 nimi-

222 3538 359 3581 rum
417 3526 621 3580 verbis
679 3527 925 3579 exclusa
976 3527 1113 3579 sunt
1170 3527 1363 3579 omnia
1413 3526 1587 3595 impia
1618 3524 1894 3595 opinandi

224 3617 599 3686 argumenta,
642 3629 711 3667 ac
744 3614 892 3668 falsa
951 3630 1191 3683 nuperae
1250 3614 1502 3668 haeresis
1544 3617 1893 3683 commenta,

223 3703 467 3775 quando
515 3703 678 3770 illud,
746 3703 901 3772 quod
952 3703 1010 3755 in
1040 3703 1313 3757 manibus
1346 3704 1580 3756 tenebat
1608 3703 1895 3756 Dominus

224 3791 601 3861 Jesus,quod
619 3791 930 3861 discipulis
957 3790 1259 3858 offerebat,
1297 3795 1408 3844 tam
1430 3790 1700 3844 absolute
1723 3806 1897 3844 suum

220 3882 560 3935 testabatur
590 3895 830 3949 corpus;
883 3895 991 3934 nec
1045 3895 1295 3948 prorsus
1348 3879 1506 3933 aliud
1536 3894 1709 3949 quam
1742 3879 1898 3949 quod

224 3988 342 4041 pro
364 3970 452 4023 eis
473 3969 820 4023 tradendum
853 3968 1155 4023 erat.Sane
1203 3968 1501 4023 curiosius
1528 3968 1898 4038 perpenden-

225 4059 374 4113 dum
396 4058 551 4128 quod
573 4058 761 4127 pietas
783 4057 1141 4127 divina,quaa
1164 4058 1327 4111 novit
1354 4058 1546 4111 omnia
1568 4057 1898 4111 novissima

225 4152 287 4203 et
311 4147 573 4216 antiqua,
630 4147 785 4199 sicut
816 4162 922 4199 sua
954 4151 1322 4200 sacramenta
1355 4150 1577 4200 sanctae
1633 4162 1759 4199 suaa
1792 4144 1899 4198 Ec-

227 4236 440 4290 clesiae
464 4235 531 4287 ad
553 4234 803 4288 salutem
826 4234 1084 4301 tradidit,
1110 4236 1186 4287 ita
1214 4235 1343 4288 suis
1373 4237 1489 4287 tam
1521 4234 1693 4287 factis
1725 4250 1899 4303 quam

226 4324 441 4379 verbis
465 4339 530 4377 ea
553 4324 954 4387 communivit,
986 4339 1061 4377 ne
1106 4325 1163 4376 in
1188 4323 1384 4393 aliquo
1434 4324 1697 4377 valerent
1742 4324 1902 4376 inﬁr-

228 4412 859 4467 mariautcontradici.
896 4412 1063 4465 Unde
1102 4412 1220 4464 illis
1266 4427 1398 4481 qua}
1423 4413 1737 4481 prmmissa
1766 4415 1905 4464 sunt

224 4503 492 4556 adnectit
516 4517 527 4554 :
550 4500 692 4568 Hoc,
716 4500 1010 4570 inquiens,
1039 4500 1237 4566 facite,
1273 4517 1337 4553 ac
1378 4501 1427 4553 si
1461 4500 1681 4553 diceret
1706 4500 1902 4564 :Quod

227 4606 354 4662 ego
376 4590 491 4644 feci
513 4590 749 4659 propria
788 4592 1097 4657 potestate,
1128 4605 1235 4643 vos
1287 4589 1459 4642 facite
1503 4604 1630 4642 mea
1660 4589 1905 4642 auctori-

225 4678 508 4750 tate.Ego
536 4680 823 4748 exemplo,
855 4694 965 4733 vos
1015 4677 1484 4731 imitationeﬂoc
1532 4676 1731 4731 facite.
1753 4677 1902 4741 Qui?

230 4770 366 4823 Vos
400 4769 537 4835 mei,
591 4769 689 4837 qui
735 4768 1250 4836 inpraesentiarum
1310 4767 1456 4820 estis
1516 4766 1812 4835 discipuli;
1846 4735 1981 4819 etD

226 4860 376 4928 post
405 4873 516 4909 vos
548 4856 604 4908 bi
627 4860 723 4927 qui
757 4872 874 4910 non
904 4856 1180 4910 viderunt
1212 4860 1267 4909 et
1300 4855 1694 4917 crediderunt;
1733 4857 1789 4908 et
1820 4854 1905 4907 id-

231 4948 406 5000 circo
457 4949 594 4998 sunt
620 4961 827 4999 revera
861 4946 1036 4998 beati.
1070 4944 1196 4998 Hoc
1236 4944 1435 4997 facile.
1469 4942 1616 5006 Quid
1649 4946 1760 5009 est,
1795 4943 1905 4996 hoc

229 5037 452 5090 facite?
486 5035 540 5089 id
582 5038 670 5089 est
704 5035 813 5088 hoc
874 5050 1115 5103 corpus,
1149 5033 1307 5086 hunc
1350 5032 1698 5102 sanguinem
1758 5031 1908 5084 meis

229 5124 467 5190 verbis,
528 5139 654 5177 mea
712 5125 1082 5177 invocatione
1137 5123 1427 5175 conﬁcite.
1475 5121 1596 5173 Nec
1630 5119 1815 5173 semel
1848 5123 1910 5173 ut

229 5214 489 5285 ego,sed
510 5214 980 5283 quotiescunque
1002 5211 1341 5265 sumitis.th
1372 5209 1509 5280 quid
1531 5211 1559 5262 ε)
1600 5208 1667 5261 In
1696 5224 1903 5277 meam,

231 5304 342 5363 ait,
369 5301 1059 5365 commcmorationem,id
1081 5303 1261 5366 est,ut
1282 5298 1397 5352 mei
1427 5298 1766 5351 memoriam
1801 5313 1909 5366 per

232 5392 358 5445 hoc
389 5392 617 5444 ﬁrmius
668 5380 937 5455 teneatis,
992 5403 1200 5457 meque
1231 5404 1336 5457 pro
1371 5386 1542 5439 vobis
1576 5401 1822 5454 passum
1853 5385 1909 5438 in

230 5482 494 5532 mentem
521 5478 835 5536 revocatis;
870 5481 1167 5548 postremo
1193 5480 1251 5527 ut
1283 5492 1374 5529 me
1405 5475 1607 5528 videre
1644 5474 1911 5542 spiritua-

229 5569 395 5633 liter,
436 5568 655 5620 senlire
691 5567 1162 5634 praesentialiter,
1198 5564 1416 5618 habere
1465 5564 1712 5628 valeatis
1744 5562 1910 5615 indu-

230 5658 516 5711 bitanter.
554 5655 622 5709 Et
673 5655 810 5727 quia
859 5655 1043 5709 semel
1079 5654 1397 5709 moriturus
1459 5667 1593 5706 sum
1650 5651 1910 5720 mihique

1988 2028 2044 2078 et
2066 2023 2434 2091 bibere,dum
2465 2037 2581 2075 non
2610 2021 2761 2074 bene
2794 2018 3136 2089 dijudicant,
3169 2016 3482 2079 asseritur;
3516 2015 3653 2069 ﬁde-

1985 2113 2144 2166 libus
2182 2110 2432 2164 ﬁdeliter
2464 2110 2692 2163 Domini
2716 2124 2930 2176 corpus
2956 2122 3021 2157 ac
3057 2106 3409 2177 sanguinem
3440 2120 3651 2158 sumen

1985 2201 2287 2268 tibus,sub
2306 2198 2507 2267 specie
2524 2197 2745 2250 visibili
2764 2196 2945 2249 divini
2970 2195 3126 2264 quod
3150 2195 3523 2248 celebramus
3556 2208 3649 2246 sa-

1988 2288 2289 2342 cramenti.
2319 2285 2709 2350 Quamobrem
2737 2284 2861 2354 jam
2899 2285 2957 2337 in
2997 2283 3237 2336 Christo
3291 2297 3398 2350 per
3430 2284 3653 2334 sanetae

1988 2393 2115 2431 sum
2148 2376 2344 2430 carnis
2376 2373 2791 2429 commercium
2840 2372 3182 2425 naturaliter
3235 2384 3561 2435 manemus,
3596 2372 3653 2421 et

1988 2467 2118 2535 ipse
2149 2466 2209 2519 in
2235 2465 2407 2518 nobis
2461 2463 2727 2516 vicissim
2757 2476 2863 2531 per
2892 2463 3260 2529 assumptum
3296 2456 3651 2511 inﬁrmitatis

1989 2559 2210 2609 nostrae
2242 2552 2635 2607 morticinium
2668 2566 2807 2605 esse
2829 2550 3124 2621 dignatur,
3151 2547 3426 2617 quoniam
3457 2561 3527 2600 eo
3541 2561 3653 2599 nos

1992 2643 2105 2697 sibi
2154 2645 2425 2714 potenter
2472 2640 2828 2708 corporavit,
2889 2654 3004 2708 quo
3039 2653 3105 2690 se
3136 2636 3311 2689 nobis
3342 2636 3657 2706 dignanter

1991 2732 2416 2803 attemperavit,
2440 2747 2508 2784 ac
2538 2746 2643 2800 per
2669 2730 2780 2783 hoc
2812 2744 2877 2781 se
2910 2727 3220 2781 nobiscum
3252 2724 3655 2792 assumptione

1993 2826 2214 2877 nostrae
2245 2820 2641 2887 humanitatis,
2676 2833 2903 2888 nosque
2935 2832 3139 2871 secum
3171 2811 3657 2869 communicando

1995 2912 2156 2966 carni
2212 2926 2338 2963 suae
2369 2910 2464 2977 Lac
2515 2907 2791 2979 sanguini
2824 2921 3001 2960 unum
3053 2903 3395 2957 naturaliter
3441 2898 3654 2955 effecit.

1993 3002 2158 3055 Sicut
2179 2999 2351 3053 etiam
2376 2999 2584 3051 beatus
2609 2996 2869 3049 Hilarius
2890 2995 2947 3046 in
2968 2993 3117 3047 libro
3140 3006 3315 3062 quem
3339 2991 3421 3044 De
3453 2991 3659 3042 sancta

1997 3089 2279 3143 Trinitate
2302 3087 2570 3152 titulavit,
2606 3084 2756 3137 hanc
2790 3098 3001 3137 novam
3033 3096 3167 3135 reor
3197 3077 3475 3133 haeresim
3501 3092 3659 3146 pree-

2001 3178 2211 3231 vidans
2242 3178 2300 3229 in
2356 3176 2587 3245 spiritu,
2621 3172 2901 3227 deﬁnivit.
2941 3194 2962 3217 «
3000 3169 3137 3236 Eos,
3173 3167 3468 3238 inquiens,
3504 3181 3660 3219 nunc

2003 3267 2102 3338 qui
2124 3266 2272 3319 inter
2298 3266 2532 3317 Patrem
2552 3266 2607 3317 et
2628 3262 2841 3316 Filium
2882 3259 3203 3315 voluntatis
3225 3257 3503 3328 ingerunt
3532 3254 3657 3308 uni-

2005 3361 2178 3411 tatem
2203 3355 2501 3425 interrogo
2523 3355 2791 3406 utrumne
2823 3364 2929 3419 per
2961 3351 3187 3401 naturae
3216 3347 3523 3400 veritatem
3554 3343 3659 3397 ho-

2003 3446 2096 3499 die
2116 3442 2475 3498 Cliristus'in
2498 3441 2671 3495 nobis
2694 3440 2789 3507 sit,
2824 3454 2897 3491 an
2918 3453 3022 3506 per
3053 3435 3429 3490 concordiam
3454 3433 3663 3487 volun-

2001 3532 2234 3588 tatis?Si
2251 3532 2404 3587 enim
2425 3546 2562 3584 vere
2598 3529 2854 3583 Verbum
2889 3541 3027 3580 caro
3049 3524 3264 3579 factum
3293 3526 3404 3592 est,
3438 3525 3496 3576 et
3524 3536 3663 3575 vere

2001 3639 2111 3677 nos
2142 3622 2399 3676 Verbum
2432 3634 2672 3673 carnem
2707 3617 2837 3672 cibo
2869 3615 3173 3670 Dominico
3207 3613 3670 3682 sumimus,quo-

2001 3711 2306 3778 modo'non
2325 3708 2672 3762 naturaliter
2695 3719 2931 3758 manere
2949 3705 3006 3757 in
3036 3702 3211 3757 nobis
3235 3700 3665 3755 existimandus

2000 3803 2092 3853 est
2114 3800 2211 3869 qui
2245 3801 2300 3851 et
2331 3800 2596 3850 naturam
2628 3794 2825 3847 carnis
2873 3795 3094 3846 nostra;
3140 3790 3436 3844 inseruit?
3471 3810 3491 3836 ι
3527 3787 3666 3841 Dili-

2000 3888 2493 3958 gentius,quaeso,
2516 3883 2832 3945 attende,et
2862 3880 3094 3950 quoties
3142 3894 3281 3933 vere
3314 3880 3370 3931 et
3399 3879 3666 3930 naturam

2000 3976 2299 4045 repetierit
2346 3987 2615 4027 recense.
2672 3970 2868 4024 Primo
2917 3968 3153 4038 quidem
3211 3982 3351 4021 vere
3410 3966 3669 4019 Verbum

2004 4062 2475 4133 carnemﬁt‘actum
2489 4060 2869 4132 praemisit,ae
2884 4057 3094 4112 deinde
3113 4070 3255 4110 vere
3276 4070 3388 4109 nos
3409 4054 3670 4107 Verbum

2005 4169 2242 4208 carnem
2273 4152 2405 4213 cibo
2463 4164 2700 4205 sumere
2731 4146 3035 4201 Dominico
3066 4143 3277 4211 intulit,
3312 4144 3372 4196 ut
3404 4141 3670 4210 profecto

2004 4241 2421 4313 hujuscemodi
2452 4240 2781 4293 insinuaret
2809 4233 3176 4289 documentis
3209 4247 3325 4286 non
3345 4230 3514 4283 aliter
3544 4244 3672 4283 car-

2003 4348 2137 4386 nem
2158 4331 2329 4384 Verbi
2358 4330 2489 4383 cibo
2506 4325 2966 4381 sacramentario
3013 4337 3185 4393 quam
3221 4322 3372 4375 idem
3408 4319 3670 4373 Verbum

2007 4437 2143 4475 caro
2156 4421 2371 4473 factum
2386 4421 2477 4471 est
2492 4414 2891 4487 percipi.Nam
2912 4413 3046 4483 quia
3071 4425 3212 4466 vere
3236 4410 3498 4465 Verbum
3530 4422 3671 4461 caro

2009 4510 2225 4564 factum
2272 4513 2383 4575 est,
2440 4521 2580 4561 vere
2610 4505 2993 4559 nihilominus
3051 4501 3255 4556 eadem
3299 4499 3480 4554 Verbi
3512 4512 3671 4565 caro,

2012 4615 2079 4652 ac
2108 4598 2301 4668 potius
2328 4596 2586 4650 Verbum
2609 4597 2831 4663 caro,et
2854 4608 2971 4647 non
3006 4607 3112 4661 per
3142 4585 3672 4659 cassamnveritatis

2015 4687 2340 4759 ﬁguramin
2373 4686 2504 4739 cibo
2536 4684 2689 4738 sumi
2729 4681 3020 4737 credenda
3056 4682 3166 4748 est;
3192 4694 3300 4732 nec
3323 4691 3466 4731 sane
3488 4674 3673 4728 haesi-

2012 4770 2272 4842 tandum,
2300 4775 2354 4829 si
2373 4774 2529 4844 quod
2548 4772 2924 4842 praemissum
2947 4772 3039 4823 est
3077 4781 3283 4820 verum
3315 4765 3412 4833 sit,
3446 4762 3588 4832 quin
3617 4762 3673 4815 id

2014 4866 2169 4937 quod
2201 4863 2570 4919 subnectitur
2592 4863 3051 4915 consentaneum
3081 4856 3160 4910 sit
3187 4853 3433 4919 veritati,
3470 4851 3526 4904 id
3559 4854 3672 4917 est,

2010 4958 2073 5009 ut
2103 4955 2256 5009 sicut
2286 4954 2505 5007 veritas
2562 4947 2990 5004 Incarnationis
3049 4946 3200 4999 facta
3231 4945 3325 4997 est
3359 4941 3560 5008 Verbi,
3598 4939 3679 4993 ita

2012 5058 2150 5095 vera
2181 5057 2284 5109 per
2315 5042 2748 5094 sacramentum
2782 5034 3019 5088 visibile
3051 5029 3348 5101 perceptio
3380 5027 3674 5081 credenda

2011 5132 2087 5187 sit
2106 5132 2422 5185 Dominicis
2458 5127 2817 5195 carnis,quae
2849 5125 3078 5191 sumpta
3111 5136 3180 5173 ex
3212 5118 3385 5172 nobis
3418 5117 3585 5171 sedet
3616 5116 3676 5171 in

2010 5221 2177 5275 ccelis
2209 5234 2459 5273 consors
2478 5213 2826 5285 majestatis.

2084 5309 2336 5361 lV.Hinc
2362 5308 2488 5374 ipse
2536 5304 2909 5370 Dominus,ut
2943 5300 3014 5353 ad
3044 5298 3227 5369 hujus
3256 5298 3343 5351 rei
3374 5311 3486 5350 nos
3517 5294 3678 5349 veri-

2010 5402 2187 5453 tatem
2245 5395 2606 5458 int‘ormaret,
2668 5392 2796 5445 suis
2848 5390 2923 5439 ait
2974 5386 3331 5455 discipulis:
3368 5386 3521 5439 Caro
3551 5398 3677 5437 mea

2022 5502 2161 5540 vere
2192 5484 2548 5543 L'stcibus,et
2582 5481 2826 5550 sanguis
2856 5497 3016 5531 uiuas
3052 5492 3187 5529 vere
3218 5481 3310 5529 est
3327 5470 3675 5545 potus.Quid

2015 5576 2300 5629 lucidius?
2319 5571 2465 5635 Quid
2483 5569 2869 5638 expressius?
2901 5566 3054 5620 Ecce
3087 5565 3214 5633 ipsa
3248 5563 3478 5617 Veritas
3502 5560 3575 5613 de
3604 5572 3676 5612 se

2013 5665 2282 5731 testatur,
2317 5660 2410 5715 cui
2428 5659 2638 5725 adhuc,
2667 5656 2880 5710 novitia
2914 5656 3167 5707 ili‘it'Cbm’
3190 5650 3557 5719 impudenter
3573 5660 3675 5701 re—
