4048 6164
500 345 658 411 1383
1499 349 1607 413 DU
1616 348 1875 412 RANDI
1908 348 2283 413 ABRATIS
2312 348 2921 413 TROABNENSIS.

3712 356 3832 420 1334

474 549 693 616 nititur,
720 564 1106 621 crassamque
1132 550 1543 605 similitudinis
1585 566 1652 604 ac
1685 549 1893 620 ﬁgurae
1921 550 2145 604 nubem
2176 534 2222 594 Α
2264 548 2439 602 sicuti
2462 552 2571 603 est.
2604 549 2675 603 Et
2706 565 2844 605 vere
2877 551 3005 606 haec
3033 554 3125 606 est
3146 552 3282 606 vitae
3303 556 3513 607 nostrae
3542 568 3712 620 causa,
3738 557 3841 626 quia

478 637 744 706 improhe
779 643 1177 693 consectatur.
1212 639 1394 703 Quam
1428 639 1664 693 divinus
1707 640 1975 708 sophista
2006 638 2143 694 rhe-
2256 638 2383 705 ipsa
2413 654 2516 706 pro
2545 638 2719 692 nobis
2751 639 3028 694 occubuit
3070 640 3219 708 Vita,
3250 646 3311 695 ut
3344 642 3509 695 nobis
3539 643 3734 696 usualis
3763 644 3840 697 ﬁe-

478 726 1233 753 ειμιηιυι.ηΑκιηριέηΠηηΑηι.
1256 728 1812 753 ρ.ι..ι;ι.......,..,,ι..η..ι;ι
1844 728 2125 753 ,ιηιιηιιξηη
2257 729 2341 753 ..ηι
2367 742 2500 753 nn-..
2536 727 2675 753 LL“-
2701 728 2868 753 -t:-....
2902 729 3102 753 ..1,...;...
3135 729 3296 753 Ω---..-
3325 731 3819 753 ----,.--..-...---...1..

475 728 686 796 torque
702 726 1236 782 coelcstisHilarius
1253 728 1478 781 fortiter
1497 728 2149 797 repercutit,calcatius-

475 829 589 884 quo
640 814 884 868 refellit:
910 836 931 864 οι
969 814 1269 879 Quomodo
1292 833 1408 869 non
1446 817 1811 883 naturaliter,
1844 816 2142 886 inquiens,

476 901 536 955 in
566 902 739 956 nobis
789 919 1028 958 manere
1077 904 1508 957 existimandus
1541 909 1631 958 cst
1659 905 1759 975 qui
1791 910 1846 958 et
1876 909 2144 958 naturam

478 991 674 1043 carnis
700 995 920 1044 nostrae
961 991 1084 1061 jam
1133 992 1586 1061 inseparabilem
1622 994 1735 1046 sibi
1758 994 1941 1047 .homo
1973 998 2145 1048 natus

480 1080 1171 1147 assumpsit,etnaturam
1192 1082 1388 1134 carnis
1408 1097 1534 1135 SUEB
1566 1082 1636 1134 ad
1668 1084 1938 1135 naturam
1968 1084 2146 1136 aeter-

478 1166 675 1220 nitatis
700 1167 811 1220 sub
837 1172 1205 1222 sacramento
1224 1170 1398 1223 nobis
1418 1170 1922 1224 communicanda)
1946 1170 2144 1225 carnis

479 1256 977 1310 admiscuit?»Ubi
999 1258 1170 1312 tertio
1193 1262 1455 1312 naturam
1479 1260 1834 1329 totidemque
1857 1259 2049 1312 modis
2070 1259 2147 1312 in-

482 1343 753 1411 culcavit,
789 1345 923 1413 quia
961 1346 1233 1401 videlicet
1277 1348 1528 1407 Verbum
1571 1350 1724 1418 quod
1757 1351 1883 1401 erat
1920 1364 1953 1401 a
1986 1348 2146 1417 prin-

480 1431 634 1500 cipio
678 1447 1053 1504 permanens,
1090 1439 1145 1489 et
1174 1443 1438 1489 naturam
1496 1438 1692 1491 carnis
1753 1441 1972 1490 nostrae
2029 1436 2145 1489 sibi

479 1520 955 1589 inseparabiliter
975 1524 1193 1577 unitam
1212 1526 1367 1595 quod
1386 1542 1499 1580 non
1519 1531 1645 1580 crat
1667 1540 2144 1592 assumens,car-

477 1609 570 1661 nis
589 1626 714 1663 suae
739 1616 1003 1665 naturain
1025 1613 1097 1666 ad
1134 1615 1475 1668 aeternitatis
1513 1621 1781 1669 naturam
1811 1614 2147 1688 admiscuit;

478 1714 544 1751 ac
579 1714 683 1767 per
713 1699 825 1753 hoc
847 1717 973 1754 eam
1009 1702 1181 1756 nobis
1215 1705 1765 1759 communicabilem
1794 1706 1908 1760 sub
1939 1723 2146 1760 sacra-

478 1790 677 1841 mento
701 1790 1237 1856 praebuitJ’roinde
1257 1795 1674 1863 ambigendum
1698 1796 2032 1850 nullatenus
2055 1800 2148 1851 ast

482 1874 793 1929 humanam
829 1894 1007 1945 posse
1042 1884 1309 1933 naturam
1342 1883 1411 1934 ad
1444 1883 1659 1937 divinae
1692 1886 1891 1939 carnis
1920 1887 2143 1954 pertin-
2182 1904 2226 1963 υ

480 1979 623 2034 gere
646 1965 924 2031 edulium,
979 1983 1111 2036 quae
1158 1968 1435 2024 inell‘abili
1467 1972 1645 2025 Verbi
1670 1976 2023 2029 commercio
2044 1976 2145 2027 ad-

484 2067 677 2122 usque
702 2055 1025 2109 divinitatis
1042 2057 1404 2112 adorandum
1426 2062 1641 2128 perlata
1660 2066 1751 2115 est
1780 2064 2148 2132 participium

485 2142 743 2212 alioquin
775 2159 1067 2213 paganum
1099 2147 1227 2213 erit,
1283 2151 1581 2218 totumque
1616 2151 1847 2218 penitus
1899 2152 2150 2221 desipiet

482 2230 638 2300 quod
661 2231 959 2301 geriptura
984 2234 1200 2287 refert!
1232 2258 1251 2281 α
1290 2236 1543 2291 Adorale
1578 2240 1902 2294 scabellum
1938 2243 2151 2309 pedum

482 2319 638 2390 ejus,
672 2323 945 2390 quoniam
974 2328 1242 2375 sanctum
1276 2329 1382 2377 cst.
1411 2350 1431 2371 υ
1458 2327 1793 2381 Scabellum
1825 2332 2039 2399 quippe
2069 2330 2157 2384 di-

480 2408 760 2478 vinitatis,
815 2414 1019 2463 sancta
1050 2416 1142 2464 est
1193 2411 1525 2467 humanitas
1570 2416 2005 2486 redemptoris;
2057 2418 2153 2472 cui

481 2502 728 2567 propter
758 2499 1170 2569 inseparabilis
1214 2502 1516 2556 veritatem
1562 2504 1799 2558 unitatis
1831 2506 2151 2561 deferenda

486 2590 579 2640 est
609 2589 940 2641 reverentia
973 2590 1294 2644 submissae
1318 2592 1702 2660 adorationis,
1738 2598 1975 2665 tumque
2008 2612 2155 2665 prte-

481 2675 687 2729 sertim
719 2677 951 2745 quando
986 2693 1200 2731 munus
1254 2680 1487 2749 supplet
1512 2682 1755 2736 alternae
1787 2684 2153 2739 communio-

480 2764 573 2816 nis
604 2780 616 2817 :
647 2765 718 2818 ad
754 2765 863 2819 hoc
896 2766 1189 2835 siquidem
1214 2766 1498 2824 divinitus
1550 2770 1905 2841 institutum,
1936 2773 2009 2826 ad
2041 2774 2150 2827 hoc

474 2852 789 2923 discipulis
819 2869 851 2907 a
882 2855 1130 2909 Domino
1162 2856 1464 2921 indictum,
1517 2860 1587 2912 ad
1630 2875 1744 2914 nos
1798 2876 1990 2931 usque
2044 2878 2140 2916 ve-

479 2942 741 2996 nerabile
776 2943 889 2997 hoc
949 2944 1284 2998 decucurrit
1333 2951 1765 3001 sacramentum
1798 2952 1860 3003 ut
1891 2964 1997 3018 per
2026 2950 2147 3004 uni-

485 3030 625 3084 tatis
654 3030 1019 3102 mysterium,
1055 3034 1246 3103 ipsius
1268 3037 1709 3106 participatione
1738 3040 2154 3109 comparatum,

478 3121 802 3175 divinitatis
862 3123 1191 3178 efficiamur
1252 3130 1417 3195 grata
1462 3127 1640 3180 sedes
1694 3130 1745 3181 et
1795 3144 2046 3199 regnum
2078 3130 2150 3184 ab

476 3210 750 3266 humanis
773 3204 1046 3266 videlicet
1076 3214 1133 3266 in
1165 3214 1363 3267 divina
1397 3216 1819 3286 transfigurati,
1878 3219 1933 3271 et
1958 3232 1991 3270 a
2024 3233 2152 3272 car-

473 3299 707 3354 nalibus
738 3300 1110 3356 ineffabiliter
1138 3302 1209 3355 ad
1244 3304 1548 3370 spirituala
1580 3307 1861 3373 provecti.

553 3388 621 3443 V.
657 3390 719 3443 Si
750 3391 932 3461 igitur
961 3392 1116 3460 quod
1143 3390 1336 3461 majus
1368 3396 1459 3445 est
1509 3393 1781 3447 collatum
1829 3394 2003 3448 nobis
2035 3412 2149 3448 non

471 3479 810 3543 abnuimus,
839 3494 947 3532 nec
978 3479 1135 3548 quod
1163 3481 1356 3534 minus
1400 3486 1490 3534 est
1540 3483 1787 3535 concedi
1826 3499 2006 3552 posse
2038 3485 2148 3538 dif-

472 3567 763 3633 ﬁteamur,
800 3566 1227 3636 videlicetjure
1262 3568 1374 3622 sub
1430 3570 1709 3639 mysterio
1760 3587 1996 3625 carnem
2049 3589 2147 3627 su-

472 3670 634 3708 mere
656 3655 924 3723 corporis
955 3655 1198 3721 Christi,
1230 3656 1385 3725 quod
1403 3655 1527 3726 jam
1555 3658 1626 3710 de
1658 3661 1937 3730 contiguo
1968 3661 2145 3716 nobis

472 3746 586 3811 est,
618 3742 755 3813 quia
785 3741 1098 3813 dignanter
1128 3744 1398 3813 corporis
1430 3747 1618 3801 nostri
1653 3761 1890 3802 carnem
1920 3765 2149 3804 assum-

472 3830 592 3900 psit
610 3831 770 3901 quod
794 3847 974 3901 supra
996 3848 1104 3886 nos
1129 3838 1239 3900 est,
1274 3834 1408 3903 quia
1432 3850 1569 3889 vere
1601 3836 1774 3890 homo
1807 3853 1880 3891 ex
1912 3839 2145 3909 virgine

472 3921 645 3973 natus
677 3919 951 3974 Christus
1003 3920 1131 3988 fuit,
1165 3938 1233 3975 ac
1266 3938 1371 3992 per
1400 3923 1512 3978 hoc
1563 3925 1634 3979 de
1666 3927 1911 3981 veritate
1947 3929 2145 3983 carnis

474 4006 610 4077 ejus
641 4010 1145 4064 communicandae
1176 4015 1230 4064 et
1262 4013 1574 4084 sanguinis
1604 4015 1803 4069 nullus
1830 4015 1951 4085 jam
1978 4017 2146 4071 relin-

473 4097 674 4167 quitur
720 4097 889 4152 locus
947 4099 1304 4170 ambigendi,
1339 4101 1391 4154 si
1451 4101 1687 4171 quidem
1719 4106 1774 4156 et
1807 4104 1999 4172 ipsius
2034 4107 2144 4160 Do-

472 4185 613 4239 mini
642 4186 1020 4256 professione
1051 4192 1107 4242 et
1137 4193 1340 4243 nostra
1392 4189 1506 4244 tirle
1556 4206 1697 4244 vere
1758 4196 1849 4245 est
1897 4208 2052 4257 caro,
2087 4198 2144 4249 et

470 4290 613 4330 vere
646 4279 740 4330 est
772 4277 1024 4348 sanguis
1056 4293 1227 4331 sacra
1250 4279 1541 4333 confectio
1567 4279 1781 4334 vivifici
1815 4297 2147 4337 sacramen-

469 4362 534 4432 ti,
568 4380 701 4434 quae
733 4369 974 4435 accepta
1031 4366 1284 4420 ﬁdeliter
1315 4367 1367 4419 id
1399 4367 1580 4421 efficit
1612 4371 1673 4423 ut
1706 4385 1817 4423 nos
1867 4372 1926 4423 in
1976 4371 2143 4425 Chri-

473 4456 565 4508 sto
593 4458 649 4507 et
678 4452 954 4509 Christus
975 4454 1035 4507 in
1058 4454 1231 4508 nobis
1269 4457 1362 4508 sit.
1392 4456 1459 4510 Et
1494 4456 1622 4511 haec
1658 4463 1748 4512 est
1771 4459 1904 4513 vitae
1924 4464 2144 4515 nostras

472 4557 675 4609 causa,
735 4542 865 4596 haec
920 4543 1109 4611 salus,
1143 4544 1300 4613 quod
1349 4546 1410 4599 in
1441 4546 1615 4600 nobis
1646 4548 1985 4602 carnalibus
2017 4565 2143 4603 ma-

2182 3259 2231 3318 C

2257 729 2345 779 ret
2366 727 2677 780 esca.Haac
2699 728 2874 781 etiam
2896 729 3105 800 gloriae
3134 729 3301 784 firma
3323 746 3470 799 spes
3484 731 3840 800 promerenda,

2260 816 2393 884 quia
2423 815 2613 883 ipsam
2665 817 2949 887 gloriosae
2996 818 3317 872 divinitatis
3347 834 3570 872 carnem
3597 820 3680 872 hic
3713 825 3841 874 tene-

2262 918 2393 956 mus
2425 905 2483 956 in
2514 904 2785 975 pignore,
2818 920 2924 974 per
2953 922 3126 976 quam
3159 908 3219 960 in
3250 907 3421 961 nobis
3468 908 3759 961 carnalibus
3780 910 3841 962 in-

2262 992 2431 1046 terim
2462 998 2794 1047 manentcm
2849 995 3150 1049 Christum
3181 995 3279 1065 qui
3313 995 3573 1049 dominus
3628 996 3844 1050 virtutum

2264 1083 2353 1134 est
2375 1084 2430 1135 et
2463 1082 2588 1135 Rex
2624 1082 2855 1153 gloriae,
2885 1083 3196 1151 habemus,
3257 1083 3394 1137 dum
3425 1098 3545 1137 eam
3572 1100 3755 1151 veram,
3779 1090 3842 1138 at-

2259 1184 2373 1239 que
2402 1169 2592 1238 ipsius
2623 1170 2802 1225 Verbi
2833 1173 3177 1240 naturalem,
3242 1172 3636 1225 ministrorum
3677 1173 3841 1240 ofﬁcio,

2259 1262 2480 1311 remoto
2512 1259 2689 1313 totius
2746 1260 2970 1314 erroris
3001 1260 3306 1330 scrupulo,
3343 1260 3691 1329 percipimus.
3722 1262 3841 1313 Anne

2259 1345 2372 1399 hoc
2396 1346 2616 1401 veritas
2658 1364 2775 1402 non
2807 1351 2930 1403 est?
2962 1349 3115 1403 Ecce
3135 1349 3348 1403 iterum
3371 1348 3845 1418 perspicacissimus

2260 1435 2519 1504 mysterii
2541 1438 2969 1506 contemplator
2984 1438 3172 1491 divini
3204 1437 3479 1490 falsitatis
3496 1442 3735 1490 auctores
3757 1437 3846 1490 red-

2259 1524 2476 1593 arguit,
2537 1541 2885 1596 poenamque
2940 1528 3050 1594 eis,
3085 1543 3200 1598 qua
3246 1527 3334 1579 rei
3364 1529 3532 1579 tantae
3587 1524 3842 1595 majestatis

2258 1617 2555 1666 merentur
2609 1614 2804 1683 plecti,
2867 1618 3112 1686 urgente
3167 1615 3390 1668 Christi
3446 1613 3664 1682 Spiritu,
3693 1614 3771 1682 qui
3800 1614 3842 1666 in

2256 1700 2386 1768 ipso
2415 1701 2783 1772 loquebatur,
2831 1703 3166 1773 imprecans
3211 1704 3466 1757 adnectit
3496 1719 3507 1755 :
3545 1723 3568 1752 ι
3598 1701 3841 1771 Contingat

2257 1788 2427 1857 plane
2450 1790 2545 1843 his
2567 1806 2772 1845 verum
2814 1807 2931 1846 non
2953 1807 3093 1846 esse
3123 1792 3226 1863 qui
3252 1792 3552 1845 Chaistum
3577 1791 3750 1845 Jesum
3773 1805 3846 1843 ve.

2258 1894 2389 1931 rum
2442 1879 2625 1932 Deum
2682 1880 2977 1951 denegant
3032 1896 3241 1936 esse.»
3280 1881 3408 1935 Hoc
3440 1883 3495 1933 et
3544 1894 3641 1932 nos
3669 1880 3789 1931 sicut
3808 1883 3845 1929 et

2258 1967 2497 2035 ille,nisi
2518 1968 2591 2021 ab
2614 1983 2820 2023 errore
2837 1986 2948 2024 suo
2986 1970 3367 2038 resipuerint,
3392 1969 3558 2039 juvat
3586 1968 3843 2036 imprecari,

2262 2060 2323 2110 ut
2349 2056 2487 2126 quid
2520 2059 2871 2128 negaverint
2893 2058 3102 2112 saltem
3149 2057 3393 2112 ultionis
3421 2060 3633 2111 tartara
3674 2055 3847 2107 valeant

2261 2146 2534 2214 experiri.
2587 2145 2776 2200 Nobis
2833 2149 3026 2200 autem
3057 2146 3257 2200 carnis
3290 2161 3424 2199 sum
3454 2143 3745 2199 Salvatoris
3767 2142 3844 2195 be-

2260 2234 2520 2304 nignitas
2551 2248 2658 2303 per
2712 2235 3018 2289 veritatem
3062 2251 3233 2289 suam
3281 2237 3652 2303 nostramque
3701 2231 3848 2297 ﬁdem,

2260 2326 2526 2376 naturam
2557 2322 2806 2391 adeptis,
2831 2327 2889 2377 et
2909 2324 3325 2392 proprietatem
3376 2322 3643 2393 perfecta:
3669 2319 3849 2374 unitatis

2262 2410 2538 2481 utrinque
2552 2411 2848 2480 professis
2868 2411 3170 2483 indulgeat
3190 2412 3351 2482 quod
3390 2410 3718 2480 repromisit,
3743 2412 3789 2459 ut
3808 2407 3850 2459 in

2265 2502 2394 2567 ipso
2425 2515 2898 2568 permaneamus.
2925 2503 2982 2554 et
3008 2500 3138 2570 ipse
3169 2500 3228 2554 in
3259 2499 3463 2567 nobis,
3494 2500 3689 2568 fiatque
3721 2494 3851 2566 digna

2265 2603 2499 2642 merces
2526 2589 2639 2658 piae
2671 2588 3036 2642 credulitatis
3067 2588 3323 2657 optabile
3356 2586 3766 2643 contubernium
3786 2582 3851 2635 di-

2265 2681 2514 2748 gnanter
2535 2676 2765 2747 illapsae
2786 2676 3119 2747 majestatis
3133 2676 3459 2746 ethospitaa
3479 2671 3852 2746 pmsentialiter

2263 2766 2585 2820 divinitatis
2650 2765 3041 2836 peridoneum
3097 2765 3376 2820 videlicet
3424 2768 3592 2819 tanta:
3617 2760 3860 2835 gratiapi-

2264 2870 2419 2927 gnus
2444 2857 2500 2908 ct
2528 2854 2780 2909 virtutis.

2803 2979 3005 3033 PARS
3032 2977 3240 3043 QUAB
3250 2979 3373 3033 TA.

2335 3106 2427 3159 VI.
2454 3105 2671 3160 Verum
2690 3104 2827 3159 licet
2852 3105 2997 3157 tanti
3025 3103 3137 3156 viri
3169 3101 3434 3157 sufﬁciat
3453 3099 3757 3165 auctoritas,
3780 3095 3848 3148 ali-

2259 3212 2372 3265 qua
2396 3199 2587 3249 tamen
2609 3194 2896 3248 deflorarc
2917 3192 3060 3247 libet
3079 3192 3151 3247 de
3169 3195 3383 3246 sancto
3404 3185 3849 3256 Ambrosio,cujus

2258 3286 2318 3339 in
2350 3283 2616 3338 Ecclesia
2642 3281 2928 3337 catholica
2960 3285 3094 3350 post
3143 3281 3452 3349 apostolos
3483 3278 3762 3333 auctoritas
3786 3274 3852 3327 ha-

2256 3373 2452 3428 bcitur
2470 3370 2967 3443 praecipua,cujus
2997 3369 3349 3440 eloquentiae
3368 3368 3615 3424 afﬂuens
3642 3361 3849 3419 facundia

2260 3463 2483 3516 Latina:
2542 3462 2763 3531 linguae
2811 3460 3002 3514 ducus
3032 3464 3124 3512 est
3172 3464 3230 3513 et
3260 3459 3478 3525 forma;
3507 3455 3651 3511 beati
3676 3465 3849 3525 quoque

2258 3549 2782 3622 Augustini,cujus
2813 3551 3076 3618 spectata
3097 3547 3247 3602 ﬁdes
3279 3555 3339 3601 et
3362 3546 3653 3615 multiplex
3677 3539 3848 3596 inScri-

2257 3640 2448 3710 pturis
2478 3639 2645 3693 labor
2703 3638 2862 3691 utilis
2913 3640 2968 3691 et
3006 3636 3203 3690 clarus
3252 3634 3675 3705 comprobatur.
3702 3627 3851 3685 Sedet

2259 3729 2505 3784 aliorum
2546 3730 2884 3782 sanctorum
2905 3727 3141 3780 Patrum
3171 3725 3325 3780 dicta
3348 3723 3620 3780 nonnulla
3647 3720 3851 3775 subtexe-

2260 3833 2552 3888 mus,quaa
2570 3816 2829 3886 Sparsim
2843 3815 3209 3885 reperta,sed
3223 3814 3405 3868 simul
3424 3809 3676 3882 diligenti
3685 3805 3846 3867 studio,

2262 3910 2451 3961 etnon
2490 3921 2671 3976 parvo
2712 3904 2913 3959 labore
2962 3907 3267 3976 congesta,
3297 3903 3413 3956 bac
3444 3901 3515 3954 de
3543 3916 3602 3954 re
3630 3899 3710 3967 pie
3735 3908 3850 3964 qua)-

2261 3995 2527 4051 rentibus
2545 3994 2663 4048 sint
2681 3995 2864 4065 grata,
2887 3996 2943 4046 et
2959 3993 3029 4047 ad
3050 3992 3334 4046 rationem
3366 3990 3502 4044 ﬁdei
3533 3981 3847 4041 roborandam

2260 4085 2407 4139 satis
2438 4098 2736 4153 superque
2765 4082 2995 4136 idonea.

2328 4174 2447 4227 VII.
2481 4172 2576 4226 Ait
2605 4187 2749 4243 ergo
2784 4170 3105 4240 praedictus
3150 4168 3512 4222 Ambrosius
3542 4165 3597 4218 in
3623 4163 3766 4216 libro.

2255 4262 2519 4333 myteriis
2570 4276 2582 4315 ε
2648 4283 2668 4307 α
2737 4259 2908 4314 Nunc
2958 4258 3102 4312 illud
3151 4256 3617 4323 consideremus,
3669 4266 3730 4304 ne
3752 4259 3847 4317 quis

2253 4349 2693 4419 forte,visibilia
2714 4348 2944 4416 videns,
2978 4347 3255 4416 quoniam
3290 4361 3427 4415 qum
3447 4347 3582 4398 sunt
3598 4333 3847 4393 invisibilia

2252 4456 2370 4495 non
2399 4439 2673 4493 videntur
2700 4452 2811 4492 nec
2842 4437 3094 4506 possunt
3114 4433 3393 4488 humanis
3425 4430 3607 4487 oculis
3637 4435 3845 4493 compre-

2252 4527 2613 4594 hendi,dicat
2646 4542 2657 4581 :
2694 4524 2921 4579 Judaeis
2971 4524 3043 4577 de
3069 4538 3278 4576 manna
3309 4522 3477 4592 pluit;
3501 4519 3644 4574 unde
3684 4514 3847 4567 dictum

471 4604 708 4687 nantem
738 4648 843 4703 per
870 4604 1108 4687 carnem
1160 4604 1472 4689 Christum
1528 4634 1838 4699 habemus;
1871 4638 1971 4708 qui
2003 4637 2141 4692 licet
2162 4609 2217 4675 υ
2249 4617 2592 4671 θδίίρθηθιη
2617 4613 2958 4708 anget/01'1"”
2974 4611 3355 4708 ξηθηάυθθνξι
3378 4604 3845 4708 Ῐλοωοσ

464 4720 588 4793 jam
624 4722 801 4793 longe
835 4722 915 4775 sit
960 4721 1203 4775 alterius
1262 4722 1565 4793 dignitatis
1596 4726 1650 4778 et
1709 4724 1918 4795 gloriae
1969 4741 2145 4795 quam

477 4810 965 4881 nos,naturaliter
993 4812 1185 4866 tamen
1208 4827 1344 4865 caro
1368 4815 1478 4881 est,
1503 4813 1656 4883 quod
1692 4829 1820 4867 nos.
1853 4814 1998 4878 Quia
2028 4830 2147 4869 non

471 4900 673 4955 adimit
727 4903 1019 4966 naturam,
1071 4900 1173 4954 sed
1246 4900 1539 4970 glorificat
1594 4902 1944 4971 assumptio,
2006 4902 2146 4957 dum

470 5005 653 5045 unum
682 4989 746 5044 ﬁt
776 4989 1039 5044 Verbum
1069 4993 1126 5044 et
1155 5005 1315 5044 caro.
1374 4990 1541 5044 Unde
1571 4990 1629 5043 in
1661 4990 1834 5045 nobis
1895 4992 2145 5046 carnali-

470 5077 586 5134 bus
618 5080 790 5134 etiam
821 5095 977 5134 nunc
1036 5082 1230 5133 manet
1264 5078 1524 5134 Verbum
1567 5094 1727 5147 caro,
1762 5095 1936 5149 quam
1968 5081 2142 5136 nobis

473 5168 1040 5236 communicandum,
1072 5168 1209 5222 dum
1260 5168 1318 5221 in
1349 5167 1538 5221 stadio
1571 5169 1978 5237 corruptibilis
2003 5170 2140 5224 vitea

475 5258 754 5325 curritur,
786 5273 854 5311 ea
886 5258 1330 5327 dispensatione
1363 5257 1637 5311 Christus
1670 5257 1830 5312 Deus
1864 5273 2141 5326 procura-

474 5346 559 5399 vit
585 5348 646 5399 ut
677 5346 736 5399 in
766 5346 939 5401 nobis
972 5350 1252 5416 maneret,
1279 5347 1375 5417 qui
1425 5362 1532 5416 per
1588 5362 1754 5400 suam
1805 5347 2141 5415 passionem

472 5432 802 5503 mortisque
862 5436 1214 5504 supplicium
1271 5434 1493 5488 indulta
1552 5433 1688 5488 vita:
1719 5434 1977 5488 remedio
2007 5450 2141 5503 pro-

474 5522 693 5591 spexit,
717 5525 779 5576 ut
810 5522 881 5574 ad
914 5537 1083 5575 suam
1114 5539 1222 5576 nos
1246 5523 1599 5593 quandoque
1629 5523 1971 5594 dignitatem
2004 5537 2140 5576 con-

434 5594 449 5600 -
475 5610 754 5665 tuendam
785 5625 853 5663 ac
883 5625 991 5679 pro
1022 5611 1256 5665 modulo
1288 5616 1492 5666 nostro
1530 5611 1975 5681 promerendam
2005 5627 2143 5679 pro-

472 5700 735 5773 veheret,
796 5698 1286 5773 efﬁceremurque
1342 5700 1397 5756 ei
1449 5701 1680 5756 similes
1713 5700 1982 5759 videntes
2013 5715 2147 5755 eum

2248 4721 2459 4777 panem
2481 4704 2641 4757 illum
2675 4704 2777 4772 qui
2819 4701 3325 4755 manducaverunt
3356 4713 3562 4753 omnes
3590 4690 3843 4784 ingdeserto

2249 4776 2464 4849 mortui
2495 4796 2653 4846 sunt.
2712 4790 2831 4845 Ista
2889 4794 3082 4844 autem
3124 4804 3265 4843 esca
3294 4803 3472 4859 quam
3501 4782 3737 4853 accipiet,
3764 4776 3842 4828 iste

2248 4883 2419 4955 panis
2440 4882 2613 4936 vivus
2632 4881 2730 4952 qui
2762 4878 3071 4934 descendit
3091 4877 3163 4932 de
3177 4876 3494 4944 cmlo,vitaa
3511 4877 3723 4962 aeternae

2251 4951 2523 5029 stantiam
2538 4951 2969 5035 subministrat,
2984 4972 3041 5022 et
3061 4982 3279 5036 corpus
3292 4951 3841 5020 estChristi.Conside-

2253 5076 2319 5114 ra
2332 5076 2489 5115 nunc
2520 5064 2713 5114 utrum
2734 5058 3115 5128 praestantior
3145 5056 3223 5109 sit
3243 5054 3414 5124 panis
3443 5050 3767 5122 angelorum,
3789 5053 3841 5091 an

2253 5165 2392 5204 caro
2422 5147 2805 5217 Christiana)
2835 5146 3035 5215 utique
3088 5158 3309 5213 corpus
3365 5143 3461 5196 est
3514 5140 3654 5192 vitae.
3684 5132 3838 5186 Manna

2250 5238 2394 5293 illud
2416 5237 2487 5291 de
2515 5235 2805 5304 coelo,hoc
2827 5248 3011 5303 supra
3034 5233 3271 5302 coelum;
3296 5231 3441 5286 illud
3467 5228 3613 5293 coeli,
3644 5224 3736 5277 hoc

2250 5327 2390 5381 mini
2423 5326 2727 5381 caelorum.
2772 5323 2919 5377 Illud
2973 5321 3331 5391 corruptioni
3392 5316 3703 5374 obnoxium.
3728 5323 3769 5359 SI
3796 5316 3838 5353 ιιι

2249 5416 2406 5471 diem
2426 5415 2673 5468 alterum
2696 5412 3061 5480 servaretur;
3096 5410 3204 5463 hoc
3228 5409 3482 5463 alienum
3509 5405 3578 5459 ob
3599 5396 3731 5456 omni
3747 5405 3836 5447 cor

2248 5501 2702 5574 ruptione,quod
2725 5501 3065 5570 quicunque
3100 5499 3383 5570 religiose
3429 5487 3833 5574 gustaveritcar-

2246 5572 2579 5661 ruptionem
2625 5589 2844 5645 sentire
2891 5604 3009 5643 non
3048 5589 3278 5658 poterit.
3303 5586 3425 5640 Illis
3462 5599 3600 5653 aqua
3628 5578 3688 5631 de
3714 5572 3835 5670 pett:

2249 5657 2546 5746 ﬂu-Xititibi
2569 5679 2818 5754 sanguis
2847 5693 2879 5734 e
2900 5657 3306 5733 ChristoJllos
3333 5674 3408 5730 ad
3448 5673 3640 5727 horam
3655 5657 3831 5719 satiaYit
