4134 6174
243 335 400 400 1385

1024 339 1279 403 LIBER
1325 338 1434 400 DE
1479 337 1882 401 CORPORE
1924 340 2028 403 ET
2072 338 2509 403 SANGUINE
2552 340 2899 405 CHRISTI.

3523 344 3677 409 1386

231 550 421 606 aqua;
446 538 504 590 te
535 535 785 607 sanguis
820 536 989 591 diluit
1019 537 1079 592 in
1110 539 1415 593 mternum.
1453 537 1699 592 Judmus
1731 537 1897 605 bibit,
1932 521 1977 573 Α
2013 539 2287 593 stantiam
2309 540 2706 609 subministat,
2742 543 2796 593 et
2829 556 3046 610 corpus
3079 540 3295 595 Christi
3346 544 3457 598 est.
3506 562 3528 593 υ
3559 542 3677 597 Ubi

232 627 290 678 et
315 624 466 687 sitit;
510 626 572 678 tu
592 640 725 678 cum
754 625 1005 693 biberis,
1043 626 1207 680 sitire
1239 642 1357 680 non
1377 627 1599 697 poteris
1624 643 1636 681 :
1672 631 1727 680 et
1756 624 1899 679 illud

230 712 291 765 in
315 713 663 781 umbra,hoc
696 714 752 766 in
766 714 1064 768 veritate.»
1088 714 1158 769 Et
1178 718 1315 783 post
1333 715 1612 769 nonnulla
1638 731 1649 768 :
1679 738 1699 760 «
1716 714 1901 779 Quan-

227 801 307 855 tis
351 801 534 872 igitur
582 802 799 856 utimur
840 803 1124 872 oxemplis
1158 806 1219 857 ut
1266 804 1586 873 probemus
1638 819 1755 857 non
1785 803 1898 858 hoc

235 904 377 945 esse
427 891 585 961 quod
635 894 839 944 natura
885 891 1178 960 formavit,
1223 892 1327 946 sed
1378 892 1534 962 quod
1563 892 1897 946 benedictio

230 980 625 1049 consecravit,
686 979 1089 1050 majoremque
1136 981 1252 1033 vim
1299 996 1438 1035 esse
1469 981 1896 1035 benedictionis

238 1083 415 1138 quam
492 1073 738 1134 naturae,
806 1068 939 1138 quia
1008 1069 1416 1123 benedictione
1465 1073 1672 1124 natura
1724 1071 1895 1124 etiam

230 1157 362 1225 ipsa
392 1160 648 1211 mutatur
676 1158 704 1210 ξ)
732 1181 753 1205 »
790 1156 859 1211 Et
890 1157 1241 1227 quibusdam
1266 1158 1594 1229 interjectis
1620 1176 1631 1212 :
1672 1179 1695 1208 «
1730 1157 1895 1223 Quod

227 1245 283 1297 si
335 1246 559 1299 tantum
616 1245 797 1299 valuit
844 1246 1095 1299 humana
1152 1246 1483 1301 benedictio
1526 1250 1586 1299 ut
1624 1250 1892 1301 naturum

234 1335 629 1399 converteret,
672 1334 811 1404 quid
852 1334 1104 1387 dicimus
1153 1335 1224 1387 de
1285 1335 1413 1404 ipsa
1446 1336 1892 1390 consecratione

230 1421 454 1489 divina,
491 1423 589 1475 ubi
623 1422 800 1475 verba
858 1422 985 1491 ipsa
1020 1423 1255 1477 Domini
1285 1422 1609 1478 Salvatoris
1640 1439 1891 1493 operan-

233 1511 371 1563 tur?
427 1509 575 1563 Nam
633 1514 1067 1565 sacramentum
1129 1511 1287 1565 istud
1326 1513 1482 1582 quod
1514 1513 1756 1584 accipis,
1806 1512 1889 1565 Ch

228 1598 358 1652 risti
387 1614 659 1671 sermone
691 1599 1022 1654 conficitur.
1056 1600 1222 1664 Quod
1242 1602 1293 1655 si
1322 1604 1544 1655 tantum
1566 1602 1746 1655 valuit
1772 1618 1891 1657 ser-

228 1702 324 1740 mo
358 1686 523 1753 Eliaa,
549 1690 611 1742 ut
641 1687 840 1758 ignem
869 1688 939 1741 de
972 1687 1123 1743 caelo
1156 1689 1494 1759 deponeret,
1531 1705 1647 1743 non
1679 1689 1893 1745 valebi-

223 1773 447 1828 Christi
495 1789 710 1843 sermo,
759 1781 817 1830 ut
851 1778 1086 1845 species
1125 1780 1381 1831 mutetur
1410 1779 1832 1833 elementorum
1863 1781 1891 1832 ‘?

2010 629 2283 681 advertas
2316 631 2541 698 oportet
2574 629 2729 699 quod
2757 644 2956 682 escam
2987 632 3043 683 et
3075 645 3282 698 panem
3300 647 3473 701 quem
3495 632 3566 686 de
3582 647 3676 686 sa-

2010 732 2110 770 cro
2168 716 2335 769 altari
2388 717 2766 787 percipimus,
2821 717 3052 771 Domini
3086 718 3485 774 indubitanter
3514 721 3671 775 dicat

2010 820 2247 873 corpus,
2273 809 2329 859 et
2360 805 2489 859 ideo
2520 806 2655 859 vitae
2689 810 2925 860 aeternae
2959 806 3347 861 substantiam
3381 809 3674 863 submini-

2008 894 2154 946 strat
2177 894 2351 965 digna
2385 894 2695 948 devotione
2728 894 2929 949 cordis
2952 895 3095 949 illud
3121 896 3570 965 accipientibus.
3605 897 3676 951 Et

2007 996 2233 1034 revera.
2266 981 2541 1037 Christus
2573 985 2725 1037 enim
2756 999 2896 1037 vere
2928 987 3019 1038 est
3067 984 3208 1053 vita,
3243 985 3398 1039 sicut
3427 986 3558 1055 ipse
3589 984 3674 1039 di-

2006 1069 2120 1124 xit:
2158 1095 2177 1115 ιι
2209 1070 2334 1142 Ego
2394 1086 2524 1125 sum
2555 1072 2669 1140 via,
2716 1072 2937 1126 veritas
2969 1077 3025 1126 et
3056 1073 3190 1127 vita.
3240 1097 3261 1121 υ
3298 1072 3369 1126 Et
3414 1089 3671 1128 necesse

2005 1161 2187 1212 estut
2219 1159 2315 1229 qui
2376 1160 2676 1214 Christum
2720 1161 2778 1214 in
2811 1177 2878 1215 se
2929 1161 3184 1215 ﬁdeliter
3245 1162 3482 1231 excipit,
3534 1163 3673 1217 vitae

2004 1250 2240 1301 aeterna:
2298 1250 2597 1318 particeps
2642 1252 2937 1303 mereatur
2967 1249 3144 1318 efﬁci,
3178 1265 3209 1302 a
3241 1266 3354 1319 qua
3387 1249 3563 1322 longe
3609 1251 3673 1305 ﬁt

2002 1335 2103 1405 qui
2135 1351 2201 1389 se
2231 1352 2258 1387 a
2295 1340 2500 1391 sancto
2523 1339 2822 1407 mysterio,
2845 1341 2941 1391 aut
2974 1339 3123 1392 male
3143 1332 3393 1393 vivendo
3427 1344 3523 1393 aut
3554 1356 3670 1394 non

2000 1427 2167 1477 recte
2195 1425 2510 1495 credendo,
2543 1426 2823 1497 elongare
2854 1443 2967 1481 non
3002 1428 3243 1496 metuit;
3277 1428 3370 1481 cui
3415 1429 3670 1499 quisque

2001 1526 2070 1565 eo
2115 1513 2307 1584 magis
2359 1514 2661 1581 proximus
2712 1515 2909 1568 existit
2958 1530 3073 1584 quo
3132 1530 3237 1583 per
3293 1518 3470 1569 recta)
3530 1515 3672 1570 ﬁdei

2000 1600 2260 1654 studium
2310 1602 2675 1656 emendatius
2728 1603 2889 1656 vivit.
2948 1603 3035 1656 Ne
3095 1618 3235 1657 vero
3269 1604 3401 1674 quis
3445 1619 3665 1674 corpus

1998 1687 2168 1742 aliter
2243 1690 2613 1760 interpretari
2674 1691 2802 1745 sive
2862 1692 3190 1762 intelligere
3262 1696 3489 1761 posset,
3533 1692 3669 1762 quia

2002 1777 2279 1832 videlicet
2330 1780 2650 1849 Apostolus
2711 1781 2828 1834 ait:
2870 1802 2891 1827 «
2947 1780 3017 1833 Et
3083 1795 3334 1849 corpora
3403 1780 3668 1835 caelestia

225 1863 310 1916 De
328 1865 507 1918 totius
540 1864 739 1918 mundi
765 1866 1045 1935 operibus
1075 1866 1296 1936 legisti:
1325 1867 1470 1932 Quia
1489 1868 1621 1937 ipse
1647 1868 1890 1937 dixit,et
1922 1892 1969 1945 Β
2001 1868 2057 1918 et
2084 1880 2333 1934 corpora
2349 1868 2654 1920 terrestria
2676 1884 2728 1936 »ς
2762 1867 2971 1921 moxin
2985 1867 3494 1937 subsequentibus
3512 1869 3667 1922 idem

221 1951 382 2005 facta
403 1954 694 2024 sunt;ipse
712 1954 920 2008 manda
932 1956 1015 2007 vit
1038 1962 1095 2007 et
1127 1962 1328 2009 creata
1351 1956 1726 2011 sunl.Sermo
1741 1973 1888 2029 ergo

223 2038 465 2107 Christi,
508 2043 607 2112 qui
638 2044 822 2112 potuit
851 2044 923 2097 de
955 2043 1137 2098 nihilo
1169 2044 1365 2098 facere
1396 2046 1551 2116 quod
1595 2062 1712 2102 non
1744 2049 1885 2115 erat,

223 2144 343 2181 non
392 2133 582 2197 potest
642 2146 710 2185 ea
748 2148 882 2203 quae
941 2137 1078 2186 sunt
1128 2134 1186 2187 in
1219 2133 1276 2187 id
1327 2137 1547 2188 mutare
1581 2137 1737 2206 quod
1771 2152 1889 2190 non

221 2218 430 2270 erant?
486 2218 618 2273 Non
664 2221 819 2274 enim
876 2222 1073 2276 minus
1123 2225 1214 2276 est
1275 2238 1463 2277 novas
1512 2224 1693 2277 rebus
1723 2225 1883 2295 dare,

217 2320 394 2375 quam
454 2311 676 2362 mutare
724 2314 982 2364 naturas.
1040 2311 1246 2365 Nonne
1306 2312 1501 2383 majus
1564 2316 1656 2367 est
1700 2330 1887 2369 novas

218 2408 324 2447 res
376 2394 538 2462 dare,
596 2412 771 2466 quam
825 2403 1048 2452 mutare
1077 2403 1364 2454 naturas?
1392 2401 1507 2455 Sed
1532 2403 1671 2474 quid
1705 2419 1886 2473 argu-

218 2483 435 2536 mentis
457 2483 676 2538 utimur
704 2486 733 2538 ‘?
763 2486 892 2539 suis
926 2492 1156 2541 utamur
1184 2490 1493 2559 exemplis,
1529 2491 1887 2545 incarnatio-

216 2571 434 2641 nisque
457 2575 792 2626 astruamus
816 2577 1096 2644 mysterio
1114 2576 1537 2647 [al.,mysterii]
1556 2579 1883 2633 veritatem.

214 2659 498 2730 Nunquid
529 2667 752 2716 naturae
782 2679 930 2717 usus
961 2665 1282 2733 praecessit
1312 2682 1444 2719 cum
1477 2666 1657 2721 Jesus
1692 2668 1885 2721 Domi-

215 2764 335 2801 nus
394 2763 469 2802 ex
518 2750 695 2804 Maria
727 2754 1118 2807 nasceretur?
1148 2753 1211 2807 Si
1240 2755 1501 2809 ordinem
1537 2758 1881 2827 quaerimus,

218 2836 349 2891 viro
400 2840 573 2893 mista
604 2840 818 2894 femina
849 2857 1134 2913 generare
1166 2846 1495 2898 consuevit.
1538 2846 1745 2916 Liquet
1775 2846 1883 2917 igi-

217 2926 316 2980 tur
346 2928 503 2996 quod
546 2933 768 2999 praeter
791 2935 1011 2986 naturae
1044 2932 1311 2987 ordinem
1341 2933 1523 3003 Virgo
1554 2934 1883 3003 generavit,

218 3019 275 3068 et
322 3016 433 3070 hoc
488 3019 645 3088 quod
700 3020 1047 3075 conficimus
1104 3038 1341 3090 corpus,
1376 3038 1448 3076 ex
1480 3022 1723 3093 Virgine
1769 3028 1879 3077 est.

216 3103 370 3169 Quid
391 3105 488 3159 hic
520 3104 843 3177 quaerimus
876 3113 1101 3165 natura:
1125 3112 1391 3166 ordinem
1416 3112 1474 3164 in
1501 3109 1721 3164 Christi
1761 3127 1885 3165 cor-

217 3210 383 3263 pore,
412 3211 544 3250 cum
572 3201 791 3265 praeter
816 3204 1081 3252 naturam
1115 3200 1192 3253 sit
1221 3200 1347 3269 ipse
1379 3201 1665 3253 Dominus
1699 3201 1880 3253 Jesus

215 3286 423 3351 partus
469 3300 545 3338 ex
599 3286 884 3356 Virgine?
913 3286 1066 3341 Vera
1106 3289 1307 3358 utique
1331 3304 1466 3341 caro
1496 3288 1715 3342 Christi
1748 3305 1879 3360 quae

216 3373 504 3427 cruciﬁxa
562 3376 671 3442 est,
716 3391 848 3445 quae
882 3377 1112 3445 sepulta
1172 3382 1298 3432 est:
1328 3392 1464 3430 vere
1489 3394 1632 3449 ergo
1684 3379 1880 3433 carnis

215 3460 379 3515 illius
427 3467 859 3518 sacramentum
898 3469 1009 3519 est.
1046 3466 1178 3535 Ipse
1219 3468 1429 3520 clamat
1464 3467 1748 3522 Dominus
1778 3468 1880 3523 Je-

213 3564 326 3602 sus
362 3567 373 3603 :
419 3550 540 3605 Hoc
583 3557 675 3605 est
727 3569 939 3624 corpus
990 3570 1200 3609 meum.
1235 3557 1381 3610 Ante
1411 3557 1882 3612 benedictionem

212 3636 535 3692 verborum
566 3640 894 3695 caelestium
923 3642 1037 3696 alia
1066 3644 1301 3713 Species
1352 3645 1707 3712 nominatur,
1751 3648 1884 3714 post

213 3728 727 3783 consecrationem
777 3746 994 3799 corpus
1053 3731 1273 3786 Christi
1330 3734 1719 3804 signiﬁcatur.
1750 3734 1882 3802 Ipse

214 3814 359 3868 dicit
390 3817 740 3886 sanguinem
775 3834 970 3872 suum.
1007 3820 1155 3874 Ante
1186 3821 1694 3874 consecrationem
1727 3821 1881 3873 aliud

209 3903 449 3969 dicitur,
486 3908 618 3972 post
675 3907 1181 3962 consecrationem
1208 3910 1458 3978 sanguis
1490 3911 1878 3977 nuncupatur.

214 3992 288 4046 Et
319 3994 381 4045 tu
413 3991 597 4046 dicis:
639 3994 844 4063 Amen,
880 3995 991 4050 hac
1025 4000 1135 4066 est,
1167 4013 1366 4051 verum
1406 4002 1515 4052 est.
1549 3998 1711 4061 Quod
1747 4013 1881 4051 ser-

208 4096 310 4133 mo
345 4083 534 4147 sonat,
586 4081 830 4137 affectus
868 4086 1099 4138 sentiat.
1146 4085 1254 4139 His
1282 4087 1463 4157 igitur
1491 4086 1881 4140 sacramentis

208 4169 408 4237 pascit
457 4168 784 4223 Ecclesiam
836 4178 1002 4225 suam
1057 4173 1332 4228 Christus
1385 4176 1585 4242 Jesus,
1664 4175 1881 4245 quibus

207 4256 425 4310 animm
470 4258 803 4313 substantia
835 4260 1119 4315 ﬁrmatur.
1160 4284 1180 4310 ι»
1217 4262 1289 4316 Et
1317 4267 1452 4333 post
1481 4280 1665 4332 pauca
1701 4280 1713 4318 :
1752 4285 1773 4313 α
1821 4264 1883 4317 In

206 4344 313 4398 illo
337 4351 707 4401 sacramento
739 4346 1017 4404 Christus
1050 4354 1161 4417 est,
1196 4351 1332 4421 quia
1378 4367 1595 4421 corpus
1661 4352 1883 4406 Christi

207 4436 325 4488 est.
379 4434 509 4487 Non
566 4449 711 4506 ergo
741 4438 1067 4506 corporalis
1100 4454 1238 4493 esca
1272 4442 1383 4506 est,
1417 4440 1522 4493 sed
1556 4440 1882 4509 spiritualis

209 4527 327 4577 est.
357 4522 529 4575 Unde
554 4525 610 4576 et
641 4524 962 4593 Apostolus
978 4526 1344 4597 detypoejus
1377 4527 1485 4581 ait:
1514 4527 1886 4592 QuiaPatrcs

2002 1953 2205 2007 doctor
2225 1954 2442 2007 Christi
2476 1970 2711 2009 carnem
2744 1957 3015 2026 appellat,
3038 1957 3242 2010 dicens
3276 1973 3287 2009 :
3317 1978 3339 2002 α
3385 1956 3667 2010 Conside-

2000 2057 2062 2095 ra
2094 2058 2248 2096 nunc
2283 2046 2475 2096 utrum
2523 2047 2904 2113 praestantior
2970 2045 3046 2098 sit
3073 2047 3245 2115 panis
3296 2046 3664 2116 angelorum,

1998 2146 2072 2184 an
2104 2147 2241 2185 caro
2271 2130 2511 2199 Christi,
2548 2149 2680 2203 quae
2714 2135 2912 2204 utique
2944 2149 3162 2202 corpus
3193 2138 3284 2187 est
3317 2134 3474 2187 vitae.
3512 2133 3665 2187 Vere

1997 2220 2262 2291 profecto
2310 2236 2525 2290 corpus
2564 2225 2653 2275 est
2694 2223 2828 2275 vitae
2878 2237 3018 2275 caro
3059 2221 3301 2289 Christi,
3353 2221 3489 2291 quia
3538 2222 3667 2291 ipse

1996 2307 2291 2377 Christus,
2342 2310 2438 2363 cui
2484 2314 2576 2365 est
2604 2311 2732 2381 ipsa
2765 2326 2904 2364 caro
2943 2325 3161 2379 corpus
3196 2309 3656 2380 substantivum,

1996 2399 2113 2451 vita
2163 2404 2254 2453 est
2302 2399 2668 2468 immortalis,
2725 2414 2833 2453 seu
2866 2399 3004 2469 quia
3051 2399 3227 2451 vitam
3279 2397 3529 2451 fideliter
3592 2412 3663 2453 eo

1996 2486 2331 2541 fruentibus
2390 2490 2619 2541 constat
2665 2488 3050 2557 spiritualiter
3081 2487 3337 2557 operari.
3366 2509 3388 2534 υ
3427 2485 3498 2541 Et
3526 2489 3667 2558 post

1995 2590 2210 2644 pauca:
2248 2596 2270 2621 α
2321 2577 2554 2645 Manna,
2586 2577 2794 2647 inquit,
2828 2577 2970 2630 illud
3006 2577 3209 2630 umbra
3234 2575 3359 2642 fuit,
3388 2575 3500 2630 hoc
3531 2591 3663 2630 cor-

1994 2679 2107 2733 pus
2141 2665 2198 2716 in
2228 2665 2475 2718 veritate
2509 2667 2620 2718 est.
2651 2688 2672 2711 ››
2707 2665 2838 2719 Non
2872 2665 3162 2720 immerito
3194 2680 3403 2717 manna
3449 2664 3659 2717 umbra

1995 2753 2226 2821 dicitur,
2274 2753 2428 2823 quia,
2502 2753 2614 2806 etsi
2646 2753 2705 2806 in
2760 2755 3025 2822 veritate,
3090 2753 3352 2807 caelestis
3386 2754 3658 2806 creatura

1996 2842 2120 2896 fuit.
2185 2842 2350 2896 Unde
2382 2846 2437 2895 et
2494 2843 2840 2913 angelorum
2888 2843 3057 2912 panis
3099 2846 3487 2910 nuncupatur,
3521 2840 3661 2896 dum

1992 2933 2186 2985 tamen
2218 2930 2372 2984 aliud
2404 2946 2578 3000 quam
2608 2932 2763 3000 quod
2782 2930 3090 2984 videbatur
3108 2931 3280 3000 signo
3330 2928 3656 2998 portendit;

1994 3020 2182 3089 ﬁgura
2208 3019 2299 3072 vel
2337 3019 2545 3072 umbra
2568 3020 2831 3089 mysterii
2857 3020 3072 3087 futura,
3116 3035 3233 3074 non
3262 3018 3394 3087 ipsa
3411 3018 3654 3087 veritas,

1992 3108 2233 3176 exstitit,
2270 3124 2400 3178 quae
2435 3109 2933 3177 exspectabantur
2952 3108 3321 3178 temporibus
3342 3106 3659 3161 revelanda

1990 3196 2365 3263 novissimis,
2424 3196 2659 3267 quando
2712 3196 3071 3266 plenitudine
3102 3212 3276 3267 quam
3306 3195 3490 3249 divini
3513 3209 3657 3248 con-

1990 3289 2109 3344 silii
2156 3289 2521 3359 providentia
2552 3286 2846 3357 disposuit
2877 3289 3008 3340 ante
3046 3289 3312 3356 tempura
3346 3283 3657 3338 saecularia

1985 3378 2107 3449 jam
2165 3379 2500 3446 accedente,
2567 3377 2725 3430 Deus
2775 3376 2904 3445 ipse
2954 3375 3127 3428 homo
3175 3389 3283 3443 pro
3316 3371 3656 3426 hominibus

1992 3468 2269 3538 dignatus
2290 3470 2377 3521 est
2412 3467 2563 3535 ﬁeri,
2580 3465 2770 3519 ethoc
2802 3464 3065 3532 caeleste,
3087 3479 3154 3515 ac
3173 3462 3371 3531 potius
3390 3461 3657 3515 divinum

1991 3571 2108 3609 non
2140 3560 2201 3609 ut
2230 3558 2361 3609 ante
2392 3570 2497 3624 per
2528 3554 2772 3623 Moysen
2822 3567 3033 3605 manna
3090 3551 3231 3604 illud
3254 3550 3513 3618 dederat,
3550 3549 3658 3603 sed

1991 3660 2100 3714 per
2128 3644 2511 3713 semetipsum
2545 3641 2818 3711 confecit,
2852 3640 3284 3710 discipulisque
3319 3639 3449 3693 suis
3472 3638 3531 3691 in
3563 3640 3657 3693 sui

1992 3734 2334 3787 memoriam
2365 3747 2555 3802 usque
2586 3733 2642 3784 in
2676 3731 2879 3785 saeculi
2908 3729 3495 3807 consummationem,
3543 3743 3660 3799 qua

1990 3821 2119 3891 ipse
2178 3820 2489 3874 manifeste
2550 3821 2836 3873 venturus
2886 3822 2996 3886 est,
3068 3810 3508 3886 celebrandum,
3579 3817 3659 3872 ita

1993 3910 2233 3963 dicens:
2275 3931 2295 3955 α
2360 3908 2487 3962 Hoc
2540 3907 2712 3961 facite
2776 3908 3245 3977 quotiescunque
3305 3907 3541 3961 sumitis
3598 3906 3659 3960 in

1993 4013 2180 4052 meam
2227 3997 2861 4050 commemorationem.
2901 4019 2921 4042 ι»
2960 3995 3127 4049 Unde
3166 3996 3442 4049 nimirum
3477 4011 3658 4049 cons-

1993 4089 2073 4140 tat
2119 4085 2383 4139 eamdem
2424 4084 2730 4139 veritatem
2764 4085 2961 4138 carnis
2993 4100 3059 4137 ac
3083 4084 3395 4155 sanguinis
3428 4099 3569 4138 esse
3598 4083 3659 4138 in

1994 4176 2365 4227 sacramento
2425 4172 2583 4242 quod
2636 4177 2839 4226 sancta
2885 4186 2991 4241 per
3039 4173 3386 4225 universum
3455 4170 3659 4224 orbem

1995 4262 2261 4317 Ecclesia
2283 4261 2653 4315 uniformiter
2681 4262 2821 4332 agit,
2856 4276 2988 4330 quae
3021 4265 3143 4315 erat
3171 4264 3227 4315 et
3271 4260 3330 4314 in
3372 4258 3469 4312 illo
3500 4257 3660 4329 quod

1993 4352 2122 4420 ipse
2170 4350 2448 4404 Christus
2481 4349 2641 4402 Deus
2675 4348 2803 4402 suis
2843 4350 3067 4403 sanctis
3097 4349 3370 4403 manibus
3400 4345 3661 4400 sanctifi-

1996 4442 2168 4508 cavit,
2220 4455 2286 4492 ac
2340 4438 2469 4492 suis
2502 4437 2602 4507 qui
2633 4452 2765 4491 eum
2795 4437 2867 4491 ab
2898 4438 3063 4492 initio
3094 4437 3534 4507 praedicationis
3565 4450 3661 4491 se-

1996 4529 2117 4583 cuti
2172 4529 2425 4595 fuerant,
2488 4526 2821 4580 distribuit:
2882 4527 3177 4598 Accipite,
3239 4525 3539 4598 inquiens,
3601 4531 3663 4580 et

210 4619 411 4671 nostri
444 4627 637 4668 escam
659 4616 1028 4689 spirituaIem
1059 4615 1585 4686 manducaverunt,
1615 4623 1672 4670 et
1687 4623 1884 4687 potum
1921 4633 1968 4686 E
1996 4616 2325 4679 comedite;
2366 4616 2474 4669 hoc
2514 4618 2607 4669 est
2664 4631 2875 4686 corpus
2930 4631 3140 4669 meum.
3203 4616 3285 4669 Ae
3354 4615 3658 4684 deinceps,

204 4707 584 4776 spiritaalem
616 4707 917 4761 biberunt.
951 4704 1182 4773 Corpus
1214 4704 1367 4759 enim
1406 4705 1633 4759 Domini
1668 4721 1884 4775 corpus

207 4797 302 4848 est
334 4795 659 4864 spirituale.
684 4795 914 4865 Corpus
934 4792 1155 4847 Christi
1174 4807 1392 4861 corpus
1424 4797 1515 4846 est
1545 4794 1724 4847 divini
1750 4794 1883 4864 Spi-

201 4884 379 4937 ritus.
425 4908 446 4930 η
488 4885 627 4939 Ηωο
652 4885 792 4938 tanti
833 4882 940 4937 viri
986 4882 1276 4936 sententia
1307 4881 1555 4935 fideliter
1586 4898 1874 4952 expensa,

204 4988 417 5027 omnes
450 4973 865 5027 haereticorum
896 4971 1212 5038 versutias,
1238 4972 1292 5023 et
1325 4970 1603 5024 universa
1633 4972 1886 5027 destruit

199 5062 1051 5132 argumenta,catholieamque
1084 5059 1257 5112 ﬁdem
1290 5074 1320 5113 e
1353 5059 1592 5113 diverso
1633 5062 1883 5115 instruit

205 5154 266 5205 et
299 5149 558 5219 roborat,
592 5154 649 5203 et
671 5150 740 5205 de
772 5151 1020 5205 veritate
1051 5148 1303 5203 naturali
1339 5151 1609 5219 corporis
1640 5166 1707 5204 ac
1741 5167 1884 5205 san-

207 5237 416 5308 guinis
438 5237 581 5292 Jesu
600 5238 819 5293 Christi
851 5238 1180 5293 Salvatoris
1208 5238 1578 5291 devotionem
1607 5237 1889 5308 ﬁdelium,

206 5342 283 5381 ne
315 5326 387 5379 de
421 5328 709 5381 emteroin
728 5327 1191 5397 aliquovacillet,
1238 5326 1891 5382 sutﬁcientermdiﬁcat.

203 5413 393 5478 Quam
422 5416 557 5485 quia
579 5432 685 5486 per
700 5416 934 5488 singula
951 5417 1123 5470 nobis
1142 5415 1432 5485 inquibus
1450 5418 1749 5485 oporteret
1773 5416 1865 5471 dis

211 5505 419 5557 cutere
438 5520 553 5559 non
569 5508 756 5573 vacat,
792 5506 1126 5559 summatim
1159 5504 1564 5573 percurrimus
1594 5519 1740 5572 eam,
1777 5520 1897 5560 mo-

211 5595 429 5646 nentes
479 5598 539 5648 ut
582 5594 680 5665 qui
719 5596 847 5649 haec
876 5594 1087 5648 lecturi
1119 5596 1273 5660 sunt,
1300 5609 1405 5663 per
1433 5608 1500 5647 se
1547 5592 1893 5663 diligentius

206 5679 516 5751 inquirere
534 5684 936 5753 etintelligere
967 5698 1099 5752 quae
1137 5682 1478 5736 indiscussa
1510 5682 1891 5752 praeterimus

209 5771 513 5824 studeant.

281 5859 430 5914 Vlll.
474 5862 569 5915 Ait
588 5876 765 5933 ergo:
802 5882 823 5906 ιι
862 5859 980 5914 Ista
1013 5873 1150 5914 esca
1180 5874 1352 5931 quam
1374 5859 1621 5931 accipis,
1660 5860 1773 5916 iste
1791 5876 1892 5932 pa-

211 5950 308 6006 nis
336 5949 512 6006 vivus
545 5951 642 6020 qui
670 5949 742 6005 de
774 5946 924 6004 caelo
953 5947 1277 6018 descendit,
1312 5949 1448 6005 vitae
1480 5951 1722 6008 aeternae
1746 5951 1890 6009 θιὼ·

829 6098 921 6138 DY
932 6100 957 6138 I'
972 6098 1056 6138 ,ιγ

500 6103 732 6138 Damni

1995 4704 2137 4773 Hoc,
2186 4704 2283 4772 ait,
2336 4704 2518 4758 facite
2570 4704 2631 4758 in
2679 4705 2798 4759 mei
2837 4705 3464 4759 commemorationem.
3517 4703 3663 4758 Haec

1995 4809 2132 4862 vox,
2181 4797 2242 4846 ut
2296 4793 2594 4848 credimus
2655 4797 2709 4848 ct
2758 4794 3122 4862 confitemur,
3211 4796 3305 4847 est
3367 4792 3439 4845 ad
3487 4806 3663 4862 quam

2000 4882 2507 4936 consecrationem
2534 4883 2822 4937 Dominici
2861 4882 3398 4959 mysteriiquotidie
3430 4879 3556 4934 ﬁeri
3586 4880 3662 4934 li-

1998 4975 2155 5042 quet.
2211 4971 2376 5035 Quod
2450 4972 2724 5041 quamvis
2797 4972 2954 5026 aliud
3040 4971 3316 5025 humanis
3391 4971 3666 5024 cernatur

1999 5060 2321 5124 obtutibus,
2409 5060 2680 5130 quamvis
2771 5060 2926 5114 aliud
3021 5057 3362 5130 significare
3445 5056 3666 5113 utiliter

2002 5150 2224 5203 ratione
2255 5149 2449 5219 typica
2479 5164 2595 5203 non
2645 5152 2912 5220 negetur,
2946 5147 3088 5202 nihil
3121 5150 3315 5202 tamen
3347 5147 3504 5202 aliud
3537 5160 3663 5202 om-

2003 5239 2140 5292 nino
2179 5238 2645 5292 substantialiter
2701 5253 2840 5292 esse
2880 5253 3053 5309 quam
3084 5252 3225 5291 vera
3270 5237 3493 5292 Christi
3524 5252 3664 5293 caro

2005 5329 2061 5381 et
2117 5342 2296 5381 verus
2359 5327 2608 5398 sanguis
2679 5327 3114 5397 comprobatur.
3168 5326 3239 5381 Et
3280 5327 3435 5381 sicut
3482 5341 3666 5398 supe-

2003 5416 2131 5471 rius
2155 5416 2233 5469 ait
2253 5416 2461 5470 beatus
2476 5415 2832 5470 Ambrosius
2858 5431 2911 5471 εα
2939 5417 3067 5471 Jam
3096 5432 3212 5471 non
3233 5418 3469 5486 estpost
3483 5416 3668 5471 verba

2005 5505 2269 5560 caelestia
2300 5505 2455 5576 quod
2488 5508 2696 5558 natura
2719 5505 3012 5575 formavit,
3034 5506 3137 5560 sed
3160 5505 3315 5576 quod
3332 5506 3667 5561 benedictio

2005 5594 2270 5648 caelestis
2289 5596 2685 5663 consecravit,
2707 5596 2841 5665 quia
2856 5595 3046 5665 major
3063 5598 3150 5649 est
3182 5596 3275 5650 vis
3298 5594 3667 5649 benedictio-

2004 5683 2097 5736 nis
2120 5683 2352 5737 caelitus
2372 5682 2460 5735 inf
2460 5698 2584 5736 usae
2598 5682 2668 5735 ad
2684 5697 2893 5753 preces
2909 5684 3237 5738 sacerdotis
3255 5699 3427 5753 quam
3443 5686 3668 5737 naturae

2003 5771 2139 5842 quia
2171 5773 2225 5825 et
2243 5772 2373 5840 ipsa
2405 5773 2610 5825 natura
2643 5771 2715 5825 ab
2746 5787 2815 5826 eo
2846 5772 3004 5843 quod
3036 5775 3160 5827 erat
3180 5773 3240 5828 in
3279 5773 3337 5826 id
3369 5769 3525 5844 quod
3547 5785 3666 5824 non

2001 5862 2127 5916 erat
2156 5861 2411 5915 mutatur
2435 5860 2864 5916 benedictione.
2890 5884 2911 5908 »
2951 5862 3118 5917 Unde
3161 5864 3217 5917 et
3244 5860 3391 5915 alias
3421 5861 3482 5914 in
3510 5858 3663 5915 libro

1999 5951 2084 6007 De
2132 5949 2519 6006 sacramentis
2569 5949 2725 6008 idem
2755 5951 2867 6007 ait:
2919 5975 2939 6000 «
2973 5951 3151 6009 Panis
3200 5950 3336 6022 iste,
3367 5948 3538 6021 panis
3569 5953 3662 6007 est
