4134 6174
287 306 445 371 1389

1114 305 1364 369 LIBER
1391 307 1502 368 DE
1535 305 1926 369 CORPORE
1963 306 2064 368 ET
2094 306 2524 371 SANGUINE
2554 310 2909 373 CHRISTI.

3583 314 3737 377 1390

289 510 505 582 quibus
528 507 780 577 denique
797 506 1048 559 humana
1065 504 1393 559 substantia
1416 505 1751 576 quotidiana
1770 505 1953 560 incre-
1973 486 2026 551 Α
2068 505 2164 560 tus
2196 507 2577 561 nihilominus
2604 510 2875 564 Clemens
2909 512 3271 581 apostolicus
3303 514 3362 568 in
3385 515 3632 585 epistola
3660 517 3733 570 ad

289 601 483 654 menta
513 595 1194 666 consequitur,dum,per
1214 609 1413 648 escam
1437 598 1491 648 et
1514 598 1711 664 potum
1730 611 1955 649 assum-

290 693 405 759 pta,
441 688 498 740 in
551 700 783 739 carnem
828 687 882 736 et
934 683 1287 754 sanguinem
1335 686 1565 737 secreta
1596 683 1844 753 quadam
1895 683 1954 735 vi

287 780 515 832 naturae
540 774 781 845 trajecta
813 776 1254 826 convertuntur.
1288 771 1576 845 Caeterum
1622 773 1677 824 in
1711 773 1951 825 veritate

288 880 427 919 caro
449 867 507 917 et
534 861 783 931 sanguis
812 864 949 915 sunt
994 863 1128 930 post
1159 842 1665 914 consecrationem
1697 860 1865 930 panis
1895 862 1952 912 et

284 952 653 1021 yinumJicet
670 952 842 1004 lateat
864 950 1101 1019 species
1122 949 1234 1002 sub
1256 950 1651 1017 praeordinata
1673 949 1953 1002 divinitus

285 1041 669 1097 similitudine
726 1038 1048 1093 visibilium
1106 1054 1324 1092 rerum.
1386 1037 1548 1092 Sicut
1600 1038 1665 1091 in?
1686 1038 1835 1092 libro
1872 1038 1954 1091 De

297 1133 507 1184 sancta
523 1129 801 1182 Trinitate
825 1128 1087 1181 secundo
1110 1128 1259 1181 idem
1278 1127 1527 1181 antistes
1551 1130 1907 1195 protestetur
1937 1143 1948 1179 :

290 1218 501 1283 «Quasi
529 1218 704 1271 homo
743 1216 883 1269 dicit
927 1232 1059 1286 quae
1106 1218 1246 1269 sunt
1266 1216 1539 1282 humana,
1576 1216 1710 1284 quia
1741 1216 1801 1269 in
1828 1231 1956 1268 mea

287 1306 619 1361 substantia
646 1305 1029 1374 loquebatur:
1058 1304 1166 1356 Hic
1186 1304 1464 1371 estpanis
1486 1304 1661 1357 vivus
1694 1305 1794 1374 qui
1824 1305 1959 1357 des-

287 1396 485 1450 cendit
514 1397 586 1449 de
629 1394 799 1459 coelo;
823 1393 994 1463 panis
1016 1392 1113 1446 hic
1146 1408 1282 1446 caro
1306 1396 1416 1455 est,
1439 1394 1593 1445 sicut
1616 1393 1743 1462 ipse
1767 1392 1912 1446 dixit
1945 1408 1956 1446 :

290 1485 399 1538 Hic
430 1485 623 1555 panis,
679 1498 853 1554 quem
894 1498 1006 1553 ego
1044 1481 1216 1551 dabo,
1250 1497 1386 1535 caro
1419 1496 1548 1536 mea
1603 1486 1711 1534 est.
1744 1502 1770 1531 »
1804 1481 1873 1533 Et
1904 1482 1961 1534 in

286 1579 529 1627 octavo:
558 1596 579 1620 α
616 1572 956 1639 Videamus,
990 1570 1195 1641 inquit,
1247 1587 1319 1624 ne
1350 1575 1567 1624 terram
1621 1570 1777 1623 illam
1808 1570 1964 1640 dicat

287 1662 647 1717 arlorandam
667 1660 1153 1730 propheta,quam
1176 1659 1458 1712 Dominus
1482 1659 1663 1712 Jesus
1682 1657 1961 1713 Christus

295 1753 351 1805 in
377 1752 573 1803 carnis
595 1750 999 1818 assumptione
1051 1748 1336 1816 suscepit;
1372 1747 1566 1817 itaque
1598 1763 1703 1816 per
1734 1748 1964 1801 scabel—

285 1842 431 1907 lum,
467 1845 624 1892 terra
680 1838 1061 1908 intelligitur;
1123 1853 1226 1905 per
1281 1840 1496 1889 terram
1555 1839 1768 1905 autem,
1824 1852 2041 1923 earoB

284 1929 509 1984 Christi
568 1943 742 1998 quam
784 1926 1076 1996 hodieque
1108 1926 1168 1978 in
1198 1925 1495 1995 mysteriis
1554 1925 1893 1978 adoramus.
1933 1944 1954 1973 ι

284 2018 506 2072 Beatus
530 2016 906 2086 Augustinus
924 2015 981 2067 in
1010 2015 1165 2068 libro
1182 2015 1263 2067 De
1285 2014 1484 2067 verbis
1510 2014 1734 2067 Domini
1764 2029 1775 2067 :
1802 2014 1958 2067 «Me-

285 2107 455 2174 mini,
479 2107 579 2169 ait,
622 2105 921 2159 sermonis
970 2104 1103 2167 mei,
1141 2105 1275 2173 quia
1310 2118 1442 2155 eum
1476 2102 1546 2156 de
1570 2102 1958 2155 sacramentis

285 2194 750 2263 tractarem,dixi
768 2194 939 2247 vobis
972 2192 1149 2262 quod,
1176 2194 1308 2244 ante
1343 2191 1521 2244 verba
1542 2190 1783 2260 Christi,
1802 2191 1958 2261 quod

288 2284 533 2338 offertur
551 2282 722 2352 panis
745 2282 1005 2344 dicatur;
1040 2280 1139 2333 ubi
1168 2279 1390 2332 Christi
1416 2280 1597 2333 verba
1621 2281 1960 2349 deprompta

287 2373 523 2441 fuerint,
555 2372 674 2441 jam
701 2386 815 2423 non
847 2370 1036 2439 panis,
1057 2368 1163 2421 sed
1186 2384 1403 2437 corpus
1422 2367 1961 2437 appellatur.Quare

286 2477 435 2532 ergo
472 2462 529 2513 in
569 2459 845 2513 Oratione
878 2458 1203 2523 Dominica,
1259 2474 1390 2527 quae
1421 2461 1629 2526 postea
1668 2458 1959 2527 sequitur,

283 2548 917 2619 ait,panemnoslrum?
958 2548 1173 2599 Panem
1208 2546 1465 2615 quidem,
1502 2546 1606 2599 sed
1648 2545 1962 2615 supersub-

290 2638 635 2691 stantialem
661 2653 671 2690 :
697 2652 814 2690 non
834 2638 926 2688 est
948 2636 1057 2688 iste
1088 2635 1259 2705 panis
1291 2636 1392 2705 qui
1424 2634 1579 2687 vadit
1614 2635 1669 2686 in
1703 2649 1958 2704 corpus;

286 2728 393 2781 sed
430 2727 525 2780 ille
558 2727 693 2780 vita}
727 2728 962 2778 aeternae
996 2724 1164 2793 panis
1198 2725 1298 2794 qui
1324 2724 1533 2776 animae
1566 2726 1786 2776 nostrae
1819 2723 1958 2777 sub-

290 2816 562 2869 stantiam
598 2815 783 2868 fulcit.
822 2835 842 2861 »
900 2813 984 2866 Ex
1024 2813 1133 2866 hac
1188 2813 1369 2883 igitur
1395 2814 1510 2865 tam
1543 2813 1854 2882 perspicua
1888 2814 1958 2866 de

288 2906 662 2959 sacramento
695 2903 1000 2956 Dominico
1015 2902 1302 2954 sententia
1335 2902 1503 2954 datur
1532 2901 1776 2972 intelligi
1802 2902 1981 2971 quod

286 2993 661 3047 consecratio
695 2992 791 3045 illa
836 2990 1289 3061 supercoeleslis
1323 3006 1437 3042 non
1472 2990 1678 3043 umbra
1711 2990 1805 3057 sit,
1851 2989 1957 3043 sed

288 3098 430 3135 vere
463 3098 683 3151 corpus
714 3085 770 3135 et
804 3079 1076 3150 sanguis.
1112 3079 1225 3131 Ubi
1257 3083 1451 3131 autem
1486 3078 1700 3131 dicitur
1748 3094 1957 3145 panem

286 3170 945 3242 supersubstantialem,
982 3183 1097 3221 non
1150 3167 1246 3237 qui
1279 3166 1437 3219 vadit
1470 3167 1525 3218 in
1577 3183 1815 3234 corpus,
1849 3166 1955 3219 sed

286 3262 391 3331 qui
422 3261 634 3313 animae
669 3261 887 3312 nostrae
918 3257 1307 3310 substantiam
1337 3254 1518 3320 fulcit,
1574 3258 1727 3322 patet
1758 3254 1955 3324 utique

287 3351 426 3420 quia
475 3349 671 3402 Oratio
731 3347 1029 3399 Dominica
1064 3361 1178 3398 non
1210 3344 1279 3397 de
1326 3343 1440 3397 isto
1473 3342 1772 3412 temporali
1806 3357 1955 3411 pane

286 3440 388 3509 qui
424 3438 482 3491 in
513 3453 732 3506 corpus
753 3436 911 3489 vadit
932 3434 1063 3487 etin
1086 3448 1396 3487 secessum
1446 3432 1743 3501 emittitur,
1778 3432 1949 3499 dicat,

285 3528 396 3581 sed
431 3527 501 3580 de
535 3526 629 3579 illo
654 3526 753 3595 qui
785 3526 1166 3578 consecratur
1188 3521 1404 3574 divinis
1427 3520 1953 3589 verbis,sumptus-

288 3632 406 3686 que
436 3616 602 3669 fulcit
633 3614 885 3667 animam
915 3610 1333 3679 nostram.Qui,
1369 3610 1504 3662 dum
1538 3608 1796 3677 offertur,
1831 3613 1953 3661 tan-

284 3705 589 3761 tummodo
648 3703 815 3772 panis
847 3704 938 3755 est
969 3704 1024 3754 et
1056 3699 1375 3768 temporale
1427 3697 1621 3750 carnis
1654 3698 1952 3750 moriturte

290 3794 651 3860 subsidium;
686 3796 817 3861 post
866 3789 1335 3844 consecrationis
1392 3802 1531 3839 vero
1585 3786 1948 3855 mysterium,

289 3899 431 3938 caro
463 3881 681 3935 Christi
738 3883 830 3935 est
859 3896 999 3933 vera
1052 3882 1107 3931 et
1137 3875 1461 3930 immortale
1518 3874 1710 3928 ﬁdelis
1743 3874 1953 3927 animae

288 3972 656 4042 praesidium,
688 3971 913 4040 sicque,
967 3969 1079 4022 sub
1123 3968 1305 4021 forma
1348 3981 1523 4037 quam
1580 3961 1956 4016 invisibiliter

291 4061 622 4131 praetendit,
659 4060 906 4113 salutem
937 4059 1092 4129 quod
1115 4057 1376 4110 divinum
1399 4060 1490 4109 est
1512 4056 1786 4123 operatur
1816 4052 1956 4105 tide-

294 4152 430 4205 liter
459 4150 867 4220 percipientis,
888 4163 997 4201 nec
1028 4163 1133 4217 per
1151 4145 1547 4217 aqualiculum
1570 4143 1817 4212 turpiter
1845 4155 1955 4211 ege

291 4243 427 4294 stus
480 4239 646 4308 perit,
683 4238 787 4291 sed
829 4238 1170 4291 reverenter
1198 4236 1534 4303 insumptus
1565 4232 1776 4285 animae
1807 4230 1954 4285 sub-

291 4329 566 4382 stantiam
599 4327 782 4381 fulcit.

363 4417 437 4470 X.
470 4415 635 4479 Quod
672 4415 1030 4470 Paschasius
1064 4429 1318 4485 quoque,
1369 4412 1549 4466 divini
1603 4409 1961 4464 sacramenti

291 4504 1099 4575 scrutatordiligentissimus
1131 4502 1564 4571 discussorque
1606 4500 1955 4568 catholicus,

1985 3208 2039 3280 C

2066 596 2352 651 Jacobum
2384 596 2603 650 directa
2625 599 2681 650 in
2714 616 2825 668 qua
2862 616 2925 653 se
2957 603 3209 670 apostoli
3257 604 3412 657 Petri
3445 605 3625 659 refert
3649 605 3735 660 in-

2064 686 2293 739 didisse
2340 691 2655 756 prmecpta,
2684 688 2924 756 imperat
2960 696 3252 760 quatenus
3286 684 3556 764 ministri,
3591 695 3734 749 reli-

2062 775 2240 857 quias
2257 790 2478 828 mensae
2502 776 2822 829 Dominicaa
2846 783 3382 850 assumentes,quac
3398 797 3463 835 ea
3481 786 3735 853 tempes-

2071 865 2186 916 tate
2213 865 2569 932 permaxime
2612 869 3207 937 consueveruntﬁeri,
3244 886 3275 921 a
3308 870 3553 941 reliquis
3585 872 3736 927 cibis

2070 953 2247 1005 certis
2281 952 2645 1007 abstinerent
2704 955 2978 1009 horarum
3035 958 3384 1027 interstitiis,
3418 964 3480 1012 ut
3510 961 3739 1016 scilicet

2080 1041 2178 1111 qui
2200 1042 2368 1094 tertia
2392 1042 2507 1095 diei
2528 1041 2669 1096 hora
2692 1046 3170 1116 communicaret,
3191 1048 3259 1100 ad
3287 1050 3515 1101 sextam
3546 1064 3738 1120 usque

2074 1128 2393 1200 jejunaret;
2419 1132 2517 1200 qui
2541 1147 2679 1186 vero
2700 1134 3133 1204 sexta,jcjunus
3165 1136 3607 1204 praestolaretur
3627 1154 3737 1192 no-

2077 1219 2421 1289 nam;etqui
2444 1236 2613 1288 nona,
2642 1223 2697 1274 in
2729 1238 2980 1290 vespera
3020 1225 3382 1279 reficeretur.
3416 1225 3560 1289 Quia
3592 1242 3737 1297 ergo

2078 1311 2211 1377 post
2251 1310 2685 1377 perceptionem
2707 1312 3119 1380 mysteriorum
3147 1302 3383 1366 sta'tutis
3408 1318 3737 1383 temporum

2074 1397 2587 1467 momentisjussit
2610 1415 2640 1450 a
2660 1401 3072 1453 communibus
3098 1402 3534 1456 observandum
3558 1404 3731 1473 cibis,

2071 1486 2331 1555 nunquid
2366 1485 2565 1555 aliqua
2623 1486 3067 1541 distendcbatur
3099 1489 3492 1544 sollicitudine
3524 1492 3593 1545 de
3629 1508 3730 1546 sa-

2072 1577 2503 1626 cramentorum
2536 1576 2819 1639 stercore,
2881 1578 3051 1645 quasi
3084 1578 3441 1647 pretiosieri,
3477 1596 3550 1634 ne
3581 1579 3733 1635 forte

2072 1663 2562 1715 commisceretur
2581 1663 2828 1716 aliorum
2852 1665 3117 1717 ciborum
3148 1666 3527 1737 viliori,quod
3550 1669 3735 1723 hone-

2072 1750 2243 1803 stiori
2272 1750 2516 1803 forsitan
2553 1766 2803 1804 secessu
2855 1757 3151 1819 oporteret
3186 1754 3417 1809 ret‘undi
3441 1757 3468 1809 ἱ)
3526 1755 3733 1812 Absit!

2071 1839 2277 1909 Neque
2292 1840 2445 1892 enim
2461 1839 2530 1891 dc
2547 1838 2955 1893 discernendis
2982 1843 3349 1895 stercoribus
3374 1844 3444 1897 ab
3467 1847 3735 1914 apostolo

2069 1933 2378 1997 acceperat
2427 1927 2820 1997 disciplinam,
2855 1945 3029 1998 quam
3082 1930 3179 1982 alii
3236 1931 3434 1985 itidem
3467 1934 3735 2001 apostolo

2072 2018 2371 2070 mandaret
2394 2017 2725 2081 tenendam,
2753 2017 2859 2070 sed
2885 2018 2954 2071 de
2983 2019 3204 2072 sanctis
3226 2035 3449 2074 mensae
3470 2022 3737 2076 Domini-

2070 2123 2155 2159 ca}
2174 2106 2519 2175 fragmentis
2535 2105 3191 2176 praeceptionem,quam
3209 2109 3441 2162 caeteris
3453 2108 3732 2179 traderet,

2067 2194 2695 2263 acceperat.Quaecum
2727 2199 2939 2264 quanta
2980 2195 3099 2248 sint
3120 2198 3429 2250 sanctitate
3461 2213 3735 2253 reveren-

2064 2282 2590 2354 tiaquetractanda,
2628 2282 2930 2335 evidenter
2959 2283 3377 2351 insinuat,cum
3408 2287 3733 2356 participes

2066 2388 2271 2426 eorum
2293 2371 2362 2423 ad
2388 2386 2730 2424 communes
2753 2371 2907 2424 illico
2932 2387 3105 2424 escas
3128 2373 3411 2426 accedere
3431 2376 3733 2440 vetat,non

2067 2464 2126 2514 ut
2157 2460 2586 2514 commistionis
2612 2464 2890 2512 caveatur
2912 2460 3275 2528 obscenitas;
3292 2477 3424 2531 qum
3448 2463 3500 2515 si
3519 2478 3731 2531 prove-

2067 2550 2221 2603 niret
2248 2549 2483 2602 minime
2507 2551 2669 2601 esset
2691 2549 2973 2615 cavenda,
3004 2549 3109 2601 sed
3134 2552 3195 2601 ut
3229 2551 3557 2604 sanctitatis
3594 2551 3732 2605 offi-

2066 2639 2248 2692 ciales
2268 2638 2338 2690 ad
2364 2636 2783 2706 parcimoniam
2808 2636 3267 2708 amplioremque
3288 2638 3449 2710 frugi
3482 2639 3618 2694 vitae
3642 2641 3732 2693 in-

2068 2727 2345 2780 formaret
2401 2726 2780 2795 diligentiam,
2844 2741 2911 2776 ac
2968 2742 3038 2779 ne
3072 2727 3363 2795 imperitis
3422 2727 3573 2781 falsa
3613 2730 3734 2798 opi-

2067 2816 2241 2870 nandi
2275 2815 2511 2869 occasio
2544 2815 2799 2883 daretur,
2850 2816 3341 2886 negligentesque
3374 2817 3725 2874 damnabilis

2067 2922 2234 2960 noxm
2259 2905 2611 2974 supplicium
2635 2908 3000 2974 sequeretur,
3018 2904 3172 2973 quod
3197 2905 3448 2959 minatur
3468 2908 3692 2976 Aposto

2061 2996 2155 3049 lus
2188 2994 2530 3060 Corinthiis,
2567 2994 2663 3061 qui
2698 2994 2847 3046 inter
2902 2994 3203 3063 agendum
3236 2994 3467 3048 Domini
3498 3013 3729 3050 coenam

2062 3083 2402 3137 effrenatius
2435 3081 2996 3152 indulgebantgulae
3026 3080 3348 3145 illecebris,
3376 3084 3593 3153 quibus
3626 3085 3724 3140 ait:

2064 3172 2265 3240 Itaque
2281 3172 2602 3241 quicunque
2625 3170 2905 3223 manduca
2918 3171 3072 3223 verit
3091 3186 3299 3240 panem
3332 3171 3484 3226 hunc
3503 3180 3561 3226 et
3593 3173 3731 3227 cali-

2062 3276 2185 3313 cem
2204 3259 2429 3313 biberit
2448 3258 2983 3329 indignejudicinm
3008 3259 3452 3313 sibimandueat
3467 3268 3525 3315 et
3544 3261 3723 3321 bibit.

2062 3366 2172 3403 non
2199 3349 2537 3419 dijudicans
2554 3364 2766 3418 corpus
2788 3347 3040 3401 Domini.
3069 3347 3205 3401 Ideo
3236 3364 3488 3420 namque
3522 3354 3724 3405 reatus

2060 3438 2272 3509 ingens
2306 3437 2833 3499 contrahitur,inde
2865 3437 3187 3490 vehemens
3206 3453 3373 3507 paena
3398 3439 3726 3510 subsequi-

2062 3530 2172 3593 tur,
2208 3525 2364 3595 quod
2397 3524 2741 3594 mysterium
2796 3524 3160 3578 Dominicum
3189 3540 3305 3578 non
3338 3524 3717 3595 dijudicatur,

2069 3614 2123 3667 id
2157 3618 2265 3682 est,
2287 3630 2314 3665 a
2344 3613 2589 3682 reliquis
2623 3613 2772 3665 cibis
2804 3613 3041 3666 minime
3072 3613 3452 3682 discernitur,
3487 3617 3723 3685 quando

2072 3705 2144 3758 ab
2180 3702 2486 3772 imperitis,
2522 3702 2639 3754 imo
2662 3701 2876 3771 impiis,
2930 3702 2983 3754 in
3015 3701 3346 3772 digestione
3381 3703 3614 3757 absolvi
3639 3703 3731 3774 ja-

2072 3796 2277 3847 ctatur.
2304 3791 2468 3844 Unde
2484 3790 2694 3843 beatus
2725 3791 3097 3860 Augustinus
3128 3793 3187 3845 in
3218 3791 3540 3863 Evangelio
3560 3794 3731 3848 Joan-

2068 3884 2181 3949 nis,
2221 3880 2575 3950 Quicunque,
2610 3879 2798 3948 inquit
2822 3880 3272 3934 manducaverit
3312 3896 3525 3951 panem
3557 3887 3617 3936 et
3645 3882 3730 3935 bi-

2064 3971 2198 4024 beri
2204 3976 2223 4021 ι
2242 3968 2483 4022 calicem
2498 3967 2761 4036 indigne,
2775 3982 2914 4020 reus
2927 3969 3045 4020 erit
3060 3970 3329 4038 corporis
3342 3976 3398 4024 et
3416 3971 3731 4041 sanguinis

2062 4057 2300 4112 Domini
2325 4073 2334 4108 :
2358 4056 2439 4108 De
2464 4056 2556 4108 his
2578 4058 2702 4108 erat
2724 4070 3080 4123 sermo,cum
3103 4056 3214 4110 hoc
3235 4058 3557 4126 Apostolus
3572 4059 3728 4114 dice-

2065 4140 2277 4217 ret,qui
2298 4145 2522 4198 Domini
2562 4160 2777 4213 corpus
2797 4144 2955 4197 velut
2977 4145 3297 4214 quemlibet
3328 4146 3505 4198 alium
3530 4148 3728 4202 cibum

2066 4236 2387 4290 indiscrete
2407 4234 2892 4305 negligenterque
2908 4233 3353 4286 sumebant.Hic
3369 4250 3514 4305 ergo
3536 4236 3589 4288 si
3604 4252 3727 4290 cor-

2066 4326 2274 4394 ripitur
2314 4323 2413 4393 qui
2442 4338 2554 4376 non
2589 4320 2888 4391 dijudicat,
2930 4321 3043 4376 hoc
3083 4326 3194 4390 est,
3229 4338 3342 4376 non
3379 4322 3665 4377 discernit
3696 4341 3730 4379 a

2070 4414 2303 4467 cmieris
2332 4411 2695 4464 Dominicum
2720 4410 3258 4482 corpus,quomodo
3292 4412 3602 4465 damnatur
3630 4412 3733 4483 qui
3782 4441 3789 4445 ~

2071 4503 2139 4556 ad
2161 4502 2292 4571 ejus
2312 4516 2575 4555 mensam
2596 4500 2826 4571 ﬁngens
2864 4502 3134 4571 amicum,
3169 4502 3442 4554 inimicus
3461 4502 3732 4556 accedit?

292 4592 1324 4663 inlibrosuo,utbeatusAugustinus
1340 4591 1609 4645 sensisse
1625 4591 1960 4661 comproba.
1989 4569 2051 4636 ι)
2071 4592 2326 4646 Proinde
2354 4590 2542 4656 valde,
2578 4592 2638 4642 ut
2669 4589 2946 4657 superius
2979 4590 3257 4659 diximus,
3293 4591 3620 4644 cavendum
3639 4593 3734 4645 est

295 4685 477 4755 tur,in
509 4685 793 4754 quointer
825 4685 1035 4736 caetera
1069 4683 1155 4733 sic
1176 4682 1285 4734 ait:
1317 4701 1338 4728 α
1366 4679 1664 4733 Frivolum
1682 4684 1956 4751 estergo,

293 4782 355 4829 ut
390 4775 449 4827 in
479 4772 818 4843 apocrypho
839 4771 1141 4842 lcgitur,in
1163 4771 1269 4823 hoc
1294 4770 1572 4839 mysterio
1605 4769 1864 4841 cogitare
1887 4769 1959 4823 de

294 4868 585 4928 stercore,
646 4877 718 4915 ne
766 4860 1221 4914 commisceatur
1251 4859 1308 4911 in
1342 4858 1674 4927 digestione
1715 4857 1958 4912 alterius

294 4952 708 5022 cibi.Denique
743 4951 842 5004 ubi
871 4948 1193 5019 spiritualis
1245 4952 1467 5015 esca,et
1498 4954 1671 5016 potus
1703 4946 1959 5017 percipi-

295 5042 477 5108 tur,et
507 5040 760 5110 Spiritus
779 5042 1022 5093 sanctus
1041 5052 1146 5107 per
1166 5051 1297 5090 eum
1322 5038 1376 5090 in
1404 5036 1637 5089 homine
1662 5038 1955 5103 Operatur,

294 5134 359 5185 ut
389 5130 441 5183 si
456 5111 610 5200 'quid
645 5131 700 5181 in
732 5143 802 5181 eo
835 5127 1025 5181 adhuc
1067 5126 1301 5179 carnale
1335 5128 1424 5179 est
1482 5124 1873 5179 transferatur
1901 5124 1959 5176 in

294 5218 588 5289 spiritum,
615 5221 671 5271 et
691 5217 785 5269 fiat
816 5217 992 5269 homo
1015 5214 1505 5285 Spiritualis,quid
1530 5213 1959 5268 commistionis

292 5307 501 5362 haberi
530 5307 772 5376 poterit?
829 5305 1119 5369 Quantum
1179 5305 1359 5375 igitur
1391 5304 1569 5357 distat
1612 5304 1708 5357 illa
1742 5307 1961 5357 interna

295 5399 413 5451 vita
448 5397 519 5449 ab
561 5398 670 5449 ista
725 5394 971 5462 mortali,
1008 5397 1226 5447 tantum
1287 5396 1343 5446 et
1381 5395 1491 5447 iste
1524 5394 1693 5446 cibus
1726 5394 1961 5448 omnino

299 5485 642 5556 praeeminet
691 5483 763 5537 ab
824 5483 919 5536 illo
973 5483 1265 5535 communi
1298 5498 1412 5551 quo
1447 5481 1621 5535 simul
1654 5482 1965 5536 nobiscum

297 5575 469 5628 etiam
501 5573 771 5627 animalia
804 5574 1026 5626 vivunt.
1066 5595 1087 5617 »
1124 5570 1277 5624 Ecce
1318 5570 1456 5641 quid
1486 5573 1845 5625 memoratus
1877 5572 1968 5625 vir

297 5667 541 5717 secutus
557 5661 963 5716 auctoritatem
992 5660 1255 5730 priorum
1282 5659 1521 5712 Patrum
1544 5659 1777 5714 dixerit.
1817 5658 1966 5714 Bea-

2071 4697 2142 4737 ne
2168 4698 2280 4735 non
2298 4681 2687 4745 discernatur,
2709 4678 2765 4731 id
2799 4682 2909 4747 est,
2930 4679 3248 4733 indiscrete
3291 4680 3385 4733 vel
3417 4680 3734 4752 negligen-

2071 4775 2158 4824 ter
2191 4773 2458 4823 sumatur
2506 4767 2872 4822 Dominicum
2906 4782 3143 4836 corpus,
3204 4766 3362 4838 quod
3410 4783 3529 4822 non
3561 4768 3733 4823 modo

2074 4860 2279 4913 mortis
2304 4861 2539 4911 aeternae
2558 4856 2909 4925 supplicium
2937 4856 3312 4926 submovere,
3334 4872 3538 4911 verum
3561 4857 3737 4911 etiam

2076 4947 2323 5019 gratiam
2374 4946 2507 4999 vitae
2554 4945 2834 5015 perennis
2868 4946 3117 5000 tideliter
3146 4951 3443 5016 sumptum
3477 4947 3737 5001 creditur

2075 5036 2393 5105 impertire,
2448 5035 2606 5087 velut
2637 5033 2906 5103 ejusdem
2937 5036 3199 5088 muneris
3258 5038 3462 5089 auctor
3488 5037 3739 5089 testatur

2078 5126 2315 5177 dicens:
2344 5123 2412 5177 Si
2437 5123 3031 5195 quzsmanducaverit
3055 5140 3132 5176 ex
3151 5124 3438 5193 liocpane,
3482 5124 3643 5179 vivet
3672 5123 3736 5178 in

2076 5213 2500 5268 aeternumHic
2531 5212 2723 5282 itaque
2746 5213 2917 5282 panis
2942 5211 3203 5266 caelestis
3235 5213 3609 5282 sacramenti,
3637 5214 3738 5285 qui

2077 5304 2253 5357 vitam
2270 5302 2610 5355 mortalibus
2626 5301 2884 5355 refundit
2899 5301 3223 5372 mortisque
3239 5317 3468 5370 poenam
3485 5306 3733 5376 repellit,

2074 5394 2250 5463 longe
2296 5390 2922 5461 incompatibiliterque
2953 5391 3025 5444 ab
3060 5391 3154 5445 illo
3191 5393 3290 5462 qui
3325 5408 3576 5465 corpora
3606 5398 3737 5449 tan-

2074 5480 2371 5536 tummodo
2392 5478 2795 5546 curat,difTert;
2818 5496 2883 5532 ac
2907 5495 3011 5548 per
3036 5480 3147 5534 hoc
3167 5482 3328 5535 credi
3346 5485 3502 5554 quod
3534 5485 3740 5554 pereat

2073 5585 2440 5640 nequaquam
2476 5570 2721 5636 oportet,
2749 5583 2842 5635 ne,
2891 5568 2987 5621 ubi
3038 5569 3172 5623 vitae
3211 5571 3396 5641 gratia
3428 5589 3534 5642 per
3562 5572 3738 5626 fidem

2072 5659 2394 5715 haurienda
2429 5662 2540 5725 est,
2600 5657 2935 5727 periculosa
2967 5660 3172 5714 mortis
3203 5660 3278 5716 ob
3310 5661 3616 5731 perﬁdiam
3642 5661 3736 5716 in-
