4134 6174
466 226 619 288 1391

1488 224 1873 287 DURANDI
1905 224 2252 288 ABBATIS
2281 204 2893 292 TROARNENSIS.

3715 238 3841 300 4392

466 428 736 479 curratur
762 425 916 495 lues,
967 425 1122 479 sicut
1180 426 1554 497 Augustinus
1580 425 1658 480 ait
1685 442 1696 478 :
1723 448 1742 471 «ι
1782 425 1905 479 Erit
1937 429 2128 480 autem
2155 410 2211 473 λ
2243 426 2398 480 seris
2414 426 3384 498 blasphemiarum.Atnos,quibus
3398 444 3510 484 non
3523 432 3841 503 animositas,

461 513 982 583 illihominimors,
1008 530 1126 569 non
1172 515 1308 583 vita,
1344 514 1444 585 qui
1465 514 1805 568 mendacem
1838 515 2129 585 putaverit

463 602 674 657 Vitam.
700 622 723 652 ι
759 601 1101 657 Mendaeem
1129 604 1342 674 quippe
1373 605 1533 672 putat
1564 604 1773 670 Vitam,
1796 604 1908 671 vel,
1934 619 2123 674 quan-

461 695 585 746 tum
607 693 664 745 in
687 707 754 746 se
778 694 887 761 est,
914 691 1069 760 facit,
1096 693 1195 763 qui
1219 693 1623 747 sacratissima
1652 692 1832 746 verba
1866 692 2112 746 Redem-

461 780 651 849 ptoris
672 780 1055 851 interpolare,
1086 781 1178 834 vel
1203 780 1353 835 falso
1383 783 1690 850 praesumit
1722 781 2120 851 interpretari:

463 871 639 939 atque
669 885 777 939 per
807 869 918 922 hoc
949 869 1033 921 illi
1062 885 1246 939 mors,
1272 886 1388 923 non
1410 870 1525 923 vita
1548 871 1677 937 erit,
1725 870 1861 923 dum
1894 869 1963 923 de
1997 869 2126 923 Vita

464 955 635 1011 aliter
656 972 830 1029 quam
853 958 981 1027 ipsa
1016 958 1141 1011 Vita
1189 959 1385 1027 sentit,
1437 975 1570 1028 quae
1600 959 1714 1013 ait:
1742 959 1931 1013 Panis
1961 976 2124 1030 quem

470 1060 580 1116 ego
604 1045 829 1100 dedero
858 1062 997 1100 caro
1026 1062 1152 1100 mea
1184 1054 1275 1099 est
1291 1061 1403 1117 pro
1433 1048 1635 1101 mundi
1671 1049 1807 1101 vita.
1845 1048 1953 1101 Hic
1983 1063 2126 1119 ergo

465 1135 665 1203 specie
687 1137 861 1187 tenus
882 1135 1075 1204 panis,
1125 1136 1228 1189 sed
1274 1136 1331 1189 in
1361 1137 1601 1190 veritate
1651 1152 1789 1190 caro
1826 1136 2124 1205 Veritatis,

466 1224 523 1276 et
554 1222 670 1275 vita
690 1221 883 1276 ﬁdelis
919 1224 1139 1293 mundi,
1170 1223 1459 1294 judicium
1487 1241 1628 1278 vero
1660 1225 1937 1293 inﬁdelis,
1975 1226 2128 1280 sicut

462 1311 594 1379 ipsa
627 1310 863 1365 Veritas
893 1313 987 1365 cui
1032 1312 1181 1366 ﬁdes
1215 1314 1544 1368 adhibenda
1575 1317 1685 1382 est,
1736 1318 1938 1383 aperte
1968 1331 2127 1384 prae-

466 1399 728 1469 scripsit,
763 1399 823 1453 in
862 1400 1097 1455 homine
1128 1402 1306 1455 vitam
1339 1419 1454 1456 non
1504 1404 2127 1474 stereora,mentisque

464 1486 701 1542 nitelam
731 1504 848 1542 non
880 1491 1271 1559 corruptelam
1304 1495 1579 1560 operatur
1609 1493 1974 1557 ventris.Qui
1993 1509 2128 1562 pro-

463 1575 599 1631 inde
633 1579 877 1631 vocatur
922 1580 1536 1648 supersubstantialis,
1596 1582 1730 1651 quia
1764 1582 2131 1651 superiorem

467 1664 630 1720 fovet
687 1664 1081 1721 substantiam
1138 1668 1413 1739 hominis,
1477 1673 1825 1741 vegetatque
1882 1687 1949 1724 ac
1994 1687 2132 1742 pro-

2242 514 2349 568 sed
2380 515 2647 569 veritatis
2694 516 2885 586 placet
2915 517 3251 587 sinceritas,
3300 520 3615 573 auctoritati
3657 530 3841 579 sancta

2243 602 2562 674 Scripturae
2591 604 2890 675 cedentes,
2916 620 2984 658 ac
2995 620 3113 659 non
3132 620 3259 659 eam
3282 606 3596 661 secundum
3618 625 3735 680 nos,
3761 629 3846 666 ve-

2248 708 2376 746 rum
2405 696 2645 747 nostros
2679 694 2872 766 magis
2905 709 3125 748 sensus
3155 694 3229 747 ad
3259 709 3384 748 eam
3441 696 3844 769 conformantes,

2247 796 2355 835 nec
2388 782 2444 834 in
2466 781 2599 852 ejus
2617 779 2899 837 varieta‘te
2928 782 3372 853 dissonantiam,
3407 784 3511 837 sed
3556 786 3848 855 multiplicis

2247 869 2650 941 intelligentiae
2672 871 2860 925 lineas
2890 871 3330 941 amplectentes,
3372 872 3450 925 ita
3470 880 3848 932 sacramentum

2247 958 2615 1012 Dominicum
2648 959 2902 1030 ﬁguram
2925 958 3093 1029 juxta
3143 959 3362 1030 aliquid
3384 963 3440 1014 et
3460 962 3846 1019 similitudinem

2246 1063 2362 1101 non
2383 1053 2762 1118 negamus,ut
2786 1049 2846 1101 in
2867 1048 3110 1101 veritate
3140 1050 3334 1102 tamen
3353 1064 3566 1119 corpus
3595 1049 3783 1106 Christi
3807 1060 3849 1108 et

2246 1136 2596 1207 sanguinem
2609 1136 2952 1190 naturaliter
2964 1138 3220 1191 existere
3235 1138 3848 1206 proﬁteamur.Aitenim

2250 1224 2570 1278 Corinthiis
2599 1225 2919 1295 Apostolus
2945 1242 2956 1279 :
2987 1224 3473 1297 Quotiescumque
3494 1242 3689 1298 panem
3731 1228 3849 1282 hunc

2245 1313 2682 1367 manducabitis
2713 1322 2771 1367 et
2802 1314 3043 1368 calicem
3098 1312 3346 1383 bibatis,
3400 1321 3635 1369 mortem
3664 1316 3853 1371 Domini

2247 1402 2872 1467 annuntiabitis.Quod
2895 1419 2966 1456 ex
2990 1402 3190 1456 verbis
3208 1402 3534 1456 derivatum
3580 1404 3849 1458 Dominicis

2244 1491 2391 1544 ratio
2416 1490 2723 1544 manifesta
2743 1492 2956 1561 prodit,
2982 1491 3199 1561 quibus
3240 1492 3445 1561 utique
3474 1490 3726 1546 Christus
3752 1494 3850 1547 suis

2245 1578 2556 1648 discipulis
2573 1580 2872 1648 passionis
2905 1596 3031 1633 suae
3061 1580 3423 1634 mentionem
3453 1581 3719 1649 indicens,
3751 1583 3812 1634 ait
3837 1599 3846 1634 :

2244 1666 2368 1722 Hoc
2393 1674 2483 1722 est
2507 1684 2718 1739 corpus
2749 1669 3115 1740 meum,quod
3128 1685 3239 1739 pro
3261 1669 3435 1723 vobis
3468 1670 3737 1723 tradetur.
3766 1670 3850 1723 Hic

463 1753 648 1823 vehit;
682 1756 836 1825 quod
870 1756 1134 1825 profecto
1194 1761 1326 1811 ante
1383 1760 1892 1814 consecrationem
1949 1776 2128 1832 agere
2163 1784 2217 1848 Β
2245 1755 2727 1828 calixsanguinis
2744 1758 2989 1829 mei,qui
3000 1774 3111 1828 pro
3130 1757 3297 1812 vobis
3312 1756 3662 1820 effundatur,-
3681 1758 3849 1812 hecfa-

465 1842 668 1913 nequit
681 1845 952 1898 terrenus
976 1845 1145 1914 panis
1169 1846 1269 1916 qui
1288 1847 1344 1898 in
1369 1862 1589 1916 corpus
1626 1848 1785 1902 vadit
1818 1865 1830 1903 :
1864 1850 1971 1903 sed
1994 1849 2126 1919 iste,

464 1931 744 1986 nimirum
778 1933 879 2004 qui
926 1933 1136 1988 animae
1167 1934 1555 1989 substantiam
1590 1936 1775 2006 fulcit,
1804 1938 1901 2008 qui
1925 1939 2131 1992 merito

462 2020 585 2093 jam
600 2025 736 2091 post
757 2021 936 2076 verba
956 2022 1277 2088 Dominiea,
1302 2028 1360 2078 ut
1379 2025 1750 2096 Augustinus
1769 2028 1865 2096 ait,
1892 2032 2135 2082 vocatur

466 2108 688 2163 Christi
707 2126 948 2181 corpus,
984 2127 1099 2164 non
1143 2113 1337 2182 panis,
1372 2117 1568 2183 utpote
1588 2116 1648 2168 in
1666 2116 2132 2170 aliudlransfor-

466 2201 661 2252 matus
685 2199 1020 2268 operatorio
1041 2200 1421 2271 coelitusjure
1441 2204 1826 2257 sacrandi.De
1845 2221 1958 2275 quo
1984 2221 2132 2275 pane

469 2286 606 2359 quia
657 2287 985 2356 spiritualis
1018 2292 1110 2342 est
1141 2293 1195 2343 et
1228 2290 1364 2344 vitae
1397 2295 1656 2360 aeternae,
1692 2309 1903 2365 magna
1959 2296 2132 2349 nobis

466 2375 762 2447 ingeritur
789 2379 1124 2432 necessitas
1142 2380 1497 2449 postulandi,
1516 2387 1576 2435 ut
1596 2382 1882 2453 scriptum
1900 2384 2134 2437 estzPa—

467 2478 601 2518 nem
619 2469 883 2519 nostrum
931 2468 1329 2539 quotidianum
1353 2469 1425 2522 da
1446 2469 1616 2523 nobis
1654 2471 1918 2525 bodie.Si
1938 2476 2133 2543 quoti-

471 2552 680 2607 dianus
700 2556 1079 2625 est,quotidie
1098 2573 1202 2626 pro
1250 2560 1410 2611 certo
1434 2563 1485 2611 et
1501 2561 1859 2628 quaerendus
1882 2564 1993 2629 est;
2026 2578 2134 2616 nec

469 2640 642 2695 debet
656 2641 1023 2698 intercedere
1042 2643 1313 2698 diuturna
1333 2662 1466 2700 eum
1479 2649 1711 2717 petendi
1729 2649 2132 2720 dilatio,cujus

471 2732 702 2783 constat
752 2730 945 2786 vitalis
997 2732 1395 2805 salutarisque
1455 2738 1664 2790 animae
1695 2740 2013 2808 perceptio.
2049 2740 2133 2793 De

469 2818 776 2889 temporali
788 2822 981 2874 autem
1002 2836 1151 2891 pane
1167 2826 1222 2876 et
1235 2825 1528 2878 communi
1543 2824 1937 2881 sollicitudine
1963 2828 2135 2881 inter-

469 2906 685 2962 dicitur
703 2907 798 2963 his
813 2909 1186 2966 verbis:Noli
1192 2919 1248 2968 te
1260 2912 1508 2968 solliciti
1521 2915 1975 2983 esse,dieentes:
1986 2916 2137 2982 Quid

465 2995 972 3068 manducabimus,
1007 3006 1103 3053 aut
1132 3001 1271 3073 quid
1313 2999 1625 3057 bibemus?
1660 3004 1919 3069 Quaerite
1941 3013 2133 3061 autem

466 3097 717 3158 regnum
731 3086 845 3141 Dei
849 3094 930 3157 ,et
946 3090 1135 3143 omnia
1148 3090 1274 3144 haec
1287 3092 1648 3163 adficientur
1666 3095 1849 3149 vobis.
1864 3096 2135 3167 Regnum

467 3173 576 3230 Dei
618 3173 893 3231 Christus
941 3183 1051 3245 est,
1087 3179 1241 3233 sicut
1272 3181 1558 3251 scriptum
1580 3185 1704 3237 est:
1729 3184 1991 3257 Regnum
2023 3187 2135 3240 Dei

466 3264 630 3318 intra
661 3281 760 3319 vos
794 3270 906 3337 est,
941 3265 1218 3322 Christus
1242 3274 1432 3324 autem
1456 3274 1626 3340 panis
1645 3278 1758 3341 est,
1795 3275 1947 3330 sicut
1979 3277 2132 3330 seri-

466 3356 629 3424 ptum
652 3357 744 3409 est
763 3355 912 3428 :Ego
924 3372 1050 3410 sum
1060 3358 1237 3428 panis
1259 3359 1315 3410 vi
1325 3361 1555 3430 vus,qui
1567 3360 1641 3414 de
1664 3362 1808 3417 caelo
1825 3364 2129 3418 descendi.

466 3441 596 3496 Hoc
613 3459 763 3515 pane
777 3445 1052 3515 quisquis
1066 3445 1315 3499 ﬁdeliter
1327 3447 1573 3502 satiatus
1593 3448 2132 3519 fuerit,defuturum

466 3529 582 3585 sibi
614 3532 785 3600 panis
818 3533 1038 3586 terreni
1072 3533 1403 3587 subsidium
1429 3552 1545 3589 non
1576 3538 1818 3593 timebit.

1035 3620 1236 3675 PARS
1253 3622 1562 3686 QUINTA.

537 3707 637 3762 XI.
664 3707 882 3762 Verum
903 3709 1040 3779 quia
1071 3710 1131 3763 in
1183 3715 1488 3767 auctorum
1531 3714 1701 3770 libris
1749 3717 1888 3771 alibi
1920 3719 2129 3791 ﬁgura,

467 3794 945 3852 alibisimilitudo
977 3801 1246 3869 corporis
1280 3804 1335 3855 et
1374 3805 1684 3875 sanguinis
1717 3805 1939 3861 Christi
1970 3824 2133 3877 rcpe«

466 3883 617 3940 ritur
661 3884 970 3956 insertum,
1007 3904 1345 3961 quanquam
1396 3890 1453 3945 id
1512 3893 1737 3948 nullum
1768 3899 1944 3950 rectae
1996 3898 2132 3951 ﬁdei

467 3969 672 4028 aﬁ'erat
692 3972 1269 4045 praajudicium,inde
1299 3981 1494 4032 tamen
1540 3980 1653 4034 sibi
1677 3998 1928 4054 nequam
1954 3984 2135 4039 homi-

470 4076 578 4116 nes
592 4060 945 4117 defendendi
959 4065 1185 4120 erroris
1197 4066 1409 4138 ingens
1430 4084 1495 4121 se
1507 4070 1868 4126 arbitrantur
1884 4074 2136 4142 reperis-

472 4164 539 4206 se
552 4151 1238 4225 patrocinium.Dumque
1253 4156 1368 4209 sibi
1383 4157 1583 4211 volunt
1598 4158 1788 4213 videri
1802 4162 1973 4231 quasi
2007 4162 2133 4231 spi-

465 4239 735 4309 rituales,
770 4241 950 4296 multo
980 4242 1130 4312 ipsis
1162 4243 1501 4299 carnalibus
1533 4246 1930 4319 inveniuntur,
1967 4253 2029 4304 ut
2058 4252 2133 4305 ita

466 4329 679 4398 dicam,
707 4332 1089 4402 carnaliores,
1115 4337 1190 4401 et,
1218 4334 1374 4403 quod
1405 4336 1497 4387 est
1529 4336 1750 4405 verius,
1784 4337 2130 4409 deteriores,

468 4418 746 4489 quoniam
764 4418 866 4473 ubi
885 4420 1207 4476 debuerant
1221 4422 1444 4478 altioris
1462 4425 1711 4495 gratiam
1728 4425 2132 4499 intelligentiae

2171 3137 2220 3199 C

2244 1845 2435 1899 citein
2454 1861 2640 1899 meam
2665 1846 3448 1910 commemorationemQuia
3468 1863 3607 1918 ergo
3627 1846 3853 1901 Christus

2242 1950 2572 2006 resurgens
2585 1936 3054 2006 exmortuisjam
3075 1952 3186 1990 non
3209 1937 3364 1990 mori
3370 1942 3596 2004 tur,per
3611 1936 3708 1989 hoc
3729 1936 3850 1988 illius

2243 2027 2488 2077 mortem
2502 2024 2758 2093 quotidie
2772 2025 3279 2091 annuntiamus,ut
3303 2041 3411 2095 per
3423 2040 3549 2079 eam
3570 2025 3740 2078 Patris
3752 2039 3853 2094 pro-

2244 2112 2605 2182 pitiationem
2626 2113 2957 2182 promptius
2988 2117 3385 2182 provocantes
3405 2114 3778 2182 impetremus,
3801 2128 3852 2165 ac

2249 2202 2336 2255 sic
2356 2202 2611 2255 salutare
2627 2203 3210 2271 mysterium,mortis
3224 2207 3315 2256 est
3330 2202 3647 2257 Dominicae
3667 2199 3852 2272 signiﬁ-

2250 2290 2503 2343 cativum
2558 2290 3174 2360 reconciliationisque
3218 2292 3493 2345 humanae
3555 2290 3851 2343 eﬁ'ectivum.

2248 2377 2394 2442 Quis
2409 2379 2843 2449 igiturnegctid
2857 2379 3449 2449 similitudinemjure
3463 2380 3595 2447 dici,
3627 2394 3721 2432 seu
3736 2377 3854 2448 ﬁgu-

2250 2467 2854 2538 ram,quodUnigeniti
2869 2468 3364 2538 passionem,quae
3382 2468 3564 2522 semel
3578 2466 3854 2537 praecessit,

2250 2558 2669 2626 repraesentat?
2686 2556 2799 2610 Sed
2814 2557 2942 2610 haec
2971 2557 3291 2610 similitudo
3309 2558 3406 2610 vel
3429 2558 3614 2628 ﬁgura
3630 2555 3775 2625 plena
3789 2558 3855 2606 est

2251 2646 2561 2700 admodum
2607 2648 2854 2700 veritate
2892 2651 2947 2700 et
2971 2646 3179 2717 gratia.
3208 2647 3470 2700 Veritate
3500 2646 3735 2716 quidem,
3757 2642 3858 2713 quia

2248 2734 2445 2788 carnis
2475 2750 2543 2787 ac
2575 2735 2889 2805 sanguinis
2948 2734 3169 2788 Christi
3221 2734 3556 2801 dulcedine,
3589 2749 3695 2787 non
3725 2730 3856 2785 modo

2244 2822 2771 2893 potentialiter,sed
2794 2823 3140 2878 naturaliter
3169 2824 3532 2894 approbatur
3560 2820 3854 2876 redundare.

2246 2911 2500 2966 Veritate
2524 2912 2821 2982 dico,quia
2844 2912 2989 2965 nihil
3024 2913 3080 2965 in
3099 2927 3166 2966 ea
3181 2913 3383 2965 minus
3407 2916 3500 2966 est
3521 2911 3692 2966 abilla
3720 2921 3856 2962 carne

2245 3017 2377 3072 quae
2398 3000 2584 3054 clavis
2608 3001 2825 3054 sufﬁxa
2860 3002 3136 3070 pependit
3180 3002 3239 3054 in
3263 3017 3466 3069 cruce,
3495 3015 3599 3054 nec
3628 2997 3765 3053 aliud
3789 2999 3856 3050 est

2245 3107 2417 3161 quam
2451 3091 2701 3161 sanguis
2734 3090 2830 3143 ille
2861 3091 2961 3160 qui
3007 3093 3248 3159 pertuso
3298 3090 3579 3158 proﬂuxit
3606 3104 3675 3141 ex
3698 3088 3856 3151 latere,

2246 3180 2401 3233 sicut
2429 3177 2802 3249 Augustinus
2840 3178 2911 3231 ad
2960 3177 3292 3248 neophytos
3318 3179 3601 3247 probatur
3630 3175 3819 3230 dixisse
3844 3188 3853 3223 :

2250 3269 2408 3323 «Hoc
2427 3269 2693 3337 accipite,
2728 3267 3024 3338 inquiens,
3059 3267 3118 3320 in
3146 3283 3316 3337 pane,
3365 3267 3524 3338 quod
3549 3263 3790 3335 pependit
3813 3261 3855 3312 in

2243 3358 2429 3428 ligno;
2462 3357 2573 3411 hoc
2595 3357 2860 3426 accipite,
2896 3357 2953 3408 in
2997 3356 3200 3425 calice,
3235 3357 3396 3426 quod
3439 3354 3682 3409 manavit
3708 3352 3767 3405 de
3791 3349 3856 3401 la-

2245 3446 2508 3500 tere.»Ut
2532 3445 2840 3499 manifeste
2854 3447 3029 3514 patet,
3064 3445 3205 3498 nihil
3224 3445 3282 3497 in
3311 3445 3480 3515 ligno
3502 3442 3654 3498 aliud
3682 3452 3858 3509 pepen-

2250 3535 2332 3589 dit
2362 3550 2535 3605 quam
2568 3533 2877 3603 caro,nihil
2920 3534 3076 3587 aliud
3122 3534 3194 3588 de
3222 3534 3408 3587 latere
3452 3530 3697 3586 manavit
3722 3539 3855 3599 quam

2252 3624 2355 3693 qui
2375 3627 2498 3677 erat
2519 3625 2578 3676 in
2600 3638 2846 3692 corpore
2866 3622 3343 3695 sanguis.Gratia
3374 3627 3571 3675 autem
3614 3619 3761 3689 plena
3787 3628 3855 3667 re-

2251 3712 2489 3777 dundat;
2525 3711 2680 3782 quod
2709 3728 2821 3765 nos
2868 3712 3171 3781 temporali
3202 3709 3433 3764 solatur
3462 3721 3711 3774 munere,
3740 3707 3788 3756 ut
3816 3700 3858 3753 id

2250 3801 2482 3856 demum
2496 3801 2652 3871 quod
2665 3800 2968 3870 praetendit
2990 3801 3243 3855 revelata
3268 3811 3696 3869 consequamur
3721 3792 3852 3852 facie;

2251 3891 2438 3961 gratia
2457 3905 2831 3962 quoque,qua
2878 3905 2989 3943 nos
3012 3888 3199 3958 Capiti
3232 3891 3439 3942 nostro
3464 3884 3780 3958 agglutinat,
3804 3892 3854 3929 ac

2251 3979 2389 4035 dum
2413 3979 2709 4034 tendimus
2737 3979 2810 4032 ad
2848 3978 3213 4048 patriam,sic
3243 3992 3355 4031 nos
3403 3978 3632 4047 vegetat
3658 3987 3722 4026 ne
3749 3966 3859 4022 deti-

2249 4068 2476 4121 ciamus
2507 4068 2567 4121 in
2597 4069 2709 4121 via.
2745 4066 3005 4120 Veritate
3033 4070 3333 4136 postremo
3365 4065 3587 4133 pariter
3615 4063 3668 4114 et
3708 4055 3857 4128 gratia

2248 4156 2438 4228 ﬁgura
2483 4156 2610 4209 haec
2670 4156 2799 4210 sive
2830 4154 3152 4208 similitudo
3182 4156 3273 4207 est
3316 4152 3554 4220 referta,
3614 4149 3703 4204 ubi
3730 4144 3856 4198 illum

2244 4244 2633 4316 proculdubio
2658 4244 3038 4314 percipimus,
3056 4258 3164 4313 per
3192 4257 3364 4312 quem
3396 4242 3584 4313 gratia
3612 4240 3663 4292 et
3682 4232 3858 4288 veritas

2245 4334 2398 4388 facta
2429 4338 2542 4402 est;
2576 4337 2635 4387 et
2654 4334 2797 4387 illud
2820 4333 2975 4385 idem
3022 4335 3226 4400 totum,
3259 4331 3331 4384 de
3353 4346 3470 4400 quo
3501 4322 3854 4396 evangelicum

2245 4424 2467 4478 intonat
2480 4423 2861 4492 praeconium:
2885 4420 3137 4475 Verbum
3161 4435 3300 4474 caro
3313 4419 3529 4473 factum
3551 4421 3656 4483 est,
3698 4417 3749 4465 et
3772 4411 3853 4462 lia—

464 4487 758 4579 pulsando
782 4507 1053 4579 ﬁdeliter,
1082 4512 1403 4579 quaerendo
1427 4487 2128 4588 humiliterinvestigare,
2167 4487 2225 4554 Β
2246 4487 2557 4566 ὺίιανίι-ἱη
2587 4509 2780 4574 nobis;
2805 4515 2863 4564 et
2908 4509 3162 4564 vidimus
3195 4507 3446 4579 gloriam
3481 4506 3625 4577 ejus,
3653 4499 3856 4573 gloriam

464 4594 550 4652 ibi
564 4596 893 4667 decipulam
906 4597 1171 4668 perﬁdiae
1186 4600 1613 4673 abruptumque
1627 4603 1974 4673 perditionis
1988 4623 2135 4675 prae-

466 4684 728 4756 cipitium
747 4700 855 4756 per
872 4686 1258 4741 obstinaciam
1273 4692 1965 4762 noscuntur,incurrisse.
1997 4695 2129 4751 Non

467 4772 624 4828 enim
644 4773 703 4828 in
722 4772 1045 4844 Scripturis
1090 4776 1228 4847 quid
1251 4780 1608 4848 propensius
1641 4784 1907 4850 oporteat
1934 4785 2124 4853 sequi,

468 4861 577 4917 sed
599 4862 740 4935 quid
762 4863 1016 4919 validius
1053 4865 1248 4935 inepto
1285 4868 1600 4937 opituletur
1631 4871 1821 4924 errori
1854 4875 2131 4943 satagunt

465 4951 689 5023 rimari;
731 4952 988 5025 dumque
1045 4971 1213 5010 suam
1270 4957 1673 5012 tortitudinem
1705 4959 1775 5012 ad
1807 4958 2128 5030 Scripturae

466 5055 731 5096 normam
754 5041 1150 5115 dedignantur
1179 5045 1457 5117 dirigere,
1494 5047 1599 5100 sed
1619 5047 1807 5116 ipsius
1827 5050 2128 5104 rectitudi-

465 5142 600 5182 nem
617 5130 813 5198 potius
833 5130 1121 5187 violenter
1142 5133 1491 5188 inﬂectendo
1507 5136 1771 5189 nituntur
1791 5137 2126 5194 deformare

466 5218 524 5270 et
544 5216 618 5269 ad
639 5233 814 5273 usum
842 5236 968 5274 suae
984 5223 1397 5291 perversitatis
1429 5223 1784 5295 intorquere,
1815 5225 1951 5280 licet
1973 5228 2127 5281 ohti-

466 5316 611 5359 nere
633 5312 926 5377 nequeant
960 5311 1193 5379 penitus
1217 5312 1374 5385 quod
1413 5312 1694 5382 ambiunt,
1722 5314 2129 5371 vehementius

464 5396 658 5448 tamen
709 5410 816 5465 per
864 5396 975 5452 hoc
1005 5401 1486 5471 praesumptionis
1518 5417 1644 5455 suae
1677 5402 1818 5457 vitio
1852 5406 2131 5460 convale-

467 5483 908 5556 scunt,sibique
924 5486 1070 5539 vim:
1092 5506 1125 5557 ιι
1137 5488 1495 5544 :-cfundioris
1511 5491 1775 5545 scientiae
1791 5493 2127 5565 obstruunt,

466 5573 805 5646 aditumque
826 5572 1037 5629 salutis
1057 5577 1437 5645 pertinaciter
1452 5580 1755 5653 repagulis
1785 5580 2060 5638 damnant
2077 5585 2136 5637 et

2250 4600 2419 4672 quasi
2436 4598 3018 4671 UnigenitiaPatre,
3049 4597 3288 4668 plenum
3327 4595 3524 4668 gratia
3558 4598 3613 4648 e.‘
3648 4588 3855 4681 veritate

2253 4688 2397 4743 Haec
2427 4688 2703 4742 nimirum
2743 4683 2834 4741 est
2852 4687 3238 4758 gratia,quam
3263 4686 3398 4739 dum
3420 4682 3667 4737 mundus
3686 4674 3853 4767 nescit,

2253 4784 2495 4849 repente
2526 4777 2772 4848 accepit.
2825 4776 2970 4830 Haec
2998 4776 3208 4847 gratia,
3251 4790 3385 4845 quae
3436 4772 3652 4826 nullum
3680 4762 3857 4820 invenit

2252 4869 2526 4923 meritum
2573 4869 2630 4920 et
2657 4864 3000 4936 prorogavit
3026 4863 3401 4918 beneﬁcium.
3436 4862 3577 4914 Haec
3605 4857 3850 4928 postremo

2250 4959 2342 5014 est
2371 4957 2592 5011 veritas
2624 4971 2758 5026 quae
2811 4969 3043 5008 omnem
3100 4952 3397 5007 excedens
3455 4940 3850 5016 intelligentiam

2250 5045 2651 5117 piscatoribus
2682 5047 2875 5098 tamen
2920 5042 3278 5108 concredita,
3322 5041 3534 5095 fatuam
3575 5028 3850 5128 morte-litim

2251 5140 2349 5191 aut
2378 5134 2671 5189 destruxit
2687 5135 2784 5187 aut
2807 5132 3064 5186 condivit
3095 5129 3457 5200 sapientiam.
3495 5125 3635 5179 Huic
3663 5125 3851 5176 animus

2250 5224 2482 5279 veritati
2527 5222 2945 5288 inhaereamus,
2980 5234 3052 5274 ne
3081 5236 3114 5273 a
3146 5219 3337 5291 gratia
3366 5215 3709 5276 excidemus,
3738 5209 3784 5259 et
3808 5204 3851 5252 ιιι

2250 5314 2320 5369 ad
2355 5315 2547 5383 ipsum
2571 5311 2670 5383 qui
2702 5311 2921 5364 veritas
2980 5313 3069 5364 est
3106 5308 3531 5379 pertingamus,
3561 5303 3717 5356 tantae
3742 5305 3849 5383 gf!!-

2248 5405 2344 5459 tiaa
2372 5379 2608 5455 arrham
2639 5416 2757 5455 non
2787 5400 3184 5471 negligemus;
3217 5413 3349 5468 quae
3373 5399 3428 5449 ut
3458 5407 3591 5446 vera
3622 5379 3843 5458 quando-

2247 5507 2360 5564 que
2381 5489 2857 5561 apprehendatur
2874 5485 3545 5559 vita,imprzesentiarum
3566 5473 3722 5535 nobis
3740 5481 3847 5523 con-

2246 5582 2450 5637 stituta
2479 5582 2570 5634 est
2596 5578 2711 5633 via.
