4048 6164
199 357 343 419 1393

958 361 1216 424 LIBER
1260 361 1371 424 DE
1415 361 1817 425 CORPORE
1864 362 1970 422 ET
2008 363 2445 426 SANGUINE
2490 364 2828 426 CHRISTI

3441 365 3600 429 1394

237 556 357 610 XII.
376 556 670 611 Caeterum
688 560 751 612 ut
772 573 880 613 sua
903 534 1118 615 divinae
1148 564 1375 615 naturas
1398 565 1674 616 servetur
1707 577 1827 614 ma-
1860 545 1906 596 Α
1936 562 2213 632 mysteria
2246 563 2604 633 quibusdam
2656 565 3152 620 intellectualibus
3186 556 3419 621 indiciis
3452 583 3601 636 prae-

166 644 373 715 jestas,
406 645 640 716 ipsique
676 647 912 701 sincera
959 664 1077 702 non
1127 649 1475 704 obfuscetur
1507 650 1823 729 serenitas,

172 735 474 803 Operosior
521 735 852 790 adhibenda
911 742 1002 791 est
1051 737 1373 809 diligentia,
1414 739 1827 809 subtiliterque

172 822 461 877 distinctio
492 825 811 879 verborum
843 825 1132 895 facienda,
1163 843 1234 881 ne
1264 828 1506 896 profana
1540 844 1826 882 sensuum

170 912 382 981 irrepat
414 912 709 979 confusio,
757 915 912 969 unde
942 930 1230 983 perversa
1265 918 1577 972 consuevit
1605 916 1824 972 oboriri

170 1000 447 1055 dissesio.
489 1000 640 1056 Hine
673 1004 886 1057 etenim
918 1004 1013 1058 illa
1046 1004 1158 1058 late
1191 1021 1440 1075 serpens
1478 1007 1671 1076 planta
1701 1006 1826 1059 Ma-

171 1089 531 1144 nichaeorum
553 1108 565 1155 ;
600 1089 1196 1161 hinc‘spurcissimus
1220 1095 1525 1163 pullulavit
1547 1097 1827 1150 surculus

172 1178 553 1246 Arianorum;
602 1180 741 1234 inde
799 1196 1033 1252 quoque
1077 1182 1592 1238 innumerabilium
1641 1186 1828 1255 pestis

168 1266 553 1321 schismatum
599 1271 699 1322 aut
727 1271 982 1339 sumpsit
1031 1271 1359 1341 exordium,
1394 1275 1492 1326 aut
1520 1275 1829 1344 usurpavit

169 1355 282 1409 sibi
313 1354 664 1427 suffragium
689 1373 703 1426 ;
736 1358 870 1411 inde
893 1359 1067 1412 etiam
1091 1361 1392 1415 modernae
1412 1361 1719 1416 haereseos
1742 1362 1828 1415 in-

169 1449 445 1499 centores
466 1445 745 1515 impiique
759 1446 1054 1518 dogmatis
1073 1450 1427 1504 conﬂatores
1440 1451 1675 1520 puritati
1694 1451 1827 1504 ﬁdei

166 1532 517 1587 calumniam
547 1540 773 1604 parant,
825 1536 1143 1607 divinoque
1174 1539 1458 1609 mysterio
1497 1540 1824 1607 veritatem,

165 1624 449 1690 quantum
478 1621 537 1674 in
568 1622 718 1691 ipsis
746 1626 856 1689 est,
881 1624 1199 1695 derogant;
1219 1641 1288 1680 eo
1322 1626 1475 1696 quod
1509 1627 1828 1681 similitudo

168 1707 397 1763 dicatur
422 1709 758 1781 aliquando,
782 1711 874 1765 vel
906 1712 1120 1783 ﬁgura,
1153 1730 1222 1768 ac
1250 1715 1303 1767 si
1333 1715 1569 1785 aliquod
1605 1716 1681 1770 sit
1712 1716 1828 1787 ﬁg-

166 1800 572 1868 mentum,non
588 1801 886 1854 veritas.\~'
892 1818 1055 1855 erum
1075 1803 1387 1874 diligenter
1405 1807 1689 1875 cauteque
1706 1821 1833 1874 per-

164 1903 418 1957 pensum
448 1890 535 1942 ire
566 1893 816 1959 oportet,
842 1891 996 1961 quia,
1026 1895 1086 1945 ut
1114 1892 1282 1962 plura
1312 1893 1444 1961 alia,
1478 1893 1831 1964 homonyma

167 1979 312 2030 sunt
339 1976 454 2031 duo
500 1978 790 2032 vocabula
837 1979 986 2050 haec,
1023 1997 1272 2051 cumque
1303 1982 1678 2035 multifariam
1725 1998 1829 2051 pro

1935 653 2319 717 monstrabat,
2352 653 2509 723 quod
2535 654 2734 724 utique
2759 670 2875 708 non
2898 658 3042 709 erat.
3082 654 3253 709 Unde
3278 655 3600 725 Apostolus

1937 741 2083 794 alias
2118 757 2128 794 :
2170 764 2186 785 ‹·
2219 742 2369 794 Nolo
2394 758 2524 810 vos,
2552 743 3070 815 inquit,ignorare,
3090 744 3470 814 fratres,quia
3494 762 3602 816 pa-

1938 833 2063 883 tres
2084 835 2215 883 nost
2227 831 2274 882 ri
2300 831 2561 885 eamdem
2577 847 2776 885 escam
2790 832 3315 903 manducaverunt,
3334 834 3605 888 eumdem

1938 922 2135 987 potum
2157 919 2434 972 biberunt
2460 936 2473 988 ;
2507 944 2528 968 ιο
2578 921 2849 974 eumdem
2878 921 3105 975 scilicet
3148 936 3256 991 per
3286 923 3604 991 potentiam

1939 1007 2356 1077 bioti.i.c;:;.\"¢B
2396 1008 2625 1078 ﬁgurae,
2680 1024 2795 1063 non
2827 1025 2935 1079 per
2975 1010 3282 1064 veritatem
3323 1009 3603 1065 exhibita

1938 1099 2201 1164 naturaa;
2252 1096 2513 1166 alioquin
2560 1095 2837 1152 Christus
2887 1098 3076 1152 adhuc
3109 1098 3166 1151 in
3197 1102 3365 1152 vasta
3406 1113 3603 1154 eremo

1940 1199 2161 1238 saxeus
2194 1186 2369 1256 riget,
2396 1185 2665 1256 ubilapis
2698 1186 2794 1239 ille
2815 1187 3082 1256 proﬁuus
3106 1203 3387 1258 aquarum
3418 1187 3478 1241 in
3496 1203 3606 1243 sua

1938 1273 2089 1327 mole
2113 1276 2320 1343 torpet.
2355 1272 2649 1344 Scriptum
2663 1275 2877 1345 quippe
2901 1277 2993 1330 est
3016 1291 3027 1329 :
3055 1275 3242 1330 Petra
3256 1281 3448 1330 autem
3473 1282 3607 1330 erat

1942 1361 2253 1427 Christus;
2288 1363 2393 1416 sed
2426 1379 2542 1417 non
2573 1366 2735 1432 petra
2767 1363 2836 1417 de
2870 1363 3114 1434 Virgine
3137 1365 3269 1417 nata
3299 1362 3601 1420 Christus.

1940 1450 2082 1504 Ηωε
2114 1452 2294 1521 igitur
2338 1451 2528 1522 ﬁgura
2571 1451 2708 1521 jure
2746 1452 2960 1505 dicitur
3010 1452 3237 1521 umbra,
3281 1468 3412 1523 qum
3445 1453 3603 1506 aliud

1938 1538 2417 1608 praeloquebatur
2448 1554 2622 1609 quam
2652 1541 2794 1592 erat.
2830 1538 2891 1593 Si
2924 1541 3115 1593 autem
3146 1540 3342 1593 Patris
3370 1538 3601 1612 Unige-

1939 1628 2119 1696 nitus,
2157 1627 2228 1680 de
2259 1627 2379 1681 Deo
2404 1626 2585 1694 Deus,
2616 1626 2809 1698 ﬁgura
2833 1626 2967 1696 ejus
3000 1644 3030 1680 a
3055 1643 3170 1697 quo
3202 1629 3261 1681 in
3293 1627 3453 1682 nullo
3483 1629 3605 1682 dis-

1941 1719 2138 1785 crepat
2186 1716 2533 1770 substantiae
2564 1715 2798 1783 dicitur,
2840 1730 2947 1769 nec
2976 1716 3170 1769 minus
3200 1731 3270 1771 eo
3302 1720 3393 1771 est
3427 1716 3603 1788 cujus

1940 1805 2128 1875 ﬁgura
2160 1804 2537 1874 praedicatur,
2571 1804 2755 1874 liquet
2783 1803 3048 1874 profecto
3068 1805 3224 1875 quod
3259 1808 3314 1859 et
3342 1805 3606 1860 divinum

1942 1897 2377 1947 sacramentum
2408 1893 2658 1964 ﬁguram
2691 1892 2805 1945 dici
2839 1893 3028 1962 liceat,
3065 1896 3120 1946 et
3151 1893 3296 1946 nihil
3343 1894 3539 1948 minus
3572 1910 3607 1947 a

1939 1983 2183 2036 veritate
2235 1981 2431 2037 carnis
2465 1981 2787 2035 Dominicae
2834 1979 3064 2034 habeat.
3113 1982 3307 2052 Atque
3350 1982 3481 2037 haec
3512 1985 3608 2037 est

165 2065 990 2137 varietatesensuum,quibus
1013 2070 1829 2141 applicantur,queantaccipi,
1868 2052 1911 2105 Β
1943 2069 2261 2123 Dominicae
2295 2070 2484 2140 ﬁgura
2524 2069 2909 2137 substantiae;
2952 2069 3050 2122 illa
3100 2086 3244 2124 vero
3278 2070 3469 2142 ﬁgura
3500 2071 3608 2125 fuit

162 2153 242 2205 ita
263 2156 458 2206 tamen
485 2169 903 2224 nonnunquam
922 2157 982 2209 in
1004 2156 1221 2210 divinis
1242 2158 1620 2212 inveniuntur
1641 2159 1831 2228 posita

166 2242 406 2311 litteris,
438 2246 500 2294 ut
530 2243 674 2295 nihil
716 2244 944 2297 veritati
994 2251 1238 2314 naturae,
1288 2247 1431 2300 nihil
1481 2248 1831 2301 substantiae

164 2330 560 2399 prmjudicent
576 2332 936 2401 proprietati,
973 2337 1139 2387 utest
1160 2335 1303 2388 illud
1333 2335 1391 2388 in
1420 2335 1633 2389 Genesi
1660 2353 1670 2388 :
1698 2335 1831 2389 Non

163 2424 260 2473 est
278 2418 493 2473 bonum
509 2435 643 2474 esse
656 2421 947 2475 hominem
971 2421 1176 2485 solum;
1196 2423 1485 2477 faciamus
1510 2425 1567 2478 ei
1599 2424 1831 2496 adjuto-

158 2508 327 2561 rium
339 2508 536 2562 simile
548 2510 661 2563 sui.
684 2510 798 2563 Ubi
815 2526 949 2564 cum
977 2510 1100 2564 ﬁeri
1126 2496 1484 2581 adjutorium
1506 2512 1832 2567 hominidi-

162 2599 501 2665 citur,neva
524 2598 799 2652 nimirum
822 2599 1039 2653 creatio
1060 2601 1323 2654 mulieris
1341 2602 1669 2666 intimatur;
1700 2618 1833 2672 qua:

160 2688 327 2741 bene
352 2687 566 2740 similis
598 2687 939 2757 perhibetur
968 2689 1115 2758 viro,
1158 2690 1294 2759 quia
1323 2689 1587 2759 profecto
1621 2692 1734 2745 etsi
1775 2692 1833 2745 in

158 2792 327 2830 sexu
340 2775 729 2843 sitdiscretio,
755 2775 896 2829 nihil
922 2781 1113 2831 tamen
1141 2778 1400 2832 estaliud
1434 2780 1647 2833 mulier
1660 2796 1835 2850 quam

156 2864 583 2933 homo,eadem
596 2866 809 2935 quippe
824 2868 1050 2935 natura,
1067 2867 1272 2921 eadem
1290 2867 1565 2937 conditio,
1588 2884 1719 2938 quae
1734 2868 1836 2922 ubi

152 2969 287 3008 una
301 2953 539 3019 fuerint,
564 2954 719 3007 nulla
734 2954 1015 3024 probatur
1027 2955 1350 3011 dissensio.
1368 2956 1531 3010 Sicut
1545 2972 1688 3027 ergo
1702 2973 1835 3010 mu-

152 3042 279 3096 lier
296 3041 372 3096 de
384 3043 512 3095 viro
526 3058 642 3096 non
656 3043 812 3096 aliud
826 3059 1000 3113 quam
1014 3044 1217 3098 eadem
1233 3060 1369 3099 caro
1385 3045 1597 3098 similis
1620 3048 1712 3099 est
1725 3046 1834 3100 ho-

154 3146 288 3199 mo,
326 3130 402 3183 ita
418 3130 488 3184 de
500 3146 645 3184 vero
663 3146 912 3201 corpore
940 3131 1181 3200 Christi,
1207 3133 1267 3185 in
1281 3148 1396 3203 quo
1410 3132 1630 3185 habitat
1643 3134 1834 3187 omnis

149 3219 478 3291 plenitudo
510 3219 853 3288 divinitatis,
874 3220 1310 3274 substantivum
1338 3236 1660 3291 verumque
1693 3237 1835 3275 con-

1941 2158 2122 2229 hujus
2155 2158 2382 2229 ﬁgura).
2418 2158 2539 2210 Illic
2564 2158 2776 2228 quippe
2808 2158 2913 2211 fuit
2961 2158 3187 2228 umbra,
3241 2158 3338 2213 hic
3368 2158 3604 2214 'veritas

1941 2249 2032 2300 est
2063 2248 2212 2318 ipsa.
2246 2247 2431 2300 Porro
2475 2246 2570 2299 hic
2620 2245 2775 2299 illam
2806 2247 2997 2300 sancti
3035 2246 3337 2323 Ambrosii
3369 2251 3607 2302 senten-

1943 2337 2078 2389 tiam
2097 2335 2361 2389 inserere
2381 2338 2771 2405 opportunum
2784 2335 2810 2404 ,ᾗ
2822 2335 3209 2405 udieavimus,
3233 2351 3350 2406 qua
3368 2336 3607 2407 quidam

1942 2426 2001 2477 in
2029 2425 2473 2496 derogationem
2514 2424 2702 2478 sancti
2748 2424 3130 2491 sacramenti,
3182 2422 3299 2478 imo
3345 2423 3404 2477 in
3436 2439 3605 2478 suam

1941 2515 2282 2584 perniciem,
2330 2517 2391 2567 ut
2440 2513 2664 2583 experti
2709 2528 2939 2580 sumus,
2983 2512 3338 2578 abutuntur;
3386 2512 3446 2566 in
3490 2527 3608 2584 qua

1942 2603 2081 2657 alibi
2127 2602 2448 2656 similitudo
2488 2601 2736 2671 pretiosi
2774 2601 3087 2673 sanguinis
3133 2600 3434 2671 scribitur,
3466 2600 3609 2657 alibi

1942 2707 2083 2745 vero
2117 2692 2308 2762 ﬁgura
2338 2690 2606 2759 corporis
2638 2694 2694 2743 et
2724 2689 3036 2761 sanguinis
3064 2690 3330 2759 ponitur;
3364 2690 3606 2761 quibus,

1943 2783 2005 2833 ut
2036 2779 2251 2832 dictum
2285 2781 2395 2846 est,
2420 2778 2687 2847 perversi
2707 2778 2923 2848 quique
2948 2779 3005 2831 in
3029 2794 3137 2832 suo
3166 2778 3379 2833 fortius
3400 2794 3607 2834 errore

1944 2867 2336 2936 implicantur,
2373 2866 2508 2919 dum
2558 2882 2675 2921 non
2707 2868 2966 2921 auctoris
3009 2883 3255 2922 sensum
3293 2867 3353 2921 in
3385 2868 3474 2921 eis
3502 2883 3613 2937 per

1945 2955 2429 3025 consequentiam
2469 2954 2758 3009 dictorum
2789 2955 3156 3026 perquirunt,
3191 2955 3299 3010 sed
3329 2971 3401 3010 ex
3431 2956 3609 3010 nudis

1944 3045 2140 3114 potius
2163 3043 2364 3097 verbis
2401 3059 2569 3097 suam
2606 3044 2663 3097 in
2687 3060 2800 3113 qua
2824 3044 3015 3097 detriti
3051 3048 3188 3098 sunt
3210 3044 3609 3113 insipientiam

1944 3137 2214 3187 astruere
2245 3132 2623 3200 contendunt,
2663 3136 2853 3202 exque
2905 3133 3044 3186 tanti
3075 3133 3339 3187 doctoris
3370 3134 3608 3188 nomine

1945 3222 2352 3275 auctoritatem
2391 3221 2507 3274 sibi
2538 3236 2899 3290 comparare,
2934 3237 3002 3274 ac
3031 3237 3136 3290 per
3166 3220 3279 3276 hoc
3304 3221 3605 3289 haeresim,

147 3313 285 3365 stat
309 3325 530 3379 corpus
548 3309 922 3379 ipsius,quod
942 3309 1320 3380 religiosisin
1343 3314 1545 3363 sancta
1567 3308 1837 3364 Ecclesia
1867 3318 1911 3373 C
1946 3311 2003 3365 in
2036 3327 2151 3382 qua
2180 3311 2479 3380 languent,
2515 3313 2717 3363 contra
2749 3310 3074 3363 catholicos
3107 3310 3369 3364 nituntur
3400 3310 3609 3368 defen-

146 3398 394 3453 ofﬁciis
424 3400 767 3465 tractamus,
798 3398 891 3451 cui
922 3398 1254 3467 appositum
1276 3414 1489 3453 nomen
1513 3398 1839 3453 similitudi-

144 3489 262 3543 nis
292 3488 361 3541 in
391 3486 553 3541 nullo
586 3486 876 3541 contraire
905 3486 1203 3556 probatur.
1244 3487 1429 3541 Porro
1463 3489 1515 3540 si
1548 3489 1643 3541 cui
1673 3503 1837 3542 com-

141 3578 400 3649 paratio
419 3577 529 3631 ista
547 3577 742 3631 minus
763 3576 996 3631 videtur
1016 3575 1248 3646 efﬁcax,
1272 3580 1328 3630 et
1343 3576 1414 3630 ad
1434 3579 1729 3646 susceptae
1753 3577 1837 3631 rei

143 3667 482 3739 negotium
509 3681 629 3720 non
659 3665 807 3719 satis
837 3665 1046 3720 idonea
1072 3681 1085 3735 ;
1136 3664 1232 3718 vel
1252 3664 1397 3718 illud
1425 3665 1836 3735 apostolicum,

136 3758 271 3812 ubi
307 3755 468 3810 nulla
515 3754 691 3809 fuerit
719 3754 1096 3825 ambiguitas,
1132 3770 1249 3809 non
1294 3755 1565 3825 ingratus
1598 3755 1792 3808 audiat
1826 3770 1838 3808 :

138 3848 227 3902 In
267 3844 673 3901 similitudine
703 3845 998 3899 hominum
1020 3843 1232 3897 factus.
1259 3843 1368 3897 Hic
1392 3858 1606 3897 nomen
1635 3842 1846 3897 simili-

128 3935 421 4005 tudinis,
455 3940 516 3989 ut
545 3933 927 4004 perspicuum
959 3935 1068 4001 est,
1103 3932 1361 3987 hominis
1391 3933 1696 3987 veritatem
1726 3949 1842 3986 non

132 4024 459 4082 excludit.
491 4024 766 4078 Christus
815 4022 968 4077 enim
1013 4036 1197 4076 verus
1242 4021 1415 4076 homo
1448 4021 1573 4088 fuit,
1609 4021 1745 4076 licet
1785 4022 1843 4075 in

130 4114 625 4172 similitudinem
656 4112 958 4167 hominum
989 4111 1220 4165 dicatur
1250 4111 1398 4165 ﬁeri.

228 4202 497 4258 XIII.De
512 4202 704 4272 ﬁgura
717 4204 911 4255 autem
928 4200 1005 4255 ita
1027 4201 1086 4254 in
1099 4200 1304 4254 eodem
1323 4201 1606 4270 Apostolo
1627 4200 1844 4273 legitur

122 4294 324 4352 alibi
354 4310 365 4347 2
393 4291 503 4356 Qui
520 4308 646 4346 cum
660 4291 741 4345 sit
752 4289 1274 4364 spplendorgloriw,
1292 4296 1350 4344 et
1368 4289 1556 4363 figura
1571 4290 1840 4345 substan-

126 4389 266 4441 tiae
298 4384 454 4453 ejus.
491 4380 599 4434 Hic
628 4379 1025 4449 superstitiosi
1048 4380 1365 4433 verborum
1397 4393 1658 4449 aucupes
1683 4379 1844 4432 frau-

118 4472 525 4542 dulentique
546 4469 812 4524 veritatis
834 4468 1210 4537 impostores,
1236 4471 1334 4522 aut
1355 4470 1613 4538 paternae
1644 4468 1845 4522 Chris-

1947 3400 2109 3455 dere.
2143 3398 2307 3463 Quod
2339 3398 2674 3452 nullatenus
2701 3398 3003 3467 procedet,
3033 3413 3141 3452 nec
3162 3401 3224 3452 ut
3241 3398 3445 3454 volunt
3477 3415 3610 3455 con-

1947 3490 2152 3559 tinget,
2202 3488 2307 3541 sed
2337 3486 2535 3556 potius
2589 3502 2686 3540 res
2735 3502 2866 3556 quae
2909 3487 2967 3540 in
3015 3488 3405 3559 quaestionem
3451 3490 3613 3544 venit

1950 3578 2169 3632 clarius
2184 3575 2561 3645 elucescet,si
2575 3576 2875 3645 prioribus
2888 3576 3220 3646 posteriora
3243 3591 3610 3649 consequen-

1951 3671 2037 3720 ter
2056 3667 2262 3721 collata
2287 3664 2521 3735 fuerint,
2558 3668 2614 3717 et
2643 3680 2715 3718 ex
2745 3665 3221 3735 praecedentibus
3249 3666 3616 3737 subsequen-

1949 3757 2092 3809 tium
2121 3758 2289 3809 tenor
2322 3754 2637 3808 verborum
2671 3754 2779 3808 rite
2811 3754 3145 3809 intellectus
3169 3755 3483 3825 exstiterit;
3514 3756 3614 3827 qui

1948 3844 2026 3897 ita
2059 3859 2125 3897 se
2158 3843 2332 3897 habet
2366 3858 2377 3897 :
2416 3868 2435 3888 ‹«
2464 3841 2577 3896 Sed
2602 3840 2752 3896 forte
2787 3842 2934 3896 dicis
2970 3860 2981 3896 :
3017 3842 3615 3916 Speciemsanguinis

1950 3949 2067 3987 non
2085 3932 2277 3997 video;
2311 3932 2415 3986 sed
2456 3932 2897 3985 similitudinem
2936 3931 3128 3985 habet.
3154 3931 3496 3988 Sicut‘enim
3528 3933 3615 3987 si-

1951 4020 2337 4077 militudinem
2378 4020 2586 4073 mortis
2620 4034 2726 4088 per
2753 4019 3110 4089 baptismum
3160 4022 3503 4091 suscepisti,
3536 4021 3618 4075 ita

1953 4112 2124 4166 etiam
2149 4108 2591 4164 similitudinem
2617 4108 2860 4176 pretiosi
2885 4108 3197 4179 sanguinis
3222 4109 3472 4177 bibis,ut
3489 4110 3618 4162 nul-

1952 4200 2048 4254 lus
2067 4200 2283 4254 horror
2304 4196 2539 4251 cruoris
2564 4196 2659 4264 sit,
2695 4199 2751 4249 et
2778 4197 3028 4266 pretium
3050 4198 3244 4250 tamen
3264 4196 3615 4266 redemptio-

1954 4289 2047 4342 nis
2080 4289 2410 4358 0peretur.»
2449 4285 2599 4339 Ecce
2632 4284 2785 4339 unde
2806 4286 2924 4338 tota
2946 4285 3243 4353 precessit
3263 4284 3615 4355 quaestionis

1955 4380 2108 4431 inter
2132 4377 2481 4447 insipientes
2505 4373 2827 4443 dissensio,
2844 4372 2915 4427 de
2933 4374 3149 4444 quibus
3173 4373 3286 4427 dici
3308 4388 3415 4444 per
3435 4372 3621 4444 Spiri-

1954 4470 2077 4521 tum
2109 4468 2379 4520 sauctum
2401 4464 2459 4516 in
2490 4462 2781 4532 Propheta
2815 4462 3025 4516 clamat
3053 4462 3199 4517 ratio
3234 4478 3246 4517 :
3281 4461 3451 4517 Dixit
3473 4461 3622 4516 insi-

118 4570 339 4620 stum
362 4558 713 4614 substantiae
726 4560 941 4611 exuant
962 4558 1197 4626 penitus
1219 4557 1523 4628 dignitate,
1541 4557 1845 4611 autdivino
1879 4574 1942 4627 ι).
1954 4558 2127 4626 piens
2149 4555 2210 4609 in
2233 4553 2413 4608 corde
2427 4569 2531 4606 suo
2549 4573 2565 4606 .·
2588 4552 2722 4606 Non
2743 4557 2833 4606 est
2850 4552 3332 4621 Deus.Insipiens
3350 4550 3620 4622 profecto

114 4651 555 4709 sacramento
579 4647 928 4702 calumniam
941 4647 1011 4700 de
1037 4646 1248 4717 ﬁgurae
1264 4647 1552 4702 vocabulo
1577 4646 1850 4700 desinant

111 4747 475 4811 irrogare.
492 4736 554 4791 Si
582 4736 735 4791 enim
760 4736 949 4807 ﬁgura
968 4734 1063 4789 hic
1088 4735 1436 4790 substantiae
1460 4738 1551 4789 est
1593 4735 1847 4805 abnega-

104 4835 316 4899 tiva,
367 4842 485 4882 non
515 4828 607 4880 est
634 4825 823 4880 Filius
863 4825 1020 4896 quod
1052 4826 1243 4889 Pater,
1277 4842 1345 4878 ac
1379 4826 1467 4879 sic
1497 4823 1718 4879 Christi
1749 4839 1848 4877 sa-

103 4918 553 4978 cramentum
603 4914 741 4970 dum
790 4913 1063 4968 similiter
1121 4914 1336 4968 dicitur
1383 4914 1595 4984 ﬁgura,
1644 4912 1851 4967 umbra

92 5015 268 5078 est,
322 5021 448 5060 non
478 5004 722 5073 veritas,
755 5003 912 5057 sicut
939 5001 1085 5056 illud
1116 5002 1271 5056 unde
1304 5002 1486 5057 refert
1513 5002 1848 5071 Scriptura:

92 5102 319 5158 Haec
343 5098 537 5149 autem
572 5092 763 5149 omnia
786 5093 848 5146 in
870 5090 1061 5162 ﬁgura
1093 5091 1677 5163 contingebantillis.
1711 5090 1852 5155 Quae

90 5185 380 5246 omnia
398 5184 426 5236 ‘?
458 5181 638 5236 Maris
656 5180 932 5235 videlicet
951 5179 1254 5249 multiplex
1274 5179 1646 5245 beneﬁcium,
1675 5179 1852 5233 nubis

86 5284 179 5336 in
232 5273 374 5329 die
423 5270 826 5341 refrigerium,
860 5268 1199 5338 splendoris
1230 5270 1289 5322 in
1317 5273 1488 5323 nocte
1536 5269 1811 5323 solatium
1836 5285 1850 5333 ;

86 5366 259 5424 sed
320 5364 387 5414 et
418 5374 649 5413 maenae
676 5358 936 5412 nectarei
965 5357 1210 5426 imbres,
1264 5358 1626 5428 irrigumque
1665 5357 1854 5412 silicis

76 5453 482 5516 nladores,
507 5450 566 5503 et
585 5453 800 5502 caetera
835 5464 968 5518 quae
993 5449 1072 5505 ibi
1107 5448 1485 5518 replicantur.
1510 5447 1625 5501 Sed
1645 5447 1855 5500 horum

76 5555 398 5607 manna
424 5539 580 5593 sicut
611 5541 826 5592 caetera
858 5539 1070 5593 dicitur
1119 5539 1329 5610 ﬁgura,
1361 5538 1496 5608 quia
1542 5536 1700 5591 aliud
1732 5538 1856 5591 erat

70 5644 364 5710 atque
397 5628 551 5683 aliud
583 5627 1005 5699 praesignabat.
1037 5628 1205 5693 Quod
1236 5627 1390 5681 enim
1421 5626 1750 5696 videbatur,
1795 5625 1853 5680 id

66 5733 374 5790 totum
425 5717 894 5775 substantialiter
959 5719 1117 5792 erat;
1177 5714 1398 5773 Christi
1453 5731 1596 5772 vero
1657 5715 1854 5772 futura

1960 4648 2069 4713 est,
2106 4645 2206 4714 qui
2245 4642 2547 4696 Christum
2593 4640 2915 4707 divinitate,
2966 4644 3247 4710 quantum
3296 4640 3357 4694 in
3410 4654 3476 4694 se
3507 4641 3619 4708 est,

1961 4734 2140 4799 exuit,
2176 4732 2312 4785 dum
2362 4746 2494 4785 eum
2526 4730 2831 4782 mentitum
2878 4727 3089 4798 fuisse,
3135 4729 3291 4799 quod
3338 4728 3399 4782 in
3435 4729 3623 4782 Deum

1960 4839 2076 4877 non
2109 4822 2261 4875 cadit
2289 4820 2484 4890 aliquo
2516 4818 2710 4884 modo,
2758 4833 3035 4872 asserere
3086 4833 3202 4871 non
3252 4817 3475 4885 metuit,
3523 4815 3624 4886 qui

1962 4910 2405 4966 similitudinem
2422 4908 2513 4963 vel
2533 4908 2783 4979 ﬁguram
2804 4908 3026 4961 tantum
3045 4921 3185 4961 esse
3198 4904 3373 4977 impie
3389 4905 3628 4977 dogma-

1962 5002 2139 5055 tizare
2170 4998 2500 5069 praesumit,
2519 4996 2676 5067 quod
2693 4995 2790 5049 ille
2812 5010 2952 5049 vere
2974 5010 3209 5049 carnem
3233 4997 3290 5049 et
3325 5009 3465 5048 vere
3488 5008 3629 5047 san-

1965 5088 2205 5161 guinem
2229 5103 2366 5141 esse
2382 5101 2555 5140 suum
2573 5085 2857 5156 probatur
2875 5085 3073 5153 aperte
3090 5082 3406 5153 protestari
3425 5101 3440 5149 ;
3470 5081 3631 5153 quod

1962 5177 2077 5232 tale
2110 5179 2202 5231 est
2233 5192 2299 5230 ac
2333 5174 2386 5228 si
2417 5175 2714 5229 diceretur
2742 5189 2774 5226 a
2802 5172 3041 5241 talibus,
3061 5175 3116 5226 et
3147 5171 3359 5241 taliter,
3389 5186 3507 5227 non
3541 5185 3632 5225 sa-

1964 5266 2286 5336 pientibus,
2324 5263 2429 5319 sed
2462 5261 2892 5332 desipientibus
2932 5278 2943 5314 :
2979 5260 3113 5316 Non
3146 5265 3237 5315 est
3267 5259 3448 5315 Deus.

2039 5355 2194 5408 XIV.
2219 5354 2353 5409 Non
2377 5358 2467 5407 est
2498 5352 2658 5406 Deus
2678 5366 2823 5421 ergo
2846 5350 3067 5417 dicere,
3107 5351 3198 5405 est
3217 5349 3468 5416 veritati,
3497 5365 3631 5421 quae

1965 5444 2242 5499 Christus
2285 5446 2396 5508 est,
2432 5439 2857 5507 contradicere,
2892 5441 2948 5491 et
2987 5437 3155 5492 aliter
3194 5454 3368 5510 quam
3401 5438 3528 5508 ipse
3559 5437 3631 5493 de

1968 5533 2170 5603 seipse
2188 5531 2404 5599 docuit,
2421 5544 2704 5598 perverse
2728 5527 3134 5598 sentire,quod
3156 5527 3490 5596 insipientis
3510 5541 3633 5580 om-

1967 5624 2105 5678 nino
2119 5621 2407 5691 probatur
2420 5618 2707 5672 esse.Aut
2723 5617 2985 5688 nunquis
2999 5616 3292 5687 insipiens
3306 5631 3421 5671 non
3433 5615 3633 5683 aperto

1964 5712 2268 5786 probatur,
2301 5707 2402 5782 qui
2433 5707 2547 5778 ipsi
2575 5707 2698 5763 Deo
2727 5722 2836 5778 pro
2869 5705 3158 5779 simplicis
3189 5702 3412 5762 servuli
3442 5700 3632 5758 verbo
