4048 6164
462 296 618 358 1395

1455 292 1841 356 DURANDI
1880 291 2247 353 ABBATIS
2290 292 2885 354 TROARNENSIS

3673 299 3791 363 1396

434 485 972 556 quomodocumque
1004 485 1228 555 prolato
1264 484 1555 553 renititur,
1590 488 1645 539 et
1668 484 1800 553 ejus
1821 485 2012 553 planis
2035 500 2103 538 ac
2126 468 2177 533 Ᾱ
2217 484 2452 537 modum
2484 485 2820 554 pertingere
2865 485 3173 551 merearis,
3230 485 3498 540 mediante
3527 487 3643 557 fide,
3669 491 3724 544 ad
3748 492 3791 546 id

432 573 806 643 simplicibus
831 574 1145 626 sententiis
1174 573 1594 626 calumniatur"?
1619 573 1903 626 Dominus
1927 572 2097 626 dicit:

428 662 554 718 Hoc
573 670 664 717 est
690 678 902 733 corpus
922 678 1131 730 meum,
1155 662 1302 731 quod
1322 678 1432 732 pro
1471 661 1638 715 vobis
1658 662 1931 715 tradetur
1951 660 1968 724 ,4
2003 662 2099 714 hic

431 756 525 807 est
541 752 788 822 sanguis
800 767 980 815 meus,
993 750 1209 821 (μήρΙό
1227 750 1393 803 vobis
1407 748 1761 803 effundatur.
1774 744 2093 813 Comcdite,

434 846 494 896 et
523 840 736 894 bibite.
779 838 847 891 Et
870 838 1152 892 hocidem
1182 839 1244 890 in
1263 838 1379 890 mei
1408 838 1749 891 memoriam
1767 837 1966 891 facite.
1998 838 2097 891 Isti

433 927 1020 995 dicunt,Ambrosius
1044 927 1183 978 dicit
1211 941 1222 979 ε
1248 927 1609 995 Sanguinem
1631 941 1748 979 non
1772 926 1962 991 video,
1990 927 2095 980 sed

434 1016 878 1071 similitudinem
920 1015 1112 1081 habet,
1164 1014 1435 1067 videlicet
1469 1030 1543 1067 ex
1574 1015 1778 1068 verbis
1821 1015 2100 1084 discipuli

432 1105 720 1176 Magistro
746 1103 972 1157 caelesti
997 1102 1272 1172 injuriam
1293 1104 1716 1157 contumaciter
1736 1104 2097 1174 irrogantes;

435 1196 492 1248 et
520 1208 652 1245 cum
685 1191 968 1261 scriptum
994 1192 1069 1244 sit
1095 1206 1105 1244 :
1132 1191 1264 1244 Non
1298 1198 1389 1244 est
1412 1192 1737 1261 discipulus
1761 1208 1940 1262 super
1976 1208 2099 1245 ma-

429 1280 1122 1351 gistrum,auctoritatem
1144 1279 1409 1349 Magistri
1433 1280 1708 1348 discipuli
1738 1280 2098 1349 praelatione,

428 1371 708 1440 quantum
743 1369 800 1421 in
833 1384 898 1422 se
929 1376 1042 1436 est,
1074 1368 1342 1433 demunt;
1380 1369 1530 1421 unde
1566 1385 1680 1423 non
1714 1369 1909 1423 minus
1942 1386 2093 1438 prte-

428 1457 611 1511 latum
641 1455 941 1510 offendunt
960 1472 1133 1525 quam
1158 1471 1291 1509 eum
1308 1457 1408 1526 qui
1440 1457 1633 1525 ipsum
1660 1457 1983 1526 praeferunt
2008 1472 2019 1510 :
2046 1457 2104 1510 in

430 1547 686 1615 utroque
720 1545 826 1613 rei,
871 1544 1182 1613 utrobique
1224 1543 1608 1596 nihilominus
1654 1544 2102 1598 condemnandi.

431 1633 510 1689 At
540 1647 649 1686 nos
684 1632 773 1685 sic
807 1632 1166 1685 honoremus
1204 1639 1443 1684 servum
1464 1634 1525 1684 ut
1544 1647 1779 1700 semper
1809 1637 1862 1685 et
1895 1632 1953 1685 in
1984 1647 2104 1684 om-

434 1721 614 1775 nibus
645 1720 1056 1790 praeferamus,
1106 1725 1166 1773 ut
1219 1723 1467 1789 Oportet,
1504 1720 1815 1773 Dominum
1846 1736 1953 1773 nec
1988 1721 2105 1773 Do-

2218 573 2375 643 quod
2420 573 2779 626 intrinsecus
2830 572 2985 627 latet.
3030 572 3148 627 Sed
3194 574 3602 629 similitudinem
3642 578 3792 648 habet,

2219 662 2378 714 intus
2412 661 2631 715 veritas
2656 663 2851 716 carnis
2879 667 2935 716 et
2965 663 3276 733 sanguinis
3300 667 3470 717 estex
3487 680 3612 732 pane
3631 670 3678 719 et
3693 670 3795 722 vino

2222 748 2447 802 cmlesti
2471 750 2702 818 opificio
2723 750 2987 818 mutatis;
3027 749 3176 803 foris
3199 751 3522 818 similitudo,
3545 770 3606 807 ne
3633 755 3796 810 horror

2221 836 2413 890 valeat
2444 838 2819 891 accedentem
2842 838 3207 892 confundere
3237 841 3458 893 ostensi
3485 843 3795 897 cruoris.Sed

2222 926 2664 979 similitudinem
2702 926 2895 995 habet,
2931 928 3136 996 inquit,
3182 928 3280 981 ubi
3328 944 3438 981 non
3467 929 3631 998 ipsam
3667 948 3798 1001 quam

2222 1014 2388 1084 prius
2408 1017 2656 1068 testatus
2680 1018 2772 1068 est
2795 1015 3101 1070 veritatem
3123 1015 3392 1087 denegat,
3416 1018 3512 1070 sed
3533 1019 3665 1087 quod
3682 1020 3799 1073 aliud

2222 1102 2277 1155 in
2312 1102 2555 1156 veritate
2574 1103 2671 1172 sit,
2704 1103 2873 1156 aliter
2893 1104 3082 1156 oculis
3104 1103 3370 1157 videatur
3392 1105 3627 1173 profecto
3651 1107 3799 1161 decla-

2220 1194 2337 1259 rat;
2373 1191 2693 1245 similitudo
2726 1193 2909 1262 igitur
2938 1194 3218 1259 exterior,
3253 1194 3475 1246 veritati
3502 1211 3605 1248 non
3632 1197 3795 1266 praeiu-

2220 1279 2671 1333 dicatinteriori.
2704 1279 3032 1334 Similitudo
3051 1281 3178 1334 haec
3203 1296 3321 1335 non
3344 1280 3525 1336 differt
3539 1285 3798 1351 veritatem,

2220 1369 2323 1422 sed
2381 1372 2674 1438 praeparat
2716 1369 2910 1435 fidem,
2963 1369 3241 1423 informat
3286 1370 3686 1441 credulitatem;
3718 1388 3801 1427 non

2220 1457 2928 1523 minuitbeueficium,sed
2952 1459 3507 1523 eumulatmeritum;
3525 1462 3798 1530 mysterium

2222 1547 2393 1614 velat,
2441 1562 2558 1600 non
2609 1546 2812 1599 adimit
2870 1548 3140 1617 gratiam,
3187 1548 3348 1601 fovet
3395 1549 3719 1602 devotionem
3755 1566 3802 1603 ac

2222 1637 2421 1703 nutrit,
2477 1635 2759 1688 rationem
2803 1635 2960 1704 piam
3010 1652 3126 1690 non
3180 1636 3441 1706 impedit,
3496 1640 3802 1699 temeritatem

2218 1728 2397 1791 arcet,
2445 1723 2746 1793 negotium
2806 1723 3016 1777 salutis
3062 1730 3342 1792 exercet;
3395 1724 3516 1778 haec
3557 1727 3805 1780 similitudo

436 1810 581 1863 mini
639 1808 992 1863 sententiam
1028 1824 1102 1861 ex
1152 1808 1352 1862 verbis
1404 1808 1700 1877 discipuli,
1759 1810 1864 1863 sed
1911 1810 2106 1879 potius
2140 1843 2194 1906 Β
2221 1812 2454 1865 attrahit
2483 1816 2538 1865 te
2579 1827 2647 1864 ac
2681 1812 2908 1881 retinet,
2956 1819 3017 1866 ut
3047 1813 3267 1866 veritas
3304 1818 3359 1867 te
3396 1820 3607 1867 recreet
3633 1830 3685 1866 ac
3711 1830 3805 1884 pro-

437 1897 718 1967 discipuli
748 1899 899 1951 dicta
932 1913 1005 1950 ex
1036 1897 1309 1967 Magistri
1343 1897 1651 1949 metiamur
1682 1898 1969 1967 doctrina,
2015 1899 2111 1951 cui

439 1987 717 2043 nimirum
769 1986 1067 2039 contraria
1116 1985 1337 2038 sentire
1370 2001 1483 2037 non
1525 1987 1730 2056 potuit,
1777 1986 1829 2038 si
1874 1986 2110 2056 quidem

367 2102 395 2127 ο
442 2075 773 2144 discipulus
798 2074 1061 2128 veritatis
1102 2073 1228 2126 fuit.
1254 2073 1368 2126 Sed
1388 2073 1509 2143 jam
1533 2076 1809 2128 attentius
1833 2076 2110 2128 conside-

444 2164 690 2221 randum
723 2162 1016 2233 quomodo
1048 2162 1139 2215 vir
1170 2165 1384 2227 tantus,
1408 2164 1505 2232 qui
1539 2163 1596 2215 in
1617 2163 1777 2216 litem
1805 2163 1877 2217 ab
1898 2163 2108 2216 intide-

443 2254 603 2308 libus
634 2256 896 2318 vocatur,
932 2267 962 2303 a
999 2266 1108 2303 suo
1139 2255 1377 2303 auctore
1411 2251 1657 2305 Domino
1691 2256 1893 2305 nostro
1926 2254 2110 2323 magi-

445 2346 569 2397 stro
593 2341 856 2395 veritatis
875 2355 991 2392 non
1014 2340 1468 2408 dissentiat,imo
1492 2340 1549 2392 in
1566 2341 1840 2393 omnibus
1857 2356 2111 2395 concors

447 2432 680 2486 existat.
705 2429 814 2494 Qui
835 2428 1007 2497 paulo
1048 2428 1324 2496 superius
1358 2429 1466 2481 ait:
1490 2449 1514 2477 «
1544 2429 1813 2482 Didicisti
1844 2434 1904 2482 ut
1942 2430 2111 2499 panis

449 2535 665 2589 corpus
708 2517 929 2571 Christi
967 2517 1047 2581 fit,
1084 2523 1139 2570 et
1170 2518 1367 2569 vinum
1386 2518 1458 2575 .in
1490 2517 1671 2570 calice
1705 2518 1966 2587 mittitur,
2006 2519 2108 2571 sed

448 2608 513 2663 ﬁt
542 2607 791 2678 sanguis
835 2607 1281 2660 consecratione
1328 2605 1610 2659 caelesti.»
1650 2607 1759 2659 Hic
1793 2622 1935 2660 sane
1969 2607 2113 2660 nihil

378 2750 385 2755 .
451 2700 547 2752 est
574 2696 979 2763 dissonantia},
1023 2695 1163 2747 nihil
1187 2710 1437 2763 prorsus
1461 2695 1614 2765 quod
1640 2695 1985 2765 discrepeta
2017 2712 2114 2750 re-

452 2785 590 2858 gula
620 2785 887 2838 veritatis
921 2783 1245 2852 catholica,
1280 2784 1425 2836 nihil
1457 2785 1692 2840 omnino
1725 2785 1883 2854 quod
1914 2785 2115 2839 verbis

454 2874 777 2930 Dominicaa
809 2876 1101 2944 repugnet
1131 2873 1458 2926 sententia}.
1512 2873 1653 2927 Haec
1706 2873 1888 2927 verba
1919 2874 2116 2942 potius

455 2963 759 3018 Dominica
784 2962 1076 3032 quomodo
1100 2961 1439 3031 accipienda
1461 2962 1597 3030 sint,
1620 2963 1772 3015 dicta
1796 2963 2115 3017 declarant.

455 3053 742 3108 Dominus
774 3051 929 3105 enim
958 3051 1036 3104 ait
1070 3067 1080 3104 :
1116 3050 1238 3104 Hoc
1257 3058 1348 3103 est
1380 3067 1589 3121 corpus
1618 3067 1842 3114 meum;
1874 3053 2119 3106 Ambro-

457 3143 587 3197 sius
611 3158 725 3214 qua
754 3141 975 3194 ratione
1003 3139 1058 3192 id
1080 3141 1269 3193 valeat
1290 3140 1414 3192 tieri
1439 3139 1694 3193 lucidius
1717 3141 2118 3209 exponit,dum

456 3232 773 3286 mutatione
798 3230 966 3298 panis
985 3244 1050 3280 ac
1075 3229 1193 3281 vini
1211 3228 1429 3281 Christi
1451 3245 1667 3297 corpus
1691 3233 1745 3281 et
1769 3230 2119 3301 sanguinem

459 3320 687 3375 caelesti
732 3322 982 3373 testatur
1022 3318 1428 3371 benedictione
1479 3319 1674 3387 el'liei;
1726 3320 1825 3388 qui
1870 3320 1920 3372 si
1970 3320 2122 3374 hanc

459 3426 627 3466 suam
662 3414 774 3462 tam
806 3409 1180 3477 perspicuam
1213 3406 1283 3459 de
1318 3406 1559 3459 veritate
1603 3408 1890 3461 Dominici
1924 3425 2125 3479 corpo—

459 3500 547 3554 ris
570 3501 625 3552 et
649 3496 960 3567 sanguinis
984 3495 1330 3548 sententiam
1350 3495 1407 3547 in
1430 3495 1635 3549 eodem
1657 3511 1806 3564 pene
1826 3498 2123 3556 versiculo

463 3588 683 3644 oblitus
710 3585 866 3638 aliud
899 3583 1105 3651 sensit,
1148 3588 1201 3635 et
1232 3583 1400 3635 aliter
1431 3584 1646 3653 docuit,
1689 3584 1812 3655 jam
1854 3604 1971 3641 non
2003 3589 2124 3644 Do-

464 3678 642 3743 mino,
669 3674 772 3727 sed
794 3673 908 3726 sibi
940 3672 1050 3740 ipsi
1081 3672 1411 3725 contrarius
1445 3674 1681 3743 existit;
1714 3678 1866 3746 quod
1902 3680 2124 3735 ridicu-

463 3765 584 3818 lum
615 3767 705 3817 est
729 3763 1009 3832 cogitare,
1044 3762 1256 3813 nedum
1281 3762 1593 3818 affirmare.

536 3852 661 3907 XV.
698 3851 855 3922 Ergo
888 3850 1193 3903 videamus
1225 3851 1380 3920 quod
1412 3854 1682 3923 sequitur
1716 3870 1726 3908 :
1767 3880 1786 3904 α
1823 3859 1935 3912 Sed
1976 3861 2124 3916 forte

467 3944 618 3999 dicis
641 3959 651 3995 :
678 3941 946 4010 Speciem
967 3940 1276 4011 sanguinis
1300 3958 1415 3995 non
1435 3944 1628 4014 video,
1657 3946 1762 3997 sed
1786 3948 2125 4004 similitudi-

464 4050 596 4089 nem
631 4031 859 4085 habet.»
901 4030 1006 4083 llic
1039 4030 1097 4082 in
1129 4031 1334 4098 primis
1357 4033 1587 4084 attende
1619 4035 1772 4103 quod
1808 4052 2125 4105 personam

467 4120 787 4192 cujuslibet
820 4117 1094 4189 affigurat
1126 4118 1318 4172 idiotas
1352 4119 1601 4174 dicentis
1637 4138 1647 4174 :
1679 4124 1948 4192 Speciem
1982 4145 2125 4183 san-

465 4213 664 4285 guinis
698 4227 813 4264 non
858 4210 1063 4273 video,
1124 4210 1215 4263 cui
1258 4210 1565 4280 dubitanti,
1608 4228 1717 4266 nec
1763 4230 1888 4267 rem
1936 4219 1997 4270 ut
2036 4220 2130 4272 est

465 4301 799 4370 expendere
833 4299 1009 4370 digne
1042 4300 1276 4367 valenti,
1310 4300 1631 4369 respondet
1664 4317 1675 4355 ξ
1717 4325 1737 4349 α
1773 4304 1888 4357 Sed
1921 4305 2126 4359 simili-

463 4390 747 4454 tudinem,
782 4388 1076 4458 inquiens,
1104 4386 1330 4440 habet.»
1366 4390 1450 4441 Ac
1483 4390 1534 4442 si
1565 4390 1789 4445 diceret
1813 4407 1823 4446 :
1845 4392 2128 4464 Opauper

463 4477 725 4550 ingenio,
762 4493 794 4530 o
827 4476 1038 4530 efﬁcax
1069 4491 1272 4544 sensu,
1294 4477 1386 4529 vel
1421 4477 1574 4530 sicut
1606 4478 1915 4549 discipulis
1940 4482 2129 4537 Domi-

2222 1900 2415 1953 vehat.
2451 1900 2704 1953 Proinde
2730 1916 2875 1971 ergo
2888 1917 3184 1973 ,venerare
3216 1905 3274 1955 et
3299 1903 3513 1957 honora
3546 1903 3673 1956 hanc
3690 1904 3808 1955 simi-

2218 1989 2521 2042 litudinem
2573 2004 2746 2058 quam
2791 1990 2989 2042 divina
3039 1991 3355 2060 praetendit
3402 1992 3737 2061 dispensatio,
3768 1996 3811 2045 ut

2222 2078 2440 2149 dignus
2464 2078 2815 2148 quandoque
2839 2078 2946 2132 fias
2969 2079 3352 2150 quiveritatis
3371 2097 3498 2150 quae
3519 2082 3735 2151 reposita
3748 2085 3810 2134 est

2224 2182 2338 2220 non
2376 2165 2672 2220 frauderis
2709 2166 3021 2237 beneficio,
3075 2169 3211 2237 quia
3246 2168 3579 2222 Mediatoris
3619 2169 3808 2238 quodam

2224 2255 2395 2308 modo
2424 2255 2552 2307 vice
2584 2254 2868 2325 fungitur,
2896 2258 2955 2308 ut
2981 2262 3251 2310 amoveat
3286 2257 3602 2325 horrorem,
3625 2259 3812 2329 gratiam

2222 2343 2524 2413 largiatur.
2561 2342 2709 2396 Hinc
2728 2343 2989 2412 profecto
3023 2344 3447 2417 subjungitur:
3480 2370 3499 2392 α
3532 2347 3673 2399 Sicut
3696 2346 3809 2398 enim

2224 2434 2430 2485 mortis
2464 2431 2906 2485 similitudinem
2940 2449 3047 2502 per
3075 2434 3437 2503 baptismum
3453 2435 3814 2506 suscepisti,ita

2226 2521 2398 2573 etiam
2447 2520 2891 2574 similitudinem
2940 2523 3187 2590 pretiosi
3238 2525 3549 2595 sanguinis
3598 2524 3743 2591 bibis,
3774 2528 3815 2575 ut

2225 2610 2422 2662 nullus
2454 2609 2669 2663 horror
2701 2611 2935 2664 cruoris
2956 2612 3051 2679 sit,
3085 2616 3142 2665 et
3166 2615 3418 2681 pretium
3446 2617 3627 2669 tamen
3650 2611 3817 2666 redem-

2225 2697 2444 2766 ptionis
2477 2702 2808 2767 operetur.»
2844 2699 2952 2752 Hic
2983 2701 3153 2754 etiam
3179 2701 3610 2756 similitudinem
3632 2701 3815 2770 pretiosi

2226 2787 2537 2857 sanguinis
2568 2786 2689 2840 bibi
2733 2788 3010 2856 declarat,
3046 2793 3108 2843 ut
3136 2792 3374 2845 cruoris
3407 2795 3615 2844 tantum
3657 2790 3816 2843 horror

2223 2876 2426 2944 procul
2451 2876 2719 2944 absistat,
2747 2878 3125 2933 sicutmortis
3150 2880 3473 2934 similitudo
3492 2878 3816 2949 suscipiturin

2225 2965 2536 3033 baptisma,
2567 2981 2699 3017 cum
2721 2965 3076 3035 baptismum
3115 2985 3321 3023 verum
3347 2972 3424 3023 sit
3454 2975 3506 3023 et
3545 2968 3726 3021 efﬁcax
3747 2982 3815 3019 sa-

2228 3058 2610 3115 cramentum.
2632 3056 2692 3106 ut
2710 3053 2847 3107 vitia
2884 3056 3111 3126 obruat,
3138 3059 3274 3111 vitae
3304 3062 3654 3114 sanctitatem
3674 3057 3818 3112 confe-

2226 3144 2344 3211 rat;
2393 3141 2615 3211 aliquin
2665 3143 2715 3195 si
2766 3159 2974 3197 verum
3006 3161 3122 3199 non
3156 3151 3343 3217 esset,
3396 3149 3632 3219 qualiter
3655 3149 3816 3201 tantum

2226 3231 2367 3284 boni
2399 3231 2698 3285 deferret?
2729 3231 2798 3284 Et
2828 3236 3019 3287 tamen
3063 3239 3269 3291 mortis
3304 3238 3615 3292 similitudo
3642 3238 3816 3301 dicitur,

2229 3336 2362 3373 cum
2394 3324 2606 3388 tamen,
2645 3323 2706 3373 ut
2735 3322 3118 3390 praemissum
3149 3330 3261 3394 est,
3300 3344 3440 3381 vere
3470 3328 3702 3397 peccatis
3726 3323 3821 3377 atie-

2230 3412 2316 3462 rat
2347 3409 2665 3478 interitum,
2691 3410 3008 3466 virtutibus
3027 3416 3217 3468 ortum
3240 3417 3504 3485 praebeat
3523 3421 3574 3471 et
3598 3417 3822 3471 ministret

2232 3497 2682 3551 incrementum.
2733 3498 2829 3553 Sic
2878 3516 3113 3572 quoque
3160 3518 3279 3557 non
3308 3506 3592 3560 immerito
3637 3504 3819 3574 pretiosi

2236 3586 2546 3657 sanguinis
2573 3587 2844 3641 hauritur
2874 3590 3216 3663 similitudo,
3253 3598 3316 3649 ut
3349 3596 3575 3651 cruoris
3590 3595 3823 3649 auferatur

2232 3676 2470 3745 penitus
2505 3675 2735 3746 horror,
2768 3680 2823 3731 et
2851 3682 3043 3734 tamen
3089 3683 3242 3738 sicut
3272 3703 3455 3743 verus
3500 3693 3587 3743 est
3614 3689 3818 3758 sanguis,

2236 3764 2312 3818 ita
2342 3779 2480 3818 vere
2511 3765 2759 3833 pretium
2790 3773 3068 3837 operatur
3097 3774 3541 3847 redemptionis.
3576 3779 3716 3833 Unde
3734 3778 3822 3848 jam

2236 3853 2309 3907 de
2338 3852 2719 3908 similitudine
2752 3860 3127 3929 superducta,
3173 3865 3246 3918 ob
3279 3871 3458 3921 certa:
3508 3870 3585 3922 rei
3613 3868 3819 3938 gratiam,

2237 3941 2538 4011 disputare
2568 3945 2849 4012 praefatus
2870 3949 3072 4003 doctor
3093 3952 3330 4023 desinit,
3357 3961 3527 4027 atque
3561 3958 3623 4012 de
3643 3956 3822 4011 veritate

2237 4031 2507 4094 naturali.
2559 4048 2691 4103 quae
2722 4035 3027 4093 Dominieo
3070 4041 3225 4096 inest
3257 4050 3637 4117 sacramento,
3664 4046 3721 4099 de
3744 4057 3823 4115 qua

2237 4120 2431 4189 etiam,
2478 4123 2540 4173 ut
2591 4125 2867 4192 superius
2910 4131 3086 4197 patet,
3136 4134 3293 4186 tanta
3334 4135 3575 4203 dixerat,
3607 4136 3823 4189 consuete

2235 4209 2498 4263 disserit.
2522 4210 2841 4283 «Didicisti,
2860 4216 3065 4287 inquit,
3088 4221 3224 4289 quia
3261 4225 3416 4292 quod
3442 4224 3822 4294 accipiscorpus

2234 4295 2456 4350 Christi
2486 4302 2597 4353 est.
2622 4323 2643 4347 υ
2679 4300 2926 4373 Corpus,
2962 4307 3060 4375 ait,
3095 4313 3188 4362 est
3219 4312 3375 4380 quod
3408 4312 3618 4382 accipis
3645 4312 3692 4364 in
3717 4306 3824 4361 veri-

2232 4387 2368 4455 tate,
2401 4387 2494 4440 cui
2517 4388 2838 4445 similitudo
2863 4394 3067 4449 militat
3087 4398 3548 4467 dispensatione.
3571 4401 3761 4469 Corpus
3782 4398 3823 4447 ut

2232 4475 2695 4545 redemptionem
2727 4482 2911 4549 pretio
2943 4490 3218 4552 operetur
3251 4488 3628 4557 :fsimilitudo,
3656 4492 3706 4541 ut
3728 4486 3822 4539 hor-

464 4583 578 4622 nus
592 4565 948 4636 ait,intirmis
971 4565 1162 4617 adhuc
1186 4570 1239 4617 et
1272 4566 1465 4618 divina
1484 4567 1738 4621 nondum
1760 4576 2126 4626 sacramenta
2157 4561 2210 4629 D
2232 4564 2390 4617 POI'iS
2433 4565 2670 4621 “ﬁdium
2703 4571 3081 4642 pl‘Ohellatur,
3118 4579 3174 4629 et
3216 4577 3546 4632 devotionis
3576 4575 3823 4631 sinceritas

466 4672 677 4727 capere
714 4654 1068 4721 valentibus,
1106 4652 1151 4706 Ο
1182 4653 1358 4707 stulte
1408 4658 1463 4707 et
1492 4656 1654 4709 tarde
1689 4659 1864 4712 corde
1894 4661 1964 4712 ad
1996 4676 2128 4714 ere-

463 4745 742 4809 dendum;
778 4743 1012 4796 miraris
1047 4743 1201 4813 Quod
1236 4759 1452 4811 corpus
1471 4745 1673 4813 audis;
1707 4748 1861 4816 quod
1895 4750 2131 4819 sangui-

460 4851 595 4890 nem
626 4833 819 4902 audis,
846 4831 951 4885 sed
976 4831 1256 4900 speciem,
1294 4832 1349 4883 id
1381 4836 1473 4884 est
1504 4834 1808 4889 veritatem
1840 4838 2036 4891 carnis
2072 4842 2127 4892 et

465 4924 778 4996 sanguinis
810 4936 943 4992 quae
971 4921 1127 4973 intus
1161 4924 1271 4987 est,
1299 4920 1434 4989 quia
1458 4937 1573 4974 non
1605 4924 1820 4992 credis,
1856 4940 1973 4979 non
2004 4942 2127 4981 cer-

463 5012 589 5079 nis;
625 5028 798 5083 quam
817 5012 867 5065 si
892 5010 1162 5063 nimirum
1186 5010 1488 5078 crederes,
1518 5013 1645 5064 sine
1667 5012 1844 5067 dubio
1864 5013 2120 5072 videres.

464 5099 650 5154 Crede
682 5117 829 5171 ergo
879 5104 937 5153 ut
968 5098 1192 5167 videas,
1230 5115 1358 5151 nam
1401 5101 1642 5154 credere
1668 5100 1791 5166 jam
1828 5104 2003 5158 corde
2036 5110 2127 5161 est

464 5186 696 5253 videre;
731 5188 885 5258 quod
911 5187 1047 5240 dum
1073 5188 1356 5255 dii’l‘ertur,
1379 5189 1512 5241 dum
1535 5189 1605 5242 ad
1632 5189 1965 5244 intuendam
1984 5197 2127 5248 tanti

464 5275 729 5346 mysterii
762 5276 1215 5344 profunditatem
1247 5276 1407 5327 acies
1436 5279 1649 5330 mentis
1675 5278 1805 5330 fidei
1840 5279 2125 5337 beneﬁcio

465 5363 801 5419 mundanda
832 5367 885 5416 et
929 5364 1272 5418 illustranda
1313 5370 1722 5433 exSpectatur;
1774 5369 1930 5437 quod
1963 5373 2125 5425 cxte—

465 5451 593 5507 rius
641 5452 814 5520 patet,
862 5453 1095 5505 interim
1134 5454 1266 5523 quia
1316 5454 1757 5508 similitudinem
1809 5456 2003 5528 habet,
2052 5475 2126 5514 ne

465 5543 829 5609 contemnas,
867 5554 939 5593 ne
979 5539 1037 5592 in
1064 5540 1353 5610 judicium
1385 5543 1778 5598 damnationis
1810 5546 2015 5600 merito
2041 5547 2129 5601 in-

462 5629 829 5699 credulitatis
875 5629 1170 5685 incurras.
1205 5630 1454 5703 Suscipe
1485 5633 1640 5704 quod
1673 5636 1841 5706 patet,
1880 5639 1941 5690 ut
1966 5639 2129 5708 post-

2234 4660 2598 4723 exerceatur,
2626 4661 2705 4726 ut,
2728 4658 2863 4713 dum
2887 4663 3041 4731 quod
3066 4680 3182 4719 non
3225 4667 3403 4735 videt,
3428 4667 3622 4734 credit,
3644 4662 3822 4735 dignius

2237 4748 2597 4813 assequatur
2611 4748 2764 4816 quod
2781 4750 3092 4818 pollicetur
3103 4759 3308 4824 operta
3322 4757 3598 4827 majestas
3612 4749 3824 4825 mysterii.

2239 4830 2516 4900 Sequitur
2549 4848 2561 4888 :
2600 4858 2619 4880 «ί
2645 4836 2749 4889 Vis
2781 4839 2937 4894 seire
2971 4858 3145 4911 quam
3169 4845 3371 4898 verbis
3405 4845 3826 4900 coelestibuscon-

2239 4924 2750 4994 secretur‘3accipe
2774 4943 2905 4996 quae
2920 4934 3060 4984 sunt
3072 4933 3432 4989 verba.Dicit
3445 4933 3703 4989 sacerdos
3720 4925 3823 4983 :Fac

2240 5009 2410 5063 nobis
2446 5010 2594 5065 hanc
2632 5014 2986 5072 oblationem
3026 5022 3363 5092 ascriptum,
3400 5030 3594 5089 ratam,
3625 5020 3823 5073 rationa-

2238 5103 2434 5165 bilem,
2483 5105 2925 5175 acceptabilem,
2966 5109 3120 5178 quod
3169 5114 3260 5164 est
3308 5112 3496 5183 ﬁgura
3542 5106 3765 5178 corporis
3785 5106 3822 5154 el

2240 5194 2550 5263 sanguinis
2586 5193 2813 5247 Domini
2845 5198 3037 5250 nostri
3068 5199 3211 5251 Jesu
3235 5198 3507 5254 Christi.»
3541 5196 3683 5264 Quod
3710 5194 3822 5263 ﬁgu-

2239 5297 2363 5333 ram
2396 5281 2535 5334 dicit
2570 5284 2657 5335 sic
2690 5283 2891 5353 accipe
2928 5301 2938 5339 :
2974 5288 3108 5355 quia
3142 5304 3272 5341 cum
3304 5289 3415 5343 hoc
3447 5288 3579 5342 dicit
3605 5279 3823 5339 sacerdos

2238 5375 2292 5422 et
2325 5370 2463 5440 agili
2518 5371 2713 5440 ipsum
2760 5372 3067 5428 Dominum
3118 5375 3330 5447 figurat
3372 5394 3480 5432 sua
3525 5370 3821 5430 sacramenta

2244 5462 2582 5513 tractantem
2642 5462 2697 5513 et
2747 5468 3216 5535 consecrantem,
3268 5470 3323 5521 et
3370 5483 3438 5521 ea
3493 5466 3613 5536 ipsa
3659 5458 3823 5532 pariter

2237 5563 2369 5617 qua:
2422 5550 2693 5603 sacrabat
2752 5552 3021 5621 corporis
3063 5554 3159 5608 sui
3194 5559 3250 5610 et
3279 5555 3577 5628 sanguinis
3607 5542 3822 5621 mystet‘ia

2233 5635 2649 5710 praeferentem
2676 5655 2687 5693 :
2716 5661 2737 5686 α
2761 5638 2930 5706 Quod
2963 5644 3075 5715 est,
3106 5643 3314 5720 inquit,
3333 5646 3519 5720 ﬁgura
3543 5629 3821 5713 corporiset
