4048 6164
431 194 587 259 1399

426 396 578 450 dicta
614 395 814 448 contra
847 407 952 447 eos
981 391 1277 461 praecipue
1312 391 1423 461 qui
1462 394 1597 461 post
1628 406 1840 444 novem
1898 406 2087 444 annos

427 482 612 538 semel
641 482 1093 548 communicant;
1118 484 1173 534 et
1197 496 1329 533 cum
1351 479 1708 533 inﬁdelitatis
1737 481 2087 550 arguuntur,

424 571 811 625 humilitatem
841 570 1220 635 mentiuntur,
1256 570 1354 639 qui
1387 568 1436 621 si
1461 568 1805 622 humilitatis
1839 568 2025 638 gratia
2057 583 2088 620 a

423 662 795 714 sacramento
829 660 1033 712 sancto
1068 672 1203 711 sese
1227 657 1681 727 suspenderent,
1718 672 2089 726 nequaquam

421 763 706 819 perversa
739 746 1066 813 sentiendo,
1103 749 1157 798 et
1177 746 1367 799 inluto
1385 761 1624 815 nuperaa
1658 745 1961 798 haereseos
1984 746 2090 797 im-

423 838 715 908 pudenter
744 836 1073 890 haesitando
1092 837 1297 888 contra
1325 834 1476 888 idem
1512 837 1942 888 sacramentum
1962 849 2090 901 pro-

424 927 646 980 caciter
706 925 1092 993 disputarent.
1127 924 1198 976 At
1227 939 1367 991 nos,
1402 923 1618 993 quibus
1651 923 1763 975 alia
1802 922 2092 977 sententia

426 1018 539 1083 est,
574 1014 627 1068 si
657 1014 939 1067 munditia
965 1013 1163 1066 cordis
1192 1028 1326 1065 cum
1358 1012 1689 1065 innocentia
1722 1012 1922 1081 operis
1949 1027 2091 1064 con-

426 1104 625 1170 sentit,
660 1101 876 1155 divinis
941 1101 1282 1171 frequenter
1311 1101 1729 1170 participemur
1769 1099 2089 1169 mysteriis.

422 1191 485 1247 Si
515 1206 659 1245 vero
701 1190 967 1259 capitalia
1012 1193 1284 1258 premunt
1324 1189 1567 1243 crimina
1599 1188 1843 1258 sanctis,
1880 1204 1997 1243 non
2026 1196 2095 1246 ut

426 1280 489 1334 in
546 1279 806 1349 peccatis
860 1293 1355 1348 perseveremus,
1391 1279 1817 1341 abstineamus;
1856 1279 1962 1332 sed
2020 1293 2092 1331 ne

427 1384 613 1439 super
640 1368 817 1437 impia
855 1368 1181 1421 temeritate
1225 1367 1589 1435 damnemur,
1624 1368 1676 1419 si
1722 1368 2096 1436 impudenter

425 1458 775 1513 mortalibus
835 1456 1153 1509 attaminati
1212 1456 1373 1508 vitiis
1432 1456 1503 1509 ad
1545 1457 1671 1525 ipsa
1706 1471 1816 1510 nos
1857 1472 2094 1525 praesu-

421 1545 632 1600 menda
664 1546 1109 1616 immergamus.
1133 1544 1290 1615 Ergo
1322 1544 1392 1597 ad
1424 1548 1657 1613 tempus
1678 1544 2094 1599 abstinendum

420 1638 515 1690 est
536 1635 614 1688 ita
646 1651 678 1687 a
711 1635 955 1700 sanctis,
990 1634 1099 1687 sed
1146 1634 1484 1702 poenitentia
1517 1634 1685 1687 ocius
1740 1633 2093 1702 adhibenda,

423 1727 488 1778 ut
520 1724 814 1777 cessando
847 1739 877 1775 a
910 1722 1100 1789 malis,
1146 1722 1443 1792 dignaque
1477 1721 1885 1775 satisfactione
1918 1722 2096 1775 vitam

425 1812 762 1866 mundando
821 1827 853 1863 a
884 1811 1173 1880 peccatis,
1209 1814 1551 1880 satagamus
1598 1811 1881 1864 amissam
1929 1827 2095 1879 repa-

421 1901 606 1955 rando
640 1901 888 1971 gratiam
919 1901 1426 1952 sacramentorum
1462 1900 1870 1953 communione
1932 1899 2096 1969 digni

422 1989 779 2060 quandoque
811 1987 1082 2040 inveniri.
1133 1986 1240 2050 Qui
1273 1989 1465 2039 autem
1512 1986 1585 2039 ab
1619 1986 1712 2039 his
1746 1988 2096 2040 criminibus

424 2077 519 2131 vel
552 2077 687 2130 vitae
738 2076 1071 2129 innocentia
1122 2075 1398 2128 immunis
1457 2080 1568 2141 est,
1605 2075 1696 2127 vel
1729 2076 1903 2146 digna
1961 2079 2097 2144 post

424 2165 659 2236 lapsum
692 2164 1033 2235 pmnitentia
1062 2164 1465 2233 subsequente
1486 2164 1821 2232 indemptus
1851 2164 2096 2217 effectus

427 2255 522 2306 est
552 2252 640 2305 sic
664 2250 1008 2320 frequenter
1039 2253 1213 2320 atque
1246 2265 1379 2302 cum
1412 2250 1734 2303 humilitate
1768 2251 2096 2304 communi-

429 2344 542 2410 cet,
576 2344 634 2393 ut
665 2342 722 2393 et
755 2338 1151 2392 infirmitatem
1206 2354 1372 2391 suam
1405 2338 1721 2408 diligenter
1761 2340 2099 2393 consideret

429 2432 486 2483 et
514 2443 547 2481 a
577 2428 856 2495 minimis,
893 2426 1209 2496 epitulante
1247 2428 1385 2493 Deo,
1418 2428 1679 2496 peccatis
1702 2427 2000 2482 abstinere
2024 2428 2097 2482 de

431 2521 646 2571 caetero
680 2515 940 2581 festinet,
976 2516 1164 2585 deque
1188 2515 1289 2567 Dei
1323 2516 1729 2569 misericordia
1763 2517 2095 2570 nullatenus

431 2604 726 2675 desperet,
760 2604 860 2674 qui
903 2608 962 2657 ut
982 2604 1340 2674 quotidianis
1362 2605 1629 2674 lapsibus
1664 2606 1885 2659 nostris
1908 2606 2098 2676 quoti—

433 2693 671 2747 dianum
709 2692 1418 2762 procuraretremedium,
1453 2694 1695 2747 caeleste
1725 2694 1837 2748 hoc
1861 2710 2103 2748 novum-

434 2796 549 2851 que
609 2796 724 2834 non
770 2780 1088 2849 annuatim,
1122 2780 1229 2833 sed
1262 2780 1459 2832 diatim
1490 2782 1803 2851 agendum,
1857 2783 2099 2837 remotis

433 2869 1391 2938 veteribus,instituitsacriﬁcium
1409 2885 1524 2939 quo
1558 2870 1829 2924 crebrius
1862 2871 2100 2939 pastiac

434 2958 687 3013 subinde
718 2957 925 3012 refecti
956 2959 1327 3024 innovemur,
1360 2958 1612 3027 ﬁdeique
1644 2960 1830 3028 gratia
1852 2960 2103 3014 illustre-

434 3063 583 3117 mur,
605 3046 1097 3118 quemadmodum
1120 3047 1197 3099 ait
1219 3047 1766 3117 PaterAugustinus
1794 3064 1804 3102 :
1836 3070 1856 3093 α
1880 3049 2102 3103 Acces-

437 3140 648 3191 serunt
680 3136 872 3190 Judaei
894 3136 964 3190 ad
993 3134 1296 3189 Christum
1325 3135 1819 3207 uteruciﬁgerent
1848 3153 1857 3189 :
1886 3153 1995 3192 nos
2014 3154 2103 3192 ac-

438 3225 719 3279 cedamus
753 3229 814 3278 ut
846 3240 1063 3293 corpus
1090 3224 1223 3293 ejus
1256 3224 1614 3292 accipiamus
1641 3228 1694 3277 et
1726 3226 2098 3297 sanguinem.

436 3314 527 3369 Illi
557 3314 628 3368 de
646 3314 930 3367 cruciﬁxo
950 3312 1353 3365 contenebrati
1379 3316 1544 3365 sunt:
1566 3328 1677 3365 nos
1697 3315 2102 3370 manducando

438 3407 494 3457 et
536 3400 795 3456 bibendo
836 3400 1193 3454 Crueiﬁxum
1221 3441 1234 3467 ,
1287 3400 1701 3454 illuminamur.
1740 3424 1762 3447 α
1804 3402 1956 3457 Ecce
2006 3404 2101 3458 hic

437 3491 598 3546 nulla
631 3490 915 3544 scribitur
947 3490 1154 3560 ﬁgura,
1182 3489 1287 3542 sed
1311 3491 1507 3557 aperte
1541 3490 1881 3545 manducari
1904 3493 2104 3547 Cruci-

439 3580 594 3633 ﬁxus
622 3582 796 3647 atque
822 3577 944 3630 bibi
978 3576 1337 3645 perhibetur.
1375 3577 1530 3631 Alibi
1563 3593 1797 3650 quoque
1825 3582 1939 3635 ait:
1974 3604 1995 3632 α
2041 3583 2104 3637 In

440 3670 814 3721 sacramento
866 3665 1175 3719 credentes
1197 3664 1476 3719 biberunt
1521 3668 1873 3739 sanguinem
1930 3686 2103 3741 quem

442 3754 721 3809 fuderunt
752 3754 1091 3807 saevientes.
1131 3778 1151 3801 »
1190 3753 1299 3807 Hic
1330 3769 1563 3825 quoque
1588 3757 1810 3810 nullum
1841 3758 2105 3814 similitu-

440 3844 599 3897 dinis
633 3841 948 3896 offenditur
995 3841 1283 3910 nubilum,
1328 3843 1434 3897 sed
1481 3846 1750 3899 eumdem
1791 3847 1848 3899 in
1898 3862 2105 3902 sacra-

442 3936 636 3986 mento
696 3931 834 3984 dicti
872 3936 1010 3985 sunt
1039 3931 1269 3985 bibisse
1331 3933 1715 4003 sanguinem,
1769 3936 2102 4009 credentes,

442 4035 616 4092 quem
648 4018 966 4074 saevientes
1008 4019 1303 4074 fuderunt.
1339 4019 1408 4074 Et
1460 4022 1519 4073 in
1568 4022 1717 4076 libro
1763 4023 2106 4080 Confessio-

443 4125 580 4164 num
616 4125 627 4164 :
669 4132 689 4156 «
725 4110 847 4179 Ille,
883 4109 1072 4179 inquit
1101 4111 1238 4162 tuus
1290 4110 1501 4164 unicus
1547 4111 1797 4165 redemit
1840 4129 1932 4167 me
1964 4131 2107 4169 san-

443 4201 622 4271 guine
636 4213 769 4266 suo;
792 4214 909 4253 non
929 4198 1360 4252 calumnientur
1381 4199 1521 4252 mihi
1541 4201 1803 4270 superbi,
1830 4203 2104 4272 quoniam

444 4288 640 4357 cogito
663 4288 914 4357 pretium
943 4301 1138 4340 meum
1158 4288 1213 4339 et
1236 4287 1544 4356 manduco,
1580 4291 1634 4341 et
1656 4289 1815 4360 bibo,
1850 4295 1907 4345 et
1923 4307 2104 4363 erogo

445 4378 503 4429 et
530 4390 755 4445 pauper
785 4375 956 4443 cupio
976 4375 1228 4428 saturari
1253 4390 1327 4428 ex
1360 4391 1449 4429 eo.
1488 4400 1509 4423 ι»
1548 4376 1699 4432 Ecce
1731 4379 2105 4451 Augustinus

444 4463 749 4518 Christum
781 4463 997 4534 cogitat
1026 4463 1278 4533 pretium
1329 4479 1524 4533 suum,
1559 4481 1810 4537 eumque
1842 4484 1907 4523 se
1939 4485 2105 4524 man-

346 4627 352 4632 _
443 4552 662 4607 ducare
704 4550 863 4620 dicit,
898 4552 1034 4621 quia
1066 4553 1236 4605 cibus
1268 4556 1378 4622 est,
1423 4556 1479 4607 et
1509 4555 1731 4625 bibere,
1767 4558 1903 4628 quia
1933 4563 2107 4629 potus

443 4645 556 4711 est,
591 4642 790 4709 utpote
811 4655 948 4693 caro
979 4642 1035 4694 et
1067 4641 1337 4711 sanguis,
1364 4646 1420 4695 et
1450 4657 1698 4714 erogare
1732 4686 1745 4714 ,
1789 4647 2107 4718 episcopus

444 4731 601 4786 enim
639 4732 785 4796 erat,
842 4733 897 4781 et
945 4744 1263 4798 pauperem
1323 4746 1539 4800 cupere
1596 4748 1670 4786 ex
1720 4750 1789 4788 eo
1831 4740 2103 4808 saturari,

443 4819 582 4891 quia
611 4816 854 4871 humilis
929 4816 1235 4871 nesciebat
1308 4818 1609 4873 fastidium
1660 4822 1843 4877 divini
1910 4842 2109 4881 sacra-

443 4906 646 4961 menti.

514 4994 668 5048 XVI.
702 4994 846 5048 Haec
868 4994 1046 5067 igitur
1069 4994 1318 5049 ﬁdeliter
1345 5000 1401 5050 et
1433 5013 1563 5051 cum
1591 4999 1866 5056 ﬁdelibus
1899 5005 2108 5059 creda-

444 5097 600 5151 mus,
636 5085 699 5137 ut
726 5083 1132 5137 manducando
1181 5083 1540 5140 Cruciﬁxum
1585 5091 1640 5141 et
1671 5089 1925 5146 bibendo
1976 5109 2107 5147 cum

445 5169 565 5222 illis
596 5172 1314 5239 veraeiterilluminemur,
1342 5189 1413 5227 ne
1434 5175 1945 5243 per-inﬁdelitatem
1976 5196 2109 5235 cum

447 5256 643 5325 impiis
666 5260 1139 5326 obtenebremur;
1167 5261 2111 5331 qui,videlicetinﬁdeles,tametsi

449 5359 657 5399 vocem
687 5346 1052 5419 Christiquae
1086 5364 1321 5403 carnem
1346 5366 1513 5406 suam
1529 5352 1674 5407 dixit
1692 5357 2111 5413 comedendum

448 5428 887 5504 bibendumque
934 5438 1284 5508 sanguinem
1313 5441 1687 5511 nequiverint
1734 5442 1911 5514 ferre,
1972 5447 2109 5517 quia

200 5534 223 5543 Α
266 5517 764 5663 ‘qluerunt
776 5527 1118 5580 reverenter
1143 5526 1406 5600 credere,
1428 5532 1619 5585 tamen
1648 5531 1925 5589 Christus
1946 5535 2107 5593 Deus

512 5602 545 5639 1η

1420 192 1794 256 DURANDI
1849 191 2212 257 ABBATIS
2263 191 2853 257 TROARNENSIS

3656 197 3780 263 1400

2122 392 2178 450 ll
2199 391 2336 461 quia
2368 391 2572 459 voluit,
2603 392 2790 461 potuit
2820 392 3049 463 absque
3078 392 3252 447 dubio
3281 393 3433 463 quod
3461 393 3592 447 dixit
3615 395 3781 464 imple-

2198 494 2284 546 re,
2321 494 2676 549 carnemque
2711 497 2877 534 suam
2906 481 3080 535 nobis
3099 481 3156 533 in
3184 497 3380 536 escam
3400 485 3451 536 et
3470 485 3643 551 potum
3661 500 3783 552 prae-

2197 567 2339 621 bere
2371 582 2385 636 ;
2418 567 2573 638 quod
2607 570 2878 638 quamvis
2909 570 3134 623 ratione
3176 570 3433 623 videatur
3464 572 3637 625 minus
3662 588 3785 626 com-

2199 658 2449 725 pertum,
2511 655 2623 710 ﬁde
2667 661 2855 711 tamen
2919 661 3150 712 constat
3189 658 3417 712 omnino
3449 660 3785 728 perspicuum.

2203 744 2700 807 Quemadmodum
2760 747 2913 800 enim
2964 747 3260 800 credimus
3316 747 3559 803 Verbum
3602 764 3789 803 carnem

2209 833 2444 899 factum,
2480 838 2538 887 et
2566 834 2962 889 indubitanter
3015 840 3284 891 tenemus
3308 877 3322 904 ,
3368 836 3468 889 sed
3498 837 3712 907 qualiter
3733 838 3790 892 sit

2206 921 2364 974 nulla
2402 922 2625 975 ratione
2667 924 2974 977 novimus:
3014 925 3090 977 ita
3121 929 3177 977 et
3219 925 3276 976 in
3312 924 3595 979 Dominico
3632 942 3790 981 sacra-

2207 1012 2402 1062 mento
2418 1025 2646 1079 panem,
2669 1011 2767 1081 qui
2800 1014 3082 1081 cernitur,
3103 1012 3243 1066 nihil
3265 1012 3419 1066 aliud
3438 1028 3595 1083 quam
3622 1013 3792 1070 Christi

2210 1113 2464 1165 carnem,
2499 1114 2629 1168 qua}
2660 1101 3001 1170 percipitur,
3036 1101 3416 1172 intelligimus
3439 1143 3452 1168 ,
3485 1104 3683 1156 tametsi
3708 1104 3791 1159 hoc

2211 1202 2419 1255 capere
2451 1187 2544 1241 vel
2574 1189 2875 1244 disserere
2905 1190 3424 1260 nequeamusJioo
3444 1194 3617 1244 autem
3641 1192 3791 1245 credi-

2211 1291 2364 1344 mus,
2397 1277 2671 1345 quoniam
2704 1278 2831 1345 ipsa
2861 1278 3066 1332 eadem
3097 1279 3313 1332 divinae
3345 1279 3562 1333 virtutis
3589 1279 3795 1334 efﬁcacia

2208 1378 2340 1432 quae
2373 1363 2693 1418 Dominica:
2712 1366 3132 1420 incarnationis
3152 1367 3377 1420 exstitit
3395 1367 3643 1433 creatrix,
3657 1367 3794 1437 hujus

2208 1466 2442 1522 quoque
2474 1452 2736 1506 caelestis
2767 1455 3121 1507 sacramenti
3142 1470 3383 1524 semper
3410 1455 3485 1508 sit
3513 1454 3708 1523 efﬁcax,
3728 1471 3797 1524 po-

2207 1542 2456 1610 tensque
2490 1541 2811 1603 Operatrix.
2848 1542 2957 1595 His
2987 1542 3172 1613 igitur
3218 1546 3460 1613 propter
3504 1544 3795 1611 perﬁdorum

2207 1626 2602 1696 insolentiam,
2644 1628 2850 1698 paucis
2894 1629 3127 1699 quidem
3178 1645 3288 1698 pro
3340 1631 3425 1684 rei
3466 1630 3796 1701 magnitudine

2208 1717 2521 1785 minusque
2556 1717 2850 1771 accuratis
2892 1734 2995 1786 pro
3040 1717 3374 1788 majestatis
3404 1719 3678 1789 dignitate,
3716 1720 3795 1772 sed

2208 1804 2436 1858 libratis
2469 1808 2591 1858 rata
2640 1807 2904 1860 veritatis
2937 1807 3212 1877 aaquitate
3247 1851 3260 1876 ,
3296 1807 3606 1878 praelibatis
3649 1808 3797 1875 potius

2209 1908 2384 1963 quam
2413 1895 2728 1964 peroratis,
2764 1896 3152 1965 quorumdam
3204 1897 3580 1950 temeritatem
3616 1912 3798 1965 compe-

2211 1998 2401 2050 scere,
2437 1987 2609 2053 atque
2657 1983 2904 2038 habenis
2936 1985 3243 2038 modestiae
3275 1988 3590 2054 temperare
3614 1985 3799 2056 dignum

2210 2071 2372 2140 duxi,
2424 2075 2483 2124 ut
2540 2072 2983 2127 immoderatius
3016 2072 3199 2126 divini
3234 2075 3577 2127 sacramenti
3608 2074 3800 2127 altitudi-

2209 2176 2342 2213 nem
2368 2161 2731 2229 perscrutari
2765 2176 3134 2232 nequaquam
3165 2166 3547 2231 praasumant,
3576 2178 3639 2216 ne
3663 2161 3799 2216 oilen-

2214 2264 2339 2301 sam
2365 2249 2477 2302 sub
2493 2250 2734 2303 obtentu
2753 2250 2984 2319 pietatis
3012 2251 3338 2320 incurrant,
3356 2252 3564 2321 quibus
3585 2252 3802 2305 sufﬁcere

2214 2337 2385 2390 debet
2417 2354 2559 2405 pura
2605 2337 2739 2390 ﬁdei
2771 2339 3143 2407 simplicitas,
3176 2343 3239 2391 et
3295 2340 3368 2391 ab
3412 2340 3598 2409 inquis
3647 2339 3803 2393 tradita

2213 2431 2268 2480 et
2281 2428 2351 2479 ab
2376 2442 2577 2481 eorum
2598 2428 3054 2481 successoribus
3074 2427 3145 2481 ad
3158 2444 3273 2482 nos
3287 2445 3479 2499 usque
3497 2429 3802 2496 transmissa;

2213 2531 2321 2570 nec
2352 2515 2604 2569 humana
2624 2516 2681 2569 in
2705 2516 2923 2570 divinis
2940 2521 3033 2570 est
3051 2518 3337 2571 sectanda
3355 2519 3674 2589 loquacitas,
3694 2517 3804 2570 unde

2214 2605 2424 2659 estilla
2457 2605 2609 2659 beati
2657 2605 2864 2658 llilarii
2896 2607 3184 2660 sententia
3220 2622 3233 2661 :
3273 2629 3295 2653 α
3332 2607 3465 2662 Non
3516 2610 3599 2661 est
3646 2607 3802 2677 inquit,

2214 2693 2468 2747 humano
2500 2696 2599 2746 aut
2622 2694 2831 2747 saeculi
2859 2710 3044 2748 sensu
3075 2697 3131 2746 in
3149 2695 3259 2749 Dei
3285 2698 3467 2750 rebus
3496 2695 3802 2766 loquendum,

2212 2797 2321 2836 nec
2344 2799 2448 2851 per
2478 2782 2837 2850 violentiam,
2861 2786 3036 2853 atque
3068 2785 3500 2853 imprudentem
3514 2784 3805 2855 praedicatio-

2212 2887 2366 2941 nem,
2424 2871 2754 2925 cmlestium
2805 2873 3093 2927 dictorum
3143 2874 3383 2927 sanitati
3430 2875 3637 2941 alienae,
3680 2878 3804 2942 atque

2213 2961 2407 3031 impiae
2439 2960 2845 3031 intelligentiae
2876 2963 3278 3032 extorquenda
3311 2963 3655 3033 perversitas
3678 2965 3760 3016 est.
3787 2985 3802 3007 ι

2216 3051 2358 3104 Haec
2395 3050 2530 3104 illos
2563 3051 2800 3120 proprie
2836 3054 3125 3106 sententia
3175 3054 3427 3122 respicit
3471 3053 3564 3123 qui
3615 3052 3807 3105 humano

2214 3158 2401 3197 sensu
2432 3140 2771 3194 caelestibus
2805 3139 2978 3194 dictis
3009 3142 3614 3196 violentiaminferunt
3639 3143 3805 3195 exorta:

2215 3231 2548 3300 impietatis,
2592 3230 2728 3283 dum
2761 3230 3023 3283 divinum
3046 3236 3485 3286 sacramentum
3512 3236 3637 3285 nota
3653 3230 3805 3297 depra-

2215 3322 2353 3374 vant
2384 3319 2783 3389 turpitudinis.

2812 3406 2907 3461 PA
2916 3407 3009 3462 BS
3038 3406 3291 3463 SEXTA

2288 3495 2464 3550 XVII.
2497 3495 2643 3551 Sunt
2672 3498 2867 3550 autem
2910 3494 3088 3550 multa
3121 3495 3179 3549 in
3238 3496 3577 3571 Scripturis,
3620 3510 3728 3567 qua:
3767 3492 3805 3546 si

2216 3586 2624 3640 vehementius
2647 3590 3006 3657 exaggerata
3038 3587 3279 3658 fuerint,
3312 3605 3429 3643 non
3462 3582 3803 3658 opemsalutis,

2218 3676 2323 3730 sed
2355 3690 2619 3729 errorem
2639 3674 2894 3728 inferant
2921 3676 3291 3746 perditionis,
3327 3693 3438 3731 nec
3465 3679 3654 3731 acuant
3680 3671 3806 3726 intel-

2217 3752 2453 3835 lectum,
2475 3763 2581 3818 sed
2613 3763 2824 3817 mentis
2859 3763 3218 3820 confundant
3242 3766 3543 3831 intuitum;
3573 3765 3626 3818 in
3644 3760 3806 3833 quibus

2219 3853 2552 3923 quicunque
2611 3854 2849 3907 modum
2878 3860 3283 3923 reservarunt,
3316 3856 3376 3908 in
3400 3854 3648 3909 Ecclesia
3666 3847 3809 3903 catho-

2221 3941 2333 3994 lica
2364 3941 2768 4011 perstiterunt;
2800 3943 2899 4012 qui
2929 3959 3069 3997 vero
3099 3944 3559 4013 perefﬂuxerunt
3584 3938 3809 3995 obturata-

2220 4045 2336 4100 que
2358 4029 2655 4099 insipienti
2688 4031 2868 4084 corde
2899 4032 2959 4084 in
2989 4032 3450 4103 cogitationibus
3475 4028 3805 4088 evanuerunt,

2220 4119 2277 4171 in
2300 4118 2656 4188 multiplices
2714 4118 2987 4174 falsitatis
3017 4120 3364 4189 phantasias
3412 4118 3651 4175 devoluti
3691 4115 3804 4174 sunt,

2218 4206 2779 4278 haeresiarchesque
2811 4205 3023 4278 effecti,
3059 4209 3387 4265 schismata
3418 4212 3475 4264 et
3503 4205 3804 4263 conrisiones

2219 4298 2441 4367 operati
2484 4301 2639 4352 sunt.
2682 4296 2828 4351 Cum
2859 4313 3025 4369 ergo,
3062 4302 3122 4352 ut
3178 4299 3400 4354 dictum
3450 4301 3539 4352 est
3567 4299 3805 4351 innumera

2219 4389 2340 4441 sint
2366 4387 2682 4456 Scripturae
2707 4402 2894 4442 sacrae
2925 4387 3223 4457 mysteria,
3241 4404 3375 4458 quae
3406 4385 3648 4442 revereri
3665 4379 3806 4451 magis

2130 4475 2186 4538 D
2222 4476 2497 4531 mortales
2529 4490 2701 4545 quam
2736 4476 2984 4528 scrutari
3007 4478 3289 4545 oporteat,
3313 4491 3496 4546 pauca
3526 4474 3612 4528 hic
3639 4470 3700 4525 ad
3721 4467 3805 4523 evi-

2219 4564 2474 4619 dentiam
2505 4564 2589 4617 rei
2621 4564 2956 4634 subtexam,
2990 4580 3064 4617 ex
3095 4565 3311 4634 quibus
3346 4568 3436 4619 est
3467 4564 3559 4618 illa
3585 4561 3650 4615 de
3674 4570 3805 4611 voca-

2220 4653 2378 4707 tione
2411 4652 2694 4724 gentium,
2728 4651 3186 4723 Judaeorumque
3217 4651 3551 4723 repulsione
3598 4644 3803 4703 districta

2223 4741 2544 4795 divinitatis
2578 4756 2833 4795 censura
2862 4741 2921 4794 in
2942 4757 3117 4812 quam
3138 4757 3271 4795 cum
3290 4742 3517 4795 Paulus
3562 4732 3803 4808 apostolus

2226 4831 2657 4900 Opportunitate
2702 4830 3118 4900 disputationis
3148 4830 3514 4901 impegisset,
3537 4842 3633 4881 nec
3658 4836 3712 4877 se
3732 4833 3803 4872 ex-

2225 4920 2530 4991 plananda:
2561 4934 2751 4990 neque
2782 4934 2896 4973 nos
2927 4920 3016 4972 eis
3046 4919 3346 4989 capiendae
3377 4917 3635 4973 sufﬁcere
3660 4906 3802 4981 perVi'

2224 5010 2430 5076 disset,
2447 5009 2504 5061 in
2535 5009 2978 5063 admirationem
2991 5007 3175 5062 divini
3186 5008 3401 5063 secreti
3429 5007 3646 5075 repente
3659 5008 3799 5053 erum-

2222 5114 2408 5169 pens:
2447 5097 2511 5165 0,
2546 5098 2751 5166 inquit,
2807 5097 3057 5152 altitudo
3087 5098 3433 5152 divitiarum
3479 5088 3742 5165 sapientis
3761 5086 3803 5136 et

2221 5186 2491 5241 scientiae
2512 5185 2626 5239 Dei
2632 5202 2819 5257 ,quam
2844 5184 3467 5257 incomprehensibilia
3491 5186 3615 5237 sunt
3626 5170 3802 5266 judicia

2223 5278 2368 5346 ejus,
2394 5274 2528 5328 etin
2542 5273 2929 5345 vestigabiles
2957 5275 3065 5329 viae
3095 5273 3256 5346 ejus!
3276 5274 3391 5328 Sed
3411 5275 3465 5328 et
3490 5268 3619 5325 illud
3637 5265 3696 5354 de

2221 5380 2447 5418 marum
2479 5362 2730 5434 origine,
2768 5362 2839 5417 de
2869 5378 2985 5433 qua
3014 5362 3314 5432 multiplex
3347 5360 3492 5431 apud
3513 5348 3800 5443 mundiqph'i-

2220 5452 2507 5522 losophos
2549 5451 2657 5506 fuit
2703 5451 3042 5523 disputatio,
3099 5453 3250 5507 inter
3300 5453 3513 5506 nostris
3558 5440 3800 5533 religio?“s

2220 5541 2681 5613 probatissimos
2713 5539 2931 5614 duplex
2947 5544 3037 5598 est
3057 5541 3272 5614 agitata
3286 5534 3644 5598 ratiocinatio.
3659 5527 3797 5596 Cujus

2133 3118 2183 3182 C
