4048 6164
423 298 579 363 1403

1416 296 1799 361 DURANDI
1829 296 2202 362 ABBATIS
2239 279 2846 363 TROARNENSIS.

3697 306 3841 368 1404

398 500 455 552 et
478 498 650 552 vobis
684 498 929 552 daturus
949 499 978 551 ἓν
1034 496 1105 550 Si
1129 512 1274 568 ergo
1301 497 1585 552 rideritis
1639 496 1823 551 [Ilium
1872 496 2056 551 homi-
2086 488 2133 549 Α
2187 496 2382 566 ipsum
2412 497 2706 552 hominem
2739 499 2934 554 videat
2965 500 3211 555 artiﬁcio
3230 502 3493 556 ccelestis
3518 503 3845 558 misericor-

396 588 492 640 nis
521 586 939 641 ascendentem
974 585 1073 640 ubi
1106 592 1239 640 erat
1257 585 1610 654 prius?Quid
1633 586 1747 640 sibi
1766 586 1889 640 vult
1912 586 2054 639 hoc?

392 673 566 730 Certe
597 675 698 745 qui
730 674 962 746 integer
991 675 1315 735 ascendere
1373 676 1576 744 potuit,
1640 675 1909 729 consumi
1939 689 2056 727 non

392 763 765 834 potuit.Ergo
792 764 863 818 de
886 779 1133 833 corpore
1155 768 1210 818 et
1233 764 1521 834 sanguine
1545 779 1665 823 suo.
1693 764 1851 818 dedit
1880 764 2054 818 nobis

394 853 693 907 salubrem
717 852 1182 920 refectionem,et
1213 857 1327 906 tam
1351 868 1624 924 magnam
1654 854 1914 907 breviter
1944 854 2058 908 sol-

392 941 475 994 vit
506 941 578 995 de
610 957 720 995 sua
746 941 1078 1011 integritate
1111 941 1522 1011 quaestionem.
1552 964 1573 987 »
1598 941 1739 995 Item
1772 943 2053 1013 Augusti-

393 1044 508 1095 nus
533 1045 545 1081 :
574 1051 596 1076 α
626 1029 725 1082 llle
751 1032 886 1083 tuus
910 1030 1125 1083 unicus
1146 1030 1391 1084 redemit
1412 1046 1503 1084 me
1526 1030 1819 1101 sanguine
1840 1046 1971 1098 suo,
1998 1035 2055 1084 et

393 1118 588 1188 cogito
601 1117 851 1186 pretium
884 1134 1077 1172 meum
1098 1122 1153 1172 et
1174 1118 1483 1184 manduco,
1518 1126 1574 1173 et
1598 1121 1758 1174 bibo.
1794 1141 1813 1167 υ
1855 1120 2008 1174 Alibi
2038 1137 2049 1174 :

396 1227 417 1256 σι
456 1207 636 1260 Recte
682 1222 827 1277 ergo
859 1206 972 1261 sub
1005 1223 1104 1260 ara
1156 1210 1441 1277 martyres
1499 1208 1882 1275 collocantur,
1917 1209 2050 1278 quia

391 1310 575 1363 super
628 1310 787 1348 aram
829 1294 1107 1349 Christus
1139 1296 1477 1365 imponitur,
1510 1300 1669 1351 recte
1702 1297 1815 1351 sub
1846 1297 2052 1351 altario

384 1382 685 1452 justorum
738 1384 998 1438 membra
1040 1385 1443 1455 requiescunt,
1478 1385 1612 1455 quia
1657 1401 1841 1455 super
1870 1386 2053 1440 altare

389 1487 610 1541 corpus
666 1472 901 1526 Domini
931 1472 1195 1542 offertur;
1255 1488 1365 1527 nec
1421 1473 1711 1528 immerito
1764 1474 1881 1528 illic
1904 1474 2051 1545 justi

389 1560 644 1615 vindicta
664 1562 976 1632 sanguinis
997 1562 1351 1631 postulatur,
1378 1561 1479 1616 ubi
1510 1562 1681 1616 etiam
1704 1579 1809 1632 pro
1839 1580 2051 1633 pecca-

390 1650 617 1704 toribus
647 1650 867 1704 Christi
899 1652 1151 1722 sanguis
1178 1650 1517 1705 el't‘unditur.
1558 1674 1579 1699 η

458 1738 612 1793 ΧΙΧ.
675 1738 929 1793 Sanctus
987 1754 1222 1808 quoque
1278 1739 1534 1809 Cyrillus
1592 1756 1726 1794 cum
1775 1758 1845 1795 cn
1897 1743 2052 1812 apud

387 1825 690 1897 Ephesum
739 1828 1120 1898 congregatis
1158 1844 1168 1880 :
1204 1829 1655 1897 Annuntiantes,
1687 1830 1896 1901 inquit,
1957 1845 2053 1886 se-
2084 1861 2129 1922 Β

391 1917 646 1970 cundum
688 1931 923 1969 carnem
954 1918 1200 1970 mortem
1233 1916 1517 1987 unigeniti
1548 1916 1679 1970 Filii
1710 1919 1835 1986 Dei,
1871 1919 1928 1973 id
1961 1925 2052 1975 est

389 2007 536 2059 Jesu
566 2005 806 2073 Christi,
842 2008 898 2058 et
940 2005 1438 2059 resurrectionem
1496 2006 1628 2077 ejus
1689 2014 1744 2061 et
1774 2009 1830 2062 in
1864 2009 2050 2063 ccelos

386 2094 800 2148 ascensionem
858 2094 1077 2163 pariter
1105 2094 1451 2149 conﬁtentes
1510 2096 1873 2152 incruentam
1906 2099 2048 2153 cele-

384 2185 626 2239 bramus
657 2184 715 2236 in
740 2182 1014 2237 ecclesiis
1039 2182 1316 2236 sacriﬁcii
1344 2185 1707 2240 servitutem.
1743 2186 1840 2240 Sic
1871 2188 2042 2242 etiam

383 2273 456 2327 ad
486 2271 766 2342 mysticas
792 2271 1236 2325 benedictiones
1269 2271 2045 2341 accedimus,etsanctiﬁca-

375 2360 854 2431 mur,participes
887 2360 1077 2413 sancti
1099 2360 1369 2429 corporis
1391 2364 1446 2414 et
1465 2362 1709 2430 pretiosi
1728 2366 2043 2436 sanguinis

383 2450 623 2519 Christi,
661 2449 917 2503 omnium
950 2451 1219 2503 nostrum
1269 2449 1660 2519 redemptoris
1682 2450 1893 2523 ell‘ecti;
1927 2472 2044 2510 non

381 2543 444 2594 ut
475 2554 844 2593 communem
890 2553 1125 2592 carnem
1182 2538 1621 2608 participantes,
1666 2542 1821 2610 quod
1852 2544 2038 2600 absitl

381 2644 491 2682 nec
511 2630 573 2682 ut
594 2627 703 2680 viri
722 2627 1069 2681 sanctiﬁcati
1083 2631 1138 2680 et
1170 2627 1364 2682 Verbo
1384 2628 2043 2700 conjuncti,secundum

380 2716 724 2788 dignitatem
756 2716 1014 2783 unitatis,
1047 2718 1146 2770 aut
1176 2716 1330 2770 sicut
1361 2716 1618 2771 divinam
1675 2721 2041 2789 possidentis

379 2804 819 2873 habitationem,
880 2805 987 2859 sed
1041 2820 1180 2859 vere
1237 2804 1701 2877 viviﬁcatricem,
1763 2814 1818 2862 et
1849 2810 2041 2879 ipsius

378 2893 559 2948 Verbi
588 2895 884 2963 prepriam
932 2893 1163 2947 factam.
1201 2915 1222 2943 ι
1258 2893 1329 2947 Et
1366 2894 1576 2949 beatus
1633 2896 1989 2952 Ambrosius
2025 2917 2036 2954 :

382 3006 404 3030 α
441 2981 595 3037 Caro
612 2999 742 3037 mea
780 2998 922 3038 vere
953 2989 1044 3037 est
1063 2982 1251 3052 cibus,
1276 2985 1593 3056 etsanguis
1608 3001 1774 3040 meus
1791 3003 1933 3042 vere
1946 2995 2040 3043 est

371 3079 566 3144 potus.
599 3071 845 3127 Carnem
869 3071 1057 3137 audis,
1082 3072 1433 3143 sanguinem
1463 3074 1655 3142 audis,
1678 3076 1884 3130 mortis
1918 3077 2036 3131 Do-

376 3162 607 3216 minicae
634 3165 1002 3216 sacramenta
1032 3162 1374 3233 cognoscis,
1408 3163 1693 3217 divinitati
1726 3164 2039 3220 calumnia-

374 3251 493 3305 ris‘?
514 3251 668 3304 Audi
691 3251 978 3305 dicentem
1004 3251 1200 3321 ipsum
1227 3250 1524 3322 :Spiritus
1545 3268 1784 3308 carnem
1816 3262 1874 3308 et
1906 3271 2038 3311 ossa
2070 3222 2123 3288 c

377 3356 490 3394 non
522 3340 725 3395 liabet.
758 3340 883 3394 Nos
915 3342 1108 3393 autem
1140 3340 1610 3411 quotiescunque
1668 3348 2034 3399 sacramenta

309 3438 319 3446 '
375 3432 688 3498 sumimus,
721 3447 855 3502 quae
888 3446 991 3500 per
1018 3433 1241 3484 sanctae
1279 3430 1566 3484 orationis
1598 3434 1944 3502 mysterium
1977 3436 2035 3490 in

374 3534 612 3574 carnem
632 3520 1133 3590 transﬁgurantur
1163 3523 1217 3573 et
1249 3519 1619 3590 sanguinem,
1654 3526 1900 3577 mortem
1933 3525 2040 3581 Do-

375 3608 1006 3662 miniannuntiamus.»
1032 3607 1161 3661 Huc
1192 3623 1383 3678 usque
1414 3607 1623 3664 beatus
1655 3611 2034 3684 Ambrosius,

373 3696 432 3749 in
455 3694 632 3766 cujus
655 3696 861 3750 verbis
884 3696 1379 3751 considerandum
1408 3701 1500 3751 est
1529 3699 1687 3769 quod
1716 3702 1794 3754 ait
1824 3717 2030 3758 sacra-

372 3786 586 3852 menta,
613 3784 671 3837 id
702 3787 795 3838 est
822 3800 1033 3855 panem
1063 3788 1121 3839 et
1150 3786 1370 3854 vinum,
1408 3802 1540 3856 quae
1570 3804 1603 3841 a
1633 3791 1927 3846 sacranda
1957 3792 2033 3847 ita

372 3872 488 3926 dici
509 3875 684 3942 patet,
723 3889 829 3943 per
880 3876 1101 3928 sanctae
1133 3875 1416 3930 orationis
1440 3878 1786 3947 mysterium
1816 3879 1875 3933 in
1907 3897 2033 3936 car-

371 3977 505 4016 nem
523 3963 939 4034 transﬁgurari
968 3969 1024 4017 et
1056 3965 1424 4036 sanguinem,
1476 3967 1609 4037 quia
1652 3968 1937 4039 profecto,
1974 3972 2035 4025 ut

371 4066 552 4121 supra
571 4051 649 4104 ait
664 4050 1070 4124 Augustinus:
1102 4074 1123 4101 α
1160 4054 1303 4107 Post
1322 4054 1504 4109 verba
1526 4072 1715 4111 sacrae
1746 4059 2032 4114 orationis

368 4155 485 4194 non
513 4140 636 4211 jam
666 4141 837 4210 panis
878 4144 934 4195 et
964 4142 1186 4210 vinum,
1222 4146 1282 4196 ut
1313 4146 1444 4213 pote
1497 4145 1558 4198 in
1586 4145 1746 4198 aliud
1803 4147 2031 4203 cmlesti

366 4228 581 4284 virtute
613 4230 914 4300 translata,
966 4231 1072 4284 sed
1105 4246 1241 4285 caro
1272 4235 1330 4285 et
1375 4234 1624 4304 sanguis
1654 4233 1874 4289 Christi
1905 4252 2029 4291 cre-

367 4316 607 4386 duntur,
640 4335 748 4388 per
775 4335 907 4388 quae
940 4323 1187 4375 mortem
1218 4319 1350 4390 ejus
1380 4322 1850 4378 annuntiamus.»
1879 4325 2030 4380 Hinc

366 4407 541 4461 etiam
558 4407 855 4462 Eusebius
870 4407 1222 4463 Emissenus
1247 4425 1259 4463 :
1288 4432 1309 4455 ιι
1350 4410 1842 4482 Recedat,inquit,
1859 4428 2031 4470 omne

364 4495 727 4549 inﬁdelitatis
776 4496 1138 4567 ambiguum,
1172 4498 1649 4568 quandoquidem
1697 4500 1797 4569 qui
1826 4504 2031 4556 auctor

364 4585 457 4635 est
487 4583 771 4651 muneris,
806 4582 934 4652 ipse
959 4582 1132 4636 etiam
1162 4587 1218 4638 et
1247 4583 1418 4638 testis
1451 4589 1542 4639 est
1562 4585 1845 4641 veritatis.
1880 4587 2030 4643 Nam
2054 4590 2102 4651 ἶ)

363 4669 686 4726 invisibilis
719 4672 1003 4726 sacerdos
1034 4671 1306 4727 visibiles
1338 4677 1640 4728 creaturas
1669 4674 1727 4727 in
1749 4676 2027 4731 substan-

361 4759 498 4812 tiam
529 4760 797 4828 corporis
837 4762 894 4814 et
938 4761 1251 4831 sanguinis
1284 4763 1377 4816 sui
1410 4762 1596 4817 verbo
1631 4779 1761 4833 suo,
1797 4768 2026 4819 secreta

358 4849 647 4918 potestate
670 4848 958 4902 convertit
978 4848 1055 4902 ita
1071 4848 1278 4903 dicens
1304 4865 1315 4903 :
1340 4851 1613 4921 Accipite
1646 4857 1705 4904 et
1732 4851 2028 4921 edite;lioc

364 4943 456 4991 est
488 4952 701 5008 corpus
729 4953 939 5006 meum,
961 4939 1017 4991 et
1039 4938 1504 4993 sanctiﬁcatione
1526 4939 1769 5008 repetita
1809 4955 1820 4994 :
1850 4940 2027 4995 Acci-

355 5026 481 5095 pite
501 5031 559 5079 et
580 5025 898 5091 bibite;hic
920 5030 1012 5080 est
1044 5027 1292 5098 sanguis
1312 5043 1493 5081 meus.
1526 5026 1685 5098 Ergo
1716 5028 1788 5082 ad
1820 5032 2024 5083 nutum

358 5115 760 5185 praecipientis
780 5119 1024 5184 repente
1055 5130 1128 5169 ex
1156 5115 1339 5170 nihilo
1372 5117 1765 5170 substiterunt
1784 5119 2021 5173 excelsa

363 5202 666 5269 caelorum,
729 5203 1020 5273 profunda
1075 5205 1377 5274 fluctuum,
1425 5207 1594 5258 vasta
1623 5208 1934 5276 terrarum;
1966 5210 2022 5261 et

359 5289 483 5359 pari
516 5292 771 5359 potentia
812 5294 871 5348 in
900 5293 1310 5362 spiritualibus
1370 5295 1758 5349 sacramentis
1802 5296 2018 5350 verbis

357 5379 625 5448 praecipit
637 5380 909 5452 virtus,et
920 5383 1005 5437 rei
1020 5383 1209 5438 servit
1222 5381 1501 5437 effectus.
1521 5406 1542 5431 κ
1563 5383 1633 5437 Et
1648 5387 1785 5454 post
1804 5399 1989 5454 pauca
2008 5401 2018 5438 :

364 5486 385 5511 «
423 5465 546 5520 Nec
580 5467 804 5522 dubitet
831 5470 1145 5541 quisquam
1176 5472 1486 5541 primarius
1539 5474 1843 5526 creaturas
1876 5476 2023 5527 nutu

355 5556 632 5623 potentia)
650 5559 706 5610 et
732 5560 1052 5625 prmsentia
1073 5560 1405 5631 maiestatis
1452 5561 1512 5614 in
1563 5561 1854 5616 Dominici
1884 5578 2020 5615 cor-

354 5647 517 5720 opris
548 5648 606 5704 et
644 5644 956 5717 sanguinis
1012 5649 1266 5704 transire
1322 5664 1506 5721 posse
1562 5655 1853 5723 naturam,
1886 5666 2020 5707 cum

2185 586 2297 639 dite
2315 584 2537 640 Christi
2560 603 2776 658 corpus
2799 587 3126 643 effectum.»
3144 590 3214 643 Et
3248 590 3458 645 beatus
3492 592 3839 663 Gregorius:

2190 697 2211 721 α
2239 674 2561 745 Debemus,
2581 677 2786 746 inquit,
2810 693 3083 747 praesens
3106 680 3513 743 smculum,vel
3546 682 3688 751 quia
3718 698 3846 736 con-

2183 763 2473 831 spicimus
2506 765 2853 831 deﬂuxisse,
2881 770 2995 821 tota
3021 773 3213 822 mente
3237 774 3619 824 contemnere
3636 774 3695 824 et
3712 786 3847 841 quo-

2181 851 2400 905 tidiana
2457 854 2578 907 Deo
2636 853 3028 925 lacrymarum
3102 858 3416 923 sacriﬁcia,
3478 860 3847 929 quotidianae

2181 941 2379 993 carnis
2409 940 2542 1011 ejus
2574 947 2630 995 et
2661 944 2976 1014 sanguinis
3030 945 3262 1000 hostias
3322 948 3649 1002 immolare.
3712 948 3845 1001 Haec

2178 1045 2431 1100 namque
2490 1030 2874 1102 singulariter
2931 1031 3052 1104 [3].,
3115 1034 3460 1107 singularis]
3508 1037 3748 1089 victima
3778 1039 3846 1090 ab

2180 1122 2402 1172 aeterno
2435 1118 2671 1173 interitu
2725 1120 2978 1174 animam
3039 1122 3249 1191 salvat,
3284 1139 3416 1194 quae
3467 1124 3627 1177 illam
3678 1126 3847 1179 nobis

2180 1211 2425 1261 mortem
2457 1208 2760 1278 Unigeniti
2801 1226 2909 1279 per
2929 1213 3277 1281 mysterium
3308 1216 3723 1282 repraesentat;
3753 1215 3847 1285 qui

2178 1294 2313 1349 licet
2335 1311 2598 1367 surgens
2647 1312 2679 1348 a
2704 1300 2954 1352 mortuis
2990 1298 3115 1368 jam
3139 1315 3256 1353 non
3297 1301 3563 1368 moritur,
3600 1305 3660 1354 et
3691 1317 3843 1355 mors

2178 1382 2230 1435 ei
2255 1382 2403 1436 ultra
2434 1400 2547 1437 non
2599 1384 3016 1453 dominabitur,
3053 1390 3244 1440 tamen
3278 1388 3336 1440 in
3367 1388 3573 1457 seipso
3604 1390 3843 1443 immor-

2177 1472 2369 1525 taliter
2390 1476 2565 1542 atque
2586 1474 3113 1543 incorruptibiliter
3151 1475 3495 1545 vivens,pro
3529 1477 3711 1532 nobis
3743 1480 3843 1533 ite-

2180 1575 2311 1613 rum
2360 1561 2417 1614 in
2465 1561 2577 1615 hoc
2624 1563 2906 1632 mysterio
2929 1578 3120 1617 sacrae
3142 1563 3457 1618 oblationis
3490 1566 3844 1631 immolatur;

2177 1647 2312 1717 ejus
2343 1649 2559 1719 quippe
2588 1649 2668 1703 ibi
2701 1666 2920 1720 corpus
2952 1652 3226 1721 sumitur,
3248 1652 3381 1723 ejus
3400 1669 3543 1707 caro
3569 1655 3631 1707 in
3653 1658 3845 1725 pOpuli

2177 1734 2368 1788 salute
2391 1735 2801 1806 partitur,ejus
2820 1738 3349 1809 sanguis,nonjam
3401 1741 3461 1793 in
3508 1756 3730 1795 manus
3760 1743 3846 1795 in-

2175 1824 2455 1893 ﬁdelium,
2491 1824 2598 1878 sed
2620 1825 2679 1878 in
2701 1840 2802 1879 ora
2851 1826 3111 1880 ﬁdelium
3148 1826 3426 1881 funditur.
3461 1849 3483 1877 ι
3522 1829 3588 1881 In
3613 1830 3846 1901 dialogo

2173 1927 2409 1983 quoque
2466 1913 2669 1966 Basilii
2727 1918 2901 1985 atque
2956 1915 3204 1969 Joannis
3262 1917 3339 1969 ita
3378 1917 3604 1989 legitur
3639 1935 3653 1972 :
3688 1942 3711 1965 «ι
3744 1920 3853 1983 Qui

2174 2016 2415 2054 sursum
2475 2002 2642 2055 sedet
2700 2003 2757 2055 in
2816 2003 3054 2057 dextera
3084 2004 3297 2073 Patris,
3343 2007 3631 2060 sacriﬁcii
3658 2013 3847 2062 tamen

2170 2092 2434 2158 tempore
2458 2090 2761 2145 hominum
2794 2093 3068 2146 manibus
3096 2094 3443 2163 continetur,
3477 2097 3847 2169 traditurque

2171 2178 2431 2233 lambere
2453 2180 2825 2248 cupientibus
2847 2197 2999 2250 eum,
3029 2186 3086 2235 et
3114 2198 3247 2236 eum
3270 2186 3661 2239 veneratione
3695 2203 3849 2240 com-

2170 2267 2367 2337 plecti.
2406 2292 2428 2315 »
2460 2268 2573 2323 Sed
2609 2274 2665 2323 et
2710 2270 2916 2325 doctor
2937 2271 3057 2325 Leo
3093 2287 3105 2325 ε
3135 2293 3157 2319 α
3207 2271 3390 2342 Tunc,
3423 2273 3522 2334 ait,
3560 2276 3844 2329 sacriﬁcii

2170 2357 2387 2411 munda
2405 2360 2497 2411 est
2529 2358 2765 2426 oblatio,
2799 2363 2854 2412 et
2875 2360 3301 2414 misericordiae
3344 2367 3552 2415 sancta
3588 2364 3848 2435 largitio,

2169 2443 2402 2513 quando
2424 2443 2487 2497 hi
2505 2444 2604 2514 qui
2628 2444 2743 2499 ista
2762 2445 3115 2516 dependunt,
3141 2448 3280 2517 quid
3326 2454 3658 2518 operentur
3686 2453 3849 2507 intel-

2168 2536 2379 2608 ligunt,
2414 2554 2548 2592 nam
2578 2539 2807 2593 dicente
2833 2540 3078 2594 Domino
3117 2557 3128 2567 °
3160 2541 3302 2596 Nisi
3328 2545 3851 2601 manducareritis

2169 2627 2558 2682 carnemFilii
2568 2628 2824 2683 hominis
2838 2634 2895 2682 et
2910 2629 3197 2684 biberitis
3209 2631 3335 2703 ejus
3347 2636 3849 2705 sanguinein,non

2168 2716 2476 2771 habebitis
2498 2718 2676 2770 vitam
2695 2717 2756 2770 in
2778 2718 3065 2787 vobis;sic
3079 2734 3268 2775 sacrae
3281 2737 3507 2777 mensae
3525 2727 3857 2779 communi-

2171 2818 2305 2857 care
2337 2803 2657 2872 debetis,ut
2706 2804 2851 2857 nihil
2898 2820 3150 2875 prorsus
3182 2807 3254 2861 de
3285 2810 3538 2863 veritate
3572 2814 3847 2881 corporis

2166 2890 2387 2945 Christi
2408 2893 2466 2946 et
2486 2893 2801 2963 sanguinis
2832 2894 3306 2965 ambigatis.Hoc
3326 2899 3483 2952 enim
3514 2916 3627 2955 ore
3660 2903 3846 2955 sumi-

2165 2983 2280 3044 tur,
2315 2981 2473 3051 quod
2503 2981 2618 3036 ﬁde
2677 2982 2952 3047 creditur,
3011 2986 3068 3037 et
3116 2985 3337 3039 frustra
3390 2987 3466 3041 ab
3498 2988 3629 3043 illis
3681 3006 3845 3045 amen

2166 3068 2620 3139 respondetur,a
2640 3070 2858 3140 quibus
2878 3073 3079 3124 contra
3101 3072 3160 3125 id
3190 3074 3347 3144 quod
3364 3076 3690 3147 accipitur,
3721 3078 3845 3132 dis-

2164 3160 2421 3228 putatur.
2477 3178 2499 3205 ι
2554 3157 2713 3212 Beda
2784 3158 3168 3215 nihilominus
3231 3178 3243 3216 :
3301 3186 3322 3210 «ι
3381 3163 3686 3231 Quotidie,
3747 3168 3842 3235 ait,

2166 3246 2443 3301 Christus
2464 3245 2613 3301 tollit
2657 3252 2898 3316 peccata
2945 3250 3148 3305 mundi
3180 3250 3455 3323 lavatque
3485 3270 3605 3308 nos
3637 3272 3670 3308 a
3704 3271 3843 3326 pec-

2167 3337 2315 3390 catis
2346 3336 2573 3390 nostris
2604 3336 2665 3390 in
2694 3339 2986 3409 sanguine
3019 3354 3151 3410 suo;
3183 3355 3316 3394 cum
3339 3341 3623 3411 ejusdem
3654 3345 3842 3398 beatae

2164 3424 2469 3495 passionis
2517 3426 2800 3478 memoria
2861 3427 3195 3497 replicatur,
3256 3445 3391 3483 cum
3422 3432 3602 3499 panis
3633 3436 3693 3486 et
3725 3434 3843 3486 vini

2167 3516 2434 3568 creatura
2466 3513 2525 3566 in
2556 3520 2990 3569 sacramentum
3042 3517 3237 3571 carnis
3269 3521 3326 3571 et
3354 3520 3677 3590 sanguinis
3711 3522 3843 3593 ejus

2164 3601 2449 3657 ineﬁ'abili
2478 3601 2732 3672 Spiritus
2756 3604 3218 3659 sanctiﬁcatione
3237 3606 3843 3681 transfertur;sicquc

2166 3707 2388 3761 corpus
2420 3693 2745 3763 etsanguis
2765 3691 2923 3746 illius
2941 3709 3059 3747 non
3100 3694 3253 3748 inter
3270 3695 3598 3750 inﬁdelium
3625 3714 3843 3753 manus

2163 3781 2239 3834 ad
2266 3781 2590 3850 perniciem
2627 3781 2894 3849 ipsorum
2951 3782 3257 3853 occiditur,
3291 3788 3348 3838 et
3377 3785 3668 3855 funditur,
3735 3787 3843 3841 sed

2161 3870 2422 3924 ﬁdelium
2445 3885 2545 3924 ore
2562 3884 2730 3923 suam
2750 3870 3004 3924 sumitur
3020 3871 3081 3923 in
3101 3871 3372 3927 salutem.
3401 3894 3424 3921 ι
3465 3874 3841 3930 Paschasius

2160 3974 2304 4013 vero
2343 3975 2353 4013 :
2392 3957 2586 4029 «Ergo
2631 3973 2764 4012 cum
2823 3958 3109 4014 Dominus
3167 3961 3286 4015 ait:
3327 3962 3451 4016 Hoc
3493 3971 3591 4017 est
3622 3981 3841 4037 corpus

2159 4053 2438 4112 meum;et
2450 4048 2548 4101 Iiic
2563 4053 2655 4101 est
2676 4049 2923 4119 sanguis
2950 4064 3137 4119 meus,
3171 4066 3287 4104 non
3312 4051 3485 4104 aliam
3520 4058 3667 4121 puto
3686 4054 3841 4107 insi-

2160 4151 2384 4191 nuasse
2416 4151 2653 4190 carnem
2682 4152 2857 4207 quam
2885 4138 3200 4208 propriam,
3229 4142 3285 4192 et
3314 4155 3445 4209 quae
3476 4145 3617 4195 nata
3638 4147 3739 4195 est
3768 4143 3841 4197 de

2161 4226 2344 4280 Maria
2362 4225 2692 4297 Virgine,et
2712 4226 2989 4295 pependit
3008 4227 3067 4280 in
3085 4243 3343 4297 crucem;
3358 4243 3551 4299 neque
3578 4232 3839 4302 sangui-

2159 4331 2294 4370 nem
2314 4314 2491 4369 alium
2510 4330 2685 4384 quam
2717 4315 2817 4385 qui
2834 4314 3009 4369 fusus
3035 4319 3128 4369 est
3144 4332 3218 4370 ex
3234 4317 3435 4383 latere,
3469 4322 3527 4372 et
3546 4322 3693 4373 tunc
3712 4325 3838 4373 erat

2157 4405 2217 4457 in
2248 4403 2485 4474 proprio
2508 4418 2774 4473 corpore.
2805 4426 2827 4452 ·›
2852 4404 3188 4459 Amalarius
3220 4406 3392 4459 etiam
3411 4406 3470 4459 in
3492 4406 3650 4462 libro
3682 4408 3837 4461 Ofﬁ-

2158 4494 2423 4558 ciorum;
2454 4513 2475 4542 α
2510 4493 2572 4546 In
2618 4507 2787 4563 pane,
2838 4494 3046 4564 inquit,
3081 4494 3508 4549 commendavit
3541 4496 3833 4550 Christus

2157 4597 2379 4652 corpus
2410 4597 2608 4650 suum,
2627 4585 2684 4636 et
2706 4581 2765 4634 in
2787 4582 2969 4636 calice
2998 4583 3354 4653 sanguinem
3383 4600 3562 4638 suum
3593 4576 3831 4640 dicens:

2157 4670 2478 4736 Comedite,
2513 4676 2573 4725 et
2592 4670 2808 4738 bibite;
2842 4671 2966 4725 haec
2984 4673 3440 4744 quotiescunque
3456 4673 3833 4741 feceritis,ia

2152 4761 2271 4814 mei
2292 4761 2631 4814 memoriam
2660 4758 3039 4814 facietis.Hic
3072 4761 3371 4816 credimus
3393 4766 3669 4816 naturam
3691 4765 3834 4817 sim-

2153 4848 2370 4917 plicem
2389 4848 2559 4917 panis
2590 4850 2645 4902 et
2666 4848 2787 4902 vini
2814 4848 2965 4902 verti
2998 4848 3057 4902 in
3086 4852 3355 4903 naturam
3385 4851 3829 4916 rationabilem,

2152 4936 2382 4991 scilicet
2403 4937 2671 5006 corporis
2702 4940 2755 4991 et
2780 4937 3090 5008 sanguinis
3116 4938 3369 4992 Domini.
3404 4938 3555 4991 Mira
3587 4954 3743 5010 ergo
3775 4942 3833 4992 et

2152 5041 2366 5097 magna
2390 5030 2481 5079 est
2504 5028 2725 5080 sanctae
2746 5025 3038 5080 Ecclesiae
3060 5026 3373 5097 ﬁdes,quae
3406 5028 3830 5098 spiritualibus

2150 5115 2312 5169 videt
2340 5115 2530 5169 oculis
2560 5115 2716 5186 quod
2748 5115 3094 5169 mortalibus
3126 5116 3313 5169 deest.
3363 5116 3562 5170 Credit
3595 5116 3829 5170 sacriﬁ-

2156 5204 2309 5258 cium
2368 5219 2638 5274 praesens
2685 5219 2790 5274 per
2850 5204 3197 5275 angelorum
3245 5220 3461 5259 manus
3493 5206 3740 5273 deferri,
3772 5208 3828 5258 et

2151 5295 2329 5349 sentit
2355 5293 2751 5347 mandandum
2776 5308 2914 5347 esse
2937 5293 3192 5348 humano
3215 5308 3338 5348 ore.
3374 5293 3825 5365 Creditquoque

2154 5398 2373 5453 corpus
2405 5384 2461 5435 et
2480 5382 2832 5454 sanguinem
2861 5381 3095 5436 Domini
3123 5398 3282 5452 esse,
3303 5398 3493 5453 eoque
3507 5398 3721 5437 morsu
3734 5399 3827 5437 re-

2151 5472 2300 5542 pleri
2318 5472 2677 5526 sumentium
2698 5471 2926 5525 animas
2941 5471 3353 5526 benedictione
3375 5472 3629 5526 caelesti.
3654 5494 3675 5521 ι
3706 5472 3826 5525 l’bi

2144 5560 2465 5614 notandum
2483 5560 2638 5630 quod
2657 5560 2922 5629 priorum
2942 5560 3178 5614 Patrum
3209 5564 3453 5615 secutus
3498 5563 3826 5616 auctorita-

2141 5652 2259 5705 tem
2283 5649 2425 5704 dicit
2448 5648 2779 5721 simplicem
2808 5649 2979 5721 panis
2993 5648 3182 5705 etvini
3206 5652 3477 5706 naturam
3494 5650 3560 5706 in
3572 5652 3830 5707 rationa-
