4048 6164
219 302 362 363 1405

1007 302 1249 365 LIBER
1278 300 1389 361 DE
1437 294 1833 360 CORPORE
1863 294 1969 356 ET
2016 294 2447 357 SANGUINE
2503 295 2835 358 CHRISTI

3477 302 3633 365 1406

213 503 377 557 bilem
412 501 701 556 Dominici
721 499 988 569 corporis
1021 501 1076 553 et
1105 499 1419 571 sanguinis
1450 494 1736 552 demutari
1767 510 1865 548 na-
1893 476 1944 528 Α
1974 492 2132 547 dere.
2158 515 2180 540 «ι
2206 491 2510 564 Eccequid
2531 496 2907 565 supradictus
2922 501 3029 571 vir,
3055 510 3298 562 secutus
3312 527 3420 580 per
3437 517 3628 572 omnia

212 596 411 655 turam;
448 590 606 660 quod
637 590 793 643 enim
824 590 883 641 in
907 589 1065 642 aliud
1112 590 1388 657 vertitur,
1447 586 1612 640 aliud
1659 583 1865 654 procul
1972 581 2178 637 Patres
2208 583 2503 654 antiquos,
2539 586 2766 640 dixerit.
2795 589 2937 644 Haec
2960 608 3192 665 quoque
3215 604 3353 654 sunt
3381 602 3627 660 Joannis

211 679 377 733 dubio
401 695 576 750 quam
609 676 820 746 fuerat,
847 680 1090 747 repente
1121 676 1389 741 habetur;
1422 674 1666 745 proinde
1693 672 1863 742 panis

210 767 466 822 etvinum
498 783 632 837 quae
657 766 1086 820 deferunturad
1101 765 1302 833 altare,
1324 762 1646 832 verbisque
1660 775 1865 814 conse-

210 859 441 909 crantur
473 855 652 908 divini
703 854 1033 908 sacerdotis
1065 870 1189 922 ore,
1225 858 1280 907 et
1337 855 1388 907 si
1438 853 1747 907 videantur
1803 852 1861 904 in

205 943 507 1012 prioriqua
523 943 867 996 deferuntur
896 943 1117 1010 specie,
1140 940 1361 994 Christi
1385 944 1574 994 tamen
1594 940 1863 993 substan-

203 1032 408 1085 tialiter
434 1047 652 1100 corpus
666 1034 723 1084 et
743 1030 992 1101 sanguis
1016 1030 1341 1083 creduntur
1372 1044 1511 1083 esse
1530 1044 1647 1083 non
1665 1029 1859 1098 aliqua

202 1119 621 1189 phantasmatis
650 1134 838 1173 vacua
868 1118 1123 1190 imagine
1157 1160 1171 1187 ,
1201 1118 1306 1171 sed
1368 1117 1859 1188 quemadmodum

199 1208 401 1261 beatus
415 1208 858 1273 Ambrosius,et
881 1213 1125 1260 sanctus
1143 1207 1474 1277 Gregorius
1493 1211 1665 1277 atque
1679 1206 1860 1259 Euse-

197 1295 721 1366 bius,sanctusque
746 1295 901 1349 Beda
922 1295 1051 1348 suis
1066 1295 1306 1364 scriptis
1330 1295 1857 1362 tradidere,rerum

197 1385 599 1453 temporalium
630 1385 685 1436 in
702 1383 993 1437 viviﬁcam
1028 1384 1225 1438 carnis
1240 1384 1621 1454 etsanguinis
1634 1399 1857 1437 veram-

196 1489 308 1542 que
335 1476 599 1526 naturam
631 1472 865 1526 caelitus
894 1473 1211 1526 mutatione
1236 1488 1250 1541 ;
1310 1471 1487 1543 cujus
1521 1472 1819 1543 perceptio
1838 1513 1851 1540 ,

193 1577 326 1631 quis
352 1561 413 1614 Iit
434 1562 691 1615 humano
721 1576 846 1629 ore,
884 1577 1017 1614 cum
1049 1561 1316 1615 interiori
1348 1577 1531 1615 sensu
1565 1562 1853 1616 mediante

197 1650 327 1717 ﬁde,
359 1651 585 1703 animas
618 1650 930 1703 sinceriter
949 1649 1360 1718 accipientium
1382 1652 1439 1703 et
1468 1664 1714 1718 corpora
1729 1664 1852 1702 cce-

196 1739 327 1791 lesti
356 1740 631 1792 venustat
652 1737 1081 1791 benedictione.
1118 1737 1233 1791 Sed
1265 1737 1393 1791 hmc
1426 1739 1663 1791 nonnisi
1695 1754 1726 1791 a
1758 1752 1852 1790 sa-

195 1826 418 1895 pienter
446 1827 720 1881 fidelibus
750 1826 905 1879 valet
933 1826 1004 1879 ad
1038 1826 1324 1896 liquidum
1356 1826 1504 1895 capi,
1541 1826 1758 1895 quibus
1790 1826 1848 1879 id

1966 668 2376 739 Chrysostomi
2410 672 2482 726 de
2512 689 2575 727 re
2597 676 2801 730 eadem
2832 693 3011 733 sensa
3045 698 3100 735 εει
3136 685 3418 745 Praesens
3440 695 3626 750 Judas

1967 762 2112 826 erat,
2131 758 2369 813 Christo
2404 760 2633 816 dicente
2655 764 2796 819 :Hic
2818 775 2909 820 est
2929 773 3176 841 sanguis
3208 793 3389 848 meus,
3409 786 3507 852 qui
3515 802 3628 855 pro

1964 846 2167 900 multis
2181 847 2544 903 effundetur.
2571 851 2697 921 Dic,
2722 853 2753 906 J
2763 855 2891 927 uda,
2913 873 3084 927 quem
3107 863 3346 934 triginta
3367 846 3624 928 denariis

1964 935 2328 989 vendidisti?
2356 937 2474 991 Iste
2508 944 2599 992 est
2621 944 2889 1013 sanguis,
2912 947 2983 1000 de
3010 965 3269 1019 quocum
3296 957 3625 1017 Pharisaeis

1965 1026 2132 1093 pacta
2164 1024 2378 1079 fecisti.
2411 1026 2457 1079 Ο
2504 1028 2727 1083 Christi
2758 1034 3195 1094 misericordia!
3236 1044 3281 1096 Ο
3318 1045 3488 1103 Judae
3519 1052 3624 1106 de-

1964 1111 2212 1166 mentia!
2246 1113 2346 1168 Ille
2396 1130 2528 1169 eum
2563 1118 2798 1188 triginta
2838 1122 3098 1181 denariis
3121 1133 3537 1198 paciscebatur
3563 1146 3624 1196 ut

1963 1201 2266 1288 venderet,
2303 1205 2358 1255 et
2384 1201 2658 1259 Christus
2690 1208 2742 1261 ei
2775 1213 3125 1282 sanguinem
3155 1235 3328 1288 quem
3360 1227 3622 1283 vendidit

1964 1287 2296 1379 afferebat.»
2326 1290 2394 1344 Et
2424 1295 2558 1361 post
2578 1297 2855 1351 nonnulla
2882 1316 2893 1352 :
2925 1321 2945 1349 α
2982 1302 3151 1359 Nunc
3174 1287 3271 1362 ille
3290 1317 3507 1379 praesto
3531 1324 3622 1372 est

1960 1376 2237 1432 Christus
2264 1422 2276 1446 ,
2310 1381 2585 1450 quiillam
2629 1387 2857 1441 ornavit
2888 1404 3181 1464 mensam;
3217 1376 3344 1467 ipse
3383 1418 3617 1477 quoque

1959 1471 2268 1562 consecrat
2300 1468 2490 1522 istam.
2528 1471 2659 1526 Non
2689 1474 2842 1528 enim
2866 1476 3037 1534 homo
3056 1487 3167 1553 est,
3203 1489 3298 1555 qui
3320 1468 3619 1562 proposita

1959 1554 2177 1608 Christi
2211 1571 2428 1626 corpus
2455 1558 2593 1612 facit
2612 1565 2667 1614 et
2695 1554 3290 1637 sanguinem,scdille
3312 1554 3409 1649 qui
3429 1554 3617 1638 eruci-

1958 1642 2114 1697 ﬁxus
2144 1660 2248 1713 pro
2279 1645 2453 1700 nobis
2487 1651 2578 1701 est
2607 1648 2900 1708 Christus.
2934 1655 3271 1727 Sacerdotis
3304 1642 3405 1723 o-re
3436 1673 3616 1727 verba

1956 1732 2352 1832 proferuntur,
2389 1738 2445 1788 et
2475 1735 2580 1789 Dei
2610 1738 2821 1794 virtute
2845 1753 3288 1819 consecrantur,
3313 1760 3367 1809 et
3400 1763 3612 1832 gratia;

1955 1819 2065 1875 hoc
2096 1827 2208 1890 est,
2233 1823 2331 1890 ait,
2357 1838 2571 1894 corpus
2593 1842 2797 1897 meum,
2825 1829 2935 1884 hoc
2967 1837 3149 1890 verbo
3169 1819 3621 1911 ρυοροεῇθοοηί

196 1915 350 1969 Deus
378 1930 485 1985 per
513 1914 793 1985 Spiritum
827 1918 1095 1968 sanctum
1128 1929 1299 1968 suum
1319 1955 1333 1982 ,
1366 1914 1496 1968 sine
1526 1930 1643 1984 quo
1674 1930 1847 1969 nemo
1880 1935 1926 1989 Β
1957 1912 2291 1975 secrantur;
2318 1916 2374 1965 et
2398 1914 2551 1966 sicut
2583 1917 2830 1984 vexilla,
2856 1935 2989 1989 quae
3008 1924 3145 1979 dicit
3166 1943 3178 1981 :
3200 1951 3221 1975 η
3259 1930 3541 2008 Crescite,
3564 1945 3620 1995 et

194 2009 384 2072 potest
427 2004 651 2072 dicere,
686 2002 969 2057 Dominus
997 2002 1155 2071 Jesu,
1198 2003 1512 2073 dignanter
1542 2004 1845 2073 revelavit,

142 2100 161 2115 ’
196 2092 438 2163 gloriam
462 2106 695 2162 quoque
727 2091 850 2145 Deo
880 2091 1130 2145 ﬁdeliter
1159 2091 1455 2160 dantibus,
1490 2107 1559 2145 ac
1601 2093 1850 2147 ﬁrmiter

191 2181 589 2248 credentibus,
623 2180 758 2251 quia
788 2179 1182 2250 quodcunque
1212 2180 1464 2234 voluerit
1493 2185 1690 2251 potest
1711 2198 1848 2252 ope-

194 2269 307 2322 rari
348 2267 541 2323 ﬁdelis
581 2270 708 2339 ipse
760 2270 818 2322 in
863 2268 1140 2322 omnibus
1197 2269 1400 2323 verbis
1456 2270 1607 2339 suis,
1656 2273 1753 2342 qui
1786 2278 1847 2327 ut

189 2358 471 2427 scriptum
504 2361 594 2412 est
625 2374 637 2412 :
674 2358 835 2411 Facit
865 2372 1099 2429 magna,
1134 2359 1190 2411 et
1222 2359 1663 2429 inscrutabilia;
1713 2377 1846 2432 quae

187 2447 239 2500 si
263 2463 377 2500 non
393 2447 586 2500 valent
602 2448 672 2500 ad
694 2447 931 2516 plenum
945 2447 1391 2518 comprehendi;
1416 2449 1631 2503 debent
1653 2454 1846 2505 tamen

185 2537 315 2589 sine
345 2536 541 2606 aliquo
570 2536 780 2590 mentis
811 2536 1091 2605 scrupulo
1123 2537 1285 2590 credi
1316 2536 1388 2590 ad
1418 2538 1735 2611 integrum.

258 2624 388 2678 XX.
422 2625 587 2678 Licet
615 2624 796 2695 igitur
825 2625 955 2678 haec
988 2624 1266 2679 sufficere
1293 2626 1676 2697 crediderim,
1713 2646 1845 2701 qum

181 2714 255 2768 de
273 2714 643 2785 antiquorum
664 2714 905 2768 Patrum
923 2713 1097 2767 dictis
1121 2717 1397 2784 excerpta
1411 2714 1507 2769 hic
1520 2733 1845 2788 congerere

180 2803 403 2870 curavi,
437 2804 628 2857 adhuc
671 2806 865 2856 tamen
906 2802 1048 2873 quid
1091 2802 1407 2857 Fulbertus
1462 2804 1845 2863 Carnotensis

180 2893 521 2961 episcopus,
557 2892 745 2946 nostri
792 2892 1074 2961 temporis
1107 2907 1295 2963 sagax
1325 2897 1381 2946 et
1412 2909 1549 2948 acer
1577 2895 1846 2965 philoso-

178 2979 356 3048 phus,
379 2980 481 3032 sed
506 2979 785 3049 tide,vita,
820 2979 1205 3048 moribusque
1228 2979 1652 3050 discipulorum
1675 2983 1847 3038 Chri-

175 3069 253 3122 sti
278 3068 744 3137 discipulus,hac
761 3068 831 3122 dc
854 3083 916 3122 re
939 3069 1196 3122 senserit
1211 3072 1268 3123 et
1288 3071 1597 3140 scripserit
1617 3073 1849 3129 adnota-

170 3161 302 3210 tum
329 3158 413 3210 ire
444 3172 561 3211 non
593 3157 891 3228 ingratum
920 3157 1219 3212 duximus.
1246 3158 1340 3212 Ait
1371 3160 1527 3213 enim
1559 3160 1713 3216 inter
1732 3179 1844 3218 cae-

174 3249 307 3300 tera
339 3261 352 3299 :
391 3268 411 3292 ‹‹
445 3245 589 3311 Quia
620 3260 839 3315 corpus
897 3262 1070 3300 suum
1111 3247 1267 3317 quod
1317 3249 1501 3302 semel
1534 3266 1639 3319 pro
1669 3252 1843 3308 nobis
1877 3274 1921 3328 ρ

176 3333 455 3389 Christus
487 3333 769 3390 offerebat
801 3336 858 3390 in
887 3336 1159 3405 pretium,
1193 3337 1366 3406 paulo
1395 3341 1531 3407 post
1556 3355 1589 3392 a
1618 3341 1842 3395 nostris

173 3423 413 3478 visibus
427 3425 771 3478 sublaturus
792 3429 916 3478 erat
931 3427 988 3478 in
1007 3426 1320 3495 caelum,ne
1340 3427 1555 3481 sublati
1575 3431 1842 3498 corporis

172 3512 588 3566 fraudaremur
599 3514 883 3581 praesenti
901 3514 1522 3584 munimine,corporis
1541 3520 1596 3570 et
1610 3519 1846 3590 sangui-

171 3603 275 3657 nis
300 3601 392 3655 sui
419 3601 640 3672 pignus
674 3602 929 3655 salutare
973 3602 1147 3656 nobis
1180 3603 1444 3674 reliquit;
1488 3620 1604 3659 non
1651 3607 1842 3662 inanis

170 3690 442 3761 mysterii
457 3690 925 3760 symbolum,sed
941 3692 1388 3762 compaginante
1406 3692 1623 3762 Spiritu
1639 3700 1842 3750 sancto

173 3796 399 3849 corpus
425 3778 546 3851 (aL,
571 3778 832 3852 Christi].
856 3780 1093 3849 Verum,
1117 3780 1274 3851 quod
1309 3782 1643 3851 quotidiana
1666 3799 1844 3839 vene-

178 3868 431 3936 ratione,
475 3868 589 3923 sub
612 3868 871 3921 visibilis
906 3873 1193 3922 creaturae
1226 3868 1433 3938 forma,
1467 3870 1845 3927 invisibiliter

167 3957 368 4009 virtus
393 3960 620 4010 secreta
650 3956 710 4009 in
740 3956 899 4009 acris
930 3956 1298 4010 solemnibus
1321 3962 1618 4026 operatur.
1645 3979 1666 4007 »
1700 3960 1843 4015 Post

164 4059 367 4115 pauca
394 4061 403 4097 :
443 4068 465 4090 «ι
500 4044 649 4108 Quid
671 4049 865 4098 autem
882 4045 1189 4115 indignum
1214 4045 1334 4099 Deo
1353 4045 1607 4114 judicari
1626 4051 1838 4119 potest,

157 4134 269 4203 qui
306 4137 537 4187 uterum
567 4133 832 4204 Virginis
863 4133 1081 4202 subiit;
1105 4134 1159 4187 si
1188 4134 1527 4205 virginibus
1555 4138 1843 4192 creaturis

159 4221 551 4276 infunditur?
579 4220 702 4294 [3].,
723 4223 949 4292 quee]et
964 4223 1404 4291 licetsimplicis
1425 4227 1649 4279 naturae
1669 4228 1843 4296 paulo

153 4315 307 4367 ante
359 4311 680 4381 praeferant
736 4313 1090 4383 imaginem,
1142 4313 1520 4381 postmodum
1578 4316 1842 4371 caelestis

156 4400 358 4455 Verbi
380 4400 842 4455 sanctiﬁcatione
857 4400 1161 4471 inspiratis
1180 4402 1293 4472 maj
1303 4405 1464 4457 estas
1478 4418 1619 4457 vera
1633 4403 1842 4460 diffun-

153 4490 349 4559 ditur,
385 4495 439 4543 et
463 4490 620 4560 quod
652 4490 987 4544 substantia
1010 4490 1180 4559 panis
1205 4495 1259 4543 et
1280 4492 1401 4544 vini
1418 4491 1661 4561 parebat
1682 4497 1841 4547 exte-

154 4555 451 4649 rius,jam
466 4555 685 4649 corpus
703 4578 926 4632 Christi
948 4555 1271 4649 etsanguis
1294 4579 1369 4633 sit
1384 4555 1843 4636 interius.Gusta
1874 4555 1920 4608 Β

148 4669 390 4738 itaque,
424 4669 481 4721 et
511 4683 679 4721 sume
710 4682 939 4736 panem,
974 4667 1110 4721 vitae
1141 4668 1443 4722 interioris
1479 4668 1838 4741 alimentum,

145 4772 285 4811 non
307 4758 435 4809 arte
457 4757 702 4826 pistoria
727 4755 1159 4824 fermentatum,
1195 4756 1301 4809 sed
1326 4757 1642 4812 incarnatae
1657 4758 1844 4813 Deita-

142 4847 236 4900 tis
273 4845 454 4898 vitale
484 4843 1050 4913 pulmentum.Sume
1072 4844 1455 4899 nihilominus
1478 4846 1696 4914 vinum,
1724 4862 1840 4902 non

1953 1998 2441 2068 multiplicamini,
2481 2022 2503 2051 ι
2540 2006 2977 2076 semelquidem
3007 2012 3159 2068 dicta
3182 2024 3291 2086 est,
3329 2024 3435 2077 sed
3460 1998 3617 2083 omni

1954 2088 2216 2156 tempore
2240 2090 2420 2143 sentit
2451 2089 2720 2147 effectum
2744 2096 2813 2148 ad
2845 2104 3319 2168 generationem:
3342 2112 3416 2165 ita
3431 2117 3619 2172 etvox

1952 2174 2051 2228 ilta
2083 2176 2265 2231 semel
2299 2178 2536 2248 quidem
2555 2181 2707 2236 dicta
2741 2189 2851 2254 est,
2886 2189 2992 2241 sed
3010 2206 3116 2259 per
3144 2210 3350 2254 omnes
3376 2216 3615 2263 mensas

1953 2262 2240 2361 Ecclesiae
2271 2282 2463 2361 usque
2507 2269 2579 2323 ad
2624 2270 2970 2330 hodiernum
3022 2280 3196 2352 diem,
3232 2290 3286 2339 et
3318 2304 3507 2361 usque
3540 2296 3614 2350 ad

1952 2352 2086 2423 ejus
2128 2355 2440 2410 adventum
2472 2363 2715 2426 prastat
2747 2365 3039 2421 sacrificio
3072 2352 3430 2433 ﬁrmitatem:
3462 2405 3483 2427 »ι
3541 2382 3610 2439 Et

1950 2445 2086 2511 post
2113 2444 2391 2499 nonnulla
2426 2460 2440 2500 :
2476 2469 2497 2493 υ
2538 2448 2624 2501 Ad
2668 2455 2936 2507 sanctum
2968 2459 3025 2509 et
3075 2460 3332 2519 terribile
3383 2472 3612 2526 sacrifi-

1954 2532 2105 2585 cium
2122 2548 2428 2602 properas,
2454 2537 2743 2593 erubesce
2766 2541 3079 2600 oblationis
3093 2564 3325 2622 arcana,
3342 2555 3442 2610 ubi
3460 2560 3615 2613 occi-

1952 2635 2060 2674 sus
2080 2623 2423 2691 prepositus
2445 2628 2538 2679 est
2558 2626 2832 2684 Christus
2860 2647 2871 2683 :
2909 2637 2963 2686 et
2993 2649 3101 2690 cur
3123 2640 3362 2698 occisus
3390 2650 3529 2702 est?
3550 2654 3614 2705 ut

1952 2709 2217 2764 caelestia
2238 2712 2522 2781 paciﬂcet.
2564 2738 2584 2763 η
2612 2715 2752 2771 Item
2773 2724 2908 2788 post
2929 2738 3116 2791 pauca
3149 2742 3161 2781 :
3191 2748 3214 2779 α
3234 2730 3424 2788 Judaei
3453 2734 3617 2793 Chri-

1952 2800 2106 2852 stum
2142 2800 2584 2873 eruciﬁxeruut,
2605 2808 2862 2862 ettamen
2886 2810 2981 2865 ille
2997 2813 3247 2871 effusum
3262 2827 3614 2895 sanguinem

1952 2887 2023 2978 ad
2047 2888 2296 2943 salutem
2310 2906 2533 2960 eorum,
2564 2895 2665 2963 qui
2696 2894 3046 2970 eti'uderunt,
3072 2903 3235 2977 larga
3257 2887 3468 2978 pietate
3492 2916 3614 2971 lar-

1954 2976 2133 3078 gitur.
2172 3000 2194 3024 »
2230 2978 2319 3077 ad
2349 2980 2676 3078 neophytos
2708 3000 2941 3057 quoque
2971 2991 3050 3043 ait
3085 3009 3096 3044 :
3126 3016 3148 3039 «ι
3178 2976 3415 3054 Mortuo
3442 3003 3611 3078 Jcsu,

1953 3065 2214 3119 etadhuc
2231 3067 2290 3119 in
2314 3083 2489 3122 cruce
2512 3072 2799 3139 pendente
2818 3079 3184 3146 approximat
3202 3065 3611 3155 miles,lancea

1950 3153 2104 3208 latus
2144 3159 2465 3252 percussit,
2481 3163 2548 3252 et
2580 3160 2791 3252 exinde
2832 3182 2979 3237 aqua
3022 3170 3186 3226 ﬂuxit
3225 3178 3281 3229 et
3312 3153 3562 3252 sanguis
3596 3199 3610 3239 :

1952 3258 2130 3297 unum
2159 3243 2529 3314 baptismatis
2561 3251 2912 3325 symbolum,
2937 3258 3093 3314 aliud
3126 3243 3503 3326 sacramenti.
3526 3270 3614 3327 Ex

1950 3331 2152 3433 latere.
2175 3333 2357 3433 igitur
2385 3352 2512 3433 suo-
2554 3339 2829 3396 Christus
2890 3347 3202 3406 aedificavit
3259 3354 3610 3433 Eeclesiam,

1950 3420 2105 3511 sicut
2123 3422 2193 3476 de
2224 3423 2405 3479 latere
2431 3426 2572 3482 Adae
2597 3430 2816 3501 conjux
2839 3432 2959 3488 Eva
2982 3439 3204 3505 prolata
3226 3447 3347 3511 est;
3372 3450 3429 3501 et
3458 3420 3614 3505 sicut

1949 3509 2006 3562 in
2041 3526 2256 3581 sapore
2297 3514 2661 3584 quiescentis
2693 3521 2837 3576 Adae
2886 3523 3045 3580 Deus
3102 3529 3301 3587 lateris
3335 3509 3614 3594 membra

1949 3598 2244 3670 patefecit,
2275 3602 2364 3656 sic
2395 3606 2566 3660 modo
2593 3612 2729 3677 post
2759 3614 3003 3668 mortem
3034 3632 3245 3688 aquam
3276 3623 3450 3680 nobis
3505 3627 3614 3683 do-

1950 3689 2109 3777 navit
2140 3694 2195 3742 et
2253 3692 2624 3763 sanguinem.
2663 3697 2865 3754 Videte
2898 3717 3042 3774 ergo
3084 3722 3200 3777 quo
3227 3726 3337 3764 nos
3365 3713 3496 3769 cibo
3520 3731 3615 3771 sa-

1949 3776 2432 3871 tietatis‘cn‘utrit.
2468 3781 2601 3852 Ipse
2633 3786 2807 3840 nobis
2849 3790 2966 3845 cibi
3018 3776 3348 3853 substantia
3380 3807 3491 3871 est,
3524 3808 3614 3860 at-

1950 3880 2062 3935 que
2094 3867 2531 3939 nutrimentum;
2565 3888 2696 3927 nam
2730 3875 2884 3930 sicut
2916 3881 3128 3936 mulier
3156 3867 3487 3947 affectionis
3514 3909 3614 3948 na-

1951 3957 2079 4007 tura
2110 3959 2379 4026 eagente,
2429 3960 2690 4029 genitum
2722 3963 2880 4019 alere
2910 3970 3003 4021 sui
3036 3969 3206 4027 lactis
3255 3976 3613 4037 fecunditate

1950 4041 2206 4110 festinat,
2235 4049 2290 4098 et
2321 4044 2597 4102 Christus
2629 4065 2780 4120 quos
2812 4053 2941 4123 ipse
2972 4068 3284 4129 regenerat
3315 4081 3424 4121 suo
3467 4085 3611 4124 san-

1950 4132 2131 4227 guine
2171 4149 2406 4227 semper
2463 4140 2696 4193 enutrit.
2751 4164 2771 4186 ι»
2806 4141 2874 4195 Et
2896 4144 3030 4199 alibi
3069 4163 3131 4200 ευ
3179 4150 3445 4208 Mortuus
3496 4160 3606 4227 est,

1950 4219 2158 4290 inquit,
2175 4218 2468 4291 Christus,
2486 4229 2547 4279 ut
2563 4227 2666 4280 tibi
2680 4229 3170 4291 immortalitatem
3186 4239 3449 4297 donaret.
3468 4218 3612 4300 Esu-

1950 4309 2134 4402 riit,ut
2148 4313 2200 4363 te
2214 4326 2320 4364 sua
2335 4328 2509 4367 carne
2528 4317 2785 4372 satiaret.
2810 4318 3020 4390 Sitivit,
3032 4327 3091 4378 ut
3105 4328 3159 4380 te
3173 4330 3465 4401 sanguine
3478 4349 3611 4402 pro-

1948 4397 2076 4466 prio
2100 4401 2346 4467 potaret.
2361 4424 2381 4446 η
2404 4401 2545 4457 Item
2568 4420 2577 4457 ε
2608 4428 2628 4450 α
2648 4406 3001 4465 Manducare
3020 4397 3497 4486 voluisti,vfactus
3517 4426 3609 4478 est

1948 4486 2051 4584 tibi
2076 4502 2300 4584 mensa.
2322 4490 2547 4584 bibere
2578 4494 2835 4562 voluisti,
2863 4498 3053 4568 factus
3076 4509 3167 4559 est
3190 4506 3291 4560 tibi
3313 4511 3610 4584 poculum,

1949 4573 2104 4666 sicut
2132 4577 2260 4645 ipse
2280 4579 2360 4631 ait
2387 4594 2398 4633 :
2426 4579 2537 4645 Qui
2562 4584 2874 4641 manducet
2905 4605 3143 4646 carnem
3173 4573 3379 4666 meane,
3417 4606 3475 4653 et
3507 4573 3604 4655 bi;

1947 4661 2039 4717 bit
2071 4666 2418 4733 sanguinem
2448 4686 2656 4741 mcmn,
2694 4675 2754 4727 in
2796 4692 2870 4730 ne
2900 4688 3097 4734 manet
3127 4691 3185 4736 et
3217 4701 3325 4757 ego
3352 4661 3415 4740 in
3458 4705 3544 4744 eo.
3579 4712 3609 4741 an

1949 4754 2020 4850 Et
2049 4753 2637 4850 beatus‘Gregorius
2673 4783 2690 4815 :
2724 4785 2745 4809 «
2781 4763 2945 4833 Quis,
2980 4767 3186 4841 inquit,
3224 4753 3300 4826 sit
3360 4778 3611 4850 sanguis

1947 4843 2124 4915 Agni,
2158 4843 2411 4915 nonjam
2442 4848 2756 4918 audiendo,
2789 4856 2894 4907 sed
2919 4855 3174 4912 bibendo
3203 4843 3504 4919 didicisti:
3502 4866 3611 4930 Qui

138 4933 416 4989 sordido
431 4932 652 4987 cultore
666 4933 971 5001 calcatum,
1000 4931 1106 4986 sed
1126 4932 1197 4986 de
1238 4934 1515 4987 torculari
1535 4936 1731 4989 crucis
1747 4952 1842 4989 ex-

138 5021 1224 5094 pressum.Gusta,inquam,crelestis
1241 5021 1448 5076 fereuli
1469 5024 1835 5091 suavitatem,

137 5111 268 5168 sed
306 5128 383 5166 ne
417 5126 636 5165 nauses
666 5110 1161 5180 dispensatorium
1181 5111 1467 5182 germinis
1502 5113 1714 5167 terreni
1739 5130 1839 5166 sa-

136 5216 397 5273 porem.
434 5222 456 5250 ›
494 5200 562 5255 Et
584 5201 936 5269 paulopost:
978 5222 998 5247 α
1025 5200 1291 5253 Dubitari
1312 5204 1505 5255 autem
1537 5202 1706 5256 nefas
1725 5205 1835 5272 est,

135 5293 203 5344 si
240 5296 489 5344 terrena
521 5289 799 5343 materies
829 5291 1052 5342 naturae
1084 5292 1140 5342 et
1170 5290 1409 5359 generis
1434 5274 1536 5343 ‘sui
1567 5292 1837 5345 meritum

130 5378 623 5445 transcenderis,
659 5378 717 5430 in
746 5376 968 5431 Christi
1000 5377 1391 5431 substantiam
1414 5382 1834 5436 commutatur:

131 5473 203 5524 et
241 5468 306 5522 si
337 5471 666 5535 creaturas,
702 5482 853 5538 quas
885 5466 956 5520 de
988 5466 1172 5520 nihilo
1205 5466 1399 5521 facere
1433 5467 1593 5521 Deus
1616 5470 1833 5538 potuit,

130 5558 270 5613 has
303 5557 474 5626 ipsas
498 5556 686 5611 valeat
701 5555 762 5609 in
782 5553 1223 5610 excellentioris
1253 5558 1476 5611 naturae
1494 5555 1834 5628 dignitatem

126 5647 541 5719 convertere,
574 5646 708 5702 etin
736 5645 829 5701 sui
844 5644 1115 5717 corporis
1128 5644 1520 5702 substantiam
1536 5646 1837 5704 transfun-

1948 4932 2197 5003 sanguis
2219 4949 2401 5003 super
2418 4940 2967 5010 utrumquepostem
2983 4948 3479 5021 ponitur,quando
3493 4969 3611 5009 non

1948 5021 2140 5075 solum
2172 5036 2273 5075 ore
2306 5026 2594 5093 corporis,
2630 5029 2735 5082 sed
2767 5032 2936 5085 etiam
2962 5048 3062 5088 ore
3096 5037 3296 5091 cordis
3315 5038 3605 5097 hauritur.

1949 5109 2010 5163 In
2044 5115 2296 5202 utroque
2328 5114 2480 5166 enim
2514 5119 2681 5183 poste
2714 5119 2867 5188 Agni
2926 5125 3175 5194 sanguis
3209 5130 3301 5180 est
3353 5130 3608 5202 positus,

1945 5199 2177 5270 quando
2207 5206 2638 5257 sacramentum
2662 5207 2961 5273 passionis
2994 5210 3150 5266 illius
3167 5229 3297 5268 cum
3314 5232 3416 5271 ore
3437 5219 3511 5274 ad
3527 5199 3613 5275 re-

1945 5287 2336 5356 demptionem
2350 5291 2619 5359 sumitur,
2647 5293 3112 5353 adimitationem
3135 5317 3368 5374 quoque
3393 5306 3612 5363 intenta

1943 5378 2136 5430 mente
2169 5379 2478 5449 cogitatur.
2518 5402 2539 5425 ι»
2577 5379 2719 5435 Haec
2747 5381 2999 5453 igituret
3029 5391 3306 5458 superius
3339 5398 3609 5451 annotata

1945 5468 2235 5520 tantorum
2266 5467 2503 5521 Patrum
2570 5468 2723 5524 dicta
2789 5472 3245 5546 diligentissime
3293 5499 3604 5555 perpensa,

1944 5569 2176 5609 omnem
2207 5554 2277 5609 de
2328 5558 2484 5611 tanto
2541 5560 2822 5629 mysterio
2863 5563 3100 5621 solvunt
3143 5554 3604 5642 ambiguitatem,

1940 5642 2404 5726 haeretieamque
2426 5645 2720 5719 refellunt
2748 5649 3123 5725 impietatem.
3165 5657 3381 5717 Mirum
3410 5662 3605 5721 autem
