4048 6164
470 254 625 319 140⁵7

1451 250 1835 316 DURANDI
1876 251 2245 315 ABBATIS
2285 250 2869 316 TROARNENSIS

3660 260 3775 322 1408

447 456 849 523 vehementer,
880 469 1017 509 cum
1048 453 1461 523 dominicaper
1491 468 1558 508 se
1587 452 1887 508 sufﬁciant
1901 453 2104 521 verba,
2135 436 2189 489 Α
2213 453 2431 522 ubique
2473 454 2782 506 terrarum.
2820 449 2986 505 Unde
3016 452 3074 504 et
3102 449 3417 519 Apostolus
3444 454 3513 507 ait
3542 470 3551 507 :
3589 454 3776 513 Tradidi

446 544 603 616 quod
634 545 746 598 alia
765 543 1141 598 extrinsecus
1172 558 1510 614 quaeramus
1543 543 1614 595 ad
1638 542 1774 597 ﬁdei
1804 541 1985 612 hujus
2004 541 2108 595 ﬁr-

445 634 702 688 mitatem
733 631 1019 701 exempla;
1035 632 1134 702 qui
1166 631 1322 685 enim
1342 631 1482 685 dicit
1511 645 1521 684 :
1543 630 1694 685 Caro
1716 646 1842 684 mea
1864 645 2003 684 vere
2017 634 2109 684 est

448 722 617 776 cibus
652 727 710 775 et
732 719 979 791 sanguis
998 734 1165 774 meus
1191 734 1332 774 vere
1365 723 1457 774 est
1472 724 1667 789 potus;
1692 721 1778 773 et:
1818 717 1928 783 Qui
1948 734 2108 772 man-

448 810 622 865 ducat
649 825 887 865 carnem
908 824 1115 876 meam,
1135 810 1208 877 :et
1227 807 1385 862 bibit
1404 808 1754 878 sanguinem
1783 823 1994 871 meum;
2017 813 2105 861 et:

448 897 639 953 Panis
662 913 828 969 quem
860 913 967 969 ego
1010 896 1180 965 dabo,
1222 912 1360 951 caro
1389 911 1516 950 mea
1536 901 1650 959 est;
1682 898 1775 950 et:
1809 895 1919 961 Qui
1951 911 2112 949 man-

448 970 624 1042 ducat
653 1002 762 1052 me,
801 987 927 1056 ipse
978 986 1137 1039 vivet
1172 991 1421 1056 propter
1448 1000 1541 1039 me
1554 1003 1572 1049 ;
1604 989 1659 1039 et
1692 1006 1707 1038 :
1757 985 2031 1056 Accipite
2051 990 2112 1039 et

450 1075 757 1143 comedite,
793 1075 899 1128 hoc
923 1078 1013 1127 est
1036 1088 1245 1144 corpus
1274 1089 1462 1127 meum
1483 1089 1498 1143 ;
1518 1074 1790 1144 Accipite
1821 1079 1878 1126 et
1897 1073 2108 1128 bibite.

449 1164 561 1217 Hic
592 1169 684 1217 est
713 1162 959 1232 sanguis
978 1177 1158 1226 meus,
1186 1163 1285 1234 qui
1307 1178 1419 1233 pro
1454 1163 1623 1217 vobis
1654 1160 2001 1216 effundatur
2020 1204 2033 1229 ,
2057 1165 2114 1216 et

450 1254 664 1307 caetera
695 1250 853 1319 talia,
887 1250 1162 1304 nimirum
1185 1249 1367 1320 hujus
1396 1251 1482 1304 rei
1520 1250 1849 1304 ﬁrmitatem
1876 1250 2032 1319 facit,
2058 1253 2114 1304 et

449 1355 682 1394 omnem
720 1338 1037 1393 dubietatis
1069 1354 1334 1393 errorem
1365 1339 1714 1408 plenissime
1743 1338 2019 1393 absolvit.

990 1478 1190 1533 PARS
1229 1478 1561 1533 SEPTIMA

528 1604 683 1658 XXI.
720 1604 937 1658 Verum
967 1603 1105 1674 quia
1134 1603 1557 1657 nonnullisunt
1577 1604 1679 1675 qui
1710 1604 1837 1658 haec
1867 1603 2118 1659 ﬁdeliter

448 1694 708 1764 pendere
760 1693 986 1761 nolunt,
1037 1692 1110 1745 ad
1158 1693 1562 1762 exemplorum
1603 1693 1831 1762 capiam
1866 1694 2115 1748 redeun-

451 1783 590 1837 dum
622 1782 762 1837 esse
793 1781 1287 1835 decernimus.Ut
1307 1781 1408 1852 qui
1440 1781 1815 1836 forterationi
1846 1797 1964 1836 non
1982 1798 2115 1837 cre-
2148 1761 2194 1813 Β

452 1872 555 1939 dit,
589 1871 797 1925 saltem
845 1870 1187 1923 auctoritate
1235 1869 1550 1924 multorum
1609 1871 1987 1940 opprimatur.
2022 1872 2118 1925 Ait

453 1960 634 2032 igitur
648 1958 946 2013 Eusebius
965 1958 1199 2012 doctor:
1221 1958 1408 2012 «Vere
1424 1959 1599 2013 unica
1625 1959 1886 2028 perfecta
1899 1960 2112 2029 hostia,

453 2048 568 2102 ﬁde
590 2047 955 2117 aestimanda,
990 2062 1107 2101 non
1139 2047 1486 2117 specie,nec
1517 2049 1791 2103 exteriori
1821 2049 2117 2103 censenda

452 2138 609 2207 visu,
631 2137 738 2191 sed
762 2136 1023 2191 interiori
1044 2135 1272 2202 effectu;
1295 2138 1449 2192 unde
1471 2138 1680 2192 merito
1702 2138 1963 2192 cmlestis
1979 2153 2117 2191 con-

451 2224 643 2280 ﬁrmat
670 2227 1009 2295 auctoritas,
1043 2228 1178 2297 quia
1209 2242 1348 2281 caro
1375 2240 1502 2281 mea
1551 2242 1689 2281 vero
1720 2233 1813 2281 est
1845 2224 2031 2295 cibus,
2058 2233 2117 2281 et

452 2316 699 2386 sanguis
727 2330 892 2369 meus
911 2331 1052 2368 vere
1085 2321 1176 2369 est
1184 2322 1377 2385 potus.
1405 2300 1604 2386 Itaque
1622 2316 1855 2386 quando
1876 2316 2115 2369 benedi-

452 2405 655 2458 cendae
688 2405 890 2458 verbis
909 2404 1254 2458 cmlestibus
1286 2408 1572 2459 creaturae
1604 2406 1797 2459 sacris
1828 2405 2115 2459 altaribus

452 2492 853 2563 imponuntur,
889 2495 1202 2562 antequam
1222 2493 1590 2547 invocatione
1613 2494 1827 2547 summi
1858 2494 2115 2548 nominis

455 2585 902 2651 consecrantur,
921 2582 1249 2635 substantia
1269 2582 1386 2635 illic
1417 2587 1509 2636 est
1525 2584 1696 2652 panis
1718 2585 1776 2636 et
1804 2582 1947 2651 vini;
1983 2586 2118 2652 post

454 2669 637 2723 verba
657 2674 852 2725 autem
866 2670 1104 2739 Christi,
1143 2687 1361 2741 corpus
1392 2674 1485 2725 est
1513 2674 1570 2725 et
1600 2672 1850 2742 sanguis
1872 2670 2112 2725 Christi.

355 2797 361 2803 .
452 2756 602 2823 Quid
646 2762 838 2814 autem
895 2759 1106 2813 mirum
1166 2763 1276 2828 est,
1313 2760 1363 2813 si
1394 2775 1625 2830 eaquae
1691 2759 1874 2814 verbo
1931 2760 2119 2828 potuit

452 2862 676 2918 creare,
702 2848 885 2902 verbo
900 2848 1093 2917 possit
1109 2851 1304 2903 creata
1322 2851 1673 2903 convertere
1685 2850 1713 2902 ε)
1730 2849 1845 2902 imo
1868 2848 2116 2903 minoris

452 2936 685 2991 videtur
714 2936 980 2991 miraculi
1003 2953 1163 3006 esse,
1190 2937 1244 2991 si
1269 2938 1327 2991 id
1348 2938 1506 3009 quod
1535 2954 1610 2992 ex
1633 2938 1816 2992 nihilo
1833 2936 2116 3009 agnosci-

450 3028 546 3081 tur
576 3025 939 3096 condidisse,
967 3024 1091 3096 jam
1121 3027 1493 3082 conditumin
1516 3027 1729 3081 melius
1759 3027 1948 3081 valeat
1961 3041 2119 3080 com-
2148 3060 2193 3116 Ο

452 3117 718 3170 ωηιξη-θ..
756 3115 1083 3169 nPraeterea
1113 3116 1470 3170 Hincmarus
1500 3115 1793 3187 praesulin
1814 3115 1910 3169 illa
1941 3116 2119 3169 mira-

451 3203 555 3257 bili
584 3204 985 3274 descriptione
1017 3220 1194 3275 quam
1225 3204 1465 3259 veriﬁce
1494 3204 1567 3258 ad
1597 3219 1801 3275 regem
1844 3203 2118 3259 Carolum

452 3291 651 3362 edidit,
686 3308 979 3364 quamque
1015 3293 1305 3347 ferculum
1342 3293 1676 3347 Salomonis
1716 3293 1920 3347 vocari
1946 3291 2119 3347 insti-

450 3381 559 3435 tuit
593 3381 664 3435 de
695 3382 940 3435 veritate
974 3382 1163 3436 sancti
1194 3382 1568 3450 sacramenti,
1589 3384 1840 3435 caeteros
1873 3384 2116 3435 secutus

452 3468 681 3536 Patres,
707 3470 784 3523 ita
806 3469 885 3522 ait
920 3485 931 3521 :

449 3592 679 3663 Agnus,
712 3592 819 3646 qu
847 3592 1068 3662 mundi,
1096 3593 1343 3664 praprio
1372 3609 1477 3660 nos
1495 3610 1741 3667 corpore
1764 3611 2038 3667 pascens,

525 3680 594 3733 In
625 3680 799 3735 nobis
834 3686 1089 3752 maneat;
1122 3683 1351 3737 mansio
1381 3690 1585 3738 nostra
1616 3683 1737 3740 ﬁet.

448 3767 677 3840 Agnus,
704 3768 840 3824 fons
868 3769 1021 3834 vitae,
1041 3772 1288 3843 proprio
1320 3788 1426 3826 nos
1456 3774 1745 3846 sanguine
1756 3780 1987 3846 potans,

524 3857 776 3928 Semper
803 3874 967 3913 more
996 3875 1100 3914 suo
1139 3859 1379 3915 debriet
1409 3866 1581 3933 atque
1612 3868 1805 3934 regat.

448 3943 563 3999 Hic
581 3946 740 4000 Deus
766 3947 1152 4018 omnipotens,
1172 3964 1285 4019 per
1316 3965 1481 4021 quem
1504 3950 1695 4005 Pater
1717 3953 1907 4006 omnia
1926 3951 2072 4006 fecit
2096 3992 2111 4023 ,

520 4034 789 4089 Naturae
807 4050 1008 4089 rerum
1032 4042 1237 4101 mutat,
1273 4044 1331 4091 ut
1360 4038 1490 4109 ipse
1515 4038 1686 4093 volet.

448 4119 562 4176 Hic
592 4139 767 4178 cruce
795 4129 999 4179 nostra
1030 4131 1196 4180 creat
1223 4127 1488 4197 propriis
1518 4133 1575 4182 et
1606 4142 1850 4182 munera
1888 4127 2112 4184 verbis.

517 4210 617 4266 Fit
647 4228 806 4284 caro,
840 4229 907 4268 ac
928 4214 1192 4285 sanguis,
1218 4230 1374 4285 pane
1406 4215 1636 4287 liquore
1667 4231 1826 4271 suus.

448 4297 516 4353 In
548 4316 726 4355 cruce
749 4318 880 4356 nam
895 4318 1107 4374 corpus
1127 4302 1302 4357 fixum
1320 4305 1685 4377 est;sanguis
1706 4322 1931 4378 quoque
1946 4307 2116 4362 {usus

531 4387 783 4460 Christi,
817 4406 942 4462 quae
972 4390 1033 4444 in
1063 4408 1220 4445 caena
1247 4392 1363 4462 iam
1396 4393 1561 4447 dedit
1593 4400 1731 4449 ante
1752 4396 1898 4449 suis.

456 4475 597 4530 Cum
612 4492 718 4532 nos
738 4478 974 4549 indigni
989 4480 1114 4534 haec
1134 4496 1541 4552 memoramus,
1554 4480 1728 4554 jussa
1752 4483 2116 4555 Redemptor

516 4565 862 4636 Emptorum
884 4569 1146 4639 pretium
1177 4585 1421 4625 munera
1451 4577 1655 4625 nostra
1695 4570 1861 4626 facit.

519 4689 680 4745 XXII
689 4690 782 4745 .Et
797 4691 859 4745 in
870 4690 1300 4762 Epicolumniis
1322 4695 1400 4749 ita
1422 4695 1501 4749 ait
1519 4711 1531 4750 2
1557 4717 1579 4747 ι
1596 4694 1969 4752 Sacriﬁcium
1983 4712 2114 4752 cor-

444 4780 610 4850 poris
643 4781 700 4833 et
727 4781 1041 4853 sanguinis
1071 4780 1293 4837 Christi
1323 4783 1558 4838 Domini
1595 4784 1667 4840 de
1697 4800 1847 4855 pane
1891 4788 1949 4841 et
1976 4786 2112 4841 vino

448 4882 603 4941 aqua
622 4869 819 4941 misto,
846 4869 1128 4926 ineffabili
1145 4872 1632 4943 sanctiﬁcatione,
1665 4890 1861 4942 cruce,
1896 4880 1954 4930 et
1980 4890 2113 4930 ver-

447 4957 541 5013 bis
554 4957 747 5029 ipsius
769 4964 1242 5031 consecratur;et
1262 4977 1466 5016 verum
1482 4978 1551 5017 ac
1570 4965 1878 5034 proprium
1894 4980 2113 5035 corpus

442 5048 635 5116 ipsius
668 5048 896 5104 Domini
921 5049 1108 5105 nostri
1140 5050 1289 5105 Jesu
1313 5052 1555 5122 Christi,
1589 5058 1645 5108 et
1684 5055 1935 5126 sanguis
1976 5056 2112 5128 ejus

444 5151 627 5189 verus
658 5152 725 5190 ac
756 5139 1034 5208 proprius
1052 5138 1411 5211 efﬁciuntur,
1436 5141 1591 5196 sicut
1607 5143 1736 5212 ipse
1752 5147 2113 5213 protestatus

447 5226 567 5277 est:
592 5223 712 5277 Hoc
743 5231 833 5280 est
868 5244 1081 5298 corpus
1109 5245 1298 5283 meum
1329 5244 1343 5299 ;
1377 5229 1475 5284 hic
1508 5236 1602 5285 est
1621 5234 1868 5303 sanguis
1889 5250 2108 5289 meus.»

446 5308 857 5379 Competenter
876 5318 1070 5370 autem
1096 5318 1417 5386 praedictus
1449 5319 1539 5374 vir
1564 5321 1919 5377 sententiam
1947 5338 2117 5377 suam

447 5397 645 5451 divina
676 5403 1018 5457 auctoritate
1060 5406 1284 5460 studuit
1340 5407 1600 5475 ﬁrmare;
1648 5411 1808 5465 unde
1854 5411 2012 5466 velut
2041 5427 2114 5467 ex

449 5486 703 5558 quodam
752 5488 910 5543 fonte
958 5493 1076 5545 tota
1104 5496 1377 5550 consistit
1408 5497 1597 5552 forma
1613 5500 1899 5570 veritatis,
1932 5504 2108 5573 atque

447 5576 782 5635 traditionis
814 5576 1413 5657 ecclesiasticae,un
1442 5586 1816 5646 uniformiter
1835 5593 2112 5648 servatur

2219 540 2388 594 vobis
2417 540 2479 594 in
2504 540 2739 611 primis,
2777 539 2926 611 quod
2955 544 3014 594 et
3043 540 3264 610 accepi;
3295 543 3535 611 quoniam
3561 543 3780 599 Dominus

2214 627 2390 682 Jesus
2436 628 2498 681 in
2532 643 2639 698 qua
2679 632 2849 681 nocte
2881 625 3235 681 tradebatur
3265 631 3511 698 accepit;
3534 640 3778 700 panem,et

2213 716 2446 787 gratias
2459 730 2644 786 agens
2662 714 2997 783 benedixit,
3032 721 3089 769 et
3110 715 3298 786 fregit
3316 715 3506 770 dicens
3534 734 3545 771 :
3571 718 3783 791 Accipite

2218 810 2277 857 et
2306 805 2672 869 manducate;
2706 804 2813 858 hoc
2836 809 2927 858 est
2958 818 3169 873 corpus
3188 820 3390 871 meum,
3431 806 3562 876 quod
3593 823 3681 877 pro
3710 824 3782 863 vo-

2216 893 2314 947 bis
2332 892 3172 962 tradetur.Perpende,quaeso
3185 892 3536 962 prudentiam
3561 896 3787 966 accipien-

2217 981 2315 1049 tis,
2350 984 2871 1051 auctoritatemque
2902 980 3213 1035 considera
3234 981 3786 1051 tradentis;nibilnam-

2218 1084 2331 1140 que
2372 1085 2575 1125 eorum
2619 1085 2750 1140 quae
2773 1072 3078 1139 acceperat
3107 1068 3450 1139 immutavit,
3498 1070 3623 1124 nihil
3668 1075 3785 1143 novi,

2218 1162 2281 1211 ut
2308 1160 2579 1212 recentes
2609 1157 2995 1225 schismatici,
3030 1156 3331 1223 adnexuit,
3367 1158 3467 1211 sed
3488 1174 3549 1212 ea
3573 1159 3678 1228 ipsa
3691 1176 3786 1230 quae

2218 1249 2547 1318 acceperat,
2579 1245 2743 1300 salva
2773 1261 3062 1300 sensuum
3091 1245 3422 1316 integritate
3448 1260 3510 1300 ac
3544 1247 3792 1303 verborum

2219 1336 2527 1406 dignitate,
2558 1337 2621 1388 ut
2641 1334 2909 1388 veritatis
2938 1334 3269 1403 discipulus
3288 1336 3585 1404 contexuit,
3607 1336 3684 1390 ubi
3700 1338 3792 1391 nul-

2219 1424 2333 1479 lam
2363 1424 2571 1496 ﬁgurae
2602 1422 2696 1477 vel
2749 1422 3153 1477 similitudinis
3198 1424 3541 1477 mentionem
3593 1424 3791 1494 interpo-

2221 1513 2359 1580 suit,
2412 1512 2548 1581 quia
2579 1527 2697 1566 non
2727 1512 2867 1581 quid
2898 1510 3327 1581 significarent,
3358 1511 3460 1565 sed
3500 1512 3619 1582 quid
3645 1518 3793 1566 essent

2224 1600 2522 1655 Dominica
2581 1603 2950 1654 sacramenta
2981 1602 3376 1669 proposuerat
3429 1600 3707 1654 intimatum‘
3734 1602 3794 1654 ire

2221 1691 2371 1744 male
2399 1689 2788 1743 tractantibus
2817 1704 2884 1742 ea
2916 1688 3260 1743 Corinthiis.
3293 1687 3567 1752 Quocirca
3604 1705 3699 1744 non
3720 1704 3795 1743 sua

2222 1779 2329 1834 sed
2360 1778 2663 1833 Dominica
2691 1777 2873 1831 verba
2905 1792 3124 1847 ponere
3157 1777 3381 1846 statuit,
3415 1780 3474 1831 ut
3503 1777 3605 1831 sibi
3625 1778 3795 1847 pondus

2222 1867 2586 1922 auctoritatis
2626 1869 2685 1920 et
2713 1869 2870 1920 tanto
2902 1868 3271 1920 sacramento
3332 1866 3572 1920 debitam
3620 1882 3797 1934 compa-

2222 1960 2379 2010 raret
2407 1956 2797 2010 reverentiam
2829 1955 2899 2008 dc
2956 1954 3190 2010 nomine
3244 1954 3513 2026 Magistri
3563 1955 3797 2007 dicentis:

2221 2045 2345 2100 Hoc
2376 2050 2467 2099 est
2498 2060 2709 2115 corpus
2736 2059 2944 2097 meum.
2979 2043 3130 2097 Vere
3176 2044 3395 2097 etenim
3451 2044 3554 2097 hoc
3605 2043 3801 2096 divinum

2223 2137 2655 2187 sacramentum
2702 2146 2921 2201 corpus
2953 2134 3045 2185 est
3084 2130 3473 2199 Dominicum,
3512 2132 3565 2183 in
3607 2145 3700 2201 quo
3721 2133 3802 2181 vita

2220 2226 2416 2276 manet
2444 2219 2723 2290 perennis
2751 2220 3030 2273 omnium.
3060 2219 3228 2273 Unde
3252 2220 3712 2291 Augustinusait:
3736 2241 3751 2263 υ
3771 2218 3803 2271 Ο

2222 2311 2656 2366 sacramentum
2669 2307 2902 2376 pietatis
2926 2304 2992 2378 l_'o
3007 2306 3249 2378 signum
3261 2304 3519 2361 unitatis!
3535 2322 3565 2360 ο
3576 2306 3804 2361 vinculum

2222 2394 2558 2453 charitatis!
2594 2397 2694 2467 qui
2724 2396 2848 2450 vult
2876 2396 3078 2450 vivere
3109 2438 3124 2465 ,
3159 2396 3340 2450 habet
3372 2396 3468 2450 ubi
3498 2396 3653 2462 vivat,
3680 2394 3805 2448 habet

2220 2488 2376 2542 unde
2425 2486 2613 2556 vivat;
2660 2484 2919 2553 accedat,
2983 2488 3039 2539 et
3101 2485 3327 2554 credat;
3364 2485 3743 2554 incorporetur,
3766 2484 3808 2534 ut

2221 2577 2572 2630 viviﬁcetur.
2604 2595 2624 2622 ιο
2661 2573 2777 2629 Sed
2800 2573 2980 2629 multa
3008 2573 3483 2628 consideratione
3512 2573 3719 2644 dignum
3746 2574 3807 2624 est

2222 2665 2377 2735 quod
2422 2663 2655 2731 dicitur,
2695 2684 2715 2708 υ
2778 2661 2954 2716 habet
3003 2662 3105 2717 ubi
3160 2662 3347 2730 vivat,
3413 2682 3435 2710 ι
3495 2663 3617 2732 quia
3658 2673 3808 2713 revera

2222 2753 2496 2808 Christus
2543 2750 2814 2805 inlocalis
2858 2753 2969 2819 est,
3020 2750 3156 2805 vitae
3202 2751 3413 2819 locus,
3455 2752 3511 2804 in
3560 2764 3661 2820 quo
3699 2748 3809 2800 vivat

2221 2840 2616 2905 Christianus;
2643 2861 2663 2888 α
2698 2838 2873 2893 habet
2894 2838 3050 2893 unde
3079 2837 3304 2908 vivat,f-
3352 2838 3487 2909 quia
3512 2853 3620 2891 non
3637 2834 3807 2890 aliunde

2222 2946 2396 3001 quam
2420 2929 2493 2983 ab
2521 2929 2654 2998 ipso
2676 2932 2766 2984 est
2788 2928 2925 2996 vita;
2965 2950 2987 2973 «ι
3021 2926 3282 2996 accedat,
3312 2948 3334 2974 η
3353 2942 3496 2999 eigo
3512 2926 3614 2981 fide
3629 2940 3722 2978 non
3736 2938 3808 2992 pe-

2222 3019 2315 3089 de,
2350 3021 2407 3073 et
2440 3040 2461 3065 u
2481 3017 2683 3071 credat
2718 3037 2738 3065 ν
2767 3016 2965 3084 corde,
2999 3016 3099 3086 qui
3127 3015 3252 3069 vult
3281 3016 3508 3084 vivere;
3537 3015 3809 3083 incorpore-

2222 3111 2317 3163 tur
2350 3131 2371 3156 ι»
2407 3122 2550 3161 vero
2572 3108 3081 3161 sacramentorum
3097 3105 3336 3173 virtute,
3360 3109 3422 3159 ut
3443 3128 3464 3151 α
3497 3103 3771 3157 viviﬁcetur
3792 3120 3805 3145 ι

2224 3195 2526 3251 charitatis
2558 3194 2821 3263 veritate,
2855 3197 2918 3248 ut
2931 3210 3038 3264 per
3059 3195 3303 3264 signum
3327 3192 3560 3248 unitatis
3587 3189 3811 3262 pertingat

2223 3286 2295 3340 ad
2326 3285 2633 3356 praemium
2662 3283 3144 3352 incorruptionis,
3174 3282 3335 3354 quod
3358 3298 3525 3337 nemo
3554 3281 3697 3334 aliter
3714 3292 3811 3330 eon-

2222 3376 2510 3445 sequitur,
2544 3373 2664 3427 nisi
2693 3387 2762 3427 eo
2794 3372 2852 3426 in
2885 3387 3002 3442 quo
3024 3372 3303 3426 consistit
3334 3372 3503 3443 plena
3541 3369 3727 3424 veritas
3747 3381 3812 3419 sa-

2222 3466 2524 3518 cramento
2554 3461 2902 3533 pietatis.De
2933 3459 3112 3531 cujus
3135 3460 3478 3515 sinceritate
3490 3456 3810 3514 Cassiodorus

2220 3553 2280 3607 in
2310 3552 2539 3621 psalmo
2557 3550 2882 3606 centesimo
2913 3564 3069 3603 nono
3094 3550 3482 3621 prosequitur
3513 3566 3568 3603 ια
3597 3547 3664 3602 Tu
3685 3560 3735 3600 es
3748 3557 3811 3597 sa-

2220 3641 2434 3696 cerdos
2476 3642 2539 3694 in
2568 3646 2857 3695 aeternum
2886 3637 3205 3693 secundum
3240 3639 3514 3693 ordinem
3550 3634 3808 3691 Melchise-

2219 3729 2389 3784 dech.
2415 3728 2522 3784 Cui
2553 3729 2709 3784 enim
2738 3729 2934 3797 potest
2950 3727 3246 3781 veraciter
3267 3728 3475 3797 aptari,
3501 3726 3608 3781 nisi
3625 3721 3812 3778 Domino

2219 3818 2518 3887 salvatori,
2538 3818 2639 3888 qui
2661 3831 2878 3887 corpus
2898 3818 2956 3870 et
2982 3816 3341 3886 sanguinem
3356 3816 3598 3887 suum-in
3615 3813 3750 3883 panis
3766 3822 3811 3861 ac

2220 3908 2342 3961 vini
2385 3907 2731 3978 erogatione
2781 3905 3120 3959 salutariter
3148 3905 3539 3973 consecravit,
3570 3903 3703 3956 sicut
3723 3899 3811 3967 ipse

2219 3996 2298 4049 ait
2332 4011 2344 4050 :
2375 3996 2518 4052 Nisi
2555 3994 3066 4049 manducaveritis
3095 4008 3339 4049 carnem
3370 3994 3514 4049 Filii
3539 3990 3752 4047 hominis
3774 3990 3812 4038 et

2218 4084 2509 4139 biberitis
2540 4085 2667 4155 eius
2696 4085 3062 4155 sanguinem,
3113 4101 3225 4141 non
3265 4083 3568 4139 habebitis
3609 4080 3750 4133 vitam
3772 4073 3812 4125 in

2226 4173 2433 4228 vobis?
2462 4172 2577 4228 Sed
2610 4173 2671 4227 in
2691 4174 2805 4228 ista
2834 4189 3032 4242 carne,
3064 4177 3121 4229 et
3149 4174 3466 4246 sanguine,
3498 4169 3629 4225 nihil
3656 4178 3813 4220 cruen—

2221 4266 2364 4333 tum,
2397 4262 2543 4316 nihil
2577 4262 2958 4332 corruptibile
2990 4278 3159 4318 mens
3177 4263 3435 4318 humana
3456 4258 3730 4326 concipiat,
3747 4265 3809 4314 ne,

2222 4351 2378 4406 sicut
2410 4351 2552 4406 dicit
2580 4351 2925 4421 Apostolus,
2952 4353 3050 4424 qui
3076 4352 3393 4407 manducet
3424 4364 3621 4421 corpus
3639 4338 3813 4400 Domini

2220 4440 2489 4511 indigne,
2510 4440 2806 4511 judicium
2862 4440 2984 4495 sibi
3014 4440 3363 4505 manducet;
3400 4439 3504 4494 sed
3545 4428 3814 4490 viviﬁcatri-

2144 4516 2193 4570 Ι)
2222 4543 2349 4582 cem
2383 4528 2799 4598 substantiam,
2829 4533 3005 4600 atque
3045 4529 3369 4585 salutarem
3401 4530 3457 4583 et
3485 4526 3660 4597 ipsius
3684 4513 3811 4573 Verbi

2219 4617 2520 4687 propriam
2550 4617 2784 4690 factam,
2816 4634 2924 4688 per
2967 4634 3142 4690 quam
3182 4622 3562 4689 peccatorum
3601 4603 3812 4668 remissio

2221 4709 2276 4759 et
2314 4709 2555 4761 aeternae
2605 4708 2741 4761 vitae
2786 4707 2939 4761 dona
3004 4710 3384 4777 praestantur.
3424 4728 3447 4757 ι
3498 4705 3640 4759 Bene
3674 4700 3813 4752 autem

2221 4793 2437 4848 dictum
2469 4799 2579 4862 est,
2616 4795 2762 4850 nihil
2793 4796 3273 4867 cruentum,nihil
3297 4790 3663 4863 corruptibile
3691 4794 3812 4839 mens

2219 4882 2474 4937 humana
2497 4884 2810 4954 concipiat,
2847 4904 2871 4934 ι
2907 4884 3045 4955 quia
3074 4885 3352 4939 nimirum
3383 4882 3555 4955 quiin
3574 4870 3812 4934 Dominico

2219 4971 2439 5042 aliquid
2472 4976 2842 5028 sacramento
2887 4976 3193 5028 cruentum
3224 4989 3332 5028 seu
3366 4964 3715 5039 corruptibile
3739 4957 3812 5011 nd-

2221 5060 2335 5115 huc
2368 5062 2725 5131 suspicatur,
2761 5077 2834 5116 ex
2861 5062 2979 5116 illis
3010 5064 3103 5116 cst
3133 5063 3232 5133 qui
3260 5062 3504 5132 [idcirco
3533 5045 3811 5125 refugerunt

2220 5149 2516 5204 dicentes:
2540 5149 2831 5214 Quomodo
2846 5156 3048 5222 potest
3061 5151 3158 5205 hic
3182 5167 3423 5206 carnem
3437 5162 3588 5203 suam
3600 5144 3722 5199 dare
3737 5150 3810 5190 n0.

2218 5237 2318 5292 bis
2329 5238 2405 5293 ad
2420 5239 2885 5294 manducandum
2897 5241 2925 5294 ‘?
2939 5256 3072 5294 cum
3087 5239 3208 5293 nisi
3220 5238 3503 5292 manduca
3512 5230 3697 5290 veritis
3712 5237 3809 5279 car-

2219 5342 2351 5381 nem
2368 5326 2521 5381 EiIii
2531 5327 2806 5397 hominis,
2834 5342 2947 5383 non
2973 5327 3278 5383 habebitis
3294 5328 3475 5382 vitam
3492 5326 3549 5378 in
3571 5319 3812 5384 vobis,“-

2218 5415 2874 5471 direntzarbitrabantur
2885 5416 3440 5489 quasimembratim
3452 5412 3636 5469 essent
3650 5402 3811 5459 divisa.

2219 5504 2357 5574 ri,et
2369 5520 2489 5559 mor
2500 5505 2669 5560 sibus
2685 5507 2990 5561 corrosuri
3002 5506 3185 5571 .Quod
3204 5505 3635 5567 abhorrentes,a
3648 5502 3808 5549 conse-

2221 5595 2378 5650 ctatu
2390 5592 2610 5651 Christi
2622 5610 2689 5652 se
2706 5595 2820 5652 sub
2827 5594 3219 5667 traxerequia
3228 5592 3389 5666 quod
3399 5590 3526 5648 audi
3532 5575 3807 5646 ebantnullo
