4048 6164
247 282 407 345 1409

1007 284 1262 346 LIBER
1303 283 1411 346 DE
1453 284 1848 348 CORPORE
1892 285 1998 347 ET
2041 287 2534 351 SANGNUINE
2573 287 2913 353 CHRISTI

3526 290 3682 355 12510

242 482 414 538 modo
446 481 791 538 intellexere
817 501 829 548 ;
863 484 1123 555 tantique
1148 484 1424 539 virtutem
1453 486 1831 556 sacramenti,
1852 490 1908 542 et
1937 467 1990 521 Α
2010 491 2320 542 cruentum
2350 486 2410 541 in
2438 489 2597 541 tanto
2627 488 2911 558 mysterio
2943 492 3170 559 oportet
3200 491 3381 561 credi,
3415 506 3489 546 ne
3509 491 3672 562 judi-

239 571 360 624 vim
382 570 670 625 dictorum
692 588 807 626 non
848 575 1161 642 potuerunt
1195 576 1524 643 penetrare.
1569 573 1703 628 Ideo
1727 590 1906 629 scan-

245 659 476 712 dalizati
497 659 775 714 dixerunt
799 678 810 714 :
837 661 1036 716 Durus
1056 667 1150 717 est
1169 662 1268 716 hic
1289 677 1522 726 sermo,-
1556 662 1774 732 quibus
1797 664 1912 718 Au-

241 749 522 819 gustinus
568 764 638 802 eo
682 749 796 803 loci
844 750 923 804 ita
953 750 1095 804 dicit
1129 766 1141 804 :
1179 772 1201 797 «
1240 751 1464 805 Putatis
1509 751 1647 821 quia
1692 752 1763 806 de
1796 752 1908 807 hoc

240 852 492 907 corpore
520 838 677 908 quod
709 837 922 893 videtis
954 842 1152 908 partes
1184 840 1451 893 facturus
1488 839 1623 909 sim,
1644 843 1701 894 et
1722 856 1907 895 mem-

240 928 346 980 bra
377 942 506 980 mea
537 927 984 997 conscissurus,
1009 930 1066 983 et
1097 928 1270 983 vobis
1301 928 1591 982 daturus?
1617 928 1785 983 Certe
1807 930 1906 1000 qui

236 1016 472 1085 integer
492 1016 817 1070 ascendere
837 1017 1041 1086 potuit,
1067 1017 1335 1072 consumi
1368 1032 1487 1071 non
1516 1017 1906 1089 potuit.‘Ergo

239 1104 311 1158 de
334 1118 581 1174 corpore
604 1108 659 1158 et
681 1106 973 1177 sanguine
996 1121 1104 1160 suo
1127 1106 1284 1160 dedit
1301 1107 1475 1159 nobis
1498 1105 1784 1160 Dominus
1802 1122 1902 1161 sa-

234 1192 469 1246 lubrem
500 1193 901 1263 refectionem,
928 1197 983 1249 et
1008 1198 1124 1248 tam
1146 1210 1418 1265 magnam
1441 1195 1701 1249 breviter
1727 1195 1903 1249 solvit

233 1280 307 1334 de
339 1296 448 1335 sua
475 1282 808 1353 integritate
840 1270 1297 1354 quaestionemui
1321 1284 1476 1337 Bene
1498 1283 1670 1353 plane
1691 1283 1904 1338 dicitur

240 1390 262 1419 ι
289 1385 564 1441 magnam
585 1371 762 1425 solvit
778 1374 1225 1442 quaestionem,»
1263 1372 1368 1426 sed
1402 1372 1519 1426 illis
1549 1373 1649 1442 qui
1680 1388 1797 1426 non
1818 1387 1903 1426 re-

232 1457 473 1530 fugiunt
493 1460 795 1514 veritatem
812 1464 986 1532 atque
1007 1461 1296 1516 Dominici
1335 1463 1689 1516 venerantur
1723 1463 1778 1515 et
1807 1477 1908 1515 ca-

234 1548 405 1616 piunt
434 1550 790 1602 sacramenti
837 1550 1144 1614 virtutem;
1180 1566 1312 1604 nam
1345 1549 1425 1603 illi
1460 1550 1562 1621 qui
1590 1550 1782 1604 adhuc
1808 1567 1906 1605 er-

236 1636 406 1690 ronei
429 1636 996 1709 dubitant,aliudque
1021 1654 1196 1708 quam
1216 1639 1438 1693 veritas
1458 1639 1634 1695 habet
1655 1641 1909 1694 sentien-

237 1729 350 1793 tes,
372 1729 575 1779 contra
605 1726 797 1796 ipsam
819 1726 1139 1796 disputant,
1164 1728 1316 1782 nodo
1344 1730 1521 1782 tantae
1550 1729 1905 1799 quaestionis

234 1815 490 1867 necdum
505 1814 682 1869 soluti
697 1816 1140 1886 errant,quibus
1155 1815 1438 1870 Dominus
1452 1816 1592 1870 dicit
1608 1833 1619 1871 :
1638 1817 1906 1888 Spiritus

236 1908 330 1956 est
361 1903 460 1973 qui
494 1904 552 1956 vi
562 1903 776 1971 vih‘cat,
814 1920 951 1958 caro
982 1920 1094 1959 non
1117 1905 1367 1975 prodest
1392 1905 1722 1977 quidquam.
1747 1906 1903 1961 Vere

242 1991 398 2044 enim
433 1991 576 2045 nihil
609 1990 976 2063 illiprodest,
998 1994 1099 2063 qui
1122 1993 1383 2048 divinum
1413 1994 1525 2047 hoc
1557 1995 1903 2064 mysterium

230 2095 354 2133 non
386 2079 509 2134 vult
536 2080 868 2152 intelligere
897 2086 957 2135 ut
985 2084 1232 2151 oportet.
1267 2081 1561 2136 Caeterum
1585 2085 1746 2137 recte
1769 2099 1903 2137 cre-

235 2168 416 2236 denti,
443 2173 497 2221 et
539 2169 717 2240 digne
739 2170 1089 2238 percipienti
1113 2186 1219 2240 per
1240 2186 1471 2225 omnem
1512 2172 1747 2227 modum
1772 2188 1901 2240 pro-

237 2255 399 2324 dest;
439 2258 590 2311 unde
621 2258 1029 2328 Augustinus:
1057 2281 1078 2306 α
1104 2259 1370 2327 Domine,
1410 2261 1693 2332 magister
1723 2260 1898 2329 bone,

237 2346 534 2415 quomodo
548 2362 685 2400 caro
700 2362 817 2401 non
831 2348 1076 2417 prodest
1087 2348 1424 2419 quidquam,
1435 2365 1567 2403 cum
1585 2354 1644 2402 tu
1658 2349 1897 2404 dixeris:

233 2433 380 2488 Nisi
393 2435 523 2506 quis
535 2436 817 2490 manduca
828 2437 986 2490 verit
1001 2453 1239 2491 carnem
1253 2437 1762 2492 meametbiberit
1774 2454 1904 2491 san-

232 2522 473 2594 guinem
502 2540 713 2591 meum,
733 2541 843 2578 non
865 2524 1112 2579 habebit
1133 2526 1195 2579 in
1217 2542 1284 2580 se
1312 2527 1488 2580 vitam
1511 2525 1539 2579 .9
1563 2541 1637 2580 an
1655 2525 1770 2579 vita
1783 2542 1903 2580 non

231 2611 479 2680 prodest
524 2613 886 2683 quidquam?
918 2613 988 2666 Et
1034 2616 1274 2683 propter
1304 2615 1457 2685 quod
1507 2630 1715 2669 sumus
1745 2615 1902 2686 quod

234 2714 467 2769 sumus,
492 2701 611 2753 nisi
633 2704 696 2754 ut
725 2702 1050 2755 habeamus
1082 2702 1258 2757 vitam
1290 2709 1569 2758 aeternam
1602 2720 1777 2775 quam
1807 2706 1905 2757 tua

236 2803 416 2842 carne
449 2789 741 2858 promittis
764 2791 791 2843 ‘2
820 2787 970 2853 Quid
999 2795 1090 2845 est
1121 2807 1286 2863 ergo,
1321 2808 1438 2859 non
1463 2792 1706 2861 prodest
1735 2793 1900 2863 quid-

233 2893 411 2947 quam
433 2879 461 2930 ?
490 2877 642 2931 Caro
672 2894 789 2931 non
812 2879 1059 2946 prodest
1084 2880 1401 2951 quidquam
1428 2896 1443 2948 ;
1476 2881 1581 2935 sed
1608 2881 1900 2951 quomodo

195 2958 318 3019 “illi
352 2966 779 3021 intellexerunt.
820 2966 1070 3022 Carnem
1110 2970 1325 3039 quippe
1371 2969 1457 3023 sic
1487 2970 1902 3023 intellexerunt

232 3055 531 3124 quomodo
554 3055 613 3109 in
636 3056 923 3111 cadavere
946 3057 1276 3126 dilaniatur,
1293 3062 1391 3113 aut
1408 3058 1466 3111 in
1490 3058 1732 3112 macello
1755 3073 1901 3112 ven-

231 3143 536 3212 ditur,non
555 3145 849 3215 quomodo
877 3146 1087 3215 spiritu
1106 3150 1470 3217 vegetatur.»
1504 3146 1731 3211 Quibus
1760 3162 1900 3215 pro-

232 3232 329 3286 cul
354 3232 531 3286 dubio
550 3233 778 3287 similes
794 3234 1060 3288 moderni
1083 3237 1347 3289 existunt
1368 3236 1760 3305 haeretici,qui
1781 3250 1899 3289 non

1924 1954 1972 2015 Β

2011 574 2165 629 cium
2207 575 2342 644 sibi,
2376 591 2494 629 non
2544 576 2754 630 salutis
2791 577 3094 647 percipiat,
3144 579 3243 649 qui
3298 579 3489 634 taliter
3512 579 3675 635 f‘orte

2009 665 2206 733 sentit,
2257 679 2375 718 non
2421 663 2758 736 dijudicans
2807 665 3125 721 salubriter
3169 683 3385 737 corpus
3417 668 3670 739 Domini,

2008 752 2166 822 quod
2215 753 2449 806 maximi
2501 769 2693 824 genus
2724 757 2816 808 est
2863 755 3088 825 ﬂagitii.
3139 756 3306 832 Unde
3342 757 3671 812 acerrimus

2008 840 2337 910 disputator
2363 842 2739 913 Augustinus
2785 844 2843 896 in
2874 843 3024 897 libro
3056 844 3140 898 De
3171 845 3436 898 doctrina
3463 844 3672 900 Chris-

2006 929 2164 983 tiana
2193 930 2419 984 dixisse
2453 930 2751 985 invenitur
2782 932 2894 985 ita:
2935 952 2957 981 ι
2993 932 3135 987 Nisi
3165 933 3675 989 manducaveritis

2010 1033 2248 1072 carnem
2261 1018 2416 1072 Filii
2444 1019 2718 1089 heminis,
2742 1027 2800 1074 et
2831 1020 3120 1075 biberitis
3146 1037 3275 1093 ejus
3300 1022 3669 1093 sanguinem,

2005 1121 2118 1161 non
2149 1106 2455 1162 habebitis
2487 1109 2666 1161 vitam
2683 1109 2746 1162 in
2770 1109 3239 1178 vobis.Facinus,
3271 1110 3364 1164 vel
3388 1110 3673 1182 ﬂagitium

2003 1192 2488 1264 videturjubere,
2516 1196 2625 1252 sed
2659 1196 3016 1266 inﬁdelibus,
3057 1199 3155 1269 qui
3178 1198 3334 1269 quod
3367 1199 3672 1254 dicebatur

2001 1280 2278 1335 nolebant
2295 1284 2540 1338 credere
2561 1300 2576 1352 ;
2601 1286 2724 1355 qui,
2746 1301 2878 1339 cum
2894 1286 3162 1341 audirent
3181 1304 3192 1340 :
3209 1286 3353 1341 Nisi
3365 1288 3674 1343 manduca-

2014 1370 2478 1426 veritiscarnem
2511 1372 2656 1428 Filii
2674 1374 2950 1443 hominis,
2986 1380 3047 1429 et
3071 1374 3362 1429 hiberitis
3379 1376 3508 1447 ejus
3528 1392 3669 1431 san-

2008 1458 2264 1529 guinem,
2289 1476 2401 1515 non
2434 1460 2740 1516 habebitis
2780 1463 2956 1517 vitam
2984 1464 3045 1517 in
3090 1464 3273 1534 vobis,
3298 1466 3666 1536 refugerunt,

2008 1548 2144 1617 quia
2163 1552 2593 1604 sacramentum
2609 1552 2764 1621 quod
2778 1551 2975 1605 divina
2988 1552 3231 1622 parabat
3249 1553 3671 1623 sapientia,sed

2006 1637 2239 1691 interim
2271 1635 2600 1708 differebat,
2621 1655 2738 1694 non
2764 1643 3031 1709 poterant
3054 1644 3115 1695 ut
3135 1643 3268 1710 pote
3289 1642 3558 1696 carnales
3576 1643 3670 1695 in-

2007 1725 2414 1797 telligere,sed
2436 1735 2682 1797 possent
2700 1730 2977 1784 nimirum
3002 1745 3133 1784 cum
3158 1731 3334 1784 Petro
3356 1734 3412 1785 et
3435 1731 3669 1785 caeteris

2008 1816 2295 1885 apostolis
2309 1816 2411 1887 qui
2423 1818 2807 1886 perstiterunt
2818 1817 3145 1876 fideliter,si
3158 1819 3668 1889 vellent,credere,

2008 1919 2320 1974 quousque
2339 1921 2471 1960 cum
2495 1906 2615 1960 illis
2656 1905 2983 1976 gloriﬁcato
3022 1908 3167 1961 Jesu
3210 1912 3266 1961 et
3288 1908 3419 1963 dato
3450 1907 3670 1977 Spiritu

2010 1992 2346 2048 confirmari
2383 1999 2751 2049 mererentur
2784 1996 2843 2049 in
2865 1996 3022 2072 omni
3055 1996 3320 2050 veritate.
3356 1998 3429 2049 At
3452 1997 3589 2066 quia
3610 1996 3670 2050 in

2006 2082 2296 2136 audiendo
2318 2082 2759 2147 inconsiderati,
2790 2083 2846 2135 in
2864 2098 2981 2136 non
2997 2084 3317 2153 praebendo
3342 2084 3665 2139 Dominicis

2006 2170 2208 2224 verbis
2242 2170 2415 2225 ﬁdem
2452 2170 2592 2225 facti
2619 2177 2755 2225 sunt
2784 2171 3224 2241 indisriplinati,
3275 2173 3522 2243 contigit
3551 2173 3669 2227 illis

2006 2274 2119 2313 non
2153 2259 2304 2314 bene
2326 2276 2358 2312 a
2386 2259 2542 2313 bono
2566 2260 2850 2331 Magistro
2868 2260 3165 2325 recedere,
3200 2261 3258 2313 in
3291 2260 3468 2331 cujus
3491 2261 3670 2315 disci-

2006 2345 2203 2414 pulatu
2219 2345 2534 2399 noluerunt
2545 2345 2770 2399 firmam
2786 2347 3173 2400 constantiam
3185 2346 3673 2400 retineremffensi

2004 2434 2187 2487 verbo
2208 2433 2665 2503 equidemduro,
2702 2440 2762 2487 ut
2793 2434 2907 2488 sibi
2943 2434 3270 2500 videbatur,
3305 2434 3412 2488 sed
3441 2436 3668 2503 tempe-

2006 2522 2190 2576 rando
2218 2526 2352 2591 post
2384 2538 2500 2576 non
2530 2523 2771 2576 multum
2803 2522 3058 2592 simplici
3091 2527 3486 2590 sacramento,
3509 2523 3665 2594 quod

1998 2610 2145 2682 jam,
2168 2613 2302 2664 licet
2337 2628 2451 2665 non
2476 2612 2808 2681 manifeste,
2832 2611 3319 2681 praedicabatur.»
3358 2611 3668 2667 Verumta-

2006 2715 2141 2754 nem
2174 2701 2364 2754 taliter
2391 2700 2486 2754 his
2516 2718 2547 2754 a
2597 2702 2941 2755 consectatu
2986 2700 3218 2754 Domini
3249 2700 3669 2755 recedentibus

2009 2789 2243 2843 facilius
2272 2789 2641 2858 indulserim,
2684 2789 2784 2859 qui
2814 2788 3006 2843 adhuc
3048 2789 3340 2858 carnales,
3374 2788 3670 2844 carnalem

2009 2876 2306 2931 hominem
2335 2876 2635 2932 Christum
2666 2877 2873 2933 Jesum
2904 2879 3214 2932 Dominum
3245 2880 3580 2950 cernentes,
3597 2878 3670 2931 ad

2010 2981 2267 3035 superna
2299 2967 2505 3020 oculos
2536 2968 2735 3021 cordis
2766 2968 3041 3037 mysteria
3073 2967 3402 3021 contuenda
3437 2967 3669 3037 erigere

2008 3055 2255 3109 necdum
2281 3058 2566 3126 poterant,
2599 3072 2774 3126 quam
2794 3056 2987 3111 nostri
3005 3056 3286 3126 temporis
3305 3055 3663 3119 hominibus,

2006 3144 2065 3197 in
2092 3145 2308 3214 quibus
2338 3160 2445 3214 per
2490 3146 2782 3215 baptisma
2824 3145 3013 3200 etl'usa
3050 3149 3142 3199 est
3170 3144 3425 3215 Spiritus
3476 3144 3669 3198 sancti

2005 3233 2217 3302 gratia,
2247 3233 2742 3303 quisacrosancta
2760 3250 2982 3289 mensas
2996 3234 3260 3288 caelestis
3280 3235 3556 3304 mysteria
3575 3235 3667 3288 di-

231 3320 513 3375 dissimili
542 3337 740 3376 errore
756 3325 1031 3392 possessi
1065 3324 1367 3377 veritatem
1399 3323 1692 3396 denegant
1711 3324 1901 3379 Domi-
1928 3308 1983 3374 C
2008 3321 2160 3375 vinis
2178 3321 2424 3375 formata
2447 3323 2725 3389 oraculis,
2742 3326 3082 3377 sanctorum
3104 3338 3339 3393 quoque
3357 3324 3669 3379 doctorum

229 3409 354 3463 nici
380 3412 768 3479 sacramenti;
803 3412 885 3465 illi
917 3413 1033 3481 ipsi
1066 3416 1465 3484 repugnantes
1493 3413 1731 3490 Veritati
1764 3430 1897 3484 quas

230 3498 380 3551 dixit
405 3516 415 3552 :
436 3498 562 3553 Hoc
575 3505 665 3553 est
687 3516 904 3570 corpus
917 3517 1127 3555 meum.
1145 3501 1253 3565 Qui
1276 3502 1411 3555 dum
1442 3502 1598 3556 aliud
1628 3502 1784 3573 quod
1807 3518 1899 3557 ve-

230 3587 382 3640 ritas
401 3587 578 3642 habet
590 3590 742 3642 sumi
761 3590 1010 3660 ﬁngunt,
1034 3591 1106 3644 ab
1128 3591 1260 3659 ipsa
1284 3591 1516 3659 penitus
1539 3592 1781 3645 veritate
1804 3607 1899 3645 ex-

228 3678 429 3729 torres
447 3675 610 3741 tiunt,
628 3680 685 3731 et
699 3693 899 3732 veram
923 3678 1243 3733 Dominicae
1263 3680 1816 3751 communionis,cuj
1826 3696 1898 3735 us

232 3764 410 3817 ﬁdem
452 3764 775 3836 refugiunt,
808 3768 1056 3821 salutem
1090 3768 1376 3821 amittunt.
1413 3768 1538 3823 Nec
1569 3768 1859 3823 immerito
1888 3785 1899 3822 :

229 3852 523 3907 caecitatis
553 3870 806 3925 namque
853 3870 980 3910 suae
1013 3857 1274 3910 tenebris
1321 3858 1578 3927 undique
1610 3857 1899 3927 obvuluti,

228 3941 486 4012 ideoque
518 3941 756 3996 odibilis
789 3942 929 3997 vitio
979 3944 1414 4013 obstinationis,
1461 3945 1616 4015 quod
1664 3946 1898 4015 proprie

231 4030 653 4085 hareticorum
672 4034 782 4098 est,
809 4035 1224 4103 praeoccupati,
1246 4033 1383 4087 dum
1404 4034 1668 4088 scientiae
1692 4034 1897 4105 singu-

225 4118 462 4173 laritate
495 4119 607 4174 sibi
638 4120 1015 4191 applaudunt,
1040 4121 1302 4175 divinum
1335 4122 1775 4177 Dominicorum
1806 4122 1899 4176 di-

229 4212 466 4263 ctorum
494 4209 692 4263 lumen
739 4225 856 4263 non
887 4210 1211 4279 attendunt,
1247 4226 1439 4282 neque
1462 4214 1756 4266 tantorum
1790 4212 1897 4266 do-

227 4299 456 4351 ctorum
475 4297 783 4352 sententiis
804 4299 1437 4369 acquiescunt,quibus
1455 4301 1741 4355 ediverso
1767 4316 1900 4354 cum

224 4386 350 4456 ipsi
381 4386 797 4441 miserabiliter
828 4392 1047 4456 errant,
1098 4390 1322 4443 erroris
1354 4393 1551 4443 notam
1596 4390 1900 4444 ascribere

225 4475 471 4545 audent,
492 4474 553 4527 in
582 4491 801 4530 morem
831 4476 1617 4549 videlicetphreneticorum,
1642 4479 1741 4549 qui
1771 4479 1902 4533 vio-

226 4564 407 4618 lentia
441 4565 741 4632 passionis
774 4581 907 4619 cum
940 4580 1049 4635 per
1090 4566 1283 4619 omnia
1332 4566 1644 4636 desipiant,
1695 4584 1900 4622 omnes

2005 3410 2299 3464 declarata
2329 3412 2502 3481 atque
2532 3411 2788 3466 lucidius
2819 3412 3086 3482 exposita
3118 3411 3425 3480 doctrinis,
3445 3413 3667 3481 apertis

2003 3499 2278 3553 roborata
2302 3500 2552 3553 ostentis
2585 3500 3022 3568 miraculorum,
3054 3516 3163 3554 nec
3194 3501 3390 3555 vereri
3422 3501 3667 3572 dignan-

2007 3591 2101 3642 tur
2121 3604 2231 3642 nec
2253 3589 2515 3657 credere,
2544 3589 2649 3643 sed
2673 3589 2891 3659 potius,
2916 3604 3202 3658 perversa
3232 3588 3504 3654 didendo,
3533 3604 3670 3643 con-

2008 3677 2294 3732 tradicere
2348 3695 2416 3732 ac
2461 3679 2640 3731 multa
2688 3679 3006 3732 verborum
3049 3680 3307 3748 turpium
3352 3678 3666 3748 impietate,

2009 3766 2144 3835 quia
2174 3767 2408 3835 penitus
2431 3769 2728 3836 nequeunt
2755 3771 3040 3832 evertere,
3065 3765 3329 3821 nituntur
3347 3765 3631 3821 infamare
3656 3785 3669 3831 ;

2008 3870 2076 3908 ac
2102 3870 2209 3923 per
2238 3855 2371 3923 hoc,
2396 3854 2732 3924 ubicunque
2756 3858 3027 3923 possunt,
3053 3854 3308 3925 aliquam
3338 3857 3425 3909 vel
3459 3855 3518 3908 in
3542 3870 3674 3909 ver-

2006 3942 2102 3997 bis
2135 3943 2226 3997 vel
2255 3944 2316 3997 in
2349 3943 2656 3997 sententiis
2679 3942 2967 4013 majorum
2990 3944 3367 3998 occasionem
3385 3944 3670 4014 reperire,

2009 4031 2293 4102 injustam
2324 4047 2441 4085 non
2472 4031 2750 4084 desinunt
2779 4031 3129 4085 calumniam
3161 4032 3539 4102 concinnare;
3562 4032 3673 4086 sic-

2009 4123 2072 4174 ut
2089 4121 2150 4174 in
2172 4121 2282 4175 hac
2302 4119 2489 4174 sancti
2510 4120 2851 4191 Augustini,
2871 4135 3047 4190 quam
3078 4120 3501 4189 proposuimus
3529 4136 3670 4174 sen-

2009 4210 2187 4264 tentia
2217 4212 2543 4263 noscuntur
2571 4208 2788 4277 facere,
2823 4224 2996 4278 quam
3024 4208 3246 4262 idcirco
3280 4208 3508 4279 gratius
3541 4224 3670 4261 am-

2006 4299 2340 4368 plectuntur
2360 4313 2533 4367 quam
2558 4299 2770 4351 caetera
2787 4297 2946 4351 illius
2975 4297 3048 4351 de
3070 4297 3269 4351 divino
3294 4299 3670 4351 sacramento

2007 4387 2375 4452 documenta,
2423 4386 2559 4456 quia
2616 4386 2756 4439 dicit
2802 4402 2813 4439 :
2859 4408 2880 4433 «
2930 4384 3244 4457 Flagitium
3298 4386 3393 4440 vel
3436 4384 3669 4439 facinus

2009 4475 2239 4529 videtur
2264 4474 2532 4545 jubere.»
2565 4473 2681 4528 Sed
2715 4474 2927 4528 horum
2956 4473 3200 4544 perfidia
3219 4474 3548 4529 studiosius
3579 4487 3672 4528 re-

2007 4564 2261 4634 pudiata,
2286 4563 2426 4633 quid
2450 4566 2807 4618 memoratus
2832 4563 3038 4617 doctor
3065 4563 3301 4632 dixerit,
3327 4564 3418 4618 vel
3443 4563 3581 4633 quid
3604 4563 3665 4618 in

229 4652 349 4723 ipsi
401 4652 662 4707 insanire
715 4657 959 4707 econtra
1007 4656 1231 4724 putant.
1263 4653 1429 4719 Quod
1484 4656 1537 4709 si
1582 4656 1902 4725 prudenter
1925 4663 1985 4730 n
2007 4654 2135 4707 suis
2166 4653 2261 4707 his
2285 4652 2458 4706 dictis
2495 4653 2772 4721 senserit,
2808 4654 3252 4721 perscrutantes
3292 4651 3542 4707 fideliter
3570 4667 3669 4706 ex-

226 4742 410 4810 atque
432 4741 730 4795 humiliter
754 4742 906 4796 inter
928 4748 1179 4797 caeteras
1202 4744 1565 4815 reliquorum
1595 4746 1902 4800 doctorum

229 4830 583 4897 sententias,
606 4830 717 4884 hoc
740 4846 974 4901 quoque
1000 4832 1153 4901 quod
1199 4832 1517 4902 praedictus
1540 4833 1630 4887 vir
1662 4834 1897 4888 Cassio-

158 4906 165 4910 ’
227 4918 421 4972 dorus
471 4918 634 4985 dicit,
688 4918 1021 4974 voluissent
1050 4921 1380 4989 advertere,
1432 4923 1505 4975 ad
1536 4922 1757 4976 erroris
1807 4922 1899 4976 sui

226 5006 555 5076 probarent
573 5009 1001 5063 correctionem
1020 5010 1168 5063 satis
1183 5025 1481 5081 superque
1502 5010 1899 5080 sufficere;ait

224 5110 489 5166 namque
524 5112 535 5149 :
575 5118 597 5145 α
625 5096 785 5150 Nihil
809 5101 1135 5167 cruentum,
1163 5099 1308 5152 nihil
1331 5099 1712 5169 corruptibile
1732 5115 1901 5153 mens

226 5184 551 5253 concipiat,
573 5184 679 5239 sed
698 5185 1178 5240 viviﬁcatriccem
1200 5187 1613 5256 substantiam,
1641 5189 1902 5258 etipsius

224 5273 419 5327 Verbi
436 5275 735 5345 propriam
754 5274 1058 5347 intelligat.
1072 5299 1093 5323 ι)
1115 5276 1535 5346 Substantiam,
1560 5276 1768 5347 inquit,
1785 5292 1897 5331 non

222 5362 524 5429 umbram,
557 5365 614 5417 et
642 5363 832 5433 ipsius
883 5364 1064 5419 Verbi
1097 5366 1413 5435 propriam,
1446 5382 1564 5420 non
1608 5366 1856 5436 figuram
1884 5383 1897 5430 ;

218 5451 370 5521 quia
398 5467 603 5505 revera
632 5452 693 5505 in
715 5452 814 5506 illo
844 5455 1044 5523 specie
1066 5457 1239 5509 tenus
1265 5470 1415 5523 pane
1448 5470 1589 5508 vera
1618 5455 1902 5524 probatur

223 5540 570 5595 substantia
600 5542 800 5594 carnis
833 5542 1170 5604 Dominicae,
1223 5548 1279 5597 et
1312 5559 1444 5597 cum
1483 5558 1623 5597 vera
1654 5546 1732 5597 sit
1760 5559 1899 5598 caro

222 5645 535 5703 verasque
570 5632 820 5702 sanguis
871 5632 1013 5686 nihil
1064 5635 1257 5686 tamen
1306 5622 1710 5709 corruptibile,
1753 5634 1899 5691 nihil

2006 4743 2351 4813 pendamus.

2076 4831 2281 4886 XXIII.
2313 4853 2334 4877 α
2357 4830 2634 4898 Facinus,
2655 4830 2863 4902 inquit,
2883 4830 2977 4883 vel
3008 4829 3293 4902 ﬂagitium
3326 4828 3668 4900 videturju-

2005 4921 2167 4976 bere.
2181 4943 2203 4968 ιι
2236 4919 2350 4974 Ubi
2364 4921 2421 4973 in
2443 4920 2651 4990 primis
2670 4919 3051 4974 considerare
3066 4920 3258 4986 placet
3274 4918 3429 4989 quod
3450 4918 3669 4973 dictum

2008 5013 2118 5079 est,
2148 5032 2171 5055 «ι
2197 5009 2432 5064 videtur
2459 5008 2732 5080 jubere,»
2769 5007 3099 5079 nonjubet.
3134 5007 3454 5062 Videbatur
3499 5023 3668 5061 nam-

2004 5114 2118 5169 que
2141 5098 2512 5152 intolerabile
2548 5114 2687 5153 esse
2711 5096 2965 5166 facinus,
2990 5096 3082 5151 vel
3116 5096 3398 5168 ﬂagitium
3432 5111 3669 5151 carnem

2004 5187 2262 5242 hominis
2280 5188 2656 5255 manducare,
2673 5188 2765 5241 vel
2788 5185 3142 5257 sanguinem
3159 5184 3363 5240 bibere
3387 5185 3666 5253 viventis,

2004 5278 2162 5347 quod
2193 5277 2669 5348 nonjubebatur,
2706 5276 2809 5328 ειιά
2840 5276 2899 5328 in
2931 5277 3322 5344 sacramento,
3355 5274 3510 5346 quod
3542 5274 3669 5344 jam

2002 5366 2489 5435 pradicebaturJ
2510 5364 2772 5433 Videtur,
2798 5364 3004 5434 inquit,
3023 5362 3289 5434 jubere,»
3315 5378 3431 5417 non
3446 5361 3621 5434 jubet
3653 5380 3664 5417 :

2004 5455 2105 5509 ubi
2138 5455 2382 5509 Judaeos
2405 5454 2610 5524 tangit,
2636 5457 2693 5506 et
2722 5467 2927 5507 eorum
2959 5467 3252 5521 sequaces
3283 5452 3529 5519 erroris,
3569 5452 3670 5522 qui

2001 5544 2228 5616 grande
2252 5544 2535 5615 ﬂagitium
2560 5542 2615 5594 in
2631 5541 2725 5594 liis
2746 5541 2975 5594 Domini
3007 5560 3023 5591 ·.
3044 5566 3065 5594 μ
3112 5542 3202 5594 his
3235 5556 3373 5595 esse
3402 5540 3673 5595 arbitrati

2004 5638 2197 5703 sunt;
2258 5637 2315 5687 et
2358 5632 2488 5686 ideo
2543 5631 2980 5688 exhorruerunt
3037 5634 3093 5687 et
3141 5632 3301 5686 retro
3358 5629 3665 5697 abierunt,
