4134 6174
508 259 654 323 1414

509 458 647 529 quia
677 458 897 512 dictum
930 460 1005 512 ita
1022 461 1376 528 acceperunt
1396 460 1566 530 quasi
1595 458 1869 513 dentibus
1901 460 2168 514 voraturi

511 551 714 601 essent
742 547 1059 611 Christum,
1097 549 1249 602 sicut
1297 565 1475 601 canes
1506 548 1706 601 vivum
1749 551 1922 617 atque
1967 564 2169 602 cruen-

509 638 632 689 tum
651 652 783 689 cum
802 637 1354 704 comprehenderint
1388 641 1591 690 vorant
1612 637 1869 707 leporem
1900 641 1998 690 aut
2030 653 2165 690 cer-

510 739 669 778 vum.
693 725 855 788 Quod
896 742 1010 778 non
1038 725 1313 794 procedit,
1341 740 1530 795 neque
1568 726 1711 778 ratio
1749 725 2014 778 admittit.
2060 725 2164 779 Fa-

511 812 682 866 cinus
714 813 868 866 enim
898 816 985 866 est
1009 819 1063 866 et
1091 815 1313 883 grande
1338 814 1641 883 ﬂagitium,
1678 813 1788 867 hoc
1821 815 1895 867 ita
1928 829 2161 884 sapere,

510 901 665 971 quod
689 902 859 955 aliter
883 906 974 956 est
995 903 1384 955 sentiendum.
1414 902 1694 955 Videlicet
1719 907 1779 955 ut
1810 918 1945 956 caro
1971 904 2165 956 Domi-

510 988 642 1042 nica
665 990 739 1042 ita
770 994 1006 1059 putetur
1035 991 1241 1059 accipi,
1269 996 1327 1042 ut
1350 1006 1485 1042 caro
1508 992 1836 1044 communis
1865 993 1955 1045 vel
1978 992 2164 1045 alicu-

503 1077 611 1147 jus
645 1078 935 1144 animalis,
971 1096 1102 1132 cum
1152 1081 1348 1147 potius
1389 1095 1493 1147 per
1524 1083 1955 1133 sacramentum
1987 1081 2165 1149 spiri-

511 1166 746 1220 tualiter
767 1168 918 1219 sumi
945 1168 1235 1221 credenda
1257 1169 1352 1234 sit,
1392 1175 1448 1222 et
1480 1174 1671 1223 tamen
1709 1185 1824 1222 non
1861 1170 1972 1222 alia
1994 1186 2168 1239 quam

510 1270 643 1325 qua)
665 1255 929 1324 passioni
952 1256 1269 1325 subjacuit,
1292 1258 1426 1311 licet
1449 1258 1625 1311 oblati
1644 1258 1878 1327 species
1903 1258 2171 1312 videatur

509 1343 701 1413 panis;
726 1345 879 1413 quod
919 1344 993 1397 ita
1015 1344 1209 1398 divina
1249 1346 1447 1415 utique
1487 1346 1928 1415 dispensatione
1959 1362 2168 1416 procu-

509 1434 697 1484 ratum
731 1446 868 1485 esse
892 1436 1120 1501 oportet
1149 1432 1397 1487 ﬁdeliter
1420 1433 1600 1499 credi,
1632 1438 1692 1486 ut
1733 1434 2021 1505 fragilitas
2058 1435 2169 1488 hu-

508 1534 698 1578 mana.
724 1536 856 1590 quae
880 1522 1008 1574 suis
1034 1523 1312 1576 carnibus
1336 1539 1450 1575 non
1475 1525 1783 1577 consuevit
1820 1524 2004 1591 vesci,
2039 1524 2169 1592 ipso

510 1607 644 1660 visu
669 1608 811 1661 nihil
833 1609 1060 1663 hauriat
1083 1610 1239 1679 quod
1266 1611 1518 1678 horreat,
1544 1615 1595 1664 ct
1618 1611 1688 1663 de
1712 1611 2167 1675 cactero,nihilo-

508 1696 706 1749 minus
738 1713 911 1766 quam
948 1703 1167 1751 veritas
1199 1699 1394 1765 habet,
1447 1714 1684 1753 carnem
1720 1701 1947 1753 Domini
1981 1700 2170 1755 nostri

510 1783 655 1837 Jesu
688 1784 910 1839 Christi
940 1787 999 1839 in
1036 1794 1405 1841 sacramento
1438 1788 1738 1856 percipiat,
1761 1789 1831 1841 de
1863 1806 1977 1859 quo
2010 1790 2170 1858 Apo-

510 1873 702 1926 stolus
719 1874 823 1927 ait:
844 1874 982 1927 Etsi
995 1892 1066 1928 uo
1081 1892 1274 1929 veram
1284 1893 1347 1928 us
1375 1876 1692 1929 secundum
1712 1893 1949 1931 carnem
1965 1878 2169 1932 Jesum

511 1959 834 2030 Christum,
861 1963 969 2016 sed
989 1980 1137 2016 mmo
1144 1964 1262 2034 jam
1289 1981 1398 2017 non
1415 1966 1699 2018 novimus.
1730 1966 1840 2018 [Ibi
1868 1967 2169 2020 veritatem

510 2054 832 2120 assumptus
864 2068 935 2105 ex
966 2053 1137 2106 nobis
1163 2069 1276 2105 non
1306 2054 1557 2124 denegat
1578 2058 1820 2122 naturae,
1848 2055 1953 2108 sed
1978 2056 2168 2108 incoro

511 2139 951 2208 ruptibilitatcm
970 2142 1269 2211 signiﬁcat
1290 2142 1344 2193 in
1377 2141 1559 2195 Deum
1578 2142 1747 2210 [Deo]
1769 2160 1871 2212 per
1894 2158 2168 2197 resurre-

516 2228 1136 2298 ctioncmgloriﬁcatae
1156 2230 1505 2284 substantia:
1531 2235 1772 2297 nostrae,
1806 2247 1979 2301 quam
2013 2233 2168 2285 sicut

506 2319 600 2370 est
633 2316 1096 2386 incorruptibilis
1116 2318 1172 2371 in
1210 2319 1428 2386 Deo,ita
1450 2320 1723 2373 nimirum
1743 2320 1854 2374 sub
1873 2320 2091 2374 visibili
2113 2323 2169 2374 et

505 2405 716 2459 usitata
732 2408 929 2474 specie
945 2408 1444 2477 incorruptibilem
1462 2411 1750 2463 sumimds
1766 2410 1821 2461 in
1836 2424 2169 2463 sacramen-

506 2495 705 2549 to.Sed
729 2496 863 2549 huic
884 2500 1041 2549 tanto
1066 2505 1435 2551 sacramento
1452 2499 1897 2569 percipientium
1924 2498 2166 2552 confor-

508 2583 756 2651 mandac,
800 2585 1139 2653 coaptandae
1177 2592 1314 2638 sunt
1348 2590 1595 2651 mentes,
1623 2590 1683 2640 ut
1718 2587 1873 2656 quod
1917 2588 2167 2641 sumitur

507 2670 567 2722 iu
611 2672 910 2740 mysterio,
948 2670 1157 2725 etl'cctu
1191 2674 1454 2740 proficiat
1499 2674 1743 2737 interno,
1794 2676 2066 2729 videlicet
2106 2679 2169 2729 ut

507 2759 781 2829 quisquis
804 2764 975 2813 tanta:
997 2758 1303 2831 participat
1323 2763 1926 2830 sanctitati,'mortuus
1950 2765 2166 2819 mundo

509 2851 566 2902 et
587 2849 767 2919 vitiis,
791 2849 850 2902 in
867 2851 1123 2904 novitate
1146 2852 1280 2905 vita:
1304 2852 1376 2905 de
1404 2856 1619 2906 caetero
1652 2854 1883 2907 studeat
1914 2869 2165 2908 conver-

508 2936 796 2990 sari.Ideo
832 2954 1083 3008 namque
1104 2940 1362 3010 signum,
1388 2941 1477 2993 vel
1503 2941 1695 3012 ﬁgura
1731 2942 1803 2995 ab
1834 2942 2040 2995 eodem
2076 2943 2167 2995 di-

508 3025 661 3079 citur
691 3027 1023 3097 Augustino
1055 3028 1114 3081 in
1147 3046 1327 3098 supra
1374 3034 1697 3084 memorato
1729 3030 1877 3084 libro
1910 3030 2010 3085 ubi
2041 3031 2119 3085 ait
2152 3047 2164 3085 ε

512 3137 533 3162 α
563 3114 777 3185 Figura
791 3117 1063 3186 ergo[al.,
1082 3122 1172 3171 est
1185 3121 1372 3189 ergo],
1396 3120 1749 3189 praecipiens
1767 3135 1836 3188 pa
1846 3121 2033 3173 ssioni
2057 3120 2165 3173 Do-

1527 258 1895 322 DURANDI
1941 256 2304 321 ABBATIS
2347 257 2926 321 TROARNENSIS

3747 263 3868 327 Ml?

2278 474 2387 514 sua
2416 460 2545 514 suis
2578 460 2850 514 servetur
2892 458 3185 513 dictorum
3223 459 3543 529 proprietas
3586 462 3867 534 quibusque

2279 549 2449 603 locis.
2486 548 2634 600 Nam
2665 551 2725 601 ut
2756 551 2971 601 caatera
3002 550 3349 617 praeteream
3395 564 3522 619 qua:
3564 550 3630 602 de
3674 554 3871 608 veritate

2282 637 2569 690 Dominici
2584 636 2851 705 corporis
2864 636 3224 706 approbatur
3236 636 3503 690 sensisse
3514 652 3578 690 ac
3590 640 3871 709 sanguinis.

2280 726 2423 780 illud
2445 725 2599 796 quod
2624 730 2826 779 contra
2862 726 3119 781 omnium
3151 724 3553 779 haereticorum
3588 729 3814 798 argutias
3830 737 3872 784 et

2288 818 2529 869 versuta
2542 812 3225 884 argumentorumjacula
3239 815 3588 883 praecipuum
3601 815 3875 870 sufﬁciens-

2285 920 2398 975 que
2429 902 2788 970 decernitur,
2809 902 3084 973 quodque
3114 902 3171 954 in
3193 902 3591 971 explanatione
3616 903 3871 973 cujusdam

2286 992 2491 1061 psalmi
2514 992 2775 1046 edidisse
2797 991 3179 1062 cognoscitur
3198 991 3624 1057 inseram,unde
3644 992 3756 1046 luce
3778 993 3873 1046 cla-

2284 1083 2409 1135 rius
2430 1084 2585 1151 patet
2619 1095 2752 1134 eum
2794 1081 3159 1133 sacramento
3185 1079 3485 1132 Dominico
3507 1080 3642 1133 nihil
3674 1081 3814 1135 inane
3831 1087 3873 1135 et

2277 1170 2541 1224 veritatis
2565 1168 2998 1237 vacuum,nihil
3038 1168 3311 1222 sensisse
3348 1168 3646 1222 umbratile
3665 1174 3714 1222 et
3747 1171 3872 1223 fuca-

2280 1264 2437 1327 tum;
2478 1259 2618 1326 quin
2652 1258 2848 1327 potius
2884 1257 3241 1326 designasse
3272 1271 3378 1325 per
3408 1257 3593 1310 omnia
3620 1272 3741 1310 vere
3764 1274 3869 1313 esse

2280 1346 2498 1400 Christi
2515 1345 3094 1417 corpus}naturale,et
3113 1346 3462 1416 sanguinem
3482 1346 3869 1406 substantivum.

2280 1437 2379 1507 qui
2410 1436 2584 1490 fusus
2633 1439 2724 1489 est
2754 1436 2810 1487 in
2848 1448 3045 1501 cruce,
3081 1449 3321 1487 munera
3353 1450 3485 1504 quae
3512 1440 3870 1488 consecrantur

2280 1524 2336 1577 in
2359 1524 2542 1578 altare
2564 1524 2701 1577 licet
2729 1537 3149 1592 nonnunquam
3182 1522 3453 1575 videatur
3482 1523 3776 1593 approbare
3800 1524 3870 1575 in-

2279 1616 2377 1667 nui
2424 1613 2597 1667 nobis
2648 1613 2777 1681 ipsa
2818 1612 3065 1665 veritate
3110 1611 3353 1680 aliquid,
3404 1626 3509 1679 per
3551 1611 3693 1681 quod
3727 1610 3869 1664 eidem

2278 1702 2554 1771 pressius
2576 1701 2984 1767 informemur,
3022 1702 3078 1753 et
3099 1699 3288 1753 actius
3320 1699 3715 1764 inhaereamus,
3736 1714 3870 1768 opere

2280 1791 2632 1844 faciendum.
2660 1790 2741 1841 Ita
2777 1804 3028 1858 namque
3051 1789 3130 1841 ait
3160 1788 3244 1857 (in
3260 1787 3413 1858 pse}.
3449 1790 3641 1853 xcvm)
3681 1805 3690 1840 :
3730 1810 3748 1832 ε
3781 1789 3870 1839 An-

2280 1896 2422 1949 ceps
2444 1878 2636 1932 factus
2653 1892 2817 1932 sum:
2858 1877 3033 1931 timeo
3066 1876 3315 1931 adorare
3338 1882 3574 1944 terram,
3599 1892 3664 1929 ne
3691 1876 3868 1928 damnet

2280 1983 2370 2021 me
2412 1968 2511 2036 qui
2544 1965 2681 2019 fecit
2712 1964 2924 2018 coelum
2973 1968 3030 2018 et
3058 1967 3310 2032 terram;
3346 1980 3562 2017 rursus
3610 1964 3760 2016 timeo
3786 1977 3869 2015 non

2278 2057 2527 2109 adorare
2543 2053 2866 2108 scabellum
2881 2054 3096 2122 pedum
3110 2053 3340 2105 Domini
3356 2052 3620 2123 mei,quia
3632 2052 3756 2104 dicit
3768 2050 3871 2103 mihi

2277 2145 2545 2214 psalmus
2579 2158 2590 2197 :
2625 2142 2892 2197 Adorale
2933 2141 3253 2197 scabellum
3292 2141 3511 2212 pedum
3543 2141 3674 2211 ejus.
3704 2138 3869 2203 Quaero

2279 2234 2420 2305 quid
2451 2233 2527 2286 sit
2558 2232 2884 2286 scabellum
2923 2231 3137 2299 pedum
3169 2231 3323 2301 ejus,
3361 2234 3418 2283 et
3448 2230 3582 2284 dicit
3611 2228 3734 2282 nihil
3759 2228 3875 2281 Scri-

2285 2327 2457 2393 ptura
2491 2339 2502 2375 :
2546 2321 2732 2376 Terra
2765 2326 2857 2375 est
2886 2319 3206 2373 scabellum
3227 2319 3446 2390 pedum
3483 2334 3737 2373 ineorum.
3768 2316 3871 2368 Flu-

2288 2416 2497 2466 ctuans
2519 2412 2799 2464 converto
2821 2423 2913 2462 me
2932 2408 3002 2461 ad
3023 2408 3342 2471 Christum,
3368 2408 3504 2477 quia
3524 2408 3702 2477 ipsum
3719 2418 3871 2475 quaero

2284 2501 2401 2567 hic,
2439 2502 2495 2552 et
2543 2499 2774 2552 invenio
2822 2497 3115 2567 quomodo
3147 2498 3275 2550 sine
3326 2497 3620 2566 impietate
3656 2495 3873 2547 adoretur

2282 2588 2597 2658 terra,sine
2612 2588 2902 2655 impietate
2926 2585 3202 2639 adoretur
3215 2585 3540 2638 scabellum
3558 2582 3746 2654 pedum
3759 2581 3870 2651 ejus:

2279 2676 2544 2745 suscepit
2572 2676 2727 2729 enim
2758 2676 2829 2728 de
2859 2678 3015 2727 terra
3048 2676 3283 2741 terram,
3316 2674 3458 2743 quia
3505 2689 3633 2726 caro
3661 2672 3723 2725 de
3758 2674 3870 2722 terra

2279 2771 2393 2833 est,
2420 2766 2677 2834 etipsam
2699 2779 2933 2817 carnem
2969 2762 3141 2816 nobis
3176 2761 3642 2816 manducandum
3669 2759 3730 2812 ad
3757 2756 3868 2810 salu-

2276 2860 2390 2909 tem
2416 2855 2603 2921 dedit;
2626 2868 2796 2906 nemo
2814 2855 3007 2905 autem
3022 2850 3179 2904 illam
3199 2865 3440 2904 carnem
3463 2850 3763 2915 manducat,
3789 2843 3869 2897 nisi

2277 2944 2445 3013 prius
2474 2942 2860 2997 adoraverit.»
2898 2940 2967 2993 Et
2998 2940 3171 3009 paulo
3202 2942 3337 3008 post
3372 2956 3383 2993 :
3424 2960 3446 2988 ι
3482 2938 3619 2992 Cum
3646 2934 3868 2989 dixisset:

2274 3033 2415 3087 Nisi
2428 3033 2558 3103 quis
2570 3031 2850 3085 manduca
2865 3030 3018 3083 verit
3032 3043 3272 3082 carnem
3286 3044 3605 3098 meanrnou
3620 3022 3869 3086 habebitin

2275 3136 2342 3175 se
2379 3123 2554 3175 vitam
2575 3127 2883 3184 aeternam,
2923 3117 3298 3172 scandalizati
3330 3120 3475 3171 sunt
3501 3114 3749 3184 discipuli
3775 3110 3882 3179 ejus-

2196 1839 2245 1901 Β

507 3203 650 3256 mini
680 3220 815 3258 esse
840 3207 1408 3275 communicandum,
1440 3213 1495 3261 et
1530 3210 1792 3262 suaviter
1812 3213 1984 3278 atque
2007 3208 2165 3261 utili-
2191 3193 2237 3253 Ο
2278 3211 2537 3282 quidam,
2562 3208 2933 3279 septuaginta
2959 3208 3162 3271 ferme,
3187 3210 3243 3259 et
3278 3206 3557 3260 dixerunt
3580 3221 3591 3258 :
3620 3204 3785 3258 Durus
3806 3201 3870 3251 est

509 3294 595 3345 ter
638 3294 1013 3348 recolendum
1061 3296 1117 3348 in
1162 3297 1571 3351 misericordia
1619 3297 1742 3365 [22].,
1786 3296 2164 3352 recolend’uln

507 3380 567 3432 in
599 3384 899 3454 memoria]
955 3385 1111 3453 quod
1163 3401 1300 3439 caro
1346 3386 1566 3439 Christi
1617 3402 1721 3455 pro
1766 3386 1943 3440 nobis
1976 3387 2163 3439 cruci-

509 3469 625 3523 ﬁxa
681 3474 737 3523 et
782 3473 1082 3525 vulnerata
1134 3475 1229 3526 sit.
1264 3474 1536 3527 Passieni
1597 3474 1891 3544 siquidem
1946 3475 2166 3528 Christi

509 3561 900 3613 communicat
923 3561 1021 3630 qui
1040 3576 1106 3614 se
1129 3563 1422 3633 cruciﬁgit
1437 3563 1650 3617 mundo
1671 3566 1725 3616 et
1743 3563 2171 3632 concupiscen-

509 3646 628 3713 tiis,
654 3651 715 3699 ut
744 3663 862 3700 non
885 3648 1277 3719 quodcunque
1312 3650 1454 3705 libet
1484 3652 1658 3705 faciat
1683 3669 1694 3705 :
1722 3652 1828 3705 sed
1860 3656 1915 3705 et
1953 3653 2170 3707 utiliter

508 3734 716 3787 recolit
744 3736 1082 3790 cruciﬁxum
1114 3743 1170 3792 et
1196 3739 1559 3793 vulneratam
1594 3757 1699 3810 pro
1725 3740 1898 3795 nobis
1933 3756 2167 3794 carnem

512 3821 873 3878 Dominicam
897 3826 997 3895 qui
1021 3827 1269 3895 proximi
1302 3830 1761 3883 necessitatibus
1792 3829 2168 3900 benigneim-

510 3911 712 3979 pendit
733 3914 1220 3981 misericordiam,
1252 3917 1596 3986 apponcndo
1619 3923 1674 3971 et
1699 3918 1827 3987 ipse
1852 3934 1956 3988 pro
1980 3918 2169 3970 fratri-

508 4000 887 4055 busanimam
910 4020 1133 4058 suam.»
1170 4006 1294 4059 lloc
1326 4006 1589 4075 profecto
1631 4007 1992 4078 signiﬁcare,
2036 4021 2168 4060 cum

506 4088 641 4143 talia
681 4090 903 4145 diceret
946 4093 1232 4161 praefatus
1278 4096 1501 4163 doctor,
1556 4096 1881 4149 utteuderat
1910 4110 2167 4149 commu-

508 4178 742 4233 nionem
776 4180 1157 4251 Dominicam,
1210 4199 1542 4253 quanquam
1590 4184 1915 4238 secundum
1945 4186 2169 4238 naturae

508 4269 864 4337 proprietam
913 4270 1056 4323 nihil
1095 4271 1250 4325 aliud
1300 4273 1377 4325 sit
1421 4273 1577 4342 quod
1640 4274 1961 4342 percipitur
1994 4288 2168 4343 quam

508 4371 649 4409 vera
677 4372 745 4409 ac
776 4360 1061 4413 naturalis
1083 4358 1303 4413 Christi
1333 4361 1528 4415 carnis
1561 4364 1616 4415 et
1647 4362 1960 4432 sanguinis
1992 4361 2170 4415 subs-

509 4445 705 4498 tantia.
754 4444 1009 4501 Proinde
1055 4450 1286 4518 quoties
1328 4450 1386 4501 in
1412 4450 1810 4504 voluminibus
1856 4450 2012 4504 beati
2049 4451 2170 4503 Au-

510 4533 1122 4603 gustiniDominicum
1164 4538 1506 4607 mysterium
1530 4540 1737 4610 ﬁgura,
1774 4539 1867 4593 vel
1905 4540 2165 4610 signum,

509 4621 637 4675 sive
659 4626 835 4693 typus
856 4625 1461 4697 reperiturappellari,
1496 4643 1610 4681 nun
1630 4628 1803 4682 debet
1825 4626 2167 4683 inconside-

508 4714 631 4765 rata
660 4714 983 4767 temeritate
1029 4715 1234 4785 accipi,
1269 4717 1376 4771 scd
1411 4717 1678 4788 diligenti
1715 4731 1893 4785 opera
1938 4731 2043 4769 cur
2092 4716 2170 4769 ita

506 4806 878 4872 nuncupatur
906 4803 1196 4871 ventilari,
1242 4806 1379 4875 quia
1409 4821 1616 4859 revera
1658 4806 1773 4859 sibi
1805 4804 1921 4873 ipsi
1968 4806 2167 4857 tantus

508 4890 715 4945 doctor
736 4892 1071 4946 contrarius
1095 4908 1233 4947 esse
1257 4895 1460 4964 nequit
1484 4909 1497 4963 ;
1532 4894 1586 4947 si
1616 4894 1770 4947 enim
1792 4909 1860 4948 ea
1880 4908 2014 4963 quae
2035 4890 2174 4944 alibi

508 4978 752 5047 dixerat,
787 4981 934 5034 alias
970 4980 1138 5035 aliter
1167 4982 1475 5036 sentiendo
1507 4983 1860 5048 destrueret,
1895 4979 2173 5051 praevari-

511 5071 767 5123 catorem
800 5085 867 5123 se
911 5069 1297 5139 proculdubio
1339 5071 1744 5137 constitueret,
1792 5086 1861 5124 ac
1911 5084 2017 5139 per
2061 5069 2175 5123 hoc

510 5155 896 5212 nullusdictis
923 5159 1057 5229 ejus
1071 5161 1517 5231 accommodare
1549 5160 1723 5214 ﬁdem
1755 5160 2020 5213 deberet.
2056 5158 2174 5211 Ve-

512 5259 641 5297 rum
672 5246 743 5297 de
774 5262 980 5302 errore
1013 5250 1303 5304 dictorum
1339 5249 1473 5320 ejus
1511 5250 1831 5303 auferenda
1866 5252 1954 5303 est
1984 5247 2175 5301 omnis

512 5333 775 5401 suspicio
827 5341 963 5405 post
1009 5353 1074 5391 ea
1110 5339 1328 5409 quibus
1367 5340 1604 5409 propria
1640 5339 1832 5409 ipsius
1873 5336 2179 5407 prospexit

512 5422 831 5491 correctio;
856 5428 911 5478 et
949 5425 1204 5497 diligens
1232 5443 1602 5499 Operosaque
1637 5427 1969 5482 adhibenda
1991 5428 2175 5479 inten-

512 5513 611 5583 tio,
637 5528 705 5567 ac
735 5514 1020 5583 locorum,
1040 5516 1099 5569 in
1131 5518 1350 5587 quibus
1369 5518 1600 5572 videtur
1617 5518 1853 5573 diversa
1870 5517 2181 5588 posuisse:

512 5602 780 5663 facienda
805 5602 1128 5674 diseussio,
1160 5620 1232 5660 ne
1249 5607 1363 5659 alia
1380 5607 1747 5682 accipiantur
1762 5622 1869 5681 pro
1891 5608 2045 5678 aliis,
2073 5609 2181 5662 sed

2281 3302 2379 3355 hic
2399 3314 2626 3362 sermo;
2669 3298 2797 3368 quis
2809 3301 3008 3367 potest
3035 3295 3196 3348 illum
3214 3294 3596 3365 intelligere?
3627 3292 3695 3344 Et
3719 3300 3865 3341 reces-

2280 3394 2491 3445 serunt
2520 3387 2594 3441 ab
2623 3402 2708 3453 eo,
2735 3390 2795 3439 et
2824 3384 3072 3455 amplius
3102 3400 3212 3437 non
3235 3399 3363 3437 cum
3384 3399 3453 3438 eo
3474 3378 3869 3436 ambulaverunt.

2284 3479 2505 3531 Durum
2527 3475 2643 3528 illis
2666 3475 2860 3527 visum
2895 3472 3165 3544 estquod
3192 3472 3267 3525 ait
3290 3471 3466 3526 :Nisi
3484 3471 3610 3542 quis
3627 3465 3869 3521 manduca-

2286 3566 2443 3620 verit
2473 3580 2709 3618 carnem
2732 3578 2938 3629 meam,
2976 3577 3088 3615 nou
3118 3560 3365 3614 habebit
3407 3561 3579 3613 vitam
3606 3561 3869 3611 (elerum:

2281 3655 2635 3724 acceperunt
2656 3651 2794 3704 illud
2809 3649 3326 3718 stulte,carnaliter
3343 3648 3487 3701 illud
3505 3642 3865 3716 cogitaverunt,

2281 3747 2338 3797 et
2366 3744 2717 3812 putaverunt
2739 3738 2893 3809 quod
2917 3738 3283 3807 praecisurus
3318 3740 3486 3791 esset
3508 3734 3759 3788 Dominus
3778 3741 3868 3797 par-

2283 3832 2494 3886 ticulas
2525 3829 2809 3900 quasdam
2855 3827 2926 3880 de
2958 3841 3205 3895 corpore
3237 3841 3369 3891 suo,
3412 3828 3469 3879 et
3505 3824 3726 3876 daturus
3752 3816 3864 3875 illis;

2283 3920 2558 3974 dixerunt
2583 3934 2594 3971 :
2623 3918 2814 3970 Durus
2837 3921 2925 3969 est
2951 3915 3047 3968 hic
3070 3930 3281 3967 sermo.
3310 3914 3431 3982 lpsi
3449 3916 3600 3967 erant
3634 3906 3761 3967 duri,
3783 3917 3864 3956 non

2282 4023 2499 4062 sermo.
2528 4006 2753 4060 Etenim
2775 4005 2825 4058 si
2845 4004 2977 4058 duri
3000 4018 3115 4057 non
3145 4006 3369 4071 essent,
3393 4003 3497 4056 sed
3520 3999 3678 4053 mites
3694 3996 3865 4053 essent,

2282 4096 2673 4150 dicerentsibi
2694 4110 2704 4147 :
2729 4094 2859 4147 Non
2884 4093 3012 4146 sine
3031 4106 3209 4146 causa
3233 4091 3344 4144 hoc
3366 4087 3658 4157 dicit,uisi,
3682 4083 3791 4155 quia
3803 4080 3867 4132 est

2281 4183 2614 4254 ibialiquod
2648 4184 3077 4236 sacramentum
3111 4179 3333 4242 latens;
3368 4178 3661 4231 manerent
3678 4186 3784 4225 cum
3798 4165 3865 4219 illo

2280 4274 2446 4328 lenes
2478 4287 2594 4326 non
2616 4271 2767 4338 duri,
2793 4274 2854 4324 ut
2883 4270 3181 4323 discerent
3210 4269 3282 4322 ab
3313 4267 3435 4337 illo,
3459 4265 3626 4337 quod,
3649 4261 3749 4315 illis
3773 4256 3864 4310 dis-

2280 4362 2649 4427 cedentibus,
2674 4360 2775 4430 qui
2796 4362 3211 4413 remanserunt
3243 4356 3587 4410 didicerunt.
3618 4351 3747 4405 Nam
3770 4355 3865 4398 cum

2276 4436 2711 4506 remansissent
2730 4447 3038 4501 duodecim
3063 4445 3483 4514 discipuli,illis
3502 4434 3865 4496 recedentibus,

2278 4540 2723 4611 suggesserunt
2744 4536 2823 4588 illi
2847 4541 3119 4605 tanquam
3135 4534 3405 4588 dolentes
3420 4533 3642 4585 illorum
3655 4526 3862 4581 mortem,

2279 4628 2435 4700 quod
2458 4624 2837 4680 scandalizati
2862 4623 2981 4677 sint
3015 4624 3072 4675 iu
3094 4636 3368 4676 sermone
3388 4620 3539 4691 ejus,
3563 4621 3617 4671 et
3649 4621 3862 4700 reccssei

2278 4696 2523 4771 rintJlle
2536 4716 2731 4769 autem
2748 4712 3027 4767 instruxit
3039 4711 3194 4780 illos,
3210 4712 3267 4765 et
3281 4712 3357 4764 ait
3385 4709 3501 4762 illis
3521 4722 3532 4761 :
3552 4702 3780 4776 Spiritus
3801 4696 3863 4747 est

2277 4807 2375 4878 qui
2415 4802 2697 4873 viviﬁcat,
2738 4817 2876 4856 caro
2905 4806 3097 4854 autem
3148 4814 3261 4853 non
3297 4798 3545 4869 prodest
3576 4791 3862 4878 quidquam}

2284 4875 2465 4948 verba
2497 4909 2622 4964 quae
2650 4890 2877 4945 locutus
2908 4905 3035 4943 sum
3064 4887 3251 4954 vobis,
3276 4887 3529 4957 spiritus
3550 4890 3605 4937 et
3629 4880 3728 4932 vita
3745 4875 3859 4964 sun!-

2275 4961 2998 5052 Spiritualitcrintelligite
3029 4977 3186 5048 quod
3214 4976 3447 5030 locutus
3479 4988 3622 5039 sum,
3645 4961 3860 5060 namhoc.

2276 5086 2513 5142 θοιῬιιει
2536 5070 2693 5140 quod
2710 5068 2943 5135 videtis,
2978 5065 3382 5120 manducaturi
3414 5063 3572 5128 estis,
3607 5064 3654 5112 ct
3677 5052 3861 5142 bibitur!

2278 5137 2651 5231 sanguinem,
2672 5173 2844 5228 quem
2859 5156 3053 5210 fusuri
3079 5159 3215 5209 sunt
3230 5154 3313 5207 illi
3337 5154 3431 5223 qui
3448 5166 3536 5205 me
3559 5137 3856 5237 cruciﬁgtnl-

2279 5230 2718 5303 Sacramentum
2738 5246 2908 5300 vobis
2945 5244 3181 5315 aliquod
3201 5237 3613 5304 commendavi,
3648 5230 3857 5315 spiritua-

2278 5340 2411 5394 liter
2440 5339 2798 5393 intellectum
2829 5351 2940 5390 vos
2972 5310 3312 5403 viviﬁcabit,
3346 5338 3400 5387 et
3433 5319 3481 5385 si
3516 5310 3855 5412 necessei-ll‘ud

2280 5428 2597 5483 visibiliter
2645 5424 2961 5492 celebrari,
3017 5427 3243 5492 Oportet
3318 5427 3500 5475 tamen
3550 5404 3857 5495 invisibiltlel

2282 5517 2584 5587 intelligi.»
2634 5515 2783 5579 Quid
2828 5514 2941 5568 hoc
2993 5513 3275 5583 apertius,
3321 5511 3428 5565 hoc
3471 5503 3679 5578 planius
3718 5494 3855 5587 polit“

2283 5606 2399 5660 dici
2416 5608 2445 5659 ε)
2471 5584 2637 5659 illoc
2660 5618 2899 5675 corpus,
2915 5602 3072 5675 quod
3090 5601 3327 5671 videtis,
3343 5587 3710 5654 manducaturi
3727 5584 3853 5637 estis.

2196 4550 2233 4601 εξ
