4048 6164
268 300 427 363 1413

1032 297 1287 359 LIBER
1325 296 1435 358 DE
1475 295 1871 359 CORPORE
1917 295 2020 356 ET
2062 294 2493 359 SANGUINE
2542 294 2906 359 CHRISTI.

3541 295 3698 361 1414

239 501 1130 572 etbibiturisanguinem,quem
1149 497 1341 552 fusuri
1365 501 1503 552 sunt
1532 498 1630 569 qui
1656 514 1746 552 me
1778 515 1909 553 cru-
1937 483 2008 545 ι’
2024 497 2247 552 Christi
2279 501 2335 552 et
2365 497 2641 569 sanguini
2675 498 2773 569 qui
2817 514 2922 567 per
2969 499 3309 567 passionem
3370 500 3544 556 fusus
3575 506 3690 573 est,

239 589 501 660 ciﬁgent.
528 612 549 637 »
591 588 699 640 Hic
731 587 876 640 nihil
906 586 1255 656 ambiguum
1305 589 1426 653 est,
1460 586 1604 639 nihil
1637 586 1794 655 quod
1825 601 1914 638 ac-

240 677 359 746 ippi
395 676 585 730 valeat
612 676 778 729 aliter
807 691 979 746 quam
1025 690 1243 744 corpus
1288 674 1430 728 illud
1486 675 1716 728 Domini
1756 675 1912 745 quod

245 766 564 820 videbatur
595 764 1105 833 comedendum,et
1135 764 1425 835 sanguine
1453 764 1550 834 qui
1572 763 1909 818 fundendus

240 857 368 908 erat
399 854 740 908 bibendum.
789 854 912 907 Hoc
940 853 1112 923 plane
1144 858 1235 906 est
1273 853 1430 923 quod
1460 854 1588 922 ipse
1622 854 1908 907 Dominus

241 943 417 996 dixit:
445 965 466 988 u
488 942 750 1012 Accipite
781 945 837 996 et
859 941 1165 1009 comedite,
1189 941 1299 995 hoc
1330 944 1420 995 est
1451 957 1669 1011 corpus
1687 957 1902 1011 meum,

240 1032 403 1102 quod
422 1047 529 1100 pro
558 1032 731 1085 vobis
752 1031 1014 1086 tradetur
1038 1047 1052 1100 ;
1077 1030 1173 1084 hic
1192 1030 1441 1102 sanguis
1471 1031 1569 1101 qui
1601 1046 1707 1101 pro
1730 1030 1904 1084 vobis

242 1119 593 1173 effundatur.
614 1144 635 1165 »
662 1119 776 1174 Sed
804 1120 874 1173 ad
907 1120 1214 1189 superiora
1250 1119 1561 1173 redeamus
1588 1134 1599 1173 :
1640 1140 1661 1167 «ι
1689 1118 1905 1172 Susce-

242 1209 343 1276 cit,
376 1208 583 1279 inquit,
616 1208 891 1262 Christus
922 1208 994 1262 de
1024 1213 1180 1262 terra
1198 1212 1431 1277 terram,
1466 1208 1600 1278 quia
1629 1224 1768 1262 caro
1792 1209 1905 1261 ter-

236 1312 305 1349 ra
335 1299 444 1365 est,
479 1300 535 1351 et
565 1298 755 1367 ipsam
774 1297 947 1351 nobis
980 1312 1096 1351 non
1127 1298 1299 1350 aliam
1328 1297 1520 1367 plane,
1558 1297 1664 1351 sed
1716 1296 1905 1366 ipsam

236 1399 416 1454 quam
449 1386 717 1454 suscepit
746 1385 818 1438 de
848 1390 1004 1439 terra
1037 1385 1210 1439 nobis
1259 1401 1501 1439 carnem
1547 1386 1621 1439 ad
1652 1385 1902 1438 mandu-

237 1472 580 1540 candum,et
608 1473 680 1527 ad
712 1474 961 1527 salutem
988 1474 1165 1527 dedit.
1192 1497 1214 1520 ι»
1242 1473 1396 1528 Ecce
1427 1474 1582 1544 quod
1616 1473 1755 1527 alibi
1776 1488 1905 1527 cer-

236 1565 315 1614 tae
346 1562 534 1631 gratia
566 1562 811 1616 rationis
844 1562 1094 1633 ﬁguram
1116 1563 1275 1630 dicit,
1300 1566 1357 1617 et
1387 1563 1625 1633 signum
1657 1562 1754 1615 hic
1778 1577 1905 1615 car-

237 1665 374 1702 nem
423 1649 646 1703 Christi
697 1651 767 1704 de
829 1655 985 1705 terra
1030 1653 1322 1720 sumptam
1349 1654 1546 1720 aperte
1567 1649 1906 1720 pronuntiat

241 1738 436 1792 datam
484 1739 658 1793 nobis
708 1740 779 1793 ad
839 1741 1327 1809 manducandum,
1372 1756 1479 1794 nec
1538 1740 1711 1793 aliam
1759 1753 1903 1793 sane

2026 587 2435 656 communicat,
2461 587 2633 641 debet
2654 588 2705 640 ei
2738 587 3107 656 participare,
3144 592 3199 642 et
3238 604 3345 658 per
3394 590 3692 646 sinceram

2025 676 2085 728 in
2126 676 2429 745 proximos
2477 675 2923 747 benignitatem,
2964 679 3019 729 et
3049 679 3457 746 compatiuntis
3513 674 3692 733 animi

2027 764 2395 818 suavitatem.
2419 765 2543 817 Hoc
2576 764 2789 835 quippe
2822 767 2915 818 est
2943 765 3099 835 quod
3138 765 3530 837 Augustimus
3565 770 3642 822 ait
3678 785 3690 823 :

2033 874 2055 902 α
2092 854 2312 924 Figura
2342 869 2485 924 ergo
2518 857 2609 907 est
2636 854 2989 922 praecipiens
3011 854 3525 924 passioniDomini
3549 872 3686 912 esse

2032 942 2599 1008 communicandum,
2636 946 2692 996 et
2738 943 3017 1011 suaviter,
3051 944 3224 1013 atque
3260 943 3480 998 utiliter
3520 961 3693 999 reco-

2032 1031 2265 1085 lendum
2296 1031 2355 1085 in
2387 1032 2686 1102 memoria,
2720 1031 2876 1102 quod
2925 1047 3062 1086 caro
3084 1030 3307 1086 Christi
3364 1050 3469 1103 pro
3520 1034 3695 1089 nobis

2029 1121 2311 1175 crucifixa
2335 1122 2411 1175 sit
2443 1124 2498 1175 et
2527 1120 2847 1175 vulnerata.
2888 1144 2908 1169 ››
2954 1121 3039 1174 Ac
3069 1121 3122 1174 si
3154 1121 3424 1176 deceret:
3460 1123 3691 1177 Veritas

2026 1211 2263 1280 quidem
2293 1213 2383 1264 est
2412 1210 2569 1280 quod
2592 1211 2646 1263 in
2691 1212 3059 1263 sacramento
3092 1210 3511 1280 percipitur,ac
3550 1227 3692 1265 vera

2028 1315 2165 1354 caro
2194 1315 2492 1370 verasque
2522 1299 2768 1370 sanguis
2793 1299 2946 1370 quod
2968 1300 3249 1365 sumitur;
3285 1302 3687 1354 verumtamen

2028 1388 2219 1457 ipsius
2241 1388 2505 1442 veritatis
2523 1389 2802 1457 indiculo,
2826 1403 3013 1442 necne
3035 1387 3339 1458 passionis
3359 1388 3685 1442 Dominicee

2022 1493 2155 1548 quae
2176 1477 2393 1532 ibidem
2414 1477 2989 1546 recolitur,excmplo
3003 1479 3408 1530 commonetur
3425 1476 3687 1530 omnium

2017 1566 2461 1635 percipientium
2494 1566 2813 1633 devotio,ut
2841 1566 2910 1618 ad
2940 1565 3099 1619 illius
3131 1565 3287 1636 Agni
3327 1580 3433 1635 per
3459 1566 3687 1636 simpli-

2019 1655 2107 1708 cis
2165 1656 2299 1708 vitze
2358 1656 2626 1709 meritum
2674 1656 2985 1709 contendat
3015 1655 3426 1721 innocentiam,
3460 1669 3528 1708 ac
3568 1669 3675 1723 per

2017 1744 2452 1813 compassionis
2484 1743 2759 1797 fraternae
2791 1743 3280 1810 misericordiam,
3322 1742 3454 1812 ejus
3486 1741 3667 1797 suffe-

234 1843 414 1898 quam
444 1844 576 1898 quae
605 1828 676 1882 de
709 1829 952 1900 Virgine
983 1832 1115 1883 nata
1141 1834 1511 1899 est,quzeque
1545 1829 1742 1883 crucis
1767 1844 1904 1882 sus-
1938 1858 1989 1920 Β
2016 1833 2220 1886 rentiae
2243 1832 2549 1886 mmulelur
2577 1833 2849 1903 vestigia,
2884 1832 2984 1902 qui
3014 1848 3119 1901 pro
3144 1832 3317 1886 nobis
3335 1848 3443 1885 nec
3466 1848 3675 1901 oppro-

234 1917 515 1985 pendium
550 1932 835 1987 perpessa
869 1920 979 1987 est,
1015 1934 1147 1988 quae
1184 1918 1401 1971 aethera
1434 1917 1782 1985 transmisit,
1813 1920 1902 1970 at-

234 2020 355 2075 que
375 2006 432 2058 in
462 2009 703 2075 paterna
737 2007 878 2061 sede
910 2007 1095 2060 locata
1125 2007 1197 2060 ad
1219 2007 1403 2061 decus
1439 2007 1707 2061 humanae
1738 2008 1904 2060 natu-

240 2095 506 2148 raeorbis
538 2096 844 2165 imperium
874 2112 979 2165 pro
993 2096 1234 2150 arbitrio
1259 2097 1537 2165 disponit,
1561 2096 1776 2149 divinae
1797 2112 1905 2165 per

232 2183 435 2240 omnia
483 2199 732 2238 consors
782 2184 1141 2256 majestatis;
1174 2185 1315 2239 nulli
1371 2185 1619 2239 ulterius
1650 2184 1904 2239 obnoxia

234 2274 765 2343 corruptioni,quaa
795 2289 864 2327 eo
879 2277 1181 2327 sumentes
1201 2290 1267 2329 se
1288 2274 1902 2343 provehit,ut,devicta

234 2361 591 2432 quandoque
624 2363 892 2417 molestia
920 2368 1144 2417 naturae
1174 2364 1458 2431 mortalis,
1494 2366 1805 2416 consortes
1842 2366 1897 2415 et

228 2451 552 2518 participes
576 2452 1192 2521 promereanturefﬁci
1220 2450 1890 2506 beatzeimmortalitatis.

236 2538 300 2591 In
327 2554 452 2592 suae
484 2539 667 2609 igitur
684 2541 1018 2609 persistens
1050 2540 1404 2611 integritatis
1427 2538 1891 2611 incorruptione,

230 2626 385 2679 nihil
417 2632 622 2681 nostro
655 2628 794 2682 vitio
824 2630 939 2698 pati
1001 2628 1259 2683 creditur
1304 2612 1703 2697 corruptibile,
1762 2627 1897 2681 licet

232 2717 461 2769 visibili
490 2719 769 2787 mysterio
802 2724 1022 2772 nostrae
1064 2717 1333 2772 videatur
1362 2718 1559 2772 officio
1591 2716 1896 2771 servitutis

228 2822 353 2859 non
377 2806 854 2860 deesse.Veritas
877 2823 1020 2878 ergo
1042 2807 1332 2861 credenda
1357 2809 1526 2861 estin
1546 2807 1901 2876 proprietate

233 2895 675 2965 substantiae,et
690 2897 1006 2950 smceritas
1026 2896 1082 2949 in
1104 2897 1295 2965 ipsius
1312 2897 1665 2950 sacramenti
1686 2889 1905 2950 inaesti-

233 2984 439 3037 mabili
470 2984 771 3054 dignitate,
805 3000 873 3038 ac
903 2986 993 3039 sic
1014 3001 1157 3039 vera
1180 3001 1318 3040 caro
1339 3001 1636 3055 verusque
1654 2986 1902 3057 sanguis

231 3072 544 3127 sentienda
574 3076 713 3126 sunt
735 3074 863 3127 sine
887 3074 1557 3144 qualibetcorruptione,
1584 3075 1901 3143 licetpanis

186 3160 203 3171 ⁹
237 3178 310 3215 ac
342 3162 460 3214 vini
482 3163 717 3231 species
738 3162 1169 3232 dispensatoris
1183 3166 1484 3216 reservata
1499 3162 1903 3216 ministrorum

233 3250 535 3304 devotioni
574 3250 1318 3321 famuleturtemporaneze,
1356 3267 1470 3321 qua
1513 3255 1809 3321 percepta,
1845 3256 1902 3305 et

235 3341 370 3409 ipsa
394 3340 451 3391 in
475 3356 583 3393 nos
615 3347 663 3393 ct
690 3356 799 3394 nos
831 3341 946 3409 ipsi
966 3340 1605 3395 mereamurinChristi
1637 3342 1900 3395 membra

228 3427 664 3497 transformari,
700 3445 806 3498 per
834 3430 1140 3483 veritatem
1158 3430 1432 3484 videlicet
1455 3432 1899 3484 communicata)

230 3517 508 3586 utrinque
540 3520 785 3584 naturae,
812 3522 1031 3571 nostrae
1064 3519 1290 3572 scilicet
1322 3535 1388 3572 ac
1421 3536 1568 3589 sum,
1601 3536 1772 3589 quam
1807 3520 1899 3573 di-

230 3609 451 3676 gnatus
511 3607 601 3659 est
658 3622 730 3659 ex
786 3607 959 3660 nobis
989 3607 1230 3676 habere,
1267 3610 1327 3661 ut
1358 3607 1515 3662 illius
1547 3624 1656 3661 nos
1680 3608 1899 3662 efﬁciat

230 3692 573 3761 participes,
604 3696 659 3746 et
690 3694 862 3748 modo
894 3698 1210 3766 utcunque,
1246 3700 1300 3749 ct
1332 3695 1444 3749 hoc
1478 3698 1722 3765 remoto,
1758 3712 1897 3766 per-

229 3780 449 3834 fectius
481 3782 852 3853 quandoque,
886 3782 944 3836 in
985 3799 1099 3853 qua
1130 3799 1369 3851 semper
1398 3788 1592 3838 manet
1623 3785 1694 3839 de
1728 3784 1897 3840 Patre

230 3872 408 3938 atque
439 3869 497 3922 in
529 3869 716 3923 Patre.
736 3869 996 3934 Quanam
1028 3875 1220 3926 autem
1253 3873 1476 3928 ratione
1508 3879 1751 3928 sanctus
1782 3875 1895 3944 vir,

227 3957 336 4028 qui
366 3972 599 4012 carnem
628 3959 699 4012 de
731 3964 888 4013 terra
908 3959 1207 4015 Christum
1227 3964 1343 4015 tam
1362 3962 1671 4017 manifeste
1691 3964 1895 4018 defini-

226 4046 319 4099 vit
346 4050 1025 4119 assumpsisse,eamque
1044 4051 1215 4105 nobis
1248 4051 1320 4104 ad
1348 4052 1815 4107 manducandum
1837 4057 1894 4107 et

224 4135 303 4189 ad
338 4136 585 4190 salutem
617 4137 873 4191 insinuat
903 4140 1249 4207 contulisse,
1293 4144 1497 4194 contra
1548 4157 1716 4195 suam
1748 4158 1889 4196 sen-

228 4223 473 4277 tentiam
504 4226 688 4295 potuit
729 4228 896 4281 aliter
945 4228 1102 4296 alibi,
1136 4230 1291 4300 quod
1323 4227 1509 4284 absit!
1570 4231 1803 4286 docere.
1838 4235 1894 4285 et

225 4328 308 4366 ex
338 4313 583 4383 abrupto
614 4314 981 4370 Dominicum
1013 4322 1447 4372 sacramentum
1480 4320 1730 4390 figuram
1748 4321 1893 4374 dun-

223 4404 390 4455 taxat
421 4405 516 4455 aut
547 4402 803 4474 signum,
828 4405 1088 4475 nihilque
1119 4406 1273 4460 aliud
1303 4422 1461 4474 esse,
1497 4408 1896 4477 imprudenter

230 4494 411 4560 atque
469 4491 642 4559 impie
698 4492 1090 4563 dogmatizare
1112 4495 1139 4546 ‘?
1169 4495 1438 4548 Attamen
1476 4496 1710 4550 Veritas
1743 4498 1893 4567 ipsa,

1939 3217 1990 3279 C

224 4578 451 4648 aliquid
486 4595 592 4648 per
621 4581 965 4651 mysterium
995 4583 1167 4636 nobis
1197 4584 1491 4654 agendum
1518 4588 1695 4639 notat.
1729 4586 1896 4640 Unde
1930 4575 1983 4636 D

225 4667 592 4757 Apostolps:
632 4668 968 4741 Quicunque
1022 4672 1391 4726 manducetis
1452 4674 1606 4728 hunc
1657 4691 1889 4745 panem,

227 4756 489 4809 mortem
504 4756 739 4810 Domini
768 4761 1154 4815 annuntiatis.
1190 4760 1260 4815 Et
1307 4762 1551 4818 Petrus:
1589 4764 1887 4834 Christus,

224 4844 439 4913 inquit,
470 4860 683 4914 passus
701 4854 809 4912 est,
863 4848 1029 4904 vobis
1059 4850 1404 4923 relinquens
1450 4853 1798 4925 exemplum,
1836 4861 1896 4908 ut

223 4934 563 5002 sequamini
597 4938 848 5007 vestigia
865 4938 1010 5009 ejus.

300 5019 514 5074 XXIV.
550 5021 699 5077 Ecce
762 5025 1021 5096 signum.
1080 5043 1219 5082 ecce
1274 5030 1463 5101 figura
1506 5048 1681 5103 quam
1709 5033 1895 5109 tangit

221 5110 906 5182 Augustinus,videlicet
938 5122 995 5170 ut
1025 5120 1354 5190 sequamini
1387 5121 1639 5194 vestigia
1670 5108 1910 5194 ejus,ifd

218 5200 340 5265 est,
367 5201 428 5251 ut
456 5201 554 5269 qui
580 5201 820 5256 creditis
852 5205 911 5257 in
946 5221 1078 5259 eum
1109 5207 1240 5277 fide,
1279 5225 1451 5279 quem
1483 5215 1537 5264 et
1573 5213 1809 5266 sumitis
1842 5213 1900 5266 in

222 5301 481 5355 corpore
514 5304 623 5343 suo
652 5306 719 5344 ac
750 5295 1060 5364 sanguine,
1099 5297 1405 5352 imitemini
1437 5300 1600 5355 illum
1651 5317 1898 5371 operum

219 5376 520 5431 bonorum
569 5383 951 5437 exsecutione
983 5389 1037 5439 et
1095 5402 1322 5441 morum
1358 5390 1734 5446 sinceritate:
1789 5393 1900 5459 Qui

215 5470 528 5554 peccatum
545 5483 655 5521 non
669 5469 953 5540 fecit,nec
967 5474 1134 5530 dolus
1148 5476 1207 5529 iu
1222 5482 1429 5533 ventus
1442 5481 1607 5534 estin
1627 5498 1731 5536 ore
1746 5483 1893 5554 ejus.

226 5551 484 5616 Quicum
506 5557 967 5617 malediceretur
1001 5580 1111 5618 non
1142 5566 1554 5638 mulcdicebat,
1591 5588 1717 5624 cum
1733 5551 1894 5642 pate-

230 5644 415 5694 relur
442 5658 553 5697 non
572 5649 1056 5708 comminabatur.
1109 5654 1453 5728 Quicunque
1471 5658 1626 5714 enim
1648 5662 1888 5732 corpori

2015 1921 2276 1975 briorum
2335 1920 2740 1987 contumelias,
2774 1937 2881 1974 nec
2914 1921 3260 1990 passionum
3337 1919 3557 1990 refugit
3596 1920 3685 1974 in-

2009 2008 2227 2078 jurias,
2289 2012 2344 2060 et
2395 2007 2668 2062 omnibus
2710 2010 2823 2061 tam
2856 2007 3236 2062 credentibus
3276 2023 3449 2077 quam
3482 2009 3685 2061 incre-

2017 2097 2172 2152 dulis
2192 2096 2495 2167 singulare
2511 2097 2713 2151 mortis
2738 2112 2863 2150 suae
2878 2096 3481 2167 dignantcrimpendit
3494 2111 3688 2151 reme--

2020 2188 2201 2250 dium,
2237 2203 2307 2238 ac
2352 2188 2488 2239 vitae
2516 2185 2852 2254 procuravit
2905 2184 3276 2238 beneficium.
3312 2184 3476 2248 Quod
3522 2186 3597 2238 ita
3620 2200 3685 2239 se

2020 2275 2173 2329 idem
2188 2274 2392 2327 doctor
2437 2289 2547 2328 nec
2577 2273 2743 2326 aliter
2768 2272 3015 2326 affirmat
3048 2272 3312 2340 profecto
3338 2273 3684 2327 sensissein

2020 2362 2395 2434 praecedenti,
2450 2362 2507 2414 id
2540 2363 2631 2414 est
2660 2363 2719 2414 in
2751 2359 3012 2414 secundo
3051 2361 3132 2413 De
3164 2360 3432 2414 doctrina
3459 2359 3672 2414 Chris-

2021 2453 2176 2506 tiana
2216 2452 2366 2505 ltbl‘O
2391 2449 2837 2521 liquidius,dum
2865 2449 3004 2502 dicit
3034 2448 3185 2502 inter
3216 2452 3455 2502 caetera:
3496 2448 3674 2502 «Nam

2021 2544 2199 2595 OdUl‘t:
2234 2540 2514 2611 unguenti
2548 2539 2831 2593 Dominus
2863 2552 2978 2608 quo
3036 2536 3264 2606 perfusi
3319 2540 3456 2591 sunt
3486 2537 3667 2606 pedes

2021 2629 2154 2700 ejus
2205 2630 2443 2699 signum
2502 2628 2734 2698 aliquod
2791 2627 2969 2696 dedit,
3014 2629 3069 2680 et
3127 2629 3497 2680 sacramento
3540 2641 3678 2679 cor—

2021 2719 2183 2788 poris
2220 2722 2276 2771 et
2332 2718 2642 2788 sanguinis
2700 2717 3062 2785 praegustato
3111 2714 3470 2785 significavit
3520 2713 3680 2785 quod

2021 2807 2222 2861 voluit.
2263 2831 2283 2854 »
2337 2807 2397 2859 In
2438 2822 2554 2877 quo
2584 2807 2712 2859 loco
2745 2803 2918 2857 simul
2965 2804 3157 2872 posita
3214 2803 3351 2856 licet
3378 2803 3677 2873 advertas,

2019 2896 2257 2950 odorem
2292 2895 2594 2967 unguenti,
2628 2893 2785 2964 quod
2815 2896 2872 2946 et
2922 2907 3127 2945 verum
3159 2892 3487 2945 secundum
3530 2907 3669 2962 ges-

2019 2989 2210 3039 torum
2243 2985 2418 3038 ﬁdem
2450 2983 2575 3051 fuit,
2621 2986 2675 3035 ct
2704 2984 2896 3035 tamen
2927 2981 3083 3036 aliud
3128 2979 3294 3050 juxta
3324 2980 3677 3050 tropologiae

2016 3076 2301 3128 rationem
2330 3071 2708 3143 significavit,
2743 3074 2799 3124 et
2826 3069 3114 3123 Dominici
3137 3067 3492 3123 sacramenti
3522 3083 3679 3136 prae-

2017 3163 2430 3234 gustationem,
2465 3162 2521 3214 id
2570 3163 2680 3229 est,
2716 3159 2986 3229 corporis
3018 3162 3072 3211 et
3112 3157 3423 3229 sanguinis
3453 3154 3675 3209 Christi

2014 3252 2472 3322 perceptionem,
2494 3266 2626 3320 quae
2671 3248 3052 3302 nihilominus
3078 3246 3248 3317 juxta
3280 3245 3674 3316 integritatem

2016 3354 2217 3395 rerum
2251 3355 2391 3394 vera
2450 3353 2589 3393 esse
2638 3340 2887 3405 constat,
2922 3339 2977 3390 et
3005 3338 3199 3389 tamen
3228 3352 3260 3388 a
3293 3332 3674 3404 signiﬁcatio-

2019 3430 2114 3483 nis
2136 3428 2324 3500 gratia
2374 3444 2488 3482 non
2520 3430 2745 3480 vacant.
2792 3425 2958 3479 Unde
2990 3427 3045 3478 et
3073 3424 3213 3477 alibi
3244 3424 3315 3477 de
3346 3437 3675 3476 sacramen-

2019 3518 2262 3573 tisferia
2293 3516 2554 3571 secunda
2608 3514 2858 3569 Paschae
2918 3514 3227 3583 disputans
3278 3513 3390 3565 ait:
3429 3533 3450 3557 α
3513 3509 3678 3563 Unus

2012 3609 2206 3679 panis,
2279 3624 2448 3660 unum
2514 3620 2727 3676 corpus
2774 3602 2944 3656 multi
3000 3617 3218 3670 sumus,
3251 3615 3562 3671 omnesque
3607 3598 3681 3653 de

2022 3713 2290 3768 unopane
2304 3696 2441 3750 etde
2457 3710 2572 3748 uno
2592 3693 2773 3747 calice
2794 3692 3239 3762 participamus,
3264 3690 3400 3760 quia
3432 3688 3679 3759 quipas-

2018 3801 2124 3839 sus
2156 3790 2248 3838 est
2276 3800 2382 3854 pro
2398 3784 2590 3849 nobis,
2626 3779 3057 3835 commendavit
3075 3778 3455 3833 nobisinisto
3472 3791 3677 3831 sacra-

2014 3877 2210 3929 mento
2255 3888 2472 3942 corpus
2530 3886 2705 3925 suum
2761 3872 2817 3923 et
2872 3868 3245 3939 sanguinem,
3309 3867 3464 3937 quod
3504 3865 3678 3919 etiam

2016 3964 2153 4019 fecit
2185 3965 2241 4017 et
2266 3976 2376 4016 nos
2409 3961 2605 4030 ipsos;
2639 3973 2773 4010 nam
2807 3960 2865 4011 et
2894 3971 3004 4010 nos
3054 3971 3274 4024 corpus
3316 3955 3506 4024 ipsius
3538 3953 3675 4007 facti

2017 4066 2246 4117 sumus,
2280 4048 2386 4103 sed
2416 4064 2521 4117 per
2543 4043 3013 4100 misericordiam
3042 4043 3253 4111 ipsius.
3288 4043 3419 4096 Non
3451 4041 3674 4107 fuistis,

2015 4146 2072 4196 et
2102 4140 2285 4195 creati
2314 4137 2560 4205 estis,ad
2575 4150 2770 4188 aream
2784 4130 3452 4199 Dominicamdeportati
3473 4129 3620 4182 estis
3645 4145 3676 4181 a

2014 4228 2423 4285 laborantibus
2452 4227 2691 4291 bonum,
2726 4222 2784 4276 id
2822 4225 2914 4275 est
2960 4218 3447 4274 annuntiantibus
3478 4216 3676 4271 Evan-

2012 4321 2255 4392 gelium,
2306 4315 2555 4370 triturati
2613 4311 2781 4381 estis,
2842 4308 3110 4379 ccepistis
3168 4307 3305 4361 moli
3336 4304 3589 4376 jejuniis
3620 4308 3676 4359 et

2012 4406 2400 4475 exorcismis;
2432 4405 2638 4474 postea
2669 4401 2739 4454 ad
2771 4414 2982 4470 aquam
3010 4396 3347 4464 venistis,et
3362 4395 3677 4463 conspersi

2009 4499 2179 4566 estis,
2210 4499 2265 4552 et
2303 4509 2482 4548 unum
2538 4490 2673 4544 facti
2706 4490 2872 4555 estis,
2926 4486 3241 4541 accedente
3266 4485 3504 4539 fervore
3535 4481 3675 4552 Spi-

2011 4590 2160 4643 ritus
2221 4583 2411 4639 sancti
2461 4580 2615 4635 cocti
2673 4578 2841 4645 estis,
2874 4579 2931 4630 et
2960 4576 3132 4646 panis
3164 4573 3506 4629 Dominicus
3542 4570 3678 4624 facti

2010 4676 2180 4733 estis.
2216 4674 2368 4728 Ecce
2400 4670 2555 4743 quod
2587 4666 2922 4738 accepistis.
2955 4664 3258 4730 Quomodo
3286 4676 3431 4732 ergo
3460 4659 3676 4743 videtis

2016 4781 2197 4821 unum
2253 4777 2391 4817 esse
2418 4738 2595 4831 -quod
2653 4756 2870 4811 factum
2901 4758 3013 4823 est,
3047 4755 3137 4808 sic
3166 4766 3348 4806 unum
3380 4738 3589 4817 estote,
3622 4751 3677 4801 et

2012 4870 2123 4909 vos
2142 4850 2581 4921 diligendo,vos
2603 4845 2854 4901 tenendo
2883 4859 3057 4898 unam
3084 4842 3463 4909 ﬁdem,unam
3486 4851 3672 4906 spem,

2014 4941 2374 4997 individuam
2398 4937 2763 4992 charitatem.
2798 4930 3078 4986 Haeretici
3109 4927 3339 5000 quando
3381 4924 3677 4994 accipiunt

2015 5032 2128 5087 hoc
2150 5029 2570 5095 testimonium,
2618 5028 2824 5079 contra
2855 5037 2921 5074 se
2952 5019 3192 5085 faciunt,
3228 5015 3363 5087 quia
3394 5013 3477 5066 illi
3508 5028 3674 5083 quae-

2020 5126 2155 5178 runt
2202 5119 2573 5183 divisionem,
2608 5128 2741 5169 cum
2772 5112 2884 5165 iste
2920 5109 3089 5178 panis
3118 5105 3335 5160 indicet
3373 5102 3671 5156 unitatem.

2016 5215 2113 5270 Sic
2144 5218 2199 5268 et
2230 5213 2429 5265 vinum
2460 5223 2535 5261 ex
2564 5203 2762 5258 multis
2776 5198 3028 5254 racemis
3047 5196 3188 5262 ﬂuit,
3206 5191 3445 5247 etmodo
3466 5191 3528 5244 in
3557 5204 3673 5245 uno

2016 5307 2129 5374 est,
2192 5316 2375 5356 unum
2406 5299 2498 5352 est
2526 5296 2586 5347 in
2618 5287 2906 5346 suauitate
2939 5286 3145 5341 calicis
3174 5286 3310 5354 post
3348 5294 3679 5352 pressurus

2012 5371 2346 5449 torcularis.
2408 5386 2479 5438 Et
2532 5399 2642 5436 vos
2677 5382 2813 5451 post
2843 5378 2939 5430 illa
2965 5374 3215 5447 jejunis,
3239 5375 3377 5442 post
3406 5371 3666 5436 labores,

2008 5485 2141 5553 post
2175 5477 2556 5534 humilitatem
2589 5474 2645 5526 et
2714 5466 3143 5525 contritionom,
3176 5461 3296 5530 jam
3327 5462 3387 5553 in
3410 5460 3669 5553 nomine

2010 5544 2234 5627 Christi
2261 5571 2535 5636 tanquam
2571 5559 2642 5613 ad
2666 5558 2908 5614 calicem
2942 5554 3169 5607 Lnga-mi
3212 5548 3479 5617 venistis,
3503 5544 3669 5600 ctubi
3758 5582 3759 5585 η

2007 5676 2117 5716 vos
2148 5659 2296 5714 estis
2324 5656 2383 5710 in
2414 5648 2750 5721 mensa,ubi
2773 5660 2882 5702 vos
2895 5644 3044 5702 estis
3067 5644 3125 5699 in
3144 5636 3667 5707 calice,nobiscum
