4048 6164
401 230 561 293 1415
1401 227 1786 291 DURANDI
1844 226 2204 289 ABBATIS
2257 226 2843 291 TROARNENSIS
3635 236 3757 301 1416

401 428 570 483 estis.
612 427 797 483 Simul
819 429 977 482 enim
996 427 1110 482 hoc
1143 443 1374 495 sumus,
1406 427 1544 499 quia
1576 427 1751 481 simul
1780 426 2062 494 bibimus,
2089 416 2145 479 Ᾱ
2165 427 2357 497 primo
2411 427 2562 482 libro
2582 427 2664 482 De
2678 426 2956 499 Symbolo
2987 447 2998 483 :
3044 452 3055 477 ι
3084 428 3364 495 Quantum
3377 431 3739 499 nefasfestocci

403 517 541 588 quia
569 517 745 571 simul
772 518 1049 571 vivimus.
1076 539 1096 563 ·›
1136 515 1234 570 Sic
1283 516 1556 570 nimirum
1605 517 1889 585 prmfatus
1920 532 2069 586 prm—
2171 516 2311 570 dere
2357 514 2693 571 Christum!
2748 518 2941 572 Judmi
2983 523 3175 572 tamen
3213 534 3343 574 eum
3372 522 3696 589 occiderunt,
3722 532 3765 581 et

399 606 611 671 sul,sic
626 606 824 659 multis
855 606 913 658 in
935 605 1199 671 locis,sic
1230 605 1289 658 in
1323 606 1432 658 hac
1455 606 1766 673 sententia,
1794 605 2069 658 sicetiam
2169 604 2336 659 multi
2389 608 2593 673 postea
2648 607 2707 660 in
2738 622 2873 661 eum
2924 607 3319 677 crediderunt,
3376 612 3430 663 et
3471 616 3765 682 sanguinem

402 695 718 764 praemisso
752 695 808 747 in
828 694 1079 763 capitulo
1115 694 1481 747 Dominicum
1504 697 1935 749 sacramentum
1954 708 2072 747 non
2172 693 2307 764 ejus
2336 695 2632 763 biberunt,
2652 698 2708 751 et
2740 696 3055 750 dimissum
3087 699 3182 750 est
3208 696 3324 750 illis
3352 704 3630 767 peccatum
3644 703 3766 771 quod

403 783 687 854 abrogata
735 783 998 836 veritatis
1040 782 1153 836 fide
1174 783 1395 853 aliquid
1426 783 1665 853 signare
1687 782 1922 835 indicat.
1953 781 2069 837 Sed
2177 782 2617 838 commiserunt.
2655 806 2676 831 ιι
2711 784 2776 838 In
2823 784 3087 839 secundo
3131 799 3389 854 quoque:
3414 808 3432 831 α
3469 785 3769 843 Percussum

405 871 544 925 dum
574 872 910 926 scribendis
954 872 1123 925 libris
1182 887 1430 940 operose
1459 871 1715 935 insudat,
1768 870 1963 925 minus
2003 886 2068 926 se
2177 873 2268 924 est
2297 872 2451 925 enim
2481 872 2654 938 latus,
2688 877 2745 928 et
2772 872 2969 927 statim
3000 873 3539 944 emanavitsanguis
3554 879 3602 928 et
3624 891 3766 947 aqua;

405 959 763 1030 quibusdam
818 960 877 1012 in
908 960 1057 1013 locis
1090 960 1360 1029 explicat,
1395 976 1462 1013 ac
1492 975 1599 1028 per
1628 960 1740 1013 hoc
1770 960 2071 1014 nonnullis
2177 961 2425 1029 aqua,in
2456 977 2572 1031 qua
2600 965 2691 1017 est
2721 977 2943 1030 sponsa
2964 961 3297 1031 puriﬁcata;
3330 964 3656 1033 sanguis,ex
3679 981 3767 1034 quo

407 1048 603 1102 minus
635 1048 903 1115 eruditis,
932 1051 1106 1118 atque
1139 1050 1197 1101 in
1223 1048 1415 1101 SBt’I‘iS
1447 1048 1769 1117 Scripturis
1808 1048 2070 1118 apprime
2178 1049 2473 1103 invenitur
2497 1049 2710 1103 dotata.
2737 1050 2800 1103 In
2832 1051 2947 1104 isto
2979 1051 3272 1120 sanguine
3313 1050 3496 1103 sancti
3534 1057 3769 1122 martyres

411 1152 779 1207 nequaquam
802 1137 1077 1206 climatis,
1103 1140 1199 1189 aut
1230 1136 1492 1190 difﬁcilis
1534 1138 1785 1204 videtur,
1819 1141 1917 1190 aut
1954 1153 2071 1191 non
2179 1137 2364 1191 stolas
2395 1153 2539 1192 suas
2571 1139 2859 1205 laverunt,
2892 1141 2949 1192 et
2978 1138 3259 1192 candidas
3293 1154 3395 1192 eas
3433 1139 3682 1203 fecerunt,
3716 1142 3769 1194 ad

408 1229 568 1281 recte
598 1225 952 1294 intellectus,
969 1227 1194 1279 erroris
1218 1225 1605 1278 seminarium
1624 1225 1751 1279 ﬁeri
1769 1225 2070 1295 probatur.
2176 1226 2413 1295 nuptias
2434 1225 2590 1296 Agni
2614 1226 2837 1280 invitati
2867 1229 3177 1293 venerunt,
3199 1226 3442 1280 calicem
3458 1232 3767 1295 acceperunt,

407 1314 706 1369 Caeterum
760 1314 814 1367 si
870 1315 1042 1367 aliter
1090 1314 1230 1384 quid
1261 1314 1627 1368 intellexisse
1672 1314 1781 1367 hac
1809 1315 1878 1367 de
1900 1330 1985 1383 re,
2019 1317 2074 1369 et
2177 1314 2453 1368 biberunt
2484 1315 2656 1384 eique
2685 1315 3168 1384 propinaverunt,
3202 1315 3540 1385 sanguinem
3574 1331 3771 1386 namque

408 1402 481 1458 ab
535 1403 870 1472 integritate
913 1404 1056 1456 tanti
1111 1403 1382 1473 mysterii
1439 1402 1693 1456 alienum
1727 1403 2077 1471 probaretur
2177 1401 2312 1472 ejus
2344 1402 2638 1467 biberunt,
2676 1403 3215 1473 sanguinemsuum
3245 1418 3353 1471 pro
3369 1403 3464 1456 illo
3495 1402 3768 1457 fuderunt.»

413 1490 663 1559 dixisse,
696 1491 851 1561 quod
883 1489 1068 1544 absit!
1108 1506 1179 1544 ex
1210 1492 1459 1545 dit‘tinito
1486 1491 1905 1560 proferendum
1929 1494 2073 1560 erat,
2177 1490 2241 1544 In
2271 1490 2422 1545 libro
2457 1492 2539 1545 De
2562 1495 2768 1562 quarta
2798 1491 2970 1545 feria:
3006 1512 3023 1537 κ
3051 1491 3312 1560 Primus,
3328 1491 3527 1561 inquit,
3559 1491 3696 1544 homo
3720 1492 3774 1545 de

423 1579 581 1650 quod
613 1579 935 1647 Apostolus
966 1580 1072 1633 ait:
1124 1579 1381 1633 Etiamsi
1413 1579 1658 1651 angelus
1690 1580 1762 1634 de
1795 1579 1939 1633 caelo
1967 1596 2076 1633 an-
2181 1584 2345 1632 terra
2409 1584 2708 1634 terrenus.
2769 1579 2918 1645 Quid
2956 1580 3113 1649 dicit,
3173 1580 3369 1634 omnis
3418 1579 3597 1646 homo,
3624 1581 3775 1632 terra?

411 1667 614 1722 nuntia
647 1668 799 1722 verit
830 1667 995 1722 vobis
1009 1674 1243 1739 praeter
1256 1668 1405 1739 quod
1418 1668 2075 1739 accepistis,anatlzema
2177 1668 2412 1737 quando
2434 1669 2644 1738 accipit
2670 1669 3023 1739 sanguinem
3053 1668 3295 1722 Christi.
3332 1682 3497 1721 amen
3514 1667 3775 1730 dieit.Quid

410 1757 512 1810 sit.
2109 1761 2268 1851 Best
2313 1759 2527 1810 amen?
2568 1773 2768 1811 verum
2796 1764 2887 1810 est
2912 1777 2928 1811 :
2957 1756 3099 1828 quid
3129 1759 3240 1819 est,
3305 1771 3505 1810 verum
3535 1757 3645 1809 est?
3669 1754 3776 1818 Quia

484 1844 670 1897 XXV.
711 1846 890 1898 Porro
923 1844 1052 1914 ipse
1082 1844 1192 1897 hac
1223 1844 1293 1897 de
1324 1860 1386 1897 re
1419 1845 1559 1915 quid
1597 1845 1882 1912 docuerit,
1933 1845 2077 1914 quid
2110 1843 2158 1851 '
2179 1844 2354 1898 fusus
2394 1848 2486 1899 est
2515 1846 2767 1916 sanguis
2796 1843 3017 1899 Christi
3044 1860 3057 1913 ς
3091 1859 3207 1914 quo
3234 1843 3523 1898 faciente?
3546 1843 3776 1911 discipulo

411 1933 670 1987 senserit
701 1935 1044 2002 Apostolus,
1078 1934 1172 1986 cui
1192 1950 1297 1987 nec
1322 1934 1573 2005 angelus
1601 1935 1671 1988 de
1705 1934 1850 1987 coelo
1867 1934 1919 1987 si
1939 1949 2077 1987 con—
2178 1932 2659 1988 tradente.Amen
2707 1934 3192 2003 dicendo,verum
3214 1931 3777 2001 clamando,dicithoc:

409 2021 597 2074 traria
628 2023 896 2099 senserit
931 2022 1356 2092 suscipiendus
1394 2024 1490 2091 sit,
1529 2022 1867 2076 audiamus:
1909 2022 2081 2076 Calix
2178 2021 2383 2075 Omnis
2416 2022 2614 2091 homo,
2648 2027 2826 2076 terra.
2862 2021 3017 2076 Ecce
3046 2022 3105 2077 in
3136 2022 3323 2076 Juda:
3372 2021 3489 2075 Vox
3531 2019 3780 2090 sanguinis

410 2109 617 2179 inquit,
664 2110 757 2162 cui
788 2109 1216 2181 benedicimus,
1282 2127 1472 2165 nonne
1504 2111 1948 2165 communicatio
1988 2117 2079 2165 est
2180 2109 2399 2165 fratris
2432 2112 2518 2165 tui
2537 2111 2838 2166 clamatad
2860 2127 2951 2166 me
2982 2112 3056 2166 de
3090 2116 3281 2180 terra,
3302 2110 3660 2181 probavimus
3679 2107 3781 2177 quia

316 2200 321 2205 ’
412 2198 727 2268 sanguinis
760 2197 994 2251 Christi
1010 2199 1038 2251 .9
1062 2199 1253 2253 Panis
1285 2216 1450 2271 quem
1493 2200 1847 2270 frangimus,
1884 2216 2075 2254 nonne
2179 2198 2315 2269 ejus
2347 2200 2639 2271 sanguine
2670 2201 2910 2271 rigaris.
2930 2200 3261 2268 Vide,terra
3283 2195 3780 2270 quomodeaecipias

412 2286 958 2340 communicatioest
974 2290 1243 2358 corporis
1277 2288 1554 2342 Christi?
1584 2288 1699 2342 Sed
1728 2288 1882 2342 absit
1912 2290 1973 2341 ut
1989 2288 2081 2341 vir
2181 2287 2339 2341 hunc
2399 2289 2768 2359 sanguinem,
2807 2291 2942 2359 quia
2993 2289 3337 2359 quicunque
3375 2287 3596 2355 accipit,
3623 2285 3783 2352 accipit

413 2377 594 2428 tantae
638 2376 698 2428 in
756 2374 1026 2429 Ecclesia
1085 2377 1305 2430 Christi
1353 2377 1737 2443 auctoritatis,
1780 2377 1850 2430 de
1879 2392 2078 2430 sacra—
2180 2376 2670 2431 benedictionem.
2711 2398 2732 2425 »
2769 2378 2909 2431 Item
2940 2378 2999 2430 in
3023 2377 3268 2431 eodem:
3314 2374 3652 2445 nResponde
3671 2374 3784 2426 sicut

412 2464 606 2516 mento
655 2464 924 2532 corporis
984 2469 1040 2518 et
1097 2465 1408 2536 sanguinis
1431 2464 1675 2531 Christi,
1711 2465 1881 2518 aliter
1902 2480 2074 2535 quam
2185 2465 2490 2533 respondit
2520 2464 2871 2535 Cyprianus,
2905 2466 3259 2520 Laurentius
3312 2465 3615 2533 caaterique
3643 2460 3785 2515 sancti

412 2551 544 2620 ipse
574 2551 1109 2606 Dominustradidit
1126 2552 1220 2607 vel
1241 2554 1368 2623 ipse
1388 2553 1523 2624 ejus
1540 2555 1862 2623 Apostolus
1881 2554 2078 2607 docuit
2187 2553 2309 2622 qui,
2341 2554 2734 2623 percipientes
2764 2554 3115 2624 sanguinem
3144 2554 3393 2620 Christi,
3425 2567 3528 2622 pro
3555 2551 3786 2621 sanguine

415 2639 686 2694 sensisse
739 2644 993 2709 putetur,
1031 2641 1132 2711 qui
1159 2645 1243 2696 tot
1272 2658 1340 2696 ac
1371 2643 1507 2696 talia
1538 2658 1701 2696 sanae
1740 2642 1875 2696 fidei
1907 2643 2076 2696 testi-
2188 2657 2361 2711 quem
2391 2642 2669 2697 biberunt
2698 2643 3050 2713 sanguinem
3073 2657 3248 2696 suum
3272 2641 3523 2696 fundere
3542 2655 3645 2693 non
3662 2636 3787 2691 dubi-

422 2727 620 2781 monia
652 2728 711 2781 in
770 2729 1027 2783 diversis
1083 2730 1255 2784 libris
1285 2732 1502 2802 quibus
1534 2747 1704 2786 nemo
1723 2732 1875 2785 valet
1898 2730 2079 2785 refra-
2185 2733 2475 2784 taverunt.
2502 2751 2524 2776 ι»
2560 2730 2632 2782 Et
2661 2734 2797 2800 post
2820 2747 3007 2800 pauca
3032 2746 3044 2785 :
3074 2753 3095 2777 ιι
3124 2731 3272 2784 Vide
3305 2746 3381 2785 ne
3411 2730 3640 2785 deseras
3664 2740 3788 2779 men-

413 2816 1362 2890 gari,reliquisseinvenitur,quae
1377 2836 1448 2874 ne
1468 2821 1657 2874 dicam
1673 2820 2078 2887 scribere,sed
2184 2833 2311 2871 sam
2341 2818 2557 2888 Sponsi
2597 2819 2767 2887 tui,ut
2796 2819 3044 2889 pulchra
3066 2814 3786 2889 permaneas.Carnemejus

413 2919 486 2958 ne
515 2904 717 2977 legere
759 2906 994 2976 quidem
1026 2908 1341 2979 quisquam
1393 2908 1702 2964 occurrat!
1748 2925 1820 2963 ex
1861 2910 2078 2979 quibus
2185 2907 2447 2977 quotidie
2491 2907 2898 2978 manducabis,
2960 2912 3016 2962 et
3071 2908 3433 2979 sanguinem
3487 2905 3708 2977 potabis,
3749 2904 3788 2954 et

413 2996 505 3047 est
533 2993 675 3048 illud
707 2995 766 3048 in
798 2995 1166 3067 libroquarto
1189 2998 1271 3051 De
1295 3001 1498 3051 sancta
1530 2998 1841 3053 Trinitate:
1877 3020 1897 3047 α
1933 2998 2076 3063 Quis
2183 2994 2361 3047 vitam
2395 2998 2674 3049 aeternam
2725 2994 2994 3049 habebis.
3030 2994 3237 3049 Mensa
3277 2993 3497 3065 Sponsi
3525 2993 3601 3047 tui
3626 3002 3785 3060 panem

414 3097 559 3154 ergo
590 3086 708 3136 tam
733 3082 937 3155 justus
965 3089 1021 3138 et
1052 3090 1296 3140 sanctus
1335 3087 1621 3141 sacerdos
1654 3103 1831 3157 quam
1864 3087 2076 3141 unicus
2121 3083 2361 3157 “habet
2390 3084 2706 3155 integrum,
2739 3087 2795 3138 et
2826 3083 3071 3138 calicem
3093 3086 3390 3138 sanctum.
3422 3084 3505 3136 De
3530 3083 3632 3135 isto
3658 3093 3782 3147 pane,

414 3168 519 3226 Dei
549 3171 755 3242 Filius,
784 3190 900 3227 non
921 3175 1192 3244 quiopus
1212 3176 1456 3231 haberet
1474 3176 1947 3245 persacriﬁcium
1967 3192 2078 3230 sua
2118 3168 2242 3226 “et
2299 3173 2371 3227 de
2409 3173 2524 3227 isto
2566 3173 2746 3228 calice
2799 3173 3031 3228 dicebat
3072 3173 3236 3242 ipse:
3299 3171 3488 3225 Panis
3534 3183 3678 3241 quem
3713 3180 3790 3235 ego

412 3265 656 3330 peccata
707 3278 987 3333 purgare,
1046 3280 1154 3318 nec
1203 3265 1535 3336 originalis,
1576 3281 1687 3319 nec
1719 3281 1794 3319 ex
1823 3265 2077 3319 humana
2186 3262 2426 3327 dedero,
2463 3277 2603 3316 caro
2642 3277 2769 3315 mea
2810 3267 2941 3316 est:
2977 3262 3131 3314 calix
3167 3275 3349 3330 quem
3380 3257 3786 3317 sanctiﬁcavero,

411 3349 531 3402 vita
588 3366 722 3421 quae
781 3352 1115 3406 adduntur?
1162 3353 1228 3405 Et
1260 3354 1398 3424 quid
1432 3358 1546 3407 tam
1578 3357 1974 3425 congruenter
2003 3354 2076 3407 ab
2184 3352 2436 3422 sanguis
2495 3366 2663 3405 meus
2696 3353 2811 3404 est.
2847 3374 2870 3398 »
2906 3351 2969 3404 In
2997 3350 3168 3405 tertio
3228 3350 3386 3402 libro
3422 3348 3503 3402 De
3531 3341 3785 3415 Symboloi

411 3438 687 3493 omnibus
723 3444 1059 3494 sumeretur
1090 3442 1245 3510 quod
1286 3457 1390 3511 pro
1423 3443 1509 3495 eis
1561 3441 1872 3496 offerretur
1902 3458 2075 3512 quam
2190 3460 2211 3488 «
2234 3441 2579 3494 I’rostratus
2610 3439 2683 3493 ad
2713 3443 2929 3493 terram
2950 3443 3007 3493 et
3036 3438 3283 3493 etl'ectus
3316 3435 3633 3506 discipulus
3660 3430 3790 3485 ciale-

415 3526 670 3579 humana
704 3530 884 3581 caro?
913 3527 983 3581 Et
1014 3529 1152 3598 quid
1188 3534 1301 3582 tam
1323 3534 1520 3599 aptum
1536 3530 1671 3584 huic
1695 3531 2077 3584 immolationi
2190 3528 2301 3582 stis
2348 3528 2665 3596 Archiatri,
2698 3528 3022 3582 antidotum
3071 3527 3412 3582 confectum
3440 3541 3513 3579 ex
3558 3520 3788 3592 sanguine

412 3630 588 3687 quam
666 3630 800 3667 caro
860 3617 1164 3670 mortalis?
1195 3617 1265 3671 Et
1314 3619 1453 3688 quid
1485 3621 1598 3672 tam
1640 3619 1922 3672 mundum
1967 3636 2076 3689 pro
2190 3617 2400 3671 medici
2458 3617 2620 3687 prior
2674 3617 2805 3685 ipse
2834 3616 3000 3685 bibit,
3052 3619 3108 3669 et
3132 3615 3460 3671 bibendum
3492 3609 3788 3666 amatoribus

412 3706 772 3760 mundandis
803 3706 961 3759 vitiis
1002 3707 1332 3760 mortalium
1357 3724 1533 3777 quam
1565 3708 1693 3762 sine
1727 3708 1841 3762 ulla
1871 3713 2076 3763 conta-
2189 3706 2543 3776 propinavit.
2606 3706 2733 3760 Hoc
2782 3705 3104 3760 antidotum
3147 3705 3218 3758 de
3263 3704 3557 3774 sanguine
3585 3693 3791 3753 cruciﬁxi

412 3794 591 3865 gione
635 3795 891 3849 carnalis
941 3795 1440 3865 concupiscentiae
1481 3812 1616 3852 caro
1657 3799 1788 3850 nata
1820 3796 1878 3850 in
1910 3801 2075 3852 utero
2190 3795 2523 3850 confectum
2557 3797 2726 3849 etiam
2758 3795 2873 3865 ipsi
2903 3808 3084 3866 reges
3116 3792 3423 3847 biberunt.
3457 3794 3512 3844 et
3548 3789 3638 3859 qui
3669 3786 3792 3840 erant

414 3886 471 3936 et
495 3898 569 3937 ex
596 3886 765 3938 utero
798 3884 1118 3955 virginali?
1142 3884 1211 3938 Et
1232 3886 1369 3955 quid
1398 3889 1513 3939 tam
1545 3889 1709 3957 grate
1746 3884 1965 3955 offerri,
2019 3889 2076 3940 et
2190 3883 2481 3938 Ecclesim
2510 3882 3090 3954 persecutores,ejus
3122 3881 3256 3935 facti
3290 3878 3785 3935 suntdefensoress

414 3971 643 4043 suscipi
677 3976 883 4041 posset
918 3988 1093 4043 quam
1138 3988 1275 4028 caro
1308 3975 1587 4029 sacriticii
1626 3974 1814 4028 nostri
1857 3990 2074 4044 corpus
2192 3973 2252 4026 In
2300 3972 2453 4027 libro
2476 3972 2559 4026 De
2593 3972 2975 4042 cataclysmo:
3015 3992 3037 4018 α
3072 3970 3421 4025 Comeditur
3459 3968 3605 4022 enim
3630 3966 3791 4033 Agnus

413 4058 618 4115 effecta
648 4060 978 4116 sacerdotis
1010 4063 1217 4131 nostri,
1245 4065 1305 4117 ut
1325 4064 1600 4133 quoniam
1618 4064 2073 4134 quatuorconsi-
2187 4077 2294 4131 per
2320 4065 2552 4115 noctem
2584 4060 2765 4131 hujus
2779 4060 3076 4127 smculi,ut
3096 4075 3227 4114 cum
3242 4073 3417 4112 mane
3446 4055 3581 4110 illud
3594 4048 3788 4113 venerit,

413 4148 691 4204 derantur
706 4150 766 4204 in
787 4150 945 4204 omni
967 4152 1281 4219 sacriﬁcio,
1310 4150 1716 4220 cuioi'feratur,
1749 4168 1914 4223 aquo
1930 4150 2075 4207 ot‘fe-
2187 4150 2341 4220 quod
2365 4165 2681 4220 vesperum
2712 4164 2828 4203 non
2862 4147 3120 4216 habebit,
3149 4148 3271 4217 jam
3305 4163 3423 4201 non
3455 4144 3704 4200 ctTeratur
3722 4153 3788 4191 sa-

412 4240 710 4309 ratur,pro
768 4240 986 4309 quibus
1030 4240 1325 4309 offeratur,
1360 4242 1514 4295 idem
1536 4241 1663 4310 ipse
1677 4256 1831 4295 unus
1863 4256 2076 4294 verus-
2185 4238 2472 4293 oriﬁcium
2496 4238 2772 4310 imaginis
2804 4238 2983 4308 Agni,
3016 4236 3125 4290 sed
3163 4236 3362 4306 ipsum
3394 4238 3634 4305 Agnum,
3657 4239 3789 4299 quem

414 4342 528 4397 que
554 4327 840 4382 Mediator
856 4344 961 4398 per
975 4329 1335 4383 sacriﬁcium
1358 4330 1519 4399 pacis
1546 4329 1940 4384 reconcilians
1965 4344 2076 4384 nos
2187 4327 2446 4397 quotidie
2476 4326 2861 4392 comedimus,
2907 4329 2963 4379 et
2998 4325 3175 4394 cujus
3207 4323 3558 4394 sanguinem
3584 4316 3791 4373 bibimus

416 4415 557 4480 Deo,
597 4432 776 4471 unum
812 4432 944 4471 cum
975 4418 1074 4473 illo
1107 4424 1372 4472 maneret
1417 4420 1508 4473 cui
1541 4418 1842 4487 offerebat,
1896 4434 2077 4473 unum
2109 4454 2164 4516 Β
2187 4414 2690 4471 inveniamusillic
2704 4414 3072 4469 sacerdotem
3089 4406 3789 4483 perfectum,quemhicpro

419 4503 429 4514 ο
600 4504 622 4516 ι.
800 4509 808 4516 .
1053 4507 1086 4516 ο.
1263 4506 1304 4516 ...ι
1405 4507 1418 4516 ι
1487 4510 1495 4516 .
1767 4508 1777 4516 .
2063 4511 2070 4516 .
2264 4507 2277 4516 .
2331 4510 2339 4516 .
2517 4510 2525 4516 .
2774 4506 2784 4516 .
2833 4508 2842 4516 .
2986 4504 2996 4513 -
3229 4501 3247 4516 I
3318 4500 3365 4516 η
3465 4515 3471 4516 ,
3500 4515 3510 4516 γ
3538 4496 3623 4516 ΛΞ-
3662 4494 3764 4516 ΙΑΑ-

414 4503 475 4558 in
494 4519 560 4559 se
596 4504 817 4560 faceret
845 4522 950 4574 pro
970 4507 1187 4576 quibus
1219 4506 1522 4577 offerebat,
1555 4523 1735 4561 unum
1762 4508 1891 4577 ipse
1916 4511 2080 4561 esset
2109 4494 2163 4516 ν
2193 4507 2380 4563 salute
2399 4510 2603 4562 nostra
2622 4506 2851 4559 constat
2873 4504 3156 4558 occisum.
3183 4524 3203 4549 ιι
3229 4501 3293 4554 In
3318 4496 3630 4570 Evangelio
3652 4494 3790 4549 Joan-

415 4593 516 4665 qui
534 4592 857 4648 otferebat?
878 4616 899 4640 ι»
925 4594 995 4648 Et
1025 4594 1083 4649 in
1109 4594 1258 4649 libro
1288 4598 1493 4649 contra
1525 4595 1843 4649 Faustum:
1884 4617 1904 4642 α
1952 4596 2081 4673 ⁵Ηει-
2190 4598 2310 4652 nis:
2346 4595 2537 4650 Verba
2565 4610 2694 4665 qum
2726 4592 2949 4647 locutus
2981 4607 3108 4647 sum
3146 4589 3315 4644 vobis
3347 4588 3594 4660 spiritus
3623 4587 3673 4637 et
3704 4581 3791 4632 vita

413 4682 514 4737 bet
543 4694 823 4755 magnum
856 4698 1061 4737 vocem
1073 4682 1294 4738 Christi
1315 4685 1564 4757 sanguis
1586 4684 1646 4738 in
1666 4688 1982 4752 terra,cum
2013 4698 2083 4738 eo
2190 4691 2378 4741 suum
2406 4680 3116 4754 Spiritualiterintelligite
3144 4678 3525 4750 quaelocutus
3537 4680 3790 4762 summa!

415 4774 657 4842 accepto
684 4772 757 4826 ab
796 4771 1071 4827 omnibus
1099 4773 1379 4845 gentibus
1422 4756 1833 4843 respondetur,
1867 4772 2079 4827 Amen.
2190 4774 2302 4829 hoc
2326 4789 2544 4843 corpus
2567 4771 2725 4843 quod
2754 4770 2969 4824 videtis
2993 4766 3401 4823 manducaturi
3417 4764 3582 4831 estis,
3610 4764 3659 4813 et
3671 4756 3789 4811 hibi-

418 4861 561 4916 Haec
579 4861 843 4916 estclara
860 4877 977 4916 vox
994 4862 1498 4933 sanguinisquam
1522 4862 1771 4933 sanguis
1806 4862 1935 4931 ipse
1982 4877 2081 4915 ex-
2188 4864 2304 4918 turi
2348 4863 2512 4917 illum
2555 4860 2906 4932 sanguinem
2965 4873 3141 4928 quem
3194 4854 3391 4910 fusuri
3434 4854 3578 4906 sunt
3614 4845 3699 4919 qui
3721 4854 3787 4896 me

415 4949 615 5020 primit
665 4965 739 5005 ex
778 4966 881 5006 ore
908 4950 1168 5005 fidelium
1198 4951 1403 5006 eodem
1434 4952 1725 5024 sanguine
1747 4950 2083 5020 redempto-
2190 4951 2560 5023 crucifigent,
2590 4973 2611 4997 »
2647 4948 2925 5019 Nunquid
2957 4947 3086 5001 haec
3115 4947 3291 5013 tanta,
3343 4958 3413 4996 ac
3452 4940 3578 4994 talia
3604 4940 3786 5027 tamtu

418 5019 568 5092 rum.
606 5062 627 5085 υ
687 5039 827 5094 Item
863 5059 885 5089 α
933 5040 1100 5104 Quod
1141 5044 1276 5110 post
1304 5045 1531 5110 septem
1553 5019 1682 5095 dies
1714 5019 1970 5094 dimissa
1986 5054 2082 5093 co-
2188 5019 2502 5112 perspicua
2517 5019 3787 5110 sanctiAugustiniscriptanonpossuntnobis

417 5125 618 5180 lumba
664 5142 905 5183 reversa
943 5146 1061 5185 non
1105 5135 1215 5195 est,
1268 5130 1563 5202 significat
1620 5129 1794 5183 tinem
1854 5127 2079 5193 saeculi,
2189 5130 2468 5185 sufficere
2498 5127 2571 5182 ad
2600 5128 2833 5197 plenam
2882 5124 3269 5180 eruditionem
3317 5121 3393 5174 de
3427 5118 3667 5206 veritate,
3685 5120 3786 5206 qui!

421 5215 654 5284 quando
711 5218 823 5270 erit
876 5219 1117 5289 requies
1197 5222 1567 5283 sanctorum;
1617 5234 1734 5272 non
1783 5218 1973 5271 adhuc
2024 5217 2082 5270 in
2189 5219 2352 5275 estin
2378 5216 2771 5272 sacramentis
2801 5214 3043 5282 Christi,
3076 5215 3133 5267 et
3163 5211 3354 5266 eidem
3393 5208 3465 5262 ad
3493 5202 3783 5289 evidentiam

421 5306 793 5358 sacramento
826 5286 981 5377 spei,
1011 5324 1127 5379 quo
1158 5309 1217 5361 in
1262 5309 1374 5363 hoc
1404 5311 1666 5379 tempore
1707 5307 2085 5361 consociatur
2191 5309 2441 5362 sincerae
2475 5305 2608 5360 ﬁdei
2636 5303 3039 5359 testimonium
3056 5298 3391 5371 suffragari,
3411 5295 3509 5366 qui
3536 5293 3661 5379 licet
3678 5286 3787 5379 ting

424 5391 712 5461 Ecclesia,
770 5372 1281 5463 quamdiu-bibitur
1324 5398 1480 5469 quod
1524 5372 1600 5452 de
1652 5396 1871 5451 Christi
1902 5398 2084 5451 latere
2190 5414 2312 5452 ram
2345 5396 2418 5451 ob
2451 5399 2630 5450 cer-tm
2663 5394 2909 5448 rationis
2942 5391 3187 5463 gratiam
3219 5386 3576 5443 Dominicum
3617 5372 3783 5469 dixit?“

423 5482 702 5553 manavit,
735 5482 842 5536 sed
864 5482 991 5553 jam
1032 5485 1092 5538 in
1113 5487 1243 5556 ipsa
1274 5466 1638 5557 perfectione
1669 5487 1880 5543 salutis
1908 5490 2083 5541 mter-
2191 5481 2799 5554 sacramentum,nihil
2818 5486 3011 5536 tamen
3027 5479 3187 5534 aliud
3202 5466 3783 5533 secundumveritatem

424 5588 518 5636 nee
546 5586 680 5633 cum
738 5570 989 5633 traditur
1048 5588 1296 5655 regnum
1332 5576 1454 5632 Deo
1505 5579 1562 5633 et
1588 5577 1768 5633 Patri.
1807 5601 1828 5625 η
1856 5576 1997 5633 Item
2026 5574 2084 5633 in
2190 5591 2363 5651 quam
2388 5588 2585 5630 veram
2618 5586 2875 5640 carnem,
2897 5583 3071 5643 quam
3102 5582 3301 5622 verum
3333 5558 3781 5635 sanguinemesse
