  <div class='ocr_page' id='page_1' title='image "/cluster/home/n/w/nwhite01/storage/ocr_20150623/149/hvd.32044054760079/714.png"; bbox 0 0 4134 6174; ppageno 0'>
   <div class='ocr_carea' id='block_1_1' title="bbox 285 250 443 316">
    <p class='ocr_par' dir='ltr' id='par_1_1' title="bbox 285 250 443 316">
     <span class='ocr_line' id='line_1_1' title="bbox 285 250 443 316; baseline -0.038 0"><span class='ocrx_word' id='word_1_1' title='bbox 285 250 443 316; x_wconf 86' lang='grc'>1417</span> 
     </span>
    </p>
   </div>
   <div class='ocr_carea' id='block_1_2' title="bbox 1083 250 2928 321">
    <p class='ocr_par' dir='ltr' id='par_1_2' title="bbox 1083 250 2928 321">
     <span class='ocr_line' id='line_1_2' title="bbox 1083 250 2928 321; baseline 0.005 -10"><span class='ocrx_word' id='word_1_2' title='bbox 1083 250 1328 313; x_wconf 88' lang='lat' dir='ltr'><strong>LIBER</strong></span> <span class='ocrx_word' id='word_1_3' title='bbox 1371 250 1482 314; x_wconf 92' lang='lat' dir='ltr'>DE</span> <span class='ocrx_word' id='word_1_4' title='bbox 1522 250 1924 321; x_wconf 82' lang='lat' dir='ltr'><strong>CORPORE</strong></span> <span class='ocrx_word' id='word_1_5' title='bbox 1973 254 2073 317; x_wconf 84' lang='lat' dir='ltr'>ET</span> <span class='ocrx_word' id='word_1_6' title='bbox 2105 253 2528 318; x_wconf 87' lang='lat' dir='ltr'>SANGUINE</span> <span class='ocrx_word' id='word_1_7' title='bbox 2572 257 2928 320; x_wconf 70' lang='lat' dir='ltr'>CHR‘STI.</span> 
     </span>
    </p>
   </div>
   <div class='ocr_carea' id='block_1_3' title="bbox 3576 262 3736 326">
    <p class='ocr_par' dir='ltr' id='par_1_3' title="bbox 3576 262 3736 326">
     <span class='ocr_line' id='line_1_3' title="bbox 3576 262 3736 326; baseline 0.006 -1"><span class='ocrx_word' id='word_1_8' title='bbox 3576 262 3736 326; x_wconf 86' lang='grc'>1418</span> 
     </span>
    </p>
   </div>
   <div class='ocr_carea' id='block_1_4' title="bbox 279 439 3723 524">
    <p class='ocr_par' dir='ltr' id='par_1_4' title="bbox 279 439 3723 524">
     <span class='ocr_line' id='line_1_4' title="bbox 279 439 3723 524; baseline 0.005 -23"><span class='ocrx_word' id='word_1_9' title='bbox 279 447 375 501; x_wconf 85' lang='lat' dir='ltr'>vel</span> <span class='ocrx_word' id='word_1_10' title='bbox 407 449 686 517; x_wconf 80' lang='lat' dir='ltr'>senserit,</span> <span class='ocrx_word' id='word_1_11' title='bbox 718 449 813 503; x_wconf 86' lang='lat' dir='ltr'>vel</span> <span class='ocrx_word' id='word_1_12' title='bbox 874 448 1247 505; x_wconf 87' lang='lat' dir='ltr'>sentiendum</span> <span class='ocrx_word' id='word_1_13' title='bbox 1304 451 1601 506; x_wconf 78' lang='lat' dir='ltr'>docuerit?</span> <span class='ocrx_word' id='word_1_14' title='bbox 1632 452 1781 505; x_wconf 88' lang='lat' dir='ltr'>Nam</span> <span class='ocrx_word' id='word_1_15' title='bbox 1812 452 1946 506; x_wconf 85' lang='lat' dir='ltr'>vide</span> <span class='ocrx_word' id='word_1_16' title='bbox 1979 439 2025 490; x_wconf 86' lang='grc' dir='ltr'><strong>Α</strong></span> <span class='ocrx_word' id='word_1_17' title='bbox 2058 469 2190 524; x_wconf 67' lang='lat' dir='ltr'>quae</span> <span class='ocrx_word' id='word_1_18' title='bbox 2248 459 2386 509; x_wconf 88' lang='lat' dir='ltr'>sunt</span> <span class='ocrx_word' id='word_1_19' title='bbox 2442 457 2501 510; x_wconf 88' lang='lat' dir='ltr'>in</span> <span class='ocrx_word' id='word_1_20' title='bbox 2562 457 2906 512; x_wconf 80' lang='lat' dir='ltr'>coelestibus</span> <span class='ocrx_word' id='word_1_21' title='bbox 2960 463 3290 515; x_wconf 77' lang='lat' dir='ltr'>conlueris?</span> <span class='ocrx_word' id='word_1_22' title='bbox 3335 486 3356 510; x_wconf 78' lang='grc' dir='ltr'>ι)</span> <span class='ocrx_word' id='word_1_23' title='bbox 3411 462 3482 516; x_wconf 86' lang='lat' dir='ltr'>Et</span> <span class='ocrx_word' id='word_1_24' title='bbox 3538 463 3723 518; x_wconf 86' lang='lat' dir='ltr'>item:</span> 
     </span>
    </p>
   </div>
   <div class='ocr_carea' id='block_1_5' title="bbox 278 536 1945 611">
    <p class='ocr_par' dir='ltr' id='par_1_5' title="bbox 278 536 1945 611">
     <span class='ocr_line' id='line_1_5' title="bbox 278 536 1945 611; baseline 0.003 -21"><span class='ocrx_word' id='word_1_25' title='bbox 278 536 421 607; x_wconf 88' lang='lat' dir='ltr'>quid</span> <span class='ocrx_word' id='word_1_26' title='bbox 480 537 693 591; x_wconf 87' lang='lat' dir='ltr'>dixerit</span> <span class='ocrx_word' id='word_1_27' title='bbox 730 554 741 592; x_wconf 90' lang='lat'><strong>:</strong></span> <span class='ocrx_word' id='word_1_28' title='bbox 780 562 801 583; x_wconf 76' lang='grc' dir='ltr'>α</span> <span class='ocrx_word' id='word_1_29' title='bbox 841 538 967 592; x_wconf 88' lang='lat' dir='ltr'>Hoc</span> <span class='ocrx_word' id='word_1_30' title='bbox 1026 554 1244 608; x_wconf 86' lang='lat' dir='ltr'>corpus</span> <span class='ocrx_word' id='word_1_31' title='bbox 1303 540 1458 611; x_wconf 91' lang='lat' dir='ltr'>quod</span> <span class='ocrx_word' id='word_1_32' title='bbox 1506 541 1740 610; x_wconf 78' lang='lat' dir='ltr'>videtis,</span> <span class='ocrx_word' id='word_1_33' title='bbox 1776 558 1945 595; x_wconf 90' lang='lat' dir='ltr'>man-</span> 
     </span>
    </p>
   </div>
   <div class='ocr_carea' id='block_1_6' title="bbox 282 625 1948 699">
    <p class='ocr_par' dir='ltr' id='par_1_6' title="bbox 282 625 1948 699">
     <span class='ocr_line' id='line_1_6' title="bbox 282 625 1948 699; baseline 0.003 -21"><span class='ocrx_word' id='word_1_34' title='bbox 282 625 552 679; x_wconf 85' lang='lat' dir='ltr'>ducaturi</span> <span class='ocrx_word' id='word_1_35' title='bbox 586 628 754 695; x_wconf 90' lang='lat' dir='ltr'>estis,</span> <span class='ocrx_word' id='word_1_36' title='bbox 776 630 833 680; x_wconf 88' lang='lat' dir='ltr'>et</span> <span class='ocrx_word' id='word_1_37' title='bbox 866 628 1216 698; x_wconf 88' lang='lat' dir='ltr'>sanguinem</span> <span class='ocrx_word' id='word_1_38' title='bbox 1250 629 1514 695; x_wconf 89' lang='lat' dir='ltr'>bibituri,</span> <span class='ocrx_word' id='word_1_39' title='bbox 1550 646 1722 699; x_wconf 88' lang='lat' dir='ltr'>quem</span> <span class='ocrx_word' id='word_1_40' title='bbox 1757 630 1948 683; x_wconf 78' lang='lat' dir='ltr'>fusuri</span> 
     </span>
    </p>
   </div>
   <div class='ocr_carea' id='block_1_7' title="bbox 277 715 1947 790">
    <p class='ocr_par' dir='ltr' id='par_1_7' title="bbox 277 715 1947 790">
     <span class='ocr_line' id='line_1_7' title="bbox 277 715 1947 790; baseline 0.003 -24"><span class='ocrx_word' id='word_1_41' title='bbox 277 715 650 784; x_wconf 90' lang='lat' dir='ltr'>suntquime</span> <span class='ocrx_word' id='word_1_42' title='bbox 678 716 1046 786; x_wconf 83' lang='lat' dir='ltr'>cruciﬁgent.</span> <span class='ocrx_word' id='word_1_43' title='bbox 1086 739 1107 764; x_wconf 80' lang='grc' dir='ltr'>α</span> <span class='ocrx_word' id='word_1_44' title='bbox 1140 715 1289 780; x_wconf 88' lang='lat' dir='ltr'>Quid</span> <span class='ocrx_word' id='word_1_45' title='bbox 1312 719 1596 787; x_wconf 75' lang='lat' dir='ltr'>apertius,</span> <span class='ocrx_word' id='word_1_46' title='bbox 1632 718 1771 790; x_wconf 90' lang='lat' dir='ltr'>quid</span> <span class='ocrx_word' id='word_1_47' title='bbox 1806 719 1947 771; x_wconf 51' lang='lat' dir='ltr'>luci.</span> 
     </span>
    </p>
   </div>
   <div class='ocr_carea' id='block_1_8' title="bbox 277 802 1947 878">
    <p class='ocr_par' dir='ltr' id='par_1_8' title="bbox 277 802 1947 878">
     <span class='ocr_line' id='line_1_8' title="bbox 277 802 1947 878; baseline 0.004 -23"><span class='ocrx_word' id='word_1_48' title='bbox 277 802 414 856; x_wconf 93' lang='lat' dir='ltr'>dius</span> <span class='ocrx_word' id='word_1_49' title='bbox 444 803 559 857; x_wconf 91' lang='lat' dir='ltr'>dici</span> <span class='ocrx_word' id='word_1_50' title='bbox 593 805 807 874; x_wconf 83' lang='lat' dir='ltr'>potuit?</span> <span class='ocrx_word' id='word_1_51' title='bbox 863 805 998 859; x_wconf 91' lang='lat' dir='ltr'>Ideo</span> <span class='ocrx_word' id='word_1_52' title='bbox 1046 805 1142 858; x_wconf 90' lang='lat' dir='ltr'>ubi</span> <span class='ocrx_word' id='word_1_53' title='bbox 1178 806 1425 876; x_wconf 82' lang='lat' dir='ltr'>figuram</span> <span class='ocrx_word' id='word_1_54' title='bbox 1460 807 1622 875; x_wconf 77' lang='lat' dir='ltr'>dixit,</span> <span class='ocrx_word' id='word_1_55' title='bbox 1660 823 1775 861; x_wconf 90' lang='lat' dir='ltr'>non</span> <span class='ocrx_word' id='word_1_56' title='bbox 1808 807 1947 878; x_wconf 90' lang='lat' dir='ltr'>quid</span> 
     </span>
    </p>
   </div>
   <div class='ocr_carea' id='block_1_9' title="bbox 274 893 1948 965">
    <p class='ocr_par' dir='ltr' id='par_1_9' title="bbox 274 893 1948 965">
     <span class='ocr_line' id='line_1_9' title="bbox 274 893 1948 965; baseline 0.002 -20"><span class='ocrx_word' id='word_1_57' title='bbox 274 896 461 961; x_wconf 84' lang='lat' dir='ltr'>esset,</span> <span class='ocrx_word' id='word_1_58' title='bbox 495 893 601 947; x_wconf 88' lang='lat' dir='ltr'>sed</span> <span class='ocrx_word' id='word_1_59' title='bbox 649 893 790 965; x_wconf 86' lang='lat' dir='ltr'>quid</span> <span class='ocrx_word' id='word_1_60' title='bbox 839 894 1204 965; x_wconf 83' lang='lat' dir='ltr'>signiﬁcaret</span> <span class='ocrx_word' id='word_1_61' title='bbox 1224 900 1659 949; x_wconf 87' lang='lat' dir='ltr'>sacramentum</span> <span class='ocrx_word' id='word_1_62' title='bbox 1691 896 1948 950; x_wconf 91' lang='lat' dir='ltr'>Domini-</span> 
     </span>
    </p>
   </div>
   <div class='ocr_carea' id='block_1_10' title="bbox 277 982 713 1036">
    <p class='ocr_par' dir='ltr' id='par_1_10' title="bbox 277 982 713 1036">
     <span class='ocr_line' id='line_1_10' title="bbox 277 982 713 1036; baseline 0.005 -2"><span class='ocrx_word' id='word_1_63' title='bbox 277 996 411 1035; x_wconf 89' lang='lat' dir='ltr'>cum</span> <span class='ocrx_word' id='word_1_64' title='bbox 446 982 713 1036; x_wconf 84' lang='lat' dir='ltr'>intendit.</span> 
     </span>
    </p>
   </div>
   <div class='ocr_carea' id='block_1_11' title="bbox 347 1069 1947 1142">
    <p class='ocr_par' dir='ltr' id='par_1_11' title="bbox 347 1069 1947 1142">
     <span class='ocr_line' id='line_1_11' title="bbox 347 1069 1947 1142; baseline 0.003 -20"><span class='ocrx_word' id='word_1_65' title='bbox 347 1069 555 1135; x_wconf 21' lang='lat' dir='ltr'>XXVI,</span> <span class='ocrx_word' id='word_1_66' title='bbox 576 1070 791 1125; x_wconf 79' lang='lat' dir='ltr'>Verum</span> <span class='ocrx_word' id='word_1_67' title='bbox 824 1072 959 1141; x_wconf 82' lang='lat' dir='ltr'>quia</span> <span class='ocrx_word' id='word_1_68' title='bbox 991 1072 1226 1142; x_wconf 88' lang='lat' dir='ltr'>quidam</span> <span class='ocrx_word' id='word_1_69' title='bbox 1250 1074 1521 1142; x_wconf 77' lang='lat' dir='ltr'>perversi</span> <span class='ocrx_word' id='word_1_70' title='bbox 1561 1089 1632 1127; x_wconf 81' lang='lat' dir='ltr'>ex</span> <span class='ocrx_word' id='word_1_71' title='bbox 1665 1073 1774 1127; x_wconf 90' lang='lat' dir='ltr'>hac</span> <span class='ocrx_word' id='word_1_72' title='bbox 1805 1074 1947 1127; x_wconf 89' lang='lat' dir='ltr'>tanti</span> 
     </span>
    </p>
   </div>
   <div class='ocr_carea' id='block_1_12' title="bbox 276 1158 1946 1232">
    <p class='ocr_par' dir='ltr' id='par_1_12' title="bbox 276 1158 1946 1232">
     <span class='ocr_line' id='line_1_12' title="bbox 276 1158 1946 1232; baseline 0.003 -21"><span class='ocrx_word' id='word_1_73' title='bbox 276 1158 539 1212; x_wconf 91' lang='lat' dir='ltr'>doctoris</span> <span class='ocrx_word' id='word_1_74' title='bbox 587 1161 878 1213; x_wconf 82' lang='lat' dir='ltr'>sententia</span> <span class='ocrx_word' id='word_1_75' title='bbox 913 1160 970 1213; x_wconf 91' lang='lat' dir='ltr'>in</span> <span class='ocrx_word' id='word_1_76' title='bbox 1000 1161 1225 1215; x_wconf 88' lang='lat' dir='ltr'>erroris</span> <span class='ocrx_word' id='word_1_77' title='bbox 1258 1161 1652 1232; x_wconf 67' lang='lat' dir='ltr'>labyrinthum</span> <span class='ocrx_word' id='word_1_78' title='bbox 1696 1178 1946 1232; x_wconf 89' lang='lat' dir='ltr'>prorue-</span> 
     </span>
    </p>
   </div>
   <div class='ocr_carea' id='block_1_13' title="bbox 278 1247 1940 1321">
    <p class='ocr_par' dir='ltr' id='par_1_13' title="bbox 278 1247 1940 1321">
     <span class='ocr_line' id='line_1_13' title="bbox 278 1247 1940 1321; baseline 0.002 -20"><span class='ocrx_word' id='word_1_79' title='bbox 278 1252 499 1315; x_wconf 88' lang='lat' dir='ltr'>runt,et</span> <span class='ocrx_word' id='word_1_80' title='bbox 517 1249 666 1301; x_wconf 84' lang='lat' dir='ltr'>alios</span> <span class='ocrx_word' id='word_1_81' title='bbox 690 1251 824 1318; x_wconf 87' lang='lat' dir='ltr'>post</span> <span class='ocrx_word' id='word_1_82' title='bbox 862 1264 928 1301; x_wconf 88' lang='lat' dir='ltr'>se</span> <span class='ocrx_word' id='word_1_83' title='bbox 947 1247 1325 1318; x_wconf 81' lang='lat' dir='ltr'>pertinaciter</span> <span class='ocrx_word' id='word_1_84' title='bbox 1345 1250 1624 1304; x_wconf 80' lang='lat' dir='ltr'>inducere</span> <span class='ocrx_word' id='word_1_85' title='bbox 1647 1251 1761 1305; x_wconf 90' lang='lat' dir='ltr'>nisi</span> <span class='ocrx_word' id='word_1_86' title='bbox 1784 1256 1940 1321; x_wconf 89' lang='lat' dir='ltr'>sunt,</span> 
     </span>
    </p>
   </div>
   <div class='ocr_carea' id='block_1_14' title="bbox 271 1335 1941 1408">
    <p class='ocr_par' dir='ltr' id='par_1_14' title="bbox 271 1335 1941 1408">
     <span class='ocr_line' id='line_1_14' title="bbox 271 1335 1941 1408; baseline 0.001 -17"><span class='ocrx_word' id='word_1_87' title='bbox 271 1335 579 1391; x_wconf 86' lang='lat' dir='ltr'>sciendum</span> <span class='ocrx_word' id='word_1_88' title='bbox 612 1341 703 1390; x_wconf 91' lang='lat' dir='ltr'>est</span> <span class='ocrx_word' id='word_1_89' title='bbox 734 1336 1055 1406; x_wconf 90' lang='lat' dir='ltr'>plerosque</span> <span class='ocrx_word' id='word_1_90' title='bbox 1125 1337 1363 1389; x_wconf 85' lang='lat' dir='ltr'>subtilia</span> <span class='ocrx_word' id='word_1_91' title='bbox 1394 1336 1526 1407; x_wconf 89' lang='lat' dir='ltr'>ejus</span> <span class='ocrx_word' id='word_1_92' title='bbox 1542 1337 1692 1392; x_wconf 89' lang='lat' dir='ltr'>dicta</span> <span class='ocrx_word' id='word_1_93' title='bbox 1726 1354 1941 1408; x_wconf 87' lang='lat' dir='ltr'>nequa-</span> 
     </span>
    </p>
   </div>
   <div class='ocr_carea' id='block_1_15' title="bbox 271 1423 1942 1496">
    <p class='ocr_par' dir='ltr' id='par_1_15' title="bbox 271 1423 1942 1496">
     <span class='ocr_line' id='line_1_15' title="bbox 271 1423 1942 1496; baseline 0.002 -20"><span class='ocrx_word' id='word_1_94' title='bbox 271 1439 447 1494; x_wconf 88' lang='lat' dir='ltr'>quam</span> <span class='ocrx_word' id='word_1_95' title='bbox 480 1423 828 1494; x_wconf 77' lang='lat' dir='ltr'>intelligere.</span> <span class='ocrx_word' id='word_1_96' title='bbox 862 1424 1028 1489; x_wconf 86' lang='lat' dir='ltr'>Quod</span> <span class='ocrx_word' id='word_1_97' title='bbox 1074 1440 1143 1478; x_wconf 92' lang='lat' dir='ltr'>eo</span> <span class='ocrx_word' id='word_1_98' title='bbox 1198 1425 1494 1495; x_wconf 83' lang='lat' dir='ltr'>praecipue</span> <span class='ocrx_word' id='word_1_99' title='bbox 1527 1426 1942 1496; x_wconf 77' lang='lat' dir='ltr'>comprobatur</span> 
     </span>
    </p>
   </div>
   <div class='ocr_carea' id='block_1_16' title="bbox 272 1512 1943 1587">
    <p class='ocr_par' dir='ltr' id='par_1_16' title="bbox 272 1512 1943 1587">
     <span class='ocr_line' id='line_1_16' title="bbox 272 1512 1943 1587; baseline 0.002 -22"><span class='ocrx_word' id='word_1_100' title='bbox 272 1512 564 1581; x_wconf 86' lang='lat' dir='ltr'>accidere,</span> <span class='ocrx_word' id='word_1_101' title='bbox 613 1515 747 1583; x_wconf 86' lang='lat' dir='ltr'>quia</span> <span class='ocrx_word' id='word_1_102' title='bbox 778 1529 865 1580; x_wconf 90' lang='lat' dir='ltr'>ea,</span> <span class='ocrx_word' id='word_1_103' title='bbox 900 1529 1017 1567; x_wconf 90' lang='lat' dir='ltr'>non</span> <span class='ocrx_word' id='word_1_104' title='bbox 1080 1529 1258 1567; x_wconf 89' lang='lat' dir='ltr'>causa</span> <span class='ocrx_word' id='word_1_105' title='bbox 1291 1514 1579 1582; x_wconf 88' lang='lat' dir='ltr'>discendi,</span> <span class='ocrx_word' id='word_1_106' title='bbox 1615 1531 1748 1585; x_wconf 63' lang='lat' dir='ltr'>quae</span> <span class='ocrx_word' id='word_1_107' title='bbox 1781 1517 1943 1587; x_wconf 86' lang='lat' dir='ltr'>igno-</span> 
     </span>
    </p>
   </div>
   <div class='ocr_carea' id='block_1_17' title="bbox 272 1602 1941 1674">
    <p class='ocr_par' dir='ltr' id='par_1_17' title="bbox 272 1602 1941 1674">
     <span class='ocr_line' id='line_1_17' title="bbox 272 1602 1941 1674; baseline 0.002 -21"><span class='ocrx_word' id='word_1_108' title='bbox 272 1606 403 1653; x_wconf 85' lang='lat' dir='ltr'>rant</span> <span class='ocrx_word' id='word_1_109' title='bbox 434 1602 659 1673; x_wconf 87' lang='lat' dir='ltr'>legunt,</span> <span class='ocrx_word' id='word_1_110' title='bbox 718 1602 825 1655; x_wconf 91' lang='lat' dir='ltr'>sed</span> <span class='ocrx_word' id='word_1_111' title='bbox 868 1606 929 1655; x_wconf 91' lang='lat' dir='ltr'>ut</span> <span class='ocrx_word' id='word_1_112' title='bbox 971 1603 1022 1656; x_wconf 93' lang='lat' dir='ltr'>ei</span> <span class='ocrx_word' id='word_1_113' title='bbox 1056 1602 1250 1672; x_wconf 87' lang='lat' dir='ltr'>potius</span> <span class='ocrx_word' id='word_1_114' title='bbox 1309 1603 1367 1656; x_wconf 90' lang='lat' dir='ltr'>in</span> <span class='ocrx_word' id='word_1_115' title='bbox 1417 1619 1532 1674; x_wconf 89' lang='lat' dir='ltr'>quo</span> <span class='ocrx_word' id='word_1_116' title='bbox 1585 1603 1941 1673; x_wconf 77' lang='lat' dir='ltr'>jampridem</span> 
     </span>
    </p>
   </div>
   <div class='ocr_carea' id='block_1_18' title="bbox 270 1690 1939 1761">
    <p class='ocr_par' dir='ltr' id='par_1_18' title="bbox 270 1690 1939 1761">
     <span class='ocr_line' id='line_1_18' title="bbox 270 1690 1939 1761; baseline 0.002 -19"><span class='ocrx_word' id='word_1_117' title='bbox 270 1690 503 1759; x_wconf 87' lang='lat' dir='ltr'>decepti</span> <span class='ocrx_word' id='word_1_118' title='bbox 524 1690 805 1761; x_wconf 77' lang='lat' dir='ltr'>languent</span> <span class='ocrx_word' id='word_1_119' title='bbox 834 1691 1024 1743; x_wconf 88' lang='lat' dir='ltr'>errori</span> <span class='ocrx_word' id='word_1_120' title='bbox 1048 1691 1435 1759; x_wconf 84' lang='lat' dir='ltr'>patrocinium</span> <span class='ocrx_word' id='word_1_121' title='bbox 1466 1692 1609 1745; x_wconf 88' lang='lat' dir='ltr'>tanti</span> <span class='ocrx_word' id='word_1_122' title='bbox 1632 1693 1744 1745; x_wconf 88' lang='lat' dir='ltr'>viri</span> <span class='ocrx_word' id='word_1_123' title='bbox 1778 1709 1939 1745; x_wconf 89' lang='lat' dir='ltr'>com-</span> 
     </span>
    </p>
   </div>
   <div class='ocr_carea' id='block_1_19' title="bbox 2063 545 3728 623">
    <p class='ocr_par' dir='ltr' id='par_1_19' title="bbox 2063 545 3728 623">
     <span class='ocr_line' id='line_1_19' title="bbox 2063 545 3728 623; baseline 0.006 -26"><span class='ocrx_word' id='word_1_124' title='bbox 2063 567 2083 589; x_wconf 86' lang='grc'>‹‹</span> <span class='ocrx_word' id='word_1_125' title='bbox 2122 545 2247 598; x_wconf 86' lang='lat' dir='ltr'>lloc</span> <span class='ocrx_word' id='word_1_126' title='bbox 2288 545 2469 615; x_wconf 80' lang='lat' dir='ltr'>igitur</span> <span class='ocrx_word' id='word_1_127' title='bbox 2540 547 2931 600; x_wconf 84' lang='lat' dir='ltr'>ministerium</span> <span class='ocrx_word' id='word_1_128' title='bbox 2986 550 3062 602; x_wconf 85' lang='lat' dir='ltr'>ita</span> <span class='ocrx_word' id='word_1_129' title='bbox 3120 552 3531 621; x_wconf 81' lang='lat' dir='ltr'>reverendum,</span> <span class='ocrx_word' id='word_1_130' title='bbox 3596 569 3728 623; x_wconf 57' lang='lat' dir='ltr'>quae</span> 
     </span>
    </p>
   </div>
   <div class='ocr_carea' id='block_1_20' title="bbox 2059 634 3723 707">
    <p class='ocr_par' dir='ltr' id='par_1_20' title="bbox 2059 634 3723 707">
     <span class='ocr_line' id='line_1_20' title="bbox 2059 634 3723 707; baseline 0.006 -21"><span class='ocrx_word' id='word_1_131' title='bbox 2059 634 2365 701; x_wconf 88' lang='lat' dir='ltr'>despicere</span> <span class='ocrx_word' id='word_1_132' title='bbox 2430 635 2667 688; x_wconf 81' lang='lat' dir='ltr'>audebit</span> <span class='ocrx_word' id='word_1_133' title='bbox 2718 638 2977 690; x_wconf 76' lang='lat' dir='ltr'>insania?</span> <span class='ocrx_word' id='word_1_134' title='bbox 3015 662 3035 683; x_wconf 85' lang='grc'>››</span> <span class='ocrx_word' id='word_1_135' title='bbox 3072 638 3141 690; x_wconf 84' lang='lat' dir='ltr'>Et</span> <span class='ocrx_word' id='word_1_136' title='bbox 3200 640 3372 707; x_wconf 85' lang='lat' dir='ltr'>paulo</span> <span class='ocrx_word' id='word_1_137' title='bbox 3431 634 3723 697; x_wconf 87' lang='lat' dir='ltr'>inferius:</span> 
     </span>
    </p>
   </div>
   <div class='ocr_carea' id='block_1_21' title="bbox 2060 722 3724 801">
    <p class='ocr_par' dir='ltr' id='par_1_21' title="bbox 2060 722 3724 801">
     <span class='ocr_line' id='line_1_21' title="bbox 2060 722 3724 801; baseline 0.005 -25"><span class='ocrx_word' id='word_1_138' title='bbox 2060 722 2235 776; x_wconf 80' lang='lat' dir='ltr'>«Cum</span> <span class='ocrx_word' id='word_1_139' title='bbox 2253 738 2395 778; x_wconf 89' lang='lat' dir='ltr'>vero</span> <span class='ocrx_word' id='word_1_140' title='bbox 2415 724 2700 779; x_wconf 86' lang='lat' dir='ltr'>sacerdos</span> <span class='ocrx_word' id='word_1_141' title='bbox 2737 724 3020 793; x_wconf 72' lang='lat' dir='ltr'>Spiritum</span> <span class='ocrx_word' id='word_1_142' title='bbox 3040 732 3307 781; x_wconf 87' lang='lat' dir='ltr'>sanctum</span> <span class='ocrx_word' id='word_1_143' title='bbox 3327 730 3724 801; x_wconf 84' lang='lat' dir='ltr'>advocaverit,</span> 
     </span>
    </p>
   </div>
   <div class='ocr_carea' id='block_1_22' title="bbox 2055 814 3725 886">
    <p class='ocr_par' dir='ltr' id='par_1_22' title="bbox 2055 814 3725 886">
     <span class='ocr_line' id='line_1_22' title="bbox 2055 814 3725 886; baseline 0.005 -22"><span class='ocrx_word' id='word_1_144' title='bbox 2055 815 2111 865; x_wconf 89' lang='lat' dir='ltr'>et</span> <span class='ocrx_word' id='word_1_145' title='bbox 2154 814 2713 867; x_wconf 88' lang='lat' dir='ltr'>reverendamillam</span> <span class='ocrx_word' id='word_1_146' title='bbox 2736 816 3121 869; x_wconf 83' lang='lat' dir='ltr'>immolaverit</span> <span class='ocrx_word' id='word_1_147' title='bbox 3154 816 3426 886; x_wconf 84' lang='lat' dir='ltr'>hostiam,</span> <span class='ocrx_word' id='word_1_148' title='bbox 3461 835 3725 873; x_wconf 89' lang='lat' dir='ltr'>commu—</span> 
     </span>
    </p>
   </div>
   <div class='ocr_carea' id='block_1_23' title="bbox 2055 902 3727 978">
    <p class='ocr_par' dir='ltr' id='par_1_23' title="bbox 2055 902 3727 978">
     <span class='ocr_line' id='line_1_23' title="bbox 2055 902 3727 978; baseline 0.005 -25"><span class='ocrx_word' id='word_1_149' title='bbox 2055 916 2306 971; x_wconf 88' lang='lat' dir='ltr'>nemque</span> <span class='ocrx_word' id='word_1_150' title='bbox 2339 903 2596 957; x_wconf 90' lang='lat' dir='ltr'>omnium</span> <span class='ocrx_word' id='word_1_151' title='bbox 2630 904 2943 957; x_wconf 88' lang='lat' dir='ltr'>Dominum</span> <span class='ocrx_word' id='word_1_152' title='bbox 2966 905 3218 959; x_wconf 88' lang='lat' dir='ltr'>subinde</span> <span class='ocrx_word' id='word_1_153' title='bbox 3261 906 3591 978; x_wconf 79' lang='lat' dir='ltr'>contigerit,</span> <span class='ocrx_word' id='word_1_154' title='bbox 3625 902 3727 962; x_wconf 86' lang='lat' dir='ltr'>ubi</span> 
     </span>
    </p>
   </div>
   <div class='ocr_carea' id='block_1_24' title="bbox 2056 989 3759 1065">
    <p class='ocr_par' dir='ltr' id='par_1_24' title="bbox 2056 989 3759 1065">
     <span class='ocr_line' id='line_1_24' title="bbox 2056 989 3759 1065; baseline 0.005 -23"><span class='ocrx_word' id='word_1_155' title='bbox 2056 989 2338 1060; x_wconf 90' lang='lat' dir='ltr'>illum,dic</span> <span class='ocrx_word' id='word_1_156' title='bbox 2363 992 2525 1055; x_wconf 84' lang='lat' dir='ltr'>mihi,</span> <span class='ocrx_word' id='word_1_157' title='bbox 2559 997 2764 1047; x_wconf 87' lang='lat' dir='ltr'>nostra</span> <span class='ocrx_word' id='word_1_158' title='bbox 2796 995 3186 1049; x_wconf 65' lang='lat' dir='ltr'>aestimatione</span> <span class='ocrx_word' id='word_1_159' title='bbox 3209 998 3530 1065; x_wconf 77' lang='lat' dir='ltr'>ponemus?</span> <span class='ocrx_word' id='word_1_160' title='bbox 3562 997 3724 1051; x_wconf 88' lang='lat' dir='ltr'>Tunc</span> <span class='ocrx_word' id='word_1_161' title='bbox 3758 1016 3759 1019; x_wconf 63' lang='lat'>‘</span> 
     </span>
    </p>
   </div>
   <div class='ocr_carea' id='block_1_25' title="bbox 2056 1081 3723 1152">
    <p class='ocr_par' dir='ltr' id='par_1_25' title="bbox 2056 1081 3723 1152">
     <span class='ocr_line' id='line_1_25' title="bbox 2056 1081 3723 1152; baseline 0.005 -21"><span class='ocrx_word' id='word_1_162' title='bbox 2056 1081 2208 1132; x_wconf 91' lang='lat' dir='ltr'>enim</span> <span class='ocrx_word' id='word_1_163' title='bbox 2236 1082 2409 1134; x_wconf 89' lang='lat' dir='ltr'>etiam</span> <span class='ocrx_word' id='word_1_164' title='bbox 2430 1082 2624 1152; x_wconf 83' lang='lat' dir='ltr'>angeli</span> <span class='ocrx_word' id='word_1_165' title='bbox 2653 1084 3035 1136; x_wconf 85' lang='lat' dir='ltr'>circumstant</span> <span class='ocrx_word' id='word_1_166' title='bbox 3056 1085 3366 1147; x_wconf 78' lang='lat' dir='ltr'>sacerdoti,</span> <span class='ocrx_word' id='word_1_167' title='bbox 3396 1088 3452 1139; x_wconf 87' lang='lat' dir='ltr'>et</span> <span class='ocrx_word' id='word_1_168' title='bbox 3470 1085 3723 1140; x_wconf 89' lang='lat' dir='ltr'>tribunal</span> 
     </span>
    </p>
   </div>
   <div class='ocr_carea' id='block_1_26' title="bbox 2054 1171 3724 1245">
    <p class='ocr_par' dir='ltr' id='par_1_26' title="bbox 2054 1171 3724 1245">
     <span class='ocr_line' id='line_1_26' title="bbox 2054 1171 3724 1245; baseline 0.005 -24"><span class='ocrx_word' id='word_1_169' title='bbox 2054 1173 2227 1239; x_wconf 88' lang='lat' dir='ltr'>atque</span> <span class='ocrx_word' id='word_1_170' title='bbox 2256 1171 2456 1223; x_wconf 87' lang='lat' dir='ltr'>altaris</span> <span class='ocrx_word' id='word_1_171' title='bbox 2481 1171 2650 1225; x_wconf 92' lang='lat' dir='ltr'>locus</span> <span class='ocrx_word' id='word_1_172' title='bbox 2674 1173 3020 1227; x_wconf 81' lang='lat' dir='ltr'>coelestibus</span> <span class='ocrx_word' id='word_1_173' title='bbox 3039 1175 3353 1227; x_wconf 85' lang='lat' dir='ltr'>virtutibus</span> <span class='ocrx_word' id='word_1_174' title='bbox 3374 1175 3724 1245; x_wconf 88' lang='lat' dir='ltr'>adimpletur</span> 
     </span>
    </p>
   </div>
   <div class='ocr_carea' id='block_1_27' title="bbox 2053 1258 3723 1332">
    <p class='ocr_par' dir='ltr' id='par_1_27' title="bbox 2053 1258 3723 1332">
     <span class='ocr_line' id='line_1_27' title="bbox 2053 1258 3723 1332; baseline 0.004 -21"><span class='ocrx_word' id='word_1_175' title='bbox 2053 1259 2109 1311; x_wconf 88' lang='lat' dir='ltr'>in</span> <span class='ocrx_word' id='word_1_176' title='bbox 2134 1258 2417 1312; x_wconf 88' lang='lat' dir='ltr'>honorem</span> <span class='ocrx_word' id='word_1_177' title='bbox 2466 1260 2656 1328; x_wconf 88' lang='lat' dir='ltr'>ipsius</span> <span class='ocrx_word' id='word_1_178' title='bbox 2691 1262 2789 1329; x_wconf 92' lang='lat' dir='ltr'>qui</span> <span class='ocrx_word' id='word_1_179' title='bbox 2822 1261 3171 1330; x_wconf 89' lang='lat' dir='ltr'>immolatur,</span> <span class='ocrx_word' id='word_1_180' title='bbox 3206 1262 3361 1332; x_wconf 90' lang='lat' dir='ltr'>quod</span> <span class='ocrx_word' id='word_1_181' title='bbox 3387 1262 3623 1332; x_wconf 88' lang='lat' dir='ltr'>quidem</span> <span class='ocrx_word' id='word_1_182' title='bbox 3647 1278 3723 1317; x_wconf 85' lang='lat' dir='ltr'>ex</span> 
     </span>
    </p>
   </div>
   <div class='ocr_carea' id='block_1_28' title="bbox 2050 1347 3719 1422">
    <p class='ocr_par' dir='ltr' id='par_1_28' title="bbox 2050 1347 3719 1422">
     <span class='ocr_line' id='line_1_28' title="bbox 2050 1347 3719 1422; baseline 0.005 -23"><span class='ocrx_word' id='word_1_183' title='bbox 2050 1347 2200 1416; x_wconf 84' lang='lat' dir='ltr'>ipsis</span> <span class='ocrx_word' id='word_1_184' title='bbox 2231 1348 2401 1400; x_wconf 91' lang='lat' dir='ltr'>etiam</span> <span class='ocrx_word' id='word_1_185' title='bbox 2462 1364 2594 1417; x_wconf 83' lang='lat' dir='ltr'>quae</span> <span class='ocrx_word' id='word_1_186' title='bbox 2656 1354 2932 1418; x_wconf 83' lang='lat' dir='ltr'>aguntur,</span> <span class='ocrx_word' id='word_1_187' title='bbox 2969 1350 3320 1404; x_wconf 84' lang='lat' dir='ltr'>ostenditur.</span> <span class='ocrx_word' id='word_1_188' title='bbox 3364 1350 3491 1422; x_wconf 86' lang='lat' dir='ltr'>Ego</span> <span class='ocrx_word' id='word_1_189' title='bbox 3524 1355 3719 1407; x_wconf 84' lang='lat' dir='ltr'>autem</span> 
     </span>
    </p>
   </div>
   <div class='ocr_carea' id='block_1_29' title="bbox 2049 1436 3719 1511">
    <p class='ocr_par' dir='ltr' id='par_1_29' title="bbox 2049 1436 3719 1511">
     <span class='ocr_line' id='line_1_29' title="bbox 2049 1436 3719 1511; baseline 0.004 -23"><span class='ocrx_word' id='word_1_190' title='bbox 2049 1436 2565 1504; x_wconf 87' lang='lat' dir='ltr'>audivi,rcferente</span> <span class='ocrx_word' id='word_1_191' title='bbox 2589 1438 2805 1507; x_wconf 88' lang='lat' dir='ltr'>aliquo,</span> <span class='ocrx_word' id='word_1_192' title='bbox 2832 1440 3107 1507; x_wconf 89' lang='lat' dir='ltr'>quoniam</span> <span class='ocrx_word' id='word_1_193' title='bbox 3137 1439 3453 1509; x_wconf 69' lang='lat' dir='ltr'>presbyter</span> <span class='ocrx_word' id='word_1_194' title='bbox 3481 1442 3719 1511; x_wconf 88' lang='lat' dir='ltr'>quidam</span> 
     </span>
    </p>
   </div>
   <div class='ocr_carea' id='block_1_30' title="bbox 2047 1526 3720 1597">
    <p class='ocr_par' dir='ltr' id='par_1_30' title="bbox 2047 1526 3720 1597">
     <span class='ocr_line' id='line_1_30' title="bbox 2047 1526 3720 1597; baseline 0.004 -20"><span class='ocrx_word' id='word_1_195' title='bbox 2047 1526 2182 1579; x_wconf 84' lang='lat' dir='ltr'>vitae</span> <span class='ocrx_word' id='word_1_196' title='bbox 2206 1527 2513 1580; x_wconf 88' lang='lat' dir='ltr'>sanctitate</span> <span class='ocrx_word' id='word_1_197' title='bbox 2535 1527 2840 1594; x_wconf 86' lang='lat' dir='ltr'>mirabilis,</span> <span class='ocrx_word' id='word_1_198' title='bbox 2878 1533 2927 1580; x_wconf 88' lang='lat' dir='ltr'>et</span> <span class='ocrx_word' id='word_1_199' title='bbox 2950 1529 3049 1597; x_wconf 91' lang='lat' dir='ltr'>qui</span> <span class='ocrx_word' id='word_1_200' title='bbox 3074 1529 3466 1583; x_wconf 87' lang='lat' dir='ltr'>revelationes</span> <span class='ocrx_word' id='word_1_201' title='bbox 3496 1530 3720 1584; x_wconf 88' lang='lat' dir='ltr'>soleret</span> 
     </span>
    </p>
   </div>
   <div class='ocr_carea' id='block_1_31' title="bbox 2044 1615 3715 1689">
    <p class='ocr_par' dir='ltr' id='par_1_31' title="bbox 2044 1615 3715 1689">
     <span class='ocr_line' id='line_1_31' title="bbox 2044 1615 3715 1689; baseline 0.004 -22"><span class='ocrx_word' id='word_1_202' title='bbox 2044 1615 2268 1683; x_wconf 88' lang='lat' dir='ltr'>videre,</span> <span class='ocrx_word' id='word_1_203' title='bbox 2332 1616 2634 1670; x_wconf 89' lang='lat' dir='ltr'>retulisset</span> <span class='ocrx_word' id='word_1_204' title='bbox 2678 1616 2759 1669; x_wconf 92' lang='lat' dir='ltr'>illi</span> <span class='ocrx_word' id='word_1_205' title='bbox 2820 1617 2931 1670; x_wconf 89' lang='lat' dir='ltr'>tale</span> <span class='ocrx_word' id='word_1_206' title='bbox 2965 1618 3369 1685; x_wconf 88' lang='lat' dir='ltr'>spectaculum</span> <span class='ocrx_word' id='word_1_207' title='bbox 3400 1618 3715 1689; x_wconf 89' lang='lat' dir='ltr'>aliquando</span> 
     </span>
    </p>
   </div>
   <div class='ocr_carea' id='block_1_32' title="bbox 2046 1704 3717 1779">
    <p class='ocr_par' dir='ltr' id='par_1_32' title="bbox 2046 1704 3717 1779">
     <span class='ocr_line' id='line_1_32' title="bbox 2046 1704 3717 1779; baseline 0.004 -24"><span class='ocrx_word' id='word_1_208' title='bbox 2046 1704 2357 1771; x_wconf 85' lang='lat' dir='ltr'>vidisse,id</span> <span class='ocrx_word' id='word_1_209' title='bbox 2377 1708 2467 1756; x_wconf 85' lang='lat' dir='ltr'>est</span> <span class='ocrx_word' id='word_1_210' title='bbox 2490 1705 3046 1774; x_wconf 78' lang='lat' dir='ltr'>sacrificiitempore</span> <span class='ocrx_word' id='word_1_211' title='bbox 3099 1707 3493 1775; x_wconf 87' lang='lat' dir='ltr'>conspexisse</span> <span class='ocrx_word' id='word_1_212' title='bbox 3542 1723 3717 1779; x_wconf 88' lang='lat' dir='ltr'>ange-</span> 
     </span>
    </p>
   </div>
   <div class='ocr_carea' id='block_1_33' title="bbox 268 1778 3711 1867">
    <p class='ocr_par' dir='ltr' id='par_1_33' title="bbox 268 1778 3711 1867">
     <span class='ocr_line' id='line_1_33' title="bbox 268 1778 3711 1867; baseline 0.003 -26"><span class='ocrx_word' id='word_1_213' title='bbox 268 1782 498 1848; x_wconf 77' lang='lat' dir='ltr'>parent,</span> <span class='ocrx_word' id='word_1_214' title='bbox 532 1779 783 1848; x_wconf 78' lang='lat' dir='ltr'>aliisque</span> <span class='ocrx_word' id='word_1_215' title='bbox 815 1778 1061 1849; x_wconf 82' lang='lat' dir='ltr'>laqueos</span> <span class='ocrx_word' id='word_1_216' title='bbox 1096 1779 1462 1848; x_wconf 77' lang='lat' dir='ltr'>deceptionis</span> <span class='ocrx_word' id='word_1_217' title='bbox 1497 1780 1730 1834; x_wconf 82' lang='lat' dir='ltr'>facilius</span> <span class='ocrx_word' id='word_1_218' title='bbox 1778 1781 1939 1835; x_wconf 84' lang='lat' dir='ltr'>inne-</span> <span class='ocrx_word' id='word_1_219' title='bbox 1970 1792 2016 1845; x_wconf 79' lang='grc' dir='ltr'>Β</span> <span class='ocrx_word' id='word_1_220' title='bbox 2046 1792 2235 1846; x_wconf 87' lang='lat' dir='ltr'>lorum</span> <span class='ocrx_word' id='word_1_221' title='bbox 2259 1793 2706 1861; x_wconf 82' lang='lat' dir='ltr'>multitudinem,</span> <span class='ocrx_word' id='word_1_222' title='bbox 2733 1794 2884 1846; x_wconf 81' lang='lat' dir='ltr'>sicut</span> <span class='ocrx_word' id='word_1_223' title='bbox 2917 1796 2970 1847; x_wconf 92' lang='lat' dir='ltr'>ei</span> <span class='ocrx_word' id='word_1_224' title='bbox 3002 1795 3289 1862; x_wconf 85' lang='lat' dir='ltr'>possibile</span> <span class='ocrx_word' id='word_1_225' title='bbox 3326 1799 3449 1849; x_wconf 90' lang='lat' dir='ltr'>crat</span> <span class='ocrx_word' id='word_1_226' title='bbox 3478 1778 3711 1867; x_wconf 64' lang='lat' dir='ltr'>intueri,</span> 
     </span>
    </p>
   </div>
   <div class='ocr_carea' id='block_1_34' title="bbox 268 1866 1940 1940">
    <p class='ocr_par' dir='ltr' id='par_1_34' title="bbox 268 1866 1940 1940">
     <span class='ocr_line' id='line_1_34' title="bbox 268 1866 1940 1940; baseline 0.001 -20"><span class='ocrx_word' id='word_1_227' title='bbox 268 1871 426 1920; x_wconf 82' lang='lat' dir='ltr'>etant</span> <span class='ocrx_word' id='word_1_228' title='bbox 448 1883 555 1936; x_wconf 90' lang='lat' dir='ltr'>per</span> <span class='ocrx_word' id='word_1_229' title='bbox 576 1866 708 1937; x_wconf 89' lang='lat' dir='ltr'>ejus</span> <span class='ocrx_word' id='word_1_230' title='bbox 739 1868 1168 1938; x_wconf 88' lang='lat' dir='ltr'>auctoritatem,</span> <span class='ocrx_word' id='word_1_231' title='bbox 1190 1884 1362 1938; x_wconf 88' lang='lat' dir='ltr'>quam</span> <span class='ocrx_word' id='word_1_232' title='bbox 1394 1870 1769 1938; x_wconf 86' lang='lat' dir='ltr'>perversitati</span> <span class='ocrx_word' id='word_1_233' title='bbox 1814 1886 1940 1940; x_wconf 66' lang='lat' dir='ltr'>suae</span> 
     </span>
    </p>
   </div>
   <div class='ocr_carea' id='block_1_35' title="bbox 267 1956 1939 2025">
    <p class='ocr_par' dir='ltr' id='par_1_35' title="bbox 267 1956 1939 2025">
     <span class='ocr_line' id='line_1_35' title="bbox 267 1956 1939 2025; baseline 0.002 -16"><span class='ocrx_word' id='word_1_234' title='bbox 267 1958 560 2025; x_wconf 88' lang='lat' dir='ltr'>coaptant.</span> <span class='ocrx_word' id='word_1_235' title='bbox 598 1956 764 2010; x_wconf 89' lang='lat' dir='ltr'>Unde</span> <span class='ocrx_word' id='word_1_236' title='bbox 795 1956 1125 2010; x_wconf 85' lang='lat' dir='ltr'>studiosius</span> <span class='ocrx_word' id='word_1_237' title='bbox 1183 1958 1659 2025; x_wconf 86' lang='lat' dir='ltr'>persuadendum</span> <span class='ocrx_word' id='word_1_238' title='bbox 1699 1974 1939 2012; x_wconf 90' lang='lat' dir='ltr'>monen-</span> 
     </span>
    </p>
   </div>
   <div class='ocr_carea' id='block_1_36' title="bbox 267 2044 1938 2116">
    <p class='ocr_par' dir='ltr' id='par_1_36' title="bbox 267 2044 1938 2116">
     <span class='ocr_line' id='line_1_36' title="bbox 267 2044 1938 2116; baseline 0.001 -18"><span class='ocrx_word' id='word_1_239' title='bbox 267 2044 527 2116; x_wconf 88' lang='lat' dir='ltr'>dumque</span> <span class='ocrx_word' id='word_1_240' title='bbox 560 2046 792 2100; x_wconf 86' lang='lat' dir='ltr'>videtur</span> <span class='ocrx_word' id='word_1_241' title='bbox 828 2050 889 2099; x_wconf 88' lang='lat' dir='ltr'>ut</span> <span class='ocrx_word' id='word_1_242' title='bbox 920 2045 1257 2116; x_wconf 88' lang='lat' dir='ltr'>quicunque</span> <span class='ocrx_word' id='word_1_243' title='bbox 1317 2046 1554 2101; x_wconf 88' lang='lat' dir='ltr'>codices</span> <span class='ocrx_word' id='word_1_244' title='bbox 1606 2047 1938 2102; x_wconf 89' lang='lat' dir='ltr'>divinorum</span> 
     </span>
    </p>
   </div>
   <div class='ocr_carea' id='block_1_37' title="bbox 264 2132 1938 2206">
    <p class='ocr_par' dir='ltr' id='par_1_37' title="bbox 264 2132 1938 2206">
     <span class='ocr_line' id='line_1_37' title="bbox 264 2132 1938 2206; baseline 0.002 -20"><span class='ocrx_word' id='word_1_245' title='bbox 264 2137 652 2188; x_wconf 86' lang='lat' dir='ltr'>tractatorum</span> <span class='ocrx_word' id='word_1_246' title='bbox 675 2132 987 2188; x_wconf 90' lang='lat' dir='ltr'>offenderit</span> <span class='ocrx_word' id='word_1_247' title='bbox 1015 2150 1083 2189; x_wconf 91' lang='lat' dir='ltr'>ac</span> <span class='ocrx_word' id='word_1_248' title='bbox 1106 2135 1395 2206; x_wconf 86' lang='lat' dir='ltr'>legendos</span> <span class='ocrx_word' id='word_1_249' title='bbox 1427 2136 1765 2203; x_wconf 89' lang='lat' dir='ltr'>revolverit,</span> <span class='ocrx_word' id='word_1_250' title='bbox 1798 2153 1938 2190; x_wconf 88' lang='lat' dir='ltr'>cau-</span> 
     </span>
    </p>
   </div>
   <div class='ocr_carea' id='block_1_38' title="bbox 268 2222 1939 2295">
    <p class='ocr_par' dir='ltr' id='par_1_38' title="bbox 268 2222 1939 2295">
     <span class='ocr_line' id='line_1_38' title="bbox 268 2222 1939 2295; baseline 0.003 -20"><span class='ocrx_word' id='word_1_251' title='bbox 268 2222 387 2277; x_wconf 88' lang='lat' dir='ltr'>tius</span> <span class='ocrx_word' id='word_1_252' title='bbox 431 2223 667 2295; x_wconf 86' lang='lat' dir='ltr'>singula</span> <span class='ocrx_word' id='word_1_253' title='bbox 699 2227 1023 2292; x_wconf 87' lang='lat' dir='ltr'>percurrat;</span> <span class='ocrx_word' id='word_1_254' title='bbox 1051 2230 1125 2291; x_wconf 91' lang='lat' dir='ltr'>et,</span> <span class='ocrx_word' id='word_1_255' title='bbox 1159 2225 1259 2278; x_wconf 90' lang='lat' dir='ltr'>ubi</span> <span class='ocrx_word' id='word_1_256' title='bbox 1290 2224 1486 2295; x_wconf 90' lang='lat' dir='ltr'>aliqua</span> <span class='ocrx_word' id='word_1_257' title='bbox 1517 2225 1631 2278; x_wconf 89' lang='lat' dir='ltr'>sibi</span> <span class='ocrx_word' id='word_1_258' title='bbox 1663 2225 1939 2280; x_wconf 83' lang='lat' dir='ltr'>obscurae</span> 
     </span>
    </p>
   </div>
   <div class='ocr_carea' id='block_1_39' title="bbox 270 2311 1941 2383">
    <p class='ocr_par' dir='ltr' id='par_1_39' title="bbox 270 2311 1941 2383">
     <span class='ocr_line' id='line_1_39' title="bbox 270 2311 1941 2383; baseline 0.002 -18"><span class='ocrx_word' id='word_1_259' title='bbox 270 2311 357 2365; x_wconf 87' lang='lat' dir='ltr'>rei</span> <span class='ocrx_word' id='word_1_260' title='bbox 376 2311 582 2366; x_wconf 88' lang='lat' dir='ltr'>oborta</span> <span class='ocrx_word' id='word_1_261' title='bbox 601 2311 775 2366; x_wconf 89' lang='lat' dir='ltr'>fuerit</span> <span class='ocrx_word' id='word_1_262' title='bbox 793 2312 1267 2382; x_wconf 83' lang='lat' dir='ltr'>difﬁcultas,suae</span> <span class='ocrx_word' id='word_1_263' title='bbox 1293 2313 1564 2383; x_wconf 88' lang='lat' dir='ltr'>tarditati,</span> <span class='ocrx_word' id='word_1_264' title='bbox 1607 2330 1726 2369; x_wconf 90' lang='lat' dir='ltr'>non</span> <span class='ocrx_word' id='word_1_265' title='bbox 1748 2314 1941 2368; x_wconf 90' lang='lat' dir='ltr'>docto-</span> 
     </span>
    </p>
   </div>
   <div class='ocr_carea' id='block_1_40' title="bbox 264 2402 1937 2473">
    <p class='ocr_par' dir='ltr' id='par_1_40' title="bbox 264 2402 1937 2473">
     <span class='ocr_line' id='line_1_40' title="bbox 264 2402 1937 2473; baseline 0.004 -20"><span class='ocrx_word' id='word_1_266' title='bbox 264 2402 351 2455; x_wconf 88' lang='lat' dir='ltr'>ris</span> <span class='ocrx_word' id='word_1_267' title='bbox 375 2402 838 2471; x_wconf 88' lang='lat' dir='ltr'>imputeterrori,</span> <span class='ocrx_word' id='word_1_268' title='bbox 865 2418 931 2454; x_wconf 88' lang='lat' dir='ltr'>ac</span> <span class='ocrx_word' id='word_1_269' title='bbox 963 2402 1206 2472; x_wconf 84' lang='lat' dir='ltr'>proinde</span> <span class='ocrx_word' id='word_1_270' title='bbox 1236 2406 1334 2456; x_wconf 90' lang='lat' dir='ltr'>aut</span> <span class='ocrx_word' id='word_1_271' title='bbox 1366 2419 1497 2471; x_wconf 90' lang='lat' dir='ltr'>suo,</span> <span class='ocrx_word' id='word_1_272' title='bbox 1531 2403 1583 2455; x_wconf 90' lang='lat' dir='ltr'>si</span> <span class='ocrx_word' id='word_1_273' title='bbox 1606 2403 1663 2456; x_wconf 91' lang='lat' dir='ltr'>id</span> <span class='ocrx_word' id='word_1_274' title='bbox 1696 2419 1937 2473; x_wconf 87' lang='lat' dir='ltr'>proces-</span> 
     </span>
    </p>
   </div>
   <div class='ocr_carea' id='block_1_41' title="bbox 266 2490 1939 2561">
    <p class='ocr_par' dir='ltr' id='par_1_41' title="bbox 266 2490 1939 2561">
     <span class='ocr_line' id='line_1_41' title="bbox 266 2490 1939 2561; baseline 0.002 -18"><span class='ocrx_word' id='word_1_275' title='bbox 266 2490 433 2557; x_wconf 86' lang='lat' dir='ltr'>serit,</span> <span class='ocrx_word' id='word_1_276' title='bbox 483 2490 681 2544; x_wconf 82' lang='lat' dir='ltr'>studio</span> <span class='ocrx_word' id='word_1_277' title='bbox 711 2505 843 2560; x_wconf 63' lang='lat' dir='ltr'>quae</span> <span class='ocrx_word' id='word_1_278' title='bbox 875 2490 1149 2544; x_wconf 89' lang='lat' dir='ltr'>dicuntur</span> <span class='ocrx_word' id='word_1_279' title='bbox 1179 2491 1439 2545; x_wconf 89' lang='lat' dir='ltr'>elaboret</span> <span class='ocrx_word' id='word_1_280' title='bbox 1460 2491 1810 2561; x_wconf 81' lang='lat' dir='ltr'>intelligere;</span> <span class='ocrx_word' id='word_1_281' title='bbox 1844 2493 1939 2546; x_wconf 88' lang='lat' dir='ltr'>sin</span> 
     </span>
    </p>
   </div>
   <div class='ocr_carea' id='block_1_42' title="bbox 264 2580 1937 2650">
    <p class='ocr_par' dir='ltr' id='par_1_42' title="bbox 264 2580 1937 2650">
     <span class='ocr_line' id='line_1_42' title="bbox 264 2580 1937 2650; baseline 0.001 -17"><span class='ocrx_word' id='word_1_282' title='bbox 264 2582 464 2635; x_wconf 89' lang='lat' dir='ltr'>minus</span> <span class='ocrx_word' id='word_1_283' title='bbox 495 2580 766 2634; x_wconf 89' lang='lat' dir='ltr'>catholici</span> <span class='ocrx_word' id='word_1_284' title='bbox 800 2580 1141 2650; x_wconf 87' lang='lat' dir='ltr'>magisterio</span> <span class='ocrx_word' id='word_1_285' title='bbox 1169 2581 1432 2636; x_wconf 89' lang='lat' dir='ltr'>doctoris</span> <span class='ocrx_word' id='word_1_286' title='bbox 1467 2586 1716 2636; x_wconf 88' lang='lat' dir='ltr'>maturet</span> <span class='ocrx_word' id='word_1_287' title='bbox 1769 2582 1937 2637; x_wconf 89' lang='lat' dir='ltr'>addi-</span> 
     </span>
    </p>
   </div>
   <div class='ocr_carea' id='block_1_43' title="bbox 265 2670 1932 2741">
    <p class='ocr_par' dir='ltr' id='par_1_43' title="bbox 265 2670 1932 2741">
     <span class='ocr_line' id='line_1_43' title="bbox 265 2670 1932 2741; baseline 0.002 -18"><span class='ocrx_word' id='word_1_288' title='bbox 265 2672 773 2738; x_wconf 87' lang='lat' dir='ltr'>scere;autcerte,</span> <span class='ocrx_word' id='word_1_289' title='bbox 798 2670 847 2721; x_wconf 91' lang='lat' dir='ltr'>si</span> <span class='ocrx_word' id='word_1_290' title='bbox 870 2671 1113 2739; x_wconf 87' lang='lat' dir='ltr'>assequi</span> <span class='ocrx_word' id='word_1_291' title='bbox 1139 2670 1290 2724; x_wconf 90' lang='lat' dir='ltr'>unde</span> <span class='ocrx_word' id='word_1_292' title='bbox 1341 2671 1535 2740; x_wconf 82' lang='lat' dir='ltr'>agitur</span> <span class='ocrx_word' id='word_1_293' title='bbox 1580 2671 1932 2741; x_wconf 86' lang='lat' dir='ltr'>nequiverit,</span> 
     </span>
    </p>
   </div>
   <div class='ocr_carea' id='block_1_44' title="bbox 262 2740 1936 2829">
    <p class='ocr_par' dir='ltr' id='par_1_44' title="bbox 262 2740 1936 2829">
     <span class='ocr_line' id='line_1_44' title="bbox 262 2740 1936 2829; baseline 0.002 -19"><span class='ocrx_word' id='word_1_294' title='bbox 262 2760 607 2811; x_wconf 87' lang='lat' dir='ltr'>reverenter</span> <span class='ocrx_word' id='word_1_295' title='bbox 636 2758 825 2810; x_wconf 89' lang='lat' dir='ltr'>discat</span> <span class='ocrx_word' id='word_1_296' title='bbox 866 2757 1183 2825; x_wconf 90' lang='lat' dir='ltr'>honorare,</span> <span class='ocrx_word' id='word_1_297' title='bbox 1216 2762 1279 2812; x_wconf 91' lang='lat' dir='ltr'>ut</span> <span class='ocrx_word' id='word_1_298' title='bbox 1309 2774 1414 2828; x_wconf 88' lang='lat' dir='ltr'>pro</span> <span class='ocrx_word' id='word_1_299' title='bbox 1446 2740 1788 2829; x_wconf 81' lang='lat' dir='ltr'>hujusmodi</span> <span class='ocrx_word' id='word_1_300' title='bbox 1824 2761 1936 2814; x_wconf 91' lang='lat' dir='ltr'>hu-</span> 
     </span>
    </p>
   </div>
   <div class='ocr_carea' id='block_1_45' title="bbox 265 2845 1934 2917">
    <p class='ocr_par' dir='ltr' id='par_1_45' title="bbox 265 2845 1934 2917">
     <span class='ocr_line' id='line_1_45' title="bbox 265 2845 1934 2917; baseline 0.002 -19"><span class='ocrx_word' id='word_1_301' title='bbox 265 2845 530 2914; x_wconf 88' lang='lat' dir='ltr'>militate,</span> <span class='ocrx_word' id='word_1_302' title='bbox 593 2847 689 2898; x_wconf 90' lang='lat' dir='ltr'>aut</span> <span class='ocrx_word' id='word_1_303' title='bbox 751 2845 895 2899; x_wconf 91' lang='lat' dir='ltr'>illud</span> <span class='ocrx_word' id='word_1_304' title='bbox 981 2846 1250 2915; x_wconf 90' lang='lat' dir='ltr'>capiendi</span> <span class='ocrx_word' id='word_1_305' title='bbox 1308 2847 1464 2917; x_wconf 90' lang='lat' dir='ltr'>quod</span> <span class='ocrx_word' id='word_1_306' title='bbox 1526 2848 1641 2899; x_wconf 88' lang='lat' dir='ltr'>sibi</span> <span class='ocrx_word' id='word_1_307' title='bbox 1689 2849 1934 2902; x_wconf 89' lang='lat' dir='ltr'>arduum</span> 
     </span>
    </p>
   </div>
   <div class='ocr_carea' id='block_1_46' title="bbox 261 2933 1935 3005">
    <p class='ocr_par' dir='ltr' id='par_1_46' title="bbox 261 2933 1935 3005">
     <span class='ocr_line' id='line_1_46' title="bbox 261 2933 1935 3005; baseline 0.002 -18"><span class='ocrx_word' id='word_1_308' title='bbox 261 2937 321 2987; x_wconf 89' lang='lat' dir='ltr'>et</span> <span class='ocrx_word' id='word_1_309' title='bbox 353 2933 591 2988; x_wconf 87' lang='lat' dir='ltr'>difﬁcile</span> <span class='ocrx_word' id='word_1_310' title='bbox 637 2938 779 3004; x_wconf 90' lang='lat' dir='ltr'>erat,</span> <span class='ocrx_word' id='word_1_311' title='bbox 844 2937 940 2987; x_wconf 88' lang='lat' dir='ltr'>aut</span> <span class='ocrx_word' id='word_1_312' title='bbox 1000 2936 1171 2987; x_wconf 86' lang='lat' dir='ltr'>aliam</span> <span class='ocrx_word' id='word_1_313' title='bbox 1231 2936 1514 2989; x_wconf 90' lang='lat' dir='ltr'>divinitus</span> <span class='ocrx_word' id='word_1_314' title='bbox 1572 2936 1935 3005; x_wconf 88' lang='lat' dir='ltr'>adispicatur</span> 
     </span>
    </p>
   </div>
   <div class='ocr_carea' id='block_1_47' title="bbox 262 3023 1930 3093">
    <p class='ocr_par' dir='ltr' id='par_1_47' title="bbox 262 3023 1930 3093">
     <span class='ocr_line' id='line_1_47' title="bbox 262 3023 1930 3093; baseline 0.002 -18"><span class='ocrx_word' id='word_1_315' title='bbox 262 3023 513 3093; x_wconf 79' lang='lat' dir='ltr'>gratiam</span> <span class='ocrx_word' id='word_1_316' title='bbox 546 3039 721 3093; x_wconf 88' lang='lat' dir='ltr'>quam</span> <span class='ocrx_word' id='word_1_317' title='bbox 762 3023 1013 3077; x_wconf 90' lang='lat' dir='ltr'>necdum</span> <span class='ocrx_word' id='word_1_318' title='bbox 1062 3023 1332 3078; x_wconf 86' lang='lat' dir='ltr'>habebat.</span> <span class='ocrx_word' id='word_1_319' title='bbox 1398 3024 1712 3078; x_wconf 86' lang='lat' dir='ltr'>Humilitas</span> <span class='ocrx_word' id='word_1_320' title='bbox 1756 3026 1930 3093; x_wconf 90' lang='lat' dir='ltr'>enim,</span> 
     </span>
    </p>
   </div>
   <div class='ocr_carea' id='block_1_48' title="bbox 260 3111 1932 3185">
    <p class='ocr_par' dir='ltr' id='par_1_48' title="bbox 260 3111 1932 3185">
     <span class='ocr_line' id='line_1_48' title="bbox 260 3111 1932 3185; baseline 0.001 -20"><span class='ocrx_word' id='word_1_321' title='bbox 260 3113 417 3166; x_wconf 89' lang='lat' dir='ltr'>sicut</span> <span class='ocrx_word' id='word_1_322' title='bbox 448 3113 724 3166; x_wconf 91' lang='lat' dir='ltr'>virtutum</span> <span class='ocrx_word' id='word_1_323' title='bbox 755 3111 1146 3166; x_wconf 89' lang='lat' dir='ltr'>emolumenta</span> <span class='ocrx_word' id='word_1_324' title='bbox 1194 3129 1325 3182; x_wconf 81' lang='lat' dir='ltr'>quae</span> <span class='ocrx_word' id='word_1_325' title='bbox 1383 3129 1499 3167; x_wconf 91' lang='lat' dir='ltr'>non</span> <span class='ocrx_word' id='word_1_326' title='bbox 1530 3117 1697 3167; x_wconf 90' lang='lat' dir='ltr'>erant</span> <span class='ocrx_word' id='word_1_327' title='bbox 1729 3115 1932 3185; x_wconf 88' lang='lat' dir='ltr'>acqui-</span> 
     </span>
    </p>
   </div>
   <div class='ocr_carea' id='block_1_49' title="bbox 258 3183 2010 3272">
    <p class='ocr_par' dir='ltr' id='par_1_49' title="bbox 258 3183 2010 3272">
     <span class='ocr_line' id='line_1_49' title="bbox 258 3183 2010 3272; baseline 0.002 -18"><span class='ocrx_word' id='word_1_328' title='bbox 258 3202 355 3269; x_wconf 88' lang='lat' dir='ltr'>rit,</span> <span class='ocrx_word' id='word_1_329' title='bbox 391 3201 477 3255; x_wconf 89' lang='lat' dir='ltr'>sic</span> <span class='ocrx_word' id='word_1_330' title='bbox 511 3201 715 3271; x_wconf 90' lang='lat' dir='ltr'>adepta</span> <span class='ocrx_word' id='word_1_331' title='bbox 746 3218 817 3255; x_wconf 89' lang='lat' dir='ltr'>ne</span> <span class='ocrx_word' id='word_1_332' title='bbox 867 3201 1209 3254; x_wconf 90' lang='lat' dir='ltr'>amittantur</span> <span class='ocrx_word' id='word_1_333' title='bbox 1257 3204 1395 3271; x_wconf 88' lang='lat' dir='ltr'>agit.</span> <span class='ocrx_word' id='word_1_334' title='bbox 1455 3201 1715 3257; x_wconf 88' lang='lat' dir='ltr'>Proinde</span> <span class='ocrx_word' id='word_1_335' title='bbox 1764 3183 1932 3272; x_wconf 79' lang='lat' dir='ltr'>sane,</span> <span class='ocrx_word' id='word_1_336' title='bbox 1966 3183 2010 3238; x_wconf 66' lang='grc' dir='ltr'>Ο</span> 
     </span>
    </p>
   </div>
   <div class='ocr_carea' id='block_1_50' title="bbox 261 3289 1931 3362">
    <p class='ocr_par' dir='ltr' id='par_1_50' title="bbox 261 3289 1931 3362">
     <span class='ocr_line' id='line_1_50' title="bbox 261 3289 1931 3362; baseline 0.002 -19"><span class='ocrx_word' id='word_1_337' title='bbox 261 3306 396 3343; x_wconf 89' lang='lat' dir='ltr'>cum</span> <span class='ocrx_word' id='word_1_338' title='bbox 423 3291 479 3343; x_wconf 93' lang='lat' dir='ltr'>in</span> <span class='ocrx_word' id='word_1_339' title='bbox 502 3291 776 3344; x_wconf 88' lang='lat' dir='ltr'>omnibus</span> <span class='ocrx_word' id='word_1_340' title='bbox 790 3289 1222 3344; x_wconf 87' lang='lat' dir='ltr'>sitneeessaria</span> <span class='ocrx_word' id='word_1_341' title='bbox 1241 3290 1538 3343; x_wconf 89' lang='lat' dir='ltr'>humilitas</span> <span class='ocrx_word' id='word_1_342' title='bbox 1557 3290 1931 3362; x_wconf 64' lang='lat' dir='ltr'>Christianae,</span> 
     </span>
    </p>
   </div>
   <div class='ocr_carea' id='block_1_51' title="bbox 260 3378 1936 3449">
    <p class='ocr_par' dir='ltr' id='par_1_51' title="bbox 260 3378 1936 3449">
     <span class='ocr_line' id='line_1_51' title="bbox 260 3378 1936 3449; baseline 0.001 -16"><span class='ocrx_word' id='word_1_343' title='bbox 260 3379 573 3449; x_wconf 80' lang='lat' dir='ltr'>religionis</span> <span class='ocrx_word' id='word_1_344' title='bbox 607 3378 1084 3448; x_wconf 84' lang='lat' dir='ltr'>charismatibus,</span> <span class='ocrx_word' id='word_1_345' title='bbox 1113 3379 1295 3432; x_wconf 79' lang='lat' dir='ltr'>inlice</span> <span class='ocrx_word' id='word_1_346' title='bbox 1325 3380 1656 3449; x_wconf 68' lang='lat' dir='ltr'>praesertim</span> <span class='ocrx_word' id='word_1_347' title='bbox 1682 3379 1936 3434; x_wconf 90' lang='lat' dir='ltr'>Domini-</span> 
     </span>
    </p>
   </div>
   <div class='ocr_carea' id='block_1_52' title="bbox 259 3468 1934 3539">
    <p class='ocr_par' dir='ltr' id='par_1_52' title="bbox 259 3468 1934 3539">
     <span class='ocr_line' id='line_1_52' title="bbox 259 3468 1934 3539; baseline 0.001 -17"><span class='ocrx_word' id='word_1_348' title='bbox 259 3485 349 3522; x_wconf 85' lang='lat' dir='ltr'>cae</span> <span class='ocrx_word' id='word_1_349' title='bbox 373 3468 705 3522; x_wconf 85' lang='lat' dir='ltr'>traditionis</span> <span class='ocrx_word' id='word_1_350' title='bbox 735 3471 1103 3521; x_wconf 87' lang='lat' dir='ltr'>sacramento</span> <span class='ocrx_word' id='word_1_351' title='bbox 1135 3469 1295 3522; x_wconf 90' lang='lat' dir='ltr'>utilis</span> <span class='ocrx_word' id='word_1_352' title='bbox 1316 3471 1371 3521; x_wconf 90' lang='lat' dir='ltr'>et</span> <span class='ocrx_word' id='word_1_353' title='bbox 1392 3468 1704 3523; x_wconf 89' lang='lat' dir='ltr'>admodum</span> <span class='ocrx_word' id='word_1_354' title='bbox 1728 3485 1934 3539; x_wconf 90' lang='lat' dir='ltr'>oppor-</span> 
     </span>
    </p>
   </div>
   <div class='ocr_carea' id='block_1_53' title="bbox 256 3544 1932 3631">
    <p class='ocr_par' dir='ltr' id='par_1_53' title="bbox 256 3544 1932 3631">
     <span class='ocr_line' id='line_1_53' title="bbox 256 3544 1932 3631; baseline 0.001 -22"><span class='ocrx_word' id='word_1_355' title='bbox 256 3559 397 3610; x_wconf 89' lang='lat' dir='ltr'>tuna</span> <span class='ocrx_word' id='word_1_356' title='bbox 451 3544 885 3625; x_wconf 84' lang='lat' dir='ltr'>comprobatur,</span> <span class='ocrx_word' id='word_1_357' title='bbox 932 3557 1157 3631; x_wconf 80' lang='lat' dir='ltr'>inquo</span> <span class='ocrx_word' id='word_1_358' title='bbox 1216 3560 1371 3610; x_wconf 88' lang='lat' dir='ltr'>tanta</span> <span class='ocrx_word' id='word_1_359' title='bbox 1423 3558 1637 3611; x_wconf 83' lang='lat' dir='ltr'>divinae</span> <span class='ocrx_word' id='word_1_360' title='bbox 1693 3559 1932 3613; x_wconf 87' lang='lat' dir='ltr'>virtutis</span> 
     </span>
    </p>
   </div>
   <div class='ocr_carea' id='block_1_54' title="bbox 256 3644 1932 3717">
    <p class='ocr_par' dir='ltr' id='par_1_54' title="bbox 256 3644 1932 3717">
     <span class='ocr_line' id='line_1_54' title="bbox 256 3644 1932 3717; baseline 0.002 -20"><span class='ocrx_word' id='word_1_361' title='bbox 256 3644 517 3716; x_wconf 88' lang='lat' dir='ltr'>refulget</span> <span class='ocrx_word' id='word_1_362' title='bbox 538 3645 746 3717; x_wconf 85' lang='lat' dir='ltr'>gratia,</span> <span class='ocrx_word' id='word_1_363' title='bbox 782 3648 843 3698; x_wconf 90' lang='lat' dir='ltr'>ut</span> <span class='ocrx_word' id='word_1_364' title='bbox 874 3645 1195 3699; x_wconf 89' lang='lat' dir='ltr'>humilitate</span> <span class='ocrx_word' id='word_1_365' title='bbox 1244 3645 1440 3715; x_wconf 89' lang='lat' dir='ltr'>potius</span> <span class='ocrx_word' id='word_1_366' title='bbox 1472 3662 1645 3717; x_wconf 89' lang='lat' dir='ltr'>quam</span> <span class='ocrx_word' id='word_1_367' title='bbox 1678 3646 1932 3700; x_wconf 88' lang='lat' dir='ltr'>humana</span> 
     </span>
    </p>
   </div>
   <div class='ocr_carea' id='block_1_55' title="bbox 258 3734 1931 3806">
    <p class='ocr_par' dir='ltr' id='par_1_55' title="bbox 258 3734 1931 3806">
     <span class='ocr_line' id='line_1_55' title="bbox 258 3734 1931 3806; baseline 0.001 -19"><span class='ocrx_word' id='word_1_368' title='bbox 258 3734 851 3804; x_wconf 79' lang='lat' dir='ltr'>capiaturindustria.</span> <span class='ocrx_word' id='word_1_369' title='bbox 904 3734 985 3788; x_wconf 91' lang='lat' dir='ltr'>De</span> <span class='ocrx_word' id='word_1_370' title='bbox 1018 3734 1192 3805; x_wconf 72' lang='lat' dir='ltr'>cujus</span> <span class='ocrx_word' id='word_1_371' title='bbox 1226 3734 1647 3806; x_wconf 86' lang='lat' dir='ltr'>magnitudine,</span> <span class='ocrx_word' id='word_1_372' title='bbox 1680 3736 1931 3789; x_wconf 86' lang='lat' dir='ltr'>terribili</span> 
     </span>
    </p>
   </div>
   <div class='ocr_carea' id='block_1_56' title="bbox 256 3823 1928 3895">
    <p class='ocr_par' dir='ltr' id='par_1_56' title="bbox 256 3823 1928 3895">
     <span class='ocr_line' id='line_1_56' title="bbox 256 3823 1928 3895; baseline 0.001 -18"><span class='ocrx_word' id='word_1_373' title='bbox 256 3824 570 3893; x_wconf 89' lang='lat' dir='ltr'>magisque</span> <span class='ocrx_word' id='word_1_374' title='bbox 599 3823 927 3877; x_wconf 89' lang='lat' dir='ltr'>reverenda</span> <span class='ocrx_word' id='word_1_375' title='bbox 959 3840 1135 3893; x_wconf 91' lang='lat' dir='ltr'>quam</span> <span class='ocrx_word' id='word_1_376' title='bbox 1165 3823 1555 3891; x_wconf 88' lang='lat' dir='ltr'>discutienda,</span> <span class='ocrx_word' id='word_1_377' title='bbox 1588 3824 1647 3876; x_wconf 91' lang='lat' dir='ltr'>in</span> <span class='ocrx_word' id='word_1_378' title='bbox 1682 3824 1928 3895; x_wconf 89' lang='lat' dir='ltr'>Dialogo</span> 
     </span>
    </p>
   </div>
   <div class='ocr_carea' id='block_1_57' title="bbox 254 3912 1928 3983">
    <p class='ocr_par' dir='ltr' id='par_1_57' title="bbox 254 3912 1928 3983">
     <span class='ocr_line' id='line_1_57' title="bbox 254 3912 1928 3983; baseline 0.001 -17"><span class='ocrx_word' id='word_1_379' title='bbox 254 3913 507 3967; x_wconf 83' lang='lat' dir='ltr'>Joannis</span> <span class='ocrx_word' id='word_1_380' title='bbox 538 3914 597 3966; x_wconf 90' lang='lat' dir='ltr'>et</span> <span class='ocrx_word' id='word_1_381' title='bbox 628 3912 834 3965; x_wconf 86' lang='lat' dir='ltr'>Basilii</span> <span class='ocrx_word' id='word_1_382' title='bbox 856 3912 1024 3966; x_wconf 87' lang='lat' dir='ltr'>valde</span> <span class='ocrx_word' id='word_1_383' title='bbox 1049 3914 1446 3981; x_wconf 88' lang='lat' dir='ltr'>competenter</span> <span class='ocrx_word' id='word_1_384' title='bbox 1462 3912 1822 3983; x_wconf 89' lang='lat' dir='ltr'>disputatum</span> <span class='ocrx_word' id='word_1_385' title='bbox 1837 3917 1928 3969; x_wconf 87' lang='lat' dir='ltr'>est</span> 
     </span>
    </p>
   </div>
   <div class='ocr_carea' id='block_1_58' title="bbox 243 4000 1920 4071">
    <p class='ocr_par' dir='ltr' id='par_1_58' title="bbox 243 4000 1920 4071">
     <span class='ocr_line' id='line_1_58' title="bbox 243 4000 1920 4071; baseline 0.001 -17"><span class='ocrx_word' id='word_1_386' title='bbox 243 4000 521 4069; x_wconf 85' lang='lat' dir='ltr'>inveniri;</span> <span class='ocrx_word' id='word_1_387' title='bbox 554 4002 643 4055; x_wconf 90' lang='lat' dir='ltr'>sic</span> <span class='ocrx_word' id='word_1_388' title='bbox 670 4016 924 4071; x_wconf 88' lang='lat' dir='ltr'>namque</span> <span class='ocrx_word' id='word_1_389' title='bbox 988 4002 1138 4055; x_wconf 81' lang='lat' dir='ltr'>inter</span> <span class='ocrx_word' id='word_1_390' title='bbox 1188 4005 1400 4055; x_wconf 65' lang='lat' dir='ltr'>caetera</span> <span class='ocrx_word' id='word_1_391' title='bbox 1436 4001 1731 4071; x_wconf 88' lang='lat' dir='ltr'>reperitur</span> <span class='ocrx_word' id='word_1_392' title='bbox 1761 4004 1920 4055; x_wconf 88' lang='lat' dir='ltr'>scri-</span> 
     </span>
    </p>
   </div>
   <div class='ocr_carea' id='block_1_59' title="bbox 251 4088 1925 4160">
    <p class='ocr_par' dir='ltr' id='par_1_59' title="bbox 251 4088 1925 4160">
     <span class='ocr_line' id='line_1_59' title="bbox 251 4088 1925 4160; baseline 0.002 -19"><span class='ocrx_word' id='word_1_393' title='bbox 251 4093 453 4158; x_wconf 88' lang='lat' dir='ltr'>ptum:</span> <span class='ocrx_word' id='word_1_394' title='bbox 480 4110 501 4133; x_wconf 83' lang='lat'><strong>«</strong></span> <span class='ocrx_word' id='word_1_395' title='bbox 529 4088 785 4143; x_wconf 84' lang='lat' dir='ltr'>Fuerunt</span> <span class='ocrx_word' id='word_1_396' title='bbox 820 4089 1059 4160; x_wconf 88' lang='lat' dir='ltr'>quidem</span> <span class='ocrx_word' id='word_1_397' title='bbox 1084 4089 1369 4143; x_wconf 87' lang='lat' dir='ltr'>terribilia</span> <span class='ocrx_word' id='word_1_398' title='bbox 1414 4093 1587 4160; x_wconf 89' lang='lat' dir='ltr'>atque</span> <span class='ocrx_word' id='word_1_399' title='bbox 1619 4089 1925 4144; x_wconf 87' lang='lat' dir='ltr'>horribilia</span> 
     </span>
    </p>
   </div>
   <div class='ocr_carea' id='block_1_60' title="bbox 250 4177 1922 4250">
    <p class='ocr_par' dir='ltr' id='par_1_60' title="bbox 250 4177 1922 4250">
     <span class='ocr_line' id='line_1_60' title="bbox 250 4177 1922 4250; baseline 0.001 -19"><span class='ocrx_word' id='word_1_400' title='bbox 250 4177 429 4231; x_wconf 88' lang='lat' dir='ltr'>etiam</span> <span class='ocrx_word' id='word_1_401' title='bbox 452 4194 515 4231; x_wconf 89' lang='lat' dir='ltr'>ea</span> <span class='ocrx_word' id='word_1_402' title='bbox 552 4194 682 4248; x_wconf 68' lang='lat' dir='ltr'>quae</span> <span class='ocrx_word' id='word_1_403' title='bbox 715 4178 773 4231; x_wconf 91' lang='lat' dir='ltr'>in</span> <span class='ocrx_word' id='word_1_404' title='bbox 824 4178 1020 4232; x_wconf 87' lang='lat' dir='ltr'>Veteri</span> <span class='ocrx_word' id='word_1_405' title='bbox 1073 4178 1446 4233; x_wconf 88' lang='lat' dir='ltr'>Testamento</span> <span class='ocrx_word' id='word_1_406' title='bbox 1478 4179 1611 4232; x_wconf 86' lang='lat' dir='ltr'>ante</span> <span class='ocrx_word' id='word_1_407' title='bbox 1670 4180 1922 4250; x_wconf 88' lang='lat' dir='ltr'>gratiam</span> 
     </span>
    </p>
   </div>
   <div class='ocr_carea' id='block_1_61' title="bbox 250 4265 1922 4339">
    <p class='ocr_par' dir='ltr' id='par_1_61' title="bbox 250 4265 1922 4339">
     <span class='ocr_line' id='line_1_61' title="bbox 250 4265 1922 4339; baseline 0.001 -20"><span class='ocrx_word' id='word_1_408' title='bbox 250 4265 617 4339; x_wconf 87' lang='lat' dir='ltr'>gerebantur</span> <span class='ocrx_word' id='word_1_409' title='bbox 646 4267 704 4320; x_wconf 90' lang='lat' dir='ltr'>in</span> <span class='ocrx_word' id='word_1_410' title='bbox 736 4267 889 4338; x_wconf 87' lang='lat' dir='ltr'>lege,</span> <span class='ocrx_word' id='word_1_411' title='bbox 926 4272 985 4320; x_wconf 91' lang='lat' dir='ltr'>ut</span> <span class='ocrx_word' id='word_1_412' title='bbox 1014 4270 1149 4337; x_wconf 90' lang='lat' dir='ltr'>puta</span> <span class='ocrx_word' id='word_1_413' title='bbox 1180 4268 1587 4335; x_wconf 88' lang='lat' dir='ltr'>tintinnabula,</span> <span class='ocrx_word' id='word_1_414' title='bbox 1625 4268 1922 4339; x_wconf 85' lang='lat' dir='ltr'>malogra-</span> 
     </span>
    </p>
   </div>
   <div class='ocr_carea' id='block_1_62' title="bbox 251 4352 1918 4428">
    <p class='ocr_par' dir='ltr' id='par_1_62' title="bbox 251 4352 1918 4428">
     <span class='ocr_line' id='line_1_62' title="bbox 251 4352 1918 4428; baseline 0.002 -19"><span class='ocrx_word' id='word_1_415' title='bbox 251 4359 409 4423; x_wconf 89' lang='lat' dir='ltr'>nata,</span> <span class='ocrx_word' id='word_1_416' title='bbox 444 4352 668 4425; x_wconf 88' lang='lat' dir='ltr'>lapides</span> <span class='ocrx_word' id='word_1_417' title='bbox 698 4357 757 4409; x_wconf 92' lang='lat' dir='ltr'>in</span> <span class='ocrx_word' id='word_1_418' title='bbox 788 4360 1028 4427; x_wconf 89' lang='lat' dir='ltr'>pectore</span> <span class='ocrx_word' id='word_1_419' title='bbox 1088 4357 1358 4417; x_wconf 82' lang='lat' dir='ltr'>ordinati.</span> <span class='ocrx_word' id='word_1_420' title='bbox 1406 4357 1918 4428; x_wconf 88' lang='lat' dir='ltr'>superhumerale,</span> 
     </span>
    </p>
   </div>
   <div class='ocr_carea' id='block_1_63' title="bbox 255 4444 1918 4516">
    <p class='ocr_par' dir='ltr' id='par_1_63' title="bbox 255 4444 1918 4516">
     <span class='ocr_line' id='line_1_63' title="bbox 255 4444 1918 4516; baseline 0.002 -19"><span class='ocrx_word' id='word_1_421' title='bbox 255 4444 450 4514; x_wconf 88' lang='lat' dir='ltr'>mitra,</span> <span class='ocrx_word' id='word_1_422' title='bbox 502 4445 759 4515; x_wconf 74' lang='lat' dir='ltr'>cydaris,</span> <span class='ocrx_word' id='word_1_423' title='bbox 793 4445 1208 4499; x_wconf 86' lang='lat' dir='ltr'>vestimentum</span> <span class='ocrx_word' id='word_1_424' title='bbox 1239 4446 1442 4513; x_wconf 88' lang='lat' dir='ltr'>talare,</span> <span class='ocrx_word' id='word_1_425' title='bbox 1477 4445 1689 4499; x_wconf 90' lang='lat' dir='ltr'>lamina</span> <span class='ocrx_word' id='word_1_426' title='bbox 1719 4462 1918 4516; x_wconf 89' lang='lat' dir='ltr'>aurea,</span> 
     </span>
    </p>
   </div>
   <div class='ocr_carea' id='block_1_64' title="bbox 251 4534 1922 4605">
    <p class='ocr_par' dir='ltr' id='par_1_64' title="bbox 251 4534 1922 4605">
     <span class='ocr_line' id='line_1_64' title="bbox 251 4534 1922 4605; baseline 0.002 -18"><span class='ocrx_word' id='word_1_427' title='bbox 251 4536 460 4588; x_wconf 86' lang='lat' dir='ltr'>sancta</span> <span class='ocrx_word' id='word_1_428' title='bbox 491 4540 853 4601; x_wconf 88' lang='lat' dir='ltr'>sanctorum,</span> <span class='ocrx_word' id='word_1_429' title='bbox 888 4534 1167 4605; x_wconf 88' lang='lat' dir='ltr'>intusque</span> <span class='ocrx_word' id='word_1_430' title='bbox 1225 4534 1521 4589; x_wconf 90' lang='lat' dir='ltr'>silentium</span> <span class='ocrx_word' id='word_1_431' title='bbox 1580 4538 1635 4589; x_wconf 84' lang='lat' dir='ltr'>et</span> <span class='ocrx_word' id='word_1_432' title='bbox 1667 4535 1922 4590; x_wconf 88' lang='lat' dir='ltr'>solitudo</span> 
     </span>
    </p>
   </div>
   <div class='ocr_carea' id='block_1_65' title="bbox 246 4622 2000 4709">
    <p class='ocr_par' dir='ltr' id='par_1_65' title="bbox 246 4622 2000 4709">
     <span class='ocr_line' id='line_1_65' title="bbox 246 4622 2000 4709; baseline 0.002 -33"><span class='ocrx_word' id='word_1_433' title='bbox 246 4623 602 4676; x_wconf 89' lang='lat' dir='ltr'>reverenda.</span> <span class='ocrx_word' id='word_1_434' title='bbox 664 4622 880 4677; x_wconf 72' lang='lat' dir='ltr'>Verum</span> <span class='ocrx_word' id='word_1_435' title='bbox 938 4623 988 4676; x_wconf 90' lang='lat' dir='ltr'>si</span> <span class='ocrx_word' id='word_1_436' title='bbox 1021 4624 1154 4693; x_wconf 88' lang='lat' dir='ltr'>quis</span> <span class='ocrx_word' id='word_1_437' title='bbox 1187 4639 1254 4677; x_wconf 90' lang='lat' dir='ltr'>ea</span> <span class='ocrx_word' id='word_1_438' title='bbox 1304 4639 1436 4693; x_wconf 64' lang='lat' dir='ltr'>qua:</span> <span class='ocrx_word' id='word_1_439' title='bbox 1470 4626 1607 4676; x_wconf 89' lang='lat' dir='ltr'>sunt</span> <span class='ocrx_word' id='word_1_440' title='bbox 1628 4623 1686 4676; x_wconf 89' lang='lat' dir='ltr'>in</span> <span class='ocrx_word' id='word_1_441' title='bbox 1718 4624 1922 4695; x_wconf 82' lang='lat' dir='ltr'>gratiae</span> <span class='ocrx_word' id='word_1_442' title='bbox 1952 4655 2000 4709; x_wconf 85' lang='lat' dir='ltr'><strong>D</strong></span> 
     </span>
    </p>
   </div>
   <div class='ocr_carea' id='block_1_66' title="bbox 248 4710 1926 4784">
    <p class='ocr_par' dir='ltr' id='par_1_66' title="bbox 248 4710 1926 4784">
     <span class='ocr_line' id='line_1_66' title="bbox 248 4710 1926 4784; baseline 0.002 -21"><span class='ocrx_word' id='word_1_443' title='bbox 248 4710 623 4765; x_wconf 85' lang='lat' dir='ltr'>ordinatione</span> <span class='ocrx_word' id='word_1_444' title='bbox 648 4712 1191 4782; x_wconf 87' lang='lat' dir='ltr'>consideret,parva</span> <span class='ocrx_word' id='word_1_445' title='bbox 1214 4727 1352 4767; x_wconf 89' lang='lat' dir='ltr'>esse</span> <span class='ocrx_word' id='word_1_446' title='bbox 1384 4711 1477 4765; x_wconf 91' lang='lat' dir='ltr'>illa</span> <span class='ocrx_word' id='word_1_447' title='bbox 1502 4728 1634 4783; x_wconf 68' lang='lat' dir='ltr'>qum</span> <span class='ocrx_word' id='word_1_448' title='bbox 1665 4729 1926 4784; x_wconf 87' lang='lat' dir='ltr'>praeces-</span> 
     </span>
    </p>
   </div>
   <div class='ocr_carea' id='block_1_67' title="bbox 244 4798 1919 4872">
    <p class='ocr_par' dir='ltr' id='par_1_67' title="bbox 244 4798 1919 4872">
     <span class='ocr_line' id='line_1_67' title="bbox 244 4798 1919 4872; baseline 0.002 -20"><span class='ocrx_word' id='word_1_449' title='bbox 244 4798 757 4853; x_wconf 87' lang='lat' dir='ltr'>seruntterribilia</span> <span class='ocrx_word' id='word_1_450' title='bbox 779 4799 1370 4871; x_wconf 88' lang='lat' dir='ltr'>judicabit,quodque</span> <span class='ocrx_word' id='word_1_451' title='bbox 1416 4801 1487 4855; x_wconf 92' lang='lat' dir='ltr'>de</span> <span class='ocrx_word' id='word_1_452' title='bbox 1508 4801 1643 4872; x_wconf 89' lang='lat' dir='ltr'>lege</span> <span class='ocrx_word' id='word_1_453' title='bbox 1665 4817 1919 4871; x_wconf 88' lang='lat' dir='ltr'>pronun-</span> 
     </span>
    </p>
   </div>
   <div class='ocr_carea' id='block_1_68' title="bbox 240 4888 1918 4962">
    <p class='ocr_par' dir='ltr' id='par_1_68' title="bbox 240 4888 1918 4962">
     <span class='ocr_line' id='line_1_68' title="bbox 240 4888 1918 4962; baseline 0.002 -20"><span class='ocrx_word' id='word_1_454' title='bbox 240 4888 451 4943; x_wconf 83' lang='lat' dir='ltr'>tiatum</span> <span class='ocrx_word' id='word_1_455' title='bbox 469 4889 760 4958; x_wconf 88' lang='lat' dir='ltr'>est,etiam</span> <span class='ocrx_word' id='word_1_456' title='bbox 805 4905 910 4959; x_wconf 89' lang='lat' dir='ltr'>per</span> <span class='ocrx_word' id='word_1_457' title='bbox 951 4890 1079 4945; x_wconf 84' lang='lat' dir='ltr'>haec</span> <span class='ocrx_word' id='word_1_458' title='bbox 1107 4906 1315 4944; x_wconf 88' lang='lat' dir='ltr'>verum</span> <span class='ocrx_word' id='word_1_459' title='bbox 1336 4890 1918 4962; x_wconf 88' lang='lat' dir='ltr'>probabit,quoniam</span> 
     </span>
    </p>
   </div>
   <div class='ocr_carea' id='block_1_69' title="bbox 239 4977 1916 5052">
    <p class='ocr_par' dir='ltr' id='par_1_69' title="bbox 239 4977 1916 5052">
     <span class='ocr_line' id='line_1_69' title="bbox 239 4977 1916 5052; baseline 0.001 -20"><span class='ocrx_word' id='word_1_460' title='bbox 239 4993 369 5033; x_wconf 87' lang='lat' dir='ltr'>non</span> <span class='ocrx_word' id='word_1_461' title='bbox 398 4978 477 5031; x_wconf 92' lang='lat' dir='ltr'>sit</span> <span class='ocrx_word' id='word_1_462' title='bbox 505 4977 895 5048; x_wconf 82' lang='lat' dir='ltr'>glorificatum</span> <span class='ocrx_word' id='word_1_463' title='bbox 945 4979 1005 5033; x_wconf 88' lang='lat' dir='ltr'>id</span> <span class='ocrx_word' id='word_1_464' title='bbox 1037 4979 1196 5050; x_wconf 89' lang='lat' dir='ltr'>quod</span> <span class='ocrx_word' id='word_1_465' title='bbox 1252 4979 1649 5052; x_wconf 86' lang='lat' dir='ltr'>glorificatum</span> <span class='ocrx_word' id='word_1_466' title='bbox 1699 4980 1916 5050; x_wconf 86' lang='lat' dir='ltr'>fuerat,</span> 
     </span>
    </p>
   </div>
   <div class='ocr_carea' id='block_1_70' title="bbox 240 5066 1919 5138">
    <p class='ocr_par' dir='ltr' id='par_1_70' title="bbox 240 5066 1919 5138">
     <span class='ocr_line' id='line_1_70' title="bbox 240 5066 1919 5138; baseline 0.002 -18"><span class='ocrx_word' id='word_1_467' title='bbox 240 5070 491 5137; x_wconf 84' lang='lat' dir='ltr'>propter</span> <span class='ocrx_word' id='word_1_468' title='bbox 514 5066 896 5121; x_wconf 80' lang='lat' dir='ltr'>excellentem</span> <span class='ocrx_word' id='word_1_469' title='bbox 912 5069 1254 5124; x_wconf 90' lang='lat' dir='ltr'>claritatem.</span> <span class='ocrx_word' id='word_1_470' title='bbox 1290 5068 1458 5138; x_wconf 90' lang='lat' dir='ltr'>Nam,</span> <span class='ocrx_word' id='word_1_471' title='bbox 1485 5084 1617 5123; x_wconf 90' lang='lat' dir='ltr'>cum</span> <span class='ocrx_word' id='word_1_472' title='bbox 1650 5068 1919 5124; x_wconf 75' lang='lat' dir='ltr'>immola-</span> 
     </span>
    </p>
   </div>
   <div class='ocr_carea' id='block_1_71' title="bbox 239 5155 1919 5214">
    <p class='ocr_par' dir='ltr' id='par_1_71' title="bbox 239 5155 1919 5214">
     <span class='ocr_line' id='line_1_71' title="bbox 239 5155 1919 5214; baseline 0.002 -4"><span class='ocrx_word' id='word_1_473' title='bbox 239 5160 372 5210; x_wconf 82' lang='lat' dir='ltr'>tum</span> <span class='ocrx_word' id='word_1_474' title='bbox 395 5155 709 5210; x_wconf 89' lang='lat' dir='ltr'>Dominum</span> <span class='ocrx_word' id='word_1_475' title='bbox 747 5160 1013 5211; x_wconf 88' lang='lat' dir='ltr'>nostrum</span> <span class='ocrx_word' id='word_1_476' title='bbox 1036 5161 1093 5212; x_wconf 88' lang='lat' dir='ltr'>et</span> <span class='ocrx_word' id='word_1_477' title='bbox 1115 5159 1360 5213; x_wconf 91' lang='lat' dir='ltr'>incenso</span> <span class='ocrx_word' id='word_1_478' title='bbox 1380 5161 1669 5213; x_wconf 88' lang='lat' dir='ltr'>astantem</span> <span class='ocrx_word' id='word_1_479' title='bbox 1696 5159 1919 5214; x_wconf 90' lang='lat' dir='ltr'>videris</span> 
     </span>
    </p>
   </div>
   <div class='ocr_carea' id='block_1_72' title="bbox 237 5244 1921 5320">
    <p class='ocr_par' dir='ltr' id='par_1_72' title="bbox 237 5244 1921 5320">
     <span class='ocr_line' id='line_1_72' title="bbox 237 5244 1921 5320; baseline 0.004 -22"><span class='ocrx_word' id='word_1_480' title='bbox 237 5244 646 5313; x_wconf 89' lang='lat' dir='ltr'>sacerdotem,</span> <span class='ocrx_word' id='word_1_481' title='bbox 679 5247 848 5317; x_wconf 85' lang='lat' dir='ltr'>atque</span> <span class='ocrx_word' id='word_1_482' title='bbox 870 5245 1312 5317; x_wconf 88' lang='lat' dir='ltr'>imprecantem,</span> <span class='ocrx_word' id='word_1_483' title='bbox 1347 5263 1672 5320; x_wconf 89' lang='lat' dir='ltr'>omnesque</span> <span class='ocrx_word' id='word_1_484' title='bbox 1702 5249 1921 5319; x_wconf 89' lang='lat' dir='ltr'>pariter</span> 
     </span>
    </p>
   </div>
   <div class='ocr_carea' id='block_1_73' title="bbox 228 5333 1917 5406">
    <p class='ocr_par' dir='ltr' id='par_1_73' title="bbox 228 5333 1917 5406">
     <span class='ocr_line' id='line_1_73' title="bbox 228 5333 1917 5406; baseline 0.004 -20"><span class='ocrx_word' id='word_1_485' title='bbox 228 5333 510 5404; x_wconf 88' lang='lat' dir='ltr'>pretioso</span> <span class='ocrx_word' id='word_1_486' title='bbox 536 5333 634 5388; x_wconf 92' lang='lat' dir='ltr'>illo</span> <span class='ocrx_word' id='word_1_487' title='bbox 654 5333 1365 5406; x_wconf 86' lang='lat' dir='ltr'>imbuisanguine,adhuc</span> <span class='ocrx_word' id='word_1_488' title='bbox 1383 5340 1438 5392; x_wconf 91' lang='lat' dir='ltr'>te</span> <span class='ocrx_word' id='word_1_489' title='bbox 1469 5353 1608 5392; x_wconf 91' lang='lat' dir='ltr'>esse</span> <span class='ocrx_word' id='word_1_490' title='bbox 1641 5353 1775 5392; x_wconf 89' lang='lat' dir='ltr'>cum</span> <span class='ocrx_word' id='word_1_491' title='bbox 1808 5338 1917 5393; x_wconf 91' lang='lat' dir='ltr'>ho-</span> 
     </span>
    </p>
   </div>
   <div class='ocr_carea' id='block_1_74' title="bbox 234 5421 1920 5490">
    <p class='ocr_par' dir='ltr' id='par_1_74' title="bbox 234 5421 1920 5490">
     <span class='ocr_line' id='line_1_74' title="bbox 234 5421 1920 5490; baseline 0.004 -15"><span class='ocrx_word' id='word_1_492' title='bbox 234 5421 509 5476; x_wconf 86' lang='lat' dir='ltr'>minibus</span> <span class='ocrx_word' id='word_1_493' title='bbox 542 5422 870 5490; x_wconf 85' lang='lat' dir='ltr'>arbitraris,</span> <span class='ocrx_word' id='word_1_494' title='bbox 904 5425 961 5477; x_wconf 91' lang='lat' dir='ltr'>et</span> <span class='ocrx_word' id='word_1_495' title='bbox 992 5438 1109 5477; x_wconf 89' lang='lat' dir='ltr'>non</span> <span class='ocrx_word' id='word_1_496' title='bbox 1139 5425 1416 5481; x_wconf 90' lang='lat' dir='ltr'>continuo</span> <span class='ocrx_word' id='word_1_497' title='bbox 1449 5426 1641 5481; x_wconf 89' lang='lat' dir='ltr'>animo</span> <span class='ocrx_word' id='word_1_498' title='bbox 1673 5427 1920 5482; x_wconf 88' lang='lat' dir='ltr'>transla-</span> 
     </span>
    </p>
   </div>
   <div class='ocr_carea' id='block_1_75' title="bbox 236 5510 1915 5583">
    <p class='ocr_par' dir='ltr' id='par_1_75' title="bbox 236 5510 1915 5583">
     <span class='ocr_line' id='line_1_75' title="bbox 236 5510 1915 5583; baseline 0.004 -17"><span class='ocrx_word' id='word_1_499' title='bbox 236 5514 343 5566; x_wconf 88' lang='lat' dir='ltr'>tus</span> <span class='ocrx_word' id='word_1_500' title='bbox 374 5510 434 5563; x_wconf 91' lang='lat' dir='ltr'>in</span> <span class='ocrx_word' id='word_1_501' title='bbox 460 5510 665 5583; x_wconf 83' lang='lat' dir='ltr'>caelos,</span> <span class='ocrx_word' id='word_1_502' title='bbox 698 5526 1049 5583; x_wconf 88' lang='lat' dir='ltr'>omnemque</span> <span class='ocrx_word' id='word_1_503' title='bbox 1080 5513 1151 5568; x_wconf 90' lang='lat' dir='ltr'>de</span> <span class='ocrx_word' id='word_1_504' title='bbox 1180 5516 1374 5570; x_wconf 90' lang='lat' dir='ltr'>mente</span> <span class='ocrx_word' id='word_1_505' title='bbox 1432 5530 1677 5570; x_wconf 90' lang='lat' dir='ltr'>sensum</span> <span class='ocrx_word' id='word_1_506' title='bbox 1720 5517 1915 5572; x_wconf 89' lang='lat' dir='ltr'>carnis</span> 
     </span>
    </p>
   </div>
   <div class='ocr_carea' id='block_1_76' title="bbox 237 5599 1916 5676">
    <p class='ocr_par' dir='ltr' id='par_1_76' title="bbox 237 5599 1916 5676">
     <span class='ocr_line' id='line_1_76' title="bbox 237 5599 1916 5676; baseline 0.004 -20"><span class='ocrx_word' id='word_1_507' title='bbox 237 5599 597 5670; x_wconf 82' lang='lat' dir='ltr'>excludens,</span> <span class='ocrx_word' id='word_1_508' title='bbox 629 5601 787 5656; x_wconf 89' lang='lat' dir='ltr'>nuda</span> <span class='ocrx_word' id='word_1_509' title='bbox 816 5602 1029 5674; x_wconf 88' lang='lat' dir='ltr'>anima,</span> <span class='ocrx_word' id='word_1_510' title='bbox 1065 5618 1368 5676; x_wconf 89' lang='lat' dir='ltr'>sensuque</span> <span class='ocrx_word' id='word_1_511' title='bbox 1423 5604 1818 5662; x_wconf 87' lang='lat' dir='ltr'>mundissimo</span> <span class='ocrx_word' id='word_1_512' title='bbox 1848 5622 1916 5662; x_wconf 89' lang='lat' dir='ltr'>ea</span> 
     </span>
    </p>
   </div>
   <div class='ocr_carea' id='block_1_77' title="bbox 566 5690 1107 5760">
    <p class='ocr_par' dir='ltr' id='par_1_77' title="bbox 566 5690 1107 5760">
     <span class='ocr_line' id='line_1_77' title="bbox 566 5690 1107 5760; baseline 0.006 -15"><span class='ocrx_word' id='word_1_513' title='bbox 566 5690 825 5760; x_wconf 71' lang='lat' dir='ltr'>PATBOL.</span> <span class='ocrx_word' id='word_1_514' title='bbox 858 5690 1107 5748; x_wconf 84' lang='lat' dir='ltr'>CVLIX.</span> 
     </span>
    </p>
   </div>
   <div class='ocr_carea' id='block_1_78' title="bbox 2048 1882 3713 1952">
    <p class='ocr_par' dir='ltr' id='par_1_78' title="bbox 2048 1882 3713 1952">
     <span class='ocr_line' id='line_1_78' title="bbox 2048 1882 3713 1952; baseline 0.004 -21"><span class='ocrx_word' id='word_1_515' title='bbox 2048 1882 2217 1935; x_wconf 64' lang='lat' dir='ltr'>stolis</span> <span class='ocrx_word' id='word_1_516' title='bbox 2239 1882 2605 1952; x_wconf 86' lang='lat' dir='ltr'>fulgentibus</span> <span class='ocrx_word' id='word_1_517' title='bbox 2630 1883 3112 1950; x_wconf 88' lang='lat' dir='ltr'>circumdantem,</span> <span class='ocrx_word' id='word_1_518' title='bbox 3129 1888 3184 1937; x_wconf 89' lang='lat' dir='ltr'>et</span> <span class='ocrx_word' id='word_1_519' title='bbox 3207 1884 3387 1937; x_wconf 89' lang='lat' dir='ltr'>altare</span> <span class='ocrx_word' id='word_1_520' title='bbox 3419 1900 3713 1938; x_wconf 88' lang='lat' dir='ltr'>coronan-</span> 
     </span>
    </p>
   </div>
   <div class='ocr_carea' id='block_1_79' title="bbox 2046 1971 3713 2043">
    <p class='ocr_par' dir='ltr' id='par_1_79' title="bbox 2046 1971 3713 2043">
     <span class='ocr_line' id='line_1_79' title="bbox 2046 1971 3713 2043; baseline 0.002 -19"><span class='ocrx_word' id='word_1_521' title='bbox 2046 1973 2322 2039; x_wconf 88' lang='lat' dir='ltr'>tem,cum</span> <span class='ocrx_word' id='word_1_522' title='bbox 2342 1971 2536 2025; x_wconf 85' lang='lat' dir='ltr'>officio</span> <span class='ocrx_word' id='word_1_523' title='bbox 2569 1987 2683 2042; x_wconf 89' lang='lat' dir='ltr'>quo</span> <span class='ocrx_word' id='word_1_524' title='bbox 2716 1972 2874 2024; x_wconf 86' lang='lat' dir='ltr'>circa</span> <span class='ocrx_word' id='word_1_525' title='bbox 2898 1988 3101 2043; x_wconf 90' lang='lat' dir='ltr'>regem</span> <span class='ocrx_word' id='word_1_526' title='bbox 3123 1988 3295 2027; x_wconf 91' lang='lat' dir='ltr'>suum</span> <span class='ocrx_word' id='word_1_527' title='bbox 3319 1973 3534 2026; x_wconf 79' lang='lat' dir='ltr'>milites</span> <span class='ocrx_word' id='word_1_528' title='bbox 3555 1976 3713 2028; x_wconf 88' lang='lat' dir='ltr'>stare</span> 
     </span>
    </p>
   </div>
   <div class='ocr_carea' id='block_1_80' title="bbox 2046 2061 3714 2117">
    <p class='ocr_par' dir='ltr' id='par_1_80' title="bbox 2046 2061 3714 2117">
     <span class='ocr_line' id='line_1_80' title="bbox 2046 2061 3714 2117; baseline 0.002 -4"><span class='ocrx_word' id='word_1_529' title='bbox 2046 2064 2501 2115; x_wconf 89' lang='lat' dir='ltr'>consueverunt.</span> <span class='ocrx_word' id='word_1_530' title='bbox 2543 2086 2563 2107; x_wconf 73' lang='grc' dir='ltr'>ι»</span> <span class='ocrx_word' id='word_1_531' title='bbox 2602 2061 2744 2114; x_wconf 66' lang='lat' dir='ltr'>Haec</span> <span class='ocrx_word' id='word_1_532' title='bbox 2766 2065 2958 2115; x_wconf 88' lang='lat' dir='ltr'>autem</span> <span class='ocrx_word' id='word_1_533' title='bbox 2982 2062 3079 2115; x_wconf 90' lang='lat' dir='ltr'>illo</span> <span class='ocrx_word' id='word_1_534' title='bbox 3104 2066 3339 2115; x_wconf 80' lang='lat' dir='ltr'>exarata</span> <span class='ocrx_word' id='word_1_535' title='bbox 3363 2063 3421 2114; x_wconf 89' lang='lat' dir='ltr'>in</span> <span class='ocrx_word' id='word_1_536' title='bbox 3454 2061 3603 2117; x_wconf 89' lang='lat' dir='ltr'>libro</span> <span class='ocrx_word' id='word_1_537' title='bbox 3635 2063 3714 2117; x_wconf 83' lang='lat' dir='ltr'>ita</span> 
     </span>
    </p>
   </div>
   <div class='ocr_carea' id='block_1_81' title="bbox 2046 2148 3714 2219">
    <p class='ocr_par' dir='ltr' id='par_1_81' title="bbox 2046 2148 3714 2219">
     <span class='ocr_line' id='line_1_81' title="bbox 2046 2148 3714 2219; baseline 0.001 -17"><span class='ocrx_word' id='word_1_538' title='bbox 2046 2165 2112 2202; x_wconf 90' lang='lat' dir='ltr'>se</span> <span class='ocrx_word' id='word_1_539' title='bbox 2144 2148 2380 2219; x_wconf 86' lang='lat' dir='ltr'>habent;</span> <span class='ocrx_word' id='word_1_540' title='bbox 2403 2150 2458 2203; x_wconf 89' lang='lat' dir='ltr'>in</span> <span class='ocrx_word' id='word_1_541' title='bbox 2478 2150 2692 2219; x_wconf 76' lang='lat' dir='ltr'>quibus</span> <span class='ocrx_word' id='word_1_542' title='bbox 2713 2149 2848 2219; x_wconf 89' lang='lat' dir='ltr'>quia</span> <span class='ocrx_word' id='word_1_543' title='bbox 2871 2149 3150 2202; x_wconf 87' lang='lat' dir='ltr'>revelatio</span> <span class='ocrx_word' id='word_1_544' title='bbox 3175 2149 3456 2204; x_wconf 91' lang='lat' dir='ltr'>divinitus</span> <span class='ocrx_word' id='word_1_545' title='bbox 3471 2154 3714 2205; x_wconf 85' lang='lat' dir='ltr'>ostensa</span> 
     </span>
    </p>
   </div>
   <div class='ocr_carea' id='block_1_82' title="bbox 2046 2238 3709 2309">
    <p class='ocr_par' dir='ltr' id='par_1_82' title="bbox 2046 2238 3709 2309">
     <span class='ocr_line' id='line_1_82' title="bbox 2046 2238 3709 2309; baseline 0.001 -18"><span class='ocrx_word' id='word_1_546' title='bbox 2046 2238 2395 2307; x_wconf 87' lang='lat' dir='ltr'>continetur,</span> <span class='ocrx_word' id='word_1_547' title='bbox 2429 2238 2592 2305; x_wconf 78' lang='lat' dir='ltr'>alias,</span> <span class='ocrx_word' id='word_1_548' title='bbox 2632 2239 2800 2291; x_wconf 86' lang='lat' dir='ltr'>etiam</span> <span class='ocrx_word' id='word_1_549' title='bbox 2853 2238 3113 2291; x_wconf 89' lang='lat' dir='ltr'>diversis</span> <span class='ocrx_word' id='word_1_550' title='bbox 3144 2240 3410 2307; x_wconf 89' lang='lat' dir='ltr'>repertas</span> <span class='ocrx_word' id='word_1_551' title='bbox 3447 2238 3506 2291; x_wconf 92' lang='lat' dir='ltr'>in</span> <span class='ocrx_word' id='word_1_552' title='bbox 3536 2238 3709 2309; x_wconf 86' lang='lat' dir='ltr'>locis,</span> 
     </span>
    </p>
   </div>
   <div class='ocr_carea' id='block_1_83' title="bbox 2044 2314 3710 2397">
    <p class='ocr_par' dir='ltr' id='par_1_83' title="bbox 2044 2314 3710 2397">
     <span class='ocr_line' id='line_1_83' title="bbox 2044 2314 3710 2397; baseline 0.001 -18"><span class='ocrx_word' id='word_1_553' title='bbox 2044 2329 2341 2381; x_wconf 90' lang='lat' dir='ltr'>narratum</span> <span class='ocrx_word' id='word_1_554' title='bbox 2372 2327 2457 2380; x_wconf 90' lang='lat' dir='ltr'>ire</span> <span class='ocrx_word' id='word_1_555' title='bbox 2478 2314 2686 2396; x_wconf 53' lang='lat' dir='ltr'>&#39;operae</span> <span class='ocrx_word' id='word_1_556' title='bbox 2744 2327 2996 2395; x_wconf 89' lang='lat' dir='ltr'>pretium</span> <span class='ocrx_word' id='word_1_557' title='bbox 3045 2326 3345 2397; x_wconf 85' lang='lat' dir='ltr'>duximus;</span> <span class='ocrx_word' id='word_1_558' title='bbox 3395 2327 3710 2381; x_wconf 86' lang='lat' dir='ltr'>maximam</span> 
     </span>
    </p>
   </div>
   <div class='ocr_carea' id='block_1_84' title="bbox 2045 2414 3314 2487">
    <p class='ocr_par' dir='ltr' id='par_1_84' title="bbox 2045 2414 3314 2487">
     <span class='ocr_line' id='line_1_84' title="bbox 2045 2414 3314 2487; baseline -0.001 -17"><span class='ocrx_word' id='word_1_559' title='bbox 2045 2416 2201 2470; x_wconf 91' lang='lat' dir='ltr'>enim</span> <span class='ocrx_word' id='word_1_560' title='bbox 2232 2416 2567 2487; x_wconf 88' lang='lat' dir='ltr'>legentibus</span> <span class='ocrx_word' id='word_1_561' title='bbox 2605 2415 2911 2469; x_wconf 88' lang='lat' dir='ltr'>utilitatem</span> <span class='ocrx_word' id='word_1_562' title='bbox 2945 2414 3314 2483; x_wconf 87' lang='lat' dir='ltr'>pollicentur.</span> 
     </span>
    </p>
   </div>
   <div class='ocr_carea' id='block_1_85' title="bbox 2596 2539 3154 2594">
    <p class='ocr_par' dir='ltr' id='par_1_85' title="bbox 2596 2539 3154 2594">
     <span class='ocr_line' id='line_1_85' title="bbox 2596 2539 3154 2594; baseline 0.002 -2"><span class='ocrx_word' id='word_1_563' title='bbox 2596 2539 2803 2594; x_wconf 77' lang='lat' dir='ltr'>PARS</span> <span class='ocrx_word' id='word_1_564' title='bbox 2832 2539 3154 2593; x_wconf 77' lang='lat' dir='ltr'>OCTAVA.</span> 
     </span>
    </p>
   </div>
   <div class='ocr_carea' id='block_1_86' title="bbox 2112 2662 3704 2735">
    <p class='ocr_par' dir='ltr' id='par_1_86' title="bbox 2112 2662 3704 2735">
     <span class='ocr_line' id='line_1_86' title="bbox 2112 2662 3704 2735; baseline -0.001 -16"><span class='ocrx_word' id='word_1_565' title='bbox 2112 2663 2348 2719; x_wconf 81' lang='lat' dir='ltr'>XXVII.</span> <span class='ocrx_word' id='word_1_566' title='bbox 2397 2664 2531 2719; x_wconf 86' lang='lat' dir='ltr'>Fuit</span> <span class='ocrx_word' id='word_1_567' title='bbox 2587 2680 2839 2735; x_wconf 88' lang='lat' dir='ltr'>namque</span> <span class='ocrx_word' id='word_1_568' title='bbox 2896 2668 3160 2717; x_wconf 91' lang='lat' dir='ltr'>matrona</span> <span class='ocrx_word' id='word_1_569' title='bbox 3214 2662 3432 2717; x_wconf 89' lang='lat' dir='ltr'>nobilis</span> <span class='ocrx_word' id='word_1_570' title='bbox 3464 2679 3704 2735; x_wconf 84' lang='lat' dir='ltr'>genere,</span> 
     </span>
    </p>
   </div>
   <div class='ocr_carea' id='block_1_87' title="bbox 2043 2753 3708 2824">
    <p class='ocr_par' dir='ltr' id='par_1_87' title="bbox 2043 2753 3708 2824">
     <span class='ocr_line' id='line_1_87' title="bbox 2043 2753 3708 2824; baseline 0 -17"><span class='ocrx_word' id='word_1_571' title='bbox 2043 2755 2312 2809; x_wconf 88' lang='lat' dir='ltr'>moribus</span> <span class='ocrx_word' id='word_1_572' title='bbox 2356 2755 2540 2824; x_wconf 86' lang='lat' dir='ltr'>proba</span> <span class='ocrx_word' id='word_1_573' title='bbox 2571 2754 2862 2823; x_wconf 85' lang='lat' dir='ltr'>honestis,</span> <span class='ocrx_word' id='word_1_574' title='bbox 2895 2753 3262 2822; x_wconf 88' lang='lat' dir='ltr'>temporibus</span> <span class='ocrx_word' id='word_1_575' title='bbox 3320 2753 3508 2805; x_wconf 80' lang='lat' dir='ltr'>sancti</span> <span class='ocrx_word' id='word_1_576' title='bbox 3540 2768 3708 2822; x_wconf 66' lang='lat' dir='ltr'>papa)</span> 
     </span>
    </p>
   </div>
   <div class='ocr_carea' id='block_1_88' title="bbox 2041 2841 3709 2915">
    <p class='ocr_par' dir='ltr' id='par_1_88' title="bbox 2041 2841 3709 2915">
     <span class='ocr_line' id='line_1_88' title="bbox 2041 2841 3709 2915; baseline -0.001 -18"><span class='ocrx_word' id='word_1_577' title='bbox 2041 2844 2332 2915; x_wconf 86' lang='lat' dir='ltr'>Gregorii,</span> <span class='ocrx_word' id='word_1_578' title='bbox 2351 2861 2481 2914; x_wconf 82' lang='lat' dir='ltr'>quae</span> <span class='ocrx_word' id='word_1_579' title='bbox 2501 2843 2902 2914; x_wconf 90' lang='lat' dir='ltr'>aliquando,ut</span> <span class='ocrx_word' id='word_1_580' title='bbox 2918 2845 3328 2907; x_wconf 87' lang='lat' dir='ltr'>consueverat,</span> <span class='ocrx_word' id='word_1_581' title='bbox 3352 2841 3709 2896; x_wconf 83' lang='lat' dir='ltr'>oblationem</span> 
     </span>
    </p>
   </div>
   <div class='ocr_carea' id='block_1_89' title="bbox 2042 2931 3705 3000">
    <p class='ocr_par' dir='ltr' id='par_1_89' title="bbox 2042 2931 3705 3000">
     <span class='ocr_line' id='line_1_89' title="bbox 2042 2931 3705 3000; baseline -0.001 -14"><span class='ocrx_word' id='word_1_582' title='bbox 2042 2934 2110 2986; x_wconf 86' lang='lat' dir='ltr'>ad</span> <span class='ocrx_word' id='word_1_583' title='bbox 2135 2933 2316 2986; x_wconf 86' lang='lat' dir='ltr'>altare</span> <span class='ocrx_word' id='word_1_584' title='bbox 2354 2933 2578 2986; x_wconf 90' lang='lat' dir='ltr'>detulit.</span> <span class='ocrx_word' id='word_1_585' title='bbox 2611 2935 2796 2996; x_wconf 87' lang='lat' dir='ltr'>Quam</span> <span class='ocrx_word' id='word_1_586' title='bbox 2818 2948 2950 2986; x_wconf 90' lang='lat' dir='ltr'>cum</span> <span class='ocrx_word' id='word_1_587' title='bbox 2967 2932 3119 2986; x_wconf 88' lang='lat' dir='ltr'>idem</span> <span class='ocrx_word' id='word_1_588' title='bbox 3135 2931 3399 3000; x_wconf 79' lang='lat' dir='ltr'>pontifex</span> <span class='ocrx_word' id='word_1_589' title='bbox 3433 2931 3705 2985; x_wconf 86' lang='lat' dir='ltr'>manibus</span> 
     </span>
    </p>
   </div>
   <div class='ocr_carea' id='block_1_90' title="bbox 2039 3019 3706 3081">
    <p class='ocr_par' dir='ltr' id='par_1_90' title="bbox 2039 3019 3706 3081">
     <span class='ocr_line' id='line_1_90' title="bbox 2039 3019 3706 3081; baseline 0 -8"><span class='ocrx_word' id='word_1_590' title='bbox 2039 3025 2169 3076; x_wconf 89' lang='lat' dir='ltr'>suis</span> <span class='ocrx_word' id='word_1_591' title='bbox 2190 3022 2705 3081; x_wconf 83' lang='lat' dir='ltr'>consecrasset.ad</span> <span class='ocrx_word' id='word_1_592' title='bbox 2730 3022 2931 3075; x_wconf 87' lang='lat' dir='ltr'>horam</span> <span class='ocrx_word' id='word_1_593' title='bbox 2966 3019 3435 3074; x_wconf 89' lang='lat' dir='ltr'>communicandi</span> <span class='ocrx_word' id='word_1_594' title='bbox 3467 3021 3706 3073; x_wconf 88' lang='lat' dir='ltr'>ventum</span> 
     </span>
    </p>
   </div>
   <div class='ocr_carea' id='block_1_91' title="bbox 2038 3108 3702 3181">
    <p class='ocr_par' dir='ltr' id='par_1_91' title="bbox 2038 3108 3702 3181">
     <span class='ocr_line' id='line_1_91' title="bbox 2038 3108 3702 3181; baseline -0.004 -15"><span class='ocrx_word' id='word_1_595' title='bbox 2038 3115 2147 3166; x_wconf 90' lang='lat' dir='ltr'>est.</span> <span class='ocrx_word' id='word_1_596' title='bbox 2168 3112 2433 3181; x_wconf 84' lang='lat' dir='ltr'>Cumque</span> <span class='ocrx_word' id='word_1_597' title='bbox 2464 3110 2684 3181; x_wconf 85' lang='lat' dir='ltr'>singuli</span> <span class='ocrx_word' id='word_1_598' title='bbox 2706 3125 2811 3180; x_wconf 90' lang='lat' dir='ltr'>pro</span> <span class='ocrx_word' id='word_1_599' title='bbox 2831 3110 3057 3163; x_wconf 90' lang='lat' dir='ltr'>ordinis</span> <span class='ocrx_word' id='word_1_600' title='bbox 3082 3108 3176 3163; x_wconf 89' lang='lat' dir='ltr'>sui</span> <span class='ocrx_word' id='word_1_601' title='bbox 3198 3108 3481 3179; x_wconf 89' lang='lat' dir='ltr'>dignitate</span> <span class='ocrx_word' id='word_1_602' title='bbox 3508 3108 3702 3161; x_wconf 85' lang='lat' dir='ltr'>Domi-</span> 
     </span>
    </p>
   </div>
   <div class='ocr_carea' id='block_1_92' title="bbox 2037 3196 3701 3266">
    <p class='ocr_par' dir='ltr' id='par_1_92' title="bbox 2037 3196 3701 3266">
     <span class='ocr_line' id='line_1_92' title="bbox 2037 3196 3701 3266; baseline -0.002 -14"><span class='ocrx_word' id='word_1_603' title='bbox 2037 3202 2230 3253; x_wconf 89' lang='lat' dir='ltr'>nicam</span> <span class='ocrx_word' id='word_1_604' title='bbox 2289 3199 2755 3253; x_wconf 89' lang='lat' dir='ltr'>communionem</span> <span class='ocrx_word' id='word_1_605' title='bbox 2798 3199 3189 3266; x_wconf 89' lang='lat' dir='ltr'>accepissent,</span> <span class='ocrx_word' id='word_1_606' title='bbox 3251 3198 3407 3250; x_wconf 90' lang='lat' dir='ltr'>inter</span> <span class='ocrx_word' id='word_1_607' title='bbox 3447 3196 3701 3250; x_wconf 80' lang='lat' dir='ltr'>caeteros</span> 
     </span>
    </p>
   </div>
   <div class='ocr_carea' id='block_1_93' title="bbox 2038 3285 3701 3358">
    <p class='ocr_par' dir='ltr' id='par_1_93' title="bbox 2038 3285 3701 3358">
     <span class='ocr_line' id='line_1_93' title="bbox 2038 3285 3701 3358; baseline -0.001 -17"><span class='ocrx_word' id='word_1_608' title='bbox 2038 3288 2301 3358; x_wconf 59' lang='lat' dir='ltr'>praefatae</span> <span class='ocrx_word' id='word_1_609' title='bbox 2322 3288 2553 3341; x_wconf 89' lang='lat' dir='ltr'>mulieri</span> <span class='ocrx_word' id='word_1_610' title='bbox 2578 3287 2764 3356; x_wconf 88' lang='lat' dir='ltr'>portio</span> <span class='ocrx_word' id='word_1_611' title='bbox 2803 3286 3090 3339; x_wconf 90' lang='lat' dir='ltr'>Dominici</span> <span class='ocrx_word' id='word_1_612' title='bbox 3141 3285 3495 3339; x_wconf 88' lang='lat' dir='ltr'>sacramenti</span> <span class='ocrx_word' id='word_1_613' title='bbox 3523 3300 3701 3339; x_wconf 89' lang='lat' dir='ltr'>manu</span> 
     </span>
    </p>
   </div>
   <div class='ocr_carea' id='block_1_94' title="bbox 2037 3374 3703 3448">
    <p class='ocr_par' dir='ltr' id='par_1_94' title="bbox 2037 3374 3703 3448">
     <span class='ocr_line' id='line_1_94' title="bbox 2037 3374 3703 3448; baseline -0.002 -17"><span class='ocrx_word' id='word_1_614' title='bbox 2037 3378 2306 3448; x_wconf 87' lang='lat' dir='ltr'>ejusdem</span> <span class='ocrx_word' id='word_1_615' title='bbox 2328 3377 2607 3446; x_wconf 64' lang='lat' dir='ltr'>praesulis</span> <span class='ocrx_word' id='word_1_616' title='bbox 2632 3379 2900 3445; x_wconf 87' lang='lat' dir='ltr'>porrecta</span> <span class='ocrx_word' id='word_1_617' title='bbox 2923 3376 3173 3444; x_wconf 88' lang='lat' dir='ltr'>est,ipso</span> <span class='ocrx_word' id='word_1_618' title='bbox 3189 3375 3451 3429; x_wconf 89' lang='lat' dir='ltr'>dicente:</span> <span class='ocrx_word' id='word_1_619' title='bbox 3474 3374 3703 3445; x_wconf 86' lang='lat' dir='ltr'>Corpus</span> 
     </span>
    </p>
   </div>
   <div class='ocr_carea' id='block_1_95' title="bbox 2036 3463 3709 3536">
    <p class='ocr_par' dir='ltr' id='par_1_95' title="bbox 2036 3463 3709 3536">
     <span class='ocr_line' id='line_1_95' title="bbox 2036 3463 3709 3536; baseline -0.006 -15"><span class='ocrx_word' id='word_1_620' title='bbox 2036 3467 2273 3521; x_wconf 82' lang='lat' dir='ltr'>Domini</span> <span class='ocrx_word' id='word_1_621' title='bbox 2287 3467 2479 3521; x_wconf 81' lang='lat' dir='ltr'>nostri</span> <span class='ocrx_word' id='word_1_622' title='bbox 2501 3466 2642 3521; x_wconf 85' lang='lat' dir='ltr'>Jesu</span> <span class='ocrx_word' id='word_1_623' title='bbox 2667 3465 2899 3520; x_wconf 76' lang='lat' dir='ltr'>Christi</span> <span class='ocrx_word' id='word_1_624' title='bbox 2910 3463 3105 3536; x_wconf 81' lang='lat' dir='ltr'>prosit</span> <span class='ocrx_word' id='word_1_625' title='bbox 3124 3463 3237 3517; x_wconf 85' lang='lat' dir='ltr'>tibi</span> <span class='ocrx_word' id='word_1_626' title='bbox 3253 3463 3314 3517; x_wconf 88' lang='lat' dir='ltr'>in</span> <span class='ocrx_word' id='word_1_627' title='bbox 3335 3464 3512 3517; x_wconf 84' lang='lat' dir='ltr'>vitam</span> <span class='ocrx_word' id='word_1_628' title='bbox 3532 3468 3709 3517; x_wconf 67' lang='lat' dir='ltr'>teter-</span> 
     </span>
    </p>
   </div>
   <div class='ocr_carea' id='block_1_96' title="bbox 2039 3551 3708 3625">
    <p class='ocr_par' dir='ltr' id='par_1_96' title="bbox 2039 3551 3708 3625">
     <span class='ocr_line' id='line_1_96' title="bbox 2039 3551 3708 3625; baseline -0.003 -15"><span class='ocrx_word' id='word_1_629' title='bbox 2039 3572 2190 3625; x_wconf 82' lang='lat' dir='ltr'>nam;</span> <span class='ocrx_word' id='word_1_630' title='bbox 2223 3556 2295 3609; x_wconf 89' lang='lat' dir='ltr'>ad</span> <span class='ocrx_word' id='word_1_631' title='bbox 2326 3556 2439 3609; x_wconf 87' lang='lat' dir='ltr'>hoc</span> <span class='ocrx_word' id='word_1_632' title='bbox 2469 3555 2584 3618; x_wconf 88' lang='lat' dir='ltr'>illa,</span> <span class='ocrx_word' id='word_1_633' title='bbox 2630 3555 2932 3625; x_wconf 87' lang='lat' dir='ltr'>recognita</span> <span class='ocrx_word' id='word_1_634' title='bbox 2982 3553 3153 3622; x_wconf 91' lang='lat' dir='ltr'>panis</span> <span class='ocrx_word' id='word_1_635' title='bbox 3208 3567 3383 3622; x_wconf 88' lang='lat' dir='ltr'>quem</span> <span class='ocrx_word' id='word_1_636' title='bbox 3412 3551 3708 3605; x_wconf 89' lang='lat' dir='ltr'>obtulerat</span> 
     </span>
    </p>
   </div>
   <div class='ocr_carea' id='block_1_97' title="bbox 2036 3641 3700 3715">
    <p class='ocr_par' dir='ltr' id='par_1_97' title="bbox 2036 3641 3700 3715">
     <span class='ocr_line' id='line_1_97' title="bbox 2036 3641 3700 3715; baseline -0.002 -17"><span class='ocrx_word' id='word_1_637' title='bbox 2036 3646 2343 3715; x_wconf 86' lang='lat' dir='ltr'>particula,</span> <span class='ocrx_word' id='word_1_638' title='bbox 2368 3643 2637 3698; x_wconf 90' lang='lat' dir='ltr'>subrisit.</span> <span class='ocrx_word' id='word_1_639' title='bbox 2661 3642 3052 3707; x_wconf 90' lang='lat' dir='ltr'>Quamobrem</span> <span class='ocrx_word' id='word_1_640' title='bbox 3074 3641 3338 3711; x_wconf 88' lang='lat' dir='ltr'>pontifex</span> <span class='ocrx_word' id='word_1_641' title='bbox 3371 3643 3700 3695; x_wconf 88' lang='lat' dir='ltr'>commotus</span> 
     </span>
    </p>
   </div>
   <div class='ocr_carea' id='block_1_98' title="bbox 2036 3729 3701 3801">
    <p class='ocr_par' dir='ltr' id='par_1_98' title="bbox 2036 3729 3701 3801">
     <span class='ocr_line' id='line_1_98' title="bbox 2036 3729 3701 3801; baseline -0.002 -15"><span class='ocrx_word' id='word_1_642' title='bbox 2036 3749 2269 3787; x_wconf 89' lang='lat' dir='ltr'>manum</span> <span class='ocrx_word' id='word_1_643' title='bbox 2303 3732 2605 3801; x_wconf 79' lang='lat' dir='ltr'>continuit,</span> <span class='ocrx_word' id='word_1_644' title='bbox 2645 3732 2994 3786; x_wconf 85' lang='lat' dir='ltr'>oblationem</span> <span class='ocrx_word' id='word_1_645' title='bbox 3027 3731 3085 3783; x_wconf 91' lang='lat' dir='ltr'>in</span> <span class='ocrx_word' id='word_1_646' title='bbox 3123 3746 3221 3784; x_wconf 89' lang='lat' dir='ltr'>ara</span> <span class='ocrx_word' id='word_1_647' title='bbox 3269 3729 3701 3799; x_wconf 89' lang='lat' dir='ltr'>reposuit,ser-</span> 
     </span>
    </p>
   </div>
   <div class='ocr_carea' id='block_1_99' title="bbox 2036 3819 3700 3891">
    <p class='ocr_par' dir='ltr' id='par_1_99' title="bbox 2036 3819 3700 3891">
     <span class='ocr_line' id='line_1_99' title="bbox 2036 3819 3700 3891; baseline -0.002 -15"><span class='ocrx_word' id='word_1_648' title='bbox 2036 3838 2267 3876; x_wconf 88' lang='lat' dir='ltr'>monem</span> <span class='ocrx_word' id='word_1_649' title='bbox 2298 3822 2369 3875; x_wconf 91' lang='lat' dir='ltr'>de</span> <span class='ocrx_word' id='word_1_650' title='bbox 2402 3837 2468 3875; x_wconf 93' lang='lat' dir='ltr'>re</span> <span class='ocrx_word' id='word_1_651' title='bbox 2500 3822 2571 3875; x_wconf 89' lang='lat' dir='ltr'>ad</span> <span class='ocrx_word' id='word_1_652' title='bbox 2604 3821 2881 3891; x_wconf 89' lang='lat' dir='ltr'>populum</span> <span class='ocrx_word' id='word_1_653' title='bbox 2932 3820 3090 3889; x_wconf 89' lang='lat' dir='ltr'>fecit,</span> <span class='ocrx_word' id='word_1_654' title='bbox 3126 3820 3336 3873; x_wconf 89' lang='lat' dir='ltr'>deinde</span> <span class='ocrx_word' id='word_1_655' title='bbox 3365 3819 3529 3889; x_wconf 89' lang='lat' dir='ltr'>preci</span> <span class='ocrx_word' id='word_1_656' title='bbox 3567 3834 3700 3873; x_wconf 91' lang='lat' dir='ltr'>cum</span> 
     </span>
    </p>
   </div>
   <div class='ocr_carea' id='block_1_100' title="bbox 2033 3910 3699 3979">
    <p class='ocr_par' dir='ltr' id='par_1_100' title="bbox 2033 3910 3699 3979">
     <span class='ocr_line' id='line_1_100' title="bbox 2033 3910 3699 3979; baseline -0.002 -13"><span class='ocrx_word' id='word_1_657' title='bbox 2033 3911 2360 3966; x_wconf 82' lang='lat' dir='ltr'>ﬁdeliclero</span> <span class='ocrx_word' id='word_1_658' title='bbox 2380 3910 2664 3977; x_wconf 88' lang='lat' dir='ltr'>incubuit,</span> <span class='ocrx_word' id='word_1_659' title='bbox 2702 3924 2961 3979; x_wconf 87' lang='lat' dir='ltr'>surgens</span> <span class='ocrx_word' id='word_1_660' title='bbox 2980 3924 3213 3979; x_wconf 89' lang='lat' dir='ltr'>quoque</span> <span class='ocrx_word' id='word_1_661' title='bbox 3236 3924 3267 3961; x_wconf 88' lang='lat' dir='ltr'>a</span> <span class='ocrx_word' id='word_1_662' title='bbox 3285 3911 3461 3977; x_wconf 89' lang='lat' dir='ltr'>terra,</span> <span class='ocrx_word' id='word_1_663' title='bbox 3486 3923 3699 3977; x_wconf 89' lang='lat' dir='ltr'>panem</span> 
     </span>
    </p>
   </div>
   <div class='ocr_carea' id='block_1_101' title="bbox 2030 3997 3701 4069">
    <p class='ocr_par' dir='ltr' id='par_1_101' title="bbox 2030 3997 3701 4069">
     <span class='ocr_line' id='line_1_101' title="bbox 2030 3997 3701 4069; baseline -0.001 -16"><span class='ocrx_word' id='word_1_664' title='bbox 2030 4000 2215 4069; x_wconf 88' lang='lat' dir='ltr'>illum,</span> <span class='ocrx_word' id='word_1_665' title='bbox 2238 4003 2297 4053; x_wconf 89' lang='lat' dir='ltr'>ut</span> <span class='ocrx_word' id='word_1_666' title='bbox 2319 4001 2462 4067; x_wconf 88' lang='lat' dir='ltr'>erat,</span> <span class='ocrx_word' id='word_1_667' title='bbox 2489 4013 2725 4051; x_wconf 88' lang='lat' dir='ltr'>carnem</span> <span class='ocrx_word' id='word_1_668' title='bbox 2750 3998 2966 4051; x_wconf 90' lang='lat' dir='ltr'>factum</span> <span class='ocrx_word' id='word_1_669' title='bbox 2998 3999 3234 4067; x_wconf 88' lang='lat' dir='ltr'>reperit,</span> <span class='ocrx_word' id='word_1_670' title='bbox 3269 4013 3443 4068; x_wconf 87' lang='lat' dir='ltr'>quam</span> <span class='ocrx_word' id='word_1_671' title='bbox 3466 3997 3701 4052; x_wconf 90' lang='lat' dir='ltr'>mulieri</span> 
     </span>
    </p>
   </div>
   <div class='ocr_carea' id='block_1_102' title="bbox 2029 4085 3687 4158">
    <p class='ocr_par' dir='ltr' id='par_1_102' title="bbox 2029 4085 3687 4158">
     <span class='ocr_line' id='line_1_102' title="bbox 2029 4085 3687 4158; baseline -0.002 -16"><span class='ocrx_word' id='word_1_672' title='bbox 2029 4089 2244 4158; x_wconf 85' lang='lat' dir='ltr'>dubiae,</span> <span class='ocrx_word' id='word_1_673' title='bbox 2281 4092 2336 4142; x_wconf 92' lang='lat' dir='ltr'>et</span> <span class='ocrx_word' id='word_1_674' title='bbox 2368 4087 2598 4157; x_wconf 81' lang='lat' dir='ltr'>caeteris</span> <span class='ocrx_word' id='word_1_675' title='bbox 2623 4086 2899 4141; x_wconf 91' lang='lat' dir='ltr'>ostendit.</span> <span class='ocrx_word' id='word_1_676' title='bbox 2933 4085 3159 4150; x_wconf 92' lang='lat' dir='ltr'>Quibus</span> <span class='ocrx_word' id='word_1_677' title='bbox 3178 4101 3268 4154; x_wconf 88' lang='lat' dir='ltr'>ea,</span> <span class='ocrx_word' id='word_1_678' title='bbox 3304 4101 3459 4155; x_wconf 90' lang='lat' dir='ltr'>reor,</span> <span class='ocrx_word' id='word_1_679' title='bbox 3494 4087 3687 4140; x_wconf 85' lang='lat' dir='ltr'>admo-</span> 
     </span>
    </p>
   </div>
   <div class='ocr_carea' id='block_1_103' title="bbox 2028 4175 2893 4244">
    <p class='ocr_par' dir='ltr' id='par_1_103' title="bbox 2028 4175 2893 4244">
     <span class='ocr_line' id='line_1_103' title="bbox 2028 4175 2893 4244; baseline -0.005 -12"><span class='ocrx_word' id='word_1_680' title='bbox 2028 4179 2166 4232; x_wconf 90' lang='lat' dir='ltr'>dum</span> <span class='ocrx_word' id='word_1_681' title='bbox 2197 4178 2256 4231; x_wconf 89' lang='lat' dir='ltr'>in</span> <span class='ocrx_word' id='word_1_682' title='bbox 2286 4177 2399 4231; x_wconf 85' lang='lat' dir='ltr'>fide</span> <span class='ocrx_word' id='word_1_683' title='bbox 2425 4175 2625 4230; x_wconf 86' lang='lat' dir='ltr'>robori</span> <span class='ocrx_word' id='word_1_684' title='bbox 2654 4175 2893 4244; x_wconf 87' lang='lat' dir='ltr'>profuit.</span> 
     </span>
    </p>
   </div>
   <div class='ocr_carea' id='block_1_104' title="bbox 2100 4262 3702 4335">
    <p class='ocr_par' dir='ltr' id='par_1_104' title="bbox 2100 4262 3702 4335">
     <span class='ocr_line' id='line_1_104' title="bbox 2100 4262 3702 4335; baseline -0.002 -15"><span class='ocrx_word' id='word_1_685' title='bbox 2100 4266 2482 4320; x_wconf 51' lang='lat' dir='ltr'>XXVIIIHis</span> <span class='ocrx_word' id='word_1_686' title='bbox 2497 4265 2691 4335; x_wconf 85' lang='lat' dir='ltr'>itaque</span> <span class='ocrx_word' id='word_1_687' title='bbox 2707 4265 3007 4318; x_wconf 89' lang='lat' dir='ltr'>succincte</span> <span class='ocrx_word' id='word_1_688' title='bbox 3022 4262 3480 4332; x_wconf 87' lang='lat' dir='ltr'>decursis,aliud</span> <span class='ocrx_word' id='word_1_689' title='bbox 3496 4262 3702 4317; x_wconf 90' lang='lat' dir='ltr'>nihilo-</span> 
     </span>
    </p>
   </div>
   <div class='ocr_carea' id='block_1_105' title="bbox 2027 4352 3700 4424">
    <p class='ocr_par' dir='ltr' id='par_1_105' title="bbox 2027 4352 3700 4424">
     <span class='ocr_line' id='line_1_105' title="bbox 2027 4352 3700 4424; baseline -0.002 -14"><span class='ocrx_word' id='word_1_690' title='bbox 2027 4356 2222 4410; x_wconf 90' lang='lat' dir='ltr'>minus</span> <span class='ocrx_word' id='word_1_691' title='bbox 2242 4354 2528 4423; x_wconf 88' lang='lat' dir='ltr'>mirabile,</span> <span class='ocrx_word' id='word_1_692' title='bbox 2565 4369 2680 4407; x_wconf 90' lang='lat' dir='ltr'>non</span> <span class='ocrx_word' id='word_1_693' title='bbox 2712 4354 2907 4408; x_wconf 91' lang='lat' dir='ltr'>minus</span> <span class='ocrx_word' id='word_1_694' title='bbox 2940 4354 3099 4423; x_wconf 90' lang='lat' dir='ltr'>utile,</span> <span class='ocrx_word' id='word_1_695' title='bbox 3134 4353 3378 4424; x_wconf 87' lang='lat' dir='ltr'>dignum</span> <span class='ocrx_word' id='word_1_696' title='bbox 3395 4352 3629 4407; x_wconf 91' lang='lat' dir='ltr'>videtur</span> <span class='ocrx_word' id='word_1_697' title='bbox 3646 4352 3700 4406; x_wconf 91' lang='lat' dir='ltr'>si</span> 
     </span>
    </p>
   </div>
   <div class='ocr_carea' id='block_1_106' title="bbox 2027 4440 3699 4507">
    <p class='ocr_par' dir='ltr' id='par_1_106' title="bbox 2027 4440 3699 4507">
     <span class='ocr_line' id='line_1_106' title="bbox 2027 4440 3699 4507; baseline -0.002 -9"><span class='ocrx_word' id='word_1_698' title='bbox 2027 4446 2099 4499; x_wconf 89' lang='lat' dir='ltr'>ad</span> <span class='ocrx_word' id='word_1_699' title='bbox 2132 4444 2475 4498; x_wconf 89' lang='lat' dir='ltr'>memoriam</span> <span class='ocrx_word' id='word_1_700' title='bbox 2504 4443 2769 4497; x_wconf 89' lang='lat' dir='ltr'>breviter</span> <span class='ocrx_word' id='word_1_701' title='bbox 2822 4442 3033 4497; x_wconf 88' lang='lat' dir='ltr'>litteris</span> <span class='ocrx_word' id='word_1_702' title='bbox 3087 4442 3416 4497; x_wconf 89' lang='lat' dir='ltr'>mandetur.</span> <span class='ocrx_word' id='word_1_703' title='bbox 3451 4440 3699 4507; x_wconf 90' lang='lat' dir='ltr'>Quidam</span> 
     </span>
    </p>
   </div>
   <div class='ocr_carea' id='block_1_107' title="bbox 2026 4532 3699 4604">
    <p class='ocr_par' dir='ltr' id='par_1_107' title="bbox 2026 4532 3699 4604">
     <span class='ocr_line' id='line_1_107' title="bbox 2026 4532 3699 4604; baseline -0.002 -15"><span class='ocrx_word' id='word_1_704' title='bbox 2026 4535 2342 4604; x_wconf 77' lang='lat' dir='ltr'>presbyter</span> <span class='ocrx_word' id='word_1_705' title='bbox 2388 4533 2635 4603; x_wconf 90' lang='lat' dir='ltr'>electus,</span> <span class='ocrx_word' id='word_1_706' title='bbox 2698 4532 2817 4587; x_wconf 89' lang='lat' dir='ltr'>vita</span> <span class='ocrx_word' id='word_1_707' title='bbox 2873 4536 2928 4587; x_wconf 89' lang='lat' dir='ltr'>et</span> <span class='ocrx_word' id='word_1_708' title='bbox 2984 4533 3251 4587; x_wconf 89' lang='lat' dir='ltr'>moribus</span> <span class='ocrx_word' id='word_1_709' title='bbox 3308 4532 3527 4602; x_wconf 88' lang='lat' dir='ltr'>clarus,</span> <span class='ocrx_word' id='word_1_710' title='bbox 3564 4547 3699 4586; x_wconf 90' lang='lat' dir='ltr'>cum</span> 
     </span>
    </p>
   </div>
   <div class='ocr_carea' id='block_1_108' title="bbox 2028 4622 3695 4692">
    <p class='ocr_par' dir='ltr' id='par_1_108' title="bbox 2028 4622 3695 4692">
     <span class='ocr_line' id='line_1_108' title="bbox 2028 4622 3695 4692; baseline -0.002 -15"><span class='ocrx_word' id='word_1_711' title='bbox 2028 4624 2224 4677; x_wconf 88' lang='lat' dir='ltr'>divina</span> <span class='ocrx_word' id='word_1_712' title='bbox 2272 4625 2643 4677; x_wconf 87' lang='lat' dir='ltr'>sacramenta</span> <span class='ocrx_word' id='word_1_713' title='bbox 2672 4622 2882 4677; x_wconf 87' lang='lat' dir='ltr'>crebro</span> <span class='ocrx_word' id='word_1_714' title='bbox 2913 4638 2987 4677; x_wconf 86' lang='lat' dir='ltr'>ex</span> <span class='ocrx_word' id='word_1_715' title='bbox 3042 4623 3354 4676; x_wconf 88' lang='lat' dir='ltr'>devotione</span> <span class='ocrx_word' id='word_1_716' title='bbox 3403 4624 3695 4692; x_wconf 86' lang='lat' dir='ltr'>sacraret,</span> 
     </span>
    </p>
   </div>
   <div class='ocr_carea' id='block_1_109' title="bbox 2027 4709 3698 4783">
    <p class='ocr_par' dir='ltr' id='par_1_109' title="bbox 2027 4709 3698 4783">
     <span class='ocr_line' id='line_1_109' title="bbox 2027 4709 3698 4783; baseline -0.001 -17"><span class='ocrx_word' id='word_1_717' title='bbox 2027 4715 2390 4783; x_wconf 83' lang='lat' dir='ltr'>praesumpta</span> <span class='ocrx_word' id='word_1_718' title='bbox 2418 4711 2675 4765; x_wconf 88' lang='lat' dir='ltr'>tamdem</span> <span class='ocrx_word' id='word_1_719' title='bbox 2704 4726 2810 4782; x_wconf 91' lang='lat' dir='ltr'>spe</span> <span class='ocrx_word' id='word_1_720' title='bbox 2866 4710 3216 4781; x_wconf 88' lang='lat' dir='ltr'>impetrandi</span> <span class='ocrx_word' id='word_1_721' title='bbox 3243 4712 3365 4765; x_wconf 88' lang='lat' dir='ltr'>tum</span> <span class='ocrx_word' id='word_1_722' title='bbox 3397 4710 3469 4764; x_wconf 87' lang='lat' dir='ltr'>de</span> <span class='ocrx_word' id='word_1_723' title='bbox 3499 4709 3698 4765; x_wconf 88' lang='lat' dir='ltr'>divina</span> 
     </span>
    </p>
   </div>
   <div class='ocr_carea' id='block_1_110' title="bbox 2030 4799 3699 4872">
    <p class='ocr_par' dir='ltr' id='par_1_110' title="bbox 2030 4799 3699 4872">
     <span class='ocr_line' id='line_1_110' title="bbox 2030 4799 3699 4872; baseline 0 -18"><span class='ocrx_word' id='word_1_724' title='bbox 2030 4802 2389 4872; x_wconf 89' lang='lat' dir='ltr'>pietate,tum</span> <span class='ocrx_word' id='word_1_725' title='bbox 2412 4800 2484 4855; x_wconf 91' lang='lat' dir='ltr'>de</span> <span class='ocrx_word' id='word_1_726' title='bbox 2524 4801 2733 4855; x_wconf 90' lang='lat' dir='ltr'>merito</span> <span class='ocrx_word' id='word_1_727' title='bbox 2778 4800 3001 4855; x_wconf 86' lang='lat' dir='ltr'>sedulae</span> <span class='ocrx_word' id='word_1_728' title='bbox 3044 4800 3355 4855; x_wconf 86' lang='lat' dir='ltr'>servitutis</span> <span class='ocrx_word' id='word_1_729' title='bbox 3387 4814 3515 4854; x_wconf 60' lang='lat' dir='ltr'>sua;</span> <span class='ocrx_word' id='word_1_730' title='bbox 3544 4799 3699 4854; x_wconf 87' lang='lat' dir='ltr'>inter</span> 
     </span>
    </p>
   </div>
   <div class='ocr_carea' id='block_1_111' title="bbox 2030 4888 3699 4963">
    <p class='ocr_par' dir='ltr' id='par_1_111' title="bbox 2030 4888 3699 4963">
     <span class='ocr_line' id='line_1_111' title="bbox 2030 4888 3699 4963; baseline -0.001 -18"><span class='ocrx_word' id='word_1_731' title='bbox 2030 4891 2325 4963; x_wconf 90' lang='lat' dir='ltr'>agendum</span> <span class='ocrx_word' id='word_1_732' title='bbox 2382 4890 2576 4945; x_wconf 89' lang='lat' dir='ltr'>divina</span> <span class='ocrx_word' id='word_1_733' title='bbox 2635 4890 2915 4961; x_wconf 68' lang='lat' dir='ltr'>mysteria</span> <span class='ocrx_word' id='word_1_734' title='bbox 2970 4890 3243 4960; x_wconf 90' lang='lat' dir='ltr'>poposcit</span> <span class='ocrx_word' id='word_1_735' title='bbox 3283 4889 3585 4944; x_wconf 90' lang='lat' dir='ltr'>humiliter</span> <span class='ocrx_word' id='word_1_736' title='bbox 3614 4888 3699 4944; x_wconf 88' lang='lat' dir='ltr'>uti</span> 
     </span>
    </p>
   </div>
   <div class='ocr_carea' id='block_1_112' title="bbox 2029 4977 3692 5050">
    <p class='ocr_par' dir='ltr' id='par_1_112' title="bbox 2029 4977 3692 5050">
     <span class='ocr_line' id='line_1_112' title="bbox 2029 4977 3692 5050; baseline -0.001 -15"><span class='ocrx_word' id='word_1_737' title='bbox 2029 4981 2145 5035; x_wconf 91' lang='lat' dir='ltr'>sibi</span> <span class='ocrx_word' id='word_1_738' title='bbox 2174 4995 2272 5034; x_wconf 91' lang='lat' dir='ltr'>res</span> <span class='ocrx_word' id='word_1_739' title='bbox 2318 4995 2493 5050; x_wconf 88' lang='lat' dir='ltr'>quam</span> <span class='ocrx_word' id='word_1_740' title='bbox 2539 4978 2951 5050; x_wconf 86' lang='lat' dir='ltr'>frequentabat</span> <span class='ocrx_word' id='word_1_741' title='bbox 2990 4978 3276 5033; x_wconf 90' lang='lat' dir='ltr'>divinitus</span> <span class='ocrx_word' id='word_1_742' title='bbox 3304 4977 3692 5034; x_wconf 88' lang='lat' dir='ltr'>revelaretur.</span> 
     </span>
    </p>
   </div>
   <div class='ocr_carea' id='block_1_113' title="bbox 2027 5067 3696 5139">
    <p class='ocr_par' dir='ltr' id='par_1_113' title="bbox 2027 5067 3696 5139">
     <span class='ocr_line' id='line_1_113' title="bbox 2027 5067 3696 5139; baseline -0.001 -15"><span class='ocrx_word' id='word_1_743' title='bbox 2027 5068 2134 5124; x_wconf 85' lang='lat' dir='ltr'>Cui</span> <span class='ocrx_word' id='word_1_744' title='bbox 2153 5069 2315 5122; x_wconf 88' lang='lat' dir='ltr'>humi</span> <span class='ocrx_word' id='word_1_745' title='bbox 2336 5070 2518 5122; x_wconf 89' lang='lat' dir='ltr'>strato</span> <span class='ocrx_word' id='word_1_746' title='bbox 2536 5068 2933 5139; x_wconf 68' lang='lat' dir='ltr'>lacrymisque</span> <span class='ocrx_word' id='word_1_747' title='bbox 2950 5067 3151 5122; x_wconf 86' lang='lat' dir='ltr'>infuso</span> <span class='ocrx_word' id='word_1_748' title='bbox 3175 5067 3425 5139; x_wconf 89' lang='lat' dir='ltr'>angelus</span> <span class='ocrx_word' id='word_1_749' title='bbox 3452 5070 3696 5139; x_wconf 89' lang='lat' dir='ltr'>repente</span> 
     </span>
    </p>
   </div>
   <div class='ocr_carea' id='block_1_114' title="bbox 2029 5141 3695 5230">
    <p class='ocr_par' dir='ltr' id='par_1_114' title="bbox 2029 5141 3695 5230">
     <span class='ocr_line' id='line_1_114' title="bbox 2029 5141 3695 5230; baseline 0.001 -18"><span class='ocrx_word' id='word_1_750' title='bbox 2029 5158 2313 5229; x_wconf 90' lang='lat' dir='ltr'>apparuit,</span> <span class='ocrx_word' id='word_1_751' title='bbox 2364 5161 2424 5210; x_wconf 91' lang='lat' dir='ltr'>ut</span> <span class='ocrx_word' id='word_1_752' title='bbox 2474 5161 2751 5228; x_wconf 89' lang='lat' dir='ltr'>surgeret</span> <span class='ocrx_word' id='word_1_753' title='bbox 2796 5160 3055 5212; x_wconf 88' lang='lat' dir='ltr'>actutum</span> <span class='ocrx_word' id='word_1_754' title='bbox 3085 5157 3416 5228; x_wconf 89' lang='lat' dir='ltr'>imperavit,</span> <span class='ocrx_word' id='word_1_755' title='bbox 3452 5160 3506 5211; x_wconf 88' lang='lat' dir='ltr'>et</span> <span class='ocrx_word' id='word_1_756' title='bbox 3535 5141 3695 5230; x_wconf 80' lang='lat' dir='ltr'>quod</span> 
     </span>
    </p>
   </div>
   <div class='ocr_carea' id='block_1_115' title="bbox 2028 5242 3741 5317">
    <p class='ocr_par' dir='ltr' id='par_1_115' title="bbox 2028 5242 3741 5317">
     <span class='ocr_line' id='line_1_115' title="bbox 2028 5242 3741 5317; baseline 0.001 -17"><span class='ocrx_word' id='word_1_757' title='bbox 2028 5246 2275 5317; x_wconf 87' lang='lat' dir='ltr'>petierat</span> <span class='ocrx_word' id='word_1_758' title='bbox 2314 5244 2646 5299; x_wconf 87' lang='lat' dir='ltr'>obtinuisse</span> <span class='ocrx_word' id='word_1_759' title='bbox 2702 5245 2972 5299; x_wconf 89' lang='lat' dir='ltr'>innotuit.</span> <span class='ocrx_word' id='word_1_760' title='bbox 3032 5245 3123 5299; x_wconf 84' lang='lat' dir='ltr'>Ad</span> <span class='ocrx_word' id='word_1_761' title='bbox 3170 5244 3348 5315; x_wconf 91' lang='lat' dir='ltr'>cujus</span> <span class='ocrx_word' id='word_1_762' title='bbox 3382 5245 3697 5316; x_wconf 90' lang='lat' dir='ltr'>imperium</span> <span class='ocrx_word' id='word_1_763' title='bbox 3732 5242 3741 5247; x_wconf 80' lang='grc'><strong>’</strong></span> 
     </span>
    </p>
   </div>
   <div class='ocr_carea' id='block_1_116' title="bbox 2026 5333 3694 5405">
    <p class='ocr_par' dir='ltr' id='par_1_116' title="bbox 2026 5333 3694 5405">
     <span class='ocr_line' id='line_1_116' title="bbox 2026 5333 3694 5405; baseline 0 -16"><span class='ocrx_word' id='word_1_764' title='bbox 2026 5336 2182 5389; x_wconf 92' lang='lat' dir='ltr'>illico</span> <span class='ocrx_word' id='word_1_765' title='bbox 2201 5333 2734 5405; x_wconf 85' lang='lat' dir='ltr'>surrexit,puerum</span> <span class='ocrx_word' id='word_1_766' title='bbox 2756 5335 2856 5389; x_wconf 91' lang='lat' dir='ltr'>ubi</span> <span class='ocrx_word' id='word_1_767' title='bbox 2876 5350 3086 5404; x_wconf 88' lang='lat' dir='ltr'>panem</span> <span class='ocrx_word' id='word_1_768' title='bbox 3114 5333 3436 5405; x_wconf 88' lang='lat' dir='ltr'>reliquerat</span> <span class='ocrx_word' id='word_1_769' title='bbox 3466 5336 3694 5392; x_wconf 86' lang='lat' dir='ltr'>sancti-</span> 
     </span>
    </p>
   </div>
   <div class='ocr_carea' id='block_1_117' title="bbox 2025 5421 3694 5495">
    <p class='ocr_par' dir='ltr' id='par_1_117' title="bbox 2025 5421 3694 5495">
     <span class='ocr_line' id='line_1_117' title="bbox 2025 5421 3694 5495; baseline -0.001 -15"><span class='ocrx_word' id='word_1_770' title='bbox 2025 5425 2261 5480; x_wconf 83' lang='lat' dir='ltr'>ﬁcatum</span> <span class='ocrx_word' id='word_1_771' title='bbox 2293 5424 2627 5478; x_wconf 89' lang='lat' dir='ltr'>certissime</span> <span class='ocrx_word' id='word_1_772' title='bbox 2647 5423 2810 5493; x_wconf 87' lang='lat' dir='ltr'>vidit,</span> <span class='ocrx_word' id='word_1_773' title='bbox 2836 5439 3031 5495; x_wconf 88' lang='lat' dir='ltr'>quem,</span> <span class='ocrx_word' id='word_1_774' title='bbox 3054 5439 3087 5479; x_wconf 91' lang='grc' dir='ltr'>ο</span> <span class='ocrx_word' id='word_1_775' title='bbox 3108 5424 3256 5478; x_wconf 88' lang='lat' dir='ltr'>mira</span> <span class='ocrx_word' id='word_1_776' title='bbox 3276 5421 3397 5479; x_wconf 88' lang='lat' dir='ltr'>res!</span> <span class='ocrx_word' id='word_1_777' title='bbox 3422 5424 3694 5480; x_wconf 88' lang='lat' dir='ltr'>tremulis</span> 
     </span>
    </p>
   </div>
   <div class='ocr_carea' id='block_1_118' title="bbox 2025 5513 3690 5584">
    <p class='ocr_par' dir='ltr' id='par_1_118' title="bbox 2025 5513 3690 5584">
     <span class='ocr_line' id='line_1_118' title="bbox 2025 5513 3690 5584; baseline -0.002 -15"><span class='ocrx_word' id='word_1_778' title='bbox 2025 5514 2298 5570; x_wconf 90' lang='lat' dir='ltr'>manibus</span> <span class='ocrx_word' id='word_1_779' title='bbox 2315 5514 2786 5584; x_wconf 90' lang='lat' dir='ltr'>accepit,pectori</span> <span class='ocrx_word' id='word_1_780' title='bbox 2806 5514 3042 5583; x_wconf 90' lang='lat' dir='ltr'>proprio</span> <span class='ocrx_word' id='word_1_781' title='bbox 3066 5513 3341 5584; x_wconf 85' lang='lat' dir='ltr'>pressius</span> <span class='ocrx_word' id='word_1_782' title='bbox 3356 5513 3690 5584; x_wconf 86' lang='lat' dir='ltr'>applicavit,</span> 
     </span>
    </p>
   </div>
   <div class='ocr_carea' id='block_1_119' title="bbox 2025 5600 3690 5677">
    <p class='ocr_par' dir='ltr' id='par_1_119' title="bbox 2025 5600 3690 5677">
     <span class='ocr_line' id='line_1_119' title="bbox 2025 5600 3690 5677; baseline -0.004 -16"><span class='ocrx_word' id='word_1_783' title='bbox 2025 5608 2162 5661; x_wconf 86' lang='lat' dir='ltr'>etos</span> <span class='ocrx_word' id='word_1_784' title='bbox 2192 5604 2326 5677; x_wconf 84' lang='lat' dir='ltr'>ejus</span> <span class='ocrx_word' id='word_1_785' title='bbox 2358 5602 2446 5659; x_wconf 90' lang='lat' dir='ltr'>ori</span> <span class='ocrx_word' id='word_1_786' title='bbox 2468 5618 2578 5659; x_wconf 91' lang='lat' dir='ltr'>suo</span> <span class='ocrx_word' id='word_1_787' title='bbox 2623 5602 3000 5661; x_wconf 87' lang='lat' dir='ltr'>osculaturus</span> <span class='ocrx_word' id='word_1_788' title='bbox 3037 5602 3255 5660; x_wconf 87' lang='lat' dir='ltr'>flebilis</span> <span class='ocrx_word' id='word_1_789' title='bbox 3281 5602 3378 5674; x_wconf 90' lang='lat' dir='ltr'>pie</span> <span class='ocrx_word' id='word_1_790' title='bbox 3409 5600 3690 5672; x_wconf 88' lang='lat' dir='ltr'>admovit,</span> 
     </span>
    </p>
   </div>
   <div class='ocr_carea' id='block_1_120' title="bbox 3371 5689 3443 5746">
    <p class='ocr_par' dir='ltr' id='par_1_120' title="bbox 3371 5689 3443 5746">
     <span class='ocr_line' id='line_1_120' title="bbox 3371 5689 3443 5746; baseline 0 0"><span class='ocrx_word' id='word_1_791' title='bbox 3371 5689 3443 5746; x_wconf 74' lang='lat'><strong>45</strong></span> 
     </span>
    </p>
   </div>
  </div>
