4134 6174
499 300 657 361 14:9

1483 304 1871 367 DUBANDI
1913 303 2276 364 ABBATIS
2322 303 2931 368 TROARNENSIS.

3719 315 3837 379 1420

501 506 707 575 sicque
729 504 928 559 dutius
958 505 1253 559 desiderio
1275 506 1502 559 ardenti
1521 506 1819 560 Christum
1839 507 2155 573 cernendo,
2190 490 2249 548 Α
2277 522 2451 560 manu
2490 507 2743 561 ministri
2761 509 3002 578 accepit.
3023 509 3284 580 Cumque
3326 512 3393 563 ad
3416 511 3634 565 calicem
3649 521 3855 584 sumptu-

472 586 825 648 ‘osculando
884 598 937 647 et
995 596 1399 664 amplectende
1454 595 1859 648 satisfecitAd
1894 595 2163 648 ultimum

500 698 643 736 vero
668 683 772 735 Dei
812 682 1022 736 Filium
1082 684 1247 736 altari
1280 684 1551 747 restituit,
1588 684 1987 753 precibusque
2015 688 2077 736 ut
2107 683 2165 736 in

499 771 810 842 pristinam
829 771 1025 825 redire
1051 771 1296 825 formam
1319 773 1663 842 dignaretur
1685 773 1953 842 obtinuit,
1989 789 2054 825 ac
2078 772 2167 825 sic

503 860 694 915 sacris
723 876 797 913 ex
827 876 989 914 more
1021 861 1318 930 mysteriis
1354 862 1739 930 participavit.

576 948 792 1002 XXIX.
823 948 1206 1020 Nequaquam
1240 964 1380 1002 vero
1428 950 1898 1018 praetereundum
1942 949 2173 1002 videtur

506 1037 663 1107 quod
692 1037 901 1091 beatus
963 1038 1378 1108 Hieronymus,
1436 1038 1611 1108 cujus
1670 1039 1964 1108 praecipua
2024 1038 2175 1091 inter

507 1126 954 1181 ecclesiasticos
986 1127 1261 1180 doctores
1291 1128 1612 1180 auctoritas
1643 1127 1911 1195 habetur,
1948 1127 2173 1179 inlibro

508 1231 683 1286 quem
716 1214 882 1269 Vitas
930 1216 1171 1269 Patrum
1227 1216 1550 1285 nuncupari
1609 1217 1841 1286 placuit,
1896 1230 2175 1269 narrasse

506 1304 822 1373 reperitur.
856 1303 1100 1369 Quidam
1152 1305 1452 1359 seniorum
1492 1320 1747 1373 magnus
1775 1304 2010 1374 quidem
2039 1305 2174 1358 vitae

507 1393 740 1461 merito,
773 1393 877 1446 sed
903 1394 1424 1464 idiota,minusque
1460 1394 1517 1447 in
1550 1394 1875 1463 Scripturis
1907 1394 2174 1448 eruditus

508 1481 580 1535 de
611 1483 892 1551 mysterio
929 1482 1231 1536 Dominico
1290 1483 1541 1547 errabat;
1604 1499 1807 1537 verum
1864 1482 2079 1552 magis,
2116 1483 2177 1534 ut

510 1571 728 1625 dictum
774 1575 884 1640 est,
922 1572 1155 1625 inscitia
1186 1589 1359 1642 quam
1404 1573 1641 1627 malitia.
1676 1572 1841 1637 Quod
1875 1589 2008 1626 cum
2045 1572 2175 1624 aliis

512 1660 746 1714 duobus
766 1661 1041 1714 Patribus
1064 1662 1439 1731 innotuisset,
1475 1664 1531 1715 et
1551 1662 1701 1731 ipsis
1751 1677 1962 1732 magna
1987 1662 2177 1713 virtu-

2274 611 2380 649 rus
2400 595 2470 648 de
2493 611 2561 649 eo
2580 596 3006 663 venisset,eum
3032 614 3264 668 quoque
3317 600 3588 672 sanguine
3633 603 3856 670 repletum

2273 684 2695 754 vidisset,tanti
2719 686 3239 755 miraculistupore
3267 688 3532 742 attonitus
3560 689 3760 743 domum
3787 709 3857 745 re-

2276 773 2700 843 diit,ignoranti
2722 790 2855 844 quae
2879 780 3082 845 egerat
3104 780 3159 829 et
3179 776 3506 846 inspexerat
3545 780 3692 831 uxori
3721 796 3860 849 expe-

2276 861 2571 926 divit.Qua
2596 864 2893 933 credente,
2919 865 3011 917 die
3060 868 3297 934 postera
3339 867 3407 919 ad
3432 866 3685 919 Basilium
3725 868 3865 921 desti-

2280 950 2453 1009 navit.
2492 954 2619 1004 acta
2653 952 2900 1021 visaque
2960 954 3275 1023 diligenter
3331 955 3609 1022 exposuit,
3651 961 3861 1010 sanctum

2281 1039 2572 1108 baptisma
2619 1041 2940 1109 prudenter
2998 1042 3271 1095 virtutem
3320 1040 3616 1096 Christiani
3668 1046 3863 1097 nominis

2282 1128 2623 1197 expendens
2646 1128 2761 1181 sibi
2800 1129 2923 1182 dari
2948 1131 3234 1200 poposcit,
3272 1135 3327 1184 et
3357 1131 3525 1185 citius
3572 1131 3795 1186 obtinuit.
3821 1133 3867 1185 Si

2285 1217 2377 1269 cui
2412 1220 2604 1270 autem
2636 1223 2831 1271 movet
2887 1219 3233 1288 scrupulum
3287 1223 3413 1272 acta
3452 1235 3544 1273 res
3592 1220 3863 1287 dubietatis,
3946 1228 3955 1235 ‘

2284 1305 2439 1375 quod
2456 1320 2686 1376 pagano
2709 1307 2824 1359 imo
2845 1306 3049 1360 Judan
3068 1307 3258 1376 portio
3298 1307 3575 1361 Dominici
3596 1308 3812 1377 corporis
3830 1314 3869 1362 et

2285 1393 2597 1463 sanguinis
2620 1394 2833 1447 dicitur
2862 1396 3121 1448 revelata
3153 1396 3401 1449 necdum
3460 1396 3711 1463 credenti,
3738 1396 3868 1465 idque

2285 1481 2578 1535 inficiatur
2608 1483 2876 1552 potuisse
2926 1483 3073 1549 fieri,
3110 1485 3431 1554 perpendat
3479 1484 3588 1537 alia
3617 1484 3870 1538 Salvatoris

2283 1570 2459 1641 longe
2487 1570 3009 1643 fortiorainsignia
3039 1573 3295 1642 pietatis.
3330 1571 3620 1637 Quomodo
3640 1574 3872 1644 ignoranti

2287 1659 2503 1713 mundo
2528 1675 2706 1714 carne
2734 1661 2962 1715 velatus
2985 1663 3525 1733 apparuit,qualiter
3546 1678 3641 1732 pro
3659 1662 3811 1730 impiis
3834 1665 3872 1713 et

511 1751 634 1803 tum
659 1749 844 1820 gratia
863 1752 919 1803 et
940 1750 1244 1819 sapientiae
1274 1750 1640 1817 doctrina,ad
1691 1766 1823 1804 eum
1856 1767 1928 1805 ex
1979 1749 2178 1803 condi-
2211 1770 2261 1829 Β
2289 1748 2700 1817 peccatoribus
2734 1750 2880 1803 mori
2917 1751 3173 1819 pertulit.
3208 1751 3483 1804 Attendat
3510 1752 3666 1804 etiam
3694 1751 3741 1803 in
3757 1749 3875 1802 Acti-

515 1840 609 1891 cto
639 1838 840 1892 venire
888 1842 1198 1909 maturant;
1232 1855 1482 1909 cumque
1513 1840 1583 1893 de
1614 1836 1858 1893 veritate
1889 1839 2181 1893 Dominici

518 1928 788 1996 corporis
811 1930 867 1981 et
888 1929 1199 1998 sanguinis
1222 1928 1274 1982 ei
1322 1930 1684 2001 persuadere
1716 1929 2184 1998 vellent,nequa-

519 2030 692 2085 quam
739 2015 1051 2086 acquievit,
1089 2016 1192 2070 sed
1216 2034 1226 2070 :
1253 2018 1383 2071 Nisi
1418 2034 1542 2071 rem
1575 2018 1795 2087 videro,
1830 2018 2037 2088 inquit,
2072 2032 2185 2070 non

520 2105 697 2158 credo
720 2104 914 2159 vobis.
941 2104 1066 2170 Quo
1090 2107 1285 2160 audito
1310 2107 1408 2177 qui
1432 2109 1832 2161 convenerant
1852 2110 1907 2160 et
1935 2105 2186 2159 sinceri-

516 2196 692 2248 tatem
712 2195 938 2249 rustico
960 2194 1042 2248 illi
1072 2196 1202 2249 seni
1222 2196 1619 2265 insinuabant,
1664 2196 1841 2249 tridui
1892 2194 2187 2264 jejunium

518 2299 723 2338 secum
742 2284 930 2338 eidem
954 2284 1234 2348 indicunt,
1285 2302 1351 2340 ac
1374 2301 1555 2355 super
1583 2285 1696 2339 hoc
1727 2285 1966 2356 negotio
1992 2284 2184 2338 Domi-

516 2388 655 2426 num
671 2373 934 2444 rogaturi
967 2381 1318 2428 conventum
1369 2376 1628 2438 solvunt,
1662 2374 1778 2428 Sed
1799 2375 2013 2427 statuto
2045 2375 2182 2426 tem-

514 2474 660 2529 pore
717 2476 832 2514 una
862 2461 1238 2525 conveniunt;
1291 2462 1501 2515 deinde
1556 2461 1627 2514 ad
1686 2460 2021 2527 ecclesiam,
2081 2460 2183 2513 ubi

516 2548 714 2602 divina
742 2549 1069 2620 agebantur
1100 2549 1872 2620 mysteria,rontendunt,ibi
1900 2550 1985 2602 rei
2009 2565 2182 2619 quam

519 2640 913 2707 conceperant
959 2641 1153 2693 mente
1212 2640 1631 2709 praestolantur
1682 2639 1924 2692 exitum.
1956 2638 2184 2702 Quibus

518 2726 667 2783 solis
696 2744 829 2799 quae
859 2729 1189 2800 agebantur
1243 2729 1451 2783 collata
1509 2732 1601 2782 est
1656 2727 1918 2781 intuendi
1974 2726 2182 2797 gratia,

517 2819 717 2886 aperte
748 2817 1023 2872 videlicet
1044 2817 1518 2871 intellectualium
1553 2817 1835 2871 luminum
1868 2816 1992 2869 acie
2016 2830 2186 2869 reve-

515 2905 653 2976 lata;
685 2908 741 2960 et
785 2908 1015 2977 quando
1038 2908 1213 2976 positi
1237 2910 1375 2960 sunt
1396 2922 1578 2977 panes
1603 2906 1660 2959 in
1680 2907 1880 2973 altare,
1905 2906 2075 2958 visus
2095 2908 2187 2958 est

518 2995 636 3050 illis
666 2997 1066 3051 tantummodo
1122 2997 1318 3051 tribus
1350 2999 1627 3066 tanquam
1655 2995 1945 3065 puerulus
1971 2993 2185 3064 jacens

518 3101 702 3156 super
733 3087 937 3141 altare.
961 3086 1224 3157 Cumque
1248 3086 1617 3140 extendisset
1633 3085 1945 3155 presbyter
1974 3099 2185 3136 manus

514 3178 580 3230 ut
606 3175 911 3247 frangeret
967 3192 1197 3245 panem,
1260 3175 1568 3229 descendit
1596 3174 1848 3244 angelus
1907 3173 1978 3226 de
2011 3172 2181 3242 coelo,

518 3264 746 3320 habens
806 3265 1058 3320 cultrum
1107 3265 1169 3317 in
1225 3279 1400 3317 manu
1431 3266 1488 3317 et
1543 3262 1905 3316 sacrificavit
1936 3277 2184 3331 puerum

516 3354 702 3421 illum,
735 3354 1086 3426 sanguinem
1134 3369 1275 3407 vero
1325 3353 1458 3424 ejus
1522 3351 1853 3421 excipiebat
1885 3351 1942 3403 in
1976 3350 2181 3404 calice.

517 3442 663 3497 Cum
693 3446 885 3497 autem
916 3444 1227 3513 presbyter
1255 3442 1559 3513 frangeret
1590 3442 1647 3493 in
1679 3442 1882 3509 parvis
1914 3439 2184 3509 partibus

516 3548 748 3602 panem,
783 3532 956 3585 etiam
985 3531 1236 3601 angelus
1270 3530 1563 3583 incidebat
1612 3528 1780 3598 pueri
1830 3528 2092 3581 membra
2127 3528 2187 3582 in

520 3620 769 3674 modicis
799 3620 1088 3689 partibus.
1123 3618 1268 3673 Cum
1320 3634 1460 3672 vero
1494 3617 1859 3671 accessisset
1890 3632 2075 3670 senex
2124 3619 2187 3669 ut

519 3709 814 3778 acciperet
830 3711 1095 3762 sanctam
1117 3708 1610 3775 communionem,
1644 3707 1775 3759 data
1807 3707 1899 3758 est
1928 3705 2041 3775 ipsi
2074 3705 2187 3759 soli

523 3814 682 3867 caro,
716 3796 1009 3869 sanguine
1031 3796 1519 3868 cruentata,quod
1543 3812 1673 3849 cum
1694 3795 1966 3863 vidisset,
2000 3795 2185 3865 perti-

520 3887 685 3956 muit,
718 3891 775 3942 et
827 3887 1099 3941 clamavit
1155 3886 1359 3941 dicens
1395 3903 1405 3940 :
1446 3906 1468 3935 α
1504 3884 1716 3951 Credo,
1751 3884 2018 3953 Domine,
2053 3884 2190 3955 quia

519 3977 692 4047 panis
722 3977 821 4048 qui
868 3976 928 4029 in
977 3976 1156 4029 altare
1212 3976 1468 4046 ponitur,
1531 3990 1752 4044 corpus
1798 3976 1957 4027 tuum
1990 3977 2099 4042 est,
2134 3977 2191 4027 et

522 4065 675 4120 calix
702 4067 842 4119 tuus
874 4067 966 4119 est
1021 4064 1292 4135 sanguis,
1334 4083 1355 4113 ν
1412 4065 1467 4117 et
1526 4063 1721 4116 statim
1755 4061 1908 4115 facta
1957 4065 2049 4115 est
2091 4061 2189 4115 illa

519 4154 807 4226 particula
825 4154 885 4208 in
907 4169 1080 4208 manu
1104 4153 1238 4225 ejus
1257 4153 1427 4223 panis
1451 4151 1779 4206 secundum
1802 4149 2185 4221 mysteriumf;

521 4247 579 4299 et
606 4244 861 4315 sumpsit
916 4243 1058 4297 illud
1100 4244 1159 4295 in
1209 4257 1312 4297 ore
1370 4256 1557 4312 agens
1589 4240 1812 4312 gratias
1844 4240 1987 4293 Deo.
2024 4240 2189 4293 Tunc

523 4349 701 4388 senes
751 4349 762 4387 :
814 4355 835 4379 α
887 4334 1069 4402 Deus,
1104 4332 1395 4402 inquiunt,
1432 4330 1545 4384 scit
1576 4330 1887 4384 humanam
1921 4332 2190 4383 naturam

520 4439 638 4477 non
669 4437 850 4492 posse
881 4421 1154 4475 humanis
1179 4421 1457 4474 carnibus
1482 4419 1667 4487 vesci,
1704 4419 1835 4472 ideo
1868 4418 2189 4488 proprieta-

521 4514 639 4565 tem
670 4510 765 4565 sui
797 4509 1067 4580 corporis
1099 4512 1156 4563 et
1188 4509 1519 4579 sanguinis,
1558 4507 1669 4560 sub
1713 4507 1903 4577 figura
1933 4507 2105 4576 panis
2137 4510 2192 4561 et

522 4601 665 4668 vini,
697 4600 794 4670 pia
824 4598 1267 4669 dispensatione
1290 4598 1471 4651 latere
1502 4596 1707 4650 voluit.
1745 4616 1767 4642 υ

594 4689 784 4743 ΧΧΧ.
820 4688 966 4742 lllud
987 4686 1459 4756 praeterea,quod
1481 4686 1541 4738 in
1588 4684 1737 4737 libro
1786 4684 1869 4736 De
1904 4684 2031 4737 Vita
2056 4699 2188 4737 san-

524 4781 602 4835 cti
631 4777 835 4833 Basilii
865 4777 1101 4847 legitur,
1165 4776 1300 4846 quia
1352 4773 1638 4829 solvendo
1669 4772 1985 4826 dubietatis
2016 4773 2188 4827 modo

521 4868 837 4940 plurimum
861 4865 1134 4937 opitulari
1158 4861 1941 4932 credimus,narratiuneulae
1967 4865 2190 4915 nostrae

524 4961 796 5029 oportere
818 4955 1000 5011 inseri
1026 4954 1391 5022 censuimus;
1413 4952 1567 5023 quod
1616 4952 1695 5004 ita
1718 4966 1784 5003 se
1806 4950 2027 5003 habere
2056 4966 2190 5019 pro-

522 5047 1018 5102 batur.Hebraeus
1038 5043 1271 5115 quidam
1298 5042 1546 5096 necdum
1582 5040 1642 5093 in
1666 5040 1748 5092 Ch
1761 5039 1901 5092 risto
1927 5042 2188 5109 renatus,

526 5136 633 5190 sed
673 5136 1005 5190 divinorum
1042 5132 1460 5204 mysteriorum
1519 5129 1833 5183 admodum
1887 5129 2187 5200 curiosus,

527 5223 684 5277 fideli
705 5224 920 5293 populo
948 5224 1200 5277 latenter
1231 5221 1522 5274 admistus
1546 5218 1861 5272 ecclesiam
1882 5217 2196 5289 aliquando

531 5312 907 5382 subintravit,
941 5328 1073 5382 quae
1100 5312 1178 5365 ibi
1196 5312 1520 5381 agerentur
1543 5308 1838 5362 subtiliter
1860 5307 2200 5375 exploratu-

526 5400 1008 5455 rus.Cclebrante
1028 5403 1217 5453 autem
1254 5398 1546 5451 B.Basilio
1597 5400 1802 5449 sancta
1831 5398 2192 5465 sanctorum,

529 5474 663 5544 cum
694 5488 767 5541 ad
796 5488 1000 5541 horam
1032 5486 1426 5540 distribuendi
1448 5501 1666 5554 corpus
1691 5484 2064 5538 Dominicum
2095 5500 2197 5553 po-

528 5578 665 5650 pulo
689 5579 852 5632 esset
873 5576 1401 5646 perventum,inter
1419 5578 1668 5629 caeteros
1692 5574 1763 5627 ad
1782 5574 1973 5627 altare‘
1988 5587 2195 5626 acces-

530 5667 965 5739 sit,portionem
996 5666 1067 5720 de
1090 5679 1261 5719 sacro
1292 5664 1574 5735 mysterio
1604 5679 1839 5717 carnem
1882 5661 2093 5716 factam
2125 5662 2197 5715 de

2218 4628 2270 4688 D

2292 1837 2405 1890 bus
2455 1837 2855 1906 apostolorum
2914 1838 3162 1909 paganis
3220 1843 3276 1892 et
3316 1839 3627 1911 gentilibus
3678 1838 3873 1907 Spiritus

2293 1927 2480 1979 sancti
2509 1926 2758 1997 gratiam
2791 1930 3008 1996 praeter
3031 1944 3197 1997 spem
3220 1928 3504 1982 indultam
3526 1926 3876 1995 esse,animad-

2292 2019 2598 2087 vertetque
2623 2017 2764 2069 nihil
2789 2017 2926 2070 novi
2974 2017 3239 2088 nihilque
3289 2017 3626 2072 incredibile
3653 2017 3744 2070 hac
3768 2017 3811 2068 in
3834 2029 3875 2067 re

2293 2104 2608 2171 accidisse,
2634 2106 2789 2176 quod
2810 2108 2906 2159 aut
2931 2106 3194 2161 veritatis
3219 2107 3468 2161 excedat
3496 2107 3758 2174 ﬁdem,aut
3779 2102 3871 2157 Sal-

2296 2193 2518 2247 vatoris
2542 2210 2656 2248 non
2682 2195 2884 2248 deceat
2904 2195 3198 2266 pietatem.
3228 2196 3309 2249 De
3330 2212 3448 2266 quo
3480 2195 3753 2265 Scriptura
3775 2207 3877 2245 con-

2293 2282 2464 2336 tinet:
2491 2282 2595 2337 Sic
2638 2283 2798 2338 Deus
2849 2284 3062 2338 dilexit
3120 2285 3418 2353 mundum,
3458 2290 3515 2339 ut
3544 2283 3736 2338 Filium
3762 2296 3878 2336 suum

2296 2371 2657 2442 unigenitum
2691 2373 2884 2441 daret,
2920 2373 3191 2427 videlicet
3224 2378 3281 2427 ut
3309 2375 3509 2428 crucis
3568 2371 3880 2442 suspendium

2289 2461 2614 2531 mortisque
2634 2462 2985 2531 supplicium
3005 2479 3115 2532 pro
3135 2463 3481 2519 redimendo
3503 2463 3698 2516 mundo
3718 2459 3884 2531 perfer-

2290 2550 2398 2601 ret.
2433 2548 2539 2612 Qui
2572 2550 2643 2602 de
2674 2550 2899 2604 Judaeis
2933 2553 3121 2617 ortus,
3185 2552 3407 2621 quibus
3449 2555 3516 2605 ut
3558 2550 3882 2619 repromissus

2291 2636 2479 2690 fuerat
2510 2654 2540 2690 a
2572 2638 3003 2707 Patre,missus
3027 2642 3140 2707 est,
3167 2640 3322 2694 sicut
3354 2640 3483 2709 ipse
3514 2640 3590 2693 ait
3620 2656 3631 2692 :
3662 2639 3772 2695 Non
3796 2654 3881 2692 sum

2292 2727 2511 2779 missus
2532 2727 2652 2779 nisi
2668 2727 2742 2781 ad
2761 2744 2904 2781 oves
2926 2744 3050 2799 qmc
3055 2730 3378 2799 perierant
3398 2729 3594 2783 domus
3610 2728 3884 2782 Israelﬁon

2291 2831 2436 2886 ergo
2460 2816 2671 2869 mirum
2724 2816 2777 2870 si
2809 2832 3051 2870 suorum
3083 2817 3178 2870 ille
3213 2821 3704 2872 sacramentorum
3728 2829 3883 2869 arcana

2293 2904 2525 2969 retexit,
2563 2906 2954 2976 corporisque
2984 2906 3078 2960 sui
3104 2922 3171 2960 ac
3202 2907 3519 2978 sanguinis
3543 2908 3882 2976 proprietatem

2292 2993 2575 3046 revelavit
2606 3010 2710 3062 pro
2743 3010 2857 3064 quo
2896 3010 2962 3048 se
2995 3011 3066 3049 ex
3098 2996 3565 3064 repromissione
3593 2992 3886 3049 haereditaria

2293 3082 2633 3152 impendere
2668 3083 3012 3137 redimendo
3045 3084 3247 3137 voluit.

2363 3170 2577 3224 XXXI.
2612 3170 2940 3243 Cujusdam
2963 3189 3196 3244 quoque
3224 3172 3423 3227 Judaei
3444 3173 3618 3242 ﬁlius,
3650 3176 3761 3226 cum
3783 3170 3887 3222 inter

2293 3258 2668 3314 Christianos
2725 3278 2943 3331 pueros
2995 3262 3327 3315 liberalium
3391 3262 3600 3317 studiis
3631 3262 3885 3315 litterarum

2293 3352 2689 3419 exerceretur,
2725 3351 2975 3420 quadam
3023 3351 3117 3404 die
3147 3352 3217 3403 ad
3262 3352 3574 3405 basilicam
3597 3350 3828 3422 gloriose
3848 3348 3885 3397 et

2292 3437 2656 3492 intemeratae
2686 3456 3040 3509 semperque
3099 3440 3355 3511 virginis
3392 3440 3609 3509 Mariae,
3627 3439 3715 3493 ubi
3736 3437 3887 3489 missa-

2292 3542 2423 3579 rum
2479 3528 2809 3598 agebantur
2862 3527 3150 3583 solemnia
3210 3545 3344 3583 cum
3406 3530 3623 3584 eoaevis
3653 3525 3886 3582 sodalibus

2291 3615 2569 3685 accessit,
2633 3617 3142 3686 participationem
3200 3620 3481 3688 corporis
3535 3622 3589 3673 et
3644 3610 3886 3685 sanguinis

2291 3705 2525 3758 Domini
2541 3705 2729 3759 nostri
2744 3706 2889 3761 Jesu
2904 3706 3124 3760 Christi
3166 3707 3245 3761 ibi
3269 3724 3405 3761 cum
3425 3708 3727 3761 infantibus
3746 3702 3888 3756 infans

2292 3791 2419 3863 ipse
2451 3795 2697 3864 accepit;
2731 3796 2936 3866 sicque
2985 3796 3222 3849 domum
3247 3797 3399 3850 redit
3422 3796 3624 3867 patris,
3660 3794 3756 3859 cui,
3783 3791 3889 3844 inter

2296 3883 2623 3953 amplexus,
2687 3884 2893 3938 oscula
2957 3885 3303 3954 simpliciter
3332 3901 3470 3956 quae
3503 3887 3693 3956 egerat
3730 3878 3887 3936 retulit.

2296 3970 2522 4035 Quibus
2544 3973 2956 4043 auditis,pater
2990 3974 3227 4043 impius,
3262 3972 3615 4045 Christoque
3632 3976 3779 4043 atque
3802 3966 3889 4021 Suis

2296 4060 2535 4132 legibus
2570 4062 2868 4130 inimicus,
2904 4063 3285 4117 vehementer
3312 4063 3629 4131 infremuit,
3661 4068 3891 4131 pueroque

2298 4151 2551 4203 minatus
2581 4151 2657 4203 ait
2682 4167 2693 4204 :
2718 4152 2862 4215 Quia
2896 4157 3106 4205 contra
3138 4167 3327 4205 meam
3376 4153 3721 4205 voluntatem
3743 4143 3889 4218 egisti.

2299 4239 2370 4291 ad
2392 4238 2793 4293 ulciscendam
2817 4240 3048 4294 violatae
3071 4240 3225 4310 legis
3259 4243 3485 4294 nostrae
3515 4238 3891 4309 injuriam,paf-

2297 4327 2480 4381 ricida
2506 4327 2631 4398 jam
2686 4344 2839 4381 nunc
2873 4330 2933 4381 in
2982 4333 3035 4382 te
3071 4328 3256 4382 durus
3316 4329 3567 4382 existam
3601 4330 3651 4380 et
3676 4320 3888 4378 crudelis.

2297 4414 2422 4480 Quo
2446 4417 2622 4487 dicto,
2649 4417 3085 4486 apprehensum
3118 4432 3250 4471 eum
3300 4416 3354 4468 in
3392 4416 3681 4469 fornacem
3712 4410 3891 4482 propius

2300 4506 2600 4559 ardentem
2650 4505 2872 4576 injecit,
2907 4507 3112 4576 sicque
3146 4505 3306 4577 ligna
3337 4509 3400 4559 ut
3431 4502 3801 4558 vehementius
3826 4511 3892 4550 ex-

2307 4596 2577 4648 ureretur
2590 4594 3060 4663 adjecitJnterea
3082 4598 3267 4647 mater
3289 4594 3399 4648 hoc
3422 4595 3724 4663 comperto,
3747 4599 3894 4659 geme-

2302 4682 2500 4736 bunda
2532 4685 2703 4753 quasi
2737 4685 2918 4737 tilium
2971 4683 3313 4751 liberatura,
3351 4685 3520 4737 ocius
3551 4679 3795 4741 accurrit,
3820 4670 3892 4727 sed

2302 4788 2423 4841 prae
2436 4773 2807 4827 vehementia
2828 4774 3194 4827 flammarum
3221 4773 3367 4827 nihil
3398 4764 3892 4843 proliciens,d010re

2300 4862 2522 4929 percita
2546 4863 2753 4931 capitis
2777 4864 3038 4916 velamen
3062 4862 3517 4932 adjecit,sicque
3542 4857 3750 4929 sparsis
3766 4849 3892 4905 crini-

2301 4948 2414 5001 bus
2438 4948 2547 5000 hae
2564 4949 2814 5019 illacque
2837 4950 3396 5012 discurrens,totam
3417 4948 3697 5001 civitatem
3713 4934 3895 4996 miseris

2300 5037 2690 5109 plangoribus
2710 5039 2989 5108 implevit.
3012 5038 3099 5091 Ad
3124 5037 3303 5106 cujus
3322 5052 3502 5091 voces
3524 5036 3743 5103 repente
3757 5040 3888 5098 popli.

2299 5124 2394 5178 lus
2409 5128 2934 5196 convenit,tantum
2952 5128 3181 5181 facinus
3199 5142 3273 5180 ex
3288 5126 3489 5180 ordine
3506 5109 3897 5185 didicit;undead

2304 5213 2606 5268 fornacem
2634 5216 2974 5287 indignatus
3004 5216 3281 5283 accessit,
3318 5216 3577 5267 ﬂammas
3609 5202 3893 5279 quantocius

2303 5305 2536 5371 amovit,
2574 5320 2642 5358 ac
2701 5286 2948 5373 puerum
3004 5304 3100 5374 qui
3133 5305 3285 5356 inter
3335 5304 3595 5355 ﬂammas
3645 5286 3895 5349 incolumis

2303 5396 2579 5463 repertus
2593 5398 2683 5446 est
2701 5393 2970 5459 extraxit;
3003 5396 3226 5462 patrem
3246 5406 3384 5445 vero
3409 5386 3682 5465 ejustanti
3700 5375 3893 5435 sceleris

2303 5487 2601 5536 auctorem
2638 5483 2695 5535 in
2733 5483 2971 5535 easdem
3002 5482 3267 5534 ﬂammas
3303 5478 3614 5533 deliberate
3633 5469 3782 5525 simul
3802 5476 3896 5518 con-

2303 5571 2436 5625 silio
2463 5570 2795 5640 injecit,ubi
2816 5571 3015 5624 divino
3058 5569 3288 5639 judicio
3320 5582 3507 5637 usque
3528 5563 3597 5617 ad
3625 5575 3751 5616 ossa
3777 5565 3897 5608 com-

2301 5660 2513 5714 bustus
2547 5660 2605 5714 in
2620 5664 2914 5727 momento
2938 5655 3577 5732 disperiitBequisitus
3599 5652 3767 5705 autem
3786 5651 3893 5713 put"r
