4048 6164
253 330 373 393 1421

1050 328 1308 391 LIBER
1338 329 1446 390 DE
1470 328 1878 392 ’CORPORE
1910 329 2014 388 ET
2046 328 2480 391 SANGUINE
2515 329 2870 391 CHRISTI.

3501 331 3533 390 1
3545 330 3660 396 422

250 535 406 585 utrum
439 531 536 584 illa
569 531 933 583 ﬂammarum
974 528 1555 597 incendia'fsenserit,
1583 552 1603 576 α
1642 529 1872 599 mulier,
1906 512 1960 569 Α
1991 529 2537 582 attentavit.Verum
2570 529 2683 596 ille,
2720 530 2854 583 licet
2889 534 3055 585 aetate
3088 532 3504 587 adolescentiae
3520 549 3656 588 nec-

249 620 419 689 inquit,
475 635 607 689 quae
653 621 713 672 in
758 620 853 672 illa
887 604 1153 684 basilica,
1191 620 1287 673 ubi
1325 635 1532 689 panem
1564 619 1634 672 de
1670 634 1873 671 mensa

247 709 435 777 accepi,
467 709 778 777 parvulum
809 708 868 760 in
917 709 1051 761 sinu
1081 709 1373 779 gestabat,
1408 708 1583 777 pallio
1616 722 1707 760 me
1742 722 1872 774 suo,

208 801 310 851 ‘nc
340 798 481 869 ignis
532 798 627 851 ille
685 797 1014 864 devoraret,
1076 798 1384 865 operuit.»
1442 797 1551 849 Hic
1608 795 1884 849 nimirum

253 890 486 955 patenter
509 886 682 939 datur
711 886 958 957 intelligi
985 887 1140 956 quod
1162 902 1277 939 non
1309 886 1499 939 solum
1520 885 1730 938 Filium
1756 884 1881 952 Dei,

245 975 335 1028 sed
348 980 395 1029 et
412 978 675 1029 sanetam
701 974 1228 1045 Gcnitricemejus
1261 991 1408 1044 puer
1438 974 1699 1028 illeinter
1716 988 1884 1026 sacra

253 1063 499 1134 mysteria
532 1064 879 1131 inspexerit,
899 1063 1075 1133 cujus
1090 1064 1460 1132 postmodum
1474 1062 1663 1115 fretus
1681 1078 1837 1131 pnes
1851 1062 1892 1113 i-

238 1152 962 1207 dioﬂammarumincendia
985 1153 1307 1223 mortisque
1338 1152 1657 1205 discrimen
1670 1151 1878 1205 evasit.

237 1242 330 1306 Qui
356 1241 895 1311 utiqueinnocentia
916 1246 971 1294 et
992 1242 1364 1310 simplicitate
1388 1240 1595 1309 puerili
1625 1240 1696 1293 de
1720 1243 1879 1293 tanta

239 1331 438 1383 visione
474 1330 615 1383 nihil
640 1329 1003 1400 conﬁngere,
1036 1345 1227 1400 neque
1252 1330 1483 1382 mentiri
1515 1330 1733 1397 potuit:
1781 1330 1875 1382 cui

234 1420 309 1473 rei
338 1418 474 1472 satis
493 1418 738 1472 evidens
755 1422 995 1487 praestat
1024 1418 1737 1486 testimonium,indultum
1760 1418 1875 1470 sibi

232 1507 419 1560 divina:
444 1507 814 1560 liberationis
845 1507 1221 1560 beneficium.
1257 1506 1372 1560 Sed
1403 1506 1555 1560 inter
1586 1506 1711 1560 haec
1737 1506 1865 1559 dili-

232 1596 374 1667 genti
400 1597 594 1650 studio
635 1595 1116 1665 perpendendum
1167 1595 1669 1665 qued,sieuthuic
1688 1611 1872 1664 puero

231 1684 486 1738 divinitus
518 1688 610 1741 est
642 1684 984 1752 revelatum,
1007 1688 1201 1739 utrum
1235 1700 1453 1753 corpus
1502 1684 1579 1737 sit
1613 1683 1739 1736 Filii
1768 1683 1871 1736 Dei

230 1778 656 1828 sacrosanctum
711 1775 865 1844 quod
923 1774 994 1828 de
1025 1789 1227 1827 mensa
1285 1774 1608 1842 percipitur
1669 1772 1870 1827 altaris

229 1864 568 1933 mysterium,
604 1866 826 1916 sanctae
849 1878 1083 1933 quoque
1108 1863 1427 1915 Genitricis
1450 1862 1583 1931 ejus
1605 1877 1867 1915 nonnun-

1991 618 2125 671 dum
2159 619 2469 672 excederet
2502 635 2709 685 annos,
2746 622 2937 673 tamen
2969 621 3149 689 illum,
3176 623 3311 692 quia
3346 623 3653 678 catholica)

1989 706 2123 760 fidei
2158 708 2363 760 merito
2394 709 2676 776 praeditus
2710 713 2831 763 erat
2860 713 2914 763 et
2946 712 3155 780 gratia,
3176 713 3383 766 callide
3405 728 3651 781 suspen-

1988 796 2089 865 dit,
2120 812 2442 866 secumque
2491 798 2682 867 quoad
2730 799 2899 868 regni
2931 799 3023 853 sui
3055 800 3127 853 ad
3155 801 3645 856 mediterraneam

1988 884 2293 938 deveniret
2328 885 2549 953 sedem,
2581 886 2873 940 Ilriotnam
2904 887 3339 958 [al.,Brionam]
3359 891 3648 945 vocabulo

1988 973 2232 1027 detinuit
2247 975 2343 1027 ubi
2360 975 2617 1045 undique
2633 977 2856 1029 coactis
2872 977 3180 1031 catholicis
3195 994 3263 1032 ac
3278 979 3647 1049 sapientibus

1987 1061 2156 1129 viris,
2184 1064 2581 1132 supercadem
2605 1080 2667 1117 re
2687 1065 3035 1133 disponebat
3060 1067 3391 1120 conflictum
3416 1067 3644 1122 haberi.

1986 1150 2069 1203 Eo
2102 1167 2245 1222 ergo
2272 1155 2507 1205 ventum
2530 1157 2640 1221 est,
2669 1159 2723 1207 et
2754 1170 2850 1208 res
2884 1157 3155 1225 sequenti
3188 1156 3280 1210 die
3312 1157 3645 1211 ventilanda

1983 1241 2302 1310 preposita.
2340 1240 2603 1313 Cumque
2634 1244 2799 1296 multi
2840 1260 2914 1297 ex
2944 1248 3061 1298 tota
3084 1245 3510 1299 Northmannia
3539 1262 3643 1299 sa-

1980 1330 2228 1398 pientes,
2263 1331 2361 1400 qui
2384 1332 2625 1400 plurimi
2650 1336 2705 1385 et
2736 1334 2880 1386 clari
2912 1333 3301 1403 habebantur,
3329 1335 3642 1389 convenis-

1979 1421 2129 1486 sent,
2165 1419 2476 1488 praefatum
2516 1421 2975 1475 haeresiarcham
3027 1423 3456 1494 Berengarium
3506 1439 3639 1477 cum

1976 1508 2089 1561 alio
2111 1508 2362 1577 quodam
2383 1524 2555 1578 quem
2577 1525 2779 1563 secum
2797 1512 3121 1565 adduxerat
3142 1512 3443 1580 clerico,in
3465 1512 3640 1583 cujus

1976 1597 2311 1666 eloquentia
2342 1598 2605 1652 victoriae
2659 1600 2770 1651 sibi
2807 1616 2969 1667 spem
3004 1604 3303 1670 posuerat,
3339 1602 3416 1654 ita
3443 1616 3641 1655 coram

1975 1685 2250 1741 omnibus
2274 1686 2727 1741 eonfutaverunt
2748 1692 2921 1759 atque
2944 1690 3200 1743 evidenti
3219 1690 3441 1744 ratione
3458 1676 3639 1760 supe-

1975 1780 2275 1842 raverunt,
2309 1780 2600 1845 quatenus
2632 1778 2725 1831 eis
2745 1778 3043 1831 silentium
3075 1779 3464 1848 imponerent,
3500 1795 3637 1832 ver-

1976 1867 2323 1935 borumque,
2359 1866 2577 1934 quibus
2610 1866 2782 1920 fidem
2815 1868 3161 1920 catholicam
3193 1867 3522 1937 tuebantur,
3546 1883 3641 1921 as-

164 1964 173 1965 ’
221 1968 381 2023 quam
407 1952 622 2004 adesse
658 1951 1037 2020 prasentiam
1098 1966 1389 2021 suumque
1422 1951 1863 2019 pereipentibus
1891 1935 1944 1996 Β
1978 1971 2224 2009 sensum
2276 1955 2348 2008 ab
2401 1957 2488 2009 eis
2520 1960 2957 2027 extorquerent.
2995 1957 3394 2027 Berengarius
3417 1961 3640 2026 autem,

226 2041 439 2095 deferre
471 2039 878 2111 patrocinium,
911 2040 1127 2109 quibus
1150 2041 1302 2093 inter
1330 2039 1623 2110 agendum
1644 2040 1866 2109 simpli-

225 2130 399 2182 citatis
458 2134 512 2182 et
557 2129 906 2182 innocentiae
963 2143 1079 2181 non
1113 2126 1362 2181 defuerit
1412 2129 1704 2195 meritum,
1738 2145 1870 2199 quae

221 2218 362 2288 apud
384 2218 564 2271 Deum
586 2217 951 2288 singularem
968 2217 1166 2270 charae
1182 2217 1593 2270 familiaritatis
1609 2218 1870 2271 obtinent

222 2308 421 2376 locum,
446 2307 599 2360 sicut
629 2308 757 2375 ipse
775 2306 1043 2360 Salvator
1058 2306 1135 2358 ait
1155 2305 1474 2376 Sinitepar
1488 2306 1646 2360 vulos
1665 2307 1872 2360 venire

218 2396 290 2450 ad
319 2412 424 2460 me;
447 2395 648 2449 talium
680 2401 771 2450 est
786 2397 941 2449 enim
959 2411 1227 2466 regnum.
1266 2395 1433 2449 Unde
1455 2397 1512 2448 et
1542 2394 1870 2464 discipulos

216 2501 376 2555 suos,
408 2501 557 2555 quos
581 2500 764 2554 puros
797 2485 1169 2553 etsimpliees
1202 2484 1483 2555 elegerat,
1514 2498 1731 2552 pueros
1762 2499 1871 2537 vo-

213 2580 305 2628 cat
337 2575 536 2628 dicens
551 2590 656 2643 per
683 2573 1032 2643 prophetam
1065 2589 1076 2626 :
1116 2573 1266 2627 Ecce
1308 2588 1434 2642 ego,
1471 2579 1529 2626 et
1553 2572 1729 2642 pueri
1754 2572 1872 2625 mei

210 2679 352 2735 quos
378 2663 520 2716 mihi
565 2662 808 2716 donavit
839 2661 1019 2716 Deus.
1068 2661 1137 2715 Et
1176 2662 1233 2714 in
1268 2661 1618 2733 Evangelio:
1655 2660 1864 2730 Pueri,

201 2751 462 2824 nunquid
485 2751 948 2822 pulmentarium
970 2750 1210 2804 [iubetis
1231 2752 1258 2804 ἱ)

772 2894 973 2949 PARS
1025 2894 1256 2949 NONA.

276 3040 510 3095 XXXII.
553 3039 770 3093 Verum
798 3037 932 3108 quia
964 3037 1161 3105 multa,
1188 3037 1296 3091 etsi
1331 3037 1599 3106 imperito
1631 3037 1865 3091 dicendi

202 3146 447 3202 genere,
481 3128 646 3183 salva
670 3131 866 3182 tamen
895 3141 1183 3180 sensuum
1220 3127 1463 3180 veritate
1485 3130 1539 3179 et
1572 3126 1867 3180 ﬁdeiinte-

197 3219 437 3292 gritate,
463 3217 616 3271 dicta
645 3220 785 3270 sunt
807 3215 878 3269 de
910 3215 1199 3270 Dominici
1219 3214 1573 3267 sacramenti
1595 3214 1864 3283 veritate,

198 3309 347 3362 libet
375 3307 579 3377 paucis
611 3304 1033 3359 conscientiam
1063 3307 1324 3357 nostram
1359 3306 1705 3357 excusatum
1737 3305 1862 3373 ire;

192 3396 556 3467 mequejisec
572 3394 943 3464 simplicibus
957 3398 1012 3448 et
1024 3393 1241 3464 quibus
1257 3410 1475 3447 sensus
1494 3393 1864 3463 profunditas

189 3486 292 3540 vel
310 3486 599 3538 librorum
623 3498 739 3537 non
764 3483 1021 3552 suppetit
1044 3482 1209 3551 copia
1224 3482 1861 3553 simplicitcrdietasse,

190 3573 454 3627 ﬁdeliter
485 3572 751 3626 intimare
783 3572 939 3642 quod
971 3587 1086 3625 non
1117 3587 1228 3642 ego
1263 3572 1430 3625 solus
1467 3572 1675 3625 videor
1706 3588 1865 3642 prae-

190 3662 562 3731 sumpsisse.
603 3661 715 3714 Alii
766 3676 1037 3731 namque,
1085 3660 1236 3714 idem
1280 3661 1452 3725 nacti,
1489 3662 1867 3715 occasionem

184 3750 372 3806 venia
391 3751 630 3821 dignam
655 3750 1036 3803 inveniuntur
1054 3750 1278 3820 egisse,
1304 3749 1503 3803 divino
1526 3750 1726 3820 utique
1742 3750 1866 3803 zelo

184 3839 590 3910 compellentc
613 3839 1024 3908 adversusque
1047 3838 1254 3892 hostes
1285 3839 1545 3907 perfidos
1579 3838 1866 3891 Ecclesiae

182 3928 382 3983 multa
444 3928 908 3998 conscripsisse,
961 3942 1210 3997 quorum
1269 3927 1517 3979 maxima
1560 3927 1869 3980 multitudo

176 4020 406 4074 nostra
440 4020 784 4086 tempestate
818 4016 1180 4069 Francorum
1211 4019 1604 4085 occupaverat
1640 4015 1872 4085 provin-

172 4108 345 4172 cias,
367 4109 425 4159 et
449 4120 674 4159 veneno
692 4121 817 4158 suae
847 4104 1108 4175 perfidiae
1143 4106 1596 4174 circumpositas
1629 4104 1869 4158 inlicere

173 4195 553 4250 moliebatur
613 4195 889 4265 regiones
943 4199 997 4247 et
1029 4195 1177 4248 loca.
1220 4193 1402 4248 Porro
1435 4194 1657 4247 erroris
1688 4193 1869 4263 hujus

167 4286 410 4338 auctor
441 4283 768 4351 videbatur,
803 4285 859 4336 et
890 4286 1060 4352 caput
1090 4283 1327 4353 quidam
1342 4281 1870 4353 Berengarius,cui

167 4372 404 4443 plures
422 4371 784 4425 Francorum
798 4371 1064 4424 nonnulli
1079 4385 1312 4441 quoque
1331 4370 1871 4425 Northmannorum

164 4476 351 4532 quos
399 4464 500 4515 aut
546 4461 676 4530 ipse
708 4460 989 4514 docuerat
1029 4464 1127 4513 aut
1158 4460 1213 4512 in
1246 4460 1510 4513 discendi
1545 4460 1740 4514 studio
1774 4460 1870 4512 ali-

160 4550 820 4621 quantiSperjuverat,
844 4549 1162 4618 plurimum
1191 4549 1413 4603 favoris
1437 4548 1865 4619 dependebant.

251 4640 539 4694 XXXIII.
577 4640 634 4693 Is
679 4642 869 4692 autem
908 4638 1225 4692 Dominicm
1257 4638 1682 4691 Incarnationis
1714 4653 1865 4691 anno

154 4729 516 4784 millesimo
565 4728 1059 4800 quinquagesimo
1100 4730 1268 4781 tertio
1326 4727 1864 4782 Northmannorum

154 4820 421 4874 ﬁnibus
446 4819 704 4887 irrepsit,
739 4822 793 4871 et
825 4817 893 4870 ad
910 4816 1245 4870 cmnobium
1260 4817 1415 4886 quod
1434 4816 1704 4871 Pratellis
1719 4833 1863 4870 nun-

149 4910 451 4977 cupatur
480 4907 720 4977 appulit,
757 4906 1164 4976 catholicoque
1183 4906 1437 4976 viro,qui
1457 4906 1608 4960 idem
1627 4909 1867 4960 strenue

145 4996 450 5068 regebat
481 4996 833 5063 coenobium,
868 5010 984 5066 quo
1016 4998 1071 5049 et
1100 4994 1349 5049 honeste
1393 4995 1538 5049 satis
1583 4999 1870 5065 exceptus

144 5086 418 5154 fuerat,
446 5085 620 5155 multa
657 5084 1044 5155 blasphemus
1101 5084 1276 5154 impie
1327 5084 1650 5139 delatravit.
1709 5083 1875 5148 Quod

140 5177 318 5245 ipse
345 5174 826 5244 quoque,eodem
858 5174 1087 5243 abbate,
1121 5172 1417 5228 Ansfredo
1433 5172 1689 5243 nomine,
1720 5173 1871 5227 refe-

128 5267 379 5333 rente,
439 5264 576 5316 dum
607 5263 761 5332 apud
795 5278 886 5316 me
943 5277 1125 5331 super
1172 5265 1327 5316 tanta
1359 5262 1652 5332 impietate
1693 5262 1868 5316 valde

128 5357 571 5425 quereretur,
605 5368 721 5405 non
756 5351 936 5406 multo
967 5355 1104 5421 post
1122 5351 1357 5425 agnovi.
1378 5353 1437 5405 In
1457 5351 1868 5422 multisitaque

128 5441 503 5526 subtiliter
531 5442 604 5495 ab
636 5441 840 5495 eodem
897 5441 1107 5496 abbate
1140 5444 1525 5511 pertentatus,
1571 5441 1630 5495 in
1670 5441 1868 5496 multis

124 5531 446 5602 perinde
481 5530 971 5600 rcprehensibilis
991 5535 1046 5584 et
1063 5530 1324 5601 perﬁdus
1348 5533 1721 5600 estrepertus
1738 5546 1752 5599 ;
1769 5531 1866 5602 qui

118 5622 320 5675 inde
350 5619 1249 5691 digressus,Northmannorum
1266 5621 1590 5691 principem
1615 5619 1866 5675 festinus

111 5710 542 5780 adiit,quem
574 5725 681 5763 sua
730 5724 965 5781 quoque
1010 5710 1244 5765 irretire
1287 5709 1528 5781 perfidia
1570 5709 1868 5766 subtiliter

1972 2046 2349 2103 tandemnon
2383 2047 2512 2100 sine
2542 2047 2766 2115 pudore
2798 2047 3077 2115 evadens,
3102 2047 3419 2100 Carnotum
3450 2047 3638 2118 petiit,

1972 2136 2071 2189 ubi
2105 2136 2338 2205 positus
2371 2136 2443 2188 de
2473 2136 2677 2190 eadem
2711 2136 3039 2205 quaestione
3072 2151 3137 2189 se
3189 2135 3639 2190 consulentibus

1972 2225 2189 2290 (audita
2250 2224 2465 2294 quippe
2490 2224 2617 2293 jam
2648 2224 2824 2295 longe
2874 2224 3104 2294 lateque
3135 2226 3264 2276 acta
3294 2239 3394 2277 res
3426 2223 3642 2294 fuerat)

1973 2313 2211 2366 clericis
2243 2312 2514 2382 ejusdem
2546 2314 2711 2366 urbis
2756 2312 2914 2365 nulla
2945 2312 3252 2381 respondit
3274 2328 3457 2380 ,cum
3494 2328 3637 2367 vero

1974 2403 2089 2455 sibi
2108 2402 2513 2471 Opportunitas
2533 2402 2793 2472 doretur,
2821 2418 2885 2456 se
2900 2417 3333 2469 responsurum
3347 2401 3636 2470 promisit.

1976 2491 2142 2544 Unde
2174 2507 2287 2545 non
2318 2492 2499 2544 multo
2533 2494 2668 2561 post
2696 2491 2943 2557 litteras,
2978 2506 3127 2561 quas
3160 2492 3215 2543 et
3239 2491 3368 2559 ipse
3398 2489 3635 2560 1egi,di-

1975 2580 2237 2649 ctavit,in
2268 2581 2485 2650 quibus
2516 2580 2698 2633 multa
2727 2579 2985 2633 absurda
3045 2579 3297 2650 ﬁdeique
3330 2577 3636 2634 catholicae

1972 2670 2161 2723 aliena
2195 2668 2444 2723 anhelus
2499 2669 2865 2737 declamavit,
2928 2669 3080 2723 inter
3137 2685 3270 2739 quae
3314 2669 3638 2724 Romanam

1973 2758 2325 2828 Ecclesiam,
2375 2762 2548 2827 caput
2596 2757 2870 2811 videlicet
2929 2759 3106 2813 totius
3154 2757 3635 2827 Christianitatis,

1972 2848 2152 2901 multa
2183 2848 2508 2901 temeritate
2540 2847 2819 2900 haeretica
2842 2847 3129 2902 vocabqu
3162 2847 3479 2916 denotavit,
3505 2862 3641 2901 cum

1969 2953 2086 3007 qua
2108 2940 2395 2990 rectorem
2411 2936 2565 3006 ejus,
2585 2936 2884 2991 dominum
2908 2937 3359 3007 scilicetpapam
3379 2937 3639 2992 Leonem

1970 3026 2147 3097 cujus
2168 3026 2316 3079 fides
2336 3025 2995 3095 catholica,spectabilis
3010 3025 3638 3095 sapientia,laudahilis

1972 3115 2302 3169 habebatur
2351 3114 2659 3184 industria,
2721 3131 2896 3185 quem
2945 3132 3063 3169 non
3114 3116 3365 3185 excepit,
3420 3114 3639 3185 pariter

1976 3205 2296 3273 infamavit,
2332 3220 2515 3275 seque
2549 3205 2620 3258 ad
2654 3208 2965 3275 utrumque
2989 3205 3474 3271 convincendum,
3498 3203 3638 3258 dum

1976 3293 2339 3363 respondere
2370 3294 2649 3363 differret,
2672 3295 3176 3366 interrogantibus
3192 3293 3517 3347 intendisse
3540 3307 3638 3346 re-

1979 3384 2136 3452 tulit;
2169 3387 2306 3438 tune
2358 3385 2574 3455 quippe
2609 3384 2863 3439 instabat
2894 3384 3209 3437 constituta
3241 3382 3370 3437 dies
3402 3380 3639 3436 concilii

1974 3473 2350 3544 postmodum
2403 3473 2686 3527 Vercellis
2732 3473 2931 3537 habiti,
2990 3473 3109 3527 Has
3163 3473 3357 3543 itaque
3414 3472 3639 3525 litteras

1972 3563 2265 3632 puritatis,
2285 3566 2343 3615 ut
2360 3563 2474 3616 sibi
2496 3563 2825 3631 videbatur,
2842 3564 3069 3634 plenas,
3096 3564 3203 3618 sed
3235 3579 3443 3619 revera
3460 3565 3641 3620 multa

1971 3652 2226 3706 vanitate
2250 3652 2524 3719 refertas,
2559 3652 3049 3707 Carnotensibus.
3085 3653 3186 3724 qui
3216 3654 3333 3708 sibi
3361 3656 3638 3725 quaestio-

1972 3757 2105 3795 nem
2156 3742 2604 3814 intentaverant,
2667 3742 3006 3798 destinavit.
3058 3744 3203 3798 Cum
3260 3747 3454 3799 autem
3497 3743 3643 3798 tanti

1970 3830 2104 3882 mali
2140 3829 2292 3884 fama
2328 3833 2758 3901 crebresceret,
2789 3837 2845 3888 et
2875 3835 3133 3887 omnium
3165 3834 3346 3888 corda
3380 3832 3641 3887 fidelium

1970 3918 2385 3977 vehementius
2408 3923 2773 3992 percelleret,
2804 3938 3026 3992 perque
3050 3924 3264 3977 multos
3296 3921 3639 3994 hujusmodi

1972 4015 2138 4067 virus
2172 4013 2418 4066 latenter
2447 4017 2503 4065 et
2533 4015 2730 4080 aperte
2758 4010 2882 4082 jam
2904 4012 3445 4082 serperet,eontigit
3477 4012 3538 4065 ut
3566 4010 3640 4064 ad

1973 4120 2149 4158 aures
2184 4104 2358 4156 etiam
2390 4102 2553 4172 regis
2584 4099 2953 4154 Francorum
2986 4099 3223 4153 Henrici
3280 4099 3636 4170 perveniret.

1974 4194 2081 4258 Qui
2115 4192 2389 4246 consultu
2423 4191 2593 4262 regni
2624 4191 2963 4259 pontificum
2986 4204 3417 4259 procerumque
3441 4189 3641 4242 conci-

1972 4281 2116 4335 lium
2135 4281 2383 4334 Parisiis
2399 4280 2532 4351 cogi
2551 4279 2777 4333 deeimo
2798 4278 3093 4333 Kalendas
3118 4278 3476 4332 Novembris
3489 4293 3639 4348 prae-

1973 4370 2237 4439 cepit,ae
2257 4367 3028 4439 praefatumBerengarium,
3100 4370 3160 4421 ut
3199 4370 3295 4421 aut
3337 4383 3443 4421 sua
3484 4366 3637 4420 dicta

1970 4460 2210 4512 Patrum
2240 4457 2583 4510 auctoritate
2632 4456 2894 4510 ﬁrmaret
2941 4456 3140 4510 multis
3172 4456 3289 4510 sibi
3320 4455 3639 4511 obnitenti-

1971 4547 2109 4617 bus,
2144 4547 2325 4615 aut,si
2350 4562 2417 4600 ea
2435 4546 2751 4601 defendere
2770 4545 3061 4616 nequiret,
3080 4545 3140 4599 in
3158 4545 3527 4613 catholicam,
3545 4544 3639 4598 cui

1975 4636 2217 4690 obviare
2241 4651 2358 4690 non
2389 4636 2798 4707 posset,ﬁdem
2818 4636 3137 4705 prudenter
3150 4632 3637 4698 transiret,inter-

1978 4740 2116 4780 esse
2161 4727 2454 4780 tantorum
2503 4725 2679 4779 coetui
2727 4726 2966 4779 Patrum
3026 4723 3351 4794 imperavit.
3412 4721 3640 4777 Interea

1979 4816 2248 4870 condicta
2279 4817 2520 4871 venerat
2541 4815 2690 4885 dies,
2724 4815 3125 4886 frequensque
3147 4817 3474 4870 conventus
3491 4830 3638 4885 prae-

1978 4906 2176 4960 sulum
2234 4922 2301 4959 ac
2352 4906 2718 4976 reliquorum
2771 4905 2961 4959 sancti
2991 4904 3217 4958 ordinis
3266 4903 3639 4974 clericorum,

1977 5011 2209 5051 necnon
2253 4995 2537 5050 nobilium
2577 4995 2866 5051 laieorum
2895 4994 3144 5049 Parisiis
3175 4993 3367 5050 factus
3388 4996 3499 5063 est,
3533 4994 3644 5048 sed

1970 5085 2096 5157 jam
2111 5085 2305 5139 dictus
2325 5086 2728 5157 Berengarius
2750 5084 2915 5139 malae
2935 5085 3314 5139 conscientiae
3327 5085 3643 5155 perculsus

1974 5179 2221 5244 terrore,
2260 5180 2321 5230 ut
2365 5175 2583 5247 jussus
2624 5179 2769 5246 erat,
2805 5191 2873 5229 eo
2916 5175 3120 5229 venire
3167 5174 3415 5244 distulit,
3458 5190 3645 5246 seque

1975 5280 2108 5318 cum
2154 5264 2454 5333 Brunone,
2478 5282 2587 5319 suo
2603 5264 2875 5320 videlicet
2897 5264 3177 5335 episcopo
3198 5263 3643 5336 Andegavensi;

1988 5355 2100 5409 sub
2131 5371 2247 5424 quo
2307 5354 2706 5408 archidiaconi
2756 5354 3114 5425 fungebatur
3142 5353 3386 5424 honore,
3420 5370 3529 5424 pro
3577 5367 3647 5410 eo

1988 5444 2240 5497 maxime
2274 5444 2577 5512 continuit,
2609 5444 2747 5515 quia
2778 5444 2982 5499 eodem
3014 5458 3236 5513 errore,
3289 5446 3486 5514 utpote
3504 5443 3648 5498 tanti

1996 5533 2110 5586 viri
2144 5532 2447 5603 credulus,
2480 5537 2536 5587 et
2588 5533 2713 5603 ipse
2744 5532 3104 5588 noscebatur
3139 5532 3377 5588 involvi.
3425 5534 3649 5587 Interea

1971 5622 2192 5692 praesul
2208 5622 2656 5677 Aurelianensis
2671 5624 2959 5694 quosdam
2976 5622 3173 5693 apices
3187 5622 3245 5676 in
3258 5622 3478 5677 scheda
3490 5619 3648 5676 haud

1970 5727 2150 5784 prava
2181 5711 2450 5786 digestos
2480 5710 2539 5767 in
2562 5715 2888 5783 conspectu
2901 5712 3161 5768 omnium
3175 5713 3419 5785 etregis
3433 5712 3643 5787 (inter-
