4048 6164
440 308 597 371 1423
692 306 1068 371 DURANDI
1113 305 1473 369 ABBATIS
1510 305 2098 369 TROARNENSIS
2145 304 2680 368 EPITAPHIUM
2727 302 3118 367 MABILIE
3159 303 3581 371 COMITISSE
3658 313 3775 376 1424

443 495 571 550 erat
612 492 790 565 enim)
830 492 1103 563 protulit:
1139 492 1255 547 «Et
1298 492 1621 563 praecipiat,
1658 492 1864 563 inquit,
1908 494 2106 547 vestra
2136 491 2187 544 A
2213 492 2638 547 convenissent
2656 507 2725 547 eo
2751 507 2941 562 usque
2973 492 3399 562 obsiderentur,
3413 494 3575 550 donec
3592 501 3781 554 autcon-

441 583 727 639 sanctitas
756 583 867 637 has
891 583 1145 650 litteras,
1168 599 1201 636 a
1222 582 1582 653 Berengario
1615 582 1823 647 editas,
1860 581 1912 635 si
1940 581 2103 649 libet,
2214 582 2502 637 sentirent
2543 581 2848 636 catholicae
2881 581 3036 649 ﬁdei,
3069 586 3169 635 aut
3213 584 3408 636 mortis
3428 599 3607 653 pmnas
3630 587 3782 643 luituri

442 672 856 743 recitari,quas
880 687 994 743 ego
1023 672 1259 742 quidem
1281 672 1350 725 ah
1366 672 1497 742 ipso
1511 687 1879 741 nequaquam
1904 670 2109 739 accepi
2215 675 2585 741 caperentur.
2617 670 3013 735 Quamobrem
3046 671 3254 737 territi,
3294 687 3404 725 non
3432 673 3586 726 multo
3613 682 3719 743 post
3740 678 3783 731 in

445 762 553 817 sed
599 777 732 815 cum
763 777 866 815 eas
897 761 1127 814 cuidam
1159 776 1269 814 suo
1304 760 1594 827 familiari,
1642 760 1876 813 nomine
1906 759 2107 829 Paulo,
2212 760 2461 813 concilio
2493 771 2674 829 super
2706 759 2839 814 tidei
2867 775 2994 814 suae
3017 762 3171 814 statu
3220 761 3529 815 conventita
3568 778 3623 816 se
3670 765 3786 819 sicut

443 866 553 921 per
587 850 955 904 veredarium
987 849 1288 921 dirigeret,
1341 848 1627 902 violenter
1658 849 1822 917 rapui
1848 866 1861 913 ;
1920 872 1941 895 ι»
1976 848 2111 918 qui-
2220 848 2487 901 Ecclesia
2507 851 2666 902 tenet
2695 847 2981 902 catholica
3029 849 3271 903 credere
3306 848 3533 903 ﬁdeliter
3556 854 3605 904 et
3629 868 3787 920 sapere

446 940 565 994 bus
625 938 925 1007 susceptis
974 940 1029 990 et
1059 938 1130 990 ad
1178 937 1540 991 recitandum
1572 937 1821 1005 traditis,
1853 938 2111 990 omnium
2218 938 2450 1007 publice
2483 936 2740 1007 professi
2765 939 2921 990 sunt.
2949 937 3286 1007 Delatisque
3318 942 3619 992 sanctorum
3633 941 3790 1012 pigno-

450 1043 628 1083 aures
674 1028 1005 1097 eriguntur,
1067 1041 1169 1079 ora
1205 1026 1263 1079 in
1318 1026 1616 1079 silentium
1658 1028 2110 1095 componuntur,
2222 1027 2408 1094 ribus,
2460 1030 2520 1079 ut
2579 1027 2855 1080 omnibus
2885 1026 3301 1080 satisfacerent
3329 1030 3491 1096 atque
3521 1028 3583 1081 de
3601 1030 3789 1083 veritate

451 1116 634 1171 corda
661 1116 734 1169 ad
777 1115 1223 1185 intelligendum
1268 1131 1399 1185 qum
1434 1115 1885 1169 continebantur
1932 1116 1989 1168 in
2025 1116 2113 1170 eis
2225 1114 2358 1168 fidei
2380 1130 2553 1185 quam
2585 1112 2845 1183 professi
2876 1114 3107 1169 fuerant
3134 1130 3240 1168 eos
3280 1115 3375 1185 qui
3403 1114 3617 1169 aderant
3642 1121 3789 1171 certos

451 1209 877 1277 praeparantur.
913 1204 1027 1258 Sed
1058 1204 1213 1258 inter
1240 1203 1558 1275 legendum
1598 1204 1843 1258 multum
1876 1208 2116 1274 repente
2224 1205 2484 1258 facerent
2512 1207 2944 1259 sacramentum
2968 1204 3277 1258 dederunt.
3312 1205 3421 1258 Sed
3443 1206 3639 1259 omissa
3654 1207 3709 1260 de
3731 1210 3789 1260 ta-

453 1294 516 1348 fit
560 1307 845 1363 murmur,
878 1295 935 1347 et
964 1308 1070 1363 per
1128 1292 1362 1364 singula
1411 1293 1654 1347 absurdi
1684 1309 1904 1347 sensus
1935 1294 2116 1347 verba
2222 1294 2379 1348 libus
2436 1291 2739 1361 relatione,
2799 1308 2949 1364 quos
2995 1298 3131 1363 post
3160 1293 3289 1347 haec
3337 1292 3405 1346 ad
3434 1295 3733 1363 apostasiam
3755 1300 3796 1349 et

451 1381 1457 1456 gravisinstrepitfremitus.ltaque
1472 1382 1748 1437 omnibus
1762 1384 1896 1437 talis
1919 1383 2115 1453 lectio,
2223 1384 2481 1453 priorem
2510 1382 2793 1437 vomitum
2823 1382 3158 1437 audivimus
3203 1382 3452 1449 redisse,
3482 1383 3640 1436 libelli
3663 1383 3795 1452 hujus

454 1472 735 1544 quoniam
766 1471 1133 1542 nequissima
1168 1472 1445 1526 sordebat
1463 1471 1704 1540 haeresi,
1740 1472 2121 1527 vehementer
2224 1476 2510 1540 tenorem,
2570 1472 2630 1525 in
2689 1487 2807 1542 quo
2866 1471 3002 1525 ﬁdei
3030 1475 3253 1525 nostrae
3285 1471 3661 1539 sinceritatem,
3677 1471 3799 1541 juxta

449 1560 1330 1632 displicuit,damnatoproinde
1362 1561 1655 1615 communi
1697 1561 1988 1615 sententia
2029 1564 2117 1616 ta-
2229 1562 2599 1631 antiquorum
2651 1561 2889 1614 Patrum
2942 1560 3369 1628 auctoritatem,
3430 1559 3608 1613 multis
3648 1576 3799 1613 eorum

454 1652 601 1706 lium
631 1650 1190 1715 auctore,damnatis
1215 1651 1348 1721 ejus
1363 1650 1903 1719 complicibus,tum
1919 1651 2124 1705 codice
2231 1650 2519 1721 exemplis
2534 1649 2910 1719 adhibitis,ut
2926 1649 3247 1719 potuimus,
3265 1649 3503 1703 ﬁdeliter
3516 1648 3801 1702 ostendimus

456 1740 704 1796 Joannis
737 1740 917 1806 Scoti,
952 1756 1027 1793 ex
1049 1756 1164 1810 quo
1183 1756 1249 1793 ea
1281 1756 1413 1810 quae
1446 1740 1873 1795 damnabantur
1890 1744 2120 1811 sumpta
2231 1740 2466 1795 tandem
2514 1739 2878 1807 claudamus,
2930 1738 3242 1799 Dominum
3273 1738 3685 1807 omnipotentem
3707 1739 3806 1790 totis

456 1829 1102 1884 videbantur.Concilio
1135 1829 1327 1882 soluto
1358 1830 1698 1883 discessum
1716 1833 1806 1883 est
1836 1830 2122 1883 cacondi-
2157 1827 2206 1883 Β
2234 1828 2581 1900 praecordiis
2605 1828 3031 1899 glorificantes,
3064 1827 3243 1899 cujus
3266 1830 3358 1881 est
3373 1826 3574 1881 donum
3590 1832 3638 1879 et
3651 1826 3803 1896 gratia,

459 1919 641 1988 tione,
676 1920 760 1988 ut,
792 1918 908 1972 nisi
968 1918 1353 1987 resipisceret
1383 1918 1679 1989 ejusmodi
1714 1920 2127 1988 perversitatis
2234 1922 2295 1973 ut
2316 1918 2566 1972 fideliter
2605 1916 2918 1971 credamus
2949 1919 3007 1971 et
3034 1916 3189 1971 bene
3221 1931 3487 1987 agamus,
3536 1915 3623 1985 qui
3638 1914 3748 1968 vivit
3767 1916 3808 1967 et

458 2012 683 2077 auctor,
742 2022 876 2061 cum
933 2008 1292 2077 sequacibus
1358 2008 1485 2062 suis
1548 2010 1621 2063 ab
1670 2008 2128 2064 omniexercitu
2234 2011 2445 2080 regnat
2493 2009 2555 2061 in
2603 2007 2885 2061 Trinitate
2915 2006 3087 2061 unica
3142 2009 3200 2059 et
3252 2005 3466 2061 unitate
3494 2002 3711 2074 perfecta
3735 2017 3809 2072 per

462 2096 828 2153 Francorum
880 2096 1287 2166 praeeuntibus
1328 2096 1585 2167 clericis,
1630 2114 1762 2152 cum
1791 2097 1996 2166 Vorte,
2044 2098 2129 2167 in]
2235 2098 2429 2153 omnia
2460 2096 2681 2152 saecula
2710 2095 3091 2151 saeculorum.

463 2186 877 2243 ecclesiastico
909 2188 1190 2257 apparatu
1208 2185 1493 2241 instanter
1510 2188 1767 2259 quaesiti,
1790 2187 2130 2258 ubicunque

3501 2387 3804 2401 ⁵.-

728 2524 1613 2641 EPITAPHIUM
1670 2526 2253 2641 AlNABDl
2315 2524 2921 2640 ABBATIS
2968 2522 3621 2658 DIVENSIS,

1825 2756 2117 2819 Auctore
2159 2756 2503 2818 DURANDO.

478 2944 545 3015 (Ο
559 2959 809 3002 ιωεειιο.
853 2943 1083 3015 νιτΑιιη
1113 2942 1253 2998 Hist
1275 2942 1487 2998 eccles.
1519 2941 1620 2998 lib.
1654 2948 1732 3014 ιν,
1766 2942 1920 3013 apud
1953 2941 2075 2997 Duc

2206 2956 2288 3012 ne,
2322 2940 2615 2997 Historiae
2634 2938 3179 2997 Nortlzmannorum
3222 2937 3581 3011 Scriptores,
3609 2932 3804 3007 με.ὃῶ

474 3264 585 3319 Hic
609 3263 771 3336 jacet
798 3265 1097 3321 Ainardus
1135 3263 1414 3320 redolens
1442 3264 1505 3317 ut
1535 3261 1748 3333 pistica
1778 3262 2001 3316 nardus
2323 3259 2564 3315 Pollens
2597 3258 2868 3327 consilio,
2899 3256 3097 3312 clarus
3124 3256 3183 3312 in
3214 3256 3434 3312 oiﬁcio.

544 3352 843 3410 Virtutum
867 3355 1069 3411 multis
1100 3354 1349 3409 ﬂoribus
1380 3354 1437 3406 et
1467 3352 1715 3406 meritis.
2253 3350 2466 3407 Mentis
2496 3349 2634 3404 huic
2658 3348 2921 3420 gravitas
2951 3351 3077 3403 erat
3108 3349 3166 3402 et
3186 3347 3473 3402 maturior
3501 3346 3649 3407 aetas,

477 3445 529 3500 Α
557 3460 675 3516 quo
704 3445 985 3500 fundatus
1014 3444 1184 3516 locus
1208 3447 1300 3497 est
1329 3442 1444 3511 hic,
1477 3440 1806 3496 aedificatus
2174 3452 2219 3508 α
2324 3440 2599 3510 Canaque
2631 3438 2938 3507 cmsaries,
2983 3437 3091 3492 sed
3119 3437 3320 3491 tenuis
3338 3434 3541 3490 facies.

555 3514 789 3606 Ingenti
816 3534 1034 3602 studio,
1066 3514 1175 3587 nec
1196 3532 1427 3586 modico
1459 3531 1668 3601 pretio.
2252 3529 2438 3595 Quem
2496 3544 2687 3583 nonus
2717 3527 2984 3582 decimus
3016 3526 3219 3581 Febuo
3262 3527 3564 3596 promente
3593 3516 3830 3580 Kalendas,

480 3623 588 3678 Vir
619 3623 727 3677 fuit
757 3623 1140 3693 hicmagnus,
1176 3620 1467 3691 probitate
1507 3620 1714 3675 suavis
1747 3622 1803 3675 et
1824 3635 2041 3692 agnus,
2329 3618 2590 3674 Abstulit
2618 3618 2821 3672 ultima
2850 3631 3010 3685 sors,
3032 3618 3087 3671 et
3117 3615 3314 3686 rapuit
3345 3614 3459 3669 cita
3487 3626 3653 3667 mors.

557 3711 687 3765 Vita
715 3712 1099 3782 conspicuus,
1134 3711 1408 3782 dogmate
1430 3710 1792 3780 praecipuus,
2255 3709 2372 3763 Pro
2405 3723 2521 3778 quo
2554 3707 2655 3778 qui
2674 3705 2902 3761 transis
2926 3704 3178 3776 supplex
3209 3719 3387 3759 orare
3418 3715 3627 3757 memor
3650 3697 3737 3764 sis,

489 3799 740 3857 Sobrius
788 3802 845 3857 et
874 3803 1098 3872 castus,
1147 3800 1433 3871 prudens,
1467 3799 1723 3870 simplex
1753 3801 1810 3854 et
1839 3798 2151 3867 honestus,
2334 3798 2412 3852 Ut
2442 3797 2519 3852 sit
2551 3796 2606 3851 ei
2637 3795 2821 3850 saties
2851 3794 3001 3849 alma
3040 3792 3149 3848 Dei
3181 3792 3393 3849 facies.

497 3974 3827 4014 ______________________________________________...

946 4130 1809 4227 EPITAPHIUM
1908 4129 2100 4220 MA
2119 4129 2259 4219 BI
2275 4126 2538 4219 LIIE
2666 4123 3473 4244 COMITISSIE,

1334 4312 1688 4377 ROGERII
1744 4312 1856 4374 DE
1914 4308 2661 4376 MONTEGOMERICO
2744 4308 3089 4383 UXORlS,

1860 4494 2153 4557 Auctore
2220 4493 2564 4555 Dumnno.

1210 4682 1519 4753 (Onusam.
1562 4681 1785 4751 VITAL.,
1837 4677 1997 4734 Hist.
2045 4676 2258 4733 eccles.
2310 4674 2412 4731 lib.
2463 4692 2520 4745 v,
2576 4673 2678 4729 ubi
2730 4687 2930 4744 supra,
2965 4688 3022 4744 p.
3078 4669 3228 4740 578.)

506 5013 639 5069 Alta
672 5008 997 5068 clarentum
1028 5007 1099 5061 de
1131 5005 1316 5075 stirpe
1360 5005 1554 5058 creata
1584 5002 1893 5073 parentum
2204 4980 2253 5033 D
2347 4992 2606 5065 Dapsilis
2639 4992 2699 5046 in
2732 4993 2989 5062 sumptu,
3018 4989 3171 5043 culta
3204 4988 3351 5041 satis
3384 4985 3598 5039 habitu.

580 5064 960 5173 ﬁnevtegitur
986 5097 1187 5152 tumba
1210 5064 1460 5148 maxime
1492 5064 1748 5145 Mabilia.
2275 5084 2417 5138 Htec
2438 5064 2683 5137 scutum
2715 5081 2921 5173 patriae
2952 5079 3079 5147 fuit,
3113 5077 3242 5173 haec
3271 5075 3514 5173 muni-tio
3542 5064 3773 5124 marches,

513 5191 657 5245 Haec
686 5162 840 5244 inter
870 5188 1142 5243 celebres
1175 5185 1404 5239 famosa
1437 5182 1629 5253 magis
1658 5179 1935 5234 mulieres
2350 5173 2694 5242 Vicinisque
2726 5170 2855 5224 suis
2886 5173 3053 5240 grata
3085 5168 3180 5221 vel
3215 5162 3538 5220 horribilis.

584 5277 808 5332 Claruit
837 5278 898 5332 in
926 5277 1043 5332 lato
1068 5275 1213 5331 orbe
1244 5273 1342 5328 sui
1369 5251 1600 5326 merito.
2274 5263 2392 5320 Sed
2422 5263 2558 5334 quia
2588 5260 2868 5315 mortales
2900 5274 3017 5313 non
3049 5255 3240 5311 omnia
3283 5265 3598 5324 possumus
3620 5251 3793 5299 omnes.

516 5368 728 5423 Acrior
756 5367 1016 5437 ingenio,
1042 5381 1230 5421 sensu
1260 5362 1426 5434 vigil,
1470 5361 1722 5432 impigra
1750 5357 1925 5427 facto,
2349 5354 2491 5406 Haec
2516 5350 2689 5421 periit
2719 5347 2932 5420 gladio,
2969 5350 3141 5437 nocte
3167 5345 3470 5437 perempta
3499 5337 3637 5436 dolo.

589 5455 765 5511 Utilis
798 5431 1054 5525 eioquio,
1090 5431 1641 5524 provida—consilio.
2276 5442 2347 5496 Et
2375 5441 2512 5512 quia
2543 5454 2698 5493 nunc
2723 5454 2873 5508 opus
2900 5442 2991 5491 est
3020 5435 3309 5525 defunctae
3343 5431 3773 5525 ferre‘juvaﬂleﬁv

517 5545 710 5603 Exilis
745 5503 953 5615 forma,
1005 5518 1111 5599 sed
1139 5543 1382 5617 grandis
1400 5556 1653 5614 prorsus
1692 5540 1996 5605 honestas,
2348 5529 2634 5602 Quisquis
2676 5528 2906 5582 amicus
2953 5525 3121 5581 adest
3162 5516 3560 5579 subveniBDdO
3590 5503 3774 5584 Ρτοδθίσ

1927 5726 2563 5777 *ξφ-ο,
