4048 6164
251 337 3664 401 π

1628 462 1781 501 ANNO
1820 462 2023 500 DOMINI
2052 461 2318 498 “LXXXIX

1143 573 2786 749 GUITMUNDUS

1339 813 2061 881 ARCHIEPISCOPUS
2106 810 2611 874 AVERSANUS

966 1144 1373 1235 NOTITIA

1485 1141 2025 1233 HISTORICA
2139 1143 2261 1231 ET

2371 1139 2975 1229 LITTERARIA

1049 1295 1338 1365 (FABRIC.,
1372 1294 1660 1351 Biblioth.
1689 1294 1842 1349 med.
1878 1299 1936 1349 et
1964 1292 2075 1348 inf.
2109 1293 2264 1362 Lat.,
2298 1290 2401 1346 lib.
2433 1308 2533 1361 vn,
2564 1306 2701 1362 pag.
2738 1289 2882 1358 1'71).

327 1562 738 1633 Guitmundus,
769 1561 1155 1630 Guimundus,
1181 1561 1598 1630 Guismundus,
1650 1561 1920 1616 Wimun-
1954 1543 2003 1597 Α
2032 1558 2365 1628 bulensem,
2399 1558 2499 1630 qui
2526 1558 2866 1629 aufugiens,
2898 1571 2970 1611 ne
3001 1558 3447 1628 agnosceretur,
3482 1573 3698 1617 nomen

251 1654 382 1718 dus,
444 1652 831 1707 Witmundus
888 1652 985 1721 (1),
1036 1651 1363 1705 monachus
1410 1652 1661 1720 primum
1712 1650 1921 1705 Crucis

254 1741 550 1812 Heltonis,
583 1740 643 1796 S.
670 1740 960 1809 Audoeni,
984 1741 1114 1794 sive
1136 1740 1195 1794 S.
1225 1739 1522 1805 Leufredi,
1551 1739 1677 1794 ord.
1701 1739 1919 1795 Bened.

254 1832 317 1886 in
348 1830 729 1897 Normannia,
773 1829 1053 1884 dimcesis
1088 1828 1494 1896 Ebroiccnsns,
1529 1844 1621 1882 an.
1660 1826 1794 1881 1070
1826 1844 1925 1881 ar-

257 1920 520 1975 cessitus
569 1919 627 1972 in
658 1917 955 1990 Angliam,
1007 1920 1370 1988 rogatusque
1405 1918 1477 1971 ab
1522 1917 1753 1988 Angliae
1783 1933 1928 1987 rege

255 2008 569 2065 GuilleImo
600 2008 643 2077 Ι,
678 2005 755 2078 (2)
795 2007 948 2060 inter
978 2006 1162 2061 duces
1207 2005 1587 2060 Normanniae
1619 2004 1927 2059 (iuillelmo

255 2098 331 2168 II;
364 2100 425 2151 ut
453 2097 513 2151 in
555 2095 769 2167 Anglia
819 2111 1026 2149 secum
1071 2096 1418 2162 moraretur,
1455 2098 1510 2149 et
1558 2094 1928 2148 ecclesiasti-

261 2201 395 2242 cum
426 2186 691 2257 regimen
714 2184 1021 2255 reciperet,
1041 2183 1179 2237 illud
1205 2184 1931 2254 recusavit,reversusque

261 2276 323 2329 in
354 2275 692 2328 Neustriam
721 2274 849 2327 sive
881 2272 1325 2341 Normanniam,
1360 2271 1638 2326 defuncto
1671 2272 1747 2343 (3)
1778 2287 1929 2326 anno

258 2362 403 2419 1079
433 2363 669 2429 Joanni,
706 2361 1176 2432 Rothomagensi
1200 2360 1613 2430 archipraesuli
1638 2378 1666 2414 a
1700 2377 1843 2431 rege
1877 2362 1938 2415 et

263 2453 398 2507 aliis
449 2451 798 2524 designatus
830 2464 1173 2520 successor,
1208 2449 1284 2519 (4)
1332 2449 1562 2503 aemulis
1606 2450 1931 2519 impedien-

263 2539 425 2594 tibus
457 2538 1035 2607 archiepiSCOpatum
1074 2552 1192 2591 non
1226 2535 1491 2600 obtinuit,
1546 2537 1651 2589 sed
1697 2537 1768 2590 ab
1799 2536 1935 2591 Odi-

264 2627 401 2682 lone
433 2627 642 2681 abbate
673 2642 783 2680 suo
814 2625 1048 2680 licentia
1094 2624 1513 2696 peregrinandi
1543 2626 1865 2694 impetrata,
1901 2642 1934 2679 a

266 2716 557 2789 Gregorio
589 2715 689 2768 VII
724 2718 1006 2785 exceptus
1037 2714 1315 2785 benigne,
1345 2718 1401 2768 et
1431 2714 1584 2768 inter
1606 2714 1935 2769 cardinales

2040 1648 2375 1703 Christiani
2405 1647 2782 1717 asumpserit,
2837 1646 3145 1717 factusque
3181 1646 3443 1715 pontifex
3474 1647 3699 1717 Apulo-

2038 1751 2193 1803 rum,
2230 1739 2434 1791 contra
2467 1736 2893 1807 Berengarium
2912 1734 3268 1789 disseruerit
3288 1735 3704 1790 invictissime.

2045 1825 2188 1879 Vide
2222 1826 2273 1878 si
2306 1825 2496 1894 placet
2517 1841 2649 1895 quae
2681 1840 2861 1893 supra
2890 1824 2949 1876 in
2983 1824 3329 1879 Christiano
3346 1824 3709 1881 Druthmaro

2040 1915 2081 1967 t.
2113 1914 2155 1981 Ι,
2186 1931 2243 1984 p.
2290 1911 2415 1983 375,
2449 1928 2575 1983 seq.
2610 1912 2995 1983 (Patrologiw
3024 1915 3062 1966 ι.
3109 1912 3233 1967 CVI
3265 1913 3376 1967 sub
3404 1913 3552 1985 Iin.),
3604 1914 3707 1969 ubi

2044 2003 2214 2057 etiam
2249 2003 2320 2056 de
2348 2002 2532 2056 libris
2579 2001 2712 2072 ejus
2765 2001 2961 2055 tribus
2992 2007 3196 2055 contra
3248 2002 3705 2076 Berengarium,

2045 2092 2288 2162 scriptis
2320 2091 2537 2162 dialogi
2587 2106 2772 2160 more,
2822 2090 3239 2146 interlocutore
3290 2092 3549 2164 Rogerio
3579 2108 3710 2149 mo-

2044 2181 2254 2248 nacho,
2308 2181 2617 2234 medicinae
2666 2181 2809 2233 artis
2861 2181 3067 2249 perito,
3124 2180 3301 2251 cujus
3347 2186 3561 2253 rogatu
3597 2182 3711 2237 hoc

2045 2286 2195 2341 opus
2224 2284 2560 2341 aggressus
2590 2272 2701 2337 est,
2734 2267 2936 2338 illique
2969 2268 3278 2323 dedicavit.
3314 2268 3565 2339 Scripsit
3595 2273 3710 2325 hos

2045 2359 2252 2425 libros,
2288 2359 2643 2412 observante
2662 2356 3019 2426 Mabillonio,
3053 2358 3191 2411 dum
3213 2357 3404 2412 adhuc
3429 2358 3487 2412 in
3516 2359 3711 2413 Neus-

2046 2439 2155 2500 tria
2193 2448 2555 2510 versaretur,
2602 2445 2890 2516 Gregorio
2942 2445 3038 2497 VII
3100 2447 3395 2516 pontiﬁce,
3445 2448 3711 2517 adeoque

2044 2540 2181 2607 post
2211 2535 2524 2590 concilium
2551 2535 2875 2588 Romanum
2906 2533 3104 2605 (cujus
3138 2535 3420 2607 meminit)
3448 2536 3714 2591 habitum

2048 2627 2160 2680 sub
2193 2625 2443 2678 Nicolao.
2468 2623 2537 2693 ll,
2570 2639 2663 2676 an.
2689 2621 2846 2691 1059,
2880 2626 2937 2677 et
2958 2627 3093 2694 post
3114 2616 3715 2698 Lanfrancum,quem

2048 2715 2398 2786 magistrum
2424 2728 2596 2767 suum
2627 2711 2880 2782 appellat
2912 2728 2924 2766 :
2959 2712 3066 2767 sed
3096 2716 3228 2768 ante
3260 2715 3574 2770 concilium
3606 2717 3720 2771 Ro-

270 2807 346 2862 R.
380 2804 444 2859 E.
478 2805 746 2858 delectus
794 2800 869 2872 (5)
902 2805 1107 2873 postea
1139 2804 1312 2856 etiam
1360 2802 1432 2856 ab
1470 2802 1706 2857 Urbano
1736 2803 1804 2874 II,
1838 2804 1939 2875 qui
1973 2800 2013 2809 “’
2050 2820 2284 2857 manum
2337 2819 2429 2856 an.
2488 2801 2644 2855 1078.
2705 2801 2891 2855 Nemo
2948 2802 3046 2857 ille
3101 2803 3461 2876 accuratius,
3514 2803 3717 2877 judice

266 2910 404 2961 ann,
456 2889 594 2946 1088
625 2893 805 2962 cmpit
846 2895 1117 2962 papatum
1173 2907 1405 2963 gerere,
1456 2892 1938 2961 metropolitanns

267 2986 617 3038 Aversanus
649 2985 884 3035 creatus
917 2984 1009 3035 est
1037 2982 1096 3034 in
1129 2981 1341 3051 Apulia
1370 2982 1542 3052 regni
1583 2981 1938 3052 Napolitani,

265 3071 549 3142 illamque
579 3067 909 3125 Ecclesium
944 3069 1057 3123 sibi
1078 3070 1477 3138 commissam,
1496 3073 1642 3124 teste
1656 3069 1942 3126 Orderico

272 3158 353 3230 (6)
385 3159 484 3213 diu
523 3158 695 3228 rexit,
744 3158 1007 3229 adeoque
1055 3174 1148 3211 an.
1199 3155 1338 3212 1090
1368 3161 1423 3212 et
1454 3159 1701 3213 ulterius
1751 3158 1942 3214 adhuc

272 3250 588 3318 superstes
622 3263 633 3301 :
670 3247 824 3301 unde
868 3248 1098 3300 constat
1145 3245 1268 3299 falli
1308 3262 1413 3300 eos
1455 3248 1552 3317 qui
1586 3247 1738 3301 diem
1784 3247 1945 3301 aiunt

271 3337 501 3391 obiisse
532 3352 625 3389 an.
662 3333 801 3390 1080
832 3334 908 3405 (7)
932 3335 1024 3389 vel
1055 3351 1206 3389 anno
1241 3335 1399 3389 1084.
1434 3335 1511 3406 (8)
1538 3335 1627 3389 Ex
1652 3337 1943 3391 UrbaniII

275 3425 350 3479 ad
409 3441 539 3479 eum
574 3424 822 3494 epistola
873 3423 1265 3495 fragmentum
1320 3426 1513 3479 exstat
1541 3425 1600 3478 in
1656 3431 1819 3495 parte
1850 3441 1945 3481 se-

278 3514 470 3569 cunda
503 3513 738 3567 Decreti
768 3512 1051 3582 Gratiani,
1078 3528 1258 3567 causa
1287 3510 1377 3569 24.
1411 3516 1622 3584 quaest.
1657 3512 1707 3579 2,
1744 3531 1870 3569 can.
1891 3513 1944 3584 3,

277 3620 353 3658 ex
384 3618 498 3673 qua
529 3603 758 3655 aetatem
790 3600 1145 3655 Guidmundi
1175 3599 1299 3671 jam
1331 3601 1673 3656 observavit
1704 3603 1949 3657 Latinus

275 3691 546 3746 Latinius
572 3693 726 3744 temo
757 3689 778 3742 Ι
813 3690 962 3744 Bibl.
999 3690 1497 3762 sacro-profante,
1532 3708 1587 3761 p.
1620 3690 1710 3748 81.
1748 3693 1949 3763 Itaque

280 3785 383 3835 aut
414 3780 563 3834 duos
595 3780 823 3850 oportet
860 3781 1119 3834 statuere
1150 3779 1578 3850 Guidmundos,
1614 3780 1725 3845 vel,
1760 3780 1947 3835 Orde-

284 3870 480 3924 ricum
543 3869 594 3921 si
668 3868 997 3937 audiamus,
1071 3883 1269 3922 errare
1320 3884 1571 3923 necesse
1639 3872 1730 3923 est
1790 3870 1951 3923 Ano-

281 3974 524 4029 nymum
573 3956 998 4026 Mellicensem,
1046 3955 1145 4027 qui
1186 3972 1313 4026 cap.
1361 3955 1463 4011 102
1518 3957 1952 4013 Guidmundum

284 4048 365 4101 ait
395 4063 425 4099 a
457 4045 747 4117 Gregorio
783 4044 884 4097 VII
916 4046 1164 4099 Aversae
1189 4045 1535 4116 episcopum
1553 4046 1769 4101 factum
1792 4064 1950 4103 esse.

287 4137 504 4190 Parum
536 4135 710 4189 etiam
736 4134 1014 4205 congruit
1045 4150 1177 4188 cum
1198 4132 1463 4189 Orderici
1493 4136 1776 4191 relatione
1799 4136 1954 4209 quod

283 4224 443 4280 idem
473 4222 840 4279 Mellicensis
883 4221 1320 4277 Guidmundum
1351 4223 1491 4279 facit
1521 4225 1792 4299 abbatem
1822 4226 1953 4282 Sta-

362 4367 441 4435 (1)
490 4365 622 4441 Non
667 4364 1120 4441 confundendus
1168 4381 1308 4441 eum
1356 4365 1692 4441 Guimundo
1738 4370 1954 4441 Anglo,

290 4437 868 4512 Augustiniano,_de
905 4452 1036 4512 quo
1072 4437 1381 4512 _Lelandus
1428 4454 1554 4509 cap.
1600 4438 1720 4511 163,
1767 4437 1958 4512 neque

292 4507 432 4565 cum
461 4507 726 4580 Gnidone
755 4508 1025 4580 Aretino,
1055 4508 1126 4563 de
1157 4524 1274 4580 quo
1297 4525 1496 4578 supra.

364 4581 456 4652 (2)
496 4578 1198 4652 ordericus__V_italis_iv
1225 4621 1239 4649 ,
1292 4596 1429 4652 pag.
1488 4581 1611 4637 524,
1660 4583 1958 4639 Mabillon.

293 4649 473 4727 praef.
507 4650 578 4704 ad
612 4650 763 4704 Saec.
802 4649 873 4702 VI
906 4649 1358 4776 Benedictin.,
1380 4649 1469 4708 58.

368 4722 447 4776 (3)
477 4722 907 4776 Sammarthan.
942 4721 995 4775 1.
1026 4721 1049 4774 Ι
1079 4722 1282 4776 Galliae
1362 4722 1469 4776 hri:

368 4722 447 4798 (ξ.)
477 4722 907 4798 ξαῳωρνῑὴδη,
942 4721 995 4775 1.
1024 4721 1282 4798 19811188
1313 4721 1532 4794 Christ,
1564 4740 1699 4798 pag.
1730 4726 1853 4781 576.

476 4792 819 4917 girdericus,
854 4807 989 4863 pag.
1021 4791 1145 4848 526.
1451 4860 1457 4866 ,

2053 2892 2260 2948 eodem
2304 2890 2665 2960 Mabillonio,
2716 2890 3061 2963 Berengarii
3113 2892 3191 2962 (9)
3242 2892 3495 2964 ejusque
3543 2909 3717 2950 asse-

2056 2983 2277 3036 clarum
2308 2980 2504 3034 varias
2555 2979 2864 3048 opiniones
2913 2980 3231 3051 indagavit.
3279 2981 3433 3036 Editi
3480 2982 3720 3038 fuerunt

2054 3071 2111 3125 hi
2144 3069 2276 3123 libri
2310 3084 2441 3122 cum
2469 3067 2688 3138 Algero
2718 3083 2825 3136 per
2857 3067 3168 3122 Erasmum
3216 3071 3519 3140 Antwerp.
3560 3069 3713 3142 1530,

2054 3163 2110 3213 et
2153 3158 2363 3212 deinde
2408 3157 2633 3210 Joanne
2673 3156 2952 3210 V’limerio
2986 3160 3247 3227 curante,
3297 3158 3520 3213 Lovan.
3555 3157 3716 3230 1561,

2055 3249 2153 3320 qui
2188 3245 2498 3300 Paschasii
2521 3246 2693 3298 etiam
2728 3244 3114 3299 etLant‘ranci
3146 3247 3216 3301 de
3240 3246 3352 3302 hoc
3369 3252 3718 3320 argumento

2057 3337 2276 3406 scripta
2309 3335 2635 3405 subjunxit.
2670 3334 2934 3405 Denique
2967 3335 3025 3388 in
3058 3334 3443 3391 Bibliothecis
3479 3338 3721 3393 Patrum

2058 3425 2523 3493 Parisiensibus,
2555 3422 2893 3478 Coloniensi
2926 3428 3061 3478 tom.
3096 3426 3218 3496 XII,
3253 3428 3310 3480 et
3330 3427 3721 3499 Lugdunensi

2056 3518 2194 3569 tom.
2230 3513 2437 3583 XVIII,
2470 3530 2605 3583 pag.
2639 3513 2763 3582 440,
2794 3515 2852 3566 in
2884 3530 2998 3584 qua
3028 3515 3111 3584 (ut
3141 3516 3198 3569 in
3231 3515 3556 3587 prioribus)
3581 3532 3719 3589 pag.

2057 3602 2162 3658 465
2195 3603 2362 3656 etiam
2399 3602 2735 3672 subjicitur.
2787 3601 3129 3656 Guitmundi
3158 3605 3245 3658 De
3276 3610 3481 3669 sancta
3520 3604 3721 3659 Trini-

2063 3697 2204 3761 tate,
2242 3692 2477 3744 Christi
2505 3692 2889 3760 humanitate,
2911 3693 3292 3765 corporisque
3320 3710 3385 3749 ac
3414 3695 3726 3767 sanguinis

2061 3780 2297 3834 Domini
2348 3780 2542 3833 nostri
2580 3781 2833 3833 veritate
2883 3780 3233 3848 Confessio;
3283 3799 3350 3837 ac
3398 3788 3723 3854 postremo,

2062 3886 2196 3940 pag.
2229 3866 2353 3937 468,
2393 3867 2598 3921 Oratio
2622 3869 2696 3921 ad
2728 3868 3100 3923 Cuillehnzun
3124 3870 3498 3943 [Anglorum
3518 3888 3725 3944 regem

2063 3975 2189 4013 cum
2223 3962 2533 4011 recusaret
2562 3957 2978 4028 episeoliatum,
3027 3959 3219 4029 qualis
3251 3965 3486 4016 servata
3530 3965 3622 4016 est
3652 3961 3726 4015 ab

2061 4046 2345 4101 Orderico
2379 4045 2553 4098 Vitali
2586 4044 2660 4097 IV
2695 4046 2846 4101 Hist.
2882 4046 3122 4115 ecclcs.,
3157 4065 3212 4117 p.
3246 4047 3375 4119 524,
3404 4048 3528 4105 526.

2137 4367 2213 4452 (6)
2247 4366 2392 4452 Ibid.
2444 4367 2594 4424 adde
2626 4369 2943 4452 Ughellum
3111 4367 3291 4452 Italiae
3332 4382 3544 4452 sacrm,
3591 4384 3728 4441 pag.

2064 4441 2189 4509 488,
2224 4440 2325 4494 ubi
2358 4440 2737 4498 successoris
2790 4443 2847 4495 in
2878 4442 3395 4511 archiepiscopatu
3423 4440 3733 4496 Aversano

2068 4511 2316 4567 Joannis
2349 4513 2563 4566 mentio
2599 4529 2714 4567 non
2749 4516 2879 4567 ante
2912 4529 3126 4566 annum
3156 4511 3313 4567 1095.

2141 4582 2219 4652 (7)
2251 4583 2333 4636 Ita
2366 4584 2663 4656 Labbeus,
2695 4589 2835 4639 tom.
2870 4584 2893 4637 Ι
2923 4586 2995 4639 de
3026 4583 3085 4639 S.
3118 4583 3209 4652 E.,
3259 4599 3394 4656 pag.
3428 4583 3573 4655 402;
3630 4580 3736 4637 Ca~

2070 4670 2219 4708 veus
2249 4657 2305 4708 et
2334 4654 2450 4708 alii.
3345 4654 3361 4656 '
3520 4707 3528 4713 ,

2143 4724 2220 4798 (8)
2249 4726 2476 4796 Joseph
2508 4726 2676 4798 Eggs
2703 4727 2757 4780 in
2795 4727 3062 4797 Purpura
3093 4728 3283 4795 docta,
3314 4742 3451 4798 pag.
3483 4726 3572 4798 81A.

2143 4794 2222 4867 (9)
2267 4794 2485 4851 Confer
2531 4794 2875 4869 argumenta
2917 4794 3205 4853 librorum
3252 4794 3590 4855 Guitmundi
3640 4811 3739 4869 re:

2076 4866 2415 4922 censentem
2451 4866 2828 4925 Benedictum
2850 4871 3133 4926 Pictetum
3167 4872 3225 4923 in
3244 4869 3507 4925 Historia
3533 4866 3742 4923 saeculi

2075 4940 2173 5010 XI,
2207 4955 2340 5012 pag.
2375 4938 2478 4995 524
2506 4956 2633 5011 seq.

1608 5223 2474 5262 *ευρ-ψ-
