4048 6164
334 311 488 375 M27

1291 307 1780 371 GUITMUNDI
1822 302 2344 367 ARCHIEPISC.
2378 301 2818 366 'AVERSA-NI

3610 301 3770 364 1428

1170 624 1255 849 ς
1366 645 2710 804 GUITMUNDI

1498 931 2163 994 ARCHIEPISCOPI
2183 930 2602 994 AVERSANI

522 1132 686 1209 DE
754 1120 1364 1205 CORPORIS
1429 1119 1582 1195 ET
1644 1115 2333 1195 SANGUINIS
2396 1112 2897 1192 CHRISTI
2952 1109 3599 1189 VERITATE

1458 1358 1465 1363 _
1521 1272 1660 1349 IN
1720 1269 2578 1350 EUCHARISTIA

1755 1490 2029 1580 LIBRI
2100 1487 2353 1578 'I‘RES

622 1696 1205 1762 Intertocutoribus
1239 1694 1380 1775 ipso
1415 1692 1803 1754 GUITMUNDO
1835 1692 1897 1750 et
1929 1690 2249 1764 Rocsmo,
2302 1686 2648 1748 Benedicti
2687 1686 2978 1747 instituti
3011 1684 3483 1774 confratribus.

1564 1824 1893 1902 (Bibliotb.
1940 1824 2081 1887 Pat.
2115 1821 2354 1922 XVIII,
2385 1822 2550 1897 441).

1267 2154 1790 2267 INCIPIT
1872 2153 2287 2265 LIBER
2350 2084 2863 2263 PRIMUS

1003 2448 1372 2489 GUITMUNDUS

419 2551 506 2605 Ad
535 2566 656 2603 rem
686 2547 780 2601 his
812 2543 1177 2613 temporibus
1198 2536 1601 2593 necessariam
1624 2533 1878 2605 quidem,
1907 2530 2013 2585 sed

350 2638 580 2693 meliori
611 2652 785 2707 quam
851 2647 964 2704 ego
997 2647 1126 2685 sum
1154 2626 1598 2698 injungcndam,
1628 2621 2014 2676 dilectissime

352 2728 535 2783 frater
561 2724 801 2796 Rogeri,
830 2738 922 2776 me
949 2735 1147 2787 vocas,
1175 2717 1403 2771 scilicet
1442 2719 1499 2768 ut
1536 2714 1606 2767 de
1631 2712 1872 2767 veritate
1898 2711 2015 2763 Do—

352 2816 552 2871 minici
584 2812 852 2883 corporis
884 2813 1086 2864 contra
1125 2806 1488 2877 quaestiones
1522 2801 1702 2872 hujus
1737 2798 2016 2868 temporis

357 2907 673 2969 disseram,
695 2918 762 2955 ac
784 2897 1123 2969 Herengarii
1152 2893 1520 2949 Turonensis
1547 2907 1738 2962 nugas
1762 2907 1864 2960 pro
1890 2903 2018 2942 meo

357 3000 528 3065 captu
547 2991 864 3047 scribendo
885 2987 1168 3042 refellam.
1196 2985 1311 3039 Sed
1344 2982 1615 3053 quamvis
1637 2980 1868 3033 adalias
1891 2979 2019 3032 ani-

357 3101 468 3140 mae
490 3083 765 3138 utilitates
792 3095 880 3132 me
902 3075 1318 3143 voluntas,imo
1335 3072 1664 3126 necessitas
1685 3086 1810 3123 mea
1826 3070 2016 3133 ducat,

357 3175 474 3229 tuis
497 3177 689 3227 tamen
707 3167 1021 3222 desideriis
1040 3168 1095 3218 et
1130 3163 1431 3233 precibus,
1464 3177 1637 3231 quem
1668 3158 1811 3211 mihi
1853 3157 2020 3209 valde

358 3263 600 3317 charum
649 3259 908 3325 intueor,
958 3256 1137 3308 desse
1185 3269 1301 3308 non
1348 3266 1617 3320 possum,
1667 3264 1797 3301 cum
1849 3247 2017 3300 etiam

334 3350 626 3405 noverim
660 3345 953 3401 communi
1003 3342 1307 3397 commodo
1341 3340 1683 3409 religiosam
1717 3338 2019 3392 deservire

356 3438 692 3511 petitionem
738 3439 914 3488 tuam.
967 3433 1055 3485 Tu
1102 3447 1267 3497 vero,
1304 3430 1412 3481 hoc
1460 3444 1641 3482 unum
1690 3427 2018 3481 exsolveris

359 3542 586 3599 quaeso,
622 3523 779 3594 quod
829 3522 889 3574 in
920 3521 1029 3574 hac
1076 3536 1138 3573 re
1185 3517 1475 3571 obedienti
1520 3520 1677 3570 certe
1723 3516 1926 3583 debes,
1960 3522 2020 3570 ut

359 3615 581 3671 orando
612 3610 968 3682 propensius
1020 3608 1326 3661 Dominum
1370 3605 1509 3659 mihi
1541 3604 1859 3658 subvenire
1904 3621 2019 3659 non
2054 3616 2097 3667 Β

360 3717 590 3758 cesses.
625 3700 691 3753 In
723 3716 893 3752 manu
925 3699 1138 3770 quiqpc
1169 3696 1299 3767 ejus
1328 3710 1536 3749 sumus
1570 3700 1628 3748 et
1659 3709 1764 3748 nos
1796 3700 1853 3748 et
1885 3711 2019 3749 ser-

359 3805 564 3847 mones
594 3788 787 3843 nostri
814 3788 976 3859 (Sap.
1010 3788 1133 3855 vn).

1032 3909 1346 3948 ROGERIUS.

430 4004 678 4059 Omnino
720 4004 872 4074 quod
908 4002 1174 4072 postulas
1212 4000 1620 4069 aequissimum
1666 4002 1776 4067 est,
1811 4013 1918 4052 nec
1949 3998 2021 4051 de

359 4094 538 4150 tantis
561 4094 949 4147 sacramentis
971 4091 1087 4143 nisi
1120 4089 1533 4144 comitantibus
1559 4102 1796 4156 semper
1824 4087 2019 4156 preci-

356 4183 473 4238 bus
503 4180 791 4252 disputari
825 4181 1011 4234 decet.
1043 4179 1297 4232 Proinde
1330 4177 1643 4247 adjuvante
1668 4176 1914 4229 Domino
1946 4176 2020 4228 ita

359 4272 476 4327 ﬁet.
510 4272 596 4325 Tu
630 4286 769 4324 vero
803 4270 958 4323 hunc
990 4268 1151 4337 mihi,
1188 4268 1459 4333 obsecro,
1498 4280 1718 4320 morem
1750 4280 1910 4335 gere,
1938 4269 2018 4330 ut,

357 4361 508 4414 meis
564 4358 998 4429 objectionibus
1049 4356 1283 4422 audItis,
1337 4369 1705 4426 quaecunque
1755 4353 2019 4423 insuper,

360 4464 469 4503 seu
513 4464 585 4502 ex
627 4447 820 4517 ipsius
870 4444 1211 4515 Berengarii
1260 4444 1393 4498 libri
1441 4453 1547 4497 Seu
1592 4460 1664 4497 ex
1708 4442 2022 4496 multorum

340 4535 952 4608 interrogationibus,
986 4534 1203 4604 quibus
1234 4534 1305 4586 de
1354 4533 1461 4586 hac
1510 4549 1572 4587 re
1603 4532 1898 4586 multoties
1930 4532 2023 4584 in—

364 4629 706 4696 terrogatus
750 4640 854 4691 es,
907 4639 1013 4678 seu
1075 4639 1145 4676 ex
1204 4624 1413 4691 teipse,
1470 4622 1605 4692 jure
1655 4622 1758 4676 tibi
1809 4621 2022 4690 opponi

357 4730 543 4786 posse
571 4713 978 4784 perpenderis,
1012 4727 1127 4765 non
1158 4712 1501 4766 reticescas.

995 4853 1383 4911 GUITMUNpus.

426 4947 569 5011 Quae
602 4945 743 4999 mihi
774 4960 955 5015 super
985 4944 1079 4998 his
1113 4943 1521 5011 sacramentis,
1559 4948 1613 4997 et
1645 4944 2023 5013 quemadmo-

361 5037 497 5090 dum
522 5052 716 5090 coram
749 5035 868 5088 Deo
889 5034 1251 5088 conscientia
1271 5034 1545 5102 loquitur,
1576 5037 1856 5102 quantum
1876 5033 2021 5087 satis

358 5140 497 5179 esse
531 5123 1106 5193 videbitur,juvante
1144 5122 1387 5176 Domino
1418 5122 1772 5191 propalabo;
1829 5123 1933 5177 sed
1964 5126 2024 5177 ut

358 5213 539 5267 totius
571 5214 799 5267 erroris
832 5229 1070 5267 causam
1094 5214 1479 5281 exortumque
1498 5210 1729 5280 plenius
1754 5212 2018 5281 noveris,

359 5301 611 5370 primum
645 5302 716 5356 de
748 5302 859 5355 viri
901 5302 1166 5355 moribus
1199 5304 1253 5354 et
1299 5300 1561 5354 doctrina
1608 5316 1898 5370 perpauca
1932 5302 2021 5355 di-

328 5376 335 5383 ’
361 5402 585 5444 camus.

1034 5494 1348 5533 ROGERIUS.

439 5585 585 5643 Rem
605 5583 870 5659 profecto
895 5570 1216 5659 eongru'am
1239 5585 1389 5640 dicis
1414 5601 1425 5640 :
1448 5600 1581 5640 nam
1603 5586 1897 5656 quoddam
1919 5602 2023 5642 ve-

2041 2423 2087 2474 A
2120 2421 2223 2475 luti
2255 2422 2509 2491 pondus,
2562 2422 2767 2477 nescio
2812 2422 3151 2495 cujusmodi
3197 2426 3509 2497 gravitatis
3548 2424 3691 2496 ejus
3742 2432 3799 2480 et

2122 2511 2377 2581 antiquae
2419 2511 2702 2565 doctrinae
2755 2512 2992 2581 fastum,

2123 2616 2256 2652 eum
2287 2599 2501 2654 imitari
2533 2601 2888 2656 maluerunt.

2180 2690 2185 2696 ’
2754 2708 3145 2746 emruusnus.

2196 2778 2251 2830 ls
2284 2793 2427 2849 ergo
2446 2794 2578 2832 cum
2596 2778 2900 2848 juveniles
2920 2781 3112 2835 adhuc
3138 2782 3197 2835 in
3228 2780 3452 2837 scholis
3474 2787 3685 2853 ageret
3701 2800 3802 2837 an-

2123 2881 2235 2920 nos
2258 2868 2340 2935 (ut
2361 2867 2519 2920 aiunt
2546 2870 2643 2938 qui
2669 2885 2798 2922 eum
2829 2872 2965 2923 tunc
2991 2874 3321 2940 noverunt),
3353 2872 3542 2926 elatus
3568 2873 3797 2943 ingenii

2124 2954 2379 3023 levitate,
2412 2957 2600 3025 ipsius
2634 2958 2902 3028 magistri
2935 2974 3181 3012 sensum
3209 2976 3323 3013 non
3347 2960 3493 3014 adeo
3525 2962 3797 3027 curabat,

2127 3044 2667 3113 condiscipulorum
2690 3062 2794 3115 pro
2816 3048 3000 3100 nilIilo
3018 3049 3536 3117 reputabat,libros
3552 3051 3805 3119 insuper

2126 3136 2335 3189 artium
2361 3136 2786 3189 contemnebat.
2808 3134 2923 3189 Sed
2956 3152 3088 3189 cum
3108 3152 3212 3206 per
3233 3153 3298 3191 se
3334 3138 3629 3210 attingere
3660 3139 3801 3209 phi-

2126 3224 2416 3293 IOSOphiae
2446 3220 2672 3277 altio'ris
2722 3228 2951 3278 secreta
2981 3241 3098 3279 non
3140 3229 3367 3296 posset,
3414 3244 3610 3297 neque
3641 3231 3799 3281 enim

2126 3312 2301 3367 homo
2324 3313 2399 3365 ita
2423 3315 2631 3366 acutus
2670 3316 2792 3366 erat
2813 3314 2942 3375 (sed
2966 3316 3022 3368 et
3042 3316 3179 3368 tunc
3212 3316 3495 3384 temporis
3517 3315 3803 3371 liberales

2127 3405 2285 3456 artes
2308 3401 2458 3455 intra
2487 3401 2705 3456 Gallias
2728 3402 3185 3474 obsoleverant),
3212 3405 3384 3458 novis
3416 3405 3630 3459 saltem
3663 3422 3801 3460 ver-

2124 3490 2335 3544 borum
2366 3490 2946 3560 interpretationibus
2978 3493 3195 3562 quibus
3229 3494 3401 3547 etiam
3432 3511 3593 3548 nunc
3623 3496 3800 3548 nimi-

2130 3594 2257 3632 rum
2290 3580 2525 3649 gaudet,
2556 3580 2880 3651 singularis
2911 3582 3177 3636 scientiae
3209 3582 3442 3637 laudem
3476 3585 3595 3638 sibi
3634 3601 3805 3639 arro-

2128 3683 2291 3738 gare,
2353 3672 2408 3721 et
2463 3667 2773 3738 cujusdam
2834 3669 3200 3724 excellentiae
3258 3671 3507 3743 gloriam
3568 3675 3798 3742 venari,

2128 3756 2614 3827 qualitercunque
2653 3761 2899 3827 poterat,
2937 3758 3243 3813 affectabat
3280 3776 3292 3814 :
3331 3761 3677 3832 factumque
3709 3768 3808 3817 est

2126 3848 2187 3899 ut
2201 3847 2529 3915 pompatico
2548 3846 3053 3915 incessu,sublimi
3076 3864 3199 3917 prae
3214 3849 3449 3903 caeteris
3463 3857 3795 3923 suggestu,

2129 3935 2469 4006 dignitatem
2500 3935 2768 4005 magistri
2812 3936 3009 4005 potius
3055 3937 3344 3990 simulans
3392 3955 3570 4008 quam
3618 3941 3801 3995 rebus

2130 4023 2769 4093 ostendens,profunda
2784 4024 3058 4095 quodque
3081 4025 3414 4079 inclusione
3435 4028 3593 4080 inter
3608 4031 3807 4083 cucul-

2128 4112 2267 4179 lum,
2313 4128 2379 4165 ac
2429 4112 2801 4167 simulatione
2847 4113 3042 4184 longe;
3093 4114 3520 4185 meditationisf,
3584 4122 3644 4171 et
3706 4121 3803 4172 vix

2126 4201 2358 4254 tandem
2391 4201 2537 4254 satis
2571 4201 2925 4254 desideratas
2956 4202 3055 4255 diu
3087 4204 3254 4256 vocis
3287 4204 3626 4260 lentissimo
3660 4223 3803 4278 quo-

2127 4289 2258 4342 dam
2290 4289 2461 4359 quasi
2489 4290 2775 4361 plangore
2807 4289 3075 4344 incautos
3119 4292 3445 4362 decipiens,
3495 4294 3803 4350 doctorem

2128 4394 2265 4432 sese
2290 4379 2499 4434 artium
2524 4394 2671 4448 pene
2690 4379 2919 4433 inscius
2942 4379 3332 4449 proﬁteretur.
3349 4380 3465 4435 Sed
3486 4387 3801 4455 postquam

2129 4485 2159 4521 a
2182 4468 2250 4520 D.
2272 4466 2604 4521 Laan-anco
2637 4467 2694 4520 in
2727 4467 3032 4522 dialectica
3063 4469 3133 4523 de
3164 4485 3229 4523 re
3262 4470 3409 4523 satis
3451 4487 3644 4540 parva
3676 4478 3801 4527 tur-

2129 4556 2281 4625 piter
2302 4556 2717 4625 estcoufusus,
2739 4557 3308 4628 cumqueperipsuin
3324 4559 3806 4615 D.Lanfrancum

3064 2515 3323 2569 nonnulli
3395 2515 3798 2585 attendentes,

2078 4688 2092 4706 η
2128 4644 2317 4698 virum
2338 4660 2505 4714 :rque
2534 4644 2945 4699 doctissimum
2969 4646 3243 4701 liberales
3273 4650 3433 4702 artes
3461 4648 3628 4703 Deus
3647 4666 3805 4704 reca-

2085 4721 2095 4738 ⁴
2130 4734 2556 4803 lescere,atque
2576 4734 2791 4804 optime
2811 4735 3175 4790 reviviscere
3205 4734 3471 4799 fecisset,
3493 4738 3800 4793 desertum

2131 4836 2196 4875 se
2219 4822 2329 4875 iste
2351 4838 2382 4875 a
2401 4821 2676 4892 discipuli
2700 4838 2730 4875 s
2744 4822 2974 4891 dolens,
3001 4823 3071 4877 ad
3089 4825 3408 4878 eructanda
3427 4826 3802 4895 impudenter

2129 4911 2457 4964 divinarum
2489 4897 2925 4980 Scriptifrarnm
2947 4914 3457 4982 sacramenta,ubi
3481 4915 3579 4968 ille
3608 4917 3798 4970 adhuc

2128 4999 2477 5054 adolescens
2500 5003 2554 5052 et
2578 5000 2709 5053 aliis
2733 5004 2977 5055 eatenus
2998 5002 3270 5055 detentus
3299 5002 3517 5057 studiis
3540 5006 3800 5059 nondum

2131 5089 2276 5142 adeo
2300 5088 2646 5155 intenderat,
2670 5105 2807 5144 sese
2831 5092 3137 5145 convertit.
3169 5091 3282 5145 Sed
3307 5095 3363 5145 et
3384 5091 3464 5145 ibi
3482 5093 3800 5163 insipiens,

2128 5178 2340 5248 quippe
2370 5180 2427 5230 in
2452 5179 2601 5232 male
2616 5177 2796 5232 volam
2816 5179 3068 5232 animam
3093 5196 3205 5233 non
3235 5181 3512 5235 introibit
3528 5185 3804 5253 sapiente

2128 5268 2289 5337 (δίη).
2317 5268 2375 5336 ι),
2401 5270 2455 5320 et
2490 5282 2555 5320 ea
2589 5284 2837 5337 quorum
2871 5269 3131 5323 novitate
3163 5271 3421 5331 omnium
3453 5272 3638 5325 corda
3671 5289 3804 5342 per-

2128 5357 2411 5415 moveret,
2466 5358 2639 5426 atque
2696 5357 2765 5410 ad
2822 5372 2889 5411 se
2948 5359 3208 5411 omnium
3260 5359 3467 5413 oculos
3519 5361 3803 5430 traheret,

2131 5443 2397 5498 studiose
2422 5445 3005 5515 perquirens,maluit
3027 5462 3166 5501 esse
3190 5448 3302 5501 sub
3326 5447 3522 5519 aliqua
3544 5449 3807 5504 admira-

2130 5533 2287 5588 tione
2335 5532 2633 5588 hominum
2686 5534 3025 5606 haereticus,
3072 5552 3247 5607 quam
3287 5536 3399 5590 sub
3449 5537 3649 5592 oculis
3702 5539 3807 5594 Dei

2126 5622 2350 5695 private
2364 5623 2563 5679 vivere
2580 5623 3103 5682 catholicus.Tune
3123 5624 3224 5681 illa
3246 5625 3464 5699 quibus
3480 5627 3803 5686 mundanis
