4048 6164
489 351 598 412 DE
645 347 1057 413 CORPORIS
1104 346 1208 407 ET
1254 343 1495 408 SANG.
1547 335 1854 401 DOMINI
1894 333 2320 399 VERITATE
2367 333 2591 395 LIBRI
2631 333 2866 394 TRES.
2916 368 2987 376 ——
3036 331 3183 394 LIB.
3234 333 3283 394 Ι.
3444 329 3594 394 1430

210 355 346 418 1429

192 552 598 621 hominibus,et
619 550 673 604 si
695 548 899 613 inulte,
917 547 1055 601 licet
1076 560 1311 615 semper
1327 557 1574 613 peccare
1599 528 1836 610 cupien-
1866 521 1898 578 ³⁸
1945 537 2245 607 paululum
2278 534 2550 589 adolevit.
2589 534 2726 588 Mox
2759 550 2902 605 ergo
2953 534 3371 604 incipientibus
3403 533 3499 587 his
3521 549 3618 602 pa-

192 645 354 711 tibus,
374 642 652 712 placeret,
677 638 937 707 aperuit:
965 635 1225 707 legitima
1242 633 1514 686 videlicet
1536 629 1835 700 conjugia,
1952 627 2062 679 lam
2083 625 2290 694 audiri,
2330 625 2602 679 catholici
2626 624 2736 676 viri
2753 624 3321 694 gravitercommoti,
3346 627 3520 693 atque
3537 622 3621 675 in-

193 735 454 804 quantum
506 729 566 781 in
611 728 740 798 ipso
793 729 919 779 erat
963 725 1307 790 destrucns,
1349 726 1405 776 et
1459 718 1835 790 parvulorum
1955 715 2343 768 tolerabiliter
2376 714 2654 781 ferentes,
2688 712 3042 782 praesidente
3072 728 3179 782 per
3236 712 3624 781 semetipsum

193 800 470 890 baptisma
500 819 799 879 evertens;
832 814 907 868 ita
938 814 1078 867 utin
1109 812 1289 865 altero
1323 808 1601 879 pessimis
1650 805 1841 860 homi-
1954 803 2321 857 beatissimze
2356 802 2655 857 memoria:
2687 802 2923 855 domino
2957 818 3101 870 papa
3135 802 3351 869 Leone,
3380 800 3622 854 Vercel-

194 889 356 963 nibus
398 906 669 961 diabolus
702 919 809 974 per
837 918 905 957 os
937 901 1069 971 ejus
1112 900 1270 954 licite
1302 898 1575 952 omnibus
1607 893 1842 949 feminis
1958 892 2030 961 lis
2056 892 2367 945 concilium
2390 894 2633 961 ponunt.
2670 891 2731 944 In
2762 908 2874 961 quo
2905 892 3078 944 etiam
3124 907 3229 959 per
3258 906 3366 944 nos
3427 889 3619 959 aliqua

195 995 537 1051 abutendum
567 1009 706 1048 esse
733 1008 747 1062 ;
778 992 837 1045 in
869 991 1072 1059 altero,
1105 992 1340 1043 cassato
1370 986 1719 1056 baptismate
1750 984 1840 1035 in-
1962 980 2079 1034 dici
2108 980 2438 1051 cupis;jam
2470 997 2624 1035 nunc
2658 996 2788 1050 quae
2818 980 2925 1034 tibi
2953 980 3333 1051 proponenda
3355 978 3627 1033 videntur

192 1085 375 1139 fantiae
397 1084 455 1136 in
476 1081 831 1151 profundum
854 1077 1110 1133 omnium
1134 1075 1438 1141 malorum,
1458 1076 1653 1142 utpote
1675 1073 1842 1141 post-
1962 1084 2065 1140 ex:
2084 1087 2207 1123 -:.:;o.

198 1173 419 1227 modum
445 1168 832 1240 baptizandis,
884 1168 1120 1236 impune
1154 1179 1325 1218 ruere
1355 1163 1649 1217 suaderet.
1684 1162 1844 1231 Lege

196 1262 492 1332 epistolam
529 1257 881 1312 Leodiensis
914 1253 1175 1325 epiSCOpi
1199 1255 1399 1306 contra
1422 1250 1846 1321 Berengarium

201 1352 264 1406 ad
299 1350 614 1404 Henricum
646 1362 849 1417 regem
899 1344 1296 1411 Francorum,
1330 1344 1386 1395 et
1434 1341 1657 1394 eisdem
1699 1354 1847 1408 pene

200 1440 391 1494 verbis
408 1438 611 1493 eadem
634 1436 762 1506 ipsa
794 1434 878 1488 ibi
899 1433 1118 1502 scripta
1140 1429 1552 1501 reperielelis
1568 1444 1709 1482 sane
1724 1429 1849 1481 die-

201 1531 309 1584 bus
338 1534 391 1582 ct
435 1527 586 1581 hanc
645 1539 881 1595 quoque
928 1524 1155 1590 (contra
1195 1535 1367 1590 quam
1428 1518 1546 1572 Deo
1606 1517 1853 1586 propitio

200 1618 376 1672 acturi
427 1618 667 1680 sumus).
693 1616 783 1667 est
829 1626 1014 1664 ausus
1061 1607 1504 1662 dementissime
1544 1607 1856 1676 propinare

201 1705 644 1777 blasphemiam,
682 1702 755 1755 ad
778 1701 891 1754 hoc
909 1700 1080 1754 etiam
1110 1698 1204 1750 hic
1235 1696 1467 1751 diabolo
1499 1696 1776 1762 militans,
1801 1698 1860 1747 ut

202 1797 381 1851 ablata
403 1795 647 1848 veritate
673 1789 958 1844 Dominici
979 1786 1267 1856 corporis,
1293 1800 1541 1855 peccare
1566 1785 1853 1851 volentes,

208 1885 360 1940 nulla
392 1880 744 1947 reverentia,
775 1878 974 1932 nullus
1008 1880 1201 1929 mutus
1232 1874 1628 1944 percipiendas
1669 1889 1859 1927 sacrae
1893 1894 1936 1956 Β

206 1970 629 2027 communionis
642 1968 715 2021 ab
731 1967 927 2036 aliquo
951 1965 1178 2018 scelere
1194 1964 1518 2017 revocaret.
1530 1962 1611 2015 De
1630 1960 1863 2015 caeteris

204 2078 345 2117 sane
375 2056 959 2129 impietatibusﬁquas
975 2053 1121 2107 satis
1150 2051 1364 2105 multas
1386 2052 1555 2120 perid
1582 2050 1865 2118 temporis

208 2149 481 2216 evomuit,
534 2161 689 2200 nunc
720 2148 776 2198 te
807 2142 1095 2197 remorari
1126 2140 1284 2194 nolo.
1333 2139 1414 2193 Ita
1454 2140 1635 2210 igitur
1683 2138 1866 2210 hujus

207 2239 429 2295 initium
462 2235 651 2306 pestis
684 2231 1040 2302 accepimus.
1082 2230 1254 2282 Nunc
1305 2232 1497 2282 autem
1534 2228 1784 2298 qualiter
1814 2230 1868 2281 et

210 2344 313 2399 per
343 2341 492 2397 quos
526 2323 812 2391 tantisper
843 2321 1065 2374 retenta
1096 2319 1193 2386 sit,
1226 2317 1475 2387 qualiter
1504 2318 1677 2370 etiam
1697 2319 1869 2385 etper

211 2432 359 2488 quos
391 2414 725 2483 expugnata
757 2412 813 2463 et
843 2409 1111 2462 damnata
1143 2407 1254 2459 sit:
1290 2409 1351 2458 ut
1379 2409 1510 2459 ortu
1541 2409 1713 2475 atque
1742 2421 1869 2475 pro-

211 2520 412 2571 cessu,
450 2518 591 2556 casu
624 2514 858 2569 quoque
892 2497 1149 2568 cognito,
1182 2495 1320 2564 quid
1354 2494 1424 2548 de
1474 2494 1569 2546 illa
1604 2494 1827 2548 sentias
1850 2535 1864 2563 ,

213 2593 420 2648 melius
444 2590 627 2658 noris,
661 2588 777 2642 nisi
808 2588 1051 2657 longum
1081 2586 1273 2653 putes,
1306 2583 1584 2652 aperiam.

884 2688 1200 2729 ROGERIUS.

287 2773 401 2825 lmo
435 2783 577 2822 vero
609 2763 955 2821 sitibundus
991 2763 1120 2817 haec
1149 2761 1400 2815 audiam.
1436 2760 1678 2817 Multum
1724 2760 1876 2814 enim

211 2861 287 2915 ad
320 2875 440 2914 rem
476 2855 837 2927 propositam
868 2852 1141 2906 existimo
1172 2850 1495 2919 profutura.

851 2955 1239 2995 GUITMUNDUS.

288 3036 631 3106 Gumigitur
662 3030 1006 3101 superiores
1037 3028 1462 3099 blasphemias,
1487 3029 1733 3098 primam
1756 3028 1882 3098 qui-

217 3130 352 3184 dem
384 3127 627 3196 propter
664 3119 914 3192 injurias
946 3121 1216 3185 matrum,
1250 3120 1719 3191 caeterorumque
1751 3116 1886 3170 eiic-

221 3222 444 3281 ctuum,
478 3210 799 3267 secundam
819 3223 962 3261 vero
984 3205 1665 3276 propterdamnationem
1683 3221 1890 3275 parvu-

222 3308 416 3361 lorum
432 3312 813 3368 suorum,nec
826 3310 1005 3350 aures
1018 3295 1189 3349 etiam
1208 3294 1603 3363 pessimorum
1627 3296 1890 3348 sustine-

221 3410 292 3449 re
306 3388 711 3463 possent,ipse
724 3401 866 3440 vero
881 3385 939 3437 in
954 3384 1275 3452 Scripturis
1305 3384 1497 3438 sacris
1526 3384 1892 3437 locumtuen-

222 3483 281 3537 di
303 3496 408 3536 eas
430 3478 655 3533 nullum
688 3475 919 3545 penitus
953 3472 1262 3541 inveniret,
1287 3474 1538 3527 maxime
1561 3473 1893 3542 disputante

227 3574 439 3625 contra
469 3583 572 3621 eas
596 3563 1009 3635 cepiosissime
1029 3563 1198 3616 beato
1233 3562 1563 3632 Augustino
1582 3562 1728 3631 (Pro
1758 3579 1893 3634 nup-

228 3661 358 3727 tiis,
385 3661 440 3712 et
462 3656 550 3710 De
565 3649 1177 3725 Bapt.parvu10rum),
1210 3650 1266 3702 in
1295 3650 1445 3704 hanc
1468 3667 1533 3704 se
1576 3652 1896 3705 defensan-

226 3749 367 3804 dam
398 3747 579 3799 totum
607 3741 867 3805 contulit;
891 3740 990 3793 ubi
1015 3742 1071 3792 et
1091 3739 1342 3810 quodam
1378 3740 1534 3794 velut
1565 3741 1898 3794 testimonio

226 3849 521 3894 sensuum
539 3832 642 3886 niti
673 3829 980 3884 videbatur
1009 3843 1021 3883 :
1079 3843 1187 3881 nec
1218 3831 1334 3881 tam
1376 3828 1791 3897 cepiosissime
1825 3829 1896 3882 ab

229 3926 432 3995 aliquo
465 3920 982 3977 sanctissimorum
1022 3918 1256 3971 Patrum
1295 3918 1535 3988 (quippe
1588 3934 1704 3971 non
1750 3920 1896 3972 indi-

230 4020 413 4087 gente
430 4012 574 4066 adeo
596 4008 964 4078 temporibus
985 4006 1215 4060 illorum
1238 4006 1525 4075 Ecclesia,
1553 4024 1684 4061 cum
1706 4011 1897 4062 tamen

232 4102 382 4174 quid
412 4101 547 4155 inde
567 4096 1162 4166 tenerentperspicue
1192 4099 1247 4149 et
1278 4095 1643 4151 lucidissime
1674 4099 1904 4167 sapien-

229 4191 458 4247 tissimi
491 4204 693 4243 eorum
740 4185 904 4239 multi
936 4185 1311 4253 scripserunt
1340 4190 1541 4238 contra
1600 4186 1749 4240 hanc
1781 4187 1908 4240 dis-

238 4281 509 4351 putatum
542 4274 851 4330 sentiebat.
900 4275 1223 4343 Aucupatis
1272 4288 1418 4344 ergo
1476 4276 1774 4329 nonnullis
1806 4292 1911 4330 ve-

238 4370 332 4423 lut
369 4364 719 4420 ratiunculis
765 4363 979 4433 (neque
1008 4363 1162 4416 enim
1207 4361 1324 4415 ulla
1352 4379 1610 4433 unquam
1660 4365 1915 4419 haeresis

241 4460 383 4513 sine
414 4455 608 4524 aliqua
641 4451 1128 4506 versimilitudine
1155 4451 1399 4505 rationis
1430 4453 1795 4508 invalescere
1819 4471 1921 4525 po-

250 4546 420 4615 tuit),
455 4542 737 4596 adhibitis
779 4556 1013 4611 quoque
1033 4540 1239 4609 paucis
1272 4540 1421 4594 male
1451 4541 1761 4597 intellectis
1793 4560 1825 4596 a
1855 4559 1922 4598 se

2638 1192 2953 1231 ROGERIUS.

2038 1283 2438 1355 Berengarius
2480 1287 2535 1338 et
2566 1285 2664 1353 qui
2698 1300 2831 1337 eum
2880 1287 3229 1353 sequuntur,
3280 1288 3628 1338 asseverant

1969 1373 2401 1428 Eucharistiam
2436 1372 2662 1425 Domini
2686 1388 2801 1426 non
2818 1388 2955 1426 esse
2979 1388 3115 1426 vere
3136 1372 3630 1427 substantialiter—

1967 1478 2080 1533 que
2101 1478 2319 1531 corpus
2354 1464 2408 1514 et
2441 1462 2789 1532 sanguinem
2817 1461 3067 1531 Domini,
3091 1462 3195 1515 sed
3227 1462 3353 1515 sola
3374 1478 3521 1516 voce
3544 1462 3634 1516 sic

1969 1550 2270 1621 appellari,
2306 1566 2414 1619 pro
2446 1565 2514 1604 eo
2548 1551 2701 1620 quod
2768 1554 3036 1621 tanquam
3096 1551 3303 1604 umbra
3349 1554 3404 1605 et
3443 1552 3635 1622 figura

1971 1639 2365 1712 significativa
2399 1640 2473 1691 sit
2506 1640 2774 1709 corporis
2806 1643 2861 1692 et
2891 1640 3200 1711 sanguinis
3234 1640 3485 1694 Domini.
3512 1640 3636 1694 Nec

1970 1730 2042 1784 de
2057 1729 2168 1783 hoc
2188 1743 2458 1781 moverer
2478 1727 2644 1794 adeo,
2663 1728 2713 1781 si
2733 1728 3043 1782 carnaliter
3065 1729 3384 1797 sapientes,
3420 1745 3639 1784 secun-

1975 1819 2112 1872 dum
2144 1833 2365 1871 sensus
2409 1817 2773 1884 fallerentur,
2809 1817 2924 1870 nisi
2983 1820 3134 1887 quod
3182 1819 3519 1890 nonnullas,
3577 1822 3640 1873 ut

1976 1924 2157 1978 supra
2189 1906 2548 1972 memorasti,
2584 1905 2945 1959 ratiunculas
2972 1907 3309 1977 obtendere,
3345 1912 3401 1962 et
3433 1922 3534 1961 eas
3565 1922 3642 1960 ex

1976 1994 2499 2068 quibusdambeati
2525 1994 2843 2064 Augustini
2868 1996 3175 2048 sententiis
3200 1997 3425 2050 munire
3438 1995 3643 2049 viden-

1977 2086 2311 2155 turAliqua
2344 2084 2517 2137 etiam
2542 2083 2725 2136 verba
2761 2084 2991 2137 Domini
3011 2083 3333 2139 Salvatoris
3351 2084 3641 2155 jactitant,

1980 2191 2053 2229 cx
2101 2175 2316 2244 quibus
2349 2173 2565 2225 infirmi
2599 2172 2965 2227 scandilizari
2991 2174 3240 2228 forsitan
3271 2175 3524 2245 possint.
3561 2175 3645 2227 Ac

1983 2264 2233 2333 primum
2320 2262 2481 2330 ipsas
2539 2261 2946 2327 ratiunculas,
3002 2262 3211 2315 deinde
3267 2264 3645 2316 auctoritates

1986 2367 2217 2423 ponam.
2280 2350 2521 2417 Natura,
2556 2349 2845 2420 inquiunt,
2889 2350 3039 2404 hanc
3095 2351 3472 2404 mutationem
3530 2366 3649 2405 non

1985 2444 2219 2515 patitur.
2255 2440 2517 2508 Cumque
2549 2436 2792 2491 affertur
2824 2438 2910 2491 cis
2944 2439 3250 2510 scriptum,
3285 2439 3419 2510 quia
3460 2440 3653 2494 omnia

1992 2543 2342 2603 quaecunque
2382 2527 2560 2581 voluit
2617 2527 2899 2581 Dominus
2929 2526 3074 2582 fecit
3132 2528 3258 2595 (Ps.
3294 2529 3512 2600 CXLIII),
3546 2526 3656 2582 sed

1992 2620 2161 2686 hanc,
2196 2617 2483 2687 inquiunt,
2544 2617 2917 2670 mutationem
2943 2617 3148 2672 noluit.
3180 2617 3352 2673 Absit
3383 2634 3536 2673 enim
3594 2620 3659 2670 ut

1990 2709 2082 2762 fas
2115 2707 2192 2761 sit
2209 2706 2508 2759 Christum
2540 2705 2814 2759 dentibus
2848 2707 3040 2776 atteri,
3073 2709 3170 2761 aut
3190 2708 3458 2785 partibus
3480 2707 3659 2762 dissi-

1958 2797 2147 2867 pari,
2193 2795 2347 2849 sicut
2391 2786 2500 2848 ista
2547 2794 2822 2848 dentibus
2860 2797 3188 2850 atteruntur
3235 2800 3292 2852 et
3346 2798 3406 2851 in
3461 2799 3660 2867 partes

1994 2885 2380 2955 dissipantur.
2415 2884 2503 2937 Ad
2534 2884 2683 2952 haec,
2728 2885 2778 2937 si
2810 2884 3019 2954 placet,
3073 2886 3307 2941 interim
3338 2886 3658 2957 responde,

1996 2974 2369 3045 postmodum
2404 2988 2543 3026 vero
2576 2977 2786 3026 caetera
2822 2988 3162 3043 preponanz,
3190 2991 3303 3045 quo
3320 2975 3665 3047 diligentius

1998 3078 2175 3134 opere
2209 3063 2544 3130 distributo,
2573 3062 2827 3133 singulis
2850 3078 2987 3117 amc
3015 3065 3336 3135 prepositis
3370 3080 3665 3135 responsa

1997 3160 2095 3209 tua
2128 3150 2544 3222 comparando,
2578 3150 2719 3203 mihi
2768 3150 2839 3204 ad
2871 3167 3127 3223 unguem
3163 3154 3232 3208 de
3266 3155 3541 3210 omnibus
3573 3155 3665 3208 in-

1911 3252 1963 3316 c
1999 3244 2256 3314 tclligam
2289 3240 2674 3295 satisfactum.

2638 3364 3023 3404 GUITMUNDUS.

2076 3475 2361 3541 Quoniam
2381 3474 2615 3543 quidem
2633 3475 2910 3543 superius
2933 3475 3320 3543 postulastiut
3339 3475 3457 3529 tuis
3478 3476 3668 3546 inqui-

2007 3565 2345 3631 sitionibus,
2380 3562 2432 3615 si
2465 3578 2579 3633 qua
2611 3561 2749 3615 mihi
2783 3563 3121 3616 viderentur
3150 3564 3435 3635 addenda,
3461 3579 3673 3634 super-

2009 3655 2617 3722 adderem,cognosce
2638 3652 2885 3720 primum
2910 3652 3043 3721 quia
3088 3667 3204 3706 non
3236 3668 3440 3707 omnes
3471 3653 3572 3723 qui
3602 3652 3676 3707 de

2012 3742 2143 3795 istis
2164 3740 2554 3794 sacramentis
2573 3744 2790 3807 errant,
2828 3754 2939 3792 una
2980 3739 3257 3793 incedunt
3286 3740 3381 3793 via
3425 3740 3675 3795 erroris.

2016 3831 2164 3884 Nam
2180 3828 2599 3897 Berengariani
2624 3842 2830 3880 omnes
2845 3828 3079 3896 quidem
3098 3830 3156 3880 in
3189 3828 3300 3883 hoc
3324 3830 3684 3884 conveniunt

2017 3921 2152 3989 quia
2181 3917 2352 3986 panis
2376 3921 2430 3968 et
2448 3915 2648 3968 vinum
2682 3916 3078 3969 essentialiter
3098 3932 3216 3971 non
3238 3920 3552 3987 mutantur,
3575 3917 3685 3972 sed

2022 4009 2463 4075 ut'extorquere
2494 4020 2525 4055 a
2575 4003 2928 4072 quibusdam
2960 4005 3141 4072 potui,
3195 4006 3439 4060 multum
3469 4007 3532 4059 in
3566 4007 3681 4060 hoc

2021 4098 2315 4160 differunt,
2351 4094 2506 4164 quod
2566 4092 2661 4145 alii
2719 4092 2860 4145 nihil
2913 4095 3149 4147 omnino
3208 4095 3279 4148 de
3327 4110 3574 4164 corpore
3630 4099 3689 4150 et

2024 4186 2314 4257 sanguine
2348 4182 2577 4237 Domini
2611 4184 3002 4236 sacramentis
3033 4182 3166 4236 istis
3197 4183 3419 4253 inesse,
3437 4184 3544 4238 sed
3560 4187 3688 4237 tan-

2028 4274 2324 4332 tummodo
2354 4272 2598 4327 umbras
2632 4271 2761 4326 haec
2794 4277 2848 4325 et
2878 4272 3102 4343 figuras
3162 4287 3301 4326 esse
3330 4272 3549 4326 dicunt.
3580 4271 3696 4326 Alii

2030 4366 2384 4433 vero,rectis
2412 4362 2695 4416 Ecclesiae
2720 4361 3044 4415 rationibus
3065 4361 3482 4430 eedentes,nec
3500 4364 3695 4417 tamen

2008 4466 2011 4467 '
2033 4473 2063 4510 a
2082 4453 2323 4509 stultitia
2346 4451 2784 4517 recedentes,ut
2798 4450 2967 4521 quasi
2987 4451 3181 4520 aliquo
3201 4451 3373 4505 modo
3386 4451 3704 4507 nobiscum

2036 4560 2173 4599 esse
2208 4542 2535 4610 videantur,
2566 4540 2766 4593 dicunt
2797 4540 2876 4593 ibi
2909 4556 3125 4609 corpus
3142 4543 3197 4594 et
3223 4541 3575 4611 sanguinem
3592 4541 3707 4594 Do-

252 4632 536 4704 capitulis
583 4630 903 4700 Scripturze
927 4645 1137 4698 sacrm,
1198 4645 1329 4699 quae
1360 4631 1559 4685 multis
1591 4633 1925 4688 errantibus
1946 4614 1996 4676 ι)
2038 4634 2178 4690 mini
2207 4647 2435 4699 revera,
2470 4630 2577 4682 sed
2606 4629 2853 4683 latenter
2882 4629 3188 4699 contineri,
3222 4633 3280 4685 et
3301 4632 3363 4683 ut
3383 4629 3536 4684 sumi
3568 4643 3713 4698 pos-

246 4726 511 4794 laqueus
542 4725 634 4775 est
666 4719 895 4786 mortis,
928 4734 1034 4787 per
1064 4734 1289 4790 egenos
1333 4719 1761 4792 scholasticos,
1800 4722 1927 4793 jam

244 4829 365 4883 per
403 4809 738 4864 alimoniam
767 4823 881 4878 qua
916 4808 1303 4861 sustendabat
1362 4824 1487 4878 eos,
1520 4814 1576 4863 et
1632 4826 1738 4879 per
1784 4828 1930 4866 suos

247 4902 469 4955 dulces
500 4913 810 4953 sermones
845 4901 1178 4966 corruptos,
1213 4912 1693 4967 quaquaversum
1726 4902 1930 4970 potuit,

250 4990 534 5046 clanculo
566 4987 749 5058 hujus
785 4986 925 5039 tanti
962 4986 1093 5038 mali
1124 4986 1615 5041 nefandissimum
1645 4989 1813 5042 virus
1844 4990 1936 5043 ef-

258 5079 441 5134 fudit.
489 5077 551 5132 Si
602 5076 702 5147 qui
749 5078 942 5130 autem
988 5079 1273 5143 praeterea
1322 5075 1518 5146 aliquo
1553 5078 1723 5131 modo
1773 5093 1937 5133 rece-

258 5169 465 5240 perint
497 5182 650 5235 eum,
686 5165 897 5219 hisunt
928 5164 1029 5233 qui
1058 5181 1131 5218 ex
1150 5165 1469 5233 apostolica
1504 5167 1793 5221 sententia
1826 5171 1938 5222 ter-

252 5258 365 5312 riti
399 5272 511 5327 qua
543 5255 756 5310 dicitur
791 5270 802 5307 :
829 5253 939 5318 Qui
966 5255 1277 5307 manducat
1309 5259 1367 5306 et
1398 5253 1555 5308 bibit
1584 5256 1945 5329 indigneju-

260 5347 497 5402 (licium
523 5344 646 5397 sibi
674 5343 985 5397 manducat
1019 5349 1075 5397 et
1106 5342 1263 5396 bibit
1302 5343 1350 5411 (Ι
1388 5342 1521 5397 Cor.
1556 5347 1656 5413 xx),
1691 5361 1949 5403 commu-

262 5437 513 5491 nionem
547 5448 797 5503 sacram,
833 5448 1006 5502 quam
1042 5447 1144 5500 pro
1192 5432 1600 5487 ecclesiastico
1632 5451 1795 5489 more
1844 5452 1951 5491 su-

265 5540 446 5581 mere
477 5524 791 5594 coguntur,
826 5521 1063 5575 mallent
1086 5523 1181 5573 aut
1209 5520 1431 5574 nullam
1461 5525 1559 5577 aut
1590 5539 1704 5578 non
1737 5528 1955 5581 tantam

270 5629 447 5681 esse,
491 5627 667 5683 quam
725 5610 860 5683 ejus
913 5611 1068 5664 metu
1099 5624 1165 5664 se
1196 5627 1229 5665 a
1288 5610 1528 5682 ﬂagitiis
1586 5613 1960 5684 aliquatenus

272 5710 646 5778 temperare.
678 5699 760 5755 Ita
790 5699 973 5774 igitur
1001 5702 1058 5755 et
1082 5714 1189 5773 per
1212 5698 1361 5757 tales
1379 5702 1747 5758 exsecranda
1773 5705 1963 5778 pestis

2043 4727 2161 4779 sint
2189 4718 2641 4792 quodammodo,
2676 4719 2826 4772 utita
2849 4718 3443 4789 dixerim,impanari.
3478 4718 3715 4773 Ethanc

2046 4815 2236 4884 ipsius
2311 4810 2651 4880 Berengarii
2734 4808 3105 4863 subtiliorem
3161 4823 3301 4862 esse
3365 4809 3719 4861 sententiam

2048 4903 2227 4954 aiunt.
2265 4899 2377 4951 Alii
2414 4913 2550 4951 vero
2582 4914 2697 4950 non
2729 4897 2965 4967 quidem
2991 4896 3115 4966 jam
3141 4895 3587 4967 Berengariani,
3614 4894 3723 4950 sed

2054 4990 2340 5043 acerrime
2374 4986 2736 5057 Berengario
2771 4988 3196 5056 repugnantes,
3230 4986 3597 5056 argumentis
3637 4988 3726 5038 ta-

2058 5095 2190 5131 men
2207 5078 2362 5148 ejus,
2389 5080 2445 5130 et
2463 5075 2818 5146 quibusdam
2840 5075 3043 5128 verbis
3062 5074 3293 5127 Domini
3319 5075 3623 5145 paulisper
3641 5073 3727 5129 of-

2062 5167 2215 5221 fensi
2230 5166 2411 5236 (quod
2433 5181 2542 5220 suo
2563 5165 2694 5219 loco
2713 5164 2979 5217 dicemus
2999 5163 3267 5233 uberius)
3292 5162 3563 5218 solebant
3581 5163 3726 5218 olim

2065 5258 2269 5327 putare
2285 5255 2439 5326 quod
2459 5254 2629 5324 panis
2652 5256 2707 5308 ct
2729 5252 2927 5305 vinum
2946 5268 3020 5306 ex
3064 5257 3226 5322 parte
3244 5254 3541 5307 mutentur
3571 5255 3628 5307 et
3663 5267 3737 5306 ex

2067 5351 2230 5416 parte
2266 5342 2791 5399 remaneant.Aliis
2806 5357 2948 5395 vero
2990 5341 3449 5396 irrationabilem
3485 5343 3739 5397 istorum

2072 5450 2318 5490 sensum
2343 5434 2516 5503 longe
2533 5431 3145 5501 horrentibus,eadem
3159 5431 3340 5486 verba
3358 5429 3738 5502 Domini,qui-

2077 5527 2190 5580 bus
2215 5525 2315 5579 isti
2337 5525 2665 5590 moventur,
2692 5536 2809 5575 non
2831 5522 2978 5576 satis
2996 5525 3127 5591 apte
3143 5521 3632 5594 intelligentibus,
3654 5518 3745 5571 vi-

2076 5615 2327 5671 debatur
2342 5627 2552 5682 panem
2572 5613 2629 5664 et
2659 5610 2860 5665 vinum
2880 5626 2953 5666 ex
2969 5616 3089 5666 toto
3120 5611 3357 5683 quidem
3372 5608 3603 5678 mutari,
3637 5605 3748 5664 sed

2074 5723 2207 5763 cum
2255 5700 2482 5777 indigni
2516 5700 2803 5761 accedunt
2831 5701 2903 5756 ad
2928 5700 3478 5759 communicandum
3513 5711 3754 5757 carnem
