4084 6186
421 324 577 385 1431

1383 320 1861 384 GUITMUNDI
1906 298 2428 380 ARCHFEPISC.
2475 317 2892 379 AVERSANI

3721 316 3868 378 4432

420 522 649 578 Domini
679 524 736 577 et
783 520 1166 592 Sanguinem,
1201 519 1411 572 iterum
1442 517 1499 569 in
1547 531 1757 585 panem
1791 516 1847 568 et
1880 514 2082 567 vinum
2116 501 2170 561 Α
2199 513 2499 568 tummodo
2531 530 2602 568 an
2640 515 2799 569 Deus
2822 513 2973 568 hanc
3003 515 3373 569 mutationem
3409 517 3570 585 velit,
3605 517 3867 586 requira-

416 612 653 667 reverti.
688 610 949 676 Quorum
980 609 1240 663 omnium
1270 607 1599 672 erroribus,
1630 602 2084 658 sicutDominus

417 701 663 769 dederit,
694 700 938 754 obviare
970 698 1346 752 tentabimus.

489 790 660 844 Nunc
683 789 933 858 primum
958 785 1415 857 Berengarianis
1429 784 1695 853 utrisque
1720 780 2087 850 respondea-

418 894 575 933 mus.
610 879 710 931 Isti
731 876 964 944 etenim,
999 876 1306 929 licetinter
1337 889 1403 927 se
1442 870 1661 926 diversi
1694 871 1832 938 sint,
1886 872 2088 924 contra

419 982 531 1021 nos
564 970 757 1020 tamen
789 981 962 1018 unam
996 964 1213 1017 habent
1241 978 1389 1031 pene
1422 960 1795 1027 sententiam,
1820 960 1874 1013 et
1899 974 2084 1029 argu-

421 1055 634 1108 mentis
659 1055 923 1107 nituntur
955 1052 1200 1105 eisdem.
1238 1050 1486 1119 Utrique
1507 1050 1661 1102 enim
1681 1047 1823 1101 nihil
1847 1047 1918 1100 de
1941 1060 2091 1115 pane

421 1146 476 1198 et
506 1143 644 1197 vino
677 1140 886 1195 mutari
920 1139 1318 1193 essentialiter
1347 1140 1648 1191 asserunt.
1709 1136 1881 1189 Nunc
1909 1151 2091 1205 argu-

420 1234 613 1285 menta
636 1246 841 1285 eorum
874 1229 1203 1293 videamus,
1225 1243 1292 1281 ac
1319 1227 1573 1297 primum
1597 1226 1735 1297 quid
1768 1226 1837 1279 dc
1884 1228 2091 1278 natura

420 1322 694 1375 asserant
723 1318 1133 1373 discutiamus.
1160 1317 1307 1369 Nam
1333 1331 1463 1369 cum
1498 1315 1717 1383 dicunt,
1752 1330 1867 1367 non
1898 1316 2093 1382 potest

422 1409 572 1463 hanc
596 1409 974 1461 mutationem
999 1410 1203 1459 natura
1218 1405 1355 1474 pati,
1376 1409 1474 1458 aut
1493 1402 1764 1457 absolute
1789 1406 1843 1457 et
1862 1402 2091 1472 absque

421 1495 539 1550 ulla
570 1495 914 1565 exceptione
948 1493 1146 1547 dicere
1198 1493 1309 1546 hoc
1358 1492 1573 1545 habent
1630 1494 1690 1544 ut
1740 1490 2092 1543 nullatemus

422 1585 676 1653 scilicet,
699 1599 808 1638 nec
832 1584 1061 1636 volente
1081 1582 1221 1649 Deo,
1241 1581 1352 1634 hoc
1375 1581 1587 1649 possit,
1612 1582 1711 1632 aut
1738 1595 1870 1633 cum
1900 1576 2091 1647 aliqua

423 1675 790 1743 exceptione.
815 1673 889 1725 At
907 1672 959 1725 si
992 1670 1262 1724 absolute
1283 1674 1338 1724 et
1355 1669 1583 1739 absque
1614 1668 1731 1721 ulla
1749 1666 2092 1736 exceptione

423 1762 645 1831 dicunt,
682 1763 934 1831 primum
972 1760 1207 1830 quidem
1238 1757 1555 1812 voluntatis
1606 1757 1712 1810 Dei
1744 1755 2093 1810 manifestos

2201 619 2353 657 mus.
2414 603 2550 672 Sed,
2585 604 2760 671 absit,
2797 605 3085 674 inquiunt,
3118 608 3180 657 ut
3228 620 3486 675 unquam
3532 606 3649 659 hoc
3712 605 3868 660 Deus

2195 690 2368 746 velit!
2405 693 2538 747 Non
2568 694 2720 746 enim
2752 693 2841 746 fas
2875 698 2967 746 est
3001 692 3301 747 Christum
3346 695 3627 749 dentibus
3679 696 3871 749 atteri.

2194 780 2322 851 Ego
2355 796 2496 835 vero
2530 781 2586 834 in
2620 782 2827 849 primis
2858 798 3059 852 quaero
3091 783 3229 853 quid
3280 782 3478 836 dicant
3517 783 3868 854 signiﬁcare

2194 868 2467 922 alteriSi
2492 871 2647 922 enim
2673 869 3009 941 intelligunt
3029 871 3701 941 atteri,velutpressius
3718 873 3879 943 tangi

2195 960 2291 1011 aut
2314 958 2524 1012 fortius
2550 960 2979 1029 premi,quaer0’
2993 975 3174 1030 quare
3197 977 3313 1014 non
3339 961 3415 1014 sit
3440 962 3529 1014 fas
3566 961 3874 1014 Christum

2195 1047 2473 1101 dentibus
2508 1049 2706 1101 atteri?
2730 1048 2876 1101 Nam
2911 1049 2963 1101 si
2995 1049 3217 1102 idcirco
3252 1048 3365 1102 hoc
3396 1050 3596 1119 ipsum
3638 1064 3765 1103 non
3787 1052 3878 1104 est

2196 1136 2309 1205 fas,
2344 1137 2477 1207 quia
2510 1152 2626 1190 non
2646 1137 2839 1206 possit
2869 1137 3018 1206 fieri,
3050 1138 3253 1192 eadem
3286 1138 3433 1191 ratio
3464 1142 3559 1192 est
3591 1154 3776 1208 quam
3809 1139 3877 1193 de

2195 1228 2402 1279 natura
2434 1226 2655 1291 dicunt,
2690 1225 2919 1279 scilicet
2948 1228 3085 1296 quia
3115 1230 3320 1280 natura
3352 1241 3470 1282 non
3495 1228 3699 1297 potest
3736 1228 3875 1297 pati.

2198 1313 2266 1367 Et
2298 1313 2544 1367 nimium
2575 1330 2723 1367 vana
2754 1316 2926 1368 ratio.
2961 1314 3135 1368 Nulla
3165 1314 3381 1385 quippe
3411 1330 3614 1369 rerum
3646 1316 3881 1385 impos-

2198 1403 2451 1455 sibilitas
2485 1406 2678 1472 potest
2727 1403 3012 1473 impedire
3068 1404 3427 1457 voluntatem
3463 1404 3591 1457 Dei.
3652 1404 3881 1458 Deinde

2198 1506 2383 1561 quare
2443 1507 2558 1545 non
2618 1493 2813 1561 possit
2869 1491 3146 1546 dentibus
3174 1492 3382 1562 premi,
3442 1493 3542 1562 qui
3596 1492 3880 1547 manibus

2197 1580 2438 1633 Thomae
2470 1585 2525 1634 et
2546 1584 2681 1650 post
2701 1580 3201 1635 resurrectionem
3234 1582 3420 1651 potuit
3450 1583 3801 1636 attrectari?
3818 1581 3883 1635 Et

2197 1671 2419 1723 sanctae
2455 1669 2988 1739 mulieres,quibus
3021 1671 3276 1724 occurrit
3308 1674 3442 1741 post
3466 1671 3882 1726 resurrectio-

2200 1758 2649 1827 ncm,scriptum
2673 1764 2764 1812 est
2791 1758 2926 1828 quia
2962 1762 3275 1813 tenuerunt
3294 1759 3477 1829 pedes
3500 1759 3666 1830 ejus.
3708 1760 3885 1813 Nulla

422 1851 803 1906 adversarios
836 1865 901 1903 se
919 1865 1057 1902 esse
1079 1846 1539 1915 declarant,dum
1564 1845 1616 1899 ei
1638 1845 2094 1915 aliquidimpos-
2123 1856 2173 1916 Β
2204 1862 2454 1916 namque
2487 1848 2633 1901 ratio
2666 1850 2756 1901 est
2787 1850 2848 1900 ut
2893 1863 3008 1902 non
3039 1849 3229 1917 possit
3256 1852 3501 1921 tangere
3534 1850 3696 1902 dens
3729 1849 3887 1918 quod

424 1941 599 1996 sibile
633 1956 770 1994 esse
809 1939 1176 1993 confirmant.
1222 1937 1339 2004 Ipsi
1382 1935 1633 2005 denique
1682 1934 1918 2003 seipsos
1959 1924 2093 1987 des-

421 2028 879 2097 truuanuoties
895 2026 1259 2096 illum,quem
1275 2022 1715 2092 dixisti,psalmi
1729 2022 2091 2075 versiculum

425 2121 672 2171 canunt:
698 2106 901 2169 ()mnia
926 2130 1276 2185 quaecunque
1300 2113 1581 2167 Dominus
1602 2110 1778 2165 voluit
1791 2109 1935 2165 fecit
1958 2110 2087 2179 (Ps.

425 2207 686 2275 cxxxxv).
715 2204 861 2257 Nam
888 2202 1362 2256 siversumhunc
1389 2216 1505 2253 non
1524 2199 1835 2268 recipiunt,
1871 2197 2090 2252 frustis

424 2310 558 2349 eum
585 2299 800 2347 canunt
829 2310 840 2359 ;
870 2308 979 2345 nec
1002 2292 1126 2361 jam
1150 2290 1458 2344 Dominum
1491 2289 1945 2359 omnipotentem
1965 2303 2090 2341 cre-

422 2384 585 2453 dunt,
621 2384 714 2437 cui
747 2381 967 2436 volenti
1009 2384 1275 2433 naturam
1308 2380 1561 2449 aliquam
1590 2377 1876 2431 resistere
1906 2391 2090 2447 posse

425 2473 804 2527 contendunt.
837 2472 896 2524 Si
928 2474 1120 2523 autem
1178 2469 1631 2538 omnipotentem
1660 2482 1776 2520 non
1822 2465 2087 2534 credunt,

424 2576 534 2616 nec
568 2562 752 2615 Deum
795 2560 1061 2614 credunt.
1114 2558 1246 2611 Non
1277 2558 1433 2611 enim
1464 2572 1603 2610 vere
1639 2557 1795 2608 Deus
1854 2558 1945 2608 est
1990 2553 2090 2624 qui

425 2650 582 2721 quod
607 2649 730 2703 vult
760 2666 875 2702 non
904 2650 1115 2718 potest.
1150 2646 1264 2700 Sed
1296 2646 1480 2699 Dcum
1505 2644 1639 2714 ipsi,
1672 2646 1734 2697 ut
1762 2646 1922 2714 puto,
1958 2659 2089 2697 cre-

426 2737 564 2793 dere
598 2753 664 2792 se
697 2753 813 2791 non
846 2738 1081 2807 negant.
1123 2734 1435 2804 Recipiunt
1483 2732 1681 2804 igitur,
1717 2732 1856 2801 quia
1900 2732 2090 2785 omnia

427 2842 779 2901 quaecunque
818 2823 1297 2880 volnitDominus
1328 2821 1490 2875 fecit.
1522 2820 1706 2874 Simul
1725 2836 1867 2891 ergo
1889 2835 2092 2873 neces-

426 2916 588 2971 sario
623 2915 908 2985 recipiant
929 2912 1204 2984 quoniam
1232 2911 1381 2964 hanc
1416 2910 1789 2963 mutationem
1809 2912 1869 2961 ut
1898 2908 2091 2977 possit

428 3010 638 3060 natura
670 3005 807 3074 pati,
842 3003 895 3057 si
925 3002 1128 3068 voluit,
1166 2999 1451 3055 Dominus
1478 2998 1632 3052 fecit.
1667 2996 1729 3050 Si
1758 2997 1913 3051 enim
1959 2997 2090 3065 ipsa

426 3094 687 3151 omnium
728 3108 924 3147 rerum
980 3094 1188 3144 natura
1218 3105 1350 3144 cum
1409 3088 1645 3141 omnino
1702 3086 1846 3140 nihil
1903 3088 2086 3155 esset,

423 3184 657 3239 volente
710 3182 829 3236 Deo
863 3181 1080 3234 factum
1113 3183 1203 3233 est
1237 3182 1298 3232 ut
1356 3178 1537 3243 esset,
1573 3175 1717 3229 etin
1761 3172 1843 3228 tet
1892 3189 2090 3227 rerum

423 3273 625 3326 varias
667 3271 902 3341 species
936 3269 1306 3335 formaretur,
1342 3265 1633 3335 quomodo
1674 3264 1842 3333 panis
1875 3266 1930 3315 et
1967 3263 2089 3315 vini

425 3364 629 3414 natura
654 3358 778 3429 jam
809 3358 1074 3412 existens
1119 3354 1329 3408 volenti
1366 3353 1485 3407 Deo
1518 3352 1776 3417 resistet,
1812 3354 1872 3403 ut
1904 3351 1997 3404 vel
2032 3350 2090 3404 in

426 3465 606 3504 unum
637 3448 793 3500 aliud
825 3462 941 3499 non
974 3443 1411 3497 transferatur?
1437 3440 1775 3494 Perridiculi
1797 3440 2087 3508 homines,

425 3540 525 3608 qui
558 3537 697 3590 dum
730 3552 794 3587 se
855 3533 1212 3587 defensitare
1262 3533 1528 3583 naturam
1581 3528 1937 3595 existimant,
1972 3529 2089 3580 vim

425 3628 653 3679 natura
678 3638 743 3677 se
762 3621 957 3690 potius
980 3621 1255 3691 ignorare
1278 3614 1710 3672 demonstrant!
1744 3616 1913 3685 Nam,
1939 3616 2093 3670 sicut

424 3715 486 3767 tu
520 3713 646 3780 ipse
675 3711 933 3777 testaris,
970 3711 1069 3780 qui
1102 3724 1207 3777 per
1247 3712 1429 3761 artem
1459 3706 1767 3760 medicinae
1824 3705 2091 3759 ciborum

425 3804 667 3856 naturas
716 3804 772 3853 et
802 3799 1102 3852 hominum
1153 3798 1328 3865 nosti,
1365 3795 1623 3866 quotidie
1669 3798 1876 3848 natura
1919 3794 2090 3864 panis

425 3905 601 3961 quem
632 3889 1020 3955 comedimus,
1054 3890 1110 3941 et
1140 3886 1256 3940 vini
1272 3885 1427 3956 quod
1446 3885 1725 3952 bibimus,
1752 3883 2094 3937 naturaliter

423 3978 486 4033 in
516 3981 780 4033 nostram
802 3992 1039 4031 carnem
1069 3979 1408 4029 etnostrum
1422 3974 1773 4044 sanguinem
1798 3976 2093 4029 transmu-

422 4066 597 4122 tatur.
630 4066 797 4132 Quod
830 4067 882 4119 si
914 4068 1137 4119 tantum
1180 4066 1373 4133 potest
1423 4066 1631 4117 venter
1678 4061 1935 4116 hominis
1985 4075 2093 4115 seu

425 4157 598 4211 etiam
631 4155 1041 4225 cujuscunque
1080 4153 1372 4220 animalis,
1408 4156 1468 4205 ut
1512 4167 1721 4221 panem
1754 4155 1810 4205 et
1868 4151 2089 4218 vinum,

422 4245 515 4300 vel
563 4259 954 4315 quoscunque
999 4244 1166 4296 cibos
1199 4247 1347 4296 intra
1397 4256 1464 4295 se
1494 4241 1754 4309 clausos,
1787 4240 1847 4293 in
1897 4239 2091 4292 vivam

423 4351 663 4388 carnem
694 4336 749 4387 et
780 4333 979 4386 vivum
1011 4331 1362 4402 sanguinem
1385 4330 1642 4401 quotidie
1675 4330 1874 4397 mutet,
1895 4342 2090 4381 nonne

421 4422 802 4490 tantumdem,
838 4427 890 4474 si
922 4421 1065 4487 vult,
1090 4419 1647 4490 poteritprzesentiae
1670 4433 1797 4472 suae
1822 4415 2092 4487 majesta-

422 4513 519 4579 tis,
553 4511 842 4567 etvirtute
873 4509 1041 4563 verbi
1063 4510 1155 4562 sui
1181 4510 1362 4575 Deus,
1393 4507 1741 4561 utvidelicet
1761 4507 1818 4559 in
1851 4520 2086 4559 carnem

2200 1938 2387 2007 tangit
2420 1953 2649 2001 manus;
2690 1953 2822 1991 nam
2848 1936 3001 1990 sicut
3024 1937 3094 1989 ad
3117 1953 3346 2005 manus,
3369 1938 3449 1991 ita
3491 1941 3553 1991 et
3596 1939 3670 1991 ad
3701 1942 3886 1992 totum

2199 2041 2416 2092 corpus
2439 2026 2689 2094 pertinet
2711 2024 3116 2088 tactus.Quare
3132 2026 3415 2096 quidquid
3428 2026 3626 2097 tangit
3645 2043 3884 2093 manus,

2195 2117 2389 2183 potest
2411 2118 2466 2167 et
2502 2116 2622 2168 toto
2657 2129 2902 2182 corpore
2928 2115 3087 2185 tangi
3111 2130 3123 2168 :
3146 2118 3339 2184 potest
3368 2115 3557 2186 igitur
3579 2118 3639 2168 et
3690 2115 3889 2169 denti-

2194 2202 2309 2255 bus
2346 2203 2718 2273 tangi.Porro
2742 2203 2898 2273 quod
2929 2206 3123 2272 potest
3153 2203 3243 2256 vel
3277 2204 3490 2257 leviter
3510 2205 3714 2274 tangi,
3754 2220 3887 2257 cum

2196 2291 2451 2344 solidum
2483 2307 2701 2360 corpus
2716 2293 2812 2359 sit,
2847 2307 3086 2345 curnon
3118 2294 3308 2361 possit
3330 2292 3887 2361 etiamifortiuscule

2194 2381 2375 2450 tangi,
2410 2380 2561 2450 quod
2598 2383 2689 2434 est
2718 2381 2929 2435 atteri?
2959 2380 3020 2435 Si
3053 2397 3196 2452 ergo
3221 2397 3438 2451 corpus
3475 2382 3729 2435 Domini
3757 2388 3887 2452 post

2197 2469 2697 2523 resurrectionem
2729 2469 3002 2523 manibus
3022 2469 3264 2523 Thomaa
3285 2469 3543 2538 apostoli
3570 2475 3632 2523 et
3654 2476 3887 2524 sancta-

2197 2574 2323 2611 rum
2362 2558 2669 2611 mulierum
2704 2559 2890 2626 potuit
2910 2558 3090 2629 tangi,
3127 2558 3424 2612 curhodie
3446 2574 3478 2611 a
3503 2559 3886 2613 credentium

2197 2647 2473 2701 dentibus
2493 2663 2611 2700 non
2643 2647 2943 2716 possitvel
2967 2647 3158 2701 levius
3188 2647 3281 2702 vel
3299 2649 3585 2717 pressius
3616 2650 3813 2720 tangi,
3838 2649 3886 2701 id

2197 2738 2289 2790 est
2344 2735 2534 2804 atteri,
2560 2736 2717 2788 nulla
2744 2735 2981 2790 obstare
3014 2736 3161 2789 ratio
3192 2736 3439 2791 videtur.
3468 2737 3670 2792 Porro
3694 2744 3884 2791 autem

2196 2825 2246 2878 si
2278 2824 2503 2878 idcirco
2536 2824 2737 2879 dicunt
2769 2840 2885 2878 non
2916 2840 3053 2879 esse
3108 2824 3199 2878 fas
3230 2824 3533 2879 Christum
3605 2826 3885 2880 dentibus

2197 2913 2383 2981 atteri,
2419 2929 2536 2968 non
2568 2914 2705 2984 quia
2735 2914 3107 2983 impossibile
3139 2916 3250 2980 est,
3285 2914 3391 2967 sed
3426 2929 3496 2968 eo
3528 2915 3703 2985 quod
3735 2916 3882 2968 indi-

2197 3017 2376 3072 gnum
2395 3001 2681 3067 videatur;
2701 3017 2902 3072 quaero
2919 3004 3126 3056 iterum
3141 3018 3322 3072 quare
3340 3002 3664 3071 indignum
3679 3003 3886 3058 debeat

2196 3090 2417 3144 videri?
2440 3092 2528 3143 An
2551 3091 2686 3161 quia
2706 3091 2949 3145 nimium
2972 3090 3247 3144 Christus
3261 3089 3560 3144 humiliari
3584 3092 3886 3145 videatur?

2196 3178 2308 3233 Sed
2345 3180 2445 3249 qui
2501 3179 2855 3250 dedignatus
2904 3196 3019 3233 non
3051 3183 3143 3233 est
3175 3179 3249 3233 ob
3295 3179 3553 3233 salutem
3589 3180 3881 3247 fidelium,

2196 3268 2388 3339 virgis
2420 3267 2761 3336 infidelium,
2784 3284 3000 3323 corona
3033 3269 3258 3337 spinea,
3286 3283 3485 3337 cruce,
3517 3269 3740 3338 clavis,
3774 3270 3887 3324 lan-

2198 3371 2324 3423 cea,
2356 3356 2534 3409 nimis
2568 3357 3079 3428 irreligiosissime
3108 3360 3389 3427 quantum
3431 3358 3492 3409 in
3523 3358 3685 3427 ipsis
3740 3364 3878 3425 erat,

2196 3447 2383 3514 atteri,
2410 3445 2863 3515 sicutscriptum
2888 3449 2997 3510 est,
3026 3446 3677 3516 Atlrilusestpropler
3698 3447 3882 3500 scele-

2199 3550 2264 3588 ra
2294 3540 2497 3588 nostra
2518 3534 2817 3601 (Isa.1.1n),
2841 3535 2891 3587 is
2911 3550 3018 3604 pro
3040 3534 3228 3588 salute
3248 3534 3601 3589 eorumdem
3622 3536 3881 3589 fidelium

2196 3623 2472 3677 dentibus
2490 3625 2753 3692 ipsorum
2775 3622 3701 3694 dedignaturreligiosissime,in
3721 3641 3873 3695 quan

2195 3715 2317 3765 tum
2347 3713 2544 3765 valent
2592 3712 2813 3765 atteri?
2843 3711 2905 3765 Si
2937 3712 3093 3765 enim
3122 3711 3180 3764 id
3222 3712 3378 3782 quod
3411 3718 3543 3766 erat
3576 3713 3879 3784 indignius

2197 3818 2302 3871 pro
2332 3801 2507 3855 nobis
2533 3801 2788 3871 pertulit,
2824 3800 3116 3870 quomodo
3148 3800 3304 3870 quod
3336 3800 3538 3854 minus
3574 3802 3879 3874 indignum

2197 3893 2289 3944 est
2318 3889 2738 3960 dedignabitur
2766 3888 2883 3958 pati
2904 3888 3200 3942 ?Maxime
3236 3904 3369 3942 cum
3429 3890 3597 3942 sicut
3630 3891 3879 3960 oportuit

2199 3979 2509 4033 Dominum
2540 3979 2747 4033 Jesum
2795 3976 3118 4043 Christum,
3155 3977 3211 4029 in
3245 3977 3406 4048 ligno
3443 3979 3765 4048 suspendi,
3819 3983 3875 4032 ut

2198 4083 2360 4122 mors
2392 4082 2526 4137 quae
2557 4081 2664 4137 per
2694 4066 2920 4137 lignum
2951 4068 3213 4133 venerat,
3248 4081 3355 4136 per
3386 4066 3623 4136 lignum
3684 4068 3875 4121 crucis

2198 4155 2643 4225 vinceretur,ita
2669 4157 2934 4225 oporteat
2955 4170 3163 4208 revera
3186 4154 3492 4208 Christum
3512 4156 3875 4218 manducari,

2201 4248 2261 4298 ut
2289 4245 2425 4315 quia
2454 4248 2691 4298 veteres
2734 4242 3006 4297 homines
3036 4258 3153 4296 non
3181 4243 3450 4296 umbram
3486 4242 3750 4311 fructus,
3776 4245 3873 4298 sed

2199 4334 2394 4404 ipsum
2428 4332 2681 4386 fructum
2711 4331 2858 4402 ligni
2891 4331 3051 4386 vetiti
3073 4347 3212 4385 vere
3227 4331 3600 4386 comedendo
3632 4337 3874 4387 mortem

2201 4424 2611 4491 susceperunt,
2640 4422 2778 4475 novi
2802 4420 3072 4475 homines
3104 4436 3220 4474 non
3252 4420 3668 4489 umbram,sed
3686 4422 3877 4491 ipsum

2205 4511 2303 4580 qui
2337 4510 2395 4562 in
2413 4509 2574 4580 ligno
2594 4509 2871 4581 pependit
2892 4508 3326 4577 obedientizeﬁd
3354 4510 3448 4562 est
3476 4511 3710 4577 crucis,
3740 4525 3876 4564 vere

422 4604 479 4655 et
508 4599 860 4670 sanguinem
893 4614 1065 4652 sunm
1101 4612 1310 4667 panem
1338 4596 1653 4665 vinumque
1684 4593 2081 4647 transformat
2116 4596 2168 4656 D
2201 4598 2560 4653 comedendo
2591 4601 2840 4671 mortem
2861 4597 3110 4651 evadant
3139 4600 3195 4651 et
3223 4598 3400 4650 vitam
3437 4597 3875 4663 sumant.Quod

419 4689 585 4754 Quod
617 4688 669 4742 si
692 4688 784 4741 vel
815 4689 1036 4740 tantum
1057 4687 1255 4739 volunt
1276 4685 1596 4739 Christiani
1618 4683 1944 4737 concedere
1965 4682 2084 4735 Deo

421 4781 701 4849 quantum
718 4776 1018 4830 concessit
1034 4791 1282 4847 pagano»
1306 4791 1399 4827 um
1423 4789 1675 4844 magnus
1696 4771 2084 4840 philosophus

418 4867 605 4935 Plato,
638 4866 737 4936 qui
770 4881 965 4918 rerum
998 4870 1265 4918 naturam
1317 4863 1462 4916 dixit
1494 4877 1631 4915 esse
1666 4861 1722 4914 id
1755 4859 1911 4931 quod
1961 4858 2086 4912 vult

421 4956 603 5024 Deus,
657 4955 798 5025 quid
831 4970 1085 5024 unquam
1119 4954 1228 5006 erit
1285 4950 1605 5004 absurdius
1641 4964 1815 5020 quam
1846 4948 1904 5001 id
1928 4947 2084 5018 quod

419 5043 542 5096 vult
574 5044 733 5097 Deus
768 5044 889 5097 Deo
920 5042 1137 5095 volenti
1197 5041 1485 5093 cantraire
1506 5040 1533 5093 ἱ)
1563 5039 1929 5108 Quapropter
1962 5037 2081 5106 isti,

421 5131 538 5184 nisi
568 5132 803 5186 omnino
837 5134 1073 5185 careant
1119 5130 1315 5197 corde,
1349 5143 1648 5197 nunquam
1682 5128 1758 5180 ita
1814 5126 2085 5180 absolute

423 5218 617 5273 dicent
670 5224 934 5275 naturam
968 5221 1343 5274 mutationem
1402 5222 1517 5287 pati
1563 5218 1678 5270 nisi
1710 5217 1868 5270 Deus
1909 5216 2083 5282 velit;

420 5306 646 5362 frustra
674 5323 817 5379 ergo
851 5310 962 5363 hoc
984 5309 1157 5380 quasi
1191 5323 1468 5379 magnum
1500 5307 1720 5376 aliquid
1743 5309 1948 5360 contra
1971 5319 2081 5356 nos

421 5398 719 5451 asserunt.
763 5396 918 5451 Nihil
964 5400 1119 5452 enim
1165 5413 1414 5466 prorsus
1448 5413 1553 5465 per
1584 5396 1695 5450 hoc
1721 5400 1922 5450 contra
1972 5411 2083 5453 nos

417 5486 620 5558 agunt.
666 5483 851 5537 Nemo
881 5487 1035 5539 enim
1064 5470 1537 5539 Christianorum
1560 5485 1747 5538 credit
1778 5485 1929 5539 hanc
1957 5488 2085 5541 fieri

418 5573 799 5632 mutationem
832 5572 947 5626 nisi
979 5588 1082 5642 per
1112 5574 1216 5628 Dei
1240 5575 1619 5628 voluntatem.
1654 5573 1939 5628 Desinant
1968 5575 2085 5647 igi-

418 5668 514 5724 tur
540 5662 793 5721 inaniter
822 5662 1021 5718 dicere
1057 5678 1068 5716 :
1105 5662 1331 5719 Natura
1362 5679 1480 5719 non
1511 5663 1761 5735 patitur;
1796 5666 1852 5719 et
1873 5664 1930 5719 id
1960 5667 2084 5722 tan-

2200 4687 2543 4758 mysterium
2561 4686 2746 4740 Isaias
2771 4686 3161 4756 prophetasse
3187 4685 3440 4755 videtur,
3468 4686 3570 4740 ubi
3610 4689 3691 4741 ait
3721 4704 3734 4739 :
3772 4685 3876 4740 Fa-

2199 4777 2317 4830 ciet
2352 4776 2633 4830 Dominus
2663 4776 3031 4829 exercituum
3047 4774 3321 4829 omnibus
3337 4774 3575 4845 pupulis
3604 4777 3669 4829 in
3686 4788 3877 4830 monte

2197 4866 2303 4919 lioc
2333 4866 2668 4919 convivium
2681 4864 3008 4934 pinguium,
3030 4864 3365 4918 convivium
3396 4863 3720 4918 Vindemiae
3744 4865 3874 4935 pia-

2194 4955 2296 5025 θιιί
2303 4970 2391 5007 um
2412 4954 2545 5007 med
2551 4953 2691 5006 ulla!
2699 4969 2882 5021 orum,
2917 4953 3228 5006 vindemiae
3241 4952 3651 5015 deﬁecatasmt
3663 4954 3871 5023 prisci-

2189 5043 2409 5114 pilabit
2440 5044 2501 5095 in
2527 5048 2718 5095 monte
2742 5041 2859 5095 isto
2876 5039 3088 5095 faciem
3142 5040 3361 5094 Vinculi
3390 5040 3667 5111 colligati
3700 5056 3876 5111 super

2195 5147 2396 5186 omnes
2407 5131 2668 5201 papulas,
2691 5135 2748 5184 et
2764 5129 3170 5201 prmcipitabii‘
3187 5136 3437 5183 mortem
3459 5129 3525 5181 in
3546 5131 3873 5201 sempiter-

2196 5239 2327 5274 nuin
2349 5220 2487 5291 (lsa.
2513 5218 2972 5289 xxv).Propheta
2991 5219 3047 5271 in
3072 5218 3404 5272 Jerusalem
3420 5222 3568 5272 erat.
3597 5216 3753 5282 Quid
3779 5221 3869 5272 est

2195 5309 2644 5381 ergodicere,in
2664 5313 2859 5362 monte
2872 5307 3121 5375 lioc,nisi
3145 5307 3241 5360 ubi
3262 5305 3596 5360 cruciﬁxus
3613 5306 3876 5361 estChri-

2196 5400 2356 5452 stus?
2381 5396 2600 5468 thuid
2628 5401 2852 5462 est,con
2867 5397 3084 5450 virium
3116 5394 3296 5449 faciet
3310 5394 3589 5449 omnibus
3618 5395 3870 5466 populis,

2195 5487 2465 5557 nisiquia
2500 5485 2641 5539 illud
2679 5485 2836 5555 quod
2864 5483 3255 5555 pependitibi,
3281 5483 3641 5538 manducant
3669 5498 3872 5539 omnes

2194 5575 2440 5646 populi?
2468 5573 2616 5638 Quid
2647 5574 2707 5628 in
2732 5574 3056 5645 pinguibus
3078 5572 3210 5627 istis
3233 5571 3729 5643 medullatis,nisi
3753 5588 3873 5627 car-

2196 5679 2332 5723 nem
2344 5662 2791 5739 gratiaSpiritus
2805 5661 2997 5718 sancti
3010 5660 3556 5735 pinguissimam-in
3571 5677 3688 5736 qua
3712 5660 3875 5719 babi-

3057 6013 3153 6024 ..-._.
3191 6012 3227 6022 ..η
3286 6012 3341 6019 ..νν
