4084 6186
329 318 492 382 1433
614 316 725 377 DE
772 315 1198 380 CORPORIS
1245 316 1349 377 ET
1394 315 1640 380 SANG.
1712 316 2019 379 DOMINI
2067 306 2496 381 VERITATE
2557 319 2782 381 LIBRI
2826 321 3059 383 TRES.
3107 354 3176 366 -—
3212 320 3368 381 LIB.
3406 324 3455 382 Ι.
3605 320 3765 382 1434

325 515 733 588 tatplenitudo
749 515 1092 571 divinitatis
1114 515 1508 586 corporaliter
1522 514 1701 585 ?(Col.
1729 515 1991 585 in.)Quid
2014 500 2068 564 Α
2104 517 2297 586 modo,
2333 533 2472 572 caro
2505 516 2638 588 ejus
2669 519 2860 589 possit
2889 535 2995 589 per
3009 523 3207 590 partes
3230 519 3419 573 divisa
3452 519 3760 585 distribui;

323 605 390 659 in
419 605 712 659 vindemia
726 604 1030 673 defaecata,
1058 604 1171 658 nisi
1196 605 1548 676 sanguinem
1578 608 1867 673 sanctum,
1894 606 1995 676 qui
2107 609 2245 659 tunc
2259 604 2492 660 nosista
2508 623 2697 678 neque
2716 607 2991 662 dentibus
3015 609 3415 679 minui,neque
3435 625 3539 679 per
3560 612 3760 678 partes

326 694 393 748 in
416 694 617 765 specie
639 694 757 747 vini
786 694 1262 765 bibitur,signat?
1278 694 1347 747 Et
1364 694 1502 765 quid
1527 694 1698 748 nobis
1719 694 1993 764 peristud

324 782 669 838 convivium
692 783 821 837 ﬁet?
836 782 1280 853 Praecipitabit.
1297 783 1758 853 inquit,mortem
1771 784 1832 837 in
1850 799 1996 837 sem-

317 872 646 942 piternum.
711 872 785 925 At
823 869 1082 925 fortasse
1130 870 1415 924 immundi
1446 875 1583 924 sunt
1614 871 1842 925 dentes.
1877 870 1994 925 Sed

328 959 659 1029 Apostolus
673 959 750 1012 ait
771 975 783 1013 :
805 958 1009 1011 Omnia
1031 959 1244 1012 munda
1275 959 1512 1012 mundis
1541 959 1683 1027 (Tit.
1719 960 1779 1029 ι).
1810 960 1997 1032 Igitur

327 1062 525 1118 neque
554 1047 725 1114 dens,
758 1062 949 1117 neque
964 1047 1118 1101 aliud
1151 1047 1471 1118 quidquam
1492 1048 1855 1103 immundum
1905 1052 1997 1103 est

327 1133 771 1191 Christo.Certe
784 1137 1150 1191 sordidiores
1163 1137 1439 1211 videntur
1449 1154 1657 1192 manus
1672 1153 1809 1192 esse
1823 1153 1997 1208 quam

325 1225 561 1280 dentes.
608 1225 881 1280 Manibus
933 1226 1150 1296 quippe
1184 1225 1397 1280 multas
1428 1227 1641 1281 sordes
1675 1228 1994 1296 tangimus,

331 1329 488 1385 quas
519 1313 836 1369 admovere
858 1314 1135 1368 dentibus
1154 1314 1600 1378 horremus.Qui
1625 1329 1768 1386 ergo
1792 1331 1858 1369 se
1880 1315 1998 1385 pal-

331 1403 593 1473 pandum
637 1406 694 1457 et
750 1406 886 1473 post
940 1404 1447 1457 resurrectionem
1470 1404 1744 1471 manibus
1768 1404 1995 1474 obtulit,

332 1490 547 1546 dentes
577 1493 818 1561 propter
837 1490 1263 1544 immunditiam
1293 1506 1410 1545 non
1429 1491 2000 1547 vitabit.Atfortasse

332 1582 604 1633 metuunt
622 1580 720 1633 isti
732 1578 1098 1633 Salvatorem
1116 1578 1335 1633 laedere
1351 1580 1626 1634 dentibus
1638 1582 2002 1636 attrectando

330 1681 514 1737 quem
572 1666 788 1721 laedere
819 1681 939 1721 non
989 1669 1254 1721 metuunt
1281 1667 1614 1736 procaciter
1646 1669 1999 1723 mentiendo.

330 1753 416 1810 Ol
442 1755 880 1809 destruatDeus
911 1755 983 1808 ad
1005 1754 1257 1809 salutem
1278 1742 1935 1826 inimicosdefensor‘es,
1952 1758 2004 1810 si

338 1844 461 1898 hoc
511 1844 667 1898 scire
703 1844 994 1911 nesciunt,
1021 1843 1155 1913 quia
1184 1858 1320 1898 caro
1346 1844 1577 1898 Domini
1609 1846 2003 1916 resurgentis,
2038 1879 2080 1941 υ

335 1932 503 2002 quod
525 1935 753 1987 natura)
784 1936 929 1999 erat,
966 1933 1224 2001 retinuit,
1262 1933 1418 2002 quod
1450 1933 1824 2001 infirmitatis,
1859 1935 2008 1988 ami-
2040 1916 2082 1941 υ

333 2021 443 2076 sit.
499 2021 687 2092 Tangi
734 2036 987 2091 namque
1014 2022 1279 2075 naturale
1302 2024 1394 2075 est
1423 2023 1606 2090 carni,
1642 2022 1777 2076 laedi
1808 2027 2001 2078 autem

328 2110 693 2163 inﬁrmitatis
723 2114 833 2164 est.
866 2110 950 2163 Ita
977 2124 1123 2181 ergo
1155 2112 1351 2179 potest
1374 2108 1649 2164 Christus
1682 2111 1854 2165 etiam
1874 2112 2013 2166 den-

344 2198 511 2253 tibus
540 2199 723 2270 tangi,
769 2203 832 2252 ut
874 2214 1227 2269 quacunque
1272 2214 1559 2269 pressura
1602 2200 1859 2254 dentium
1884 2200 2009 2271 jam

336 2302 464 2341 non
491 2288 683 2341 valeat
711 2287 865 2342 lmdi.
903 2287 1095 2352 Quare
1143 2288 1419 2358 quoniam
1466 2303 1575 2341 nec
1604 2288 1722 2342 ulla
1770 2288 2008 2344 obsistit

333 2378 424 2429 im
433 2376 934 2446 possibilitas,nec
950 2376 1173 2430 Christi
1187 2376 1260 2429 ab
1281 2376 1482 2431 horret
1495 2376 1872 2447 humilitas(si
1884 2379 2009 2449 qui-

338 2465 480 2519 dem
530 2465 589 2518 id
647 2465 821 2519 nobis
871 2480 1107 2536 quoque
1139 2466 1217 2518 ita
1250 2465 1486 2535 expedit
1516 2466 1589 2520 ad
1620 2468 1840 2535 vitam),
1877 2483 2010 2521 cum

344 2569 544 2624 neque
575 2569 678 2624 per
708 2553 819 2607 hoc
840 2554 957 2607 ulla
972 2553 1338 2607 immunditia
1360 2554 1773 2625 Salvatori,vel
1796 2556 2013 2611 laesura

322 2642 589 2696 timenda
619 2642 715 2709 sit,
749 2642 1024 2712 nullaque
1056 2645 1330 2695 occurrat
1370 2643 1485 2695 alia
1513 2644 1659 2697 ratio
1691 2660 1799 2698 cur
1844 2645 2014 2700 nefas

344 2730 431 2784 sit
466 2729 768 2784 Christum
786 2729 1061 2783 dentibus
1083 2729 1339 2784 atteri.Si
1359 2731 1525 2784 atteri
1543 2731 1830 2802 accipitur
1842 2734 2016 2804 quasi

341 2819 626 2890 pressius
642 2819 824 2890 tangi,
859 2818 1005 2871 nihil
1030 2834 1279 2887 prorsus
1310 2822 1511 2873 contra
1534 2835 1645 2874 nos
1676 2822 1831 2875 valet
1860 2823 2017 2893 quod

341 2906 671 2961 vanissime
693 2905 1287 2978 jactitant,dicentes:
1324 2907 1455 2962 Non
1481 2911 1571 2963 est
1604 2908 1693 2962 fas
1714 2910 2016 2965 Christum

343 2996 629 3051 dentibus
669 2996 858 3050 atteri.
911 2996 1097 3051 Porro
1150 2997 1203 3051 si
1248 2997 1418 3051 atteri
1466 2997 1801 3071 intelligunt
1844 3000 2017 3070 quasi

342 3085 664 3141 comminui
698 3084 791 3139 vel
842 3084 1064 3157 frangi:
1112 3088 1250 3139 tunc
1273 3084 1397 3156 jam
1428 3102 1546 3140 non
1577 3086 1729 3157 duae,
1774 3089 1877 3142 sed
1902 3104 2018 3143 una

2110 694 2303 764 aliquo
2326 694 2498 748 modo
2522 695 2817 749 credimus
2839 696 3218 766 dissipari.Et
3236 700 3372 750 tunc
3405 696 3576 751 nobis
3598 697 3768 751 intel-

2110 782 2411 854 ligendum
2434 786 2525 837 est
2558 783 2667 837 hoc
2688 784 2841 854 quod
2860 785 3088 838 dicitur:
3122 784 3272 855 Ejus
3304 800 3442 839 caro
3472 786 3529 839 in
3567 786 3767 855 pepuli

2114 860 2362 924 salutem
2418 870 2684 940 partitur,
2736 871 2953 925 dictum
2986 887 3124 925 esse
3156 888 3272 926 non
3311 873 3443 943 quia
3463 873 3768 943 partiendo

2113 959 2428 1027 minuatur,
2486 958 2591 1012 sed
2639 963 2879 1028 propter
2932 960 3376 1014 similitudinem
3434 959 3762 1014 fractionis.

2114 1046 2269 1099 sicut
2288 1045 2575 1099 immolari
2598 1045 2855 1115 quotidie
2878 1046 3119 1101 dicitur:
3143 1047 3417 1101 Christus
3440 1048 3675 1117 propter
3691 1048 3774 1100 si-

2112 1134 2499 1187 militudinem
2521 1134 2842 1204 passionis.
2869 1134 3031 1188 Licet
3053 1136 3208 1188 enim
3227 1135 3354 1189 haec
3371 1135 3569 1206 magni
3592 1150 3770 1189 causa

2112 1222 2380 1292 mysterii
2413 1222 2698 1276 sacerdos
2729 1224 2899 1293 quasi
2923 1223 3185 1277 dividere
3218 1223 3502 1293 videatur,
3528 1237 3638 1277 nos
3683 1226 3775 1276 ta-

2114 1326 2249 1365 men
2282 1311 2591 1365 Dominum
2644 1316 2699 1365 et
2748 1311 3112 1365 Salvatorem
3167 1316 3456 1381 nostrum,
3543 1311 3777 1381 quando

2118 1414 2334 1470 corpus
2349 1399 2481 1469 ejus
2502 1400 2840 1454 venerabile
2862 1400 3137 1454 ﬁdelibus
3169 1400 3687 1469 distribuitur,non
3710 1414 3778 1454 se

2117 1504 2222 1560 per
2253 1488 2528 1560 singulos
2552 1489 2929 1558 dividentem,
2965 1490 3068 1543 sed
3117 1489 3563 1558 participatione
3596 1489 3690 1542 sui
3720 1488 3779 1542 in

2116 1578 2393 1633 diversos
2451 1577 2697 1632 credere
2737 1577 3025 1631 debemus
3058 1578 3409 1631 venientem.
3445 1577 3779 1631 Possumus

2116 1681 2350 1737 quoque
2382 1666 2579 1720 dicere
2620 1666 2975 1720 tantumdem
2996 1667 3208 1720 essein
3222 1682 3334 1720 una
3349 1666 3521 1736 quasi
3539 1666 3779 1736 portiun

2117 1755 2267 1824 cula,
2320 1759 2602 1827 quantum
2637 1758 2762 1809 erat
2800 1756 2858 1809 in
2888 1755 3082 1809 hostia
3112 1758 3248 1809 tota.
3271 1754 3435 1809 Sicut
3465 1755 3536 1809 de
3569 1770 3779 1809 manna

2115 1844 2353 1916 legitur,
2417 1846 2551 1914 quia
2580 1859 2690 1898 nec
2723 1845 2822 1915 qui
2866 1845 3001 1914 plus
3035 1845 3371 1917 collegerat,
3423 1843 3626 1898 habuit
3654 1860 3782 1896 am-

2116 1934 2294 2003 plius,
2312 1947 2422 1987 nec
2437 1933 2538 2003 qui
2557 1934 2753 1987 minus
2775 1933 3098 2004 collegerat
3116 1933 3319 1986 habuit
3337 1934 3533 1986 minus
3563 1932 3781 1999 (Exod.

2119 2022 2506 2095 xvi).ltaergo
2536 2025 2650 2076 tota
2691 2022 2882 2076 hostia
2906 2026 2996 2076 est
3026 2037 3242 2092 corpus
3282 2021 3521 2090 Christi,
3582 2025 3645 2076 ut
3691 2021 3789 2075 ni-

2123 2110 2444 2165 hilominus
2476 2126 2848 2182 unaquaeque
2877 2112 3164 2180 particula
3194 2113 3465 2180 separata
3496 2111 3572 2164 sit
3603 2112 3788 2164 totum

2128 2215 2350 2271 corpus
2376 2200 2616 2253 Christi.
2640 2199 2763 2253 Nec
2794 2207 2987 2252 tamen
3005 2202 3129 2253 tres
3148 2199 3451 2268 particulaa
3474 2201 3785 2267 separatas,

2125 2292 2265 2342 sunt
2298 2287 2403 2341 tria
2427 2303 2698 2357 corpora,
2724 2288 2831 2342 sed
2856 2303 3033 2341 unum
3055 2303 3295 2356 corpus.
3320 2287 3603 2355 Necipsae
3618 2286 3792 2339 etiam

2124 2376 2427 2447 particulae
2457 2391 2488 2429 a
2519 2391 2585 2430 se
2617 2380 2891 2446 tanquam
2922 2376 3127 2446 plures
3159 2374 3603 2445 differunt,quia
3634 2373 3792 2444 quod

2125 2466 2392 2535 corporis
2441 2466 2622 2520 totius
2644 2481 2757 2519 una
2791 2468 2901 2535 est,
2924 2462 3035 2519 hoc
3069 2468 3123 2518 et
3145 2466 3376 2518 caeteras
3408 2466 3564 2518 sunt.
3590 2463 3789 2533 Itaque

2121 2555 2243 2626 jam
2298 2570 2406 2609 nec
2451 2554 2653 2624 plures
2687 2552 2992 2623 particqu
3045 2553 3310 2607 dicendae
3345 2556 3505 2621 sunt,
3539 2552 3645 2606 sed
3675 2566 3792 2605 una

2124 2645 2320 2714 potius
2352 2644 2544 2697 hostia
2566 2643 2792 2714 integra
2823 2646 2878 2696 et
2898 2643 3175 2710 indivisa,
3210 2642 3348 2696 licet
3376 2641 3573 2696 officio
3601 2655 3794 2694 sacer-

2125 2733 2281 2787 dotis
2318 2733 2586 2786 videatur
2639 2732 2811 2803 quasi
2862 2731 3064 2800 dividi,
3106 2732 3348 2800 propter
3395 2744 3697 2801 magnum,
3729 2731 3792 2783 ut

2126 2822 2267 2890 dixi,
2300 2821 2667 2893 mysterium,
2701 2820 2857 2891 quod
2890 2820 2968 2873 ita
2999 2820 3256 2889 Oportuit
3288 2818 3596 2873 celebrari.
3629 2817 3795 2871 Simi-

2124 2911 2260 2965 liter
2291 2914 2346 2965 et
2377 2910 2429 2965 si
2460 2910 2755 2977 dentibus,
2781 2909 2876 2963 vel
2898 2909 3094 2979 aliquo
3116 2909 3230 2962 alio
3253 2908 3425 2962 modo
3453 2906 3581 2961 haec
3595 2905 3794 2978 frangi

2124 3000 2418 3065 videntur,
2467 2998 2854 3069 intelligimus
2884 3014 3000 3051 non
3034 2997 3164 3051 haec
3193 2996 3387 3068 frangi
3423 3012 3437 3066 ;
3481 2996 3618 3067 quia
3647 2995 3795 3049 nihil

2125 3088 2281 3143 aliud
2313 3089 2373 3142 in
2401 3090 2545 3155 toto,
2582 3102 2758 3158 quam
2789 3087 2847 3140 in
2879 3086 3141 3158 qualibet
3174 3087 3333 3140 velut
3360 3085 3645 3155 particula
3691 3099 3793 3138 se-

348 3174 483 3229 sola
520 3173 668 3227 ratio
697 3176 809 3241 est,
836 3174 994 3243 quod
1026 3175 1227 3228 dicunt
1256 3173 1535 3229 dentibus
1554 3177 1746 3246 atteri;
1778 3178 2020 3247 etparti-
2056 3235 2099 3249 ﬁ
2124 3179 2325 3247 parata
2356 3176 2652 3231 credimus
2667 3176 2977 3249 contineri,
2995 3175 3082 3229 Ne
3108 3178 3304 3229 autem
3318 3189 3409 3229 me
3432 3174 3568 3245 quis
3585 3174 3796 3227 existi-

348 3264 471 3318 bus
498 3262 927 3332 dissipari,nisi
948 3263 1084 3333 quia
1102 3262 1233 3332 plus
1267 3265 1357 3317 est
1388 3265 1660 3332 partibus
1711 3265 2015 3337 dissipari,
2055 3235 2103 3296 Ο
2128 3271 2244 3321 met
2272 3266 2424 3320 hanc
2448 3265 2795 3320 sententiam
2829 3280 2904 3318 ex
2937 3279 3067 3318 meo
3100 3280 3285 3318 sensu
3318 3265 3791 3317 commentatum:

344 3367 527 3423 quam
562 3351 839 3405 dentibus
870 3352 1068 3415 atteri;
1116 3354 1171 3405 et
1202 3351 1277 3404 ita
1305 3352 1748 3424 intelligendum
1782 3357 1874 3408 est
1893 3357 2018 3408 tan-

348 3456 528 3512 quam
587 3440 639 3493 si
679 3439 963 3493 dicerent.
998 3440 1130 3495 Non
1161 3444 1251 3494 est
1283 3440 1373 3495 fas
1405 3440 1705 3496 Christum
1728 3443 1785 3496 in
1817 3447 2016 3513 partes

346 3530 653 3600 dissipari,
712 3529 806 3582 vel
852 3528 1130 3583 dentibus
1182 3530 1505 3600 atterendo,
1557 3531 1616 3585 id
1648 3535 1740 3586 est
1773 3535 2019 3587 commi-

347 3619 607 3687 nuendo,
645 3617 734 3672 vel
755 3618 871 3671 ullo
903 3618 1016 3673 alio
1047 3618 1241 3673 modo.

424 3708 551 3775 Hoc
581 3706 858 3777 equidem
889 3710 946 3760 et
991 3723 1102 3761 nos
1148 3708 1533 3763 confitemur:
1584 3710 1831 3780 scilicet,
1878 3712 2015 3782 quia

356 3812 477 3851 non
491 3799 580 3850 est
592 3794 681 3849 fas
714 3795 1017 3849 Christum
1033 3795 1148 3849 ulla
1172 3796 1410 3866 quidem
1422 3797 1856 3866 violentia,sive
1869 3800 2015 3853 den-

354 3884 537 3953 tibus,
571 3885 699 3939 sive
722 3885 835 3939 alio
867 3884 1039 3939 modo
1056 3900 1162 3955 per
1176 3888 1376 3954 partes
1396 3886 1761 3956 dissipari.Si
1780 3903 1922 3942 vero
1935 3888 2021 3942 illi

356 3973 456 4027 cui
478 3974 668 4028 omnia
695 3973 1010 4046 possibilia
1044 3979 1181 4028 sunt
1212 3974 1450 4043 (Matth.
1486 3977 1632 4045 xm),
1656 3975 1945 4030 altissima
1966 3980 2021 4031 et

362 4061 735 4116 inscrutabili
783 4062 1014 4116 consilii
1062 4062 1157 4116 sui
1201 4063 1427 4118 ratione
1467 4064 1675 4134 placet,
1711 4068 1772 4118 ut
1802 4080 2021 4135 corpus

362 4167 537 4206 suum
568 4155 889 4221 perpartes
909 4152 1039 4221 ipse
1057 4150 1321 4206 dividere
1351 4155 1565 4223 possit,
1601 4154 1680 4207 ita
1720 4153 2019 4225 duntaxat,

363 4244 426 4293 ut
449 4238 573 4310 jam
621 4242 774 4294 ultra
807 4256 924 4294 non
958 4240 1261 4309 moriatur,
1305 4256 1499 4313 neque
1530 4242 1795 4307 laedatur,
1829 4258 2025 4314 neque

361 4328 539 4382 ullam
599 4329 1035 4399 corruptionem
1092 4329 1350 4398 patiatur
1377 4331 1619 4400 (nullam
1663 4331 1820 4385 enim
1853 4332 2026 4387 mise-

362 4417 510 4471 riam
531 4417 782 4487 amplius
798 4417 1280 4488 sustinebit)quis
1299 4418 1671 4489 impossibile
1693 4420 1803 4474 hoc
1818 4421 2029 4476 audeat

365 4506 661 4560 mstimare
678 4508 705 4560 ε)
722 4504 886 4569 Quod
909 4506 1089 4578 igitur
1104 4506 1508 4579 inferuntquia
1528 4509 1643 4562 ista
1661 4514 2030 4565 sacramenta

2126 3355 2533 3426 praefationem
2591 3356 2784 3421 istam,
2830 3369 2964 3424 quae
3019 3368 3125 3423 per
3181 3356 3363 3407 totum
3415 3366 3561 3423 pene
3592 3351 3799 3407 orbem

2133 3445 2420 3515 Latinum,
2453 3444 2607 3499 inter
2640 3442 3025 3514 Epiphaniam
3064 3445 3120 3496 et
3151 3441 3683 3512 Septuagesimam,
3735 3440 3797 3495 in

2129 3535 2378 3606 quadam
2422 3533 2514 3587 die
2564 3532 2866 3586 Dominica
2918 3531 3186 3599 habetur,
3223 3531 3316 3585 hic
3348 3531 3636 3600 supposui
3666 3530 3805 3584 haac‘

2133 3624 2555 3679 continentem:
2591 3621 2853 3676 Aﬂterne
2895 3620 3053 3675 Deus
3077 3640 3093 3673 :
3116 3635 3174 3674 et
3209 3620 3323 3674 tibi
3352 3621 3504 3674 hanc
3525 3618 3791 3674 immola-

2137 3713 2316 3768 tionis
2327 3711 2577 3766 hostiam
2591 3709 2972 3781 oﬂ‘erre,quw
2984 3716 3074 3763 est
3087 3709 3401 3763 salutifera
3416 3714 3473 3764 et
3488 3709 3509 3762 i
3517 3707 3799 3763 nellabile

2138 3802 2365 3857 divino:
2400 3800 3100 3872 gratiwsacramentum:
3125 3813 3254 3869 quae
3291 3796 3593 3852 od‘ertura
3622 3796 3805 3868 pluri-

2139 3893 2338 3960 mis,et
2354 3905 2522 3943 unum
2537 3902 2749 3958 corpus
2763 3886 3216 3955 Christi,sancti
3226 3886 3495 3957 Spiritus
3505 3886 3804 3941 infusione
3844 3896 3871 3939 >

2135 3978 2465 4052 perficitur.
2482 3975 2722 4047 Singuli
2751 3976 3043 4045 accipiunt
3065 3974 3370 4029 Christum
3393 3975 3721 4045 Dominum,
3744 3980 3804 4029 et

2139 4070 2201 4122 in
2234 4064 2490 4137 singulis
2522 4062 2898 4136 portionibus
2947 4067 3104 4117 totus
3123 4068 3243 4127 est;
3267 4078 3374 4117 nec
3398 4077 3512 4133 per
3533 4062 3822 4133 singulos.

2139 4153 2562 4225 minuitur,sed
2580 4154 2879 4224 integrum
2906 4166 2971 4206 se
2982 4150 3222 4223 praebet
3239 4150 3301 4204 in
3330 4150 3806 4221 singulis.Prop-

2142 4248 2300 4300 terea
2323 4243 2437 4314 ipsi
2458 4242 2558 4313 qui
2588 4242 2879 4295 sumimus
2898 4239 3370 4294 communionem
3401 4237 3586 4310 hujus
3610 4237 3805 4292 sancti

2137 4333 2311 4404 panis
2348 4334 2404 4386 et
2461 4329 2687 4392 calicis.
2740 4344 2922 4382 unum
2951 4327 3177 4381 Christi
3213 4343 3431 4398 corpus
3482 4326 3795 4382 efﬁcimur.

2142 4420 2439 4475 Eusebius
2470 4419 2826 4473 Emissenus
2858 4419 2935 4471 ita
2967 4418 3143 4472 dicit:
3177 4417 3363 4472 Vetus
3392 4420 3591 4471 narrat
3612 4415 3804 4470 histo-

2139 4511 2259 4565 ria:
2295 4510 2423 4564 Nee
2482 4508 2579 4580 qui
2603 4507 2739 4579 plus
2767 4507 3110 4576 collegerat,
3143 4506 3354 4561 habuit
3394 4506 3661 4576 amplius,
3696 4520 3806 4560 nec

366 4594 645 4648 dentibus
672 4598 1018 4665 atteruntur,
1061 4598 1117 4649 et
1146 4595 1205 4649 in
1235 4599 1437 4665 partes
1525 4597 1924 4669 dissipantur;
1975 4600 2028 4653 si
2057 4589 2113 4655 Ι)
2144 4601 2240 4673 qui
2269 4600 2463 4653 minus
2495 4602 2843 4670 paraverat,
2895 4597 3127 4668 reperit
3155 4597 3352 4649 minus
3379 4596 3594 4666 (Exod.
3627 4595 3750 4663 xw)
3791 4607 3804 4648 :

367 4686 714 4751 atteruntur,
783 4684 999 4752 ponant
1060 4683 1296 4753 quidem
1369 4686 1539 4755 quasi
1590 4686 2024 4756 diminuuntur;

367 4771 802 4842 respondemus
824 4788 835 4825 :
861 4771 1146 4836 Quoniam
1179 4772 1229 4825 si
1258 4772 1331 4842 ei,
1367 4773 1461 4826 cui
1482 4774 1637 4828 nihil
1661 4776 2028 4847 impossibile

371 4862 625 4929 est(Luc
655 4862 715 4930 ι),
754 4864 810 4915 et
840 4860 941 4931 qui
970 4860 1041 4914 de
1062 4861 1336 4915 omnibus
1369 4863 1550 4917 rebus
1581 4865 1866 4936 quidquid
1907 4868 2031 4922 vult

368 4949 565 5004 facere
595 4950 1205 5019 potest,sicutdictum
1227 4954 1337 5019 est,
1353 4951 1544 5020 placet
1572 4956 1633 5006 ut
1651 4969 1767 5008 non
1789 4956 2028 5026 quidem

368 5054 477 5109 per
525 5043 784 5093 nostram
847 5039 1201 5093 violentiam.
1236 5039 1344 5093 sed
1373 5055 1479 5110 per
1508 5056 1677 5096 suam
1717 5043 1776 5097 in
1822 5050 2028 5101 nostro

371 5127 700 5182 ministerio
733 5127 1110 5198 voluntatem,
1161 5144 1378 5198 corpus
1434 5144 1609 5184 suum
1658 5132 1786 5186 sine
1845 5138 2030 5189 morte

374 5216 467 5270 vel
510 5216 775 5286 laasione,
823 5216 915 5270 vel
958 5217 1154 5287 aliquo
1188 5218 1280 5270 sui
1304 5218 1672 5274 incommodo
1704 5221 1911 5276 inistis
1946 5239 2034 5277 sa-

375 5304 696 5359 cramentis
727 5304 1041 5373 dividatur,
1077 5307 1132 5357 et
1153 5320 1258 5374 per
1283 5309 1481 5376 partes
1512 5307 1901 5364 distribuatur
1933 5326 1943 5365 :
1979 5312 2034 5365 si

371 5395 429 5447 et
459 5392 570 5448 nos
603 5392 679 5447 ita
698 5393 1018 5462 credimus,
1052 5408 1223 5447 nemo
1255 5410 1435 5464 super
1467 5396 1576 5451 hoc
1606 5398 2032 5456 inconveniens

372 5481 608 5552 aliquod
664 5481 855 5536 valeat
884 5482 1185 5537 adnotare.
1249 5482 1396 5554 Ejus
1428 5486 1644 5556 quippe
1668 5486 1764 5541 hic
1787 5489 1871 5556 (ut
1900 5505 2035 5544 san-

377 5570 849 5644 ctusGregorius
878 5571 977 5641 ait)
1008 5586 1147 5627 caro
1181 5571 1236 5626 in
1263 5574 1463 5644 populi
1499 5574 1751 5631 salutem
1763 5579 2029 5648 partitur.

368 5657 435 5717 Si
479 5662 673 5717 autem
716 5660 771 5716 ei
800 5675 918 5717 non
953 5660 1161 5734 placet,
1200 5664 1260 5718 ut
1291 5662 1421 5718 sine
1460 5663 1657 5737 aliquo
1688 5667 1782 5723 sui
1811 5667 2034 5724 incom-

2143 4705 2212 4744 eo
2231 4688 2386 4757 quod
2417 4686 2805 4740 Eucharistias
2838 4701 3009 4739 sacra
3040 4686 3341 4755 perceptio
3389 4700 3506 4738 non
3535 4684 3594 4737 in
3624 4698 3806 4755 quan-

2146 4780 2327 4848 titate,
2360 4776 2464 4831 sed
2489 4776 2546 4829 in
2576 4776 2790 4828 virtute
2824 4777 3132 4829 consistat.
3167 4774 3334 4839 Quod
3359 4788 3578 4842 corpus
3609 4786 3807 4827 sacer-

2149 4869 2282 4922 dote
2312 4867 2692 4935 dispensante
2747 4868 2967 4918 tanlum
3001 4867 3093 4919 est
3125 4864 3184 4916 in
3240 4864 3476 4933 exiguo,
3528 4864 3811 4932 quantum

2150 4971 2288 5011 esse
2336 4959 2565 5009 constat
2608 4954 2665 5008 in
2697 4958 2852 5009 toto:
2892 4954 3046 5023 quod
3077 4954 3215 5006 dum
3248 4952 3516 5006 Ecclesia
3548 4951 3809 5005 ﬁdelium

2151 5045 2349 5114 sumit,
2396 5045 2550 5099 sicut
2586 5044 2822 5114 plenum
2870 5044 2928 5095 in
3004 5042 3325 5111 universis,
3370 5040 3447 5093 ita
3504 5041 3802 5110 integrum

2148 5149 2286 5189 esse
2376 5134 2657 5204 probatur
2736 5133 2795 5186 in
2874 5131 3153 5203 singulis.
3244 5131 3326 5185 De
3413 5144 3530 5200 quo
3619 5144 3807 5183 sensu

2147 5222 2469 5294 apostolica
2520 5222 2808 5276 sententia
2863 5220 3128 5275 derivata
3199 5221 3310 5287 est,
3380 5219 3635 5273 dicens:
3700 5217 3814 5283 Qui

2146 5312 2384 5366 multum
2440 5311 2660 5375 habuit,
2722 5326 2834 5365 non
2878 5308 3222 5364 abundavit.
3268 5313 3327 5362 et
3364 5307 3462 5379 qui
3508 5306 3801 5362 modicum

2151 5417 2263 5457 non
2318 5401 2640 5455 minoravit
2671 5399 2757 5469 (II
2783 5410 2918 5453 Lor.
2954 5398 3096 5467 vm).
3131 5397 3193 5451 Si
3250 5396 3400 5452 forte
3431 5412 3601 5452 esum
3638 5395 3812 5465 panis

2150 5488 2549 5545 esurientibus
2578 5502 3031 5558 apponeremus,
3066 5501 3183 5540 non
3212 5501 3288 5540 ex
3313 5488 3433 5541 toto
3472 5484 3813 5555 perveniret

2149 5580 2222 5634 ad
2278 5577 2582 5651 singulos,
2615 5577 2753 5649 quia
2781 5574 3181 5647 particulatim
3226 5578 3283 5630 et
3311 5573 3637 5629 minutatim
3667 5584 3814 5641 pro-

2147 5668 2415 5740 portione
2445 5681 2556 5721 sua
2578 5664 2993 5737 unusquisque
3004 5667 3420 5735 praesumeret.
3436 5662 3522 5717 De
3536 5660 3649 5715 hoc
3664 5674 3811 5717 vero

2148 5773 2298 5833 pane
2354 5772 2489 5815 cum
2545 5754 2871 5813 assumitur
2912 5754 3059 5812 nihil
3088 5753 3286 5811 minus
3316 5750 3537 5811 habent
3562 5746 3810 5832 singuli,
