4084 6186
383 311 407 367 1
422 309 541 371 435

382 526 558 582 quam
614 509 907 565 universi.
962 510 1171 565 Totum
1219 526 1397 577 unus,
1449 512 1634 564 totum
1681 508 1819 578 duo,
1871 510 2055 563 totum

380 600 608 671 plures,
645 601 776 655 sine
835 599 1220 653 diminutione
1243 598 1608 668 percipiunt;
1642 598 1777 668 quia
1808 597 2056 652 benedi-

385 691 499 746 ctio
531 689 715 761 hujus
747 688 1100 743 sacramenti
1125 688 1237 741 scit
1254 686 1749 754 distribui,nescit
1779 686 2058 740 distribu-

387 781 544 835 tione
605 778 897 833 consumi.
960 777 1119 831 Idem
1151 792 1386 847 quoque
1416 776 1688 841 dicimus,
1721 780 1776 830 et
1807 778 1861 829 si
1891 775 2051 829 mille

386 869 592 924 missae
624 866 830 921 eodem
861 868 1124 934 tempore
1158 864 1545 918 celebrentur.
1576 863 1722 916 Nam
1753 865 1831 917 ita
1849 864 1908 918 in
1922 866 2051 918 sin-

387 958 547 1029 gulis
590 959 769 1011 totum
802 955 1096 1009 credimus
1124 969 1262 1037 esse
1294 952 1615 1021 Christum,
1637 956 1698 1006 ut
1718 969 1825 1007 nec
1848 953 2052 1023 plures

389 1046 684 1113 Christos,
734 1060 844 1098 nec
879 1043 1135 1097 divisum
1177 1041 1476 1095 Christum
1510 1040 1685 1095 faciat
1714 1046 1813 1095 aut
1844 1058 2052 1096 sacer-

392 1138 593 1191 dotum
648 1133 965 1188 diversitas
1028 1133 1125 1185 aut
1155 1131 1440 1185 locorum.
1466 1131 1529 1184 In
1560 1146 1674 1201 quo
1705 1131 1941 1201 quidem
1972 1129 2056 1184 illi

389 1230 593 1284 contra
622 1240 733 1279 nos
767 1238 905 1277 esse
937 1237 1052 1274 non
1076 1220 1452 1290 possunt,qui
1486 1235 1705 1289 corpus
1730 1220 1963 1274 Domini
1993 1219 2054 1273 in

391 1317 548 1374 omni
577 1315 763 1370 missa
793 1312 1008 1365 adesse
1042 1308 1418 1362 invisibiliter
1449 1308 1713 1362 credunt.
1750 1308 1897 1360 Nam
1921 1324 2054 1362 eum

391 1406 564 1461 simul
595 1401 753 1456 mille
775 1398 1148 1454 celebrentur
1169 1398 1393 1466 missae,
1419 1399 1475 1449 et
1493 1396 1647 1450 sicut
1666 1395 1784 1466 ipsi
1804 1411 2053 1450 consen-

390 1496 559 1562 tiunt,
594 1493 652 1545 in
684 1489 840 1546 omni
873 1488 1055 1542 missa
1082 1489 1176 1540 est
1205 1488 1386 1540 totum
1420 1501 1641 1555 corpus
1672 1484 1895 1538 Christi
1936 1485 2052 1553 (di-

392 1584 512 1639 vidi
543 1582 697 1638 enim
728 1593 910 1648 posse
937 1591 1154 1645 corpus
1194 1574 1424 1628 Domini
1455 1577 1512 1628 et
1543 1573 1655 1643 ipsi
1686 1574 1925 1645 negant)
1955 1576 2053 1628 aut

390 1673 548 1729 mille
609 1674 747 1726 tunc
801 1671 972 1722 erunt
1026 1664 1245 1718 Christi
1287 1679 1555 1733 corpora,
1589 1666 1687 1717 aut
1716 1662 2055 1718 fatebuntur

390 1763 724 1823 nobiscum,
786 1772 902 1811 uno
948 1755 1273 1823 eodemque
1302 1755 1587 1822 tempore,
1622 1752 1779 1805 mille
1812 1752 1872 1805 in
1903 1751 2052 1805 locis

391 1867 573 1907 unum
621 1850 895 1916 idemque
944 1842 1161 1897 Christi
1186 1856 1403 1911 corpus
1434 1843 1614 1907 totum
1647 1843 1705 1894 et
1732 1840 2052 1895 indivisum

390 1956 575 2012 posse
605 1936 832 1991 haberi.
863 1933 981 1987 Sed
1014 1930 1169 1984 mille
1191 1928 1411 1983 Christi
1435 1944 1684 1998 corpora
1701 1944 1809 1982 nec
1838 1929 2051 1998 ipsidi-

389 2033 547 2084 cunt.
608 2025 813 2080 Restat
869 2036 1013 2092 ergo
1068 2022 1130 2072 ut
1157 2019 1218 2072 in
1248 2018 1403 2071 mille
1435 2017 1641 2071 missis
1672 2017 1880 2072 eodem
1908 2020 2053 2071 tem-

389 2134 555 2189 pore,
617 2129 797 2168 unum
838 2112 1109 2179 idemque
1142 2123 1363 2176 corpus
1393 2106 1615 2160 Christi
1644 2108 1701 2161 et
1734 2106 2054 2160 indivisum

391 2222 532 2262 esse
599 2203 842 2259 credere
873 2199 1143 2253 debeant.
1192 2196 1473 2251 Similiter
1528 2195 1710 2267 igitur
1762 2199 1817 2249 et
1850 2195 1908 2250 in
1939 2211 2057 2250 una

394 2296 609 2361 hostia,
644 2295 701 2347 et
731 2292 785 2344 si
814 2290 1082 2343 videatur
1114 2286 1287 2357 quasi
1314 2286 1373 2339 in
1404 2285 1606 2354 plures
1625 2288 1823 2354 partes
1843 2284 2052 2338 dividi:

388 2385 618 2440 nullam
650 2385 842 2436 tamen
866 2379 920 2432 in
954 2377 1043 2432 eis
1076 2375 1257 2429 dividi
1281 2389 1517 2427 carnem
1540 2373 2058 2444 attendimus,quia

392 2474 551 2545 quod
587 2485 792 2526 omnes
824 2466 1000 2522 simul
1040 2465 1284 2536 junctae,
1318 2463 1575 2532 idipsum
1603 2462 1855 2533 singulae
1888 2477 2058 2533 sepa-

392 2566 539 2617 ratae
572 2564 729 2629 sunt,
763 2562 944 2613 totum
977 2554 1199 2609 Christi
1249 2568 1488 2622 corpus.
1525 2551 1646 2605 Nec
1678 2552 1949 2623 cuiquam
1973 2552 2059 2606 in-

393 2649 678 2706 credibile
727 2647 785 2701 id
832 2645 1004 2700 debet
1030 2641 1237 2696 videri.
1271 2640 1620 2704 Quotidiano
1637 2641 1789 2694 enim
1822 2640 2056 2711 experi-

396 2742 593 2794 mento
631 2734 1055 2808 cognoscimus
1087 2732 1223 2801 quia
1255 2729 1588 2784 intellectus
1620 2733 1845 2799 noster,
1877 2729 1933 2782 id
1967 2731 2060 2784 est

397 2828 644 2883 verbum
677 2825 874 2880 cordis
906 2822 1255 2889 nostri,cum
1278 2818 1437 2872 illum
1459 2818 1888 2889 quodammodo
1911 2833 2059 2872 voce

389 2916 708 2985 vestimus,
740 2916 798 2968 ut
833 2913 932 2983 qui
964 2910 1021 2963 in
1055 2908 1232 2964 corde
1264 2911 1469 2961 nostro
1488 2908 1678 2961 latens
1698 2906 1871 2961 nobis
1893 2906 2061 2961 solus

390 2988 666 3077 cognitus
716 3005 860 3072 erat,
920 3016 1027 3070 per
1080 3013 1284 3053 vocem
1311 2996 1446 3050 aliis
1487 2995 1661 3050 etiam
1690 2994 2060 3049 manifestari

393 3095 587 3167 possit
641 3092 850 3149 eodem
908 3093 1172 3158 tempore
1223 3088 1277 3140 et
1318 3088 1476 3140 totus
1533 3084 1593 3138 in
1652 3084 1828 3139 corde
1854 3086 2058 3139 nostro

388 3186 668 3252 remanet,
729 3186 785 3236 et
825 3183 980 3234 totus
1023 3192 1189 3247 mque
1221 3175 1378 3228 mille
1422 3172 1762 3227 hominibus
1805 3188 1937 3226 cum
1957 3189 2057 3226 as-

395 3276 627 3343 sumpta
684 3285 830 3325 voce
861 3283 971 3322 sua
1000 3267 1281 3337 quantum
1333 3263 1391 3316 in
1422 3277 1489 3316 se
1520 3264 1633 3331 est,
1665 3262 1741 3315 ita
1772 3277 2057 3331 apparere

387 3364 603 3433 potest,
637 3364 698 3414 ut
725 3375 844 3414 non
861 3356 1053 3412 solum
1084 3355 1213 3423 ipse
1246 3351 1422 3405 simul
1439 3350 1697 3404 omnium
1712 3350 1890 3404 corda
1924 3349 2051 3404 col-

384 3453 617 3520 lustret,
653 3450 757 3503 sed
791 3461 968 3501 aures
997 3443 1168 3498 etiam
1202 3444 1545 3495 cunctorum
1576 3439 1707 3509 ipsa
1731 3455 1846 3509 qua
1883 3439 2060 3493 vesti-

386 3546 484 3596 tus
533 3542 628 3593 est
658 3552 803 3591 voce
847 3533 1054 3588 eodem
1083 3534 1344 3598 tempore
1375 3531 1495 3582 tota
1527 3532 1582 3582 et
1614 3527 1887 3597 indivisa,
1923 3543 2056 3598 per-

395 3629 667 3698 stringat.
717 3625 780 3678 Si
826 3622 1008 3693 igitur
1047 3621 1300 3673 humano
1367 3616 1550 3671 verbo
1611 3617 1770 3671 Deus
1830 3619 2055 3671 tantum

386 3716 664 3787 praestitit
694 3716 758 3767 ut
786 3728 903 3767 non
952 3710 1146 3765 solum
1180 3708 1396 3777 ipsum,
1431 3706 1537 3761 sed
1570 3706 1739 3760 etiam
1772 3722 1909 3775 vox,
1941 3721 2056 3777 qua

388 3803 822 3877 quodammodo
884 3799 1153 3866 vestitur,
1216 3796 1287 3850 ad
1337 3796 1495 3849 mille
1526 3795 1803 3849 homines
1848 3794 2054 3848 eadem

388 3892 565 3948 simul
596 3894 833 3962 totaque
864 3889 1202 3960 pertingere
1232 3886 1454 3939 valeat:
1490 3899 1662 3939 nemo
1709 3883 1821 3937 hoc
1857 3883 2053 3952 ipsum

386 3984 458 4038 de
517 3979 934 4050 omnipotentis
994 3978 1096 4032 Dei
1146 3975 1319 4030 unico
1351 3977 1406 4029 et
1436 3974 1830 4042 omnipotente
1862 3976 1917 4025 et
1948 3986 2040 4037 co-

387 4075 608 4127 mterno
642 4071 859 4136 Verbo,
890 4067 1038 4121 etde
1060 4080 1236 4120 carne
1267 4063 1425 4134 ejus,
1459 4078 1633 4133 quam
1691 4060 1961 4115 similiter
1990 4062 2053 4114 ut

384 4140 563 4215 nobis
600 4160 796 4229 ipsum
851 4157 1103 4211 Verbum
1136 4154 1463 4223 appareret,
1497 4150 1758 4217 vestivit,
1793 4152 1848 4203 et
1877 4149 1932 4203 si
1962 4165 2051 4203 ca-

384 4265 524 4320 pere
555 4264 673 4303 non
704 4246 916 4316 possit,
948 4245 1171 4299 habere
1202 4239 1553 4296 incredibile
1585 4238 1943 4309 debet,quod
1976 4238 2047 4292 de

384 4338 777 4409 fragilissimo
796 4338 853 4391 et
873 4333 1213 4388 transitorio
1244 4330 1427 4384 verbo
1445 4327 1703 4383 hominis
1725 4330 1781 4381 et
1798 4342 2052 4381 momen-

372 4428 574 4482 taneis
588 4425 836 4480 vocibus
849 4424 1066 4493 vixque
1082 4418 1480 4475 existentibus
1502 4420 1558 4471 et
1579 4431 1875 4486 nunquam
1890 4432 2011 4485 praa
2025 4445 2053 4456 -

359 4516 514 4570 valet
585 4528 819 4583 capere,
868 4513 925 4565 et
954 4515 1145 4564 tamen
1192 4522 1342 4577 pene
1373 4520 1609 4574 semper
1639 4503 2044 4573 experimento

379 4605 573 4659 habet.
617 4602 812 4672 Ipsam
843 4602 1001 4655 certe
1032 4599 1284 4653 animam
1317 4598 1579 4649 nostram
1610 4607 1856 4661 corpore
1887 4592 2045 4662 quod

376 4692 773 4762 corrumpitur
800 4691 1207 4761 aggravatam,
1250 4700 1368 4740 non
1390 4681 1780 4753 particulatim
1802 4696 1908 4750 per
1931 4681 2049 4735 sin-

365 4784 517 4855 gula
543 4780 813 4850 corporis
844 4777 1107 4832 membra
1138 4774 1341 4842 dividi,
1375 4772 1482 4827 sed
1516 4773 1574 4824 in
1602 4770 1861 4841 singulis
1899 4785 2045 4838 por-

381 4871 663 4925 tinuculis
695 4871 873 4923 totam
904 4870 1076 4937 atque
1128 4865 1417 4934 integram
1466 4858 1753 4913 contineri
1834 4858 2042 4911 beatus

368 4960 745 5032 Augustinus
757 4954 1127 5011 validissime
1144 4949 1482 5022 probat.Qui
1497 4964 1640 5019 ergo
1654 4948 1805 5000 hanc
1818 4947 2042 5000 nostra;

372 5050 583 5104 anima)
625 5046 945 5119 potentiam
976 5042 1251 5114 praebuit,
1287 5043 1350 5094 ut
1381 5054 1495 5092 una
1527 5036 1849 5105 eademque
1872 5036 1927 5088 et
1954 5034 2043 5087 in-

377 5138 569 5191 divisa
599 5139 659 5192 in
683 5135 941 5208 singulis
964 5132 1301 5204 quibusque
1323 5125 1631 5199 particulis
1664 5122 2041 5193 suicorporis

371 5225 578 5279 eodem
612 5229 869 5294 tempore
900 5225 1017 5278 tota
1049 5220 1365 5276 consistat:
1402 5230 1587 5287 quare
1629 5230 1754 5267 suae
1785 5220 2038 5282 propriae

372 5315 537 5368 carni
566 5313 625 5365 id
655 5313 955 5384 dignitatis
987 5312 1039 5365 si
1070 5309 1194 5363 vult
1226 5309 1388 5374 dare,
1423 5319 1541 5359 non
1575 5303 1783 5369 valeat,
1819 5303 1874 5355 et
1907 5301 2037 5370 ipsa

366 5403 427 5458 in
459 5401 717 5455 diversis
750 5400 843 5453 sui
865 5399 1178 5470 cujusdam
1211 5394 1502 5464 corporis,
1536 5391 1693 5462 quod
1712 5393 1802 5444 cst
1827 5388 2038 5443 Eccle-

366 5493 477 5559 sia,
539 5489 828 5560 partibus,
887 5491 1005 5543 tota
1038 5486 1211 5540 simul
1243 5488 1300 5539 et
1330 5482 1584 5537 indivisa
1606 5480 1798 5551 possit
1828 5477 2035 5533 haberi

364 5597 499 5638 eum
531 5579 687 5635 sicut
718 5577 911 5632 anima
942 5579 1142 5643 nostra
1184 5574 1302 5628 vita
1350 5575 1443 5628 est
1494 5569 1785 5641 corporis,
1835 5568 1911 5621 ita
1961 5566 2037 5620 sit

363 5669 653 5731 Ecclesiae
708 5668 848 5743 (imo
879 5664 1058 5722 multo
1081 5663 1300 5720 melius
1331 5678 1437 5736 per
1469 5660 1579 5716 Dei
1609 5657 1883 5735 gratiam)
1914 5656 2037 5711 vita

1367 307 1841 372 GUITMUNDI
1878 307 2370 373 ARCHIEPISC
2410 312 2853 378 AVERSANI.

3660 328 3815 392 1436

2163 525 2303 564 caro
2362 509 2712 568 Salvatoris.
2738 514 2852 569 Per
2890 508 3142 571 animam
3172 520 3387 590 quippe
3417 522 3482 576 fit
3514 526 3577 577 ut
3611 540 3831 595 corpus

2164 602 2462 670 utcunque
2519 603 2919 672 temporaliter
2968 606 3161 661 vivat:
3218 624 3326 679 per
3373 626 3617 666 carnem
3691 630 3830 669 vero

2164 686 2488 743 Salvatoris
2520 692 2716 761 agitur
2747 694 2807 745 ut
2826 693 3093 748 Ecclesia
3125 711 3245 750 non
3274 701 3830 773 quomodocunque,

2166 776 2273 829 sed
2329 776 2497 832 beate
2557 779 2616 830 in
2646 782 2930 835 aeternum
2962 783 3136 839 vivat.
3163 784 3307 840 Cum
3338 804 3482 842 vero
3513 791 3837 859 sapientis-

2168 864 2360 919 simus
2417 866 2695 922 Salomon
2734 873 2978 926 cunctas
3010 889 3107 927 res
3138 890 3277 929 esse
3308 875 3589 932 difciles
3623 881 3836 936 dixerit

2168 954 2554 1023 (Eccles.),ita
2571 962 2629 1011 ut
2648 959 2942 1028 explicare
2965 977 3067 1016 eas
3081 962 3256 1017 homo
3268 980 3385 1018 non
3402 969 3615 1035 possit,
3640 985 3836 1024 nonne

2166 1042 2483 1098 insanienti
2520 1062 2695 1117 quam
2721 1048 3036 1104 similimus
3067 1055 3156 1106 est
3202 1053 3303 1122 qui
3334 1053 3463 1109 haec
3492 1056 3696 1110 divina
3738 1073 3834 1111 ar-

2169 1148 2313 1186 cana
2346 1133 2646 1189 discutere
2669 1136 2741 1190 ad
2771 1138 3005 1192 oculum
3035 1140 3327 1196 violenter
3346 1145 3835 1212 quaarit?0mnes

2168 1223 2323 1275 enim
2383 1228 2669 1278 creaturaa
2710 1226 2815 1279 Dei
2858 1227 3140 1283 miracula
3171 1230 3347 1285 nobis
3396 1234 3835 1303 inexplicabilia

2167 1314 2305 1365 sunt
2331 1328 2344 1366 :
2368 1311 2643 1366 Christus
2667 1329 2807 1368 vero
2838 1316 2984 1371 inter
3019 1318 3213 1373 omnia
3263 1324 3362 1374 aut
3401 1337 3524 1391 prae
3556 1326 3836 1379 omnibus

2170 1402 2514 1459 miraculum
2545 1405 2871 1475 singulare.
2898 1406 2959 1460 Si
2981 1407 3163 1478 igitur
3191 1413 3384 1478 potest
3406 1410 3696 1467 Christus
3713 1413 3840 1468 ef-

2167 1508 2302 1547 cere
2321 1494 2500 1561 (sicut
2520 1493 2800 1563 diximus)
2825 1497 2885 1547 ut
2902 1510 3272 1567 unaquzeque
3298 1505 3572 1568 separata
3588 1502 3839 1570 partieu

2163 1582 2217 1635 la
2251 1582 2327 1636 sit
2357 1587 2540 1637 totum
2563 1582 2787 1637 Christi
2811 1599 3049 1655 corpus,
3066 1589 3123 1638 et
3141 1588 3336 1641 tamen
3357 1603 3568 1644 omnes
3594 1606 3840 1660 separa-

2165 1677 2238 1726 tae
2252 1688 2369 1726 non
2390 1673 2561 1742 plura
2595 1672 2712 1726 sint
2743 1674 3126 1743 corpora,sed
3160 1691 3338 1730 unum
3359 1694 3582 1748 corpus
3606 1696 3617 1733 :
3643 1696 3850 1750 quem-

2161 1762 2475 1817 admodum
2531 1777 2647 1816 vox
2701 1762 2859 1816 mille
2915 1762 3219 1818 hominum
3249 1768 3505 1833 percutit
3534 1784 3744 1839 aures,
3779 1774 3835 1823 et

2164 1852 2320 1920 apud
2354 1867 2831 1921 unumquemque
2853 1855 2968 1905 tota
3002 1857 3113 1922 est,
3143 1869 3253 1908 nec
3280 1857 3475 1910 tamen
3506 1857 3721 1926 plures
3751 1860 3835 1912 di-

2166 1945 2405 2009 cuntur,
2438 1940 2543 1994 sed
2569 1955 2681 1993 una
2700 1940 2827 1994 sola
2853 1958 2864 1994 :
2891 1943 2948 1995 et
2968 1943 3460 2011 quemadmodum
3499 1950 3621 2000 tota
3644 1949 3841 2002 anima

2167 2030 2324 2083 mille
2357 2029 2627 2099 corporis
2658 2029 2898 2082 humani
2926 2030 3111 2099 replet
3141 2033 3483 2102 particulas,
3518 2039 3577 2089 et
3614 2052 3754 2090 cum
3776 2053 3842 2092 se

2165 2123 2345 2174 totam
2365 2119 2628 2188 prebeat
2658 2119 2937 2190 singulis,
2970 2135 3089 2175 non
3111 2120 3314 2189 plures
3336 2126 3554 2193 tamen,
3592 2126 3705 2180 sed
3730 2143 3847 2181 una

2167 2212 2259 2264 est
2283 2208 2478 2262 anima
2500 2225 2513 2271 ;
2547 2207 2625 2261 ita
2650 2206 2774 2277 jam
2805 2207 2963 2262 nulla
2983 2210 3132 2262 ratio
3154 2215 3391 2280 propter
3412 2212 3845 2283 hujuscemodi

2164 2299 2337 2369 quasi
2396 2297 2744 2367 partitiones.
2801 2296 3042 2351 obstare
3072 2297 3322 2368 videtur,
3360 2304 3422 2355 ut
3476 2318 3599 2356 non
3647 2306 3848 2372 possit

2166 2392 2265 2443 aut
2320 2386 2469 2442 velle
2527 2402 2641 2441 non
2701 2386 2909 2439 debeat
2955 2385 3233 2441 Christus
3282 2404 3492 2457 panem
3523 2393 3587 2444 et
3617 2393 3850 2461 vinum,

2169 2478 2324 2531 sicut
2353 2476 2555 2545 etipse
2577 2474 2775 2529 docuit
2804 2477 2860 2527 et
2890 2473 3160 2529 Ecclesia
3208 2477 3476 2548 credidit,
3507 2479 3850 2535 transfer-na

2169 2567 2227 2620 in
2251 2580 2468 2635 corpus
2496 2567 2552 2618 et
2581 2563 2933 2635 sanguinem
2965 2579 3159 2619 suum.

2840 2669 3135 2707 ROGERIUS

2242 2728 2324 2780 De
2364 2724 2521 2780 mille
2551 2723 2777 2792 missis,
2831 2740 2964 2794 quae
2996 2725 3204 2779 eodem
3241 2729 3503 2796 tempore
3540 2729 3849 2784 celebrari

2168 2817 2443 2886 possunt,
2470 2813 2695 2868 videris
2726 2812 2868 2866 mihi
2909 2828 3035 2867 rem
3069 2814 3307 2884 quidem
3330 2816 3497 2869 valde
3530 2816 3851 2872 difficilem

2168 2904 2536 2960 sufficienter
2552 2906 2609 2956 et
2623 2903 2770 2956 satis
2800 2901 3009 2956 idonee
3027 2902 3390 2958 declarasse.
3409 2905 3852 2961 Verumtamen

2166 2996 2226 3048 in
2256 2993 2565 3064 partitione
2594 2992 2772 3045 unius
2803 2991 3016 3045 hostiae
3047 2992 3237 3046 adhuc
3268 2993 3581 3064 paulisper
3618 2995 3852 3059 haereo,

2167 3083 2445 3154 quoniam
2468 3081 2625 3153 quod
2679 3080 2847 3150 prius
2879 3096 3060 3133 unum
3091 3082 3491 3136 tantummodo
3522 3084 3739 3155 video,
3774 3084 3853 3149 id,

2168 3188 2259 3227 me
2293 3172 2599 3243 partiente,
2634 3169 2712 3223 ita
2744 3170 2801 3223 in
2830 3170 3002 3239 plura
3032 3169 3214 3223 dividi
3256 3171 3667 3241 eernitur,[ut]
3703 3191 3856 3227 una-

2165 3277 2418 3333 quaeque
2435 3260 2624 3331 portio
2644 3259 2836 3312 minor
2856 3274 3031 3328 quam
3050 3258 3190 3312 illud
3214 3260 3371 3329 quod
3393 3266 3519 3314 erat
3539 3263 3854 3333 integrum

2165 3351 2451 3404 videatur.
2476 3348 2538 3403 Si
2570 3349 2725 3402 enim
2757 3363 2873 3401 non
2892 3363 3020 3402 mea
3043 3347 3122 3416 vi,
3143 3348 3252 3402 sed
3274 3364 3382 3402 sua
3400 3351 3851 3427 spontehostia

2166 3440 2548 3506 divideretur,
2573 3442 2672 3491 aut
2698 3440 2834 3507 post
2864 3436 3216 3491 divisionem
3232 3439 3585 3508 magnitudo
3605 3440 3848 3511 integre

2163 3548 2279 3586 non
2310 3529 2615 3583 videretur
2644 3527 2962 3589 immutata;
2982 3524 3105 3596 jam
3137 3526 3507 3581 satisfactum
3526 3528 3676 3580 mihi
3704 3544 3849 3582 esse

2166 3620 2488 3685 crederem,
2522 3616 2679 3687 quod
2708 3619 2764 3669 et
2794 3630 3163 3685 unaquaque
3182 3615 3372 3684 portio
3404 3619 3460 3669 et
3490 3632 3716 3671 omnes
3755 3618 3844 3670 si-

2166 3710 2283 3764 mul
2316 3708 2546 3777 absque
2576 3705 2693 3758 ulla
2742 3703 3035 3758 divisione
3070 3719 3250 3757 unum
3282 3704 3583 3776 integrum
3618 3722 3848 3775 corpus

2166 3813 2304 3854 esse
2333 3798 2600 3869 possent.

2089 3232 2136 3291 C

2797 3880 3187 3919 GUITMUNDUS.

2237 3941 2297 3995 Si
2320 3941 2390 3994 de
2440 3937 2595 3992 mille
2627 3935 2833 3990 missis
2857 3952 2987 4006 quae
3012 3951 3129 3989 uno
3158 3939 3420 4005 tempore
3454 3936 3843 3990 celebrantur

2168 4031 2313 4086 satis
2359 4028 2619 4084 aestimas
2651 4025 3027 4092 declaratum,
3065 4025 3276 4078 mirum
3309 4028 3399 4078 est
3429 4026 3587 4095 quod
3626 4025 3703 4079 de
3728 4042 3844 4079 una

2162 4120 2354 4175 hostia
2386 4118 2463 4171 ita
2492 4112 2970 4187 possismoveri.
3006 4113 3152 4167 Nam
3179 4114 3331 4167 sicut
3360 4113 3842 4185 hic,priusquam

2160 4207 2436 4280 partiaris
2474 4205 2748 4272 hostiam,
2807 4202 3204 4257 tantummodo
3264 4218 3444 4256 unum
3476 4202 3695 4269 vides;
3753 4204 3830 4256 ita

2157 4298 2506 4369 priusquam
2545 4294 2701 4347 mille
2752 4292 3125 4346 celebrentur
3165 4292 3367 4345 missae
3390 4308 3573 4344 unum
3602 4295 3837 4345 tantum

2155 4385 2376 4439 Christi
2425 4398 2642 4451 corpus
2693 4381 2751 4433 in
2813 4379 3003 4449 caelis,
3038 4382 3094 4433 et
3125 4379 3176 4433 si
3208 4395 3327 4433 non
3360 4378 3573 4446 oculis,
3624 4384 3827 4433 mente

2157 4479 2350 4527 tamen
2407 4469 2500 4524 vel
2554 4468 2667 4522 fide
2722 4468 2942 4521 cernis.
3001 4465 3070 4519 Et
3131 4466 3285 4520 sicut
3315 4481 3495 4534 opere
3528 4470 3628 4519 tuo
3660 4472 3845 4536 putas

2152 4562 2409 4616 hostiam
2442 4558 2646 4627 dividi,
2674 4557 2761 4611 sic
2791 4555 2984 4626 putari
3024 4558 3217 4625 potest
3239 4554 3620 4609 sacerdotum
3653 4571 3841 4623 Opere

2153 4650 2282 4704 eri
2341 4652 2403 4702 ut
2451 4662 2670 4717 corpus
2728 4645 2970 4714 Christi,
3031 4643 3189 4715 quod
3220 4644 3279 4697 in
3310 4643 3478 4697 caelis
3505 4659 3695 4697 unum
3729 4648 3844 4711 est,

2151 4737 2387 4792 millein
2420 4736 2570 4789 locis
2605 4734 2782 4789 simul
2815 4736 3099 4788 teneatur.
3136 4732 3251 4786 Sed
3275 4732 3430 4785 absit
3478 4731 3618 4801 hoc,
3654 4738 3723 4786 ut
3746 4735 3840 4787 vel

2150 4828 2387 4882 illorum
2439 4840 2638 4894 opere,
2676 4823 2769 4876 vel
2828 4826 2948 4892 tuo,
2985 4838 3140 4876 unus
3170 4821 3447 4875 Christus
3490 4837 3603 4890 per
3630 4823 3844 4892 plures

2149 4919 2314 4971 locos
2348 4915 2439 4969 vel
2464 4918 2662 4984 partes
2686 4910 3011 4965 dividatur!
3037 4927 3150 4981 qua
3169 4912 3297 4980 ipse
3329 4911 3543 4981 estqui
3566 4911 3629 4964 in
3649 4927 3833 4981 opere

2149 5008 2508 5075 vestro,non
2532 5002 2684 5074 quod
2700 5004 2900 5055 vester
2913 5002 3082 5053 visus
3104 5000 3492 5067 mstimat,sed
3516 5000 3680 5070 quod
3707 5002 3837 5071 ipse

2160 5095 2284 5148 vult
2312 5092 2763 5163 operatur.Nam
2796 5090 2884 5144 sic
2918 5089 3192 5143 violentia
3224 5088 3572 5142 Judaaorum
3591 5090 3836 5143 videba-

2149 5188 2246 5238 tur
2278 5184 2449 5251 mori,
2483 5185 2540 5235 et
2571 5184 2766 5234 tamen
2807 5180 2934 5248 ipse
2967 5177 3138 5232 dicit:
3161 5177 3349 5231 Nemo
3389 5177 3547 5230 tollit
3581 5180 3839 5231 animam

2143 5289 2327 5328 meam
2353 5288 2510 5335 ams,
2547 5270 2655 5325 sed
2677 5285 2783 5340 ego
2810 5284 2959 5339 pono
2983 5284 3107 5321 eam
3221 5266 3443 5337 meipso
3499 5266 3702 5336 (Joan.
3743 5272 3823 5333 ).

2148 5365 2226 5417 Ita
2260 5378 2405 5433 ergo
2439 5356 3323 5431 cujuslibetfortasseviolentia
3345 5359 3588 5424 putatur
3612 5357 3828 5428 frangi:

2144 5467 2254 5507 nec
2285 5454 2479 5504 tamen
2512 5449 2666 5519 quod
2702 5445 2957 5501 carnalis
2982 5445 3233 5497 aestimat
3256 5459 3499 5511 sensus,
3527 5445 3640 5498 sed
3659 5444 3817 5514 quod

2146 5544 2277 5612 ipse
2301 5540 2424 5593 vult
2453 5538 2732 5591 Christus
2756 5534 3091 5589 credendus
3112 5535 3204 5587 est
3235 5532 3667 5601 operariSicut
3681 5547 3827 5587 sane

2145 5631 2285 5702 post
2318 5626 2691 5697 partitionem
2722 5622 2934 5677 hostiae
2964 5620 3201 5692 singula
3232 5619 3341 5673 tibi
3367 5620 3602 5674 minora
3616 5620 3826 5675 viden-

2137 5725 2234 5779 tur
2280 5731 2455 5794 quam
2504 5714 2696 5772 hostia
2744 5713 2994 5788 integra;
3054 5712 3135 5766 ita
3181 5709 3236 5765 in
3316 5709 3606 5767 omnibus
3635 5710 3838 5770 missis
