4084 6186
226 355 381 416 443⁸7

544 354 658 414 DE
700 318 1127 416 CORPORIS
1171 352 1274 415 ET
1317 352 1560 414 SANG.
1612 350 1917 414 DOMINI
1963 350 2396 413 VERITATE
2443 350 2663 414 LIBRI
2707 354 2938 416 TRES.
2974 324 3237 416 —VLlB.
3283 355 3333 414 Ι.

3503 354 3530 414 1
3543 356 3660 417 438

224 553 425 608 minus
458 555 699 623 apparet
729 569 948 623 corpus
983 552 1210 607 Domini
1242 568 1416 623 quam
1462 553 1520 606 in
1551 551 1720 606 cmlis
1751 565 1889 605 esse
1924 537 1971 599 Α
2001 553 2118 604 tam
2142 553 2483 606 necessario
2507 555 2874 607 sacramento
2892 554 3103 624 agitur,
3127 555 3427 609 discamus
3454 558 3660 613 visibi-

224 642 523 696 credatur.
560 642 675 696 Sed
710 642 824 696 hoc
848 645 1073 696 tantum
1112 640 1339 713 [totum]
1385 642 1712 696 secundum
1755 655 1890 693 sen-

226 745 375 795 sus;
406 731 507 801 qui
538 733 693 786 sicut
712 733 767 785 in
792 731 991 784 multis
1022 731 1203 785 rebus
1226 731 1358 784 aliis
1389 747 1571 800 serpe,
1604 731 1680 783 ita
1703 729 1760 782 in
1778 728 1890 782 hac

221 835 290 874 re
342 835 579 890 semper
624 820 921 874 falluntur.
973 820 1088 874 Sed
1122 820 1385 889 nunquid
1429 820 1481 873 si
1522 819 1635 872 hoc
1678 832 1888 886 capere

223 924 343 963 non
372 912 567 978 potest
613 909 822 963 oculus
854 908 1071 976 carnis,
1123 908 1595 979 exstinguendus
1636 907 1767 960 ideo
1799 908 1888 960 est

226 997 440 1051 oculus
492 998 754 1051 mentis?
801 997 947 1051 Cum
995 996 1151 1051 enim
1196 997 1380 1050 Maria
1429 995 1773 1067 Magdalene
1817 993 1890 1047 ad

224 1090 671 1141 monumentum
721 1086 954 1140 Domini
1003 1086 1280 1155 plorans,
1338 1086 1533 1155 ipsum
1579 1084 1889 1139 Dominum

226 1178 528 1243 cerneret;
561 1175 824 1244 nunquid
848 1191 964 1229 non
982 1175 1111 1243 ipse
1134 1190 1342 1229 revera
1363 1174 1543 1228 Jesus
1583 1176 1726 1240 erat,
1753 1172 1889 1242 quia

225 1264 327 1316 illa
352 1264 678 1318 secundum
700 1264 907 1318 oculos
926 1264 1169 1331 decepta
1196 1263 1568 1316 hortulanum
1601 1277 1667 1315 se
1689 1262 1889 1314 videre

228 1352 509 1422 putabat?
537 1353 750 1421 (Joan.,
782 1354 910 1422 xx.)
934 1353 1049 1406 Aut
1079 1368 1209 1406 cum
1231 1353 1359 1423 ipse
1390 1353 1483 1406 die
1514 1349 1895 1405 resurrectio-

228 1442 328 1494 nis
376 1457 525 1510 suae,
569 1441 804 1496 duobus
839 1441 1149 1512 discipulis
1201 1441 1639 1495 ambulantibus
1694 1440 1753 1492 in
1802 1438 1896 1491 via

227 1530 574 1599 Scripturas
592 1534 866 1601 tanquam
888 1531 1247 1602 peregrinus
1268 1534 1607 1601 exponeret,
1633 1527 1898 1599 nunquid

226 1618 390 1673 aliud
440 1634 614 1690 quam
663 1619 793 1690 ipse
838 1624 999 1688 erat;
1049 1620 1184 1690 quia
1230 1619 1514 1689 scriptum
1557 1620 1646 1673 est
1681 1634 1691 1670 :
1733 1614 1902 1669 Oculi

229 1724 437 1762 eorum
453 1707 916 1778 tenebantur,ne
933 1724 1062 1763 eum
1077 1714 1471 1779 agnoscerent
1487 1708 1512 1753 ?
1526 1708 1689 1776 (Luc.
1712 1708 1900 1775 xxxv.)

228 1800 353 1851 Aut
383 1813 512 1851 cum
545 1797 821 1866 discipuli
854 1798 914 1851 in
953 1798 1103 1851 mari
1139 1797 1501 1864 laborantes,
1546 1812 1678 1850 eum
1719 1810 1902 1865 super

232 1886 428 1940 undas
459 1888 769 1940 cernerent
799 1886 1229 1955 ambulantem;
1279 1887 1414 1956 quis
1442 1886 1655 1943 audeat
1702 1885 1899 1938 dicere

230 1992 355 2029 non
400 1977 595 2045 ipsum
627 1990 767 2029 vere
813 1975 1023 2045 fuisse,
1071 1976 1208 2046 quia
1256 1975 1370 2045 ipsi
1413 1974 1676 2044 deceptis
1709 1972 1900 2027 oculis

227 2065 585 2134 phantasma
614 2079 754 2118 esse
775 2065 1168 2133 putaverunt?
1200 2063 1437 2131 (Matth.
1476 2062 1665 2131 xxxv.)
1696 2061 1813 2116 Sed
1845 2065 1901 2116 et

230 2153 521 2208 secumin
539 2153 671 2206 navi
694 2152 818 2223 jam
848 2154 1106 2222 positum
1140 2152 1433 2221 videntes,
1467 2156 1524 2206 et
1553 2152 1901 2205 miraculum

234 2242 375 2313 ejus
397 2242 456 2295 in
489 2240 692 2296 sedato
724 2241 870 2295 mari
898 2242 1280 2310 admirantes,
1301 2243 1456 2295 sicut
1480 2256 1555 2294 ex
1576 2239 1899 2311 Evangelio

231 2334 437 2403 potest
465 2331 704 2402 conjici,
733 2346 849 2384 non
880 2333 1290 2402 cognoverunt
1318 2345 1453 2384 eum
1484 2331 1671 2384 donec
1702 2329 1901 2382 adter-

233 2437 365 2476 ram
413 2422 696 2476 venirent.
754 2420 852 2474 Sic
897 2420 1051 2474 enim
1098 2421 1383 2490 scriptum
1428 2424 1520 2474 est
1579 2437 1589 2474 :
1648 2419 1899 2491 Cumque

236 2510 479 2582 egressi
510 2515 712 2565 essent
744 2510 818 2564 de
848 2511 1008 2578 navi,
1038 2510 1312 2563 continuo
1342 2514 1744 2581 cognoverunt
1774 2525 1901 2562 eum

234 2600 453 2665 (Marc.
505 2606 605 2667 νι).
658 2598 886 2664 Quibus
936 2614 1010 2652 ex
1040 2599 1245 2652 verbis
1275 2602 1467 2668 potest
1510 2600 1596 2667 (ut
1624 2599 1902 2667 diximus)

236 2687 457 2757 conjici
490 2687 644 2757 quod
676 2686 734 2740 in
765 2687 921 2755 navi,
956 2686 1235 2740 fortassis
1276 2687 1667 2755 obstupefacti
1712 2687 1905 2741 adhuc

235 2777 465 2832 recenti
515 2776 817 2845 miraculo,
874 2775 1053 2845 aliqui
1102 2790 1220 2829 non
1280 2779 1706 2846 cognoverunt.
1755 2774 1904 2839 Quid

238 2866 464 2938 igitur?
493 2864 755 2933 nunquid
778 2864 1072 2932 putandus
1102 2868 1193 2918 est
1227 2878 1333 2918 eos
1366 2863 1714 2935 joculariter
1742 2865 1904 2919 delu-

238 2954 445 3009 sisse?
472 2951 673 3021 Absit'!
699 2953 834 3021 Ipse
853 2952 1007 3006 enim
1030 2951 1247 3023 ubique
1266 2952 1417 3007 idem
1441 2953 1597 3022 erat};
1622 2953 1750 3022 ipse
1772 2954 1905 3009 ubi-

239 3056 361 3113 que
390 3040 612 3094 veritas
661 3041 820 3105 erat;
866 3040 996 3108 ipse
1026 3038 1245 3109 ubique
1294 3040 1578 3109 sapientia
1618 3045 1760 3094 erat.
1792 3040 1909 3095 Sed

238 3130 420 3185 nobis
452 3145 557 3198 per
587 3128 711 3183 haec
745 3128 1052 3198 oportebat
1077 3128 1306 3182 ostendi
1329 3129 1626 3198 quoniam,
1651 3130 1907 3200 quandiu

241 3235 380 3274 cum
414 3218 599 3271 Maria
652 3218 846 3285 flente,
880 3217 1040 3271 velut
1078 3217 1148 3270 ad
1196 3209 1631 3271 monumentum
1678 3219 1909 3271 Domini

240 3312 472 3363 stamus
501 3307 691 3376 (Joan.
733 3306 855 3375 xx),
899 3307 1305 3376 nosmetipsos
1337 3307 1740 3361 mortiﬁcando
1770 3308 1909 3377 (Go-

240 3398 506 3464 1088.111)
554 3397 611 3449 et
668 3398 919 3449 mortem
965 3395 1195 3449 Domini
1226 3396 1414 3450 donec
1462 3396 1657 3450 veniat
1695 3411 1915 3450 annun-

240 3484 444 3540 tiaude
477 3482 531 3552 (1
561 3483 697 3538 Cor.
731 3484 833 3552 XI),
869 3484 1126 3553 quandiu
1158 3484 1217 3537 in
1247 3484 1343 3538 via
1370 3484 1547 3554 positi
1578 3485 1914 3556 peregrina-

243 3591 383 3629 mur
411 3588 442 3626 a
476 3572 720 3625 Domino
753 3571 840 3639 (II
869 3572 1004 3626 Cor.
1039 3572 1119 3641 v),
1162 3572 1420 3641 quandiu
1458 3572 1517 3625 in
1550 3573 1696 3626 mari
1731 3573 1915 3644 hujus

244 3662 458 3718 saeculi
515 3661 881 3731 laboramus,
940 3665 996 3713 et
1053 3664 1266 3714 ventus
1314 3660 1488 3715 nobis
1530 3663 1915 3716 tentatienum

243 3750 587 3806 contrarius
638 3752 750 3817 est,
785 3749 1044 3819 quandiu
1088 3748 1458 3803 ambulamus
1498 3767 1603 3819 per
1632 3750 1826 3819 ﬁdem,
1862 3755 1919 3805 et

242 3856 370 3895 non
388 3855 493 3909 per
508 3839 769 3909 Speciem
788 3837 990 3906 (Ibid.)
1019 3854 1030 3891 :
1058 3838 1328 3907 quamvis
1349 3838 1649 3907 plorantes
1685 3839 1755 3892 ad
1788 3856 1918 3894 mo-

243 3930 593 3985 numentum
612 3942 785 3982 suum
804 3940 1042 3996 semper
1056 3927 1343 3981 Dominus
1358 3929 1919 3999 censoletur,quam-

244 4019 349 4072 vis
362 4018 419 4071 in
434 4017 523 4070 via
538 4016 753 4086 positis
766 4030 1003 4085 semper
1015 4014 1354 4085 Scripturas
1369 4018 1918 4088 exponat,quamvis

247 4106 527 4161 turbatos
559 4106 617 4158 in
649 4105 797 4158 mari
826 4104 1184 4175 tranquillet,
1218 4106 1490 4174 quamvis
1521 4122 1792 4175 praesens
1822 4123 1923 4161 no-

250 4196 491 4250 biscum
511 4195 587 4248 sit
610 4208 848 4263 semper
870 4194 928 4247 in
945 4193 1081 4246 navi
1100 4198 1322 4247 sanctae
1342 4193 1628 4248 Ecclesiae
1653 4195 1920 4266 usquead

248 4284 811 4339 consummationem
843 4281 1045 4336 saeculi
1062 4301 1080 4347 ,-
1110 4297 1229 4337 non
1250 4285 1441 4337 tamen
1473 4283 1759 4337 habemus
1781 4298 1915 4338 eum

252 4388 506 4428 cernere
535 4372 652 4426 nisi
701 4372 760 4425 in
803 4372 1118 4443 peregrina
1166 4372 1385 4441 specie,
1436 4373 1687 4427 maxime
1730 4374 1919 4428 oculis

251 4461 491 4525 carnis;
517 4460 654 4515 licet
674 4476 789 4514 non
812 4460 967 4515 aliud
989 4475 1163 4530 quam
1186 4460 1379 4530 ipsum
1397 4460 1723 4515 habeamus
1745 4462 1805 4515 in
1828 4463 1920 4516 his

249 4549 670 4605 sacramentis.
724 4548 793 4602 Et
820 4549 1047 4603 merito.
1082 4549 1230 4602 Nam
1262 4549 1399 4619 quia
1448 4549 1677 4606 fructus
1726 4551 1924 4605 morti-

250 4640 403 4694 term
432 4638 665 4693 arboris
695 4638 952 4709 antiquis
997 4637 1335 4693 hominibus
1375 4639 1715 4708 spirituales
1745 4655 1917 4695 vera-

253 4743 482 4798 cesque
512 4727 719 4781 oculos
751 4726 1063 4797 clauserat,
1098 4727 1368 4781 carnales
1401 4728 1761 4799 fallacesque
1792 4745 1927 4799 ape—

254 4820 499 4885 ruerat;
528 4815 757 4885 justum
786 4818 879 4870 est
900 4820 963 4869 ut
995 4815 1230 4870 fructus
1260 4816 1515 4871 viviﬁcaa
1539 4818 1737 4872 crucis
1756 4820 1929 4872 nevis

256 4905 606 4961 hominibus
633 4905 799 4975 ipsos
832 4905 1033 4959 carnis
1074 4906 1280 4959 oculos
1311 4905 1561 4975 claudat,
1597 4910 1653 4960 et
1681 4923 1930 4962 veraces

255 4994 477 5050 mentis
535 4993 764 5062 oculos,
832 4994 1050 5064 quibus
1107 4994 1327 5048 veritas
1384 4994 1635 5063 videtur,
1686 4996 1927 5064 aperiat.

255 5083 763 5150 Quemadmodum
784 5083 965 5154 igitur
987 5084 1295 5155 aegrotanti
1327 5084 1537 5152 palato,
1564 5100 1763 5138 amara
1795 5101 1930 5138 cen-

260 5173 421 5228 senti
448 5188 581 5243 quae
604 5188 751 5226 sane
774 5172 967 5226 dulcia
989 5176 1146 5240 sunt,
1180 5187 1352 5226 nemo
1376 5187 1561 5227 sanus
1594 5173 1807 5237 credit;
1854 5173 1932 5226 ita

256 5261 516 5316 inﬁrmis
561 5261 899 5315 carnaiibus
940 5261 1130 5316 oculis
1176 5264 1378 5315 contra
1434 5266 1673 5316 sanates
1717 5263 1932 5316 mentis

259 5350 496 5418 oculos,
524 5350 595 5404 de
621 5350 748 5419 ipsa
768 5350 1057 5404 medicina
1078 5350 1379 5403 interioris
1400 5350 1640 5405 luminis
1655 5350 1933 5422 judican-

259 5439 452 5507 tibus,
482 5454 653 5493 nemo
682 5439 1065 5495 nisiinsanus
1088 5440 1399 5494 consentit.
1436 5439 1582 5493 Nam
1607 5445 1661 5494 et
1684 5457 1783 5493 res
1806 5440 1934 5495 haec

261 5530 425 5582 tanta
447 5529 566 5595 est,
594 5531 657 5581 ut
698 5526 928 5582 inﬁrmo
954 5528 1091 5582 visu
1118 5542 1236 5582 non
1264 5527 1456 5582 valeat
1487 5528 1932 5599 comprehendi,

260 5620 322 5673 et
356 5616 530 5672 ﬁdem
560 5620 824 5671 nostram
855 5617 935 5671 ita
978 5616 1179 5672 utilius
1221 5618 1313 5671 est
1355 5617 1590 5671 interim
1630 5618 1935 5688 exerceri;

265 5708 332 5767 ut
346 5720 454 5780 per
473 5704 587 5763 hoc
608 5706 883 5763 videlicet
898 5705 1056 5781 quod
1085 5708 1287 5763 contra
1315 5705 1513 5763 visum
1531 5707 1730 5766 carnis
1750 5707 1808 5764 in
1825 5707 1938 5767 hoc

1943 3272 1991 3331 C

2003 639 2077 692 lia
2106 641 2549 710 transcendere,
2591 642 2662 695 ad
2696 642 3014 696 invisibilia
3046 643 3349 713 festinare,
3383 649 3439 700 et
3462 651 3662 717 tenere

2003 730 2222 783 certius
2268 730 2515 799 occulta,
2576 747 2708 801 quae
2756 748 3055 801 nunquam
3105 733 3394 787 mentiens
3439 737 3662 792 veritas

2007 817 2220 883 docuit,
2243 834 2417 888 quam
2438 836 2569 890 quae
2594 836 2786 874 ceram
2809 820 2980 874 nobis
3005 820 3181 873 fallax
3210 823 3419 877 oculus
3441 826 3660 893 pandit.

2007 904 2371 977 Quapropter
2390 909 2663 978 quoniam
2686 908 2790 961 tibi
2809 912 3115 962 ostensum
3135 913 3223 963 est
3244 910 3398 964 idem
3431 928 3570 967 esse
3605 915 3666 970 in

2010 996 2313 1063 particulis
2336 997 2509 1051 unius
2531 997 2743 1051 hostiis
2777 997 2932 1067 quod
2956 1003 3047 1052 est
3076 997 3133 1051 in
3162 999 3434 1068 pluribus
3458 1003 3667 1058 missis

2011 1098 2144 1153 quae
2176 1085 2350 1138 simul
2380 1086 2771 1155 celebrantur,
2792 1086 2863 1139 de
2890 1087 3106 1157 quibus
3131 1088 3276 1141 satis
3309 1089 3667 1145 declaratum

2013 1187 2150 1226 esse
2180 1173 2400 1242 dixisti,
2434 1189 2543 1228 nec
2576 1175 2901 1228 secundum
2917 1176 3205 1230 visionem
3222 1178 3526 1232 oculorum
3543 1196 3667 1233 car—

2013 1261 2229 1315 nalium
2261 1261 2480 1317 debere
2511 1265 2565 1316 te
2591 1262 2860 1332 judicare
2892 1264 3255 1335 evangelicis
3296 1269 3581 1337 exemplis
3615 1272 3671 1323 et

1978 1351 2238 1427 ratione
2292 1354 2678 1405 monstratum
2737 1358 2848 1406 est.
2886 1352 3091 1406 Utrum
3124 1354 3271 1407 satis
3320 1356 3511 1410 adhuc
3541 1357 3670 1410 dic-

2013 1442 2134 1492 tum
2168 1439 2500 1506 arbitraris,
2536 1456 2783 1510 expone.

2688 1546 2999 1585 ROGERIUS.

2090 1618 2324 1672 Videris
2358 1618 2631 1689 equidem
2663 1619 2829 1687 mihi,
2863 1620 3066 1689 fateor,
3087 1621 3341 1675 sincerae
3361 1622 3496 1678 fidei
3518 1625 3676 1678 veri-

2012 1710 2188 1760 tatem
2221 1723 2483 1778 congrua
2514 1710 2795 1778 prosequi
2830 1709 3090 1764 ratione:
3123 1714 3679 1782 veruntamen,illud

2014 1796 2168 1866 quod
2195 1812 2286 1850 me
2317 1797 2515 1866 aliquo
2546 1799 2719 1851 modo
2752 1798 2943 1851 adhuc
2976 1799 3145 1863 redit,
3183 1816 3300 1854 non
3325 1802 3678 1857 tacebe.Su-

1937 1913 1979 1970 Β
2016 1885 2218 1954 perius
2278 1886 2494 1955 quippe
2527 1886 2729 1939 dixisti
2759 1887 2893 1957 quia
2926 1888 3211 1942 sacerdos
3246 1890 3480 1944 videtur
3508 1892 3682 1961 quasi

2016 1973 2279 2027 dividere
2310 1974 2562 2027 bestiam
2594 1978 2835 2044 propter
2865 1976 3229 2045 mysterium,
3264 1979 3511 2048 quodita
3525 1981 3680 2035 cele-

2015 2061 2176 2115 brari
2209 2062 2523 2132 eportet.Si
2537 2079 2680 2135 ergo
2694 2064 2958 2118 viderem
2973 2066 3129 2135 quod
3152 2065 3344 2120 hostia
3366 2070 3679 2143 postquam

2016 2155 2108 2203 est
2131 2156 2497 2221 consecrata,
2525 2151 2650 2222 jam
2680 2168 2797 2206 non
2832 2169 3013 2222 posse
3065 2155 3319 2223 amplius
3352 2157 3680 2226 dividi,nisi
3720 2186 3730 2195 ε

2018 2239 2093 2292 ob
2124 2240 2388 2310 mysterii
2420 2241 2859 2311 gratiam,quod
2893 2242 3046 2295 sicut
3077 2242 3300 2312 dixisti,
3342 2245 3417 2298 ita
3451 2248 3682 2315 oportet

2019 2328 2335 2382 celebrari:
2396 2344 2625 2383 omnem
2686 2346 2939 2398 prorsus
2996 2330 3414 2399 disputationis
3464 2334 3681 2388 seriem

2021 2420 2379 2472 inconcussa
2410 2418 2651 2472 veritate
2684 2422 2863 2472 ratam
2898 2435 3036 2473 esse
3068 2421 3681 2493 confiterer.Sedque-

2020 2508 2175 2561 niam
2206 2507 2453 2577 quilibet
2481 2507 2700 2561 nullius
2733 2508 3207 2563 consideratione
3227 2511 3685 2581 mysteriipreut

2025 2597 2166 2665 vult,
2202 2596 2316 2650 sibi
2348 2612 2475 2650 eam
2491 2596 2754 2659 dividere
2768 2612 2948 2666 posse
2966 2598 3228 2652 videtur:
3262 2599 3454 2653 adhuc
3479 2601 3684 2657 nescio

2026 2701 2174 2755 quas
2205 2686 2341 2738 hinc
2373 2685 2648 2755 cogitatio
2680 2700 2807 2739 mea
2841 2686 3115 2740 tenebras
3141 2688 3413 2757 sustinet,
3448 2704 3597 2759 quas
3628 2693 3687 2745 et

2030 2775 2323 2844 expellere
2366 2774 2564 2845 gestit,
2625 2777 2681 2828 et
2746 2777 2941 2829 tamen
3004 2776 3188 2831 libere
3265 2777 3501 2832 omnino
3568 2794 3686 2834 non

2027 2864 2204 2918 valet.

2671 2968 3041 3007 GUITHUNDUS

2092 3041 2155 3095 Si
2210 3041 2382 3112 plene
2414 3041 2607 3094 animo
2637 3057 2817 3110 supra
2850 3043 2999 3096 dicta
3038 3043 3332 3112 revelvas,
3367 3044 3511 3099 nihil
3544 3044 3681 3100 hinc

2022 3131 2420 3197 tenebrarum,
2484 3132 2544 3184 ut
2591 3131 2840 3199 aestimo,
2892 3131 2997 3184 tibi
3030 3132 3295 3187 residere
3327 3147 3684 3204 cognosces.

2026 3220 2174 3273 Nam
2206 3235 2426 3272 sensus
2442 3234 2708 3288 persaepe
2728 3219 3010 3285 falli,cum
3027 3224 3288 3274 veterum
3305 3222 3688 3292 philosopho-

2026 3324 2155 3362 rum
2187 3308 2366 3361 multa
2396 3312 2740 3379 argumenta
2770 3312 2889 3362 tum
2922 3309 3259 3378 quotidiana
3286 3311 3688 3379 experimenta

2026 3396 2371 3467 plenissime
2404 3396 2634 3450 docent.
2667 3395 2864 3467 quue
2897 3396 3072 3466 enim,
3106 3399 3683 3469 utaitBoctius,sen-

2029 3500 2135 3539 sus
2166 3489 2222 3539 et
2251 3486 2310 3538 in
2340 3485 2612 3539 maximis
2644 3489 2700 3538 et
2731 3486 2988 3539 minimis
3022 3487 3481 3542 confunduntur.
3518 3488 3688 3543 Unde

2032 3575 2092 3628 tit
2120 3579 2201 3643 ut,
2266 3574 2360 3628 his
2390 3576 2449 3627 in
2482 3575 2700 3644 quibus
2732 3576 3191 3645 contunduntur,
3233 3593 3458 3631 merum
3491 3577 3691 3632 since-

2030 3679 2279 3733 rumque
2306 3662 2597 3734 judicium
2628 3664 2846 3718 habere
2877 3680 2989 3719 non
3022 3665 3698 3734 pessint.Demediecri-

2030 3752 2146 3806 bus
2177 3767 2413 3822 quoque
2444 3752 2626 3806 rebus
2658 3769 2772 3806 non
2802 3752 2971 3823 juxta
3001 3770 3198 3808 rerum
3234 3742 3556 3824 veritatem,
3587 3756 3697 3810 sed

2032 3857 2138 3911 pro
2166 3840 2374 3894 affectu
2393 3839 2663 3911 judicant
2680 3842 3184 3898 sentientis.Sano
3216 3860 3469 3915 namque
3502 3844 3693 3899 cuivis

2034 3929 2441 3997 comedenti,si
2474 3929 2717 3982 multum
2755 3929 2999 3996 esuriat,
3038 3932 3209 3984 etiam
3258 3948 3455 3986 amara
3493 3932 3693 3987 dulcia

2034 4018 2339 4086 videntur;
2371 4021 2596 4089 aegroto
2618 4020 2832 4086 autem,
2869 4022 2966 4072 aut
2995 4019 3240 4073 multum
3262 4023 3483 4090 saturo,
3516 4021 3691 4075 etiam

2036 4107 2225 4161 dulcia
2257 4109 2396 4160 sunt
2426 4121 2641 4160 amara.
2694 4106 2836 4160 Item
2873 4108 2923 4160 si
2959 4109 3092 4176 quis
3123 4108 3408 4162 deformis
3440 4109 3696 4179 alicujus

2037 4196 2218 4251 scorti
2238 4210 2437 4249 amere
2472 4195 2765 4263 depereat,
2791 4210 3005 4264 nonne,
3022 4195 3118 4248 illa
3142 4196 3272 4249 talis
3299 4196 3484 4251 forma
3506 4197 3698 4252 oculis

2038 4284 2172 4355 ejus
2203 4300 2431 4338 summe
2462 4284 2803 4354 gratissima
2837 4286 2947 4351 est,
2983 4299 3115 4338 cum
3147 4286 3409 4339 omnium
3442 4301 3592 4355 pene
3610 4285 3695 4339 in-

2036 4374 2343 4441 tuentium,
2387 4388 2638 4443 quorum
2676 4388 2846 4426 mens
2890 4373 3091 4426 eadem
3128 4373 3364 4427 miseria
3410 4374 3702 4443 captivata

2038 4477 2155 4516 non
2173 4464 2283 4530 est,
2304 4477 2419 4515 non
2439 4460 2815 4515 mediocriter
2830 4461 2997 4514 visus
3016 4460 3310 4515 offendat?
3344 4462 3592 4516 Remum
3633 4460 3692 4514 in

2038 4568 2210 4622 aqua,
2237 4551 2289 4604 si
2313 4551 2647 4621 interrogas
2671 4550 2899 4618 oculos,
2917 4550 3164 4604 fractum
3195 4553 3494 4618 asserunt,
3528 4566 3706 4621 quem

2043 4656 2179 4695 mox
2192 4642 2514 4695 extractum
2530 4639 2829 4693 mansisse
2842 4639 3137 4711 integrum
3150 4639 3503 4694 testantibus
3517 4638 3709 4693 oculis
3778 4706 3787 4713 .

2042 4730 2189 4785 ratio
2223 4726 2452 4799 probat.
2489 4728 2636 4793 Quid
2680 4728 2750 4781 de
2778 4727 3006 4798 judicio
3037 4729 3309 4783 aurium?
3339 4728 3711 4799 quandoqui-

2045 4819 2178 4873 dem
2192 4818 2287 4871 illa
2306 4834 2439 4888 quae
2452 4817 2509 4870 in
2534 4816 2778 4871 auribus
2794 4816 2979 4870 sobrii
2997 4816 3428 4871 absurdissima
3444 4820 3703 4885 resonat,

2046 4904 2656 4975 lascivumquemlibet
2671 4906 2845 4957 mimu
2857 4920 2907 4956 m
2924 4904 3208 4957 cantilena
3224 4904 3415 4957 mellis
3430 4904 3703 4958 oblectat.

2047 4995 2163 5049 Sed
2195 4995 2332 5064 quid
2370 4995 2426 5047 in
2460 4994 2554 5046 his
2578 4993 2798 5046 diutius
2822 4993 3144 5046 immorer?
3172 4992 3314 5056 Quis
3335 4992 3489 5046 enim
3505 4992 3707 5046 mirari

2046 5085 2275 5154 debeat,
2296 5084 2346 5137 si
2363 5099 2582 5137 sensus
2602 5082 2858 5136 exterior
2872 5081 3211 5152 frequenter
3223 5080 3461 5150 fallitur,
3478 5097 3611 5136 cum
3628 5083 3715 5136 in-

2049 5173 2229 5227 terior
2257 5175 2430 5242 atque
2461 5170 2716 5225 omnium
2744 5169 2930 5241 judex
2972 5184 3259 5223 sensuum
3306 5168 3560 5238 animus,
3593 5170 3712 5224 nisi

2043 5261 2197 5316 hunc
2218 5262 2323 5315 Dei
2347 5262 2535 5331 gratia
2553 5264 2742 5329 regat,
2779 5259 2950 5313 toties
2973 5260 3028 5311 et
3056 5260 3276 5311 tantum
3300 5259 3665 5329 periclitetur
3686 5260 3715 5313 ?

2044 5351 2130 5405 Ex
2162 5365 2279 5421 quo
2304 5350 2363 5403 tit
2386 5352 2465 5416 ut,
2507 5352 2707 5402 contra
2730 5346 3132 5401 rationabilem
3166 5352 3389 5402 sanctae
3425 5346 3713 5403 Ecclesiae

2044 5441 2239 5507 fidem,
2274 5454 2379 5508 per
2410 5438 2523 5492 hoc
2553 5436 2709 5507 quod
2757 5436 3026 5490 inﬁrmus
3054 5439 3111 5490 et
3159 5436 3354 5506 lippus
3402 5437 3613 5491 oculus
3646 5451 3714 5491 se

2046 5530 2249 5584 videre
2278 5530 2460 5596 putat,
2494 5525 2828 5579 nullatenus
2860 5526 3079 5581 debeas
3108 5525 3415 5597 impediri;
3451 5526 3713 5598 quando-

2048 5618 2286 5690 quidem
2308 5630 2594 5687 eos,quos
2616 5613 3031 5669 inebedientiaa
3054 5615 3223 5671 cibus
3245 5615 3454 5670 oculos
3477 5627 3716 5685 aperue-

2054 5709 2143 5765 rat
2170 5704 2343 5778 (Gen.
2376 5710 2485 5777 ιιι),
2516 5719 2626 5778 per
2654 5703 2811 5761 hunc
2843 5702 3196 5761 ebedientiae
3222 5703 3419 5761 cibum
3440 5703 3719 5777 oqortero
