4084 6186
424 287 580 350 1439

1379 285 1867 348 GUITMUNDI
1909 284 2438 348 ARCHIEPISC.
2491 285 2932 348 AVERSANI.

3731 287 3878 348 1440

429 485 619 539 claudi
651 484 830 538 credo
855 483 977 556 jam
998 484 1239 550 retines,
1263 486 1326 538 ut
1349 483 1620 538 videlicet
1637 500 1744 554 per
1764 484 2089 555 spiritalem
2113 467 2167 528 Α
2220 485 2498 541 fantiliter
2518 488 2752 558 garrire
2785 502 2901 541 non
2934 487 3248 540 cessabis?
3268 486 3525 540 Proinde
3543 486 3880 540 considera-

418 575 770 643 vitalemque
794 573 991 628 cibum
1015 574 1304 628 restitutis
1329 574 1760 642 spiritualibus,
1786 590 1938 644 quos
1963 589 2090 628 car-

416 664 568 717 nalis
588 664 685 717 ille
709 678 776 716 ac
798 663 1068 718 mortifer
1104 663 1402 718 clauserat
1439 664 1666 731 oculus,
1687 663 1816 733 jam
1846 679 1962 717 non
1986 678 2088 718 se-

417 752 674 806 cundum
731 767 968 805 carnem
1028 753 1330 821 sapiamus
1389 753 1474 820 (II
1519 754 1652 807 Cor.
1714 753 1774 814 ν)
1823 752 1894 805 ad
1928 767 2086 807 mor—

416 846 553 910 tem,
589 841 716 909 sed,
742 843 997 895 revelata
1028 841 1196 907 facie,
1227 857 1360 912 quae
1393 847 1529 894 sunt
1567 840 1893 910 spiritualia
1939 857 2083 895 con-

418 931 768 1001 templemur
799 932 869 984 ad
920 932 1096 984 vitam
1151 933 1450 985 aeternam.
1513 933 1702 1000 Atque
1761 931 1837 983 ita
1893 946 2081 1000 quan-

419 1020 519 1074 diu
567 1021 625 1074 in
682 1035 871 1091 agone
929 1019 1064 1074 fidei
1122 1023 1436 1087 certamus,
1497 1020 1756 1090 quandiu
1811 1020 2080 1090 peregri-

420 1125 630 1163 namur
660 1126 691 1162 a
735 1110 1004 1175 Domino,
1040 1108 1212 1162 fidem
1263 1113 1524 1162 nostram
1559 1108 1764 1162 sedulo
1811 1109 2081 1162 convenit

419 1198 711 1265 exerceri,
737 1199 1028 1268 quatenus
1053 1197 1387 1251 exercendo
1415 1198 1734 1265 erudiatur,
1759 1197 2084 1251 erudiendo

417 1292 716 1358 pascatur,
751 1286 1050 1356 pascendo
1077 1291 1382 1356 augeatur,
1414 1287 1683 1356 augendo
1725 1287 2080 1355 perficiatur,

417 1378 677 1446 perfecta
711 1379 1041 1429 coronetur.
1075 1375 1240 1439 Quod
1274 1378 1464 1429 autem
1498 1376 1632 1428 fidei
1657 1376 1712 1428 id
1742 1375 2086 1430 exercitium
2121 1400 2130 1407 -

419 1467 601 1533 esset,
628 1463 720 1518 vel
771 1464 927 1534 quod
976 1479 1086 1533 pro
1135 1464 1418 1517 exercitio
1470 1481 1580 1518 suo
1631 1465 1902 1518 meritum
1950 1464 2087 1516 tanti

419 1553 777 1609 sacramenti
805 1553 1012 1606 fideles
1048 1552 1418 1619 haberent,si
1442 1568 1670 1606 sacram
1695 1553 1946 1606 hostiam
1973 1568 2089 1607 non

419 1656 622 1712 posse,
663 1640 777 1693 nisi
810 1656 914 1709 per
945 1639 1311 1693 sacerdotem
1347 1644 1402 1692 et
1434 1640 1490 1692 in
1511 1641 1694 1693 missa
1719 1641 2087 1694 solummodo

420 1732 621 1799 dividi,
644 1729 956 1783 manifeste
983 1732 1038 1781 et
1058 1729 1453 1798 quorumlibet
1472 1729 1661 1782 oculis
1687 1733 1924 1799 pateret.
1943 1729 2088 1793 Quis

420 1837 535 1876 non
552 1819 643 1872 vel
669 1819 993 1872 infidelium
1016 1834 1120 1887 pro
1147 1822 1258 1870 tam
1282 1817 1536 1872 evidenti
1566 1818 1868 1886 miraculo,
1897 1817 2088 1889 magis
2126 1840 2174 1900 Β

419 1925 595 1981 quam
614 1925 719 1978 pro
741 1910 962 1960 ratione
987 1907 1119 1960 fidei
1148 1908 1549 1960 consentiret?
1591 1908 1854 1977 Denique
1903 1908 2090 1960 mani-

421 2000 573 2052 festa
604 1997 882 2050 miracula
907 2012 1022 2050 non
1050 2001 1288 2065 propter
1319 1996 1546 2064 fideles,
1574 1996 1680 2050 sed
1701 2000 1939 2065 propter
1962 1995 2091 2049 infi-

421 2080 585 2142 deles
619 2086 757 2139 dicit
780 2086 1103 2154 Apostolus
1127 2085 1292 2152 fieri;
1331 2085 1439 2138 hec
1484 2087 1674 2138 autem
1722 2089 2089 2139 sacramenta

420 2192 532 2230 non
558 2179 696 2230 sunt
715 2174 1058 2240 infidelium,
1086 2174 1191 2226 sed
1211 2173 1489 2241 fidelium,
1517 2173 1567 2240 (Ι
1589 2174 1723 2228 Cor.
1750 2175 1891 2242 xxv).
1921 2174 2087 2227 Unde

419 2281 529 2320 nec
550 2264 886 2318 infidelibus
917 2263 1008 2316 fas
1034 2265 1124 2316 est
1153 2263 1248 2315 illa
1277 2262 1575 2329 distribui,
1621 2263 1727 2316 sed
1762 2279 1868 2316 nec
1915 2263 2089 2316 etiam

421 2353 620 2424 pandi.
659 2353 785 2406 Non
811 2353 994 2423 igitur
1037 2351 1373 2405 infidelibus
1420 2368 1524 2419 per
1566 2355 1766 2420 aperta
1811 2352 2091 2405 miracula

419 2446 671 2513 pateant,
699 2442 808 2495 soli
832 2455 973 2494 vero
1001 2440 1206 2492 fideles
1227 2456 1341 2493 non
1367 2442 1564 2494 carnis
1587 2441 1796 2494 intuitu
1811 2441 1957 2506 haec,
1981 2441 2089 2494 sed

420 2534 614 2586 mente
640 2532 903 2584 cernant.
940 2528 1087 2580 Nam
1119 2532 1175 2581 et
1199 2529 1325 2597 ipse
1360 2529 1645 2582 Dominus
1679 2532 1880 2583 noster
1910 2530 2089 2583 Jesus

420 2620 694 2673 Christus
709 2620 1075 2671 sacramenta
1090 2616 1587 2686 haec,mysterium
1605 2618 1737 2672 fidei
1753 2617 2086 2687 appellavit.

424 2709 500 2761 Ut
531 2707 667 2778 quid
702 2721 844 2776 ergo
875 2705 1238 2775 mysterium,
1285 2707 1421 2778 nisi'
1451 2708 1584 2776 quia
1631 2708 1920 2760 occultum
1945 2709 1972 2759 Ξ)
2016 2707 2090 2760 Ut

421 2796 562 2867 quid
591 2795 746 2862 fidei,
783 2795 899 2848 nisi
935 2795 1088 2862 quod
1122 2794 1232 2846 hoc
1265 2777 1376 2847 non
1407 2797 1602 2849 carnis
1634 2797 1826 2864 oculo,
1859 2796 1964 2848 sed
1996 2796 2088 2848 in-

423 2887 566 2940 tuitu
604 2885 737 2938 fidei
779 2884 1055 2937 convenit
1091 2885 1494 2954 contemplari;
1548 2901 1702 2954 nam,
1750 2886 1903 2938 sicut
1947 2900 2090 2938 san-

422 2976 726 3030 ctissimus
750 2973 826 3026 ait
852 2973 1204 3043 Gregorius,
1255 2988 1370 3026 non
1404 2973 1578 3027 habet
1613 2975 1763 3027 fides
1793 2975 2088 3042 meritum,

423 3065 518 3119 cui
550 3064 805 3118 humana
837 3062 983 3116 ratio
1015 3062 1241 3131 praebet
1281 3063 1768 3132 experimentum.
1816 3064 1875 3117 Si
1909 3063 2092 3134 igitur

421 3155 492 3208 de
523 3153 753 3206 fallacia
787 3151 1108 3205 carnalium
1140 3167 1448 3218 sensuum,
1484 3153 1585 3222 qui
1639 3169 1747 3207 nec
1793 3153 1865 3206 de
1906 3154 2088 3206 rebus
2126 3193 2169 3222 ﬂ.

2123 3202 2175 3264 C

422 3243 643 3312 parvis,
678 3245 884 3312 etquae
907 3239 1056 3309 ipsis
1088 3244 1284 3309 patere
1309 3242 1592 3295 sensibus
1627 3243 1838 3309 solent,
1875 3241 2089 3296 nedum

421 3334 494 3386 de
543 3331 817 3385 maximis
849 3332 906 3383 et
948 3329 1199 3383 occultis
1231 3334 1433 3383 contra
1474 3331 1757 3384 rationem
1810 3331 2090 3384 credendi

422 3425 580 3489 sunt,
616 3420 921 3474 evidenter
952 3418 1252 3485 accepisti,
1286 3419 1339 3471 si
1370 3419 1708 3486 spirituales
1751 3435 1970 3474 sensus
2015 3421 2087 3473 ad

421 3511 749 3581 spiritualia
783 3510 1149 3562 sacramenta
1175 3507 1408 3576 aperiri,
1443 3508 1713 3562 carnales
1736 3525 1877 3562 vero
1897 3509 2088 3563 claudi

422 3602 694 3668 oportere
726 3597 1004 3662 didicisti,
1040 3597 1092 3649 si
1122 3596 1376 3666 denique
1410 3596 1513 3649 tibi
1543 3598 1614 3651 de
1645 3600 1926 3667 mysterio
1951 3598 2086 3651 fidei

422 3689 510 3742 sic
532 3687 870 3741 infidelibus
891 3686 1258 3753 occultando,
1277 3685 1550 3740 fidelibus
1573 3692 1763 3741 autem
1788 3705 1892 3758 pro
1918 3705 2086 3744 exer-

423 3778 560 3832 citio
597 3792 705 3830 suo
733 3776 937 3829 merito
971 3775 1297 3829 crescentis
1331 3775 1463 3829 fidei
1512 3776 1829 3844 plurimum
1878 3780 2087 3848 profu-

422 3870 572 3934 turo,
611 3864 982 3919 satisfactum
1005 3867 1124 3933 est;
1158 3864 1358 3934 nullis,
1408 3867 1466 3917 ut
1511 3865 1783 3936 arbitror,
1836 3867 1930 3921 hic
1959 3885 2087 3922 am-

422 3955 580 4025 plius
607 3953 875 4008 tenebris
905 3953 1190 4022 improbae
1229 3955 1740 4024 tergiversationis
1785 3960 1839 4010 te
1870 3957 2091 4011 involvi

421 4044 608 4098 decet.
646 4044 732 4096 Ad
765 4059 1074 4110 summam,
1107 4043 1243 4113 quis
1275 4044 1466 4110 possit
1496 4044 1728 4098 edicere
1758 4045 1850 4099 vel
1895 4051 2089 4113 mente

423 4148 655 4203 capere,
691 4135 906 4202 quanta
937 4133 1110 4185 etiam
1141 4135 1362 4184 nostra;
1393 4132 1588 4186 carnis
1628 4136 1763 4201 post
1809 4110 2090 4189 resu'rre-

421 4223 673 4277 ctionem
705 4220 901 4274 futura
925 4221 1000 4273 sit
1032 4219 1240 4290 gloria,
1276 4224 1489 4290 quanta
1535 4222 1833 4291 potentia?
1882 4223 2091 4278 Immu-

423 4311 678 4367 tabimur
710 4311 885 4378 enim,
912 4313 966 4362 et
986 4308 1379 4379 corruptibile
1396 4308 1505 4364 hoc
1529 4310 1735 4364 induet
1766 4315 2094 4383 corruptio-

424 4416 576 4468 nem,
599 4403 655 4453 et
678 4415 888 4470 corpus
909 4414 1060 4452 nunc
1082 4398 1334 4452 animale
1347 4401 1882 4470 surgetspirituale
1904 4402 1961 4470 (Ι
1980 4403 2096 4457 Cor

423 4489 541 4558 xv),
561 4489 907 4558 dabiturque
926 4487 1098 4542 nobis
1119 4487 1267 4558 quod
1279 4489 1478 4542 oculus
1497 4505 1608 4543 non
1630 4490 1915 4558 vidit,nec
1929 4494 2095 4546 auris

425 4578 678 4648 audivit,
698 4593 805 4632 nec
822 4579 882 4630 in
902 4593 1003 4631 cor
1015 4578 1272 4630 hominis
1289 4578 1559 4632 ascendit
1578 4579 1715 4647 (Isa.
1738 4581 2092 4649 Lx1v;ICor.
2120 4563 2174 4627 D

425 4669 508 4737 ιι).
532 4666 872 4737 Cumigitur
884 4665 974 4719 vel
996 4664 1580 4736 extremicujuslibet
1600 4668 2091 4726 homunculicaro

426 4760 703 4828 quantam
740 4755 815 4808 sit
851 4754 1120 4809 habitura
1151 4757 1467 4823 potentiam
1506 4757 1664 4810 nulla
1716 4774 1871 4812 nunc
1901 4761 2093 4829 possit

427 4843 932 4915 comprehendere
963 4844 1130 4913 ratio,
1155 4848 1216 4898 tu
1247 4845 1317 4898 de
1342 4860 1588 4914 corpore
1618 4846 1944 4902 Salvatoris
1982 4849 2093 4902 im-

425 4936 718 5006 pudenter
737 4939 793 4988 et
824 4933 1156 5000 carnaliter,
1182 4932 1351 5002 juxta
1375 4950 1595 4988 sensus
1622 4931 1912 5006 disputas,
1939 4939 2094 5008 quod

428 5041 552 5094 prae
578 5041 644 5079 se
675 5022 1050 5078 ineffabiliter
1070 5037 1276 5076 omnes
1299 5024 1490 5094 angeli
1513 5025 1900 5081 venerantur!
1925 5027 2095 5082 Certe

428 5114 730 5168 enimvero
763 5112 1046 5183 quidquid
1077 5112 1330 5166 humano
1355 5113 1677 5169 intellectui
1698 5118 1958 5172 occurrit
1986 5133 2095 5171 no-

429 5199 525 5253 bis
558 5216 740 5268 posse
780 5200 926 5268 dari,
963 5200 1159 5254 minus
1192 5203 1285 5255 est
1325 5205 1423 5255 aut
1457 5201 1623 5271 nihil,
1658 5204 1729 5257 ad
1764 5203 1907 5258 illud
1938 5207 2095 5276 quod

431 5288 786 5357 promittitur
805 5289 999 5343 nobis.
1030 5289 1176 5343 Cum
1207 5291 1389 5361 igitur
1422 5307 1534 5345 nos
1566 5297 1914 5362 accepturos
1958 5310 2096 5349 esse

431 5374 730 5430 credimus
779 5377 934 5447 quod
976 5393 1133 5432 nunc
1176 5379 1331 5433 scire
1376 5380 1667 5449 quomodo
1710 5383 1901 5450 possit
1948 5384 2093 5456 fieri,

431 5465 548 5521 nisi
579 5465 715 5536 quia
749 5465 867 5519 Deo
901 5468 1094 5520 omnia
1124 5468 1435 5537 possibilia
1478 5474 1616 5525 sunt
1663 5486 1779 5526 non
1809 5474 2097 5543 valemus,

432 5560 494 5612 tu
524 5555 596 5609 de
628 5554 1046 5624 omnipotentis
1079 5555 1181 5610 Dei
1215 5573 1482 5629 corpore,
1517 5561 1792 5631 quoniam
1815 5577 2099 5634 quaecun-

432 5661 547 5723 que
576 5647 834 5718 aguntur
862 5659 986 5715 prae
1018 5645 1207 5700 oculis
1245 5646 1598 5704 bestialibus
1629 5667 1744 5707 non
1766 5652 1973 5726 habes,
2006 5656 2099 5712 in-

2206 577 2322 629 tius
2356 577 2696 646 supradicta
2720 580 2993 644 retracta,
3023 579 3077 629 et
3101 575 3350 628 fidenter
3370 580 3524 643 tene,
3560 579 3664 627 aut
3687 576 3875 628 Domi-

2205 681 2344 719 num
2387 667 2572 719 Deum
2603 668 2876 720 nostrum
2909 680 3145 719 carnem
3187 680 3355 718 suam
3409 665 3542 718 sine
3589 665 3714 718 ullo
3754 664 3880 734 ejus

2204 755 2576 808 incommodo
2589 749 2903 824 perpartes
2917 752 3286 808 ineffabiliter
3298 768 3480 822 posse
3493 753 3876 822 distribuere,

2207 847 2322 912 aut,
2345 844 2398 897 si
2429 845 2483 896 id
2505 844 2559 897 ei
2588 859 2705 897 non
2737 843 2946 913 placet,
2970 846 3340 897 sacramenta
3356 857 3486 896 suae
3516 857 3772 908 mensae,
3793 842 3880 896 vel

2209 934 2535 988 secundum
2585 933 2843 987 rationes
2890 948 3038 1002 quas
3075 933 3353 999 diximus,
3411 932 3506 985 vel
3548 931 3881 985 secundum

2208 1024 2375 1090 alias,
2411 1023 2462 1076 si
2502 1023 2660 1076 Deus
2691 1021 2797 1075 tibi
2835 1021 3060 1075 dederit
3100 1020 3347 1075 forsitan
3391 1020 3704 1086 meliores,
3754 1019 3884 1072 licet

2209 1113 2513 1167 oculorum
2569 1110 2889 1164 carnalium
2948 1110 3269 1164 infirmitati
3342 1109 3513 1162 aliter
3572 1109 3882 1166 videatur.

2210 1204 2399 1254 tamen
2433 1200 2683 1254 indivisa
2714 1214 2972 1252 manere.
2999 1200 3071 1251 At
3102 1199 3152 1251 si
3186 1197 3327 1252 illud
3359 1197 3517 1268 quod
3550 1197 3727 1266 prius
3769 1196 3885 1249 dixi

2208 1291 2456 1344 Domino
2480 1289 2688 1358 placet,
2716 1288 2805 1341 fas
2855 1290 2944 1342 est
3003 1303 3147 1358 ergo
3204 1303 3321 1340 non
3371 1303 3479 1355 per
3540 1286 3884 1339 violentiam

2207 1380 2441 1449 quidem
2472 1382 2754 1446 nostram,
2783 1377 2888 1430 sed
2919 1391 3024 1446 per
3054 1377 3452 1447 dignationem
3485 1391 3664 1428 suam
3714 1374 3885 1426 Chri—

2205 1473 2360 1521 stum
2393 1467 2718 1521 secundum
2753 1481 2989 1519 carnem
3020 1465 3294 1518 dentibus
3319 1465 3488 1518 atteri
3521 1469 3578 1517 et
3609 1478 3726 1532 per
3757 1479 3884 1532 par-

2203 1562 2292 1609 tes
2327 1571 2546 1626 corpus
2577 1555 2712 1626 ejus
2756 1554 3031 1608 fidelibus
3077 1553 3422 1607 ministrari.
3474 1552 3536 1606 Si
3571 1567 3724 1606 vero
3773 1567 3884 1605 non

2203 1648 2410 1714 placet,
2446 1645 2590 1698 nihil
2621 1644 2795 1698 nobis
2838 1643 3260 1697 inconveniens
3311 1643 3382 1694 de
3433 1641 3742 1694 divisione
3791 1655 3884 1693 sa-

2205 1738 2638 1788 cramentorum
2665 1739 2720 1787 et
2751 1732 3138 1800 dissipatione
3171 1731 3344 1784 debet
3361 1730 3546 1799 objici
3571 1746 3713 1799 quae
3749 1745 3885 1798 pos-

2205 1827 2362 1892 sunt,
2397 1827 2456 1876 ut
2497 1823 2776 1890 diximus,
2811 1820 3240 1875 rationabiliter
3271 1819 3670 1872 iudivisibilia
3703 1823 3760 1872 et
3803 1821 3885 1871 in-

2204 1913 2657 1983 disseparabilia
2691 1911 3082 1979 comprobari.

2930 2015 3146 2054 ROGER.

2279 2092 2357 2143 Ita
2389 2090 2615 2158 fateor;
2646 2090 2875 2143 cunctis
2907 2105 3040 2158 quae
3064 2086 3316 2156 opposui
3345 2089 3446 2139 tua
3477 2089 3892 2154 competenter

2210 2173 2469 2234 occurrit
2501 2179 2668 2247 ratio,
2704 2182 2765 2231 ut
2795 2194 2900 2247 per
2929 2177 3120 2230 omnia
3153 2177 3463 2247 gaudeam,
3513 2179 3574 2227 et
3623 2175 3780 2227 nihil
3824 2189 3893 2226 ex

2206 2269 2301 2322 his
2333 2268 2625 2338 reliquum
2650 2267 2878 2319 videam
2910 2267 2969 2319 in
2983 2265 3338 2336 quojustum
3357 2268 3561 2334 putem
3588 2269 3646 2317 te
3677 2263 3892 2317 debere

2205 2374 2238 2410 a
2269 2373 2360 2410 me
2392 2356 2644 2426 amplius
2675 2356 2933 2427 fatigari.

2845 2459 3234 2497 GUITMUNDUS.

2278 2534 2424 2588 Illud
2456 2551 2599 2588 sane
2619 2533 2963 2602 scrupulum
2985 2537 3177 2586 movet
3206 2531 3535 2601 aliquibus,
3569 2531 3900 2601 quominus

2205 2625 2354 2678 hanc
2417 2627 2798 2676 mutationem
2852 2636 3035 2692 posse
3093 2622 3222 2674 fieri
3271 2620 3551 2682 credant,
3605 2621 3779 2690 quod
3835 2634 3898 2672 ex

2205 2711 2394 2764 solido
2427 2713 2650 2764 naturae
2699 2724 2880 2762 cursu
2923 2708 3081 2761 nulla
3119 2707 3243 2760 fere
3292 2722 3362 2760 ex
3411 2710 3535 2760 toto
3590 2707 3896 2758 simillima

2204 2800 2470 2854 occurrit
2499 2799 2761 2852 mutatio.
2794 2797 2944 2850 Nam
2975 2812 3107 2850 cum
3146 2796 3362 2866 aliquid
3413 2796 3901 2848 substantialiter

2201 2890 2626 2942 transmutatur
2656 2887 2715 2939 in
2746 2886 2922 2954 aliud,
2957 2887 3015 2938 in
3057 2886 3112 2938 id
3153 2887 3352 2954 utique
3402 2885 3678 2938 transire
3731 2885 3897 2948 solet,

2200 2979 2359 3049 quod
2389 2993 2505 3032 non
2523 2976 3021 3045 existebatprius,
3042 2975 3208 3028 verbi
3232 2975 3441 3045 gratia,
3473 2973 3674 3045 Virga
3705 2974 3898 3044 Moysi

2200 3073 2424 3121 mutata
2446 3073 2535 3120 est
2571 3067 2630 3118 in
2667 3071 3008 3136 serpentem
3040 3064 3256 3132 (Exod.
3276 3064 3400 3131 vn),
3427 3080 3569 3133 quae
3604 3068 3755 3116 ante
3787 3079 3896 3116 non

2201 3160 2325 3211 erat
2354 3171 2629 3225 serpens,
2664 3154 2770 3208 sed
2794 3159 2931 3208 tunc
2963 3155 3140 3222 cmpit
3169 3168 3307 3206 esse
3331 3168 3623 3221 serpens;
3661 3152 3898 3222 quando

2204 3261 2348 3300 vero
2383 3245 2636 3298 dicimus
2667 3243 2878 3296 mutari
2912 3257 3142 3311 panem,
3175 3257 3291 3296 non
3355 3242 3411 3293 in
3454 3256 3714 3294 carnem
3774 3255 3898 3311 qua?

2199 3335 2460 3389 nundum
2512 3334 2700 3386 fuerat
2747 3347 2905 3397 caro,
2980 3331 3086 3384 sed
3126 3331 3184 3382 in
3228 3345 3354 3384 eam
3402 3345 3543 3400 quae
3593 3328 3730 3397 jam
3783 3331 3897 3382 erat

2198 3425 2418 3478 Christi
2450 3437 2608 3489 caro,
2635 3421 2764 3474 sine
2797 3419 2916 3473 ullo
2949 3420 3145 3472 carnis
3179 3419 3368 3488 ipsius
3405 3417 3750 3471 Dominieaa
3770 3432 3895 3470 cre-

2199 3516 2395 3568 mento
2422 3511 2634 3564 mutari
2665 3509 3032 3564 confitemur.
3067 3508 3136 3562 Et
3184 3523 3296 3561 nos
3335 3507 3617 3576 equidem
3671 3507 3746 3559 ad
3802 3507 3891 3557 in-

2197 3601 2582 3672 telligendum
2614 3599 2786 3653 nobis
2819 3599 2878 3650 in
2901 3598 3012 3651 hoc
3033 3597 3254 3650 saeculo
3272 3595 3586 3648 difficilem
3610 3594 3886 3647 mutatio-

2202 3707 2335 3747 nem
2367 3691 2518 3744 hanc
2551 3704 2667 3743 non
2698 3702 3007 3758 negamus,
3035 3701 3152 3739 non
3178 3690 3373 3738 tamen
3397 3684 3467 3736 ad
3491 3682 3885 3737 credendum.

2201 3781 2318 3835 Sed
2348 3794 2634 3850 quorsum
2657 3777 2758 3829 id?
2787 3776 2940 3829 Num
2971 3775 3132 3828 enim
3175 3773 3399 3827 idcirco
3447 3788 3738 3844 magnum
3781 3771 3886 3823 hoc

2201 3874 2374 3942 atque
2406 3866 2858 3922 saluberrimum
2877 3864 3120 3918 credere
3143 3877 3260 3916 non
3284 3862 3598 3927 debemus,
3621 3861 3680 3914 si
3697 3861 3756 3913 in
3781 3860 3886 3912 hac

2204 3960 2340 4029 vita,
2367 3957 2658 4028 quomodo
2693 3955 2807 4022 fiat,
2843 3968 3054 4022 capere
3085 3969 3200 4006 non
3251 3951 3542 4018 valemus,
3594 3966 3734 4003 cum
3783 3963 3885 4001 ne-

2203 4048 2470 4103 cessario
2503 4045 2683 4099 multa
2713 4044 2827 4097 fide
2861 4047 3187 4108 teneamus,
3224 4040 3442 4110 quibus
3473 4044 3689 4092 nostra
3712 4039 3886 4091 caeci-

2201 4142 2313 4206 tas,
2337 4140 2433 4190 aut
2451 4134 2630 4188 multo
2654 4132 2867 4203 magis,
2883 4134 2980 4184 aut
3003 4134 3160 4184 certe
3183 4145 3299 4184 non
3328 4129 3525 4181 minus
3548 4141 3884 4199 repugnare

2201 4225 2485 4296 videtur?
2517 4224 2598 4276 De
2629 4221 2997 4292 providentia
3029 4233 3282 4288 namque
3313 4221 3368 4271 et
3396 4217 3593 4270 libero
3613 4217 3880 4280 arbitrio,

2207 4332 2339 4370 cum
2373 4316 2686 4382 utrumque
2728 4310 2978 4364 fideliter
3000 4312 3327 4375 teneamus,
3359 4309 3414 4359 et
3446 4309 3771 4376 utrumque
3801 4311 3884 4356 te-

2202 4405 2331 4460 neri
2367 4406 2650 4474 oporteat,
2703 4403 2781 4454 ita
2850 4399 2962 4452 sibi
3005 4398 3266 4451 rationes
3298 4395 3574 4448 humana:
3607 4395 3884 4447 videntur

2203 4495 2559 4549 altrinsecus
2591 4489 2855 4557 obviare,
2883 4491 2942 4542 ut
2963 4487 3159 4557 potius
3182 4489 3493 4554 utramque
3514 4482 3883 4554 [ntrumqnej

2204 4583 2472 4637 vicissim
2497 4581 2822 4646 destruant,
2857 4591 3032 4646 quam
3060 4574 3154 4628 vel
3184 4574 3432 4627 alterum
3473 4587 3617 4626 esse
3669 4587 3884 4625 conce-

2204 4673 2360 4727 dant.
2394 4670 2569 4724 Nulla
2592 4682 2760 4722 mens
2801 4664 3059 4719 hominis
3091 4666 3283 4734 potest
3325 4677 3542 4731 capere
3586 4661 3883 4731 quomodo

2205 4762 2261 4815 id
2285 4761 2440 4831 quod
2461 4759 2518 4812 in
2549 4757 2815 4812 unoloco
2844 4758 3026 4809 totum
3050 4757 3142 4806 est
3163 4752 3368 4806 eodem
3401 4755 3673 4819 tempore.
3704 4754 3883 4803 totum

2207 4865 2345 4904 esse
2377 4848 2569 4919 possit
2589 4847 2648 4900 in
2677 4846 2881 4910 altero,
2908 4858 3041 4896 cum
3072 4842 3144 4895 de
3184 4855 3329 4894 voce
3359 4843 3558 4893 tamen
3600 4840 3879 4898 hominis,

2208 4939 2262 4993 id
2297 4954 2503 4993 omnes
2537 4936 2799 4997 teneant;
2833 4933 3084 4986 animam
3115 4945 3348 5001 quoque
3379 4928 3645 4998 singulis
3685 4929 3880 4981 inesse

2208 5029 2491 5085 membris
2506 5025 2679 5080 simul
2696 5023 3108 5089 totam,beatus
3122 5018 3497 5090 Augustinus
3511 5018 3879 5088 inexpugna-

2206 5120 2312 5174 bili
2331 5118 2556 5172 ratione
2574 5113 2898 5169 confirmet.
2925 5111 2995 5164 Et
3014 5126 3152 5164 ecce
3184 5107 3443 5162 omnium
3473 5121 3682 5160 rerum
3718 5121 3878 5159 erea-

2209 5211 2288 5264 tio
2321 5207 2599 5275 creditur,
2635 5218 2767 5257 cum
2816 5203 3010 5254 tamen
3039 5200 3112 5252 ab
3145 5197 3378 5251 homine
3431 5211 3550 5249 non
3597 5196 3875 5265 capiatur.

2205 5299 2349 5364 Quis
2383 5296 2558 5365 enim,
2593 5297 2655 5346 ut
2684 5291 2755 5345 de
2787 5288 3134 5360 compendio
3163 5287 3389 5356 loquar,
3435 5286 3573 5338 vale
3587 5287 3644 5338 at
3672 5297 3877 5354 capere

2205 5387 2348 5442 illud
2372 5385 2528 5457 quod
2559 5383 2747 5454 primo
2771 5379 2988 5434 factum
3019 5383 3130 5446 est,
3171 5376 3406 5448 quando
3453 5373 3664 5427 habuit
3717 5371 3878 5426 fieri?

2204 5475 2369 5542 Quod
2403 5473 2557 5529 enim
2589 5471 2780 5526 adhuc
2811 5469 3049 5524 omnino
3079 5482 3197 5521 non
3248 5468 3359 5531 est,
3409 5479 3534 5517 non
3593 5463 3656 5515 tit
3685 5480 3700 5530 ;
3761 5462 3871 5515 fieri

2205 5566 2358 5622 enim
2383 5563 2508 5635 jam
2541 5561 2613 5615 ad
2643 5574 2781 5614 esse
2811 5556 3080 5629 pertinet.
3140 5554 3462 5625 Postquam
3514 5553 3722 5606 autem
3769 5555 3867 5604 est.

2204 5670 2323 5712 non
2353 5653 2453 5724 fit;
2481 5651 2601 5724 jam
2634 5649 2849 5720 quippe
2879 5647 2989 5702 est.
3025 5643 3140 5700 Sed
3171 5657 3281 5699 nec
3309 5642 3462 5697 inter
3492 5655 3642 5697 esse
3671 5644 3730 5696 et
3765 5653 3871 5694 non
