4048 6164
273 271 423 336 1641

674 272 786 334 DE
841 271 1269 335 CORPORIS
1296 274 1403 337 ET
1430 273 1672 338 SANG.
1707 272 2012 337 DOMINI
2041 272 2465 336 VERITATE
2487 273 2702 338 LIBRI
2732 276 3202 341 TRES.—LIB.
3241 280 3286 342 Ι.

3536 281 3690 345 1442

254 488 420 539 esse,
456 472 596 527 illud
638 474 790 544 quod
838 474 1096 543 primum
1145 474 1360 538 factum
1404 475 1530 546 fuit,
1564 479 1757 547 potest
1789 492 1926 532 esse
1960 460 2017 520 Α
2049 494 2158 533 nos
2179 479 2844 557 fateamurinvestigare
2865 501 2980 540 non
3000 490 3273 555 possein
3297 491 3513 546 talibus
3530 492 3712 548 rebus

245 561 498 631 aliquid.
545 562 692 615 Nam
741 563 881 617 illud
912 563 1133 634 aliquid
1171 564 1327 634 quod
1357 565 1697 636 interesset,
1734 567 1923 636 primo

243 649 473 703 factum
490 657 673 721 esset;
695 653 834 706 illud
878 668 1019 707 vero
1051 652 1298 707 alterum
1329 656 1647 724 posterius.
1682 655 1925 721 Quando

243 753 399 809 ergo
419 740 647 811 idquod
700 742 887 811 primo
937 742 1153 795 factum
1195 743 1694 811 est”,habuitfieri‘?
1722 745 1924 799 habuit

245 831 469 882 tamen.
502 827 667 893 Quod
688 831 838 884 enim
855 847 971 886 non
992 835 1151 885 caret
1186 831 1351 886 initio
1370 833 1705 888 nullatenus
1739 839 1922 903 esset,

245 916 576 972 nisifieret.
613 919 745 990 Ipse
795 920 1010 990 quippe
1055 921 1212 974 dixit
1260 928 1317 975 et
1359 921 1513 977 facta
1563 931 1699 977 sunt
1731 924 1921 993 (Psal.

243 1008 518 1075 xxxn).0
548 1008 890 1063 admirabile
911 1009 1036 1063 ﬁeri
1068 1010 1223 1080 quod
1248 1012 1589 1066 necessario
1640 1014 1920 1089 creditur,

245 1099 307 1149 et
337 1095 500 1150 nullo
559 1098 816 1168 cogitatu
849 1098 1387 1169 comprehenditur!
1424 1102 1494 1154 At
1524 1102 1576 1156 si
1626 1107 1761 1174 quis
1794 1108 1921 1164 haec

246 1184 513 1239 absurde
559 1187 891 1240 ratiocinari
924 1203 1015 1241 me
1065 1190 1335 1258 aestimat,
1370 1191 1540 1261 eique
1572 1193 1698 1247 haec
1731 1200 1923 1252 omnia

249 1273 593 1344 displicent,
627 1275 801 1346 dicat,
826 1277 916 1330 vel
941 1277 1069 1346 ipse
1087 1278 1242 1348 quod
1257 1277 1465 1348 placet,
1491 1283 1547 1334 et
1568 1283 1827 1341 inveniet
1856 1304 1923 1343 se

246 1366 415 1416 certe
438 1362 496 1416 in
519 1364 794 1419 omnibus
816 1366 1040 1424 verbis.
1065 1367 1125 1425 in
1148 1367 1378 1421 cunctis
1406 1371 1577 1423 etiam
1611 1375 1922 1445 cogitatio-

250 1451 434 1505 nibus
455 1454 604 1521 suis,
631 1454 683 1506 si
705 1456 898 1509 tamen
938 1458 1234 1515 subtiliter
1272 1464 1691 1535 adverterit,de
1722 1484 1925 1523 rerum

248 1541 465 1609 primis
496 1542 701 1612 initiis,
761 1545 1148 1604 deiicientem.
1184 1550 1327 1606 Haec
1359 1554 1553 1626 itaque
1585 1572 1718 1611 cum
1748 1559 1924 1613 fidem

251 1629 601 1684 necessario
624 1633 1330 1703 exigant,discussionem
1348 1644 1680 1699 omnimodo
1698 1662 1815 1702 non
1832 1649 1924 1702 ad-

248 1717 500 1787 mittant,
526 1719 599 1771 ad
622 1721 813 1789 ipsius
854 1726 1113 1780 auctoris
1163 1744 1403 1799 corpus,
1436 1748 1630 1789 nonne
1665 1737 1922 1790 rationa-

2047 572 2165 622 tota
2213 571 2359 625 ratio
2408 571 2546 626 facti
2594 579 2684 627 est
2726 575 2984 644 potentia
3031 575 3321 633 facientis.
3362 596 3383 629 ι)
3419 581 3552 635 Non
3598 587 3709 653 est,

2046 658 2234 729 inquit
2254 660 2465 714 beatus
2487 662 3035 732 Hilarius,humano
3059 670 3157 719 aut
3179 668 3383 721 saeculi
3433 685 3618 724 sensu
3652 674 3712 726 in

2050 746 2153 800 Dei
2192 747 2374 802 rebus
2406 750 2785 820 loquendum.
2824 752 2990 807 Unde
3022 754 3232 809 beatus
3268 757 3622 813 Ambrosius
3650 762 3711 815 in

2046 834 2198 890 libro
2221 838 2292 890 de
2309 840 2698 894 sacramentis
2717 841 2829 909 (De
2854 844 3175 913 mysteriis
3204 845 3539 916 initiandis,
3571 866 3621 902 c.
3655 848 3710 918 9)

2045 924 2116 978 de
2139 925 2245 979 hac
2270 927 2398 996 ipsa
2421 930 2747 998 quaestione
2780 947 2967 1001 agens
2992 948 3002 986 :
3025 932 3195 1002 Quid,
3220 934 3317 1003 ait,
3342 937 3709 1007 argumentis

2044 1014 2302 1068 utimur?
2330 1017 2458 1070 suis
2519 1021 2749 1072 utamur
2798 1021 3105 1090 exemplis,
3168 1023 3711 1097 incarnationisque

2046 1104 2313 1175 exemplo
2357 1108 2695 1162 astruamus
2742 1110 3008 1179 mysterii
3060 1112 3387 1167 veritatem.
3436 1113 3584 1178 Quid
3615 1116 3711 1169 hic

2044 1195 2232 1263 quaeri
2257 1200 2481 1250 naturae
2501 1197 2766 1252 ordinem
2788 1199 2845 1252 in
2864 1199 3084 1254 Christi
3104 1217 3375 1271 corpore,
3403 1219 3535 1256 cum
3559 1220 3710 1273 prae-

2043 1286 2134 1337 ter
2162 1286 2430 1337 naturam
2481 1285 2558 1338 sit
2590 1285 2718 1356 ipse
2750 1286 3023 1343 Christus
3079 1292 3283 1359 partus
3323 1306 3396 1345 ex
3449 1292 3712 1362 virgine?

2042 1370 2328 1436 Quoniam
2361 1388 2506 1445 ergo
2552 1390 2663 1428 nos
2711 1377 2781 1429 ad
2812 1377 3231 1432 incarnationis
3262 1395 3370 1433 seu
3400 1380 3710 1452 virginalis

2042 1463 2245 1530 partus
2267 1463 2469 1516 invitat
2491 1464 2844 1535 exemplum,
2890 1482 3084 1537 operae
3115 1468 3368 1537 pretium
3400 1485 3539 1523 reor
3561 1486 3709 1539 pau-

2042 1549 2231 1620 lisper
2260 1551 2411 1605 hanc
2435 1553 2732 1607 elucidare
2746 1555 3189 1611 similitudinem
3221 1558 3513 1628 pauloque
3533 1558 3707 1613 altius

2042 1639 2460 1708 incipiendum.
2513 1640 2945 1705 Quadrifariam
2994 1661 3244 1716 namque
3288 1647 3347 1699 in
3377 1647 3707 1715 Scripturis

2042 1730 2266 1783 sanctis
2288 1729 2588 1785 hominum
2608 1734 3046 1801 generationem
3068 1736 3412 1803 accipimus.
3450 1736 3576 1789 Una
3594 1737 3706 1803 est,

250 1804 457 1860 biliter
496 1812 779 1877 expetunt
847 1812 1176 1883 simplicem
1235 1820 1605 1893 creditorem,
1668 1820 2007 1897 arguuntB
2043 1817 2367 1889 singularis
2423 1820 2557 1880 viri.
2621 1836 2812 1891 neque
2866 1823 2937 1876 de
2970 1822 3123 1891 viro,
3170 1840 3360 1894 neque
3392 1824 3462 1878 de
3495 1824 3707 1878 femina

254 1894 593 1964 improbum
652 1898 1093 1959 discussorem‘.’
1156 1907 1302 1962 Hinc
1334 1925 1477 1965 sane
1509 1894 1922 1983 disputationis

255 1999 495 2055 quoque
525 1984 710 2057 hujus
744 1992 1005 2046 recolere
1036 1994 1204 2049 decet
1234 1998 1480 2054 initium.
1518 2003 1921 2074 PrOposuera-

255 2088 396 2127 mus
442 2088 652 2145 nempe
700 2077 868 2147 ita,ut
895 2095 1028 2135 cum
1072 2083 1273 2140 dicunt
1303 2091 1571 2145 naturam
1594 2108 1710 2147 non
1739 2082 1947 2165 posse.

254 2163 639 2253 mutationem
689 2166 841 2221 hanc
887 2171 1025 2242 pati,
1059 2174 1152 2227 vel
1207 2176 1341 2230 addi
1395 2163 1759 2253 paterentur,
1806 2186 1922 2239 nisi

253 2251 422 2306 Deus
443 2252 601 2323 velit,
634 2255 728 2309 vel
758 2272 895 2312 non.
929 2259 992 2314 Si
1026 2277 1143 2316 non
1162 2267 1464 2333 patiuntur
1485 2269 1597 2324 hoc
1615 2251 1770 2343 addi,
1814 2273 1922 2328 sed

251 2346 478 2411 praeter
505 2346 912 2416 exceptionem
934 2357 1214 2411 asserunt
1231 2354 1288 2409 id
1309 2360 1575 2413 naturam
1594 2377 1711 2415 non
1739 2378 1922 2432 posse

250 2432 397 2501 pati,
432 2434 604 2488 etiam
652 2436 705 2489 si
754 2437 913 2493 Deus
968 2441 1127 2511 velit,
1182 2460 1297 2499 non
1328 2461 1475 2518 ergo
1508 2451 1755 2505 credunt
1788 2453 1924 2523 quia

254 2523 451 2576 omnia
482 2540 834 2598 quaecunque
889 2530 1068 2585 voluit
1098 2532 1401 2606 Dominus,
1437 2536 1601 2592 fecit.
1638 2539 1699 2594 Si
1729 2547 1923 2596 autem

252 2626 377 2665 non
393 2613 639 2669 credunt
667 2618 945 2685 quoniam
974 2621 1167 2676 omnia
1197 2639 1566 2698 quaecunque
1601 2631 1787 2685 voluit
1814 2632 1924 2686 Do-

254 2701 460 2755 minus
480 2702 900 2775 fecit,primum
924 2710 1161 2780 quidem
1210 2712 1550 2785 Scripturas
1582 2720 1923 2790 canonicas,
1962 2754 1967 2757 τ

253 2805 410 2860 quas
431 2790 912 2864 frequentissime
945 2806 999 2853 et
1026 2800 1141 2870 ipsi
1162 2803 1555 2871 recitant,imo
1587 2823 1720 2863 eum
1751 2809 1927 2881 cujus

253 2884 399 2934 sunt
419 2880 761 2952 Scripturas,
795 2886 1070 2944 videlicet
1087 2890 1292 2962 Deum,
1327 2894 1681 2966 despiciunt;
1718 2880 1928 2953 deinde

2044 1906 2148 1960 sed
2170 1906 2240 1960 de
2266 1907 2403 1961 limo
2451 1912 2648 1977 terra,
2683 1918 2816 1979 quae
2847 1915 2939 1964 est
2970 1911 3133 1965 Adae.
3168 1912 3368 1966 Altera
3400 1913 3535 1966 huic
3559 1928 3708 1983 quo-

2043 1994 2352 2050 dammodo
2411 1998 2727 2067 contraria,
2778 1999 2849 2053 de
2879 2000 3008 2053 viro
3050 2003 3106 2054 et
3137 2000 3371 2067 femina,
3407 2017 3479 2054 ex
3511 2016 3623 2071 qua
3654 2004 3723 2055 eL

2040 2084 2156 2137 viri
2174 2086 2229 2138 et
2252 2084 2506 2151 feminae;
2534 2102 2667 2156 quae
2700 2088 2962 2142 omnium
2992 2090 3115 2143 fere
3141 2089 3427 2143 solemnis
3446 2093 3555 2144 est.
3581 2090 3709 2144 Alia

2042 2189 2255 2227 rursus
2277 2174 2505 2245 absque
2539 2177 2827 2245 exemplo,
2852 2193 2968 2247 qua
2992 2178 3063 2231 de
3086 2179 3324 2250 virgine
3346 2179 3473 2232 viro
3495 2178 3709 2249 prodiit

2043 2262 2214 2333 virgo
2238 2263 2475 2333 femina;
2509 2263 2581 2316 de
2605 2263 2790 2317 Adam
2833 2265 3106 2320 videlicet
3140 2266 3280 2322 Eva.
3304 2267 3520 2331 Quarta
3550 2267 3708 2320 nihi-

2044 2352 2302 2405 lominus
2327 2351 2653 2423 singularis
2674 2356 2848 2423 atque
2872 2354 3062 2423 unica,
3088 2370 3193 2423 pro
3242 2354 3489 2425 reliquis
3513 2354 3706 2409 omni-

2043 2439 2158 2493 bus
2191 2439 2371 2509 facta,
2414 2440 2809 2511 omnibusque
2841 2442 3069 2511 melior,
3104 2446 3159 2496 et
3191 2442 3389 2496 utilior
3432 2442 3701 2513 reliquis,

2045 2530 2337 2583 contraria
2370 2535 2425 2584 et
2457 2531 2585 2599 ipsa
2629 2530 3062 2601 quodammodo
3114 2532 3324 2599 tertiae,
3376 2547 3489 2602 qua
3519 2531 3612 2585 vir
3640 2531 3712 2585 de

2046 2618 2261 2672 femina
2310 2620 2554 2691 Virgine
2615 2619 2820 2691 Virgo,
2874 2620 2946 2675 de
2996 2620 3178 2675 Maria
3209 2622 3411 2691 utique
3443 2619 3714 2674 Salvator

2048 2708 2306 2761 omnium
2323 2708 2598 2763 Christus
2619 2714 2824 2763 nostro
2856 2710 3063 2765 seculo
3086 2713 3258 2764 natus
3280 2708 3588 2764 illuxit.Ex
3617 2709 3713 2763 his

2047 2796 2243 2867 itaque
2288 2797 2776 2867 generationibus
2815 2798 2973 2851 illam
3004 2814 3119 2869 qua
3149 2798 3221 2852 de
3254 2799 3381 2852 viro
3413 2802 3468 2851 et
3498 2796 3715 2852 femina

2048 2884 2161 2938 viri
2183 2890 2511 2940 nascuntur
2530 2890 2586 2940 et
2610 2886 2863 2956 feminae,
2889 2888 3026 2959 quia
3043 2887 3384 2958 quotidiana
3415 2902 3532 2941 usu
3560 2890 3716 2941 tene-

249 2983 403 3023 vero
433 2970 628 3041 ipsum
691 2974 879 3029 Deum
933 2993 1042 3034 nec
1094 2982 1571 3056 omnipotentem,
1604 3000 1713 3041 nec
1746 2987 1931 3042 Deum
1964 2989 2014 3051 ο
2049 2977 2161 3042 tur,
2198 2968 2367 3029 nemo
2401 2977 2662 3045 miratur,
2708 2992 2879 3031 nemo
2932 2976 3341 3031 incredibilem
3366 2975 3618 3046 judicat.
3650 2974 3715 3027 In

254 3060 673 3118 credunt.Non
695 3065 851 3120 enim
873 3082 1013 3122 vere
1044 3069 1439 3141 omnipotens,
1471 3077 1569 3129 aut
1598 3092 1739 3130 vere
1773 3076 1931 3132 Deus

253 3151 355 3204 est
383 3150 481 3221 qui
503 3153 660 3222 quod
683 3154 806 3209 vult
834 3172 951 3211 non
966 3160 1183 3228 potest.
1234 3159 1348 3214 Sed
1379 3163 1656 3233 quoniam
1716 3164 1845 3220 haec
1876 3170 1933 3220 et

253 3240 595 3310 apudipsos
618 3242 1049 3300 nefandissima
1081 3250 1539 3319 sunt,fateantur
1564 3268 1817 3307 necesse
1841 3259 1933 3309 est

256 3328 543 3399 quoniam
573 3332 768 3385 omnia
826 3349 1197 3407 quaecunque
1228 3339 1412 3394 voluit
1451 3340 1738 3396 Dominus
1773 3344 1929 3399 fecit.

253 3416 331 3471 Et
369 3417 520 3471 hanc
549 3418 731 3489 igitur
760 3423 1138 3479 mutationem
1166 3428 1485 3496 quamlibet
1521 3430 1691 3485 nobis
1723 3431 1933 3486 diffici-

253 3506 396 3575 lem,
418 3506 471 3560 si
495 3506 690 3562 facere
722 3509 904 3564 voluit
927 3511 1111 3582 Deus,
1143 3515 1373 3586 absque
1404 3518 1584 3573 dubio
1615 3518 1772 3575 fecit.
1814 3522 1931 3575 Re-

256 3595 619 3666 quirendum
647 3612 792 3669 ergo
823 3601 1222 3657 tantummodo
1248 3608 1341 3658 est
1362 3621 1434 3659 an
1456 3606 1513 3660 id
1540 3608 1699 3662 Deus
1731 3609 1933 3663 volue-

257 3683 530 3747 rit.Quod
553 3701 685 3739 cum
723 3687 991 3743 voluisse
1024 3690 1205 3745 Deum
1257 3693 1386 3763 ipso
1418 3695 1736 3767 adjuvante
1768 3714 1934 3768 opor-

256 3776 405 3828 tuno
420 3772 553 3829 loco
574 3778 1126 3846 monstraverimus,
1159 3781 1286 3836 sive
1310 3784 1505 3852 possit
1520 3785 1767 3857 intelligi
1790 3803 1932 3856 quo-

256 3862 437 3917 modo
467 3863 585 3935 ﬁat,
620 3865 749 3920 sive
780 3882 895 3920 non
914 3869 1126 3937 possit,
1179 3870 1579 3926 obtinebimus
1603 3877 1796 3928 tamen
1825 3891 1933 3929 ne-

256 3951 530 4006 cessaria
578 3954 805 4009 ratione
865 3958 1142 4028 quoniam
1202 3958 1360 4015 fecit.
1412 3961 1545 4016 Non
1600 3963 1752 4017 enim
1787 3966 1933 4019 satis

256 4045 612 4112 argumento
671 4047 781 4114 est,
815 4045 867 4099 si
898 4049 1119 4101 nostra:
1174 4047 1529 4105 infirmitatis
1584 4052 1824 4106 caecitas
1874 4053 1933 4107 id

255 4145 561 4201 nunquam
585 4133 643 4186 in
665 4133 775 4187 hac
792 4134 908 4188 vita
930 4140 1142 4206 'capere
1173 4139 1673 4209 valet,quominus
1707 4142 1929 4197 debeas

259 4219 533 4290 credere,
567 4221 621 4275 si
650 4222 982 4278 manifestae
1031 4226 1279 4281 rationis
1308 4229 1663 4299 necessitas,
1699 4246 1824 4285 rem
1853 4232 1932 4285 ita
1962 4254 2015 4314 ι)

257 4310 329 4363 ut
348 4309 625 4381 diximus,
649 4312 992 4382 probaverit
1014 4316 1312 4369 esse.Non
1337 4318 1491 4371 enim
1512 4320 1797 4390 praecepit
1828 4320 1932 4375 tibi

256 4398 573 4455 Christus:
598 4401 1002 4474 lntellige,sed
1025 4404 1223 4459 crede.
1250 4404 1399 4476 Ejus
1431 4410 1524 4461 est
1555 4423 1764 4463 curare
1787 4425 1931 4480 quo-

258 4489 442 4544 modo
472 4489 532 4543 id
562 4490 718 4562 quod
749 4490 875 4546 fieri
907 4491 1050 4560 vult,
1085 4491 1203 4558 ﬁat;
1234 4496 1399 4547 tuum
1448 4496 1541 4549 est
1581 4499 1775 4550 autem
1816 4512 1931 4550 non

258 4578 586 4649 discutere,
647 4580 754 4635 sed
800 4580 1100 4636 humiliter
1157 4583 1420 4650 credere,
1481 4585 1617 4655 quia
1647 4586 1932 4657 quidquid

261 4668 508 4724 omnino
563 4669 694 4723 ﬁeri
747 4670 891 4739 vult,
943 4670 1059 4724 fiat.
1119 4670 1251 4725 Non
1300 4673 1455 4726 enim
1488 4673 1934 4746 intelligendum

258 4758 434 4828 prius
464 4761 575 4828 est,
595 4762 657 4812 ut
680 4759 1057 4828 postmodum
1080 4760 1289 4814 credas
1324 4776 1336 4815 :
1373 4762 1476 4815 sed
1502 4762 1666 4832 prius
1690 4763 1931 4817 creden-

258 4847 494 4917 dum,ut
525 4847 898 4917 postmodum
922 4847 1239 4920 intelligas.
1275 4849 1399 4903 Nec
1416 4851 1702 4921 propheta
1746 4851 1934 4907 Isaias

256 4936 409 4990 dixit
442 4951 455 4990 :
492 4936 622 4990 Nisi
672 4936 1101 5007 intellexeritis,
1139 4954 1255 4993 non
1306 4939 1582 5008 credetis;
1617 4940 1724 4994 sed
1752 4956 1763 4994 ε
1793 4940 1928 4995 Nisi

261 5024 661 5080 credideritis.
697 5041 815 5080 non
835 5026 1178 5097 intelligetis
1224 5026 1342 5094 (Isa
1374 5028 1493 5096 vn).
1550 5029 1795 5083 Utamur
1824 5029 1933 5101 igi-

259 5118 364 5169 tur
385 5115 586 5170 verbis
610 5116 798 5169 sancti
818 5115 1137 5186 Augustini
1199 5119 1400 5170 contra
1463 5115 1825 5172 Felicianum
1851 5118 1935 5171 di-

264 5203 460 5257 centis
495 5220 506 5257 :
548 5227 570 5251 «
606 5204 734 5257 Hoc
752 5204 902 5259 fides
918 5204 1136 5274 credat,
1172 5204 1561 5276 intelligentia
1596 5222 1711 5261 non
1734 5206 1935 5277 requi-

260 5296 381 5358 rat;
415 5308 484 5347 ne
543 5297 640 5347 aut
688 5309 805 5347 non
859 5294 1159 5347 inventum
1213 5296 1373 5363 putet
1421 5294 1789 5362 incredibile,
1838 5298 1938 5350 aut

266 5385 566 5452 repertum
599 5398 714 5436 non
734 5383 932 5437 credat
970 5382 1275 5454 singulare
1314 5383 1382 5453 (A
1398 5400 1489 5455 ng.
1529 5400 1579 5438 c.
1604 5382 1680 5453 8).
1719 5407 1741 5432 »
1776 5384 1936 5439 Idem

262 5471 329 5524 in
361 5471 621 5525 secunda
643 5472 892 5543 epistola
925 5472 996 5526 ad
1032 5472 1459 5528 Volusianum:
1497 5473 1637 5527 «Hic
1687 5475 1738 5527 si
1787 5475 1935 5529 ratio

268 5562 577 5631 quaeritur,
610 5578 728 5618 non
751 5563 864 5618 erit
882 5563 1181 5618 mirabile:
1209 5563 1261 5618 si
1285 5563 1619 5635 exemplum
1646 5563 1931 5635 poscitur,

270 5666 389 5706 non
418 5652 530 5708 erit
565 5653 1126 5727 singulare.Demus
1149 5653 1274 5711 Deo
1297 5653 1520 5727 aliquid
1570 5667 1774 5725 posse,
1796 5654 1953 5726 quod

2051 3079 2163 3134 qua
2180 3067 2374 3118 tamen
2397 3064 2538 3118 illud
2589 3065 2749 3135 quod
2781 3068 2942 3119 extra
2975 3068 3224 3119 caeteras
3245 3064 3416 3118 valde
3448 3061 3715 3117 mirabile

2051 3156 2162 3217 est;
2186 3154 2341 3224 quod
2364 3169 2438 3208 ex
2469 3155 2702 3208 duobus
2744 3155 3038 3224 corruptis
3088 3169 3385 3224 nunquam
3417 3153 3533 3207 nisi
3563 3152 3712 3205 inte-

2052 3258 2245 3313 grum,
2262 3258 2452 3313 neque
2471 3244 2765 3315 integrum
2788 3260 3065 3315 unquam,
3102 3245 3217 3299 nisi
3239 3260 3311 3299 ex
3334 3242 3568 3297 duobus
3598 3256 3715 3295 non

2051 3332 2321 3402 integris,
2359 3336 2635 3403 tanquam
2675 3349 2745 3387 ex
2788 3334 3083 3388 contrario
3142 3333 3500 3388 contrarium
3548 3327 3715 3383 nasci

2050 3421 2341 3490 possibile
2370 3422 2635 3477 est.lllud
2668 3438 2810 3478 vero
2849 3423 3085 3492 penitus
3115 3418 3715 3492 incomprehensibilia

2053 3509 2206 3563 scitu
2226 3509 2501 3565 Salomon
2522 3513 2761 3579 asserit,
2799 3512 3077 3584 quomodo
3118 3512 3567 3582 compingantur
3581 3522 3716 3562 ossa

2053 3599 2114 3651 in
2143 3606 2353 3654 ventre
2369 3601 2743 3671 praegnantis
2765 3601 2989 3667 (Eccle.
3026 3604 3126 3667 xx).
3160 3600 3323 3654 Illam
3346 3614 3582 3671 quoque
3601 3612 3718 3668 qua

2052 3688 2123 3742 de
2142 3704 2257 3742 non
2279 3689 2514 3744 homine
2547 3690 2741 3759 homo,
2777 3691 2962 3745 Adam
3006 3690 3282 3745 videlicet
3302 3690 3373 3743 de
3422 3688 3559 3742 limo
3592 3687 3716 3741 for-

2050 3781 2245 3831 matus
2278 3794 2411 3849 quae
2433 3784 2490 3832 et
2531 3780 2588 3832 in
2613 3780 2725 3834 hoc
2758 3780 2994 3834 caeteris
3019 3780 3197 3851 longe
3220 3779 3453 3833 videtur
3482 3775 3719 3831 mirabi-

2051 3866 2164 3919 lior
2181 3872 2237 3921 et
2267 3867 2427 3920 illam
2469 3883 2584 3938 qua
2606 3869 2677 3923 de
2707 3868 2942 3939 virgine
2990 3868 3179 3922 Adam
3212 3868 3385 3939 virgo
3435 3865 3556 3920 Eva
3577 3881 3718 3935 pro-

2052 3953 2223 4009 ducta
2246 3960 2359 4025 est;
2399 3956 2498 4009 vix
2528 3972 2785 4027 unquam
2816 3956 3032 4027 aliquis
3053 3955 3441 4028 impugnavit.
3476 3954 3576 4007 vix
3607 3954 3717 4008 ali-

2052 4044 2188 4114 quis
2211 4043 2785 4109 accusavit.Quando
2810 4061 2952 4099 vero
2977 4046 3049 4099 de
3072 4046 3304 4116 virgine
3332 4044 3517 4098 Maria
3547 4044 3717 4115 virgo

2050 4131 2324 4188 Christus
2348 4134 2704 4204 praedicatus
2723 4137 2814 4189 est
2845 4138 3038 4202 natus,
3073 4136 3231 4188 totus
3263 4133 3519 4187 mundus
3549 4131 3717 4185 innu-

2051 4223 2232 4277 meris
2283 4224 2849 4279 contradictionibus
2883 4227 3087 4278 contra
3129 4221 3447 4290 infremuit,
3484 4223 3541 4274 et
3572 4220 3629 4273 vi
3661 4222 3720 4274 et

2050 4312 2203 4378 dolo,
2240 4313 2515 4383 omnique
2547 4328 2767 4384 genere
2800 4313 3057 4382 malitiae,
3091 4312 3243 4366 hanc
3275 4308 3718 4383 generationem

2050 4402 2121 4457 de
2152 4402 2344 4456 medio
2376 4417 2627 4472 prorsus
2659 4402 2893 4457 auferre
2923 4406 3171 4457 conatus
3202 4404 3314 4455 est.
3348 4399 3506 4455 Satis
3558 4401 3718 4453 certe

2052 4490 2293 4562 injuste,
2328 4506 2461 4545 cum
2492 4491 2739 4563 reliquis
2763 4491 3039 4547 omnibus
3071 4490 3202 4546 hac
3227 4488 3611 4545 excellentior
3642 4487 3720 4541 sit

2053 4585 2225 4651 atque
2252 4580 2676 4650 utilior,utpote
2691 4581 3051 4653 reliquarum
3075 4580 3335 4635 omnium
3384 4593 3502 4633 non
3525 4576 3719 4630 solum

2053 4669 2243 4725 honor
2297 4672 2469 4740 atque
2500 4669 2797 4737 nobilitas,
2824 4685 3032 4728 verum
3061 4669 3236 4724 etiam
3266 4667 3577 4724 medicina.
3629 4663 3720 4719 Si-

2053 4758 2291 4830 quidem
2313 4759 2442 4813 haec
2462 4759 2535 4813 ab
2554 4759 2686 4813 aliis
2705 4760 2890 4814 nostri
2916 4759 3157 4831 generis
3195 4760 3419 4812 tantum
3452 4757 3719 4809 naturam

2053 4849 2316 4916 trahens,
2352 4848 2496 4902 nihil
2536 4850 2730 4903 autem
2762 4849 3010 4903 honoris
3040 4847 3197 4916 inde,
3229 4847 3345 4902 imo
3379 4860 3521 4900 vero
3551 4843 3719 4897 inﬁr-

2055 4939 2316 4992 mitatum
2378 4953 2446 4991 ac
2503 4937 2886 4992 tentationum
2954 4937 3270 5007 plurimum
3320 4949 3588 4999 sumens,
3647 4931 3719 4986 ad

2055 5027 2373 5097 perfectam
2421 5026 2680 5097 undique
2741 5025 3077 5081 felicitatem
3109 5040 3214 5096 per
3269 5027 3541 5079 virtutem
3574 5021 3721 5075 divi-

2054 5132 2187 5171 nam
2219 5116 2332 5169 sibi
2365 5116 2494 5186 ipsa
2527 5115 2849 5169 sufficeret.
2892 5115 3136 5169 (‘aeterae
3158 5129 3299 5168 vero
3332 5128 3437 5183 per
3468 5112 3617 5165 hanc
3648 5110 3720 5165 de

2056 5207 2167 5260 sub
2218 5205 2472 5275 pedibus
2532 5205 2927 5259 infelicissimi
2957 5205 3216 5259 omnium
3248 5217 3449 5257 rerum
3480 5200 3718 5270 diaboli,

2054 5310 2245 5366 usque
2276 5294 2348 5348 ad
2379 5294 2743 5348 consortium
2773 5294 2878 5348 Dei
2912 5292 3329 5362 omnipotentis
3363 5291 3717 5357 sublimatae,

2058 5391 2115 5438 ut
2129 5384 2411 5451 simus(ut
2441 5383 2520 5437 ait
2548 5382 2932 5437 beatissimus
2961 5383 3174 5434 Prima
3209 5381 3539 5450 apostolus)
3564 5379 3721 5435 divi-

2055 5492 2145 5528 nae
2174 5479 2481 5528 consortes
2530 5479 2758 5526 natura?
2787 5471 2873 5541 (Il
2911 5472 3083 5526 I’etr.
3137 5490 3196 5542 1,,
3233 5472 3350 5526 nisi
3381 5470 3565 5542 hujus
3611 5484 3718 5538 ope

2055 5567 2226 5635 atque
2256 5562 2481 5618 medela
2522 5564 2849 5631 uterentur,
2916 5562 3458 5632 irrecuperahiliter
3512 5572 3719 5614 omnes

2055 5653 2345 5723 perditum
2401 5652 2574 5708 irent.
2606 5650 2754 5706 Tum
2809 5652 3003 5723 etiam,
3064 5656 3376 5724 pet-specta
3406 5647 3723 5718 diligenter
