4048 6164
466 213 622 275 1443

1409 216 1677 279 GUITM
1690 216 1896 281 UNDI
1939 214 2466 280 ARCHIEPISC.
2493 216 2942 280 AVERSANI.

3678 228 3795 293 M44

438 412 590 467 inter
641 418 763 467 tres
822 416 1184 486 singulares,
1247 419 1654 472 usitatissimae
1703 417 2107 489 generationis
2138 406 2178 466 Χ
2220 416 2369 471 forte
2396 418 2492 471 illa
2525 418 2682 471 dicat
2711 418 2767 471 in
2798 435 2864 473 ea
2884 435 3018 489 quas
3040 421 3449 490 superveniunt
3464 424 3793 482 transmutari.

438 502 617 555 multo
636 503 883 557 vicinim-
932 505 1233 575 multoque
1281 508 1548 575 similior,
1585 507 1831 577 ideoque
1857 506 2105 560 credibi»

432 588 547 644 lior
576 592 886 648 invenitur.
911 594 1012 648 Cui
1035 597 1189 649 enim
1228 612 1344 650 non
1390 598 1533 650 satis
1557 597 1766 665 elucet,
1802 596 2096 650 communi

435 683 824 752 generationi,
849 700 977 752 qua:
1003 685 1072 737 de
1117 687 1243 739 viro
1267 689 1320 739 et
1344 686 1557 739 femina
1608 689 1717 755 est,
1756 685 2099 738 similiOrem

437 766 564 823 fore
585 770 735 823 hanc
759 787 890 841 quae
921 773 991 825 de
1013 773 1217 828 horum
1244 781 1335 829 est
1356 775 1537 828 altero
1583 775 1935 851 quam'illam
1968 788 2101 843 quae

437 859 632 912 estde
683 862 919 914 neutro?
977 862 1139 931 Item,
1177 864 1227 915 si
1259 865 1727 932 contemplemur
1785 864 1949 915 illam
1988 876 2102 931 qua

438 945 511 1001 de
534 946 659 1000 viro
693 950 819 1001 solo
859 951 1069 1004 femina
1103 953 1332 1020 prodiit,
1382 954 1549 1006 valde
1584 970 1613 1006 a
1647 954 1940 1006 communi
1989 967 2101 1003 usu

438 1039 495 1089 et
536 1036 631 1089 illa
665 1040 961 1093 remotior.
1014 1040 1384 1095 Familiarius
1427 1042 1641 1112 quippe
1688 1045 1742 1095 et
1772 1055 2101 1094 accommo—

436 1124 628 1178 datius
644 1129 936 1181 communi
968 1134 1192 1184 naturae
1227 1135 1319 1185 est
1340 1134 1400 1185 ut
1438 1131 1648 1184 femina
1690 1145 1909 1183 marem
1945 1129 2099 1193 (nam

436 1212 492 1265 id
517 1215 772 1282 quotidie
818 1216 899 1285 ﬁt.)
932 1235 1105 1288 quam
1148 1223 1208 1272 ut
1252 1236 1377 1273 mas
1432 1219 1703 1274 feminam
1746 1220 1949 1289 pariat.
1984 1216 2099 1270 Sed

436 1315 626 1371 neque
642 1302 917 1359 fortassis
933 1306 1071 1360 Evce
1091 1310 1789 1379 generationem,partum
1805 1307 2096 1379 quispiam

436 1390 666 1455 dixerit;
710 1398 883 1465 atque
928 1396 1058 1449 ideo
1116 1399 1284 1451 etiam
1318 1415 1346 1450 a
1379 1400 1673 1452 communi
1716 1414 1830 1450 usu
1863 1396 2098 1467 longin-

436 1480 608 1549 quior
651 1486 761 1535 est.
807 1485 921 1537 Sed
966 1486 1102 1556 quid
1137 1492 1193 1539 et
1226 1487 1364 1541 illud
1414 1488 1567 1557 quod
1618 1487 1687 1539 de
1746 1487 1859 1538 viri
1914 1485 2100 1538 latere

435 1568 807 1641 dormientis,
860 1573 981 1642 illa,
1030 1576 1144 1628 imo
1202 1579 1363 1629 costa
1417 1576 1489 1629 de
1522 1592 1636 1645 qua
1671 1576 1821 1628 facta
1856 1576 1948 1628 est
1976 1573 2096 1640 illa,

436 1660 638 1711 centra
672 1666 1016 1716 consuetum
1042 1668 1265 1718 naturae
1290 1681 1529 1719 cursum
1562 1668 1799 1732 repente
1832 1663 2099 1733 prorupit

2216 501 2379 566 Quod
2414 506 2466 557 si
2499 506 2574 557 ita
2612 505 3041 571 est,innumera
3075 508 3250 561 nobis
3278 511 3522 577 exempla
3544 518 3792 568 occurrent

2218 607 2417 645 earum
2452 609 2650 647 rerum
2682 610 2815 665 quae
2849 595 3245 649 essentiahter
3274 597 3331 649 in
3361 600 3795 667 ea,quzesimiliter

2221 682 2499 749 existunt,
2554 687 3038 739 transmutantur.
3075 686 3216 756 Age
3252 685 3421 753 enim,
3479 687 3624 740 verbi
3644 706 3796 755 causa,

2219 774 2542 826 atramento
2599 773 2923 843 nigerrimo
2955 774 3292 827 membrana
3322 774 3604 828 albissima
3630 777 3799 831 inﬁcia-

2219 860 2356 913 tur:
2421 860 2629 915 albedo
2687 862 2981 933 nigredini
3029 864 3304 917 continuo
3356 864 3516 917 cedit.
3569 865 3622 919 Si
3661 866 3797 937 igitur

2221 947 2427 1003 albedo
2461 950 2519 1002 in
2549 950 2919 1021 nigredinem
2949 967 3127 1006 versa
3157 957 3267 1019 est,
3303 954 3357 1005 in
3387 952 3439 1005 id
3471 955 3643 1023 utique
3669 970 3798 1008 versa

2220 1039 2311 1090 est
2339 1038 2494 1107 quod
2520 1038 2648 1107 jam
2679 1043 2821 1094 erat.
2858 1041 3063 1111 Neque
3097 1042 3253 1095 enim
3284 1041 3397 1095 dici
3426 1045 3603 1111 potest
3624 1043 3799 1097 tuncibi

2219 1127 2427 1196 augeri
2483 1128 2853 1198 nigredinem
2910 1130 2970 1183 in
3015 1146 3189 1200 quam
3222 1130 3597 1183 transferatur
3625 1131 3798 1200 albedo,

2218 1215 2691 1286 quandoquidem
2751 1234 2860 1272 nec
2891 1221 3281 1273 atramentum
3312 1220 3531 1289 nigrius
3562 1227 3639 1273 est
3670 1235 3799 1289 quam

2216 1302 2385 1370 prius
2418 1308 2561 1371 erat,
2594 1321 2785 1375 neque
2842 1306 3060 1376 aliquid
3094 1308 3449 1366 membrana:
3479 1312 3668 1376 praeter
3689 1311 3798 1360 atta-

2216 1393 2476 1444 mentum
2534 1396 2845 1462 occupavit
2898 1395 3163 1462 nigrrcdo.
3204 1394 3360 1448 Idem
3393 1409 3605 1464 quoque
3632 1395 3678 1447 in
3702 1395 3798 1449 aliis

2216 1493 2628 1548 saepenumero
2651 1483 2904 1537 inveniri
2938 1488 3150 1551 potest.
3188 1484 3355 1537 Unde
3386 1484 3446 1537 fit
3472 1487 3527 1536 ut
3547 1483 3801 1536 accidentia

2214 1569 2568 1638 recedentia,
2603 1573 2760 1625 sicut
2808 1573 3089 1641 diximus,
3140 1577 3239 1626 aut
3276 1571 3507 1642 penitus
3535 1571 3659 1624 nihil
3680 1572 3797 1638 ﬁant,

2214 1662 2334 1727 aut,
2392 1658 2445 1712 si
2504 1665 2929 1731 permutantur,
2967 1663 3024 1715 in
3056 1662 3445 1727 advenientis,
3478 1661 3617 1730 quod
3638 1666 3800 1714 nostra

434 1745 608 1814 (Gen.
644 1752 745 1818 n);
781 1751 873 1804 hic
904 1768 1044 1805 vero
1078 1754 1228 1806 sicut
1265 1754 1463 1806 cmteri
1508 1754 1779 1807 homines
1807 1753 1866 1806 in
1894 1752 2097 1805 matris
2132 1783 2174 1842 Β
2218 1761 2417 1802 causae
2450 1764 2566 1803 non
2599 1766 2805 1820 parum
2827 1751 3222 1820 accederet,in
3239 1766 3313 1805 ea
3335 1751 3525 1820 utique
3566 1749 3796 1801 multeties

433 1836 564 1890 alvo
598 1853 805 1893 novem
841 1842 1148 1895 mensibus
1170 1844 1446 1912 paulatim
1464 1842 2098 1911 crevit,eommunique

434 1926 717 1978 nascendi
772 1928 906 1997 lege
943 1930 1154 1999 exivit;
1209 1932 1316 1984 hoc
1353 1937 1600 2002 excepto
1635 1932 1792 2003 quod
1823 1931 2007 1984 Mater
2040 1932 2097 1982 in

434 2016 603 2081 partu
662 2032 774 2068 non
808 2017 1008 2085 doluit,
1068 2023 1122 2071 et
1179 2021 1334 2089 quod
1398 2021 1602 2074 Matris
1650 2021 1797 2090 ipse,
1834 2025 1895 2073 ut
1924 2019 2100 2073 talem

436 2100 683 2156 decebat
740 2104 970 2173 Filium,
1031 2107 1341 2179 virginalia
1391 2110 1773 2180 integerrima
1824 2124 2097 2175 servans,

436 2191 723 2262 Singulari
755 2197 1149 2266 pi'zerogativa
1183 2198 1484 2252 decoravit
1519 2196 1530 2251 !
1586 2199 1789 2269 Neque
1822 2214 1977 2252 enim
2010 2198 2100 2250 fas

434 2282 556 2331 erat
613 2284 693 2348 ut,
755 2282 889 2351 quia
949 2291 1218 2353 corrupta
1243 2290 1686 2340 restauraturus
1718 2292 1892 2356 atque
1924 2285 2099 2338 inho-

432 2372 600 2421 nesta
634 2369 1027 2425 honoraturus
1081 2373 1371 2441 veniebat,
1408 2376 1636 2446 integra
1683 2376 1944 2438 violaret,
1998 2374 2100 2427 ho-

432 2460 598 2509 nesta
629 2458 1063 2530 dehonestaret,
1091 2462 1387 2532 multoque
1419 2464 1722 2517 decentius
1744 2468 1886 2529 erat,
1924 2464 1974 2515 si
2027 2463 2100 2516 de

427 2545 558 2600 viro
589 2546 820 2618 virgine
855 2550 1136 2604 violatura
1168 2552 1445 2605 mundum
1468 2551 1585 2605 Eva
1605 2553 1915 2621 processit,
1953 2554 2011 2605 ut
2030 2551 2100 2605 de

438 2633 683 2704 Virgine
734 2636 946 2689 femina
982 2644 1427 2693 restauraturus
1485 2640 1762 2694 mundum
1820 2640 2095 2693 Christus

439 2723 986 2792 procederet.Addo
1016 2727 1189 2781 etiam
1221 2728 1376 2797 quod
1406 2744 1612 2783 omnes
1642 2729 1772 2783 aliae
1790 2744 2098 2782 servorum

428 2817 587 2882 sunt,
620 2813 746 2868 haec
778 2815 1027 2870 Domini.
1066 2817 1148 2869 Ex
1180 2818 1309 2871 aliis
1344 2816 1633 2883 homines,
1666 2833 1738 2871 ex
1769 2818 1878 2872 hac
1913 2816 2099 2875 Deus.

431 2903 596 2956 Alias
628 2918 836 2958 omnes
896 2904 1055 2959 Deus
1116 2906 1254 2960 fecit
1311 2922 1381 2960 ex
1414 2909 1566 2976 solo,
1627 2911 1687 2960 ut
1715 2908 1790 2964 ita
1824 2908 2097 2975 dixerim,

430 2994 747 3061 praecepto,
797 2993 946 3047 hanc
977 2994 1145 3064 quasi
1180 3011 1253 3048 ex
1284 3012 1497 3066 magno
1528 2996 1724 3049 studio
1766 2995 2008 3063 faciens,
2043 2999 2099 3050 et

430 3081 634 3135 verbis
688 3086 743 3136 et
776 3082 955 3135 rebus
987 3085 1197 3152 gestis,
1262 3087 1317 3137 et
1374 3085 1793 3138 miraculorum
1838 3084 2095 3139 novitate

428 3170 773 3240 promittere
831 3171 902 3224 al)
965 3142 1125 3225 iiiitio
1175 3142 1229 3226 et
1284 3175 1668 3245 praefigurare
1702 3190 1816 3227 non
1850 3174 2092 3228 destitit.
2130 3142 2177 3203 Ο

435 3260 604 3313 Unde
662 3264 937 3330 tanquam
999 3261 1069 3314 de
1130 3277 1305 3331 Opere
1369 3264 1613 3332 speciali
1644 3264 1931 3333 scriptum
1956 3268 2089 3318 est:

433 3349 1076 3419 Sapientiaaediﬁcavit
1108 3351 1231 3403 sibi
1261 3351 1487 3405 domum
1507 3350 1714 3419 (Prov.
1736 3354 1839 3421 ιχ).
1865 3351 2092 3417 Quibus

429 3438 706 3493 omnibus
724 3438 974 3508 aliisque
998 3439 1305 3508 permultis
1330 3440 1507 3511 digne
1522 3442 2094 3509 eonsideratis,satis

431 3527 561 3581 haec
593 3527 933 3580 credibilior
948 3527 1298 3598 chariorque
1325 3544 1499 3599 quam
1519 3531 1723 3599 prima;
1744 3531 1874 3584 duae
1894 3530 2095 3585 debuit

426 3614 707 3685 judicari.
740 3614 856 3668 Sed
915 3615 1055 3685 quid
1114 3616 1398 3670 attineant
1447 3618 1575 3672 haec
1604 3619 1675 3672 ad
1728 3635 1853 3673 rem
1885 3619 1956 3674 de
1980 3635 2092 3690 qua

429 3701 730 3772 loquimur
758 3702 1001 3774 dignum
1033 3707 1125 3758 est
1156 3704 1389 3759 intueri.
1411 3706 1671 3771 Quatuor
1701 3709 1856 3762 enim
1889 3709 2094 3762 nihilo-

428 3791 625 3845 minus
657 3807 853 3845 rerum
885 3794 1236 3847 mutationes
1256 3795 1662 3849 substantivas
1696 3798 2092 3852 siveefticien-

426 3881 541 3934 tias
596 3881 770 3935 nobis
819 3880 1118 3951 Scriptura
1154 3885 1348 3937 divina
1381 3887 1767 3940 commendat.
1803 3888 1992 3941 Unam
2019 3889 2090 3943 de

429 3986 545 4042 qua
577 3972 811 4025 omnino
843 3972 984 4026 nihil
1020 3974 1075 4027 in
1108 3973 1164 4027 id
1189 3974 1342 4044 quod
1368 3976 1686 4042 sunt,facta
1705 3981 1844 4029 sunt
1873 3978 2087 4047 omnia;

427 4062 668 4115 alteram
725 4061 862 4115 huic
920 4062 1292 4131 contrariam,
1356 4080 1530 4133 quam
1574 4066 1805 4119 tametsi
1863 4067 2092 4135 experi-

429 4154 624 4204 mento
656 4166 771 4203 non
805 4150 881 4203 ita
912 4151 1158 4218 scimus,
1194 4154 1420 4207 ratione
1478 4157 1669 4206 tamen
1729 4154 2088 4224 colligimus,

429 4253 542 4308 qua
576 4237 849 4292 videlicet
881 4239 951 4292 de
984 4254 1053 4292 eo
1086 4239 1240 4308 quod
1257 4242 1781 4311 sunt,quantumin
1807 4243 1958 4312 ipsis
1975 4247 2088 4312 est,

430 4326 623 4381 redire
684 4326 741 4379 in
775 4326 1018 4379 nihilum
1064 4331 1335 4396 possunt.
1398 4328 1543 4382 Nam
1573 4332 1623 4383 si
1656 4331 1768 4384 hoc
1799 4332 1926 4385 solo
1958 4333 2094 4402 quia

428 4415 553 4469 vult
606 4415 786 4483 Deus,
847 4417 1042 4469 omnia
1105 4420 1274 4479 sunt;
1301 4418 1350 4469 si
1386 4418 1744 4473 voluntatem
1777 4435 1946 4474 suam
1979 4438 2093 4492 qua

2214 1842 2638 1907 permutentur,
2692 1856 2823 1911 quae
2866 1840 2995 1910 jam
3024 1844 3208 1895 erant.
3234 1840 3487 1893 Tertiam
3531 1842 3691 1892 autem
3714 1852 3805 1889 mu-

2217 1926 2493 1981 tationem
2548 1927 2896 1982 solemniter
2927 1930 3252 1995 cernimus,
3291 1944 3408 1999 qua
3438 1927 3677 1981 videlicet
3698 1924 3800 1978 sub-

2214 2016 2447 2068 stantia)
2507 2017 2566 2070 in
2614 2033 2717 2070 em.
2755 2035 2885 2088 quae
2909 2034 3024 2072 non
3055 2022 3220 2071 erant
3251 2016 3603 2098 substantias
3629 2013 3701 2068 vel
3725 2028 3800 2065 na-

2218 2105 2386 2157 turali
2423 2121 2555 2175 usu,
2590 2108 2684 2160 vel
2714 2123 2821 2177 per
2860 2108 3142 2161 miracula
3205 2108 3511 2161 transeunt
3537 2121 3550 2173 ;
3578 2104 3702 2158 sicut
3723 2117 3801 2154 nu-

2217 2193 2383 2246 cleus
2440 2194 2498 2247 in
2548 2195 2847 2265 arborem,
2896 2212 3099 2251 semen
3132 2196 3188 2249 in
3221 2196 3489 2263 herbam,
3519 2208 3641 2248 esca
3665 2195 3709 2245 et
3727 2205 3799 2258 po-

2218 2285 2311 2334 tus
2362 2281 2421 2335 in
2478 2299 2716 2338 carnem
2770 2289 2827 2338 et
2883 2284 3233 2356 sanguinem
3278 2300 3296 2354 :,
3356 2284 3447 2338 vel
3500 2283 3637 2337 sicut
3680 2280 3801 2349 virga

2217 2369 2274 2422 in
2307 2374 2663 2441 serpentem,
2723 2389 2974 2444 serpens
3033 2374 3090 2427 in
3145 2374 3401 2445 virgam,
3442 2375 3701 2425 etczetera
3724 2368 3801 2420 hu-

2208 2457 2494 2527 jusmodi.

2286 2547 2503 2610 Quarta
2522 2565 2662 2602 vero
2696 2549 2935 2604 mutatio
2954 2552 3065 2619 est,
3100 2550 3239 2620 quia
3258 2550 3323 2604 id
3355 2548 3506 2620 quod
3533 2549 3629 2613 est,
3656 2549 3800 2598 trans.

2216 2637 2257 2689 it
2288 2637 2343 2688 in
2375 2637 2429 2690 id
2464 2638 2620 2708 quod
2651 2638 3034 2693 nihilominus
3052 2640 3333 2707 est,sieut
3360 2653 3559 2709 panem
3584 2639 3633 2691 et
3658 2635 3802 2686 vinum

2214 2725 2429 2779 virtute
2463 2726 2658 2780 divina
2694 2727 2751 2780 in
2771 2743 2990 2796 corpus
3012 2728 3235 2782 Christi
3253 2727 3551 2797 proprium
3580 2720 3801 2793 singulari

2215 2814 2463 2884 quadam
2496 2816 2751 2884 potentia
2783 2817 3081 2871 credimus
3105 2816 3473 2871 commutari.
3492 2813 3557 2868 Et
3584 2813 3691 2866 haec
3714 2810 3803 2880 qui-

2215 2902 2344 2957 dem
2378 2903 2569 2958 tribus
2584 2905 2715 2957 aliis
2730 2904 2907 2976 longe
2926 2905 3459 2976 melior,longeque
3489 2902 3697 2956 utiliora
3715 2912 3799 2950 cre-

2214 2992 2489 3047 dentibus
2524 2993 2693 3047 facile
2737 2993 3058 3064 judicatur.
3084 2994 3295 3047 Melior
3324 2993 3573 3064 quidem,
3593 2987 3800 3061 quoniam

2212 3083 2271 3134 in
2303 3082 2557 3135 divinam
2594 3098 2991 3154 carnem,quze
3019 3099 3217 3138 rerum
3247 3086 3345 3138 est
3372 3076 3801 3148 omniumOptima.

2210 3170 2267 3224 id
2299 3171 2455 3241 quod
2514 3173 2788 3237 mutatur,
2814 3172 3046 3226 transit.
3083 3172 3298 3225 Utilior
3342 3172 3548 3237 autem,
3591 3164 3799 3238 quoniam

2212 3260 2362 3313 hanc
2385 3264 2632 3329 propter
2646 3260 2794 3314 alias
2820 3260 3439 3332 factam,singularem
3461 3250 3801 3312 nobismedici-

2210 3365 2344 3403 nam
2375 3348 2651 3402 Christus
2683 3349 3005 3403 constituit.
3041 3349 3124 3403 De
3182 3349 3369 3403 nihilo
3427 3349 3624 3419 quippe
3666 3342 3798 3413 primo

2208 3437 2359 3491 facta
2378 3437 2873 3504 suntelcmenta,e
2889 3438 3106 3508 quibus
3129 3453 3246 3493 non
3267 3438 3477 3491 felices
3496 3434 3796 3489 factisumus.

2208 3527 2324 3581 Sed
2358 3532 2414 3581 et
2444 3528 2573 3582 aliae
2605 3527 2736 3581 (iure
2770 3528 3122 3581 mutationes
3143 3526 3288 3579 nihil
3313 3526 3488 3581 nobis
3512 3520 3796 3594 profuerant,

2209 3615 2350 3687 quin
2381 3615 2453 3669 ad
2488 3631 2752 3669 summas
2774 3616 3218 3669 traduceremur
3238 3609 3799 3681 miserias,nisiquarta
3886 3672 3894 3691 .

2207 3705 2639 3758 medieinalitcr
2673 3705 3131 3775 superveniens,
3168 3704 3534 3758 subveniret.
3552 3700 3645 3753 Cui
3660 3698 3799 3764 itaque

2210 3794 2444 3847 caeteris
2478 3794 2751 3847 omnibus
2786 3792 2914 3846 hace
2949 3793 3358 3847 honorabilior
3374 3793 3450 3847 sit
3465 3797 3623 3860 atque
3642 3785 3798 3847 utilior.

2208 3888 2328 3936 tum
2363 3883 2539 3936 etiam
2570 3883 2653 3935 illi
2676 3898 2808 3953 quin
2841 3883 3232 3937 usitatissima
3263 3886 3379 3950 est,
3414 3882 3581 3935 multo
3610 3873 3795 3929 vicinior

2207 3976 2378 4043 atque
2412 3972 2681 4035 similior;
2703 3973 2834 4025 ideo
2860 3972 3036 4025 multo
3061 3972 3591 4041 credibilior,qnam
3617 3965 3800 4019 ducare-

2212 4060 2725 4130 Liquze,reperitur.
2752 4062 2898 4114 Cum
2921 4061 3076 4113 enim
3100 4075 3213 4113 non
3246 4060 3378 4112 luce
3412 4057 3615 4111 clarius
3643 4051 3798 4122 patebat.

2212 4151 2265 4202 ei
2304 4149 2625 4214 mutationi,
2647 4165 2778 4218 qum
2800 4150 3187 4202 usitatissime
3231 4148 3303 4201 de
3324 4148 3517 4217 aliquo
3543 4146 3594 4198 in
3636 4135 3800 4209 aliquid

2212 4240 2426 4299 tit,cam
2461 4254 2593 4308 quae
2625 4238 2799 4291 etiam
2828 4238 2956 4307 ipsa
2987 4237 3058 4291 de
3090 4237 3292 4309 aliquo
3314 4236 3378 4290 fit
3406 4238 3464 4289 in
3489 4228 3802 4303 aliquid,licet

2210 4329 2507 4398 aliquanto
2540 4326 2891 4391 mirabilius,
2928 4326 3412 4397 propinquiorem
3459 4321 3729 4377 admodum
3754 4328 3798 4366 ac

2211 4417 2562 4471 similiorem
2592 4430 2765 4469 esse:
2827 4432 3001 4486 quam
3044 4416 3220 4484 illam,
3252 4432 3387 4487 quae
3418 4416 3487 4468 de
3507 4412 3667 4467 nihilo
3691 4410 3739 4461 fit
3760 4406 3798 4456 in

426 4507 668 4573 praestat
699 4507 761 4558 ut
790 4505 926 4569 sint,
989 4505 1081 4559 vel
1140 4506 1366 4560 modice
1407 4508 1771 4576 substrahat,
1824 4510 1980 4564 illico
2037 4510 2094 4564 in
2126 4501 2176 4561 D
2209 4506 2448 4580 aliquid,
2482 4506 2685 4561 autilla
2712 4522 2843 4579 quin
2874 4507 2944 4563 de
2974 4508 3170 4578 aliquo
3201 4507 3264 4560 fit
3291 4508 3351 4561 in
3375 4502 3674 4560 nihililllaa
3690 4497 3798 4551 enim

428 4592 676 4647 nihilum
707 4608 881 4647 suum
913 4594 1103 4647 omnia
1136 4594 1587 4650 remeabunt.lta
1619 4597 1871 4668 denique
1904 4600 2099 4654 B.Au-

432 4684 713 4754 gustinus
747 4688 948 4737 contra
981 4683 1343 4738 Felicianum
1378 4684 1737 4750 :«Greatura,
1781 4689 1986 4759 inquit,
2021 4705 2095 4743 ex

434 4774 617 4828 nihilo
672 4774 899 4843 prolata
958 4777 1049 4827 est
1100 4789 1111 4826 :
1147 4777 1203 4827 et
1246 4777 1556 4844 propterea
1603 4781 1883 4847 quantum
1925 4779 1996 4832 ad
2031 4795 2097 4834 se

436 4864 708 4931 pertinet,
745 4877 817 4916 ex
850 4877 917 4915 eo
948 4862 1103 4932 quod
1128 4865 1217 4915 est
1260 4863 1314 4914 in
1347 4862 1400 4915 id
1437 4864 1591 4933 quod
1638 4882 1751 4918 nun
1780 4870 1888 4928 est,
1926 4867 1984 4921 id
2007 4872 2099 4921 est

433 4952 494 5005 in
526 4952 917 5019 nihilum,nisi
952 4953 1230 5021 perpetua
1261 4952 1449 5021 gratia
1486 4951 1944 5022 fecerit,naturae
1971 4972 2098 5010 suae

435 5040 711 5110 qualitate
770 5040 1053 5095 vertenda
1113 5043 1204 5093 cst
1233 5041 1407 5111 (Aug.
1444 5058 1493 5094 c.
1530 5049 1664 5109 Ix).»
1712 5044 1994 5107 Quamvis
2024 5046 2095 5100 de

436 5128 842 5184 accidentibus
888 5129 1162 5201 singulis,
1209 5146 1342 5200 quae
1373 5132 1931 5198 supervenientibus
1964 5135 2095 5188 aliis

438 5216 654 5271 cedunt
710 5234 825 5271 non
883 5224 1159 5289 appareat
1190 5234 1331 5273 vere
1378 5235 1559 5288 posse
1592 5221 1746 5275 aliud
1775 5223 1887 5275 dici
1921 5239 2096 5294 quam

438 5305 595 5375 quod
627 5306 860 5359 omnino
893 5308 1033 5360 nihil
1066 5308 1229 5362 fiunt.
1266 5309 1412 5362 Nam
1446 5312 1497 5364 si
1530 5310 1746 5382 aliquid
1781 5317 2002 5376 essent,
2040 5314 2097 5366 in

438 5392 709 5464 subjecto
767 5398 987 5449 essent.
1019 5396 1135 5450 Sed
1168 5401 1477 5453 contrariis
1515 5401 2097 5471 supervenientibus,

440 5500 549 5541 nec
584 5483 643 5536 in
673 5498 782 5536 suo
814 5489 1064 5552 possunt
1096 5503 1400 5543 remanere
1430 5489 1853 5560 subjecto,nec
1885 5491 1956 5543 ad
1989 5491 2100 5544 alia

438 5577 825 5633 transmeare.
858 5571 1106 5629 Omnino
1162 5576 1346 5649 igitur
1403 5577 1547 5632 nihil
1592 5578 1755 5650 ﬁunt,
1798 5566 1931 5633 'nisi
1962 5580 2101 5652 quis

2213 4600 2331 4654 duo
2371 4599 2569 4669 aliqua
2592 4599 2839 4669 habent;
2899 4598 3029 4652 istae
3053 4615 3231 4652 unum
3263 4602 3511 4652 tantum:
3544 4593 3798 4657 adeoqua

2212 4705 2390 4758 capae
2401 4688 2474 4742 ita
2484 4698 2535 4742 to
2550 4688 2953 4760 intelligentiae
2967 4692 3190 4742 nostrae
3206 4690 3445 4741 remota:
3459 4686 3585 4738 sunt
3599 4683 3647 4735 ut
3659 4684 3797 4743 neque

2212 4777 2568 4831 mutationes
2601 4792 2704 4831 eas
2727 4778 2862 4846 quis
2888 4777 3141 4831 fortasse
3166 4776 3481 4829 vocaverit:
3503 4766 3797 4825 difficillime-

2212 4882 2325 4937 que
2354 4867 2605 4921 verbum
2636 4866 2910 4934 reperiat,
2944 4867 2998 4919 si
3028 4868 3223 4919 tamen
3255 4865 3346 4919 vel
3380 4859 3792 4921 difﬁcillime,qu0

2212 4971 2313 5009 cas
2332 4955 2706 5026 aliquatenus
2727 4955 2965 5025 preprie
2980 4955 3308 5023 exprimere
3332 4948 3603 5023 possitlit
3622 4945 3792 4998 cetera

2211 5044 2444 5115 quidem
2466 5046 2816 5098 mutationes
2830 5059 3025 5098 rerum
3044 5042 3442 5114 sulijectarum
3458 5035 3709 5105 sunt,haec
3720 5028 3793 5123 Di)-

2214 5134 2376 5199 mini;
2400 5134 2515 5187 illae
2541 5138 2943 5187 creaturarum
2977 5137 3322 5187 caeterarum
3339 5130 3484 5184 hanc
3498 5140 3595 5181 suo
3616 5128 3789 5191 proprio

2217 5223 2668 5292 corporiauctor
2683 5223 2811 5291 ipse
2826 5221 3160 5276 retinuit.Et
3174 5224 3417 5275 crateras
3435 5214 3643 5286 quidem
3655 5199 3787 5260 semel

2212 5313 2267 5365 in
2288 5313 2574 5382 principio
2592 5312 2779 5382 jussit
2799 5328 2938 5366 esse
2959 5312 3204 5381 Deus,et
3224 5310 3392 5364 factae
3410 5309 3555 5368 sunt;
3578 5301 3699 5394 hanc
3715 5308 3783 5344 τίη·

2210 5403 2325 5455 tem
2341 5404 2397 5455 et
2413 5401 2777 5471 propheticis
2809 5400 3156 5467 oraculis,et
3175 5400 3350 5453 rebus
3367 5394 3784 5471 gestis,maximef

2210 5506 2323 5560 que
2343 5491 2656 5544 sacrificiis
2671 5493 2727 5544 et
2742 5490 3161 5544 miraculorum
3175 5487 3423 5542 novitate
3439 5480 3721 5554 promittere
3744 5468 3781 5519 εί

2208 5580 2593 5652 praetigurare
2607 5579 2678 5635 ab
2701 5579 2864 5635 initio
2887 5594 3004 5634 non
3024 5577 3439 5634 cessavitzcum
3459 5571 3608 5627 etiam
3624 5569 3778 5631 magna
