4048 6164
273 319 428 379 1445
565 319 675 380 DE
718 317 1143 381 CORPORIS
1188 319 1294 378 ΕΤ
1337 319 1580 381 SANG.
1632 317 1926 380 DOMlNI
1968 317 2390 380 VERITATE
2431 316 2663 379 LIBRI
2706 316 2943 378 TRES.
2990 349 3067 361 —
3101 314 3258 377 LIB.
3304 315 3361 377 II

3523 294 3680 375 14i6

246 523 501 591 insuper
516 535 759 590 precum
776 520 1144 574 solemnitate
1158 520 1442 587 etstudio,
1472 520 1918 590 perverbaquae
1951 503 1999 557 Α
2028 522 2221 575 bonus
2251 523 2459 575 cuneta
2481 521 2633 575 bona
2664 520 2722 572 in
2740 518 3049 585 creaturis,
3071 532 3201 586 qua)
3238 515 3360 569 fore
3383 516 3442 568 in
3474 514 3564 569 eis
3588 514 3688 568 de-

245 611 320 663 ad
344 610 454 665 hoc
490 610 683 680 ipsum
718 610 955 679 propria
985 609 1142 662 Deus
1167 611 1294 679 ipse
1310 626 1376 662 ac
1396 609 1683 662 Dominus
1715 612 1924 662 noster

268 701 454 754 Jesus
472 698 750 752 Christus
784 698 1021 751 dictavit
1044 698 1301 768 quotidie
1331 698 1572 768 repetita
1587 698 1812 767 praeth
1838 697 1929 752 ef-

255 788 494 841 fectum.
528 786 757 850 Quibus
789 787 1087 854 omnibus,
1123 786 1373 856 aliisque
1403 785 1711 855 permultis
1741 785 1921 855 digne

253 875 792 944 perspectis,valde
818 874 1161 928 credibilior
1183 873 1714 942 haec,chariorque,
1749 888 1924 942 quam

246 961 373 1015 illae
403 962 534 1015 duae
563 963 758 1031 potest
786 957 849 1013 et'
865 961 1040 1014 debet
1074 959 1351 1049 judica'ri.
1386 960 1446 1012 Si
1480 959 1635 1012 enim
1675 959 1836 1012 Deus
1866 959 1924 1013 id

242 1051 410 1121 quod
441 1051 747 1104 difﬁcilius
780 1050 920 1104 etab
944 1049 1241 1103 intellectu
1264 1048 1469 1102 nostro
1490 1048 1774 1101 remotius
1807 1051 1919 1115 est,

244 1142 390 1209 quia
422 1140 626 1208 voluit,
659 1140 797 1193 fecit
829 1156 841 1193 :
903 1138 1197 1209 quomodo
1230 1153 1347 1193 non
1378 1137 1433 1191 id
1486 1137 1641 1207 quod
1690 1136 1923 1190 videtur

247 1230 456 1300 aliquo
487 1229 660 1282 modo
678 1228 909 1281 facilius
932 1224 1923 1297 etintelligibilius,sivoluit,fecit?

245 1318 429 1388 Atqui
461 1318 763 1371 difficilius
796 1317 938 1370 illud
970 1317 1154 1370 Deum
1188 1315 1407 1369 fecisse
1437 1329 1610 1368 nemo
1670 1314 1917 1367 dubitat.

245 1407 416 1460 Istud
447 1407 629 1478 igitur
646 1406 880 1459 facilius
900 1406 1085 1459 Deum
1119 1406 1333 1469 facere,
1371 1405 1423 1458 si
1457 1403 1599 1471 vult,
1623 1417 1794 1456 nemo
1816 1403 1920 1456 du-

241 1496 441 1549 bitare
473 1495 665 1549 debet.
700 1496 813 1548 Aut
846 1511 1032 1565 quare
1063 1494 1213 1547 hanc
1246 1495 1510 1559 quartam
1543 1492 1923 1545 mutationem

243 1601 371 1639 non
389 1585 631 1639 deberet
647 1583 864 1638 addere
886 1584 1046 1637 Deus
1069 1582 1143 1637 ob
1166 1582 1454 1637 medelam
1485 1581 1805 1646 hominum,
1823 1579 1925 1650 qui

247 1677 520 1744 quartam
547 1674 989 1744 generationem
1020 1673 1104 1741 (ut
1135 1672 1537 1739 ostendimus)
1569 1669 1790 1723 addidit
1848 1668 1923 1722 ob

245 1764 687 1834 reparationem
718 1762 927 1816 salutis
959 1762 1226 1831 ipsorum
1252 1777 1264 1814 :
1299 1763 1360 1814 ut
1378 1761 1533 1815 sicut
1563 1759 1661 1813 ille
1694 1771 1924 1813 summe

274 1998 550 2006 *θ’

2032 611 2354 679 cebat,sine
2381 610 2599 663 invidia
2632 624 2769 662 esse
2801 606 3004 669 voluit;
3039 607 3115 658 ita
3153 621 3386 675 quoque
3418 605 3559 657 mira
3590 620 3697 656 va-

2034 701 2256 754 rietatis
2286 698 2720 770 pulchritudine
2779 696 2976 750 nullus
3028 695 3428 764 generationis
3474 692 3686 746 modus

2032 791 2251 844 decens
2296 789 2534 842 deesset
2573 785 2933 852 hominibus,
2967 783 3165 837 nullus
3188 782 3445 835 mutandi
3475 781 3687 835 modus

2032 880 2372 948 competens
2388 876 2626 930 deesset
2669 875 2870 928 rebus.
2916 871 3200 936 Quoniam
3230 871 3412 941 igitur
3445 871 3590 922 satis
3622 869 3693 923 de

2029 966 2455 1038 propositione,
2492 966 2551 1018 ut
2571 963 2846 1030 arbitror,
2874 961 3132 1015 constitit
3151 959 3400 1029 (scilicet
3423 958 3699 1028 quoniam

2030 1057 2407 1111 mutationem
2431 1054 2581 1107 hanc
2614 1053 2793 1121 Deus,
2826 1051 2875 1104 si
2912 1051 3112 1118 voluit,
3146 1048 3305 1117 fecit)
3347 1046 3648 1117 probanda
3676 1062 3689 1115 ;

2030 1150 2250 1200 tantum
2284 1146 2467 1198 restat
2495 1140 2845 1209 assumptio,
2888 1139 3115 1193 scilicet
3143 1138 3279 1207 quia
3309 1136 3514 1191 voluit.
3576 1134 3691 1189 Sed

2031 1236 2303 1308 quoniam
2344 1233 2523 1287 multa
2556 1231 2747 1285 adhuc
2790 1227 3190 1283 exhaurienda
3220 1241 3447 1280 venena
3480 1241 3692 1293 super-

2030 1321 2582 1395 sunt,0pportunius
2610 1320 2664 1374 id
2681 1334 2789 1374 suo
2810 1318 2940 1371 loco
2961 1314 3473 1370 servamus.Nunc
3496 1312 3699 1383 igitur,

2029 1414 2333 1485 prioribus
2355 1409 2834 1465 adversariorum
2855 1405 3165 1459 calumniis
3180 1401 3698 1470 discussis,hic,fsi

2029 1505 2237 1574 placet,
2272 1498 2693 1570 aliquantulum
2729 1494 3107 1566 quiescamus
3138 1508 3149 1546 :
3185 1492 3247 1545 ut
3275 1495 3331 1544 et
3359 1505 3490 1560 quae
3541 1488 3693 1542 dicta

2032 1595 2170 1647 sunt
2199 1588 2543 1661 diligentius
2577 1587 2832 1652 recolas,
2866 1586 2941 1651 et,
2977 1582 3113 1636 dum
3147 1595 3297 1634 novo
3331 1578 3495 1632 initio
3535 1578 3696 1657 inea

2028 1699 2160 1754 quae
2176 1681 2505 1750 sequuntur
2530 1670 3161 1745 assu’rgimumanimus
3174 1672 3313 1723 tuus
3334 1683 3483 1721 nova
3502 1667 3700 1720 inten-

2030 1772 2187 1826 tione
2222 1769 2543 1839 reparetur.

1177 2124 1629 2243 INCIPIT
1705 2121 2068 2238 LIBER
2141 2114 2766 2234 SECUNDUS

1730 2356 2101 2365 ..-ν-*ἢ
2122 2356 2161 2362 -ι

898 2501 1284 2539 GUITMUNDUS.

338 2578 486 2631 Dum
504 2575 622 2630 tuis
645 2574 1082 2645 objectionihus
1113 2574 1464 2643 respondeo,
1500 2567 1926 2641 prudenterad-

252 2668 447 2721 vertat
490 2666 540 2717 si
593 2665 726 2736 quis
767 2664 996 2735 legerit,
1050 2679 1166 2717 non
1198 2678 1289 2717 me
1321 2663 1592 2716 laborare
1640 2675 1792 2713 nunc
1854 2657 1925 2709 ad

250 2755 716 2826 expugnandum
748 2752 971 2807 nostris
1003 2752 1370 2824 argumentis
1405 2751 1637 2820 penitus
1670 2750 1924 2816 hostem;

253 2845 369 2899 sed
385 2844 455 2897 ad
472 2843 843 2896 muniendam
862 2842 1092 2896 interim
1109 2845 1312 2895 contra
1326 2840 1559 2894 hostilia
1580 2838 1926 2909 argumenta

252 2934 610 2988 catholicam
641 2932 836 2985 ﬁdem.
872 2931 941 2984 Et
972 2931 1110 2985 illud
1146 2931 1401 3002 quidem,
1436 2930 1557 2983 Deo
1589 2927 1923 2992 auxiliante,

250 3022 633 3094 postmodum
666 3021 781 3075 ﬁet.
816 3020 985 3074 Nunc
1016 3037 1157 3075 vero
1184 3036 1306 3074 rem
1339 3020 1416 3072 ita
1439 3018 1926 3088 distinguerevo-

250 3114 480 3179 Iumus,
518 3114 579 3164 ut
607 3109 795 3180 primo
841 3109 1118 3163 hostilem
1173 3109 1624 3178 diSputationcm
1675 3105 1925 3160 debilem

254 3216 424 3267 esse,
457 3204 512 3253 et
542 3198 685 3253 nihil
717 3202 917 3253 contra
950 3198 1123 3252 ﬁdem
1143 3200 1405 3252 nostram
1430 3196 1724 3250 conﬁcere
1745 3209 1928 3263 posse

258 3293 671 3343 monstremus
710 3304 720 3341 :
746 3290 809 3341 ut
827 3303 960 3341 cum
983 3287 1040 3340 in
1066 3286 1193 3340 suis
1210 3287 1486 3341 inimicus
1508 3286 1725 3355 ubique
1762 3282 1928 3337 defe-

265 3378 437 3446 cerit,
497 3376 720 3430 nostris
778 3376 849 3428 ad
899 3375 1167 3429 ultimum
1199 3376 1344 3444 (Deo
1394 3374 1648 3443 favente)
1693 3373 1929 3443 plenius

252 3467 603 3522 subruatur.
650 3464 734 3518 Ex
756 3480 869 3535 qua
894 3480 958 3518 re
986 3467 1123 3534 puto
1158 3464 1285 3517 ﬁeri
1310 3467 1369 3517 ut
1401 3463 1677 3517 haeretica
1704 3462 1930 3515 fallacia

254 3557 437 3610 citius
470 3555 661 3623 sileat,
696 3556 752 3608 ct
784 3553 1071 3607 catholica
1103 3553 1324 3606 veritas
1358 3552 1575 3607 clarius
1606 3552 1927 3606 elucescat.

252 3644 378 3699 Sed
408 3643 538 3696 haec
581 3645 825 3712 prepter
875 3657 980 3695 eos
1029 3641 1183 3694 dicta
1232 3641 1368 3705 sint,
1415 3642 1513 3711 qui
1552 3640 1930 3694 festinantius

1962 2477 2007 2531 Β
2033 2494 2132 2548 illa
2162 2490 2539 2558 eucharistia,
2575 2489 2836 2542 divinum
2882 2485 3023 2539 illud
3058 2497 3288 2546 manna;
3313 2480 3470 2552 quod
3493 2480 3700 2533 imma-

2033 2582 2210 2637 culati
2242 2580 2395 2651 Agni
2425 2593 2660 2632 carnem
2685 2574 3113 2646 impassibilem
3144 2572 3378 2639 factam,
3407 2569 3478 2623 de
3508 2567 3702 2622 sacris

2033 2670 2317 2725 altaribus
2351 2669 2666 2738 sumimus,
2699 2682 2806 2736 per
2834 2664 2990 2735 quod
3021 2665 3077 2717 et
3116 2662 3393 2729 vivimus,
3429 2661 3484 2712 et
3512 2673 3544 2710 a
3576 2673 3705 2711 cor-

2034 2760 2302 2830 ruptione
2335 2773 2632 2822 sanamur,
2666 2770 2963 2825 nunquam
2984 2751 3703 2821 corrumpitur,nunquam

2032 2849 2343 2919 putrescit;
2375 2847 2510 2917 quia
2562 2861 2694 2898 cum
2747 2845 2817 2898 de
2849 2843 2942 2897 die
2974 2843 3031 2896 in
3064 2842 3217 2895 diem
3263 2854 3372 2893 nos
3430 2840 3702 2905 renovet,

2033 2939 2229 3008 ipsum
2269 2939 2641 2990 veterascere
2687 2948 2985 3004 nunquam
3044 2929 3205 2984 novit
3237 2929 3329 2981 cui
3390 2926 3696 2982 sententiae

2033 3028 2240 3081 beatus
2298 3023 2651 3079 Ambrosius
2710 3022 3060 3091 astipulatur
3082 3021 3141 3072 in
3171 3018 3321 3072 libro
3354 3017 3438 3070 De
3495 3030 3700 3069 sacra-

2033 3115 2267 3181 mentis,
2304 3114 2397 3167 his
2411 3112 2616 3167 verbis
2640 3112 2788 3180 (cap.
2813 3110 2868 3179 9)
2895 3125 2906 3164 :
2937 3131 2958 3155 «
2986 3107 3310 3162 Considera
3339 3120 3493 3158 nunc
3507 3106 3701 3158 utrum

2032 3202 2413 3274 praestantior
2442 3201 2519 3255 sit
2564 3201 2735 3270 panis
2767 3198 3133 3271 angelorum,
3168 3211 3243 3249 an
3291 3210 3427 3248 caro
3457 3190 3697 3255 Christi,

2035 3309 2167 3364 quia
2197 3292 2397 3361 utique
2420 3306 2637 3359 corpus
2662 3291 2753 3342 est
2772 3288 2928 3341 vitae.
2956 3286 3166 3339 Manna
3190 3283 3331 3337 illud
3354 3298 3384 3337 e
3408 3280 3700 3349 coelo,hoc

2037 3397 2224 3452 supra
2259 3379 2492 3433 cmlum.
2542 3377 2688 3431 Illud
2749 3376 2901 3444 cceli,
2948 3374 3059 3428 hoc
3106 3372 3337 3426 Domini
3395 3369 3700 3424 cmlorum.

2037 3470 2180 3524 Illud
2216 3467 2575 3538 corruptioni
2608 3467 2928 3521 obnoxium
2962 3465 3014 3517 si
3044 3465 3103 3516 in
3126 3463 3279 3516 diem
3311 3461 3561 3516 alterum
3576 3472 3704 3512 ser-

2038 3562 2294 3627 varetur,
2345 3558 2458 3611 hoc
2489 3556 2741 3610 alienum
2788 3555 2861 3608 ab
2903 3554 3059 3607 omni
3109 3551 3504 3620 corruptione.
3541 3547 3704 3612 Quod

2042 3648 2376 3718 quicunque
2389 3646 2673 3716 religiose
2687 3640 3475 3715 gustaveritmorruptionem
3491 3636 3709 3692 sentire

256 3748 443 3804 quam
474 3748 575 3785 res
608 3731 868 3801 postulat
909 3730 1188 3784 satisfieri
1226 3729 1341 3783 sibi
1373 3730 1607 3783 omnino
1639 3730 1926 3782 volentes.
1964 3726 2013 3787 C
2041 3751 2157 3789 non
2187 3734 2457 3803 poterit.»
2480 3732 2543 3786 Si
2576 3747 2721 3802 ergo
2755 3731 2905 3785 forte
2936 3729 3187 3799 cuipiam
3219 3729 3508 3798 vetustate
3568 3738 3707 3778 cor-

254 3824 400 3892 quia
431 3836 547 3874 non
571 3821 761 3874 omnia
781 3823 983 3874 nostra
1008 3820 1105 3873 hic
1131 3819 1541 3889 expendimus,
1569 3817 1717 3887 apud
1735 3833 1801 3870 se
1821 3832 1930 3870 nos

254 3910 534 3964 forsitam
569 3909 640 3961 de
670 3908 964 3961 inefficaci
986 3923 1164 3978 Opere
1184 3906 1771 3977 reprehendant.Jam
1791 3920 1931 3959 vero

256 4001 478 4054 caetera
508 4012 961 4068 prosequamur.
1644 3990 1657 4007 ‘

942 4100 1255 4139 ROGERIUS.

341 4174 743 4246 Berengarius
789 4174 929 4227 dicit
965 4190 975 4227 :
1010 4156 1176 4227 Caro‘
1205 4173 1427 4227 Christi
1475 4173 1936 4242 incorruptibilis

257 4268 377 4331 est,
416 4267 779 4318 sacramenta
838 4278 979 4316 vero
1011 4262 1232 4329 altaris,
1261 4264 1310 4315 si
1355 4262 1575 4316 diutius
1598 4264 1933 4331 serventur,

255 4355 522 4426 possunt
552 4353 870 4422 corrumpi,
895 4352 1172 4405 videntur
1202 4353 1356 4405 enim
1386 4351 1707 4421 putreﬁeri.

907 4440 1307 4495 Gurruumnus.

338 4532 385 4585 Ο
416 4527 1041 4601 calumniosalingua!
1076 4546 1108 4583 ο
1140 4530 1340 4601 lingua
1359 4529 1940 4599 blasphemisassue-

256 4619 344 4676 tal
366 4620 699 4690 promptior
716 4620 784 4673 ad
816 4619 1275 4688 cxtorquendam
1307 4620 1562 4688 superbe
1590 4618 1660 4672 de
1679 4617 1938 4688 Scriptu-
1973 4626 1979 4634 '

257 4710 353 4765 ris
370 4710 473 4763 Dei
488 4726 653 4764 suam
671 4709 1255 4779 perditionemquam
1271 4709 1338 4761 ad
1358 4709 1789 4777 percipiendam
1807 4725 1935 4761 cum

260 4799 545 4854 ﬁdelibus
572 4798 873 4852 salubrem
906 4796 1308 4851 refectionem.
1332 4797 1590 4850 Credidit
1611 4796 1936 4866 Scripturis

261 4889 494 4941 sanctis
527 4887 859 4941 dicentibus
874 4886 1169 4940 Christum
1191 4902 1327 4940 esse
1346 4886 1938 4955 incorruptibilem,et

2038 3827 2273 3893 ruptum
2305 3826 2359 3876 et
2389 3821 2686 3891 putridum
2743 3818 3060 3890 aliquando
3102 3817 3390 3885 videatur,
3429 3815 3478 3868 si
3510 3814 3563 3868 is
3592 3829 3709 3868 non

2040 3911 2227 3965 credit
2260 3910 2373 3963 hoc
2405 3908 2561 3979 quod
2612 3907 2790 3975 videt,
2825 3922 2963 3961 esse
2995 3922 3214 3975 corpus
3247 3904 3509 3972 Domini,
3541 3901 3709 3973 juxta
3814 3950 3817 3951 ν

2041 4015 2146 4055 cor
2177 4015 2373 4066 suum,
2395 4013 2528 4051 eum
2549 4012 2617 4051 eo
2637 3995 2934 4050 credimus
2954 3994 3083 4066 agi:
3109 3996 3193 4063 (ut
3216 3991 3709 4064 quemadmodum

2040 4089 2112 4143 de
2162 4088 2400 4165 Christo
2432 4086 2748 4157 peregrino
2781 4088 2837 4138 et
2866 4083 3099 4137 duobus
3130 4082 3442 4152 discipulis
3474 4096 3607 4134 cum
3638 4094 3709 4133 eo

2040 4180 2101 4232 in
2131 4178 2224 4230 via
2254 4176 2637 4246 loquentibus
2670 4174 2882 4228 beatus
2916 4173 2994 4226 ait
3049 4171 3398 4242 Gregorius)
3459 4170 3569 4222 tale
3627 4167 3709 4220 illi

2043 4268 2187 4321 foris
2220 4268 2514 4336 appareat,
2563 4263 2734 4334 quale
2768 4264 2924 4317 intus
2957 4262 3014 4314 in
3046 4261 3225 4315 corde
3272 4258 3545 4312 videlicet
3576 4272 3705 4311 cre-

2043 4358 2218 4411 ditur.
2238 4355 2299 4410 Si
2327 4358 2517 4408 autem
2540 4352 2744 4419 credit,
2777 4352 2891 4405 hoc
2924 4350 3080 4421 quod
3103 4350 3263 4403 videt
3310 4362 3449 4401 esse
3489 4360 3707 4415 corpus

2043 4445 2293 4513 Domini,
2330 4444 2385 4497 id
2421 4458 2553 4496 cum
2578 4458 2647 4497 eo
2681 4440 3141 4505 ﬁericredimus,
3173 4440 3351 4491 utaut
3368 4437 3560 4506 aliqua
3575 4434 3709 4506 ejus

2044 4534 2407 4605 negligentia
2453 4531 2824 4603 corrigenda,
2875 4530 2969 4583 vel
3026 4528 3318 4600 punienda
3379 4525 3712 4580 declaretur

2045 4639 2149 4694 pro
2184 4638 2252 4676 eo
2287 4622 2560 4675 videlicet
2589 4620 2747 4691 quod
2784 4618 3017 4672 Domini
3040 4618 3135 4671 sui
3161 4631 3400 4686 corpus,
3428 4616 3711 4686 quantum

2046 4712 2105 4765 in
2151 4727 2218 4764 se
2252 4714 2362 4779 est,
2398 4710 2638 4781 indigne
2679 4709 3018 4762 tractaverit
3072 4707 3162 4761 vel
3196 4709 3398 4761 contra
3429 4703 3710 4758 ecclesia-

2046 4800 2230 4854 sticas
2261 4799 2503 4870 regulas
2523 4799 2745 4852 diutius
2756 4797 3063 4851 retinendo
3082 4795 3489 4850 inobedienter
3500 4791 3707 4864 egerit;

2047 4890 2144 4941 aut
2176 4890 2332 4941 certe
2357 4886 2489 4939 fidei
2519 4884 2652 4957 ejus
2677 4885 2940 4939 soliditas
2964 4883 3268 4953 ecpiosius
3283 4879 3710 4936 remuneranda

262 4994 388 5032 non
412 4975 907 5030 crediditChristo
923 4975 1136 5041 dicenti
1163 4990 1174 5028 :
1199 4975 1386 5028 Panis
1400 4991 1565 5045 quem
1585 4990 1691 5044 ego
1712 4974 1936 5029 dedero
1962 4989 2019 5051 D
2050 4976 2485 5046 comprobctur,
2504 4976 2602 5045 qui
2626 4979 2823 5028 contra
2841 4974 2894 5027 id
2921 4974 3091 5026 etiam
3115 4972 3271 5042 quod
3292 4969 3501 5025 oculus
3524 4969 3713 5023 cernit

262 5081 410 5119 caro
439 5081 565 5119 mea
597 5071 687 5118 est
712 5080 823 5135 pro
854 5061 1057 5117 saeculi
1094 5065 1210 5117 vita
1240 5063 1428 5131 (Joan.
1455 5064 1555 5130 vi),
1592 5063 1697 5116 sed
1731 5066 1933 5117 contra

262 5157 384 5210 hoc
416 5154 653 5224 opponit
701 5153 1156 5222 corruptionem.
1192 5152 1471 5206 Videatur
1506 5153 1698 5221 itaque
1752 5155 1936 5206 male-

266 5242 440 5295 sanis
473 5241 890 5310 corruptisque
932 5240 1292 5305 hominibus,
1323 5239 1491 5310 juxta
1542 5240 1935 5295 inﬁdelitatem

263 5347 462 5397 suam,
498 5329 898 5399 corruptibilis
933 5333 986 5382 et
1036 5328 1330 5397 putrihilis
1362 5330 1532 5397 panis
1566 5329 1824 5397 divinus,
1883 5335 1937 5385 et

264 5421 427 5475 sicut
458 5419 744 5489 scriptum
768 5421 859 5472 est
886 5418 1350 5486 tollaturimpius
1374 5434 1445 5472 ne
1470 5434 1721 5488 unquam
1744 5420 1937 5473 videat

269 5508 524 5581 gloriam
560 5507 663 5561 Dei
696 5506 858 5571 (Isai.
888 5510 1073 5574 xxvx);
1110 5506 1215 5559 scd
1248 5521 1488 5574 semper
1543 5507 1936 5575 ignominiosa

273 5598 350 5651 de
375 5597 495 5650 Deo
529 5596 799 5660 somniet,
818 5610 1058 5665 semper
1089 5595 1368 5649 scandala
1390 5595 1722 5663 meditetur,
1750 5598 1943 5667 sitque

264 5687 324 5740 ei
357 5685 631 5740 Christus
653 5700 889 5755 semper
912 5684 1067 5756 lapis
1098 5682 1465 5754 offensionis,
1492 5690 1551 5738 et
1573 5689 1749 5755 petra
1767 5702 1940 5740 scan-

269 5775 399 5831 dali'
426 5775 474 5847 (1
503 5774 675 5831 Fetr.
694 5778 778 5846 ιι).
809 5774 1000 5832 Nobis
1018 5774 1175 5831 enim
1195 5774 1366 5846 panis
1388 5773 1486 5830 ille
1509 5773 1613 5830 Dei
1649 5774 1934 5848 caelestis,

2049 5066 2120 5119 de
2135 5065 2315 5118 rebus
2338 5080 2405 5117 ac
2430 5065 2688 5134 potentia
2738 5062 3097 5127 Dominisui,
3114 5064 3171 5114 et
3191 5059 3484 5114 communi
3509 5057 3711 5112 Eccle-

2048 5154 2154 5207 siae
2187 5153 2301 5206 ﬁde
2332 5168 2449 5206 non
2472 5152 2844 5205 dubitari.Ad
2875 5151 3001 5204 haec
3047 5166 3179 5220 qum
3211 5149 3484 5215 dicimus,
3518 5164 3588 5202 ex
3619 5147 3711 5199 di-

2048 5242 2205 5295 vinis
2240 5242 2412 5295 libris
2442 5242 2705 5309 exempln
2740 5242 2913 5294 nobis
2944 5242 2999 5294 in
3035 5241 3304 5309 promptu
3335 5240 3491 5291 sunt.
3528 5235 3711 5289 Maria

2048 5347 2300 5401 namque
2322 5330 2669 5401 Magdalene
2684 5329 2940 5383 nondum
2962 5328 3376 5383 resurrexisve
3401 5326 3711 5380 Dominum

2050 5420 2301 5474 credens
2315 5419 2483 5489 juxta
2500 5418 2962 5472 incredulitatem
2977 5435 3141 5469 suam
3160 5416 3325 5486 quasi
3342 5416 3712 5471 hortulanum

2049 5509 2195 5562 vidit
2225 5507 2412 5576 (Joan.
2460 5509 2582 5574 xx).
2618 5507 2939 5576 Discipulis
2996 5526 3230 5578 ιμυιμιυ
3286 5506 3709 5572 dubitantibus,

2047 5599 2177 5667 ipsa
2198 5597 2660 5651 resurrectionis
2683 5596 2774 5650 die
2790 5600 3061 5667 tanquam
3075 5597 3429 5667 peregrinus
3447 5593 3712 5666 apparuit

2048 5687 2211 5754 (Luc.
2239 5685 2545 5757 xxxv).Ubi
2574 5686 2749 5740 etiam
2781 5701 2898 5756 quo
2931 5686 3098 5740 modo
3127 5688 3491 5740 credentium
3524 5682 3712 5756 negli-

2046 5774 2245 5848 gentia
2260 5776 2539 5846 puniatur
2567 5774 2666 5833 vel
2697 5775 3029 5851 corrigatur
3058 5774 3249 5831 videri
3301 5777 3517 5846 potest.
3563 5771 3715 5828 Nam
