4084 6186
461 238 612 309 1447

1370 276 1379 279 -
1406 245 1892 308 GUITMUNDI
1924 244 2459 309 ARCHIEPISC.
2490 245 2915 311 AVERSANI

3657 256 3773 318 1448

444 446 720 518 quoniam
742 446 1082 517 prophetias
1109 446 1179 499 de
1210 444 1444 499 Christo
1476 447 1672 500 minus
1696 446 2010 517 diligenter
2030 450 2108 501 at-
2140 434 2176 491 Α
2221 447 2447 501 valeant
2470 447 2962 518 ipsiusadjutorio
2981 447 3115 502 fidei
3155 450 3213 502 in
3227 448 3352 502 suis
3402 449 3765 509 inﬁrmitatibus

439 522 766 604 tenderent,
803 535 874 589 de
922 535 1282 606 negligentia
1322 536 1570 604 primum
1606 536 1843 605 quidem
1874 536 2101 606 puniri,

442 623 580 677 dum
609 623 746 677 stuli
779 628 1095 691 vocantur;
1120 624 1329 678 deinde
1353 624 1597 695 corrigi,
1623 624 1759 677 dum
1782 625 2104 693 Scriptura)

442 714 531 767 eis
561 713 922 782 aperiuntur,
952 716 1307 766 meruerunt.
1329 712 1631 777 Quomodo
1649 717 1840 767 autem
1859 714 1929 766 ad
1955 729 2106 766 com-

439 800 781 870 probandos
801 802 1385 872 remunerandosque
1408 801 1614 855 fideles
1638 802 2104 871 incorruptibilis

443 889 720 944 Christus
769 891 937 960 quasi
989 890 1388 960 corruptibilis
1435 890 1618 944 videri
1674 891 1950 962 dignatus
1994 890 2097 957 sit,

444 979 653 1032 beatus
672 977 997 1050 Gregorius
1017 980 1270 1033 declarat
1292 980 1362 1032 de
1385 980 1636 1049 quodam
1666 980 1941 1050 Mai-tyrio
1974 994 2101 1033 mo-

440 1066 631 1122 nacho
646 1083 916 1135 narrans,
933 1069 1033 1138 qui
1050 1069 1356 1121 Dominum
1372 1069 1576 1122 Jcsum
1591 1069 1648 1121 in
1662 1068 1861 1136 specie
1882 1067 2103 1137 leprosi

446 1155 563 1209 sibi
591 1160 970 1225 apparentem
1001 1158 1256 1227 propriis
1288 1158 1498 1211 meruit
1528 1157 1792 1211 humeris
1815 1157 2104 1228 bajulare.

445 1243 706 1315 Cumque
728 1246 800 1313 is,
837 1246 1042 1316 inquit,
1078 1246 1177 1317 qui
1202 1247 1370 1316 quasi
1394 1246 1669 1316 leprosus
1693 1246 2015 1313 videbatur,
2036 1245 2108 1299 de

446 1332 597 1388 collo
616 1333 750 1404 ejus
770 1336 1131 1403 evanuisset,
1153 1336 1224 1388 ab
1246 1337 1373 1405 ipso
1394 1352 1527 1390 mox
1546 1336 1893 1390 sententiam
1916 1350 2106 1388 remu-

442 1422 766 1476 nerationis
798 1424 1050 1493 accepit;
1083 1423 1386 1491 Quoniam,
1430 1425 1636 1495 inquit,
1671 1441 1786 1478 non
1815 1423 2104 1478 erubuisti

447 1526 539 1565 me
569 1511 628 1563 in
657 1516 830 1578 terra,
863 1529 895 1565 o
940 1513 1199 1584 Martyri,
1234 1529 1339 1567 nec
1382 1528 1524 1585 ez'go
1568 1514 1914 1567 erubescam
1960 1517 2014 1566 te
2051 1512 2110 1565 in

450 1599 620 1654 cmlo.
654 1599 817 1655 Sicut
839 1602 1018 1673 igitur
1040 1602 1110 1655 ad
1136 1603 1633 1672 comprobandum
1654 1605 1712 1656 et
1734 1616 2111 1656 remuneran-

450 1688 582 1742 dam
608 1689 865 1759 Martyrii
897 1690 1279 1744 humilitatem
1302 1674 1428 1745 sive
1452 1692 1845 1759 dilectionem,
1870 1690 1929 1743 in
1957 1694 2115 1744 terra

448 1777 699 1832 deformi
733 1778 1145 1849 horrendaque
1177 1780 1377 1848 specie
1402 1781 1687 1833 Dominus
1710 1780 2114 1833 nostei-Jesus

449 1866 723 1921 Christus
755 1869 1057 1936 apparuit;
1092 1868 1167 1921 ita
1199 1870 1269 1921 ad
1301 1870 1794 1938 comprobandum
1836 1873 1891 1922 et
1922 1884 2117 1921 remu-

455 1956 774 2008 nerandam
806 1972 1114 2009 servorum
1146 1973 1389 2011 suorum
1422 1958 1616 2025 iidem,
1658 1958 1709 2010 si
1741 1958 1897 2011 nulla
1919 1957 2117 2010 incre-

456 2043 672 2096 dulitas
692 2048 802 2112 est,
824 2044 916 2097 vel
935 2044 1294 2116 negligentia
1311 2048 1605 2115 punienda
1627 2047 1717 2101 vel
1744 2045 2115 2118 corrigenda,

456 2131 517 2185 in
546 2131 746 2200 specie
778 2134 1037 2201 corrupti
1068 2134 1226 2187 illius
1251 2136 1442 2203 panis,
1475 2136 1526 2189 si
1560 2137 1792 2206 quando
1827 2135 1938 2189 hoc
1972 2150 2119 2189 eon-

455 2220 661 2291 tingat,
696 2221 1028 2277 credendus
1073 2224 1164 2275 est
1193 2224 1399 2277 videri.
1452 2224 1538 2293 Et,
1584 2226 1737 2277 sicut
1784 2240 1899 2278 non
1940 2223 2118 2277 alium

455 2308 756 2380 leprosum
780 2310 942 2364 illum
965 2311 1467 2367 deformissimam
1490 2314 1679 2369 fuisse
1702 2314 1818 2368 nisi
1850 2314 2116 2383 seipsum

457 2397 528 2452 de
559 2398 710 2453 collo
744 2398 1004 2470 Martyrii
1036 2416 1403 2457 evanescens
1435 2403 1711 2458 Christus
1735 2403 2018 2467 ostendit;
2040 2404 2116 2456 ita

456 2502 573 2541 non
602 2487 759 2541 aliud
790 2504 963 2559 quam
986 2488 1205 2544 Christi
1225 2508 1461 2546 carnem
1495 2496 1550 2546 et
1573 2493 1924 2564 sanguinem
1952 2492 2012 2546 in
2032 2492 2116 2545 di-

457 2576 613 2629 vinis
626 2579 1035 2649 sacramentis,
1054 2580 1288 2651 ctiamjsi
1310 2580 1823 2653 subjspeeieﬁquasi
1838 2581 2122 2651 putrefac-

456 2665 498 2718 ti
523 2666 693 2735 panis
722 2670 777 2719 et
809 2668 929 2721 vini
951 2668 1263 2739 aliquando
1295 2671 1624 2740 videantur,
1656 2671 2121 2725 orthodoxorum

455 2752 764 2823 prudentia
795 2755 1037 2809 credere
1083 2757 1263 2810 novit.
1297 2758 1463 2821 Quod
1502 2759 1557 2811 si
1596 2758 1849 2829 objicias
1890 2764 1974 2827 tut
2004 2758 2123 2812 dici

456 2842 701 2910 assolet)
732 2843 868 2913 quia
901 2844 1298 2917 Berengarius
1334 2846 1854 2907 Vitassanctorum
1879 2863 1986 2917 pro
2018 2863 2119 2901 au-

458 2935 727 2988 ctoritate
759 2950 877 2988 non
908 2937 1148 3006 recepit,
1182 2936 1363 3005 scias,
1396 2936 1531 3007 quia
1562 2938 1794 2992 tametsi
1834 2937 2120 3008 quasdam

457 3025 796 3078 sanctorum
826 3024 988 3080 Vitas
1011 3041 1129 3079 non
1161 3025 1388 3095 recipit,
1433 3026 1588 3081 beati
1626 3026 1897 3097 Gregorii
1928 3030 2122 3101 tamen

455 3112 640 3168 libros
681 3130 998 3185 numquam
1029 3130 1162 3168 eum
1181 3117 1488 3186 respuisse
1508 3120 1678 3186 prout
1705 3114 2011 3171 recordor.
2034 3130 2124 3169 ac-

456 3203 604 3272 cepi.
645 3204 1010 3273 QuaprOpter
1055 3208 1111 3258 et
1163 3205 1461 3278 dialogum
1498 3207 1651 3259 beati
1696 3206 1970 3277 Gregorii
2012 3220 2117 3276 pro

458 3295 802 3347 auctoritate
833 3295 1294 3364 assumpsimus,
1328 3297 1387 3347 in
1418 3311 1533 3364 quo
1590 3295 1660 3348 de
1701 3295 1975 3366 martyrio
1994 3311 2119 3348 me-

455 3385 759 3436 morantur
781 3382 907 3452 iista
950 3400 1083 3454 quae
1122 3384 1398 3439 diximus.
1448 3384 1671 3438 Tantus
1714 3384 1868 3438 enim
1916 3390 2124 3439 auctor

454 3486 573 3525 non
604 3487 671 3525 ea
703 3472 1013 3540 scriberet,
1037 3474 1153 3526 nisi
1182 3476 1239 3527 et
1268 3474 1395 3541 ipse
1419 3489 1555 3527 vera
1584 3489 1721 3527 esse
1754 3473 2038 3541 crederet,
2066 3476 2124 3529 et

456 3560 635 3630 digna
665 3560 827 3613 credi
856 3577 888 3612 a
932 3562 1189 3629 posteris
1228 3561 1540 3633 judicaret.
1582 3563 1907 3631 Postremo,
1943 3564 2121 3617 totam

456 3648 648 3718 ipsam
667 3648 1171 3718 dispensationem
1189 3650 1565 3705 humanitatis
1588 3653 1908 3708 Dominicae
1928 3652 2122 3707 animo

456 3750 898 3807 percurramus.
933 3738 1075 3792 Tota
1103 3738 1331 3810 [quippe
1372 3740 1505 3795 talis
1547 3742 1790 3810 exstitit,
1820 3743 1893 3796 de
1922 3757 2037 3813 qua
2067 3744 2123 3796 et

456 3823 830 3879 inimicorum
857 3825 1236 3883 incredulitas
1271 3830 1859 3902 magislexcaecanda,
1888 3835 2121 3902 propte-

457 3929 678 3984 reaque
711 3915 1055 3986 damnanda,
1075 3918 1570 3974 scandalizaretur
1589 3935 1599 3974 :
1618 3920 2046 3975 cteredentium
2063 3920 2123 3973 ﬁ-

457 4004 565 4059 des
584 4004 773 4077 magis
787 4008 1237 4078 augmentanda,
1252 4012 1309 4062 et
1320 4014 1631 4078 propterea
1650 4010 1979 4065 coronanda
1993 4025 2121 4080 pro-

455 4096 1062 4169 baretur-.Quidlenim
1085 4098 1196 4152 hoc
1214 4098 1428 4167 ipsum,
1449 4098 1605 4168 quod
1638 4099 1709 4152 de
1741 4099 1983 4170 Virgine
2004 4098 2123 4167 ,de-

457 4190 737 4257 sponsata
760 4186 985 4256 Joseph
1016 4187 1181 4241 nasci
1213 4188 1438 4241 voluit?
1471 4187 1678 4242 Nonne
1701 4191 1756 4241 et
1775 4187 2032 4241 inimicis
2049 4186 2122 4241 ad

457 4275 855 4348 augmentum]
880 4277 1202 4331 mortiferas
1256 4277 1571 4346 impietatis
1626 4276 1892 4330 scandali
1943 4291 2125 4330 causa

458 4364 587 4434 fuit,
636 4369 697 4419 ut
739 4364 1101 4436 appellarent
1145 4381 1277 4419 eum
1316 4366 1500 4420 filium
1546 4366 1727 4432 fabri;
1763 4370 1818 4419 et
1862 4364 2128 4418 credenti

458 4454 648 4528 Petro.
676 4454 749 4507 ad
788 4460 1168 4525 augmentum
1221 4455 1668 4510 remunerandaa
1708 4455 1845 4510 fidei
1882 4452 2123 4523 profuit,

454 4543 555 4614 qui
584 4544 645 4597 in
664 4542 824 4598 nullo
836 4558 943 4613 per
960 4543 1071 4598 hoc
1088 4545 1403 4614 impeditus
1427 4546 1572 4599 dixit
1594 4561 1604 4599 :
1643 4544 1720 4599 Tu
1739 4560 1806 4599 es
1839 4543 2125 4598 Christus

460 4632 654 4688 Filius
672 4633 787 4688 Dei
824 4634 984 4688 vivi?
1014 4634 1208 4702 (Matt.
1231 4635 1375 4704 xvr.)
1396 4633 1545 4698 Quid
1564 4634 1817 4704 denique
1849 4637 1964 4687 tota
1995 4647 2121 4687 car-

458 4724 555 4778 nis
580 4722 715 4794 ejus
736 4722 1087 4777 inﬁrmitas?
1102 4723 1310 4778 Nonne
1328 4728 1384 4779 et
1404 4725 1598 4793 ipsum
1614 4722 1908 4777 diabolum
1932 4737 2123 4791 usque

459 4813 607 4868 adeo
636 4812 981 4882 excmcavit,
1016 4816 1207 4868 utnec
1240 4814 1521 4868 miracula
1550 4813 1808 4868 inaudita
1844 4813 2008 4883 prius
2032 4814 2122 4866 at-

458 4903 730 4971 tendens,
766 4917 957 4973 usque
980 4902 1051 4956 ad
1083 4903 1468 4957 occidendum
1496 4919 1626 4957 eum
1656 4904 1995 4973 insurgeret
2016 4916 2125 4956 nec

458 4992 665 5046 damna
682 4992 1146 5047 irrestaurabilia
1164 4993 1279 5047 sibi
1303 4992 1514 5048 exinde
1535 4996 1891 5061 proventura
1912 4991 2123 5059 praevi-

463 5084 671 5140 deret?
692 5084 778 5139 Ex
801 5085 1006 5140 eadem
1036 5086 1227 5137 tamen
1250 5082 1584 5137 inﬁrmitate
1609 5082 1893 5151 tantisper
1911 5079 2128 5134 illumi-

460 5177 672 5228 nantur
708 5190 815 5244 per
853 5175 1029 5229 [idem
1065 5173 1358 5244 hodieque
1403 5172 1630 5241 ﬁdeles,
1674 5172 1737 5224 ut
1778 5184 1892 5225 non
1934 5168 2129 5225 solum

538 5319 651 5389 (10)
694 5318 858 5392 Quod
876 5316 1584 5392 ,GuLtniundusgindicare
1626 5312 1856 5367 videtur
1895 5310 2131 5392 species

466 5390 926 5446 sacramentales
979 5390 1369 5444 Eucharistiae
1400 5402 1607 5441 revera
1646 5400 1764 5439 non
1810 5390 2133 5451 corrumpi,

466 5460 1028 5532 autputreﬁcri,gvel
1051 5477 1080 5514 a
1116 5461 1386 5514 muribus
1418 5472 1601 5532 posse
1632 5454 1885 5532 COPI'Odi,
1920 5458 2019 5508 aut
2058 5453 2130 5507 ab

464 5529 605 5589 aliis
630 5530 1024 5587 animantibus
1054 5532 1348 5601 devorari,
1384 5530 1492 5585 sed
1508 5529 1637 5584 hac
1668 5531 1889 5601 tantum
1912 5540 2129 5601 secun-

467 5607 604 5666 dum
616 5603 1021 5677 apparentiam
1033 5602 1181 5675 fieri,
1196 5619 1315 5659 non
1326 5597 1475 5659 satis
1489 5616 1623 5658 cum
1635 5598 1867 5672 placitis
1882 5597 2135 5653 sincerae

2154 3161 2207 3228 C

2217 552 2333 590 non
2347 536 2599 590 deficere
2617 552 2630 603 ;
2651 537 2756 590 sed
2774 536 3045 607 ejusdem
3070 538 3313 607 insuper
3333 537 3539 592 Domini
3561 541 3639 593 sui
3661 543 3789 596 auxi-

2217 624 2359 678 lium
2412 625 2722 679 credentes
2764 625 3029 679 charitati
3074 642 3184 696 qua
3216 641 3321 696 pro
3362 627 3495 695 ipsis
3530 628 3788 685 inﬁrmatus

2222 716 2330 780 est,
2364 728 2792 783 usquequaque
2821 714 3131 768 ﬁduciaius
3152 714 3397 767 audeant
3423 714 3706 784 implorare.
3730 717 3792 772 De

2223 804 2407 855 morte
2429 803 2621 855 autem
2651 801 2785 871 ejus
2815 802 2955 872 quid
2977 802 3207 856 dicam?
3234 803 3437 857 Nonne
3452 803 3576 857 dicit
3601 806 3795 874 Aposto-

2222 889 2336 958 lus,
2372 890 2506 960 quia
2536 905 2641 958 per
2668 891 2859 959 ipsam
2893 890 3172 945 Christus
3190 891 3409 946 Judaeis
3425 898 3508 945 est
3524 893 3794 946 scandalum

2221 978 2503 1049 gentibus
2515 985 2706 1033 autem
2722 980 2979 1033 stultitia
2996 1001 3012 1034 :
3034 980 3388 1035 Christianis
3409 996 3555 1045 vero,
3582 981 3800 1036 Christus

2224 1068 2336 1122 Dei
2372 1068 2563 1122 virtus
2593 1074 2651 1122 et
2677 1069 2791 1123 Dei
2836 1070 3129 1139 sapientia
3161 1069 3213 1136 (I
3236 1068 3370 1123 Cor.
3410 1072 3468 1138 ι.)
3496 1070 3636 1122 Sicut
3667 1070 3802 1140 igitur

2223 1160 2360 1211 tunc
2382 1173 2514 1210 cum
2560 1142 2713 1211 inter
2755 1158 3025 1211 homines
3074 1158 3340 1212 mortalis
3379 1158 3555 1211 adhuc
3588 1158 3799 1211 Christus

2226 1246 2467 1310 viveret,
2496 1247 2652 1300 circa
2669 1247 2802 1317 ejus
2825 1262 3060 1300 carnem
3077 1248 3393 1318 agebatur;
3416 1248 3487 1299 ita
3505 1247 3650 1298 ctiam
3665 1262 3804 1316 quan-

2230 1335 2328 1389 diu
2351 1335 2618 1389 Ecclesia
2634 1335 2770 1406 ejus
2792 1351 2985 1406 usque
3005 1338 3075 1390 ad
3096 1337 3635 1390 consummationem
3651 1335 3810 1389 saeculi

2230 1424 2497 1479 mortalis
2527 1425 2655 1493 erit,
2690 1441 2796 1495 pro
2828 1425 3029 1479 eadem
3064 1424 3307 1479 utilitate
3324 1424 3610 1487 Ecclesiae,
3632 1440 3722 1493 qua
3736 1423 3807 1476 illa

2225 1515 2361 1567 tunc
2393 1512 2609 1567 ﬁebant
2630 1513 2789 1567 circa
2816 1513 3007 1583 ipsam
3038 1514 3305 1568 eamdem
3332 1529 3575 1581 carnem,
3597 1512 3730 1566 salva
3748 1513 3814 1565 in-

2226 1602 2601 1671 corruptione
2615 1601 2666 1671 ej
2679 1618 2768 1669 us,
2790 1603 2902 1656 tale
2924 1602 3063 1672 quid
3077 1603 3277 1673 specie
3295 1606 3465 1656 tenus
3478 1615 3723 1671 apparere
3736 1607 3812 1669 po‘

2225 1694 2340 1745 test
2368 1691 2523 1745 unde
2540 1691 3031 1759 scandalizentur,
3060 1695 3116 1745 ct
3137 1691 3614 1745 contenebrentur
3632 1704 3813 1757 semper

2227 1779 2531 1847 increduli,
2564 1782 2953 1833 exerceantur
2983 1784 3176 1834 autem
3196 1785 3250 1834 et
3272 1779 3652 1835 illuminentur
3669 1777 3811 1847 magis

2227 1868 2415 1923 electi.
2452 1868 3110 1939 QuapropterIdesinant
3136 1869 3408 1923 homines
3423 1870 3599 1920 mente
3616 1865 3816 1934 corrupti

2229 1961 2283 2011 et
2314 1957 2550 2027 putridi,
2577 1957 2970 2026 corruptelam
3002 1960 3059 2011 et
3084 1957 3457 2028 putredinem
3479 1969 3733 2026 opponere
3749 1968 3815 2006 sa-

2230 2047 2545 2101 cramentis
2576 2047 2681 2100 Dei
2706 2063 2720 2117 ;
2754 2048 2912 2116 quia,
2947 2048 3104 2100 sicut
3133 2049 3440 2116 assumpta
3468 2043 3728 2115 peregrini
3750 2042 3820 2094 vel

2231 2134 2545 2205 hortulani,
2560 2135 2653 2189 vel
2666 2135 2884 2205 leprosi
2899 2135 3157 2205 species,
3174 2134 3436 2188 fidelium
3449 2132 3818 2205 negligentiam,

2234 2223 2327 2279 vel
2348 2224 2654 2294 increpuit,
2672 2224 2762 2277 vel
2776 2224 3077 2294 corripuit,
3102 2224 3193 2278 vel
3207 2224 3384 2277 ﬁdem
3408 2222 3817 2289 dilectionemque

2234 2314 2523 2383 probavit,
2547 2315 2850 2366 veritatem
2872 2315 3063 2366 tamen
3082 2312 3366 2366 essentiae
3387 2309 3595 2364 Christi
3614 2323 3823 2363 noneva-

2242 2403 2474 2457 enavit?
2504 2402 2578 2455 ita
2610 2401 2661 2455 si
2692 2401 2925 2471 quando
2942 2400 3210 2470 putredo,
3233 2400 3497 2470 velaliud
3513 2399 3683 2453 simile
3710 2396 3828 2449 indc-

2239 2508 2383 2547 cens
2422 2491 2563 2561 quid
2611 2491 2670 2543 in
2708 2489 2994 2544 Ecclesia
3045 2490 3439 2543 sacramentis
3484 2489 3742 2558 appareat,
3779 2484 3829 2536 ad

2239 2580 2656 2652 negligentiam
2681 2578 3086 2632 ministrorum
3104 2577 3465 2647 puniendam
3483 2576 3571 2631 vel
3584 2575 3826 2645 corrigen-

2238 2672 2391 2738 dam,
2423 2668 2517 2723 vel
2547 2670 2705 2721 certe
2730 2667 2802 2720 ad
2825 2666 2995 2720 ﬁdem
3021 2666 3472 2721 dilectionemve
3515 2662 3832 2737 probandam,

2236 2765 2298 2815 ut
2326 2759 2607 2824 diximus,
2642 2756 2819 2810 valet:
2841 2756 3149 2810 veritatem
3170 2760 3368 2810 tamen
3399 2755 3661 2810 essentire
3692 2751 3833 2805 Domi.

2236 2849 2384 2903 nicae
2433 2848 2629 2901 carnis
2686 2850 2741 2899 et
2805 2845 3118 2916 sanguinis
3170 2859 3466 2898 evacuare
3519 2858 3627 2898 non
3670 2843 3831 2912 potest.

2234 2937 2489 2992 Proinde
2538 2950 2681 3006 ergo
2712 2948 2821 2987 nec
2866 2933 3017 2987 istas
3047 2932 3321 2988 Ecclesia
3350 2934 3458 2987 Dei
3486 2931 3831 2986 haereticorum

2234 3026 2532 3082 versutias
2563 3024 2806 3078 metuat:
2842 3037 2975 3092 quae
3004 3022 3196 3092 ipsam
3214 3023 3393 3077 etiam
3410 3024 3582 3076 totam
3602 3017 3833 3074 carnalem

2233 3120 2293 3171 in
2323 3115 2499 3171 terris
2521 3110 3022 3183 dispensationem
3041 3110 3274 3165 Domini
3290 3112 3389 3165 sui
3411 3112 3524 3165 sibi
3543 3109 3747 3181 quidem
3764 3120 3834 3158 sa-

2235 3210 2434 3275 lutem,
2456 3202 2799 3259 scandalum
2813 3202 3007 3253 autem
3025 3214 3261 3270 semper
3276 3201 3474 3255 fuisse
3498 3196 3740 3269 reprobis
3752 3207 3834 3247 non

2236 3299 2486 3370 ignorat.

2908 3394 3223 3435 ROGERIUS.

2310 3482 2359 3532 A
2389 3476 2657 3531 muribus
2689 3490 2944 3546 quoque,
2968 3473 3061 3527 vel
3093 3467 3513 3542 hujuscemodi
3542 3461 3835 3536 quibuslibet

2239 3566 2589 3622 animalibus
2629 3564 2881 3632 corrodi,
2924 3562 3017 3616 vel
3059 3558 3330 3615 consumi
3362 3557 3495 3611 hac
3537 3552 3833 3609 sacramenta

2234 3672 2417 3729 posse
2440 3653 2741 3726 objiciunt.

2868 3754 3258 3794 GUITHUNDUS.

2310 3833 2450 3888 Mihi
2498 3831 2770 3902 equidem
2827 3831 3194 3902 sacramenta
3257 3825 3392 3902 haec
3442 3828 3837 3902 nequaquam:

2240 3905 2512 3961 muribus
2542 3889 2635 3955 vel
2674 3901 2970 3973 aliquibus
3000 3899 3191 3953 brutis
3238 3889 3595 3951 animalibus
3630 3889 3841 3973 videntur

2237 4008 2419 4067 posse
2448 3990 2700 4046 corrodi.
2734 3971 2899 4054 Quod
2931 3988 2982 4041 si
3013 3985 3325 4057 aliquando
3358 3984 3521 4038 velut
3544 3991 3758 4035 eorrosa
3779 3971 3839 4067 vi-I

2238 4059 2504 4151 deantur,
2536 4079 2692 4151 quod
2722 4082 2860 4132 tunc
2892 4077 2964 4131 de
2985 4076 3315 4136 hortulano,
3352 4072 3426 4127 de
3453 4068 3762 4143 peregrino,
3780 4059 3842 4112 vel

2237 4174 2474 4243 leproso
2506 4169 2787 4236 diximus,
2820 4164 3173 4236 responderi
3190 4166 3407 4233 potest,
3441 4159 3499 4213 id
3521 4164 3612 4214 est
3632 4161 3839 4243 nonesse

2238 4241 2518 4329 corrosa;
2550 4257 2658 4313 sed
2687 4256 2783 4311 vel
2829 4256 2902 4309 ad
2948 4252 3305 4326 puniendam
3345 4265 3458 4305 seu
3495 4241 3839 4317 corrigendum

2236 4350 2640 4405 ministrorum
2670 4344 3112 4417 negligentiam,
3156 4340 3249 4394 vel
3291 4339 3363 4393 ad
3406 4334 3748 4408 probandam
3770 4341 3844 4382 eo-

2236 4455 2366 4493 rum
2396 4438 2495 4509 qui
2541 4437 2652 4491 hoc
2691 4433 2968 4501 viderint,
3008 4431 3204 4499 fidem,
3233 4430 3293 4483 in
3333 4428 3437 4483 tali
3483 4425 3680 4496 specie
3711 4429 3842 4491 posse

2157 4511 2218 4583 Ι)
2236 4526 2569 4596 videri(10).
2584 4524 2673 4577 Ad
2688 4523 2800 4577 hoc
2814 4536 2956 4575 vero
2972 4520 3126 4591 quod
3141 4535 3173 4572 a
3189 4518 3377 4572 brutis
3397 4514 3735 4571 animalibus
3746 4518 3846 4559 con-

2241 4617 2395 4672 sumi
2413 4630 2594 4686 posse
2616 4613 2909 4679 dicuntur,
2934 4608 3298 4679 respondere
3328 4619 3655 4677 possumus
3668 4600 3731 4655 ob
3744 4609 3851 4668 pra!-

2237 4706 2424 4760 dietas
2475 4718 2711 4767 causas,
2765 4700 2822 4754 id
2879 4702 2991 4769 est,
3033 4696 3355 4769 probandae
3408 4696 3569 4759 ﬁdei,
3603 4694 3692 4745 aut
3729 4687 3842 4739 dam-

2239 4793 2449 4850 nandis
2463 4807 2570 4845 seu
2584 4787 2953 4860 corrigenda
2979 4785 3290 4841 custodum
3307 4780 3700 4855 negligentiae,
3719 4776 3843 4829 bruta

2244 4880 2513 4936 animalia
2543 4881 2786 4933 eatenus
2816 4876 2888 4930 ad
2911 4890 3129 4945 corpus
3146 4873 3366 4928 Christi
3390 4886 3578 4942 posse
3597 4864 3845 4922 accedere.

2243 4985 2553 5042 quousque
2582 4971 2774 5038 potest
2803 4966 3098 5020 humanus
3128 4965 3298 5018 visus
3347 4962 3638 5032 aspicere.
3680 4948 3844 5008 Deinde

2243 5064 2340 5114 aut
2382 5075 2521 5113 mox
2567 5056 2943 5111 invisibiliter
2986 5053 3329 5126 angelorum
3370 5051 3491 5105 sibi
3534 5059 3745 5116 semper
3773 5052 3844 5091 as-

2241 5148 2575 5204 sistentium
2607 5144 2953 5214 ministerio,
2975 5143 3065 5197 vel
3084 5144 3291 5212 suapte
3316 5141 3535 5194 virtute
3559 5140 3759 5207 raptum
3782 5126 3848 5193 iri:

2239 5307 2554 5380 theologiaa
2587 5306 2892 5380 consonat,
2913 5320 3045 5380 quae
3069 5318 3207 5357 vere
3231 5301 3471 5380 Species
3493 5299 3623 5354 illas
3643 5295 3850 5380 αιιθηξι,

2241 5372 2563 5449 corrumpi,
2595 5377 2667 5454 ab
2697 5372 3211 5454 animantibusque
3235 5372 3847 5454 mandi_po.sse,_q'{§|3‘

2240 5436 2500 5524 primum.
2524 5436 2746 5504 eaedem
2764 5449 2886 5524 illae
2903 5436 3150 5524 numero
3168 5446 3403 5515 species
3425 5436 3711 5524 desinunt,

2242 5500 2387 5580 Et};
2399 5500 2784 5594 quoqueesse
2797 5500 3478 5594 subspeciebuscorpus
3493 5500 3727 5594 l_)omini.
3740 5500 3846 5558 Vide

2242 5596 2302 5652 S.
2336 5587 2557 5652 Tit-om.-
2579 5609 2639 5646 ιιι
2669 5608 2725 5663 p,
2762 5607 2854 5664 .q,
2887 5587 2977 5660 7’7,
3009 5592 3118 5645 art.
3150 5587 3204 5659 3,
3236 5588 3291 5659 4,
3323 5589 3373 5657 5,
3407 5587 3470 5657 6,
3500 5588 3552 5640 ’7.
