4084 6186
278 375 450 440 1453
586 376 693 444 DE
736 378 1159 445 CORPORIS
1207 385 1311 447 ET
1346 388 1586 452 SANG.
1639 391 1942 457 DOMINI
1994 397 2418 465 VEHITA'I‘E
2463 408 2680 474 LIBRI
2725 398 2963 476 TRES.
3019 452 3082 463 -—
3135 420 3288 484 LIB.
3338 422 3416 485 II.
3555 429 3714 493 1454

254 579 567 634 celebrans
590 581 791 636 itidem
816 582 971 650 fecit,
998 600 1219 655 corpus
1243 590 1750 659 equidemUhristi
1775 597 1932 665 quod
1957 581 2013 647 Ᾱ
2049 599 2201 654 enim
2236 602 2558 678 hominum,
2592 609 2648 663 in
2682 612 2857 683 cujus
2908 632 3148 673 carnem
3198 625 3545 682 manducata
3596 646 3713 686 non

252 671 555 722 sacratum
569 672 1107 742 estcrcdiinus,sed
1123 681 1220 730 aut
1234 682 1605 749 nunquamin
1621 699 1933 740 secessum

250 755 403 825 isse,
420 760 519 811 aut
541 759 746 813 eodem
762 764 1021 829 tempore
1036 763 1264 817 Domini
1279 782 1529 836 corpore
1559 770 1937 829 invisibiliter

251 850 584 916 assumpto,
603 847 845 918 dignum
862 849 1140 905 fallendis
1158 853 1620 928 refellendisque
1633 860 1933 918 haereticis

253 933 362 1002 qui
385 949 701 989 secessum
724 936 943 992 faceret
970 955 1180 1008 panem
1202 942 1275 996 ab
1300 946 1687 1015 angelis,sive
1709 965 1741 1002 a
1764 952 1930 1005 mali-

250 1022 393 1092 gnis
406 1023 716 1092 spiritibus
731 1027 1054 1095 repositum
1070 1032 1518 1099 respondemus.
1545 1036 1763 1092 Namin
1780 1040 1931 1095 Vitis

249 1109 494 1164 Patrum
520 1112 692 1181 (quas
706 1118 761 1167 et
786 1115 836 1167 si
858 1115 1255 1187 Berengarius
1275 1123 1535 1191 recipere
1556 1141 1673 1179 non
1693 1127 1831 1195 vult,
1856 1129 1929 1183 ad

241 1197 697 1254 instructionem
715 1205 909 1256 tamen
930 1205 1179 1261 aliorum
1198 1208 1310 1262 hoc
1332 1212 1653 1283 proferam)
1677 1208 1920 1287 legitur,

248 1287 411 1356 quod
430 1289 753 1359 aspiciente
768 1293 1020 1361 quodam
1034 1297 1419 1353 sanctissimo
1453 1301 1638 1370 Patre,
1658 1304 1831 1374 cujus
1855 1307 1928 1360 ad

250 1375 314 1428 id
357 1378 718 1432 cernendum
759 1379 919 1434 Deus
955 1383 1160 1437 oculos
1200 1392 1529 1455 aperuerat,
1574 1392 1926 1461 quibusdam

246 1463 518 1535 indignis
535 1481 663 1519 com
673 1470 1059 1524 munieaturis
1073 1488 1291 1543 corpus
1306 1475 1535 1531 Domini
1552 1479 1930 1537 invisibiliter

250 1554 508 1623 angelus
550 1554 932 1626 subtrahens,
977 1560 1294 1615 carbonem
1334 1566 1695 1638 porrigebat,
1731 1574 1933 1626 contra

248 1639 406 1693 hanc
428 1641 500 1694 de
521 1658 772 1698 secessu
790 1648 1178 1715 quaestionem
1203 1656 1441 1719 postero
1482 1654 1739 1711 fortasse
1775 1675 1931 1728 prae-

248 1729 548 1783 muniens.
574 1730 705 1785 Non
728 1734 883 1802 quod
909 1735 965 1788 id
988 1751 1226 1805 semper
1248 1739 1507 1812 indignis
1533 1748 1932 1801 communica-

248 1818 407 1870 turis
431 1817 626 1887 faciat,
652 1821 809 1875 sicut
830 1822 900 1877 de
940 1823 1049 1877 hac
1087 1841 1170 1893 re,
1204 1828 1436 1882 volente
1456 1831 1599 1900 Deo,
1630 1837 1931 1902 posterius

248 1906 662 1962 ostendemus.
682 1908 799 1963 Sed
816 1926 847 1965 e
863 1911 1102 1967 tbeatus
1121 1916 1512 1988 Augustinus,
1529 1936 1703 1991 quem
1723 1924 1933 1978 saltem

250 1993 656 2066 Berengarius
679 2014 979 2069 nunquam
1002 2003 1251 2072 respuit,
1291 2005 1352 2059 in
1380 2007 1532 2063 libro
1570 2010 1653 2064 De
1696 2012 1932 2068 civitate

247 2080 361 2136 Dei
384 2082 509 2151 (lib.
535 2101 653 2154 xvr,
680 2102 729 2140 c.
756 2086 866 2157 18),
886 2089 1139 2144 similem
1164 2094 1630 2152 subtractionem
1654 2116 1758 2168 per
1780 2117 1927 2170 apo-

248 2174 443 2227 statas
475 2173 728 2243 spiritus
761 2175 971 2231 factam
1004 2179 1076 2233 de
1123 2180 1425 2253 Iphigenia
1470 2187 1723 2258 virgine,
1766 2191 1930 2262 regis

248 2261 721 2330 Agamemnonis
744 2263 883 2335 ﬁlia,
908 2266 1065 2333 dicit,
1092 2284 1376 2326 asserens
1396 2275 1552 2342 quod
1575 2292 1752 2331 cuma
1768 2284 1930 2347 patre

246 2347 373 2401 diis
398 2349 748 2406 immolanda
772 2357 956 2423 esset,
992 2359 1053 2410 ut
1083 2357 1351 2414 miraculi
1384 2364 1639 2418 novitate
1672 2367 1930 2423 miseros

244 2436 428 2491 altius
458 2437 709 2509 falleret,
744 2441 1016 2512 diabolus
1062 2461 1191 2499 eam
1230 2449 1615 2521 subtraxerit,
1662 2469 1767 2523 pro
1816 2472 1931 2526 qua

246 2523 488 2579 interim
537 2528 755 2584 alicubi
793 2535 1084 2601 sumptam
1133 2550 1368 2590 cervam
1411 2544 1810 2610 supposuerit.
1846 2546 1930 2599 De

246 2613 509 2684 quodam
541 2617 713 2671 etiam
744 2620 875 2673 suis
921 2622 1291 2691 temporibus
1341 2642 1554 2699 magna
1602 2632 1929 2702 contigisse

244 2702 548 2758 mirabilia
591 2706 796 2777 refert,
845 2710 948 2780 qui
994 2710 1145 2766 inter
1185 2712 1452 2783 jumenta
1513 2718 1825 2774 videbatur
1871 2722 1929 2777 in

244 2793 456 2860 specie
478 2794 687 2848 caballi
708 2795 1000 2852 frumenta
1020 2801 1378 2872 subvehere,
1395 2820 1527 2860 cum
1545 2807 1674 2877 ipse
1695 2810 1928 2865 interim

243 2882 613 2951 gravissimo
638 2888 915 2940 sterteret
935 2889 1093 2943 velut
1116 2905 1325 2946 somno
1348 2909 1697 2967 oppressus,
1724 2903 1777 2952 et
1795 2900 1928 2971 ejus

245 2970 455 3038 specie
478 2976 783 3044 assumpta
807 2975 1099 3047 diabolus,
1125 2996 1192 3033 ac
1216 2981 1427 3037 deinde
1451 2999 1647 3039 coram
1682 2987 1929 3042 homini-

236 3057 365 3112 bus
394 3059 452 3112 in
483 3062 771 3117 caballum
799 3066 1255 3123 transformatus
1307 3072 1600 3127 frumenta
1642 3080 1925 3143 portaret.

239 3145 560 3219 Quocirca,
586 3152 863 3220 quoniam
880 3154 974 3208 vel
1001 3156 1058 3208 in
1081 3157 1268 3212 missa
1291 3175 1407 3213 non
1422 3162 1783 3219 credentium
1798 3168 1918 3220 vir-

245 3237 436 3289 tutem
470 3238 635 3292 verbi
667 3240 975 3312 Dominici,
1010 3260 1229 3314 corpus
1262 3247 1494 3302 Domini
1540 3267 1658 3305 non
1706 3252 1784 3317 fit,
1831 3255 1924 3310 vel

237 3328 404 3379 certe
436 3342 683 3396 corpore
732 3330 971 3385 Domini
1011 3333 1205 3387 divina
1256 3337 1488 3406 virtute,
1520 3340 1614 3393 vel
1653 3343 1924 3413 angelico

244 3413 581 3469 ministerio
613 3416 992 3474 invisibiliter
1019 3422 1230 3491 ablato,
1265 3428 1460 3494 potest
1494 3428 1791 3485 haereticis
1823 3448 1924 3487 se-

240 3504 453 3556 cessui
474 3520 779 3576 congruus
801 3509 991 3577 panis,
1013 3515 1111 3564 aut
1134 3512 1206 3566 ab
1231 3515 1484 3585 angelis,
1509 3522 1608 3572 aut
1636 3520 1923 3576 daemoni-

240 3588 367 3643 bus
386 3590 627 3663 subjici,
646 3593 769 3664 jam
795 3596 865 3650 de
888 3598 986 3651 tali
1011 3602 1412 3670 experimento
1442 3605 1842 3679 Berengarius
1867 3616 1924 3665 et

240 3692 542 3748 sequaces
563 3681 698 3751 ejus
721 3688 925 3740 contra
948 3686 1274 3744 Ecclesiam
1298 3692 1400 3746 Dei
1444 3694 1713 3750 desinant
1754 3700 1921 3754 obla-

231 3767 755 3839 trare,cum,salva
768 3789 1196 3849 usquequaque
1210 3780 1269 3833 in
1284 3786 1688 3840 sacrosanctis
1703 3792 1918 3858 myste-

234 3854 356 3908 riis
382 3855 671 3913 Dominici
702 3864 972 3931 corporis
998 3866 1263 3937 veritate,
1291 3871 1484 3942 magis
1523 3872 1638 3943 ipsi
1661 3874 1835 3931 altius
1859 3879 1919 3933 in

239 3960 360 3999 sua
378 3946 723 4004 stultissima
746 3952 1084 4009 curiositate
1106 3958 1533 4015 convincantur
1554 3978 1773 4020 errare.

921 4058 1235 4100 ROGERIUS.

326 4122 555 4178 Revera
580 4125 684 4180 Dei
701 4127 896 4199 gladio
912 4134 1172 4187 armatus
1186 4135 1569 4207 multiplicem
1585 4146 1920 4211 serpentem

235 4212 599 4283 quaestionis
622 4214 802 4286 hujus
826 4219 972 4272 mira
1000 4221 1311 4278 vivacitate
1346 4227 1678 4284 concidisti.
1715 4231 1784 4286 Et
1807 4248 1919 4306 ego

247 4300 485 4372 gratias
508 4317 620 4374 ago
644 4303 942 4377 Deo,quia
973 4308 1045 4363 de
1067 4326 1182 4381 quo
1205 4313 1590 4370 vehementer
1636 4300 1918 4394 angebar,

239 4386 621 4445 sufficienter
649 4393 793 4447 mihi
814 4396 1184 4453 satisfactum
1205 4414 1344 4456 esse
1377 4408 1702 4476 conspicio.

888 4500 1277 4544 GUITMUNDUS.

320 4563 533 4620 Nonne
554 4569 763 4623 etillud
777 4572 993 4627 audisti
1008 4574 1065 4627 in
1088 4591 1205 4646 quo
1224 4579 1314 4633 vel
1330 4581 1582 4637 maxime
1596 4585 1920 4645 deridendo

229 4651 595 4725 catholicos,
617 4657 904 4727 gloriatur
917 4662 945 4714 ?

922 4748 1238 4790 ROGERIUS.

316 4793 605 4858 Quidnam
627 4798 766 4853 illud
780 4801 808 4855 ?

890 4888 1278 4933 GUITMUNDUS.

324 4975 349 5001 α
392 4953 1916 5051 Christus,inquit,nunquamfuitseminatus,neque

227 5041 531 5099 collectus
556 5046 615 5100 in
639 5047 826 5120 agris;
853 5050 960 5105 sed
981 5052 1095 5106 ista
1119 5053 1724 5119 fueruntseminatain
1753 5070 1918 5140 agris

228 5135 299 5188 et
352 5132 635 5191 collecta:
684 5140 980 5208 quomodo
1028 5157 1171 5213 ergo
1212 5153 1468 5216 possunt
1515 5167 1652 5208 esse
1702 5132 1925 5227 cor'pus'

219 5219 498 5275 Christi?
540 5245 562 5270 υ

920 5316 1239 5359 ROGERIUS.

314 5377 443 5434 Hoc
459 5381 724 5449 profecto
747 5394 1162 5457 argumentum
1177 5395 1267 5448 vel
1283 5412 1582 5469 nunquam
1597 5402 1917 5461 audieram.

227 5465 338 5521 vel
361 5473 554 5524 mente
586 5480 950 5546 excesserat,
977 5480 1069 5533 cui
1102 5482 1244 5551 quid
1274 5488 1626 5555 responderi
1659 5507 1920 5566 congrue

232 5555 478 5628 debeat,
512 5560 620 5615 abs
655 5563 710 5615 te
742 5572 1181 5638 consequenter
1207 5576 1423 5644 exponi
1452 5577 1747 5635 desidero.

886 5671 1274 5717 GUlTHUNDUS.

310 5732 619 5794 Irridenda
645 5740 818 5816 plane
855 5742 1119 5805 haeretici
1149 5749 1361 5810 insana
1398 5753 1639 5815 derisio.
1662 5758 1807 5828 Quis
1830 5766 1922 5821 est

1964 3308 2014 3370 Ο

2049 694 2347 745 mutentur
2377 711 2444 748 ea
2473 712 2605 766 qua:
2657 700 2894 758 fuerunt
2947 710 3231 764 seminata
3283 718 3338 767 et
3379 716 3625 772 collecta
3656 721 3716 773 in

2046 778 2210 848 agris
2228 782 2255 833 ἰ)
2278 779 2403 844 Quo
2426 784 2489 838 fit
2510 791 2570 840 ut
2592 805 2799 844 omnes
2829 792 3120 861 homines,
3147 802 3245 869 qui
3270 810 3592 861 vescuntur
3618 808 3715 862 his

2047 880 2180 935 quae
2211 868 2266 921 in
2299 873 2463 940 agris
2484 877 2770 931 seminata
2802 884 2857 934 et
2889 883 3149 940 collecta.
3183 893 3338 957 sunt,
3366 896 3635 950 seminati
3662 902 3718 952 et

2047 950 2276 1010 collecti
2326 959 2382 1010 in
2428 965 2592 1032 agris
2641 968 2876 1035 possint
2924 970 3059 1026 dici.
3113 975 3182 1029 Et
3227 950 3335 1031 sic,
3366 980 3580 1037 falsum
3626 950 3720 1040 est

2046 1044 2203 1112 quod
2217 1044 2733 1120 aitBerengarius:
2756 1056 3063 1116 «Christus
3078 1080 3372 1136 nunquam
3388 1072 3733 1149 seminatus.

2049 1134 2142 1186 est
2173 1149 2363 1204 nequc
2388 1139 2671 1195 cuilectus
2694 1147 2751 1197 in
2793 1148 3019 1216 agris.»
3057 1152 3170 1207 Aut
3205 1134 3258 1208 si
3294 1162 3535 1229 propter
3567 1162 3717 1218 hanc

2052 1235 2292 1277 causam
2314 1225 2514 1280 nullus
2537 1228 2710 1284 homo
2727 1235 3054 1293 seminatus
3068 1242 3161 1294 vel
3177 1225 3461 1301 collectus
3474 1248 3534 1303 in
3551 1252 3715 1323 agris

2051 1310 2328 1381 creditur,
2353 1316 2492 1384 quid
2525 1333 2672 1389 ergo
2714 1321 3081 1393 impossibile
3128 1336 3238 1401 est,
3292 1336 3342 1388 si
3388 1336 3447 1389 in
3495 1310 3717 1395 Christi

2050 1414 2267 1469 corpus
2289 1418 2480 1473 neque
2502 1409 2853 1465 seminatum
2890 1415 2945 1467 in
2978 1420 3164 1489 agris,
3192 1437 3382 1492 neque
3406 1427 3715 1483 collectum

2047 1501 2113 1540 ea
2143 1502 2276 1558 quae
2298 1491 2356 1543 in
2378 1494 2542 1567 agris
2566 1499 2851 1555 seminata
2875 1507 2931 1557 et
2953 1506 3195 1562 collecta
3210 1491 3348 1566 sunt
3368 1521 3715 1573 convertan-

2045 1578 2178 1628 tur?
2206 1577 2320 1632 Sed
2362 1596 2553 1652 neque
2589 1601 2656 1640 ea
2680 1603 2812 1657 quae
2833 1591 3068 1648 fuerunt
3088 1597 3146 1650 in
3165 1601 3328 1670 agris
3353 1604 3638 1659 seminata
3660 1611 3721 1661 et

2044 1664 2288 1721 collecta
2327 1675 2592 1727 converti
2624 1675 2719 1731 hic
2749 1678 3020 1736 dicimus.
3056 1685 3272 1741 Panem
3306 1692 3460 1745 enim
3488 1693 3548 1747 in
3578 1710 3714 1749 car-

2041 1767 2175 1807 nem
2198 1760 2458 1812 converti
2490 1760 2585 1816 hic
2617 1764 2900 1837 dicimus;
2942 1774 3111 1839 panis
3144 1791 3285 1831 vero
3327 1795 3624 1852 nunquam
3658 1785 3718 1839 in

2043 1842 2209 1911 agris
2242 1846 2566 1903 seminatur
2596 1852 2689 1907 vel
2722 1856 3037 1931 colligitur,
3060 1864 3165 1917 sed
3192 1881 3372 1936 grana
3395 1884 3470 1923 ex
3490 1873 3708 1942 quibus

2042 1930 2370 1988 conficitur.
2396 1934 2559 2000 Quod
2585 1940 2634 1993 si
2659 1941 2737 1997 ita
2761 1950 2871 2014 est,
2912 1947 3125 2004 falsum
3165 1930 3312 2025 ergo
3353 1960 3410 2011 et
3446 1930 3591 2015 illud
3625 1967 3718 2016 est

2040 2020 2195 2089 quod
2217 2022 2297 2075 ait
2324 2023 2727 2099 Berengarius
2747 2049 2757 2086 :
2781 2035 2925 2089 «Ista
2950 2036 3189 2096 fuerunt
3206 2020 3491 2101 seminata
3515 2051 3571 2102 et
3593 2052 3718 2105 col-

2040 2106 2188 2171 lecta
2213 2111 2272 2163 in
2293 2114 2513 2184 agris.»
2541 2118 3018 2195 Rideaturigitur
3037 2132 3091 2182 et
3109 2131 3167 2184 in
3192 2131 3304 2200 his,
3322 2137 3720 2194 nectimeatur

2041 2211 2228 2252 vanus
2268 2201 2498 2273 irrisor,
2525 2222 2657 2261 cum
2681 2213 2875 2266 omnia
2915 2225 3255 2274 ornamenta
3278 2226 3713 2294 oppositionum

2040 2283 2194 2354 ejus,
2228 2289 2390 2344 velut
2425 2308 2772 2352 aranearum
2806 2301 2956 2372 telae,
2991 2311 3197 2362 conatu
3250 2310 3405 2365 facili
3453 2315 3714 2371 disrum-

2679 2811 3068 2859 GUITMUNDUS.

2113 2887 2457 2963 Haecigitur
2479 2902 2827 2958 suntomnia
2847 2906 2906 2960 in
2938 2914 3217 2979 quantum
3252 2916 3445 2974 adhuc
3475 2922 3707 2977 audivi-

2038 2991 2190 3047 mus,
2206 2981 2423 3049 quibus
2442 2987 2716 3059 tanquam
2737 2995 3062 3053 rationibus
3084 3001 3482 3076 Berengarius
3501 3012 3556 3063 et
3573 3010 3707 3067 fau-

2039 3067 2197 3121 tores
2229 3071 2321 3124 sui
2353 3078 2557 3130 contra
2603 3078 2929 3137 Ecclesiam
2977 3087 3081 3142 Dei
3123 3090 3410 3149 hactenus
3450 3099 3705 3154 cavillati

2036 3157 2428 3222 sunt.Quibus
2451 3164 3098 3235 arbitror,sufficienter
3114 3181 3526 3256 explosis,jam
3548 3203 3703 3242 nunc
3757 3173 3769 3184 ’

2035 3244 2105 3297 ad
2138 3260 2206 3299 ea
2234 3262 2366 3317 quae
2389 3251 2460 3305 dc
2483 3255 2798 3324 scripturis
2821 3267 3159 3320 sanctorum
3182 3270 3420 3327 Patrum
3452 3276 3569 3330 sibi
3604 3279 3697 3332 vi-

2035 3332 2243 3388 dentur
2260 3352 2496 3394 sumere
2512 3345 2836 3411 patrocinia
2858 3353 3183 3411 veniamus.

2705 3469 3021 3515 ROGERIUS.

2104 3549 2477 3621 Augustinus
2496 3554 2553 3608 in
2571 3556 2722 3613 libro
2748 3561 2828 3616 De
2842 3563 3102 3622 doctrina
3118 3570 3448 3629 Christiana
3469 3576 3591 3647 (lib.
3613 3597 3696 3649 in,

2034 3653 2084 3690 c.
2108 3637 2183 3707 9),
2215 3640 2409 3695 cibum
2444 3643 2727 3701 Dominici
2756 3650 2958 3707 altaris
2991 3656 3223 3728 signum
3252 3665 3306 3715 ct
3333 3637 3603 3738 figuram,
3638 3637 3700 3724 ut

2033 3725 2147 3795 ipsi
2169 3735 2466 3799 asserunt,
2490 3736 2765 3807 nominat,
2795 3741 3028 3799 dicens:
3062 3769 3083 3792 «
3120 3748 3244 3803 Hoc
3276 3767 3417 3807 vero
3436 3758 3697 3826 tempore

2033 3819 2414 3888 posteaquam
2437 3837 2543 3890 per
2563 3832 3059 3888 resurrectionem
3093 3837 3321 3894 Domini
3352 3846 3539 3899 nostri
3571 3862 3697 3901 ma-

2034 3904 2487 3962 nifestissimum
2512 3911 2790 3968 indicium
2809 3924 3031 3977 nostrae
3053 3924 3341 3984 libertatis
3364 3932 3573 4005 illuxit,
3591 3952 3699 3991 nec

2039 4008 2243 4047 eorum
2267 3997 2501 4065 quidem
2524 4002 2831 4072 signorum
2854 4024 2985 4079 quae
3003 4011 3126 4081 jam
3146 4015 3531 4090 intelligimus
3554 3997 3698 4094 ope-

2036 4083 2263 4138 ratione
2277 4087 2446 4156 gravi
2470 4093 2692 4144 onerati
2717 4109 2947 4165 sumus,
2968 4101 3073 4154 sed
3096 4106 3364 4171 quaedam
3387 4125 3571 4178 pauca
3593 4129 3699 4182 pro

2036 4172 2253 4242 multis,
2280 4174 2601 4248 eademque
2617 4181 2768 4237 factu
2790 4183 3082 4255 facillima,
3104 4196 3160 4245 et
3190 4172 3485 4252 intellectu
3507 4172 3698 4272 augu-

2035 4260 2322 4332 stissima,
2340 4266 2395 4317 et
2408 4265 2822 4326 observatione
2836 4277 3330 4350 castissima,ipse
3344 4283 3630 4343 Dominus
3645 4294 3702 4344 et

2031 4351 2352 4418 apostolica
2379 4355 2909 4429 traditdisciplina:
2958 4365 3131 4421 sicuti
3167 4374 3259 4424 est
3293 4371 3566 4443 baptismi
3598 4394 3699 4432 sa-

2033 4442 2415 4511 cramentum,
2437 4448 2492 4497 et
2519 4447 2836 4505 celebratio
2861 4457 3129 4525 corporis
3154 4463 3211 4512 et
3235 4442 3547 4534 sanguinis
3580 4468 3700 4522 Do-

2030 4526 2191 4596 mini,
2218 4544 2351 4596 quaa
2375 4535 2788 4607 unusquisque
2809 4557 2939 4595 cum
2962 4547 3209 4616 percipit
3231 4566 3346 4620 quo
3370 4554 3703 4611 referantur

2031 4615 2292 4672 imbutus
2321 4624 2616 4689 agnoscit,
2645 4631 2706 4678 ut
2736 4644 2802 4680 en
2835 4647 2950 4685 non
2980 4638 3200 4689 carnali
3246 4642 3553 4713 servitute,
3595 4646 3702 4700 sed

2030 4704 2323 4773 spirituali
2345 4712 2540 4778 potius
2566 4713 2835 4772 libertate
2860 4728 3194 4780 veneretur.
3223 4728 3297 4783 Ut
3328 4734 3519 4785 autem
3541 4704 3703 4789 litte-

2032 4809 2156 4846 ram
2181 4798 2351 4866 sequi
2380 4802 2435 4852 et
2456 4800 2629 4871 signa
2651 4821 2757 4873 pro
2790 4809 2969 4864 rebus
3002 4828 3135 4882 quae
3168 4815 3262 4871 bis
3295 4818 3708 4889 significantur

2032 4883 2302 4953 accipere
2326 4889 2564 4943 servilis
2591 4892 2946 4953 inﬁrmitatis
2973 4905 3082 4958 est.
3120 4908 3195 4958 ita
3229 4906 3513 4962 inutiliter
3533 4911 3708 4983 signa

2031 4970 2579 5045 interpretari,male
2604 4986 2877 5054 vagantis
2901 4990 3123 5043 erroris
3143 4996 3286 5046 est.»
3322 4996 3556 5052 Audisti
3587 5001 3709 5072 igi-

2034 5061 2147 5130 tur,
2170 5060 2458 5133 inquiunt,
2485 5071 2638 5137 quod
2669 5081 3035 5132 sacramenta
3067 5080 3268 5136 altaris
3310 5085 3484 5157 signa
3520 5088 3702 5145 dicit?

2034 5147 2257 5204 Deinde
2300 5151 2502 5210 infert:
2542 5179 2564 5205 ‹‹
2597 5158 2739 5223 Qua)
2787 5168 3201 5239 unusquisque
3249 5187 3381 5225 cum
3431 5178 3702 5249 percipit,

2033 5251 2149 5306 quo
2176 5238 2509 5298 referantur
2538 5247 2799 5305 imbutus
2826 5238 3119 5327 agnoscit,
3145 5261 3207 5312 ut
3238 5274 3306 5314 ea
3331 5278 3449 5318 non
3490 5269 3713 5323 carnali

2033 5326 2342 5399 servitute,
2368 5333 2472 5386 sed
2499 5335 2785 5403 spirituali
2808 5343 3003 5411 potius
3026 5344 3293 5402 libertate
3317 5358 3654 5412 veneretur.
3684 5380 3706 5406 η

2030 5412 2264 5471 Audisti
2297 5420 2431 5489 quia
2480 5440 2597 5478 non
2647 5431 2865 5482 carnali
2916 5435 3222 5506 servitute,
3271 5440 3377 5494 sed
3422 5445 3714 5514 spirituali

2030 5500 2299 5560 libertate
2321 5514 2657 5569 veneranda
2678 5532 2815 5573 esse
2839 5520 2952 5574 ista
2976 5523 3152 5579 dicit?
3179 5500 3248 5581 Et
3269 5532 3440 5599 quasi
3456 5500 3708 5604 Aqumre-

2032 5606 2130 5646 res
2164 5596 2304 5665 quid
2335 5602 2428 5653 est
2457 5604 2676 5657 carnali
2710 5609 2993 5665 servitute
3015 5612 3188 5685 signa
3222 5596 3509 5675 venerari.
3548 5642 3571 5671 α
3596 5622 3716 5677 Lit-

2027 5680 2238 5752 teram,
2298 5686 2507 5759 inquit,
2544 5694 2737 5765 sequi,
2776 5702 2833 5750 et
2873 5698 3047 5773 signa
3077 5680 3184 5773 pro
3217 5706 3401 5761 rebus
3445 5724 3577 5779 quae
3620 5709 3716 5767 his

2037 5769 2272 5843 signiﬂc
2285 5780 2463 5834 antur
2484 5780 2776 5859 accipere,
2812 5769 3052 5847 servilis
3077 5769 3433 5852 inﬁrmitatis
3463 5769 3608 5855 est.»
