4084 6186
412 237 569 299 1457

754 235 866 297 DE
896 234 1323 297 CORPORIS
1350 236 1455 298 ET
1482 235 1719 297 SANG.
1759 232 2067 295 DOMINI
2100 231 2524 294 VERITATE
2553 231 2773 294 LIBRI
2801 231 3036 292 TRES.
3080 267 3141 276 σ-
3189 231 3342 292 LIB.
3381 230 3461 292 II.

3658 230 3822 295 1458

374 437 513 502 bus,
548 439 604 489 et
651 450 886 488 carnem
917 450 1030 504 qua
1083 434 1347 489 indutum
1378 438 1501 488 erat
1557 434 1814 488 Verbum
1867 432 2051 487 veluti
2097 419 2120 471 ’⁸-
2170 432 2221 485 si
2245 431 2519 485 Christus
2549 435 2659 499 est,
2692 435 2747 484 et
2778 447 2960 485 verus
3002 431 3277 485 Christus
3323 433 3434 499 est,
3467 434 3523 485 et
3566 430 3838 502 signum:

388 525 712 589 concisam,
747 523 1042 594 quomodo
1072 523 1130 576 in
1180 523 1469 577 cadavere
1506 523 1836 587 dilaniatur,
1864 525 1961 574 aut
1990 521 2049 572 in

381 613 629 667 macello
688 613 979 679 venditur,
1038 612 1421 666 distribuerat
1479 611 1882 678 credentibus,
1936 625 2053 661 non

381 703 537 756 sicut
568 702 778 771 spiritu
812 705 1136 770 vegetatur.
1187 700 1313 753 Hoc
1354 703 1446 753 est
1502 715 1647 770 ergo
1698 699 1929 752 facinus
1961 697 2055 750 vel

376 791 685 861 ﬂagitium,
717 790 892 858 quod,
913 792 973 842 ut
996 790 1074 841 ait
1090 790 1300 843 beatus
1318 789 1716 858 Augustinus,
1741 787 2055 840 videbatur

381 880 669 933 Dominus
698 878 932 947 jubere,
965 894 1082 931 non
1099 879 1235 947 quia
1284 878 1513 931 facinus
1535 881 1633 930 aut
1650 873 2054 945 flagitiumju-

375 967 843 1038 beret,jubcndo
867 967 1203 1020 manducari
1226 982 1463 1019 carnem
1482 982 1670 1029 suam,
1692 965 1797 1018 sed
1822 963 2055 1017 videtur

383 1056 620 1127 (inquit)
646 1055 878 1125 jubere,
912 1055 1031 1108 illis
1062 1055 1355 1124 videlicet,
1377 1055 1478 1124 qui
1500 1056 1869 1124 putaverunt,
1896 1053 2050 1123 quod

375 1145 491 1199 hoc
514 1144 804 1213 jubendo,
841 1144 1185 1197 necessario
1219 1145 1390 1197 etiam
1411 1158 1477 1197 se
1502 1144 1743 1213 juberct
1761 1142 1971 1208 occidi,
1993 1144 2055 1195 et

380 1233 752 1287 membratim
803 1231 1128 1299 conscindi,
1165 1236 1339 1301 atque
1380 1232 1455 1284 ita
1518 1232 1752 1285 demum
1810 1245 2049 1283 carnem

376 1322 513 1392 ejus
546 1322 790 1374 crudam
821 1321 913 1373 vel
949 1324 1174 1374 coctam
1206 1320 1567 1373 manducari.
1621 1318 1875 1372 Proinde
1902 1333 2046 1389 ergo

378 1410 575 1481 ﬁgura
606 1414 716 1475 est,
745 1409 951 1478 inquit,
983 1409 1043 1460 in
1066 1408 1177 1461 hac
1209 1408 1522 1462 locutione.
1550 1408 1658 1461 Hic
1677 1407 1801 1477 jam
1818 1408 2047 1461 obstre-

374 1500 478 1568 pit,
540 1498 638 1551 hic
665 1497 788 1568 jam
843 1497 1137 1566 adgaudet
1168 1497 1444 1551 fortassis
1478 1498 1864 1551 umbraticus.
1911 1496 2047 1549 Noli

372 1591 764 1657 praepostere,
800 1586 1147 1653 umbratica,
1164 1586 1284 1640 noli
1307 1588 1747 1656 praecipitanter
1770 1584 2009 1657 gloriari
2032 1603 2042 1638 :

378 1675 558 1746 cujus
584 1676 670 1728 rei
689 1676 877 1745 ﬁgura
889 1674 1118 1727 dicatur
1136 1675 1228 1728 hic
1245 1690 1404 1741 esse,
1420 1676 1707 1743 patienter
1729 1680 1784 1729 et
1803 1674 2043 1744 diligen-

2172 521 2316 574 nihil
2346 535 2457 574 nos
2488 520 2745 589 impedit,
2780 521 2832 573 si
2864 520 2976 573 hoc
3007 521 3165 590 quod
3197 521 3267 573 de
3293 519 3458 573 altari
3480 519 3711 574 Domini
3735 535 3839 573 su—

2172 610 2404 677 mimus,
2441 625 2572 662 cum
2607 610 2681 662 sit
2724 626 2926 662 verum
2981 609 3204 663 Christi
3251 624 3494 678 corpus,
3529 609 3762 662 dicatur
3782 611 3839 661 et

2167 698 2422 769 signum.
2448 698 2562 751 Sed
2598 697 2775 768 cujus
2798 698 3173 766 rci,forsitan
3198 698 3451 767 inquies,
3484 698 3600 752 nisi
3634 697 3833 751 Domi-

2166 786 2279 839 nici
2311 788 2579 855 corporis
2615 791 2706 840 est
2736 786 3012 856 signum?
3044 786 3111 840 Et
3143 802 3255 858 ego
3288 787 3558 841 vicissim
3604 788 3712 841 abs
3742 789 3835 841 te-

2163 876 2421 945 requiro,
2455 876 2629 946 cujus
2660 875 2745 929 rei
2773 874 3046 928 Christus
3077 878 3167 929 est
3200 876 3477 945 signum?
3496 875 3721 929 Simihi
3740 891 3836 928 re-

2163 965 2444 1033 spondas,
2462 969 2517 1017 tu
2544 965 2671 1032 ipse
2691 964 2845 1033 quod
2871 964 3205 1034 interrogas
3222 964 3429 1018 solvis.
3458 964 3672 1019 Siillud
3690 962 3833 1019 mihi

2163 1068 2278 1107 non
2310 1053 2658 1122 respondes,
2686 1053 2803 1105 nec
2837 1068 2927 1104 me
2961 1053 3321 1120 respondere
3352 1053 3462 1107 hoc
3496 1054 3686 1123 cogis.
3742 1054 3829 1107 Ad

2160 1142 2607 1195 instructionem
2630 1145 2823 1194 tamen
2843 1141 3120 1208 fidelium,
3143 1141 3212 1195 de
3234 1142 3342 1194 hac
3365 1158 3428 1195 re
3460 1143 3613 1195 sicut
3634 1142 3829 1196 Domi-

2159 1245 2272 1283 nus
2304 1230 2526 1283 dederit
2558 1231 2751 1300 aliqua
2785 1231 3002 1283 dicam:
3038 1230 3311 1283 Christus
3345 1232 3521 1297 enim,
3548 1233 3824 1301 quoniam

2164 1319 2425 1386 seipsum
2458 1334 2565 1389 pro
2606 1319 2777 1372 nobis
2810 1319 3033 1381 obtulit,
3072 1320 3259 1372 factus
3281 1319 3560 1373 estnobis
3582 1320 3823 1391 signum

2163 1407 2603 1476 redemptionis.
2619 1408 2801 1460 Omne
2816 1408 2967 1460 enim
2982 1409 3229 1476 pretium
3247 1409 3667 1477 translationis,
3685 1408 3819 1480 ejus

2159 1497 2246 1550 rei
2277 1496 2450 1565 cujus
2483 1499 2573 1549 est
2600 1496 2870 1564 pretium,
2915 1496 3151 1565 signum
3185 1500 3295 1550 est.
3330 1495 3606 1551 Christus
3639 1498 3823 1569 igitur

2153 1586 2425 1655 quoniam
2445 1584 2680 1655 quidem
2708 1584 3062 1652 Redemptor
3085 1589 3287 1638 noster
3310 1590 3419 1654 est,
3445 1587 3515 1640 de
3540 1594 3725 1641 morte
3746 1590 3817 1643 ad

2149 1674 2325 1726 vitam
2356 1674 2484 1743 ipse
2535 1689 2645 1726 nos
2678 1672 3002 1741 transtulit;
3036 1674 3091 1725 et
3148 1675 3424 1742 quoniam
3478 1677 3607 1744 ipse
3641 1681 3731 1730 est
3762 1681 3820 1732 et

374 1768 466 1818 ter
487 1764 749 1818 adverte.
784 1764 1000 1835 Figura
1034 1779 1176 1833 ergo
1204 1767 1314 1832 est,
1335 1764 1816 1834 aitAugustinus,
1837 1763 2045 1831 prmci-
2068 1788 2110 1844 Β
2146 1763 2397 1830 pretium
2427 1766 2716 1827 nostrum,
2753 1760 2934 1830 hujus
2966 1762 3140 1814 nobis
3172 1763 3596 1832 translationis,
3624 1765 3818 1835 idest,

372 1853 565 1921 piens.
602 1851 751 1917 Quid
780 1853 1177 1922 praecipiens?
1206 1853 1353 1916 Quid
1386 1852 1693 1923 ﬁgurans?
1720 1852 1842 1905 Hoc
1888 1851 2043 1904 enim

373 1942 611 2012 ﬁgurat,
673 1941 826 2011 quod
884 1941 1167 2010 praecipit,
1221 1941 1483 2009 passioni
1534 1942 1785 2008 Domini,
1832 1940 2038 2010 inquit,

374 2029 947 2098 communicandum,
984 2033 1040 2082 et
1070 2030 1331 2082 suaviter
1362 2033 1533 2099 atque
1582 2029 1800 2083 utiliter
1832 2044 2041 2082 recon-

369 2118 629 2172 dendum
664 2118 721 2170 in
754 2119 1052 2184 memoria,
1074 2118 1232 2188 quod
1262 2134 1369 2188 pro
1402 2118 1573 2172 nobis
1604 2134 1740 2171 caro
1756 2118 1890 2187 ejus
1915 2133 2040 2171 cru-

368 2207 567 2275 ciﬁxa,
601 2206 967 2260 etvulnerata
996 2207 1091 2261 sit.
1117 2208 1236 2261 Deo
1262 2208 1504 2277 gratias.
1542 2207 1836 2277 Quidquid
1856 2208 2040 2278 igitur

363 2296 509 2349 illud
535 2296 805 2366 est,quod
829 2296 1201 2365 Augustinus
1225 2296 1319 2349 hic
1339 2296 1589 2367 ﬁguram
1614 2296 2037 2364 appellat(nam
2058 2304 2083 2326 ‘

368 2384 511 2454 quid
550 2383 798 2452 ﬁguram
824 2383 979 2436 dicat
1009 2386 1066 2436 in
1081 2383 1176 2437 his
1208 2383 1341 2453 ejus
1374 2383 1574 2437 verbis
1603 2384 1887 2454 cognosci
1917 2399 2036 2437 non

365 2475 485 2524 tam
514 2472 694 2525 facile
726 2473 942 2541 potest)
974 2487 1088 2525 non
1115 2473 1312 2542 utique
1344 2472 1613 2540 corporis
1643 2472 1893 2541 Domini,
1929 2473 2035 2526 sed

367 2561 774 2614 cruciﬁxionis
803 2560 937 2631 ejus
958 2564 1013 2613 et
1043 2560 1487 2629 vulnerationis,
1524 2561 1635 2614 hoc
1656 2565 1768 2629 est,
1790 2562 2035 2615 occisio-

363 2650 462 2703 nis
494 2653 830 2720 nostrmque
863 2649 1409 2703 communicationis
1442 2667 1572 2702 cum
1631 2666 1718 2717 ea,
1746 2650 1801 2703 id
1825 2656 1936 2717 est,
1974 2654 2034 2704 ut

360 2737 659 2791 imitemur
679 2737 979 2791 Christum
1000 2743 1056 2792 et
1079 2738 1583 2792 communicemus
1608 2739 1870 2809 passioni
1894 2738 2031 2809 ejus

364 2826 803 2896 compatiendo,
841 2826 1325 2880 manifestissime
1350 2828 1600 2896 ﬁguram
1628 2842 1766 2882 esse
1786 2829 2030 2881 demon-

361 2919 531 2969 strat.
566 2917 745 2969 Paulo
776 2930 1011 2986 quoque
1040 2916 1304 2984 apostolo
1339 2917 1755 2984 concordante,
1804 2917 2027 2986 quiait:

365 3004 836 3075 Quotiescunque
850 3019 1059 3074 panem
1078 3004 1698 3072 liuncmanducabitis,
1717 3012 1772 3058 et
1787 3006 2028 3060 calicem

360 3092 601 3146 Domini
627 3092 855 3146 bibatis
876 3098 1123 3147 mortem
1137 3093 1372 3147 Domini
1392 3094 1827 3148 annnntiabitis
1847 3094 2032 3150 donec

366 3181 569 3234 veniat
598 3180 649 3249 (Ι
682 3179 816 3234 Cor.
852 3186 933 3250 ιι).
967 3181 1132 3245 Quod
1167 3181 1219 3234 si
1249 3197 1590 3252 quieramus
1610 3183 1748 3251 quid
1764 3183 2027 3253 hicﬁgu-

358 3284 489 3320 ram
524 3269 896 3339 Augustinus
927 3269 1158 3339 dixerit,
1194 3270 1339 3324 nihil
1372 3272 1569 3340 utique
1606 3274 1718 3324 tam
1767 3286 2028 3342 congrue

356 3357 593 3410 videtur
649 3372 984 3426 occurrere,
1047 3374 1220 3428 quam
1250 3358 1307 3412 id
1339 3358 1495 3429 quod
1536 3359 1707 3427 paulo
1748 3361 2026 3428 superius

358 3446 572 3499 doctor
604 3445 756 3499 idem
783 3445 904 3515 jam
924 3446 1169 3514 dixerat,
1196 3447 1377 3515 idest,
1397 3449 1715 3503 celebratio
1747 3450 1874 3518 ipsa
1890 3465 2025 3503 cor-

352 3535 526 3604 poris
558 3540 613 3588 et
642 3535 955 3605 sanguinis
1002 3536 1251 3589 Domini.
1313 3536 1469 3598 Quas
1503 3537 1577 3589 ob
1610 3552 1728 3604 res,
1764 3537 1939 3592 stulte
1971 3542 2025 3592 ct

357 3622 853 3691 insipientissime
906 3623 1328 3695 Berengariani
1363 3624 1580 3678 librum
1637 3625 1717 3679 De
1758 3626 2020 3680 doctrina

354 3709 693 3763 Christiana
711 3711 883 3765 nobis
903 3711 1208 3782 objiciunt,
1235 3728 1366 3766 cum
1382 3714 1552 3767 cibus
1570 3714 1776 3767 altaris
1795 3715 2019 3769 Domini

357 3815 658 3869 nusquam
688 3801 767 3853 ibi
799 3801 1013 3871 ﬁgura,
1047 3817 1339 3871 nusquam
1370 3803 1449 3856 ibi
1483 3803 1720 3873 signum
1754 3804 2016 3857 dicatur:

356 3892 416 3942 et
448 3888 729 3958 quidquid
755 3888 893 3941 illud
911 3889 1007 3958 sit,
1041 3890 1195 3959 quod
1216 3891 1452 3960 signum
1480 3891 1557 3944 ibi
1591 3892 1851 3962 etﬁgura
1872 3893 2019 3945 dici-

355 3981 472 4043 tur,
507 3993 622 4030 non
656 3977 853 4047 utique
884 3978 1121 4049 signum
1153 3979 1410 4051 etﬁgura
1425 3982 1692 4050 corporis
1710 3982 2019 4052 etsangui-

352 4065 452 4118 nis
488 4066 735 4119 Domini.
752 4067 858 4119 sed
878 4067 1176 4135 passionis
1202 4068 1431 4122 Domini
1448 4073 1503 4123 ot
1524 4075 1744 4124 nostrae
1762 4086 2019 4124 commu-

352 4154 670 4208 nicationis
702 4170 834 4208 cum
867 4171 955 4224 ea,
991 4157 1323 4211 certissime
1345 4158 1798 4213 demonstretur.
1836 4159 2017 4215 Porro

352 4246 554 4295 autem
584 4244 636 4297 si
668 4243 857 4313 ipsam
894 4245 1311 4300 eucharistiam
1343 4248 1710 4302 contentiosa
1738 4252 2021 4303 asserunt

349 4331 428 4384 ab
467 4330 945 4387 Ecclesiavocari
967 4334 1206 4405 signum
1228 4339 1281 4388 et
1314 4335 2017 4406 ﬁguram(voca:urenim

350 4425 815 4490 sacramentum,
847 4422 906 4476 id
935 4427 1046 4490 est,
1097 4438 1333 4476 sacrum
1377 4424 1660 4495 signum),
1707 4427 1847 4496 quid
1879 4427 2016 4496 sibi,

2147 1856 2365 1904 nostra?
2388 1851 2811 1920 redemptionis
2834 1851 2926 1903 est
2948 1850 3205 1920 signum.
3237 1850 3369 1904 Non
3387 1852 3647 1907 absurde
3670 1870 3816 1925 ergo

2146 1940 2467 2008 credimus,
2506 1940 2555 1992 si
2593 1940 2771 1993 simili
2819 1954 3054 2009 quoque
3096 1940 3321 1994 ratione
3363 1941 3559 1995 cibum
3619 1944 3818 1999 altaris

2147 2028 2453 2096 Domiuiei,
2487 2031 2544 2083 et
2575 2031 2816 2098 propter
2849 2028 3118 2082 virtutem
3152 2028 3555 2085 Divinitatisin
3588 2048 3656 2087 eo
3689 2032 3818 2103 ple-

2147 2118 2394 2171 nissime
2452 2117 2788 2184 habitantis,
2840 2122 3062 2171 nostrae
3109 2118 3319 2172 salutis
3362 2118 3715 2191 effectivum,
3759 2122 3820 2177 et

2149 2206 2425 2277 quoniam
2455 2206 2707 2275 pretium
2739 2208 3008 2259 nostrum
3032 2209 3143 2272 est,
3169 2205 3439 2275 ejusdem
3463 2210 3672 2264 salutis
3703 2228 3816 2266 no-

2147 2300 2287 2349 strae
2303 2295 2597 2348 credimus
2613 2294 3089 2363 signiﬁcativum.
3107 2294 3383 2349 Christus
3398 2296 3650 2368 denique
3664 2299 3817 2354 inter

2146 2386 2331 2438 Deum
2364 2388 2420 2436 et
2448 2384 2718 2437 homines
2750 2383 3038 2437 mediator
3067 2384 3290 2452 (1.7‘im.
3327 2386 3410 2453 ιι),
3462 2386 3599 2440 dum
3638 2389 3813 2444 nobis

2146 2489 2381 2542 semper
2412 2473 2830 2525 velutarcusin
2848 2472 3127 2539 nubibus,
3152 2489 3223 2527 ex
3246 2474 3441 2528 divina
3474 2477 3816 2535 consistens

2145 2566 2200 2616 et
2217 2562 2465 2615 humana
2483 2562 2834 2624 substantia,
2857 2560 3041 2631 fulget
3056 2563 3110 2613 in
3128 2563 3638 2633 prmdicatoribus,
3655 2582 3814 2636 cum,

2143 2668 2257 2722 que
2288 2652 2463 2704 Pater
2492 2666 2599 2719 pro
2631 2650 2804 2703 nobis
2829 2650 3300 2718 interpellantem
3321 2668 3558 2723 semper
3578 2656 3810 2728 aspicit,

2143 2740 2299 2793 inter
2331 2740 2515 2793 Deum
2545 2742 2600 2790 ct
2633 2738 2901 2791 homines
2936 2741 3174 2810 signum
3207 2746 3299 2794 est
3318 2740 3559 2798 fasderis
3594 2745 3813 2817 sempi-

2141 2828 2313 2893 terni,
2333 2827 2499 2896 juxta
2515 2827 2670 2896 quod
2687 2828 2968 2895 scriptum
2994 2831 3112 2883 est:
3147 2828 3368 2883 Ponam
3391 2848 3592 2886 arcum
3621 2850 3811 2890 meum

2140 2916 2202 2970 in
2218 2915 2471 2969 nubibus
2489 2922 2546 2969 et
2562 2917 2655 2969 eri
2660 2922 2679 2968 t
2708 2917 2940 2985 signum
2970 2916 3223 2971 foederis
3236 2920 3631 2977 meiinterme
3645 2930 3704 2977 et
3716 2925 3811 2978 in-

2140 3011 2236 3059 ter
2254 3011 2477 3058 terram
2502 3004 2673 3070 (Gen.
2694 3004 2816 3073 vn).
2840 3004 3036 3075 Hujus
3055 3016 3290 3077 quoque
3321 3008 3502 3086 divini
3536 3011 3807 3083 hederis,

2138 3092 2319 3163 hujus
2336 3098 2384 3145 ta
2396 3108 2450 3145 m
2476 3092 2865 3147 saluberrimae
2880 3094 3063 3162 pacis,
3080 3102 3460 3151 sacrosancta
3475 3099 3809 3172 altarislob-

2136 3181 2273 3234 latio
2306 3198 2334 3234 a
2368 3180 2543 3234 nobis
2576 3181 2834 3235 creditur
2864 3183 3121 3253 signum.
3156 3183 3272 3238 Sed
3298 3189 3353 3239 et
3383 3186 3522 3241 illud
3556 3192 3712 3260 quod
3733 3193 3806 3248 de

2139 3270 2385 3340 Virgine
2436 3273 2607 3323 natus
2658 3274 2749 3324 est
2806 3271 3101 3341 Christus,
3162 3275 3336 3328 nobis
3394 3280 3485 3332 est
3541 3280 3803 3353 signum,

2137 3358 2293 3428 quod
2325 3361 2380 3412 et
2412 3374 2521 3411 nos
2571 3358 2640 3412 de
2675 3362 2855 3413 matre
2902 3361 3135 3431 virgine
3158 3362 3215 3414 in
3250 3362 3486 3421 Christo
3535 3370 3808 3425 renasci-

2138 3463 2287 3516 mur,
2329 3462 2501 3517 quam
2562 3448 2875 3517 despondit
2927 3450 3246 3516 Apostolus
3296 3454 3396 3507 uni
3430 3455 3557 3511 viro
3611 3458 3802 3531 Virgi-

2138 3551 2268 3590 nem
2300 3542 2520 3590 castam
2546 3536 2837 3590 exhibere
2871 3536 3114 3592 Christo
3137 3540 3221 3609 (II
3239 3541 3371 3596 Cor.
3407 3546 3513 3615 χι),
3545 3562 3678 3617 quae
3709 3551 3804 3604 est

2134 3624 2423 3677 Ecclesia.
2458 3624 2521 3677 In
2550 3624 2787 3679 Christo
2819 3631 3125 3682 crescente
3160 3630 3492 3698 profectum
3530 3640 3801 3699 nostrum

2134 3712 2318 3766 donec
2332 3728 2633 3766 occurram
2643 3730 2707 3767 us
2721 3729 2920 3768 omnes
2933 3716 2993 3768 in
3015 3717 3201 3771 virum
3208 3720 3541 3789 perfectum
3554 3726 3801 3797 (Ephes.

2133 3804 2232 3870 iv),
2263 3801 2691 3870 praesignatum
2712 3803 3088 3858 attendimus.
3113 3806 3245 3875 Ipso
3283 3809 3570 3867 daemonia
3609 3816 3795 3885 ejicit,

2133 3889 2416 3943 sanitates
2448 3890 2694 3959 perﬁcit,
2754 3893 2923 3945 tertia
2955 3892 3047 3946 die
3085 3902 3550 3956 consummatur.
3584 3903 3654 3959 Et
3686 3921 3797 3961 nos

2131 3978 2322 4049 primo
2376 3978 2614 4047 quidem
2674 3979 2813 4031 vitia
2857 3981 3225 4053 cxpellimus,
3271 3987 3517 4044 virtutes
3586 3992 3797 4049 deinde

2133 4068 2447 4131 nutrimus,
2478 4067 2648 4120 tertio
2672 4069 3029 4135 perﬁciatur.
3066 4070 3134 4125 ith
3163 4075 3302 4142 quid
3334 4078 3587 4146 amplius
3634 4082 3794 4137 refe-

2132 4172 2278 4224 ram,
2313 4171 2445 4209 cum
2474 4159 2589 4209 tota
2622 4154 2753 4226 ejus
2776 4158 2836 4211 in
2866 4158 2977 4212 hoc
3010 4161 3225 4216 mundo
3259 4166 3512 4220 carnalis
3538 4183 3795 4225 conver-

2131 4245 2302 4313 satio,
2339 4244 2649 4315 omnisque
2681 4247 3006 4301 secundum
3031 4265 3264 4304 carnem
3283 4252 3620 4325 disputatio,
3654 4274 3795 4314 nos-

2128 4337 2235 4387 trae
2286 4335 2421 4386 vitae
2469 4332 2822 4388 Christiana
2879 4342 3242 4406 preponatur
3282 4342 3342 4396 in
3392 4344 3677 4416 signum?
3724 4348 3801 4403 Si

2129 4423 2286 4475 enim
2310 4422 2561 4476 dicimus
2590 4438 2696 4476 nos
2723 4424 2785 4476 in
2831 4425 3073 4482 Christo
3102 4446 3365 4501 manere,
3400 4433 3686 4490 debemus
3703 4438 3792 4492 si-

347 4524 582 4579 quaeso,
613 4510 669 4562 in
699 4509 813 4563 hoc
844 4510 1168 4581 conferent,
1195 4512 1335 4581 quid
1365 4513 1540 4568 nobis
1572 4513 1860 4569 oberunt?
1889 4516 2019 4591 Nos
2048 4500 2099 4563 D
2127 4516 2223 4565 cut
2252 4512 2380 4582 ipse
2411 4511 2733 4565 ambulavit
2767 4522 2823 4567 ct
2849 4531 2952 4569 nos
2982 4517 3286 4575 ambulare
3319 4500 3375 4591 (l
3398 4522 3564 4579 Joan.
3596 4525 3688 4595 n):
3717 4526 3794 4583 Ut

349 4597 571 4667 quippe
597 4598 755 4651 illam
787 4615 902 4653 non
933 4615 1215 4654 veremur
1244 4600 1441 4656 dicere
1472 4603 1721 4674 ﬁguram
1735 4607 1792 4658 et
1811 4621 2016 4660 sacra-

346 4689 631 4740 mentum.
657 4687 763 4740 Hic
780 4687 1034 4742 fortasse
1051 4690 1433 4758 respondebit
1455 4692 1839 4761 umbraticus,
1860 4695 2015 4764 quod

348 4779 409 4829 et
429 4775 627 4830 dicere
651 4775 862 4830 solitus
885 4780 1002 4830 est:
1025 4776 1087 4831 Si
1110 4778 1298 4849 ﬁgura
1319 4784 1429 4845 est,
1451 4782 1741 4850 quomodo
1756 4784 2017 4839 veritas?

345 4864 408 4917 Si
443 4867 897 4932 sacramentum,
921 4867 1215 4935 quomodo
1246 4868 1512 4923 veritas?
1543 4869 1755 4925 Omale
1789 4874 2013 4928 cordati

347 4951 610 5005 hominis
626 4952 1027 5008 insulsissime
1042 4956 1207 5010 ratio.
1226 4956 1604 5028 Nonlegistis
1618 4959 1675 5012 in
1690 4959 2015 5034 Evangelio

344 5040 547 5109 ipsum
560 5040 1112 5114 Christumsignum
1130 5045 1688 5115 appellari?dicente
1711 5050 2013 5109 Simeone:

345 5129 511 5183 Ecce
540 5130 637 5184 hic
659 5132 891 5201 positus
909 5138 999 5186 est
1014 5134 1074 5186 in
1092 5135 1324 5189 ruinam
1347 5139 1403 5189 et
1426 5135 1487 5188 in
1505 5141 2011 5198 resurrectionem

346 5216 660 5271 multorum
695 5219 753 5275 in
786 5219 995 5286 Israel,
1032 5227 1090 5276 et
1105 5222 1166 5275 in
1195 5223 1427 5294 signum
1450 5225 1545 5279 cui
1572 5230 2015 5287 contradicetur

345 5306 513 5374 (Luc.
544 5314 624 5374 ιι).
647 5307 716 5360 Et
739 5309 795 5361 in
816 5310 1074 5365 Canticis
1093 5312 1456 5367 canticorum
1479 5313 1608 5384 ipse
1634 5318 1705 5371 ad
1731 5334 2014 5388 sponsam

346 5410 517 5448 suam
550 5396 715 5451 dicit:
751 5397 913 5452 Pone
937 5414 1028 5454 me
1059 5407 1117 5454 ut
1150 5401 1512 5473 signaculum
1540 5420 1722 5476 super
1739 5425 1840 5463 cor
1860 5415 2015 5466 tuum

341 5483 543 5551 (Cant.
559 5488 703 5555 vni).
723 5486 784 5539 In
798 5487 949 5541 Isaia
962 5490 1448 5562 quoquelegitur:
1465 5492 1607 5549 Erit
1625 5497 1804 5552 radix
1818 5500 2013 5572 Jesse,

290 5573 445 5645 -qui
463 5578 584 5628 stat
604 5574 665 5628 in
695 5576 927 5648 signum
944 5577 1283 5651 populorum
1315 5579 1451 5651 (lsa.
1484 5583 1606 5654 vn).
1651 5585 2016 5662 Quapr0pter

2125 4603 2318 4654 tamen
2349 4602 2407 4654 et
2435 4600 2506 4654 de
2546 4600 2661 4654 ﬁne
2701 4602 2919 4673 aliquid
2981 4621 3320 4679 memorem,
3366 4610 3519 4666 idem
3551 4614 3793 4670 cruciﬁ-

2128 4705 2262 4759 xus,
2307 4691 2593 4757 mortuus,
2647 4692 2915 4761 sepultus
2967 4698 3023 4749 et
3064 4712 3413 4771 resurgens,
3478 4702 3551 4758 ad
3595 4702 3791 4761 Patris

2138 4778 2435 4833 dexteram
2450 4778 2683 4833 demum
2696 4782 3428 4859 ascendens,nonnejuxtu
3444 4793 3792 4862 Apostolum

2133 4867 2247 4922 hoc
2278 4867 2451 4921 nobis
2470 4868 2762 4940 designat,
2788 4876 2848 4925 ut
2866 4875 3144 4945 quotidie,
3165 4878 3321 4934 sicut
3341 4881 3470 4951 ipse
3501 4885 3790 4955 praecipit,

2132 4971 2369 5010 crucem
2400 4962 2661 5011 nostram
2695 4958 3030 5031 bzrjulemus
3060 4966 3221 5036 (Luc.
3250 4973 3350 5039 ix),
3371 4973 3630 5042 quotidie
3652 4975 3790 5031 huic

2129 5045 2346 5098 mundo
2378 5046 2716 5117 moriamur,
2753 5053 3079 5124 consepulti
3108 5073 3328 5129 quoque
3359 5059 3532 5115 etiam
3562 5079 3678 5120 non
3698 5068 3789 5121 at-
3830 5060 3835 5071 ’

2125 5133 2435 5188 tendamus
2485 5138 2821 5207 praesentia,
2856 5141 2961 5195 sed
2996 5143 3148 5198 sicut
3198 5147 3300 5201 ﬁlii
3329 5154 3788 5211 resurrectionis

2128 5221 2564 5278 ambulemusin
2583 5242 2731 5280 nova
2752 5228 2887 5293 vita,
2912 5234 2969 5284 ut
2984 5238 3116 5300 post
3130 5234 3369 5293 labores
3382 5237 3568 5313 hujus
3583 5245 3793 5301 saeculi

2128 5313 2601 5406 conscendamus
2621 5317 2676 5367 et
2706 5331 2817 5370 nos
2857 5318 2928 5372 ad
2961 5321 3226 5378 coelestia
3275 5342 3490 5399 regna:
3516 5331 3575 5386 si
3605 5333 3787 5406 enim,

2127 5399 2558 5471 aitApostolus,
2594 5399 3794 5479 complantatifuerimussimilitudinimo;

2124 5488 2244 5542 rtis
2263 5487 2407 5559 ejus,
2433 5490 2613 5544 simul
2631 5498 2687 5545 et
2706 5499 3177 5556 resurrectionis
3192 5505 3440 5562 erimus:
3458 5509 3564 5564 [ioc
3583 5511 3784 5567 scien-

2126 5581 2237 5647 tes,
2263 5578 2412 5649 quod
2428 5584 2596 5634 vetus
2612 5582 2780 5639 homo
2796 5592 3005 5643 uoster
3014 5590 3196 5647 simul
3209 5596 3532 5654 cruciﬁxus
3545 5604 3637 5654 est
3656 5615 3784 5657 cum

2123 5664 2248 5736 illo,
2271 5672 2331 5722 ut
2361 5668 2711 5729 destruatur
2738 5683 3206 5751 corpuSpeccati.
3231 5682 3313 5739 Et
3331 5685 3654 5761 quicunque
3681 5688 3785 5747 ba-
