4084 6186
459 240 611 312 1459

1408 245 1883 308 GUITMUNDI
1923 246 2451 310 AHCHIEPISC.
2504 247 2932 310 AVERSANI

3666 257 3779 322 1160

447 443 665 514 ptizati
694 456 896 496 sumus
919 444 977 494 in
999 442 1243 497 Christo
1263 444 1424 513 Jesu,
1450 446 1512 497 in
1540 450 1788 498 mortem
1820 446 2009 516 ipsius
2022 445 2131 499 ba-
2174 434 2221 489 5-
2241 445 2528 500 Joannem
2558 447 3148 517 dicit(’l'ract.xxvi):
3175 469 3197 492 u
3225 448 3386 502 Hunc
3406 448 3575 521 itaque
3594 453 3745 508 cibum
3760 463 3805 511 et

448 532 668 604 ptizati
679 548 805 585 sum
814 532 1235 602 us,consepulti
1249 532 1307 586 ei
1311 549 1428 603 per
1440 533 1793 604 baptismum
1807 535 1868 587 in
1882 540 2129 588 mortem

461 627 518 675 ut
538 620 1014 692 quemadmodum
1040 620 1319 674 Christus
1342 624 1694 675 resurrexit
1711 638 1742 675 a
1766 623 2016 677 mortuis
2023 639 2138 693 per

456 710 709 781 gloriam
723 708 1046 778 Patris,ita
1063 715 1119 763 et
1136 725 1241 764 nos
1256 712 1316 763 in
1334 726 1404 765 uo
1418 711 1596 764 vitate
1621 713 1755 765 vitae
1774 711 2136 766 ambulemus

457 798 644 866 (Rom.
672 800 771 865 v1).
805 797 951 851 Nam
989 798 1146 867 quod
1179 802 1313 867 post
1344 798 1493 851 hanc
1528 799 1705 852 vitam
1721 799 1873 852 bene
1907 802 2133 870 gestam

460 886 726 941 coelestia
743 889 1033 956 petamus,
1061 888 1317 940 omnium
1340 886 1813 941 Christianorum
1851 888 2132 943 orthodo-

457 992 673 1032 xorum
703 976 873 1031 testis
905 978 995 1029 est
1024 975 1193 1030 ﬁdes.
1230 975 1465 1031 Scimus
1488 977 1663 1046 enim,
1689 976 1861 1047 juxta
1900 976 2136 1031 beatum

469 1067 836 1137 Apostolum,
857 1066 1142 1138 quoniam,
1161 1066 1216 1119 si
1231 1066 1554 1119 terrestris
1566 1066 1770 1120 domus
1782 1071 1985 1120 nostra
1999 1067 2136 1139 lmj-

474 1172 542 1210 us
554 1155 943 1209 habitationis
955 1154 1498 1225 dissolvatur,quod
1515 1154 1940 1209 habitationem
1955 1155 2136 1209 liabe-

466 1262 596 1299 mus
609 1261 687 1298 ex
699 1244 840 1313 Deo,
859 1243 1085 1297 domum
1106 1259 1216 1296 non
1231 1242 1618 1297 manufactam
1638 1244 1698 1296 in
1713 1243 1881 1297 cmlis
1898 1243 1982 1311 (II
1994 1244 2130 1299 Cor.

467 1336 547 1404 v).
573 1334 744 1388 Inhis
784 1333 968 1404 igitur
1011 1333 1286 1386 omnibus
1322 1332 2131 1404 suaesanctaeEcclesiaesig-

469 1440 609 1478 num
627 1423 800 1477 nobis
814 1422 1089 1476 Christus
1124 1421 1641 1491 occurrit,quod1n
1669 1438 1846 1477 cruce
1867 1423 2134 1491 pendens

470 1512 847 1568 sanctissima
861 1527 968 1566 sua
981 1512 1327 1565 auctoritate
1342 1510 1470 1579 ipse
1485 1511 1874 1579 conﬁrmavit,
1892 1513 2098 1566 dicens
2120 1527 2131 1566 :

470 1602 631 1657 Deus
645 1602 802 1656 Deus
814 1616 993 1664 meus,
1007 1605 1065 1653 ut
1080 1599 1217 1671 quid
1230 1599 1612 1671 dereliquisti
1624 1600 1928 1667 me(Math.
1948 1604 2134 1671 XXVII)

476 1692 590 1747 Ubi
622 1691 777 1746 enim
826 1692 997 1744 Pater
1027 1705 1180 1753 eum,
1232 1692 1329 1742 aut
1371 1688 1603 1758 quando
1639 1689 1967 1761 dereliquit,
2002 1707 2134 1746 cum

472 1783 602 1852 ipse
647 1780 896 1835 dixerit:
948 1778 1082 1833 Non
1123 1793 1247 1831 sum
1280 1776 1458 1844 solus,
1496 1777 1626 1848 quia
1676 1778 1867 1833 Pater
1913 1795 2136 1833 mecum
2175 1802 2219 1862 Β

475 1877 568 1926 est
599 1871 787 1940 (Joan.
822 1869 986 1938 vni)?
1006 1871 1062 1921 et
1090 1867 1332 1921 iterum:
1366 1865 1558 1920 Pater
1576 1868 1703 1921 scio
1731 1868 1862 1939 quia
1902 1884 2138 1940 semper

473 1976 567 2015 me
600 1959 771 2014 audis
804 1958 993 2029 (Joan.
1046 1956 1173 2024 x1)?
1202 1954 1264 2007 In
1297 1969 1364 2008 se
1413 1969 1556 2026 ergo
1588 1954 1918 2011 Ecclesium
1967 1973 2135 2012 suam

477 2047 849 2120 quondamin
888 2046 1073 2099 Adam
1104 2044 1443 2101 derelictam
1472 2046 1601 2101 sine
1624 2046 1801 2101 dubio
1824 2047 2133 2118 ﬁgurabat.

476 2137 740 2208 Cumque
773 2135 927 2189 sicut
958 2150 1067 2189 nos
1095 2135 1305 2189 beatus
1335 2137 1642 2205 apostolus
1673 2136 1890 2190 Paulus
1908 2136 2131 2190 docuit:

475 2227 611 2297 Ipse
666 2231 836 2297 caput
873 2223 1168 2279 Ecclesiae
1214 2225 1310 2295 sit,
1360 2229 1416 2280 et
1459 2225 1732 2279 Ecclesia
1770 2241 1983 2297 corpus
2012 2240 2140 2297 elus

474 2315 724 2385 (Coloss.
757 2316 826 2384 1):
862 2313 1060 2385 ipsum
1110 2329 1283 2368 suum
1328 2315 1650 2385 proprium,
1680 2315 1836 2386 quod
1869 2314 1940 2370 de
1969 2316 2139 2370 beata

474 2405 722 2476 Virgine
754 2406 1092 2474 sumpserat
1130 2419 1371 2474 corpus,
1408 2404 1678 2475 corporis
1714 2405 1828 2473 sui,
1863 2404 2017 2475 quod
2047 2406 2142 2459 est

475 2493 765 2561 Ecclesia,
803 2493 1041 2563 signum
1095 2495 1204 2560 est,
1258 2495 1314 2546 et
1360 2492 1548 2563 ﬁgura
1581 2499 1637 2547 et
1682 2498 2134 2548 sacramentum.

472 2582 639 2648 Quod
660 2581 935 2636 videlicet
956 2580 1243 2635 Ecclesiae
1267 2596 1484 2650 corpus
1499 2582 1569 2634 ad
1590 2582 1775 2635 instar
1792 2582 1999 2652 capitis
2022 2583 2134 2652 sui,

474 2672 547 2726 de
578 2670 798 2741 Spiritu
821 2672 1026 2725 sancto
1053 2672 1109 2723 et
1156 2670 1427 2724 Ecclesia
1455 2671 1689 2742 virgine
1731 2672 1908 2726 corde
1938 2672 2140 2726 nasci-

472 2762 603 2825 tur;
637 2762 694 2813 et
724 2775 796 2813 ex
826 2758 1101 2813 omnibus
1135 2759 1432 2830 gentibus,
1464 2762 1741 2831 tanquam
1774 2776 1847 2814 ex
1882 2761 2140 2815 diversis

476 2848 760 2903 membris
791 2849 849 2902 in
900 2864 1079 2903 unum
1115 2863 1330 2902 novum
1373 2848 1666 2902 hominem
1714 2854 2137 2922 congregatur.

474 2937 681 2993 Omnia
711 2953 890 3007 porro
923 2937 1071 3005 haec,
1107 2952 1212 3007 per
1256 2938 1311 2991 id
1345 2940 1501 3008 quod
1532 2938 1603 2992 de
1642 2939 1809 2992 altari
1835 2939 2140 2994 Dominico

477 3029 750 3097 sumitur,
785 3043 904 3082 non
934 3027 1262 3098 incongrue
1294 3027 1590 3081 credimus
1622 3028 1884 3099 ﬁgurari.
1909 3032 2060 3083 Nam
2082 3030 2145 3082 ut

478 3117 613 3171 inde
643 3116 803 3171 facili
835 3115 1181 3186 compendio
1214 3115 1593 3180 satisfaciam,
1618 3133 1810 3187 neque
1840 3119 2034 3172 tamen
2058 3133 2147 3171 ra-

476 3207 670 3261 tiones
695 3204 1017 3260 altissimas
1077 3204 1410 3260 divinorum
1458 3207 1875 3277 mysteriorum
1917 3207 2143 3276 passim

476 3295 757 3366 prodam:
795 3294 865 3349 de
896 3294 1010 3348 hoc
1059 3296 1217 3349 certe
1267 3295 1625 3352 universalis
1660 3295 1928 3351 Ecclesia
1970 3297 2144 3352 testis

480 3390 594 3456 est,
628 3386 764 3456 quia
800 3387 1270 3456 quotiescunque
1314 3386 1372 3439 id
1424 3388 1735 3453 sumimus,
1792 3402 1903 3443 nos
1943 3390 2144 3459 utique

479 3474 851 3529 Christianos
869 3490 1029 3543 esse,
1050 3475 1107 3527 id
1142 3477 1253 3544 est,
1275 3476 1656 3545 spiritualiter
1687 3479 1857 3532 natos
1879 3478 2145 3532 ostendi-

480 3578 634 3617 mus.
663 3564 1110 3633 Consequenter
1144 3580 1288 3634 ergo
1322 3568 1377 3618 et
1421 3566 1879 3634 concruciﬁxos,
1913 3570 1969 3621 et
1999 3582 2146 3621 con-

480 3654 767 3722 mortuos,
804 3655 861 3705 et
889 3652 1270 3720 consepultos
1303 3654 1548 3708 Domino
1567 3657 1790 3725 nostro,
1824 3670 1932 3725 per
1952 3655 2148 3725 bapti—

484 3755 678 3794 smum
706 3741 766 3794 in
796 3743 1064 3810 mortem,
1098 3742 1204 3796 sed
1237 3747 1293 3797 et
1323 3745 1782 3798 consurrexisse
1814 3760 1924 3800 nos
1954 3745 2145 3799 decla-

483 3845 707 3884 ramus.
738 3831 857 3885 Per
884 3830 1036 3885 hanc
1059 3847 1292 3902 quoque
1314 3833 1452 3886 vitia
1474 3833 1845 3903 expellimus,
1869 3850 1976 3906 per
1996 3834 2148 3890 hanc

479 3934 591 3974 nos
624 3919 684 3974 in
712 3935 866 3975 nova
896 3919 1011 3974 vita
1054 3921 1392 3975 conﬁrmari
1441 3922 1825 3988 conﬁdimus;
1860 3938 1965 3992 per
1992 3923 2147 3978 hanc

478 4009 855 4079 postmodum
876 4008 1138 4079 perfecto
1157 4009 1483 4081 adregnum
1506 4016 1791 4065 aeternum
1810 4027 1922 4066 nos
1941 4027 2144 4067 ascen-

481 4115 657 4154 suros
688 4114 1019 4171 speramus.
1055 4100 1186 4153 Jam
1216 4115 1356 4154 vero
1375 4100 1532 4170 quod
1566 4101 1843 4155 unitatem
1877 4102 2148 4172 corporis

484 4189 773 4245 Ecclesiae
804 4206 975 4244 sacra
1006 4189 1219 4261 ﬁguret
1263 4190 1498 4256 oblatio,
1542 4206 1658 4244 non
1695 4194 1787 4244 est
1816 4205 2068 4244 necesse
2088 4192 2148 4243 ut

483 4280 597 4334 hoc
627 4280 932 4350 probando
952 4278 1238 4333 laborem.
1272 4278 1492 4333 Paulus
1511 4279 1665 4332 enim
1697 4279 1753 4333 id
1782 4278 2149 4333 sufﬁcienter

482 4370 745 4424 declarat
764 4368 1071 4438 apostolus
1102 4368 1340 4422 dicens:
1365 4367 1553 4423 Panis
1590 4384 1756 4439 quem
1790 4367 2147 4438 frangimus,

483 4462 544 4514 et
566 4457 725 4512 calix
742 4457 1465 4525 cuibenedicimus,nonne
1479 4458 1862 4528 participatio
1882 4457 2152 4527 corporis

485 4552 544 4601 et
576 4547 888 4619 sanguinis
917 4546 1153 4600 Domini
1175 4551 1267 4599 est
1290 4545 1316 4599 .9
1338 4546 1467 4618 quia
1496 4546 1666 4599 multi
1685 4562 2067 4600 unumsumus
2087 4547 2148 4598 in
2171 4520 2227 4585 Β

486 4634 732 4691 Christo
748 4635 802 4704 (Ι
815 4636 930 4690 Cor
946 4636 1026 4705 χ).
1042 4635 1206 4699 Quod
1224 4635 1433 4690 beatus
1456 4634 1783 4705 Cyprianus
1807 4634 2149 4704 intelligens

480 4724 542 4779 in
574 4725 821 4795 epistola
870 4724 943 4778 ad
979 4739 1254 4795 magnum
1305 4723 1617 4795 quemdam
1658 4725 1734 4777 ita
1769 4723 2152 4793 prosequitur

482 4813 612 4882 (lib.
646 4832 686 4885 ι,
723 4815 895 4885 epist.
922 4813 1005 4882 6):
1038 4837 1059 4861 «ι
1097 4813 1358 4883 Denique
1383 4813 1760 4867 unanimitate
1777 4811 2149 4865 Christianos

483 4903 650 4957 ﬁrma
681 4904 798 4959 sibi
824 4906 997 4974 atque
1054 4901 1438 4971 inseparabili
1491 4901 1773 4955 charitate
1819 4914 2143 4966 connexos,

485 4993 615 5060 ipsa
629 4993 801 5046 etiam
815 4992 1118 5047 Dominica
1134 4991 1426 5045 sacrificia
1440 4990 1758 5044 declarant.
1786 4991 1935 5044 Nam
1962 5005 2149 5060 quan-

484 5081 558 5135 do
574 5081 858 5137 Dominus
874 5099 1090 5152 corpus
1105 5096 1277 5135 suum
1294 5096 1506 5149 panem
1520 5080 1790 5149 vocat,de
1834 5079 2150 5132 multorum

486 5184 809 5240 granorum
826 5172 1178 5226 adunatione
1199 5160 1570 5241 congestum,
1586 5167 1863 5238 populum
1878 5171 2150 5221 nostrum

486 5271 661 5330 quem
704 5261 971 5327 portabat
1003 5261 1220 5315 indicat
1257 5260 1591 5314 adunatum.
1624 5257 1695 5311 Et
1735 5256 1965 5327 quando
2008 5271 2151 5309 san-

486 5348 727 5421 guinem
760 5364 928 5401 suum
948 5350 1148 5403 vinum
1163 5348 1431 5419 appellat,
1454 5349 1525 5401 de
1543 5346 1732 5402 botris
1763 5348 1936 5416 atque
1963 5344 2152 5397 acinis

484 5435 760 5509 plurimis
774 5452 1125 5515 expressum
1145 5443 1318 5508 atque
1330 5439 1390 5491 in
1406 5453 1582 5490 unum
1597 5439 1885 5501 coactum,
1902 5449 2150 5504 gregem

483 5529 624 5582 item
642 5528 911 5579 nostrum
926 5525 1657 5595 signiﬁcat,commistione
1670 5524 1938 5579 adunatae
1958 5522 2150 5576 multi-

484 5615 709 5673 tudinis
724 5612 1077 5687 copulatum.
1101 5614 1268 5670 Unde
1283 5617 1339 5671 et
1351 5616 1558 5670 beatus
1581 5613 1952 5686 Augustinus
1967 5627 2149 5683 super

2242 538 2462 603 potum,
2485 535 2827 589 societatem
2859 537 2980 590 vult
3035 536 3279 606 intelligi
3308 539 3553 606 corporis
3593 544 3639 594 et
3665 558 3798 597 mem-

2242 623 2485 677 brorum
2516 640 2780 691 suorum,
2802 625 2958 695 quod
2984 629 3075 678 est
3103 628 3304 679 sancta
3324 625 3584 681 Ecclesia.
3604 629 3659 682 Et
3673 633 3801 699 paulo

2244 715 2412 781 post:
2445 713 2807 783 «Propterea
2839 714 3074 784 quippe,
3112 713 3265 766 sicut
3293 718 3418 767 ante
3446 731 3543 769 nos
3568 716 3806 774 intellexe-

2250 805 2404 867 runt,
2425 802 2522 870 ait,
2540 801 2810 856 homines
2834 803 3024 856 sancti
3045 803 3170 868 Dei,
3198 803 3466 856 Dominus
3483 810 3657 859 noster
3674 808 3805 863 Jesus

2248 887 2524 944 Christus
2557 906 2777 960 corpus
2810 895 2865 945 et
2912 893 3266 962 sanguinem
3297 907 3462 945 suum
3486 892 3538 946 in
3565 894 3638 947 eis
3674 898 3806 951 rebus

2252 979 2700 1047 commendavit,
2730 995 2861 1049 quae
2892 979 2962 1032 ad
2995 995 3171 1032 unum
3201 979 3413 1050 aliquid
3443 981 3733 1052 rediguntur
3753 1000 3807 1037 ex

2251 1066 2471 1120 multis.
2509 1068 2775 1138 Namque
2804 1068 2960 1121 aliud
2978 1084 3157 1122 unum
3179 1083 3252 1122 ex
3281 1069 3470 1122 multis
3482 1070 3660 1140 granis
3673 1072 3808 1126 conﬁ-

2252 1154 2609 1224 citurgaliud
2634 1173 2811 1210 unum
2842 1172 2914 1210 ex
2946 1157 3142 1210 multis
3170 1156 3375 1211 acinis.
3414 1179 3433 1205 ιι

2322 1244 2645 1313 Aptissima
2686 1245 2869 1316 igitur
2898 1248 2955 1299 et
2992 1245 3414 1299 rationabiliter
3458 1262 3607 1300 sacra
3635 1247 3810 1318 oblatio,

2251 1347 2385 1385 cum
2413 1331 2661 1386 aliorum
2693 1332 3008 1387 multorum
3028 1333 3339 1401 bonorum,
3363 1337 3478 1387 tum
3497 1334 3645 1388 etiam
3662 1351 3813 1405 corpo-

2247 1420 2333 1473 ris
2366 1420 2616 1488 Domini,
2652 1421 2709 1474 id
2739 1426 2850 1489 est,
2882 1421 3166 1476 Ecclesiae
3216 1437 3292 1475 ex
3335 1422 3520 1476 multis
3554 1422 3812 1477 hominibus

2245 1508 2339 1562 vel
2370 1510 2603 1579 populis
2634 1510 2793 1565 velut
2811 1511 3036 1582 granis,
3062 1511 3213 1564 inter
3236 1510 3353 1565 duo
3374 1511 3815 1579 Testamenta,tan-

2246 1613 2422 1667 quam
2473 1599 2842 1668 superiorem
2881 1604 2938 1654 et
2981 1598 3325 1653 inferiorem
3361 1600 3557 1653 molam
3599 1601 3814 1668 contritis,

2246 1687 2306 1740 id
2337 1690 2447 1756 est,
2482 1688 2824 1757 humiliatis,
2876 1704 2983 1758 per
3023 1704 3234 1758 aquam
3276 1688 3559 1758 baptismi,
3591 1691 3639 1742 et
3675 1688 3815 1759 ignem

2247 1773 2502 1843 Spiritus
2534 1776 2723 1829 sancti
2755 1777 2812 1829 in
2843 1792 3023 1830 unum
3062 1775 3328 1831 collectae
3360 1780 3522 1847 atque
3557 1780 3817 1845 compactae,

2248 1864 2464 1918 dicitur
2494 1863 2753 1937 signum.
2786 1866 2984 1935 Ipsius
3013 1881 3154 1920 vero
3185 1867 3456 1935 corporis
3486 1880 3589 1935 quo
3615 1864 3818 1919 divinitas

2249 1953 2576 2009 Salvatoris
2607 1954 2847 2024 proprie
2886 1955 3086 2009 induta
3115 1958 3207 2009 est
3237 1955 3392 2025 apud
3424 1956 3708 2025 quempiam
3723 1969 3821 2006 auc-

2249 2046 2466 2110 torum,
2504 2046 2603 2097 aut
2641 2059 2953 2114 nusquam,
3004 2047 3104 2098 aut
3151 2044 3251 2097 vix
3296 2045 3525 2115 signum
3553 2045 3716 2113 aperte
3740 2041 3823 2095 dici

2248 2133 2537 2202 reperies.
2573 2132 2687 2186 Ubi
2737 2148 2881 2186 sane
2912 2133 3209 2186 invenitur
3259 2132 3600 2187 eucharistia
3641 2131 3820 2184 dicisa-

2252 2224 2614 2275 cramentum
2672 2222 2938 2291 corporis
2995 2221 3249 2290 Domini,
3293 2224 3391 2275 aut
3419 2221 3820 2275 constructionem

2252 2311 2594 2379 verborum,
2629 2310 2718 2364 sic
2746 2310 3138 2365 resolvimus:
3174 2310 3540 2377 Eucharistia
3576 2314 3654 2364 est
3678 2323 3821 2361 sacra-

2252 2402 2511 2453 mentum
2542 2398 2697 2470 quod
2730 2401 2821 2453 est
2869 2416 3086 2468 corpus
3119 2400 3375 2465 Domini,
3420 2403 3477 2452 ut
3518 2400 3631 2468 ipsa
3655 2396 3822 2468 quidem

2256 2490 2333 2542 sit
2386 2503 2525 2541 vere
2584 2503 2801 2557 corpus
2841 2488 3106 2555 Domini,
3161 2491 3584 2542 sacramentum
3630 2501 3741 2540 vero
3776 2485 3827 2537 sit

2253 2578 2498 2631 aliarum
2555 2592 2773 2645 rerum,
2826 2576 3241 2646 praedictorum
3289 2576 3551 2630 videlicet
3590 2576 3825 2628 bonorum.

2256 2668 2413 2720 sicut
2442 2667 2706 2720 solemus
2763 2665 2998 2720 dicere:
3034 2666 3195 2721 Deus
3225 2670 3324 2721 est
3358 2666 3489 2721 fons
3526 2665 3768 2728 bonitatis,
3789 2661 3827 2714 id

2253 2758 2346 2809 est
2376 2755 2510 2809 fons
2540 2756 2640 2825 qui
2662 2757 2755 2809 est
2770 2755 3022 2823 bonitas,
3048 2759 3105 2809 et
3134 2755 3437 2825 plenitudo
3484 2754 3767 2818 divinitatis,
3790 2750 3823 2802 id

2252 2850 2346 2899 est
2374 2845 2671 2915 plenitudo
2694 2861 2827 2916 quae
2849 2848 2940 2899 est
2971 2845 3271 2914 divinitas,
3295 2849 3354 2899 et
3381 2845 3547 2900 multa
3568 2838 3827 2912 huiusmodi

2253 2934 2385 2988 alia.
2416 2936 2531 2989 Aut
2586 2938 2744 2988 certe
2786 2934 3172 3005 intelligimus
3220 2934 3382 3004 quod
3410 2934 3531 3003 ipsa
3567 2930 3757 3002 quidem
3778 2927 3830 2978 sit

2254 3040 2472 3094 corpus
2493 3024 2742 3093 Domini,
2769 3024 2958 3093 ipsius
2976 3023 3251 3077 videlicet
3274 3023 3452 3076 Verbi
3476 3021 3572 3076 Dei
3587 3016 3831 3091 proprium,

2253 3116 2311 3169 et
2339 3114 2606 3184 corporis
2641 3113 2892 3182 Domini,
2926 3112 3083 3183 quod
3101 3115 3195 3166 est
3216 3111 3505 3177 Ecclesia,
3537 3106 3828 3163 sicutbentus

2255 3202 2579 3273 Apostolus
2628 3202 2847 3270 docuit,
2880 3204 3341 3256 sacramentum.
3394 3199 3551 3266 Quod
3593 3198 3641 3252 si
3664 3193 3828 3263 uspiam

2255 3291 2621 3345 inveniretur
2651 3292 2825 3345 etiam
2854 3291 3045 3360 ipsius
3077 3291 3350 3360 corporis
3382 3305 3494 3360 quo
3525 3285 3740 3341 Verbum
3759 3278 3832 3333 Dei

2256 3380 2520 3434 indutum
2570 3384 2663 3434 est
2691 3381 2871 3451 (quod
2913 3383 3108 3434 tamen
3156 3393 3453 3449 nusquam
3499 3380 3589 3429 aut
3615 3375 3695 3427 vix
3720 3369 3827 3424 clare

2257 3469 2535 3535 occurrit)
2568 3472 3001 3523 sacramentum
3023 3468 3138 3521 dici
3159 3483 3173 3537 ;
3197 3466 3342 3538 quid
3362 3466 3531 3520 nobis
3548 3463 3774 3525 ofﬁceret,
3789 3457 3828 3507 in

2258 3572 2374 3627 quo
2431 3557 2605 3611 ﬁdem
2657 3560 2919 3611 nostram
2969 3556 3395 3611 labefactaret?
3441 3550 3688 3623 Nunquid
3724 3546 3826 3601 enim

2259 3646 2481 3700 nullum
2502 3649 2931 3700 sacramentum
2950 3649 3060 3711 est,
3080 3646 3136 3699 id
3150 3645 3331 3713 cujus
3346 3649 3440 3698 est
3455 3633 3830 3697 sacramentum?

2260 3736 2375 3789 Aut
2406 3734 2561 3789 nulla
2591 3736 2782 3806 ﬁgura
2813 3734 2979 3788 estid
2997 3734 3172 3805 cujus
3204 3738 3301 3788 est
3330 3732 3556 3805 ﬁgura?
3580 3725 3704 3793 Quid
3732 3734 3828 3792 ergo

2260 3825 2332 3879 de
2361 3824 2509 3878 Filio
2542 3824 2647 3878 Dei
2675 3825 2738 3878 in
2769 3824 3018 3893 epistola
3073 3823 3145 3877 ad
3178 3823 3476 3877 Hebraeos
3508 3820 3695 3874 Paulus
3715 3812 3828 3866 dicit:

2265 3912 2375 3978 Qui
2395 3929 2521 3967 cum
2544 3913 2625 3966 sit
2674 3908 2957 3984 splendor
2974 3912 3201 3984 gloriae,
3246 3918 3309 3966 et
3348 3910 3531 3982 figura
3566 3898 3830 3960 substantia

2264 4002 2392 4073 ejus
2409 4001 2619 4072 (Hebr.
2641 4006 2701 4069 1),
2728 4002 2783 4055 id
2808 4004 2900 4056 est
2915 4002 3106 4055 Patris
3126 4002 3154 4054 ξ)
3176 3999 3461 4070 Nunquid
3481 4013 3587 4052 non
3606 3998 3684 4049 est
3699 3988 3829 4073 Filius

2261 4072 2320 4146 id
2351 4092 2508 4162 quod
2540 4090 2754 4144 Pater?
2775 4090 2965 4144 Absnt.
2990 4088 3175 4143 Filius
3205 4089 3365 4143 enim
3398 4088 3454 4142 id
3483 4083 3706 4147 omnino,
3725 4072 3829 4147 quod

2264 4180 2453 4249 Pater,
2488 4183 2598 4247 est,
2634 4182 2691 4233 et
2746 4178 2891 4232 nihil
2923 4179 3076 4232 aliud
3108 4193 3283 4249 quam
3318 4178 3374 4231 id
3413 4175 3560 4247 quod
3602 4173 3741 4225 Pater
3758 4166 3829 4249 est.

2261 4248 2500 4324 Falsum
2532 4273 2621 4322 est
2658 4269 2838 4340 igitur
2884 4268 3079 4321 dicere
3135 4267 3293 4337 quod
3337 4264 3490 4319 nulla
3520 4264 3687 4332 ﬁgura
3711 4255 3767 4309 sit
3795 4248 3830 4302 id

2261 4359 2436 4430 cujus
2468 4361 2559 4413 est
2591 4358 2799 4429 ﬁgura.
2844 4357 3110 4427 Denique
3132 4359 3190 4410 et
3215 4355 3491 4409 Christus
3512 4350 3634 4405 olim
3653 4347 3834 4401 docens.

2260 4448 2542 4501 miracula
2573 4446 2818 4516 faciens,
2840 4445 3179 4517 justissima
3202 4445 3357 4498 inter
3377 4442 3630 4496 homines
3665 4434 3832 4490 vivens.

2262 4536 2644 4603 manducans,
2678 4535 2912 4603 bibens,
2947 4534 3265 4602 dormiens,
3301 4535 3652 4598 caeterasque
3675 4521 3830 4612 nostra?

2262 4601 2640 4678 humanitatis
2699 4601 3091 4694 proprietates
3139 4624 3199 4676 in
3252 4637 3317 4675 se
3375 4617 3697 4679 ostendens;
3737 4601 3830 4676 quid

2262 4714 2435 4769 nobis
2467 4714 2624 4769 aliud
2656 4729 2830 4784 quam
2861 4712 3125 4782 seipsum
3151 4712 3333 4765 Deum
3375 4708 3742 4772 hominemque
3762 4694 3834 4746 de'

2264 4803 2537 4873 signabat
2551 4804 2579 4855 ξ)
2591 4802 2703 4857 Sed
2723 4805 2779 4856 et
2793 4817 2948 4855 nunc
2961 4815 3195 4871 quoque
3208 4815 3311 4869 pro
3324 4797 3496 4852 nobis
3515 4786 3834 4877 interpellare:

2264 4891 2556 4962 hodieque
2572 4906 2792 4961 corpus
2806 4906 2979 4944 suum
2993 4906 3122 4944 cum
3139 4886 3513 4943 cicatricibus
3523 4879 3684 4936 vultui
3697 4876 3829 4929 Patris

2266 4983 2609 5049 ostendens,
2644 4997 2710 5035 se
2741 4996 2846 5050 pro
2878 4979 3051 5034 nobis
3095 4981 3309 5042 natum,
3344 4988 3578 5045 passum
3607 4983 3664 5021 ac
3692 4973 3831 5050 res!!!”

2264 5074 2517 5141 rexisse,
2552 5048 2724 5142 atque
2742 5048 2815 5123 ad
2842 5068 3027 5122 caelos
3058 5066 3409 5121 ascendisse
3436 5060 3693 5131 designat.

2264 5162 2444 5234 igitur
2472 5160 2745 5215 Christus
2778 5159 2870 5212 sui
2891 5158 3083 5227 ipsius
3106 5160 3196 5211 est
3213 5169 3448 5209 sacrum
3467 5152 3694 5221 signum,
3713 5138 3754 5192 id
3765 5134 3833 5234 ξεξί

2263 5223 2714 5307 sacramentum.
2769 5249 2912 5301 Haec
2960 5247 3164 5301 eadem
3220 5256 3455 5314 quoque
3499 5236 3669 5292 divina
3708 5223 3827 5314 nobis

2262 5342 2509 5408 oblatio,
2535 5341 2665 5393 sine
2715 5337 2849 5392 ﬁdei
2879 5338 3099 5390 nostrae
3140 5312 3400 5403 periculo
3431 5330 3648 5400 signare
3675 5312 3825 5408 potest

2261 5431 2406 5487 Cum
2438 5431 2565 5483 haec
2608 5428 2789 5498 igitur
2822 5427 2899 5480 ita
2928 5425 3046 5477 sint
3090 5422 3289 5477 eadem
3349 5418 3516 5473 nobis
3560 5427 3650 5483 per
3673 5413 3828 5498 omnia,

2258 5537 2393 5591 quae
2441 5523 2496 5574 et
2554 5496 2848 5584 Christus,
2910 5511 3278 5567 Eucharistia
3334 5511 3529 5564 nostra
3564 5496 3824 5591 signiﬁcare

2261 5578 2583 5664 invenitur:
2646 5608 2703 5660 et
2749 5618 2996 5675 quarum
3053 5616 3249 5656 rerum
3309 5597 3429 5667 llla,
3477 5578 3823 5649 earumdemei
