4134 6174
358 270 510 340 1461

715 276 826 337 DE
855 274 1280 340 CORPORIS
1310 275 1415 337 ET
1446 276 1683 338 SANG.
1719 274 2022 337 DOMINI
2055 269 2481 333 VERITATE
2514 270 2741 333 LIBRI
2779 271 3013 332 TRES.
3051 305 3127 318 -
3162 271 3317 333 LIB.
3353 273 3434 341 II,
3477 330 3480 334 .

3635 270 3795 335 1462

356 477 632 531 Christus
684 480 1138 530 sacramentum.
1201 476 1340 541 Quae
1399 492 1533 531 cum
1575 477 1649 529 ita
1700 476 1817 529 sint
1848 490 2016 528 nemo
2046 459 2086 519 Α
2126 473 2285 527 illum
2321 474 2670 544 sanguinem
2705 488 2876 542 quem
2903 472 3093 526 fusuri
3128 474 3264 525 sunt
3295 472 3392 542 qui
3427 487 3517 524 me
3549 468 3787 525 cruciﬁ-

353 570 549 619 tamen
583 566 804 619 ideirco
837 565 976 619 dicit
1033 566 1335 620 Christum
1393 566 1659 619 umbram
1689 564 1928 629 Christi,
1964 566 2020 616 et

354 669 472 707 non
497 669 700 706 verum
726 652 1025 707 Christum
1042 670 1202 722 esse;
1219 670 1327 708 nec
1342 670 1556 723 corpus
1571 653 1725 723 ejus,
1743 652 2018 724 quoniam

355 743 623 811 corporis
681 742 793 808 sui,
853 744 1009 813 quod
1066 746 1159 796 est
1200 742 1487 805 Ecclesia,
1525 746 1580 795 et
1611 744 1702 796 sui
1737 742 1925 811 ipsius
1958 744 2019 794 ut

351 846 509 885 nunc
542 831 930 901 ostendimus,
967 831 1429 902 signiﬁcativum
1481 834 1590 899 est,
1624 830 2014 884 umbraticum

349 923 408 973 et
439 936 556 972 non
604 936 807 973 verum
849 936 1066 989 corpus
1118 921 1397 974 existere.
1434 920 1620 973 Nemo
1651 919 1831 991 igitur
1861 919 2015 972 dicat

348 1009 766 1062 eucharistiam
791 1012 1056 1062 nostram
1077 1014 1317 1078 propter
1330 1009 1645 1079 praedictas
1676 1008 2013 1079 signiﬁcan-

345 1098 460 1151 tias
494 1097 760 1150 umbram
791 1097 950 1151 illius
970 1097 1257 1152 Dominici
1289 1098 1581 1166 corporis,
1607 1097 1764 1167 quod
1795 1096 2010 1150 divini-

345 1189 438 1238 tas
497 1185 822 1239 Salvatoris
879 1186 994 1238 sibi
1052 1186 1286 1255 proprie
1339 1186 1544 1252 induit,
1580 1191 1635 1240 et
1668 1202 1786 1239 non
1817 1185 2010 1254 ipsum

342 1290 551 1327 verum
583 1280 638 1327 et
657 1275 960 1343 proprium
987 1275 1312 1329 Salvatoris
1332 1291 1548 1344 corpus
1573 1275 1856 1343 existere;
1878 1290 2009 1328 nam

342 1363 396 1416 si
431 1362 506 1416 ob
539 1363 851 1432 praedictas
885 1363 1315 1434 signiﬁcantias
1346 1366 1478 1433 ipsa
1535 1380 1649 1418 non
1683 1367 1771 1418 est
1808 1378 2011 1416 verum

341 1450 544 1504 Chrsti
578 1456 633 1504 et
667 1453 980 1521 proprium
1012 1468 1252 1522 corpus,
1287 1453 1774 1523 proptereasdem
1817 1452 2011 1523 signi-

341 1540 651 1593 ﬁcationes
719 1557 827 1594 nec
871 1540 1147 1595 Christus
1187 1542 1298 1596 erit
1337 1557 1517 1596 verus
1566 1541 1863 1595 Christus.
1896 1540 2010 1594 Sed

338 1627 499 1680 absit
555 1630 627 1682 ab
689 1629 948 1682 omnium
1020 1631 1314 1687 mentibus
1345 1630 1477 1699 hoc,
1518 1635 1579 1684 ut
1621 1632 1897 1700 quoniam
1928 1634 2012 1686 tot

336 1719 749 1785 tantorumque
772 1716 1057 1770 bonorum
1077 1719 1249 1771 nobis
1272 1721 1363 1772 est
1387 1723 1819 1773 sacramentum
1843 1718 2010 1773 Chri-

2120 565 2277 633 gent.
2292 586 2311 607 η
2332 563 2392 616 Si
2409 562 2658 633 ergo,ait
2675 561 3219 631 Berengarius,non
3235 561 3347 615 hoc
3364 576 3580 630 corpus
3595 575 3787 630 neque

2120 652 2278 704 illum
2304 652 2676 721 sanguinem,
2716 656 2899 704 restat
2932 654 2993 703 ut
3021 650 3176 720 quod
3209 650 3279 703 de
3310 650 3478 702 altari
3511 648 3782 719 sumitur,

2123 740 2329 793 umbra
2364 743 2581 793 tantum
2608 740 2684 793 sit
2707 740 2974 809 corporis
3008 744 3062 792 et
3096 738 3409 809 sanguinis
3440 740 3495 790 et
3521 737 3730 808 ﬁgura.

2191 826 2353 892 Quod
2387 830 2438 882 si
2470 829 2777 898 superiora
2798 828 3119 898 Augustini
3141 828 3320 880 verba
3340 827 3397 879 in
3417 826 3784 895 expositione

2122 916 2391 987 ejusdem
2422 918 2755 987 psalmi,vel
2788 922 2949 971 certe
2987 917 3043 969 in
3077 916 3451 985 expositione
3477 914 3785 985 Evangelii

2121 1007 2219 1059 ubi
2254 1007 2381 1060 haec
2404 1006 2605 1059 eadem
2639 1007 2819 1060 verba
2855 1007 3082 1059 Domini
3105 1009 3448 1073 tractantur,
3470 1003 3786 1076 diligenter

2119 1097 2796 1165 advertisset,nunquam
2829 1110 2902 1148 ex
2932 1094 3027 1148 his
3060 1095 3308 1149 forsitan
3341 1094 3564 1147 erroris
3597 1091 3782 1163 hujus

2120 1186 2466 1237 calumniam
2497 1184 2946 1253 perstruxissct.
2981 1183 3097 1237 Sed
3129 1183 3333 1236 infelix
3368 1183 3562 1249 homo,
3597 1180 3697 1235 diu
3721 1181 3781 1236 in

2116 1277 2280 1342 peste
2312 1273 2590 1326 haeretica
2621 1273 3302 1341 inveteratus,suadente
3336 1270 3569 1324 diabolo
3603 1271 3779 1340 cujus

2116 1362 2342 1416 retibus
2372 1362 3338 1431 peneincxplicabiliterimplexus
3373 1364 3464 1413 est
3496 1358 3779 1413 libentius

2116 1466 2321 1504 omnes
2356 1450 2578 1521 ingenii
2609 1450 2701 1504 sui
2734 1449 2895 1503 vires
2914 1450 2986 1503 ad
3011 1450 3421 1517 aucupandum
3435 1463 3615 1502 unum
3633 1462 3778 1509 .ver-

2111 1540 2271 1608 bum,
2330 1556 2444 1610 quo
2496 1539 2643 1591 male
2697 1539 2993 1592 intellecto
3052 1541 3437 1609 prepagatam
3471 1535 3775 1589 stultitiam

2110 1630 2337 1683 munire
2393 1628 2678 1696 videatur,
2742 1626 3159 1692 accommodat,
3203 1643 3376 1697 quam
3444 1624 3776 1680 divinarum

2110 1717 2545 1787 Scripturarum
2576 1718 3157 1786 providentissimam
3184 1715 3543 1786 vigilantiam
3569 1714 3775 1767 contra

348 1806 504 1870 stus,
568 1804 789 1859 idcirco
849 1804 983 1875 ejus
1031 1806 1247 1860 veritas
1319 1807 1610 1861 ullatenus
1669 1811 2006 1862 evacuetur.
2042 1823 2175 1893 Bse
2235 1807 2423 1860 valide
2473 1807 2910 1874 reclamantem,
2980 1806 3074 1859 vel
3127 1802 3674 1858 tenuiterattendat.
3708 1801 3773 1853 In

338 1891 513 1944 Absit
553 1908 696 1963 ergo
753 1894 976 1963 pariter
1005 1895 1076 1948 ab
1111 1896 1373 1948 omnium
1407 1895 1688 1949 cordibus
1712 1900 1771 1949 ut
1792 1897 2007 1950 eucha-

340 1980 513 2033 ristia
544 1981 1239 2051 nostra,quoniamnobis
1273 1983 1475 2036 eadem
1504 1984 1657 2037 bona
1689 1970 2006 2055 signiﬁcat,

346 2068 571 2122 idcirco
629 2084 832 2123 verum
874 2070 1093 2125 Christi
1154 2075 1210 2124 et
1264 2073 1567 2141 proprium
1611 2087 1828 2141 corpus
1872 2089 2010 2128 esse

343 2160 616 2228 negetur.
646 2158 1013 2228 Quapropter
1038 2160 1207 2225 satis,
1246 2164 1305 2212 ut
1348 2160 1630 2229 arbitror,
1655 2162 2011 2231 abundeque

343 2250 735 2299 monstratum
765 2247 1167 2317 est,quidquid
1200 2263 1270 2300 ex
1306 2248 1580 2317 praedicta
1617 2249 1773 2303 beati
1814 2250 2012 2321 Augu-

343 2333 482 2385 stini
560 2336 850 2405 scriptura
937 2340 1032 2389 aut
1092 2351 1165 2389 ex
1221 2337 1583 2406 nominibus,
1644 2323 2008 2396 sacramenti

342 2420 636 2488 videlicet,
693 2427 749 2477 et
794 2424 1026 2494 ﬁgurae,
1080 2428 1137 2477 et
1192 2426 1353 2495 signi
1404 2442 1536 2495 quae
1582 2426 1643 2479 in
1703 2442 1815 2481 usu
1851 2432 2009 2485 tenet

334 2508 626 2579 Ecclesia,
686 2512 1070 2565 adversarius
1132 2512 1357 2583 objicit,
1410 2516 1631 2567 nostrae
1686 2514 1820 2568 ﬁdei
1856 2516 2005 2571 nihil

339 2597 578 2665 obesse,
614 2615 815 2652 verum
847 2616 1022 2669 quam
1060 2600 1363 2669 pueriliter
1392 2602 1562 2655 etiam
1596 2604 1652 2655 in
1682 2602 1815 2656 aliis
1848 2603 2003 2657 desi-

351 2685 490 2754 piat,
525 2701 597 2740 ex
629 2685 723 2740 his
752 2691 972 2757 patere.

1019 2792 1339 2831 BOGERIUS.

406 2860 647 2915 Constat
684 2863 958 2932 equidem
979 2866 1244 2937 satisque
1265 2867 1574 2936 probatum
1605 2868 1696 2921 est
1724 2884 1877 2922 nunc
1895 2868 2003 2923 abs

325 2952 381 3002 te
412 2950 548 3020 quia
575 2952 670 3006 sui
701 2951 1180 3021 ipsiusChristus
1204 2958 1259 3008 et
1291 2955 1551 3025 signum;
1604 2960 2002 3012 verumtamen

323 3036 382 3091 id
414 3040 706 3109 quomodo
736 3056 873 3095 esse
915 3041 1411 3111 possit,desidero
1427 3041 1660 3113 plenius
1692 3044 1997 3109 declarari,

974 3146 1366 3185 GUITMUNDUS.

403 3214 553 3278 Quid
586 3230 768 3286 super
798 3217 907 3271 hoc
956 3218 1193 3271 miraris
1213 3221 1240 3272 ‘?
1271 3221 1391 3273 Res
1415 3220 1569 3273 enim
1605 3220 1680 3273 ita
1713 3220 1997 3275 solemnis

333 3307 426 3356 est
456 3307 518 3357 ut
569 3306 864 3360 neminem
900 3306 1106 3361 deceat
1136 3307 1425 3362 dubitare.
1459 3308 1603 3373 Quis
1627 3309 1781 3363 enim
1812 3309 1997 3380 homi;

322 3407 464 3446 num
498 3396 590 3447 est
642 3394 829 3462 (verbi
888 3400 1090 3464 causa)
1123 3396 1223 3466 qui
1270 3412 1524 3466 cperans
1555 3397 1861 3467 quidlibet,
1896 3399 1990 3453 vel

322 3478 499 3533 etiam
548 3482 675 3536 solo
728 3498 840 3537 suo
898 3489 1057 3538 motu
1092 3487 1417 3554 spontaneo
1449 3501 1565 3539 non
1598 3486 1899 3557 signiﬁcet
1926 3503 1993 3542 se

327 3567 668 3623 viventem?
710 3571 912 3642 Itaque
960 3572 1024 3625 ﬁt
1070 3576 1131 3626 ut
1162 3589 1316 3627 unus
1348 3573 1524 3627 homo
1559 3574 1617 3627 in
1662 3576 1996 3629 substantia

318 3670 558 3727 semper
603 3660 778 3727 idem,
842 3661 1170 3715 secundum
1227 3662 1467 3715 diversa
1509 3678 1686 3731 opera
1719 3664 1987 3732 seipsum

320 3744 667 3816 signiﬁcare
698 3749 910 3816 possit.
938 3749 1019 3803 Ita
1051 3765 1194 3821 ergo
1208 3749 1484 3803 Christus
1518 3751 1989 3806 substantialiter

319 3848 557 3903 semper
613 3835 788 3904 idem,
838 3841 1029 3892 tamen
1087 3839 1344 3893 visibilia
1404 3855 1683 3909 operans,
1719 3840 1987 3909 seipsum

300 3923 619 3997 signiﬁcat
673 3925 995 3980 invisibilia
1052 3931 1410 3996 sperantem.
1458 3927 1572 3981 Sed
1624 3933 1680 3982 et
1711 3928 1892 3982 verbo
1926 3930 1985 3982 et

318 4009 795 4081 habitudine,seu
813 4017 1015 4084 specie
1041 4016 1307 4085 corporis
1323 4017 1417 4070 his
1432 4018 1650 4088 quibus
1672 4017 1984 4087 aliquando

317 4099 606 4168 apparuit,
639 4103 1001 4173 signiﬁcavit
1042 4120 1107 4158 se
1166 4108 1481 4175 propitium
1513 4106 1606 4160 vel
1637 4106 1866 4159 iratum.
1889 4106 1981 4160 Ad

316 4185 473 4241 hunc
540 4205 775 4260 quoque
819 4193 1056 4246 modum
1108 4195 1265 4248 sacri
1316 4195 1519 4248 altaris
1576 4194 1813 4261 oblatio,
1848 4210 1980 4248 cum

318 4275 651 4331 substantia
684 4280 957 4349 corporis
992 4282 1210 4336 Christi
1230 4285 1518 4337 veraciter
1548 4282 1980 4352 sit,secundum

311 4364 611 4418 visibilem
645 4368 906 4436 speciem
937 4373 992 4424 et
1022 4371 1278 4423 visibilia
1312 4372 1613 4441 mysteria,
1648 4371 1824 4426 velde
1849 4372 1978 4440 ipso

2039 3176 2089 3244 Ο

2110 1896 2314 1950 eodem
2349 1895 2563 1965 quippe
2614 1897 2840 1964 psalmo
2876 1895 3005 1948 ἱ]ωο
3036 1895 3391 1963 praedixerat
3409 1892 3617 1945 beatus
3651 1892 3775 1944 Au-

2110 1986 2388 2055 gustinus
2415 2001 2461 2053 ;«
2498 1985 2774 2052 Suscepit
2803 1984 3076 2036 Christus
3109 1983 3178 2035 de
3200 1986 3357 2035 terra
3389 1980 3775 2050 terram,quia

2110 2089 2245 2127 caro
2277 2074 2348 2127 de
2380 2077 2535 2127 terra
2569 2076 2678 2137 est;
2714 2078 2770 2125 et
2802 2072 2873 2126 de
2905 2086 3080 2124 carne
3114 2071 3311 2124 Mariae
3344 2085 3583 2124 carnem
3612 2072 3776 2122 acce-

2110 2163 2209 2230 pit,
2243 2161 2379 2214 etin
2438 2162 2567 2231 ipsa
2630 2176 2805 2213 carne
2834 2159 2930 2213 hic
2959 2158 3298 2225 ambulavit,
3333 2163 3389 2211 et
3420 2158 3608 2226 ipsam
3644 2171 3777 2209 car-

2111 2265 2241 2302 nem
2274 2250 2447 2303 nobis
2478 2248 2940 2303 manducandam
2958 2248 3027 2300 ad
3050 2248 3298 2300 salutem
3317 2246 3526 2299 dedit.»
3550 2244 3611 2299 Si
3627 2259 3774 2315 ergo

2111 2338 2300 2407 ipsum
2332 2354 2769 2408 earnem,quam
2802 2338 2872 2390 de
2901 2352 3075 2390 carne
3092 2336 3288 2389 Mariae
3317 2333 3638 2401 accepit,in
3658 2348 3777 2402 qua

2110 2427 2206 2481 hic
2238 2424 3218 2480 ambulavitnobismanducandam
3238 2423 3309 2475 ad
3328 2422 3576 2475 salutem
3590 2421 3774 2493 dedit,

2114 2510 2406 2586 quomo‘do
2438 2531 2556 2569 non
2587 2514 2697 2567 hoc
2731 2530 2967 2582 corpus,
3001 2512 3116 2565 nisi
3147 2512 3282 2580 quia
3312 2510 3500 2578 ipsam
3534 2524 3776 2564 carnem

2116 2606 2212 2659 dat
2243 2605 2415 2657 nobis
2458 2602 2918 2656 manducandum
2969 2601 3026 2652 in
3059 2600 3261 2653 eadem
3298 2598 3775 2665 substantia,non

2115 2693 2227 2747 hoc
2284 2696 2474 2746 autem
2524 2707 2762 2759 corpus,
2824 2689 2881 2742 id
2932 2693 3023 2743 est
3055 2689 3108 2740 in
3140 2688 3345 2742 eadem
3377 2686 3586 2754 forma,
3619 2701 3688 2740 ac
3718 2685 3775 2740 si

2112 2782 2369 2835 diceret:
2405 2778 2885 2849 Corpusquidem
2917 2775 3575 2846 meum,sicutaudistis,
3619 2773 3774 2831 dabo

2112 2870 2302 2933 vobis,
2340 2869 2444 2922 sed
2478 2884 2595 2921 non
2620 2867 2947 2921 secundum
3005 2867 3116 2919 hoc
3148 2864 3305 2935 quod
3346 2863 3650 2931 videtis,id
3679 2865 3775 2919 est

2107 2974 2223 3011 non
2282 2957 2394 3010 tale
2450 2956 2623 3026 quale
2671 2956 2905 3023 videtis,
2940 2970 3054 3007 non
3087 2954 3145 3007 in
3178 2954 3288 3007 hac
3319 2952 3527 3021 forma,
3562 2968 3680 3007 non
3711 2951 3774 3007 in

2106 3046 2216 3099 hac
2246 3046 2447 3114 specie
2478 3060 2653 3114 quam
2685 3042 3203 3113 videtis.Alioquin
3222 3058 3327 3096 cur
3348 3041 3585 3095 addidit:
3612 3038 3773 3112 quod

2108 3133 2481 3200 videtis,cum
2510 3130 3057 3187 sufﬁceretdixisse
3078 3147 3188 3184 non
3206 3130 3318 3183 hoc
3336 3146 3346 3183 :
3366 3130 3481 3182 nisi
3497 3129 3633 3199 quia
3656 3129 3772 3183 hoc

2105 3223 2433 3276 secundum
2491 3223 2833 3289 essentiam,
2894 3236 3011 3273 non
3055 3218 3167 3272 hoc
3225 3218 3551 3271 secundum
3609 3215 3771 3287 quod

2104 3312 2358 3365 videtis?
2413 3311 2678 3381 Denique
2740 3314 2799 3362 ut
2849 3310 2960 3363 hoc
3010 3308 3165 3379 quod
3199 3307 3450 3360 dicimus
3475 3306 3770 3378 Augusti-

2102 3416 2242 3455 num
2289 3401 2563 3455 sensisse
2623 3412 2981 3470 cognoscas,
3033 3410 3281 3450 recense
3313 3394 3591 3449 attentius
3624 3393 3769 3464 quid

2104 3490 2163 3543 in
2195 3491 2285 3544 eis
2319 3489 2420 3560 qui
2477 3487 2855 3543 scandalizati
2899 3489 3036 3539 sunt
3094 3484 3152 3538 in
3184 3484 3553 3554 expositione
3583 3482 3770 3554 hujus

2103 3578 2315 3649 psalmi
2347 3578 2436 3632 vel
2496 3577 2801 3648 Evangelii
2845 3576 3201 3645 culpaverat.
3227 3573 3399 3628 Certe
3431 3573 3587 3627 enim
3620 3571 3771 3625 sub-

2108 3668 2384 3721 stantiam
2450 3666 2609 3719 illam
2667 3682 2841 3735 quam
2903 3664 3224 3718 cernebant
3288 3662 3499 3729 oculis,
3570 3660 3771 3715 datum

2103 3755 2178 3807 iri
2239 3755 2356 3808 sibi
2412 3756 2484 3808 ad
2542 3755 3009 3808 manducandum
3054 3753 3352 3823 putabant,
3387 3766 3503 3804 non
3532 3764 3799 3820 panem,»

2102 3858 2218 3896 non
2247 3843 2401 3895 aliud
2434 3842 3131 3912 quidpiam.Augustinus
3164 3842 3355 3893 autem
3388 3837 3691 3892 hocstulte
3711 3840 3770 3893 et

2101 3931 2412 3985 carnaliter
2443 3931 2581 3984 dicit
2610 3946 2715 3984 eos
2746 3932 3073 3999 accepisse.

2178 4020 2568 4074 «Putaverunt
2601 4020 2777 4088 enim,
2813 4017 3179 4089 inquit,quod
3213 4016 3580 4088 praecisurus
3600 4015 3767 4070 esset

2098 4108 2384 4161 Dominus
2446 4108 2763 4177 particulas
2825 4108 3108 4178 quasdam
3167 4107 3239 4161 de
3267 4122 3518 4176 corpore
3551 4120 3682 4174 suo,
3707 4104 3766 4160 et

2096 4197 2340 4251 daturus
2372 4196 3049 4268 illis.Putaveruntquod
3078 4197 3268 4268 gratia
3288 4196 3421 4266 ejus
3456 4208 3765 4249 consume-

2095 4289 2259 4339 retur
2307 4287 2630 4353 morsibus,
2666 4289 2722 4339 et
2772 4302 3004 4340 carnem
3042 4301 3155 4355 qua
3179 4285 3443 4338 indutum
3466 4286 3590 4337 erat
3608 4283 3762 4337 Ver-

2088 4372 2248 4438 bum,
2284 4389 2400 4427 non
2433 4374 2745 4445 integram,
2783 4376 2937 4427 sicut
2970 4374 3238 4427 ascendit
3270 4373 3327 4426 in
3369 4373 3604 4438 caelum,
3650 4372 3761 4427 sed

314 4453 581 4522 Domino,
632 4456 725 4510 vel
749 4458 819 4510 de
851 4457 983 4528 ejus
1017 4458 1305 4527 Ecclesia,
1341 4459 1567 4531 absque
1598 4461 1734 4515 ﬁdei
1758 4465 1981 4515 nostr-aa
2011 4493 2071 4558 Β
2098 4461 2279 4515 veluti
2311 4464 2629 4527 concisam,
2666 4465 2756 4518 vel
2788 4464 3083 4535 quomodo
3116 4464 3174 4517 in
3205 4463 3491 4517 cadavere
3524 4460 3761 4517 dilania-

310 4542 574 4611 periculo
604 4544 800 4614 aliqua
831 4547 1169 4617 signiﬁcare
1201 4551 1414 4617 potest.

982 4651 1297 4689 ROGERIUS.

380 4718 569 4788 Perge
603 4735 718 4789 quo
742 4721 1101 4793 intenderas;
1126 4740 1260 4777 nam
1293 4724 1363 4778 de
1392 4724 1488 4779 his
1520 4724 1972 4781 insanissimum

308 4810 399 4860 est
432 4807 686 4876 amplius
730 4808 1016 4864 dubitare.

947 4917 1336 4956 GUlTMUNDUS.

379 4984 526 5038 Illud
560 5001 705 5040 sane
738 4987 1791 5061 Berengariummoverepermaxime
1821 4996 1974 5052 solet

302 5074 484 5144 quod,
520 5074 579 5128 in
611 5077 978 5144 expositione
1029 5079 1351 5149 supradicti
1382 5083 1751 5154 nonagesimi
1782 5086 1971 5139 octavi

302 5162 756 5232 psalmi,beatus
779 5166 1149 5237 Augustinus
1164 5168 1234 5222 de
1250 5169 1449 5223 verbis
1466 5171 1696 5226 Domini
1710 5174 1783 5227 ad
1800 5174 1974 5228 disci-

302 5251 477 5320 pulos
494 5252 567 5305 ita
585 5253 747 5309 dicit:
779 5254 950 5309 «Cum
974 5258 1405 5313 remansissent
1429 5275 1561 5314 cum
1582 5261 1677 5315 illo
1692 5262 1969 5332 discipuli

309 5338 1162 5414 duodecim,instruxitiflos,et
1187 5348 1265 5400 ait
1295 5348 1442 5402 illis:
1471 5348 1736 5420 Spiritus
1767 5353 1970 5424 estqui

310 5431 369 5482 vi
382 5429 597 5500 viﬁcal;
636 5448 776 5488 caro
812 5441 1003 5488 autem
1020 5434 1442 5506 nihilprodest.
1468 5437 1655 5492 Verba
1672 5440 1966 5511 gaza/ocu-

310 5522 405 5571 lus
418 5534 544 5573 sum
568 5520 1015 5592 vobis,Sp1'ritus
1028 5529 1085 5578 et
1108 5525 1227 5579 vita
1241 5532 1376 5579 sunt
1389 5525 1687 5595 (Joan.v1.)
1703 5529 1834 5583 Non
1852 5530 1965 5586 hoc

302 5621 523 5678 corpus
554 5610 711 5682 quod
741 5611 953 5668 videtis
985 5614 1394 5670 manducaturi
1425 5615 1596 5688 estis,
1629 5619 1686 5672 et
1721 5618 1961 5675 bibituri

2093 4551 2211 4621 tur,
2272 4555 2371 4605 aut
2414 4552 2472 4606 in
2504 4552 2746 4606 macello
2780 4554 3069 4618 venditur,
3096 4553 3481 4607 distribueret
3512 4550 3758 4605 creden-

2085 4640 2269 4709 tibus,
2302 4657 2419 4695 non
2443 4642 2738 4712 quomodo
2796 4643 3011 4713 spiritu
3043 4644 3374 4715 vegetatur,
3401 4641 3459 4695 id
3491 4644 3603 4711 est,
3638 4657 3756 4696 non

2081 4729 2296 4783 vivam.
2326 4729 2473 4783 Nam
2508 4731 2560 4784 si
2612 4732 2825 4801 spiritu
2881 4735 3211 4804 vegetatur,
3242 4756 3263 4780 n
3301 4732 3435 4785 viva
3466 4735 3578 4786 est.
3602 4729 3757 4794 Quid

2079 4832 2224 4888 ergo
2258 4817 2311 4871 si
2344 4822 2654 4886 putassent
2686 4837 2752 4875 se
2784 4825 3135 4891 accepturos
3169 4838 3405 4877 carnem
3431 4822 3755 4892 integram,

2078 4922 2197 4960 non
2257 4922 2365 4976 per
2415 4910 2734 4978 particulas
2792 4912 3115 4979 concisam,
3149 4927 3265 4965 non
3297 4914 3604 4979 mortuam,
3640 4911 3751 4966 sed

2079 4994 2303 5061 vivam;
2348 5013 2465 5051 non
2524 4999 2680 5052 sicut
2724 5000 2780 5053 in
2812 5000 3058 5054 macello
3090 4999 3382 5067 venditur,
3418 5000 3525 5054 sed
3554 5000 3753 5055 vivam

2080 5083 2233 5137 sicut
2266 5087 2480 5156 spiritu
2512 5089 3136 5160 vegetatur?nunquid
3158 5090 3510 5144 errassent‘?
3532 5090 3752 5167 Utique

2078 5187 2195 5226 non
2226 5180 2550 5230 errassent.
2589 5177 2736 5231 Dum
2760 5178 2915 5231 enim
2949 5177 3274 5247 culpantur,
3301 5195 3418 5233 non
3447 5179 3750 5253 ideo,quia

2075 5259 2233 5315 illam
2269 5279 2526 5332 carnem,
2562 5266 2614 5319 id
2634 5266 3008 5337 estej'isdem
3033 5268 3382 5324 substantia:
3405 5286 3472 5325 se
3504 5270 3742 5325 mandu-

2076 5353 2312 5405 caturos
2346 5354 2759 5425 putabant,sed
2795 5356 2904 5410 hoc
2932 5357 3085 5427 solo,
3110 5358 3244 5429 quia
3275 5374 3393 5413 non
3424 5359 3742 5431 integram,

2075 5453 2189 5491 non
2223 5440 2437 5507 vivam,
2472 5445 2645 5513 atque
2679 5448 3114 5516 consequenter
3144 5449 3369 5520 absque
3403 5446 3573 5520 culpa
3599 5447 3745 5523 fuis-

2076 5527 2289 5595 sent,si
2321 5530 2672 5599 eamdem,id
2704 5538 2793 5588 est
2825 5524 3095 5604 ejusdem
3118 5538 3469 5593 substantiae
3503 5552 3742 5593 carnem

2083 5629 2148 5670 se
2167 5618 2623 5678 manducaturos
2640 5625 2951 5695 putassent
2970 5626 3258 5700 integram
3276 5630 3334 5683 et
3353 5627 3745 5695 vivam.Quod
