4134 6174
335 262 489 325 1465

648 263 746 324 DE
792 260 1206 325 CORPORIS
1252 262 1356 323 ET
1401 261 1648 325 SANG.
1697 238 2005 325 DOMINI
2049 262 2465 326 VERITATE
2499 264 2709 328 LIBRI
2751 264 2980 330 TRES.
3018 301 3094 312 —
3121 267 3283 332 LIB.
3327 267 3405 329 II.

3582 265 3743 331 1466

327 466 446 513 tum
480 462 749 529 corporis
790 460 1037 523 Christi,
1073 461 1389 515 secundum
1406 462 1711 533 quemdam
1741 462 1990 529 modum,
2020 446 2065 508 Ᾱ
2102 459 2207 514 Est
2230 477 2481 532 namque
2503 462 2833 531 baptismus
2866 467 3142 535 exterior,
3171 483 3322 539 δοχίά
3341 468 3618 537 visibilis,
3640 484 3769 522 car-

323 565 538 620 corpus
554 550 785 603 Christi
799 558 908 614 est,
920 555 974 602 ct
989 558 1420 605 sacramentum
1436 552 1745 621 sanguinis
1762 551 1995 605 Christi

319 638 640 691 secundum
669 639 969 709 quemdam
991 639 1236 707 modum,
1258 642 1503 710 sanguis
1530 640 1761 693 Christi
1788 646 1878 693 est
1908 641 1990 692 ita

319 735 757 779 sacramentum
776 726 917 780 ﬁdei
944 726 1094 780 ﬁdes
1121 734 1231 795 est,
1266 744 1382 781 non
1414 729 1469 782 id
1498 730 1568 782 de
1598 728 1986 782 sacramentis

320 815 514 868 nostri
536 816 740 869 altaris
768 820 858 869 est
881 831 1130 870 necesse
1160 816 1428 887 intelligi.
1453 816 1817 871 Generaliter
1834 818 1989 871 enim

321 904 395 957 de
417 904 806 958 sacramentis
839 905 1079 959 dixerat.
1106 905 1168 958 Si
1188 906 1343 960 enim
1374 910 1740 960 sacramenta
1781 921 1989 976 quam-

320 993 457 1046 dam
503 994 946 1047 similitudinem
990 1010 1190 1048 earum
1246 1011 1444 1049 rerum
1492 1011 1742 1065 quarum
1786 1010 1990 1049 sacra-

320 1085 514 1135 menta
538 1085 694 1150 sunt,
722 1098 837 1135 non
860 1082 1164 1151 haberent,
1198 1084 1433 1137 omnino
1473 1086 1840 1138 sacramenta
1874 1100 1991 1137 non

319 1174 547 1224 essent.
594 1170 681 1223 Ex
726 1171 837 1224 hac
867 1172 1020 1225 enim
1062 1172 1441 1226 similitudine
1480 1172 1825 1243 plerumque
1866 1172 1991 1243 jam

318 1262 689 1312 sacramenta
706 1259 968 1329 ipsarum
984 1277 1183 1314 rerum
1199 1261 1432 1314 nomina
1448 1261 1989 1330 accipiunt.Deinde

316 1364 349 1400 a
386 1362 604 1418 genere
630 1348 701 1401 ad
731 1353 956 1419 partem
987 1349 1381 1417 descendens,
1417 1365 1523 1419 per
1546 1349 1738 1403 simile
1760 1349 1814 1402 id
1834 1349 1988 1419 quod

316 1437 648 1491 intenderat
682 1437 993 1506 conclusit,
1020 1437 1226 1491 dicens
1254 1454 1264 1490 :
1300 1438 1467 1491 Sicut
1499 1454 1644 1509 ergo
1675 1437 1991 1492 secundum

316 1526 620 1598 quemdam
640 1527 867 1580 modum
887 1533 1320 1580 sacramentum
1344 1528 1613 1597 corporis
1642 1526 1874 1580 Christi
1900 1531 1992 1580 est

314 1630 530 1686 corpus
556 1615 804 1679 Christi,
827 1620 962 1683 etc.,
979 1616 1132 1685 quod
1156 1616 1342 1670 libera
1365 1615 1637 1669 facultate
1659 1614 1991 1685 intelligere

313 1720 641 1773 possumus
672 1704 889 1758 dictum
939 1719 1076 1758 esse
1108 1705 1179 1757 de
1218 1720 1450 1773 manna,
1484 1704 1577 1758 vel
1625 1704 1695 1757 de
1753 1720 1904 1773 pane
1934 1695 1992 1759 et

2101 566 2234 604 nem
2255 550 2533 620 abluens;
2566 552 2995 620 estbaptismus
3020 555 3284 625 interior,
3311 558 3458 611 fides
3492 557 3766 611 invisibi-

2102 640 2198 708 lis,
2219 640 2469 694 animam
2493 641 2670 694 simili
2694 643 2864 695 modo
2881 643 3225 713 puriticans,
3255 650 3405 699 teste
3429 647 3598 700 beato
3624 661 3769 716 apo-

2109 729 2281 797 stolo,
2306 731 2405 799 qui
2427 730 2534 783 ait:
2564 730 2713 783 Fide
2728 731 3014 785 inundans
3034 733 3215 786 corda
3239 749 3437 787 eorum
3456 736 3612 804 (Act.
3644 736 3763 801 xv).

2109 817 2180 871 Et
2199 818 2410 872 iterum
2436 835 2447 873 :
2475 817 2577 871 Sic
2604 825 2663 872 ct
2683 835 2781 872 vos
2801 818 3001 874 salvos
3017 819 3484 892 facitbaptisma,
3512 838 3623 876 non
3642 838 3771 875 car-

2111 907 2208 960 nis
2224 906 2515 978 depositio
2526 908 2811 977 sordium,
2829 908 2939 962 sed
2953 910 3331 964 conscientiae
3344 910 3508 964 home
3522 911 3772 964 interro-

2109 996 2272 1067 gatio
2289 996 2352 1047 in
2369 995 2553 1049 Deum
2572 995 2623 1064 (1
2651 995 2822 1050 Petr.
2847 996 2953 1067 ιιι).
2976 997 3227 1051 Proinde
3250 998 3395 1052 satis
3420 999 3768 1053 convenien-

2106 1085 2199 1136 ter
2228 1085 2283 1136 et
2301 1098 2441 1135 sana
2463 1082 2577 1136 fide
2606 1083 2938 1155 intelligere
2960 1100 3283 1153 possumus
3305 1085 3535 1139 dixisse
3555 1088 3765 1157 Augu-

2108 1171 2346 1238 stinum,
2401 1171 2564 1225 Sicut
2603 1176 3034 1227 sacramentum
3095 1175 3365 1243 corporis
3411 1174 3652 1244 Christi,
3706 1175 3765 1228 id

2107 1262 2216 1327 est,
2242 1259 2549 1314 sicutillud
2570 1262 2871 1331 preprium
2895 1260 3025 1315 Filii
3051 1262 3155 1316 Dei
3203 1277 3442 1331 corpus,
3480 1263 3637 1332 quod
3676 1266 3770 1317 est

2105 1353 2539 1403 sacramentum
2568 1350 2835 1419 corporis
2866 1349 3104 1419 Christi,
3159 1367 3291 1422 quae
3335 1356 3426 1405 est
3474 1350 3765 1420 Ecclesia,

2104 1437 2428 1491 secundum
2444 1438 2753 1508 quemdam
2776 1438 3009 1492 modum
3031 1454 3248 1509 corpus
3260 1438 3478 1494 Christi
3493 1444 3603 1509 est,
3625 1440 3768 1494 illud

2103 1525 2331 1579 scilicet
2360 1526 2534 1597 cujus
2565 1528 2655 1580 est
2686 1531 3139 1595 sacramentum,
3170 1528 3325 1598 quod
3357 1532 3449 1582 est
3474 1515 3764 1583 Ecclesia.

2100 1613 2232 1683 Ipse
2250 1615 2405 1668 enim
2422 1630 2703 1683 sponsus,
2721 1615 2846 1684 ipse
2861 1616 3188 1670 secundum
3202 1617 3512 1686 quemdam
3526 1617 3764 1672 modum

2098 1707 2155 1756 et
2184 1719 2439 1772 sponsa;
2472 1704 2546 1756 ita
2578 1708 3012 1758 sacramentum
3048 1705 3204 1771 fidei,
3250 1705 3309 1758 id
3359 1708 3452 1759 est
3499 1707 3763 1759 exterior

314 1794 456 1848 vino
481 1792 1110 1862 Melchisedech(Gen.
1127 1792 1270 1861 xiv),
1290 1793 1383 1847 vel
1406 1793 1478 1847 de
1501 1793 1695 1863 aliquo
1716 1796 1983 1847 veterum
2023 1821 2074 1883 B
2096 1790 2446 1861 baptismus,
2473 1808 2576 1861 pro
2599 1809 2668 1847 eo
2690 1792 2847 1862 quod
2871 1793 3002 1847 fidei
3030 1794 3267 1863 signum
3299 1797 3408 1858 est,
3435 1794 3762 1848 secundum

312 1882 907 1951 sacriﬁciorumquae
926 1885 1291 1936 sacramenta
1308 1883 1577 1952 corporis
1592 1887 1647 1936 et
1671 1883 1987 1954 sanguinis

311 1970 536 2025 Christi
576 1970 830 2024 fuerunt.
879 1972 1140 2025 Possunt
1189 1973 1344 2025 enim
1397 1972 1828 2042 quodammodo
1878 1988 1986 2042 per

310 2059 568 2131 ﬁguram
598 2060 870 2127 corporis
919 2065 975 2113 et
1030 2060 1342 2130 sanguinis
1399 2060 1618 2115 Christi
1678 2062 1980 2132 appellari,

313 2148 470 2202 sicut
500 2151 662 2217 petra
688 2150 933 2201 vocatur
963 2147 1256 2202 Christus.
1291 2148 1362 2202 Et
1389 2148 1517 2203 ideo
1551 2165 1667 2203 non
1707 2149 1852 2203 satis
1903 2154 1984 2203 at-

311 2236 497 2291 tendit
518 2237 691 2290 homo
712 2236 852 2305 quid
883 2241 1157 2307 opponat.
1192 2237 1340 2291 Nam
1371 2242 1427 2292 et
1458 2237 1511 2291 si
1554 2253 1627 2291 ex
1662 2238 1981 2292 abundanti

312 2325 386 2379 de
405 2326 795 2379 sacramentis
818 2341 1052 2395 quoque
1072 2327 1273 2380 altaris
1297 2326 1484 2380 nostri
1507 2327 1723 2379 dictum
1742 2327 1798 2379 id
1830 2326 1977 2380 veli-

312 2428 448 2467 mus
489 2414 779 2483 accipere,
834 2414 1027 2468 ﬁdelis
1071 2418 1126 2467 et
1156 2414 1347 2468 facilis
1387 2414 1769 2485 intelligentia
1802 2418 1974 2483 patet.

309 2500 457 2555 Cum
483 2502 640 2555 enim
670 2505 1042 2555 sacramenta
1072 2505 1276 2555 nostra
1308 2501 1425 2555 sint
1458 2502 1826 2556 substantive
1849 2518 1976 2556 cor-

310 2606 423 2659 pus
447 2590 587 2643 illud
609 2591 764 2659 quod
791 2591 884 2643 est
912 2589 1015 2643 filii
1048 2590 1152 2643 Dei
1182 2590 1505 2659 proprium,
1532 2593 1668 2643 sunt
1689 2591 1975 2661 quodam-

310 2678 485 2732 modo
515 2694 620 2747 per
643 2678 889 2749 figuram
913 2679 1109 2748 ipsum
1139 2694 1357 2747 corpus
1376 2677 1616 2746 Christi,
1658 2678 1833 2750 cujus
1873 2696 1974 2734 sa-

309 2770 607 2821 cramenta
632 2770 788 2835 sunt,
809 2766 976 2820 idest
998 2766 1291 2821 Ecclesia.
1314 2765 1480 2831 Quod
1516 2768 1574 2820 in
1607 2769 1975 2837 expositione

309 2871 493 2924 super
534 2856 819 2909 Joannem
868 2856 1174 2908 confirmat
1215 2857 1587 2927 Augustinus
1630 2856 1725 2909 his
1770 2858 1975 2911 verbis

308 2944 671 3013 (Tract,26):
702 2964 727 2992 «
750 2943 917 2996 Hunc
939 2944 1133 3014 itaque
1157 2944 1353 2998 cibum
1387 2949 1442 2998 et
1477 2949 1674 3016 potum
1717 2947 1974 3000 societa-

306 3039 422 3087 tem
442 3034 564 3087 vult
595 3032 840 3104 intelligi
860 3033 1130 3102 corporis
1168 3035 1225 3087 et
1260 3035 1656 3089 membrorum
1705 3051 1970 3106 suorum,

308 3122 466 3192 quod
490 3124 582 3176 est
615 3125 817 3176 sancta
841 3121 1128 3176 Ecclesia.
1157 3122 1350 3194 Hujus
1392 3123 1475 3177 rei
1516 3129 1971 3195 sacramentum,

304 3210 365 3264 id
406 3214 517 3277 est,
539 3211 776 3265 unitatis
800 3212 1068 3281 corporis
1085 3213 1143 3266 et
1172 3213 1483 3283 sanguinis
1505 3212 1724 3267 Christi
1758 3215 1974 3269 alicubi

306 3299 587 3369 quotidie,
619 3299 834 3354 alicubi
867 3300 1047 3353 certis
1071 3300 1395 3355 intervallis
1417 3302 1643 3356 dierum
1674 3302 1733 3355 in
1770 3303 1972 3357 Domi-

307 3388 441 3441 nica
497 3404 701 3441 mensa
756 3392 1125 3458 praeparatur
1174 3392 1231 3443 et
1277 3389 1349 3443 de
1406 3390 1707 3444 Dominica
1766 3408 1972 3446 mensa

304 3476 611 3531 sumitur.»
634 3477 790 3530 Idem
814 3478 871 3529 in
893 3477 1145 3547 quodam
1164 3492 1436 3533 sermone
1456 3479 1527 3533 de
1550 3482 1967 3536 sacramentis:

309 3589 329 3611 ιι
357 3566 467 3629 Qui
499 3581 719 3635 passus
759 3568 869 3632 est,
914 3566 1119 3637 inquit,
1166 3583 1269 3636 pro
1308 3568 1500 3633 nobis,
1540 3569 1972 3623 commendavit

303 3653 481 3707 nobis
506 3654 691 3707 inisto
709 3658 1079 3708 sacramento
1093 3655 1443 3726 sanguinem
1466 3671 1638 3709 suum
1653 3659 1709 3710 et
1726 3673 1964 3726 corpus,

302 3742 461 3812 quod
493 3742 664 3795 etiam
696 3743 835 3796 fecit
864 3748 919 3797 et
948 3759 1057 3798 nos
1101 3745 1286 3812 ipsos.
1332 3743 1481 3797 Nam
1520 3748 1576 3798 et
1617 3761 1727 3799 nos
1776 3746 1967 3814 ipsius

302 3846 522 3901 corpus
550 3832 684 3885 facti
717 3848 948 3901 sumus,
982 3837 1038 3887 et
1078 3848 1187 3903 per
1234 3833 1701 3887 misericordiam
1750 3834 1963 3905 ipsius,

299 3921 458 3991 quod
488 3921 832 3990 accipimus,
857 3936 968 3975 nos
993 3937 1254 3976 sumus.»
1284 3922 1436 3976 Ecce
1459 3922 1751 3992 quomodo
1770 3924 1967 3977 cibum

297 4011 357 4063 et
388 4012 583 4078 potum
616 4010 816 4063 altaris
843 4010 989 4063 dixit
1010 4027 1147 4065 esse
1171 4011 1600 4081 quodammodo
1625 4012 1967 4066 societatem

299 4098 589 4167 corporis,
611 4098 768 4169 quod
789 4102 881 4153 est
901 4099 1187 4153 Ecclesia.
1208 4100 1341 4154 Non
1361 4101 1518 4170 quod
1544 4102 1673 4169 ipse
1709 4101 1879 4155 cibus
1910 4102 1967 4156 et

294 4191 473 4255 potus
504 4188 581 4240 sit
612 4188 736 4256 ipsa
770 4186 1047 4257 societas,
1069 4190 1175 4243 sed
1196 4190 1387 4258 ipsius
1416 4190 1720 4243 societatis
1755 4205 1963 4244 sacra-

296 4280 577 4343 mentum,
599 4277 787 4331 ethoc
819 4277 975 4347 quod
1005 4278 1349 4347 accipimus,
1370 4278 1516 4332 dixit
1533 4279 1965 4348 quodammodo

296 4379 438 4417 esse
469 4379 599 4431 nos,
630 4366 767 4435 quia
810 4367 997 4420 nostri
1050 4369 1140 4419 est
1190 4371 1642 4420 sacramentum.
1696 4368 1778 4421 Ita
1819 4384 1965 4440 ergo

296 4467 516 4522 corpus
546 4452 766 4508 Christi
796 4456 1095 4524 proprium
1129 4458 1219 4508 est
1239 4455 1669 4525 quodammodo
1693 4472 1797 4526 per
1815 4457 1968 4528 figu-

2008 3171 2061 3236 Ο

2098 1880 2409 1950 quemdam
2430 1881 2665 1935 modum
2697 1880 2845 1934 fides
2877 1885 2988 1935 est.
3014 1880 3264 1934 Offendit
3308 1881 3499 1935 adhuc
3537 1882 3761 1936 Beren-

2095 1969 2327 2041 garium
2357 1972 2599 2023 sanctus
2634 1970 2863 2038 Petrus,
2899 1969 2969 2022 de
3010 1969 3255 2023 Domino
3293 1969 3535 2024 dicens:
3584 1970 3762 2034 Quem

2097 2061 2325 2128 oportet
2339 2058 2543 2111 caelum
2556 2059 2863 2128 suscipere
2879 2074 3055 2129 usque
3068 2059 3129 2111 in
3150 2065 3409 2128 tempora
3426 2059 3760 2113 restitutio-

2096 2146 2192 2199 nis
2205 2146 2623 2216 omnium(Act.
2641 2148 2744 2215 ιιι).
2771 2146 2830 2200 Si
2848 2162 3037 2217 usque
3060 2147 3117 2201 in
3141 2148 3335 2215 finem,
3352 2148 3429 2201 ait
3454 2147 3759 2218 Berenga-

2095 2234 2242 2303 rius,
2264 2235 2411 2288 caelo
2437 2235 2662 2304 suscipi
2684 2235 2875 2303 debet,
2914 2251 3211 2305 nunquam
3248 2236 3320 2289 de
3347 2236 3495 2289 ccelo
3527 2236 3665 2305 exit,
3703 2240 3761 2290 ut

2096 2321 2154 2375 in
2176 2323 2350 2376 terris
2368 2324 2680 2394 aliquando
2699 2323 2883 2378 teneri
2924 2325 3135 2393 possit.
3175 2325 3314 2378 .Nos
3366 2324 3757 2378 credebamus

2097 2409 2395 2465 Christum
2418 2413 2474 2465 in
2495 2412 2643 2466 coelo
2665 2428 2951 2485 regnare;
2984 2414 3095 2467 iste
3119 2428 3259 2467 vero
3293 2414 3368 2466 ita
3399 2412 3759 2467 incarcerari

2098 2503 2160 2553 ut
2175 2500 2405 2554 etiamsi
2425 2499 2563 2553 velit
2582 2500 2969 2570 corporaliter
2985 2515 3175 2571 usque
3202 2501 3262 2553 in
3278 2501 3453 2554 finem
3503 2500 3757 2555 miseras

2097 2604 2213 2642 non
2231 2589 2419 2658 possit
2440 2591 2629 2642 terras
2660 2590 2875 2643 visere.
2902 2588 2973 2643 Et
3002 2590 3375 2661 Augustinus
3417 2588 3473 2641 in
3495 2588 3647 2643 libro
3674 2589 3759 2643 De

2097 2676 2330 2730 civitate
2353 2675 2458 2730 Dei
2489 2676 2627 2729 dicit
2657 2677 2779 2746 (lib.
2805 2695 2949 2746 xxii,
2977 2678 3077 2731 ult.
3108 2678 3260 2749 cap.)
3285 2693 3759 2748 unumquemque

2093 2768 2436 2819 sanctorum
2458 2767 2530 2819 ad
2556 2770 2770 2821 tantam
2796 2767 3042 2839 gloriam
3060 2773 3500 2837 perventurum,
3527 2770 3589 2821 ut
3624 2767 3761 2821 ubi-

2090 2871 2322 2925 cunque
2345 2856 2498 2909 volet
2522 2872 2669 2910 suus
2694 2857 2959 2927 spiritus,
2995 2857 3269 2911 continuo
3301 2856 3377 2910 sit
3423 2860 3478 2910 et
3508 2871 3754 2926 corpus.

2087 2943 2158 2999 Et
2189 2945 2589 3015 Berengarius
2620 2947 2837 2999 asserit
2877 2946 3174 3000 Christum
3204 2946 3275 3000 ad
3308 2948 3525 2999 tantam
3568 2945 3759 3015 impo-

2088 3035 2327 3087 tentiam
2351 3033 2670 3087 devenisse
2701 3037 2762 3087 ut
2781 3035 2879 3104 qui
2912 3035 2983 3088 de
3014 3038 3174 3088 terra
3199 3049 3371 3088 suum
3395 3049 3614 3102 corpus
3639 3033 3755 3088 cle-

2087 3124 2246 3177 vavit
2272 3124 2342 3176 ad
2377 3124 2611 3191 ctelum,
2645 3139 2761 3177 non
2792 3124 2984 3194 possit
3002 3123 3143 3176 illud
3167 3137 3355 3193 usque
3380 3123 3437 3175 in
3463 3122 3638 3175 tinem
3659 3123 3753 3176 vel

2089 3213 2159 3266 ad
2190 3212 2396 3266 horam
2442 3212 2690 3266 reddere
2723 3213 2917 3266 terris.
2950 3211 2996 3265 Ο
3038 3212 3280 3264 nimium
3313 3227 3472 3264 eatea
3504 3211 3754 3281 vanitas,

2088 3304 2144 3356 et
2174 3317 2326 3355 vana
2372 3302 2610 3355 caecitas
2636 3299 2648 3355 l
2670 3300 2811 3366 Quis
2826 3301 2992 3355 enim
3011 3301 3349 3371 quotidiana
3373 3315 3487 3354 usu
3504 3299 3756 3369 loquens

2038 3388 2049 3413 ‘
2087 3391 2283 3445 dicere
2317 3386 2561 3444 metuat:
2588 3389 2697 3444 Tot
2725 3389 3052 3459 mensibus,
3084 3389 3176 3443 vel
3209 3392 3290 3443 tot
3317 3389 3490 3443 annis
3522 3388 3580 3442 in
3614 3388 3758 3459 civi.-

2084 3483 2200 3534 tate
2223 3480 2318 3533 illa
2350 3480 2564 3532 mansit
2596 3478 2714 3547 ille,
2748 3478 2974 3533 etiamsi
3008 3478 3265 3549 quotidie
3293 3478 3365 3531 ad
3401 3493 3550 3547 opus
3582 3492 3755 3531 suum

2086 3569 2158 3624 de
2188 3569 2407 3623 ambitu
2438 3563 2607 3622 exeat
2636 3567 2943 3621 civitatis?
2988 3567 3051 3619 In
3097 3566 3417 3643 Evangelio
3467 3566 3538 3620 de
3589 3566 3758 3619 Anna

2089 3656 2373 3725 scriptum
2404 3660 2495 3710 est
2524 3657 2659 3727 quia
2682 3671 2798 3710 non
2822 3656 3166 3710 discedebat
3211 3655 3284 3709 de
3321 3655 3535 3725 templo
3585 3654 3750 3722 (Luc.

2089 3760 2171 3813 ιι),
2202 3761 2336 3798 cum
2368 3749 2560 3799 tamen
2592 3746 2816 3816 saepius
2847 3745 3004 3798 illam
3036 3745 3360 3814 corporalis
3417 3744 3753 3796 necessitas

2090 3837 2382 3889 avocaret.
2397 3834 2520 3898 Qua
2542 3816 2779 3903 prepter
2799 3834 2851 3887 si
2866 3833 2937 3887 ad
2959 3836 3152 3887 terras
3175 3833 3473 3887 Christum
3496 3832 3756 3901 quotidie

2090 3923 2472 3993 corporaliter
2499 3921 2863 3977 descendere
2896 3923 3252 3989 diceremus,
3285 3921 3441 3975 beati
3468 3921 3627 3973 Petri
3654 3936 3754 3991 0p-

2088 4012 2277 4083 posita
2308 4012 2479 4065 nobis
2510 4011 2796 4064 sententia
2830 4027 2945 4064 non
2975 4012 3237 4064 obesset.
3285 4008 3401 4062 Sed
3441 4010 3597 4063 absit
3640 4009 3754 4063 hoc

2090 4117 2123 4155 a
2152 4100 2618 4155 Christianorum
2650 4100 2956 4170 prudentia
2989 4142 3002 4168 ,
3036 4103 3098 4153 ut
3141 4098 3230 4152 sic
3272 4097 3538 4150 dicamus
3577 4094 3754 4150 Chri-

2090 4193 2246 4244 stum
2299 4190 2357 4242 in
2412 4189 2592 4242 terris
2651 4188 3009 4257 sacriﬁcari,
3071 4188 3163 4240 vel
3235 4185 3616 4253 manducari,
3689 4190 3751 4238 ut

2087 4278 2432 4332 necessario
2463 4277 2693 4331 interim
2723 4277 2958 4331 deserat
2989 4276 3193 4329 oculos.
3229 4276 3360 4344 Ipse
3407 4288 3660 4344 namque
3690 4272 3751 4326 in

2084 4367 2252 4422 caelis
2277 4370 2432 4421 totus
2453 4371 2563 4435 est,
2589 4367 2725 4419 dum
2749 4369 2929 4419 totum
2952 4380 3170 4433 corpus
3193 4362 3326 4434 ejus
3347 4378 3485 4417 vere
3509 4362 3754 4416 mandu-

2083 4457 2321 4511 caturin
2341 4455 2537 4509 terris.
2563 4455 2727 4519 Quod
2757 4470 2873 4508 non
2913 4469 3051 4507 esse
3102 4452 3438 4507 habendum
3487 4451 3750 4505 incredi-

291 4541 593 4595 remillud
626 4558 843 4612 corpus
885 4523 1104 4597 Christi
1150 4523 1324 4614 cujus
1375 4550 1466 4597 est
1505 4523 1960 4616 sacramentum,
2003 4523 2196 4600 Dbile
2227 4562 2300 4599 ex
2332 4546 2544 4599 virtute
2575 4545 2788 4599 divinae
2816 4543 3112 4613 potentiae,
3166 4547 3222 4596 et
3267 4557 3342 4595 ex
3388 4540 3749 4611 supradictis

291 4629 453 4698 quod
484 4634 574 4683 est
598 4630 883 4685 Ecclesia.
918 4632 1042 4686 Nec
1074 4633 1285 4687 mirum
1325 4650 1456 4687 cum
1505 4635 1632 4703 ipse
1680 4635 1964 4689 Dominus

292 4733 402 4787 per
421 4719 767 4788 prophetam
791 4721 974 4775 dicat:
1002 4720 1348 4776 Indumenta
1353 4723 1386 4792 j
1393 4724 1510 4776 usti
1516 4724 1612 4776 tiae
1630 4724 1963 4777 circumde-

294 4806 386 4860 dit
422 4824 534 4876 me,
563 4810 731 4880 quasi
760 4825 1033 4879 sponsum
1070 4810 1410 4866 decoratum
1442 4828 1676 4881 corona,
1710 4819 1768 4867 et
1798 4814 1966 4884 quasi

292 4910 565 4964 sponsam
599 4902 863 4950 ornatam
892 4898 1212 4953 monilibus
1240 4900 1369 4953 suis
1399 4899 1538 4966 (Isa.
1563 4904 1703 4966 ixi).
1730 4901 1805 4955 Se
1826 4902 1966 4955 dicit

290 5000 602 5053 sponsum,
626 4987 760 5055 quia
790 4987 915 5055 ipse
938 4987 1210 5057 Sponsus
1238 4991 1347 5055 est,
1388 5004 1453 5041 se
1484 4988 1624 5041 dicit
1654 5005 1958 5059 sponsam,

288 5072 427 5142 quia
459 5074 587 5142 ipse
606 5076 1143 5144 estquodammodo
1176 5075 1317 5129 illud
1346 5092 1561 5146 corpus
1585 5093 1777 5144 suum,
1805 5078 1959 5148 quod

288 5165 384 5214 est
411 5161 700 5232 Ecclesia,
727 5164 901 5232 cujus
921 5165 1049 5234 ipse
1081 5169 1173 5218 est
1190 5169 1646 5219 sacramentum.
1672 5165 1835 5219 Hanc
1868 5167 1959 5220 in-

290 5250 675 5321 telligentiam
704 5253 874 5306 nobis
897 5254 1202 5322 aptissime
1234 5254 1553 5307 similitudo
1581 5258 1783 5308 secuta
1805 5271 1959 5309 com-

290 5340 546 5392 mendat.
582 5341 743 5394 Sicut
775 5342 930 5394 enim
960 5342 1212 5397 dicimus
1246 5344 1545 5412 proprium
1574 5358 1790 5412 corpus
1843 5345 1961 5398 Do-

289 5427 706 5495 mini,alterius
730 5430 823 5483 sui
847 5432 1134 5501 corporis,
1156 5432 1311 5502 quod
1337 5435 1428 5484 est
1443 5431 1730 5498 Ecclesia,
1749 5448 1954 5486 sacra-

286 5520 567 5585 mentum,
609 5518 696 5571 sic
726 5518 1084 5589 baptismum
1115 5520 1435 5589 visibilem,
1469 5521 1711 5574 alterius
1744 5521 1958 5575 invisi-

284 5605 450 5671 bilis,
478 5606 705 5661 scilicet
733 5607 1030 5679 baptismi,
1056 5610 1480 5682 cognoscimus
1498 5612 1953 5666 sacramentum.

2081 4634 2389 4704 exemplis,
2420 4635 2648 4687 scilicet
2664 4634 2830 4687 vocis
2853 4635 2909 4686 et
2951 4633 3161 4686 animae
3196 4631 3343 4684 satis
3388 4630 3558 4684 facile
3587 4644 3750 4684 com-

2080 4724 2315 4795 probari
2335 4726 2545 4791 potest.
2578 4720 2722 4786 Quis
2745 4738 2885 4776 vero
2902 4722 3089 4775 risum
3120 4724 3322 4775 tenere
3359 4721 3487 4790 jam
3538 4718 3748 4786 valeat,

2082 4812 2328 4865 audiens
2349 4810 2775 4881 Berengarium
2809 4810 2936 4877 ipsa
2960 4808 3192 4863 Domini
3219 4809 3400 4863 verba
3430 4808 3505 4861 de
3538 4822 3742 4860 sacra-

2081 4903 2293 4956 mentis
2324 4901 2802 4968 interpretantem
2832 4900 2861 4951 ?
2914 4919 2933 4942 ιι
2968 4898 3116 4966 Hoc,
3150 4897 3361 4967 inquit,
3394 4897 3744 4951 necessario

2082 4990 2271 5059 panis,
2321 4992 2416 5043 est
2470 5003 2687 5058 corpus
2744 5003 2959 5056 meum,
3003 4992 3058 5041 et
3090 4987 3185 5040 hic
3216 4985 3370 5039 calix
3400 4985 3747 5039 necessario

2083 5080 2337 5132 vinum.»
2385 5077 2966 5147 Oimpndentissima
3009 5076 3352 5143 stultitia,et
3372 5074 3615 5127 nimium
3634 5090 3740 5142 pa-

2082 5172 2233 5234 tens,
2267 5183 2374 5221 nec
2396 5167 2534 5237 quid
2565 5166 2738 5233 dicat,
2761 5182 2866 5218 nec
2902 5181 3165 5235 ginrsuin
3186 5164 3380 5217 tendat
3407 5161 3706 5237 aspiciens
3732 5160 3743 5215 l

2078 5259 2219 5323 Quae
2252 5259 2342 5310 est
2370 5256 2523 5310 enim
2555 5255 2651 5307 hic
2682 5255 3034 5321 necessitas,
3083 5257 3142 5307 ut
3190 5236 3582 5307 subaudiatur
3631 5256 3747 5305 tam

2079 5345 2421 5401 necessario
2442 5344 2611 5414 panis
2635 5346 2689 5396 et
2706 5344 2928 5411 vinum,
2952 5358 3083 5396 cum
3109 5342 3300 5411 possit
3326 5345 3565 5394 econtra
3599 5356 3747 5393 con-

2074 5450 2223 5505 grue
2241 5434 2386 5487 dici:
2413 5433 2543 5497 hoc,
2572 5432 2860 5485 subaudis
2883 5448 3118 5499 corpu.~,
3146 5432 3163 5501 0'
3190 5451 3200 5481 ι
3256 5456 3257 5461 η
3298 5452 3323 5481 :2
3352 5448 3408 5482 ut
3432 5431 3623 5505 panis,
3644 5431 3738 5482 est

2073 5538 2292 5592 corpus
2311 5537 2503 5575 meum
2531 5524 2619 5588 ;et
2644 5520 2735 5573 hic
2754 5519 3161 5586 subaudiatur,
3205 5520 3424 5588 potius,
3451 5518 3576 5588 jam
3621 5532 3739 5570 non

2070 5610 2572 5679 vinum,cstcalix
2590 5608 2901 5682 sanguinis
2920 5607 3187 5662 mei?\’cl
3234 5610 3387 5661 certe
3424 5608 3543 5661 91¢:
3589 5604 3739 5673 Hoc,
3776 5676 3795 5689 .
