4134 6174
494 237 650 300 1467

1429 198 1916 307 GUITMUNDI
1962 242 2497 307 ARCHIEPISC.
2548 243 2977 307 AVERSANI
3060 210 3073 216 ’

3720 255 3835 317 1468

494 453 881 508 subaudiatur
907 453 1195 508 hactenus
1225 454 1411 523 panis,
1437 469 1513 507 ex
1543 446 1654 507 hoc
1679 452 1804 522 jam
1828 457 1917 507 est
1935 469 2152 523 corpus
2185 438 2250 497 Ᾱ⁸
2270 458 2592 525 capiamus.
2626 458 2774 523 Quid
2794 460 2823 513 ‘?
2863 460 2924 514 In
2957 458 3151 514 futuro
3184 475 3323 532 ergo
3354 462 3561 516 saeculo
3591 477 3772 532 corpus
3798 470 3839 521 et

493 557 709 609 meum,
742 557 858 595 non
899 544 1110 613 panis;
1162 544 1216 596 et
1258 543 1351 595 hic
1398 542 1568 608 calix,
1623 542 2008 596 subaudiatur
2053 542 2155 595 ha-

495 613 704 684 ctenu‘s
737 631 957 698 vinum,
992 646 1065 684 ex
1098 631 1208 684 hoc
1234 630 1356 701 jam
1399 635 1490 684 est
1531 630 1782 701 sanguis
1815 645 2003 697 meus,
2038 646 2156 684 non

492 720 715 772 vinum.
739 718 843 772 Vel
869 722 1025 773 certe
1048 720 1136 773 sic
1168 720 1394 789 absque
1427 721 1559 773 istis
1591 720 2109 773 subauditionibus
2138 735 2148 772 :

493 806 609 860 hoc
641 806 796 860 enim
826 822 1150 875 pronomen
1198 824 1311 861 non
1345 812 1433 862 est
1482 808 1554 861 ad
1586 809 1923 878 supradicta
1954 808 2152 862 relati-

493 896 762 959 vum,sed
779 896 1181 950 tantummodo
1196 898 1735 954 demonstrativum,
1756 897 1825 949 Et
1840 896 1968 950 idco
1982 896 2151 966 panis

495 988 551 1036 et
580 984 781 1037 vinum
827 1000 960 1054 quas
1000 1000 1178 1053 supra
1210 985 1268 1037 in
1314 985 1636 1057 Evangelio
1668 988 1958 1040 nominata
1989 991 2148 1053 sunt,

495 1072 655 1125 nulla
686 1071 781 1125 hic
802 1072 1156 1126 necessitate
1180 1073 1630 1128 subaudiuntur.
1657 1076 1783 1129 Jam
1810 1077 2151 1133 miscretme

492 1160 674 1227 illius,
701 1160 1064 1214 eterubesco
1090 1178 1193 1230 pro
1237 1161 1355 1215 illo.
1400 1163 1545 1227 Quis
1583 1164 1756 1232 enim,
1784 1165 1896 1218 nisi
1937 1167 2155 1235 seipse

494 1247 569 1299 ita
590 1246 888 1315 proderet,
913 1246 1046 1317 ejus
1066 1248 1322 1307 nominis
1346 1251 1534 1303 virum
1561 1256 1673 1304 tam
1692 1253 1995 1321 pueriliter
2021 1270 2154 1324 gar-

491 1336 633 1402 rire,
666 1337 721 1389 et
750 1337 865 1388 tam
898 1335 1107 1391 frivole
1153 1338 1423 1408 desipere
1454 1342 1699 1395 credere
1741 1344 1996 1410 posset?
2040 1343 2154 1397 Sed

494 1424 799 1478 videamus
836 1439 941 1494 per
977 1425 1085 1479 has
1129 1431 1244 1479 tam
1276 1430 1650 1483 necessarias
1682 1430 2154 1501 subauditiones,

496 1515 693 1566 tantus
725 1512 821 1566 hic
844 1514 1242 1583 ratiocinator,
1284 1532 1398 1586 quo
1422 1521 1777 1587 pervenerit,
1800 1521 1937 1591 quid
1960 1522 2159 1575 confe-

499 1601 663 1669 cerit,
704 1601 843 1670 quid
889 1603 1223 1657 obtinuerit.
1262 1605 1406 1669 Hoc,
1443 1607 1646 1676 inquit,
1702 1612 1759 1661 ut
1791 1616 2158 1664 sacramenta

497 1688 701 1742 altaris
726 1690 893 1757 panis
919 1690 1145 1744 dicatur
1166 1695 1219 1745 et
1251 1693 1471 1747 vinum.
1504 1696 1759 1750 Huccine
1796 1699 1976 1768 igitur
2002 1702 2158 1753 totus

2269 547 2616 616 sanguinem
2650 547 2880 601 Domini
2928 564 3064 602 vere
3096 552 3152 602 et
3184 550 3502 603 subtantive
3530 552 3839 607 manducabi-

2270 636 2442 688 mus?
2467 635 2592 689 Hoc
2615 638 2828 706 quippe
2854 641 3051 691 oratur
3074 642 3134 691 ut
3151 637 3209 690 id
3242 638 3391 707 quod
3412 654 3551 691 nunc
3569 641 3740 707 specie
3764 658 3840 711 ge-

2271 722 2478 792 rimus,
2505 725 2786 796 quidquid
2811 725 2950 779 illud
2992 727 3087 793 sit,
3127 726 3267 779 illud
3290 726 3435 779 idem
3460 727 3512 780 in
3542 729 3749 783 veritate
3778 747 3846 782 ca-

2273 812 2524 879 piamus.
2576 811 2787 884 Quare,
2832 814 2882 867 si
2930 829 3168 883 semper
3211 814 3267 866 in
3300 814 3409 867 hoc
3439 816 3639 868 saeculo
3676 831 3844 885 corpus

2278 898 2518 968 Christi,
2544 904 2604 953 ut
2623 904 2684 955 tu
2716 902 2954 972 deliras,
2993 904 3213 973 specie,
3246 903 3303 956 id
3333 907 3439 971 est,
3470 903 3749 957 umbratica
3774 921 3846 958 co-

2280 989 2598 1058 medimus;
2633 993 2835 1059 restat,
2874 992 3095 1046 utillud
3121 991 3180 1046 in
3196 992 3376 1045 altero
3409 991 3611 1044 saeculo
3631 993 3846 1045 substan-

2280 1078 2394 1131 tive
2437 1078 2837 1133 comedamus.
2887 1078 3049 1144 Quod
3082 1082 3135 1134 si
3166 1081 3385 1134 sentire
3429 1078 3846 1134 absurdissimum

2275 1170 2386 1233 est,
2420 1183 2593 1237 quam
2622 1167 2971 1222 stultissime
3002 1168 3404 1238 interpretaris
3432 1168 3717 1222 orationem
3735 1184 3849 1236 prte-

2279 1255 2512 1325 dictam,
2528 1256 2653 1326 jam
2675 1272 2783 1310 nec
2808 1257 3056 1325 teipsum
3081 1258 3258 1311 latere
3281 1259 3432 1326 puta.
3470 1257 3511 1308 Α
3533 1257 3695 1324 capite
3716 1257 3849 1327 igitur

2279 1345 2560 1398 orationis
2591 1344 2728 1415 quid
2746 1345 2885 1399 velit
2904 1344 3204 1415 Scriptura
3228 1346 3445 1413 dicere,
3475 1344 3849 1415 diligentissime

2276 1433 2602 1487 videamus.
2624 1434 2933 1487 Perficicn‘,
2967 1434 3018 1485 ir.
3043 1434 3237 1503 nobis,
3268 1449 3619 1505 quaesumus,
3642 1432 3846 1500 Domine,

2273 1524 2369 1574 tua
2414 1524 2781 1576 sacramenta
2821 1522 2977 1593 quod
3026 1522 3346 1576 continent.
3379 1522 3556 1590 Supra
3593 1520 3699 1591 jam
3736 1521 3851 1573 dixi-

2274 1627 2426 1679 mus,
2460 1612 2516 1663 et
2544 1611 2695 1664 beati
2740 1611 2990 1680 apostoli
3022 1611 3184 1665 Pauli
3220 1610 3421 1665 verbis
3450 1609 3849 1681 approbavimus,

2273 1699 2431 1769 quod
2461 1699 2658 1753 divina
2690 1703 3056 1753 sacramenta
3079 1702 3360 1753 unitatem
3392 1699 3643 1768 corporis
3668 1696 3850 1761 Christi,

498 1777 781 1832 laborille
801 1779 1116 1833 tendebat?
1139 1782 1222 1834 Ad
1247 1782 1355 1834 hoc
1380 1784 1568 1837 solum
1598 1787 1669 1838 ita
1690 1789 1744 1840 te
1765 1787 2077 1856 profudisti
2102 1793 2162 1842 ut
2198 1811 2245 1871 Β
2275 1803 2407 1857 quae
2440 1791 2533 1840 est
2561 1786 2851 1856 Ecclesia,
2883 1787 3269 1857 disiguarent,
3309 1792 3364 1841 et
3402 1787 3509 1841 hoc
3539 1790 3620 1839 est
3644 1785 3766 1855 quod
3791 1785 3852 1836 si-

500 1881 610 1920 nec
642 1870 755 1920 tua:
788 1870 1075 1921 senectuti
1111 1885 1390 1939 parceres
1413 1873 1553 1942 quin
1574 1878 1645 1943 le,
1675 1892 1779 1943 pro
1798 1876 2161 1946 disputatore

497 1955 742 2025 egregio
776 1955 1375 2012 ealomniosissimum
1412 1962 1829 2032 cavillatorcm,
1866 1982 1973 2035 pro
2013 1983 2162 2021 con-

501 2045 794 2097 structore
816 2044 1979 2122 perito,qualiumcunquepanniculorum
2010 2056 2166 2111 iner-

501 2129 798 2184 tissimum
819 2137 873 2185 et
892 2134 1321 2202 ineptissimum
1343 2142 1673 2193 assutorcm
1690 2141 2163 2199 demonstrares‘?

501 2217 647 2282 Quis
680 2220 833 2273 enim
866 2221 923 2274 id
957 2225 1180 2293 negat?
1230 2225 1373 2289 Quis
1407 2243 1519 2280 non
1556 2229 1610 2281 id
1647 2230 1897 2285 libenter
1928 2232 2160 2303 fatetur,

502 2307 658 2377 quod
690 2315 1055 2364 sacramenta
1094 2313 1410 2368 Dominicw
1455 2332 1675 2372 mensa:
1708 2324 1864 2374 recte
1904 2321 2072 2390 panis
2102 2325 2157 2375 et

503 2396 703 2450 vinum
734 2402 1037 2469 vocantur,
1073 2402 1161 2454 vel
1187 2404 1320 2472 quia
1344 2405 1510 2473 panis
1542 2410 1598 2459 et
1629 2408 1823 2462 vinum
1846 2411 2008 2479 prius
2032 2411 2156 2465 fue-

505 2488 657 2552 runt,
680 2486 771 2540 vel
803 2488 938 2557 quia
961 2490 1129 2557 panis
1161 2495 1216 2545 et
1256 2493 1375 2545 vini
1408 2495 1847 2551 similitudinem
1881 2502 2156 2555 substan-

501 2572 717 2627 tialitcr
745 2579 1127 2658 transmutata
1157 2586 1394 2634 servant
1415 2584 1441 2635 ἱ)
1470 2583 1567 2638 Sic
1599 2602 1848 2657 namque
1882 2604 2152 2661 serpens,

506 2661 603 2730 qui
645 2662 715 2715 de
762 2664 935 2735 virga
978 2665 1166 2721 factus
1200 2674 1310 2739 est,
1359 2671 1525 2743 virga
1574 2674 1808 2729 dicitur.
1861 2676 2158 2749 Scriptum

505 2751 718 2821 quippe
750 2756 841 2807 est
874 2770 884 2807 :
922 2754 1008 2808 De
1023 2760 1249 2811 voravit
1288 2760 1455 2832 virga
1485 2762 1688 2817 Aaron
1729 2765 1930 2835 virgas
1963 2783 2163 2823 eorum

505 2838 721 2907 (Exod.
758 2845 879 2911 vn),
913 2843 971 2898 id
1005 2849 1113 2909 est,
1148 2862 1398 2917 serpens
1417 2851 1608 2919 quide
1640 2853 1809 2924 virga
1843 2856 2042 2910 Aaron
2072 2856 2165 2912 fa-

508 2930 639 2982 ctus
678 2928 887 3000 fuerat,
924 2939 1233 3002 serpentes
1266 2953 1488 2992 eorum.
1533 2939 1629 2993 Sic
1655 2941 1827 2997 homo
1869 2945 2003 3014 quia
2030 2946 2165 3001 inde

505 3015 698 3071 factus
723 3022 833 3087 est,
871 3037 1031 3091 saepe
1067 3026 1239 3090 terra,
1277 3029 1332 3079 et
1361 3027 1574 3097 pulvis,
1605 3033 1660 3083 et
1697 3031 1884 3085 lutum
1922 3039 2167 3089 vocatur

505 3103 603 3159 Sic
634 3107 804 3160 etiam
836 3114 1078 3180 prOpter
1124 3113 1564 3171 similitudinem
1605 3119 1743 3173 dicit
1792 3120 2113 3190 Apostolus
2149 3140 2160 3179 :

506 3194 694 3249 Petra
710 3203 840 3250 erat
858 3198 1203 3271 ChristusU
1222 3204 1355 3258 Cor.
1385 3207 1465 3274 x).
1493 3206 1563 3259 Et
1585 3208 1642 3261 in
1661 3208 1878 3264 Psalm.
1901 3212 2159 3267 canitur:

504 3282 635 3354 Ego
664 3300 790 3338 sum
829 3289 1049 3343 vermis
1074 3296 1133 3344 et
1157 3307 1267 3345 non
1298 3294 1464 3348 homo
1494 3295 1679 3365 (Psal.
1707 3302 1846 3367 xxi),
1874 3314 2005 3353 cum
2031 3301 2167 3356 sub-

504 3373 853 3429 stantialitcr
885 3382 1046 3431 esset
1088 3378 1280 3448 homo,
1324 3383 1451 3437 sola
1493 3384 1873 3442 similitudine
1917 3390 2162 3444 vermis.

505 3458 603 3513 Sic
633 3462 784 3516 ultra
817 3479 1124 3520 numerum
1154 3469 1264 3522 alia
1296 3470 1491 3526 multa.
1527 3472 1589 3527 Si
1621 3475 1801 3546 igitur
1837 3478 2034 3532 multae
2064 3493 2162 3532 res

505 3552 748 3617 prepter
795 3551 1002 3606 harum
1052 3572 1365 3611 causarum
1407 3561 1667 3630 alteram,
1716 3568 1874 3618 recte
1920 3566 2164 3621 aliarum

507 3650 707 3690 rerum
737 3637 913 3711 longe
960 3642 1332 3700 diversarum
1378 3650 1681 3705 vocabulis
1727 3659 2162 3727 nuncupantur,

506 3727 724 3792 quanto
758 3729 946 3799 magis
968 3738 1337 3789 sacramenta
1368 3743 1572 3794 nostra
1594 3744 1833 3811 propter
1856 3747 2165 3813 utramque

506 3811 657 3865 hanc
690 3830 948 3885 causam,
1001 3825 1158 3875 recte
1187 3825 1355 3891 panis
1408 3831 1462 3880 et
1504 3829 1702 3883 vinum
1745 3830 1859 3885 dici
1889 3836 2163 3903 possunt,

507 3914 703 3954 rerum
736 3904 1009 3962 videlicet
1039 3926 1171 3980 quae
1203 3912 1439 3969 fuerunt
1470 3918 1705 3972 multam
1737 3921 2046 3975 retinentia
2077 3912 2165 3976 si-

507 3987 912 4063 militudinem,
949 4012 1080 4051 cum
1112 4002 1578 4060 substantialitcr
1610 4010 1843 4079 preprie
1874 4010 2164 4065 Dominici

507 4080 776 4148 corporis
809 4086 864 4136 et
896 4088 1207 4158 sanguinis
1238 4092 1470 4147 teneant
1500 4098 1802 4152 veritatem
1823 4100 1852 4153 ‘?

576 4170 706 4224 Jam
739 4189 893 4228 nunc
927 4176 1069 4230 illud
1101 4180 1257 4248 quod
1288 4166 1711 4240 ecclesiasticae
1739 4188 2023 4243 orationis
2056 4206 2161 4243 au-

510 4262 772 4316 ctoritate
805 4279 870 4318 se
904 4268 1196 4321 conficere
1242 4271 1639 4345 Berengarius
1679 4276 1924 4346 jactitat,
1962 4279 2166 4333 videa-

509 4363 676 4404 mus:
704 4372 725 4397 α
746 4350 1032 4423 Ecclesia,
1077 4356 1284 4426 inquit,
1311 4359 1368 4412 in
1395 4361 1575 4415 missa
1608 4364 1857 4433 quadam
1880 4366 1954 4419 ita
1996 4369 2122 4419 orat
2150 4382 2162 4421 :

511 4437 822 4493 Perficiant
853 4442 910 4494 in
961 4445 1156 4511 nobis,
1204 4463 1570 4518 quaesumus,
1621 4453 1885 4523 Domine,
1929 4458 2023 4508 tua
2068 4471 2170 4509 sa-

2276 1875 2611 1948 gnificando
2643 1878 2960 1931 continent.
2998 1876 3122 1930 Hoc
3154 1877 3336 1947 igitur
3368 1878 3532 1946 rogat
3553 1873 3778 1928 Ecclesia
3794 1872 3853 1924 di-

2278 1981 2419 2019 cens
2453 1982 2464 2019 :
2501 1965 2814 2025 Perﬁciant
2846 1966 2904 2019 in
2934 1965 3126 2031 nobis,
3152 1980 3517 2036 quaesumus,
3543 1963 3765 2027 Domine,
3786 1964 3854 2012 tua

2280 2057 2650 2108 sacramenta
2680 2055 2833 2125 quod
2866 2056 3185 2121 continent,
3220 2054 3278 2108 id
3320 2058 3432 2123 est,
3460 2075 3481 2099 α
3500 2050 3795 2122 perﬁciant»
3815 2050 3857 2100 ut

2281 2159 2391 2196 nos
2423 2158 2563 2197 vere
2587 2144 2776 2197 simus
2800 2159 2975 2197 unum
3000 2142 3219 2196 Christi
3251 2158 3488 2212 corpus,
3514 2156 3617 2194 una
3634 2137 3859 2201 Ecclesia,

2282 2232 2436 2302 quod
2469 2232 2743 2286 videlicet
2791 2231 3129 2303 significant
3161 2246 3173 2285 :
3208 2235 3268 2285 ut
3311 2230 3466 2301 quod
3506 2244 3664 2296 nunc,
3701 2226 3747 2280 id
3776 2230 3855 2291 est,

2283 2322 2418 2375 dum
2468 2321 2891 2374 manducamus
2943 2336 3159 2390 corpus
3196 2319 3330 2373 Filii
3385 2319 3486 2385 tui,
3533 2316 3709 2387 specie
3748 2313 3859 2385 geri-

2284 2426 2436 2477 mus,
2470 2409 2526 2461 id
2560 2412 2669 2477 est,
2706 2409 2895 2480 ﬁgura
2926 2409 3069 2462 tanti
3103 2407 3455 2462 sacramenti
3490 2404 3860 2477 signiﬁcamus:

2284 2498 2395 2551 hoc
2418 2512 2613 2550 rerum
2640 2497 2881 2550 veritate
2914 2497 3234 2565 capiamus,
3268 2495 3329 2549 id
3363 2499 3472 2560 est,
3522 2507 3707 2546 revera
3732 2504 3859 2543 unum

2282 2584 2501 2640 Christi
2536 2602 2753 2655 corpus
2787 2588 2841 2639 et
2873 2601 2985 2639 una
3018 2584 3285 2638 Ecclesia
3322 2585 3527 2637 simus.
3561 2581 3681 2648 Iste,
3710 2577 3858 2643 credo,

2282 2675 2614 2728 intellectus
2672 2674 2982 2744 possibilis
3027 2677 3137 2737 est,
3179 2677 3236 2726 et
3279 2671 3593 2741 Scripturae
3636 2672 3713 2722 est
3758 2680 3860 2719 con-

2282 2763 2769 2817 venientissimus
2800 2765 2857 2817 et
2904 2762 3076 2816 nobis
3115 2760 3493 2828 utilissimus,
3536 2758 3675 2810 hunc
3706 2755 3859 2807 beatus

2281 2852 2500 2906 Paulus
2541 2852 2846 2920 apostolus
2877 2851 3236 2921 comprobat,
3271 2849 3415 2903 huic
3444 2847 3613 2901 totius
3641 2840 3859 2897 Ecclesia:

2280 2940 2430 2995 fides
2460 2940 2813 3008 concordat;
2846 2939 3172 2993 adversarii
3190 2953 3374 3006 porro
3397 2935 3678 2991 vesaniam
3698 2929 3860 2983 nullius

2278 3029 2600 3083 auctoritas
2646 3027 2859 3095 munit,
2909 3027 3015 3081 sed
3062 3026 3334 3080 Ecclesia
3385 3027 3501 3078 tota
3546 3026 3603 3076 ut
3639 3031 3861 3073 venenum

2279 3117 2650 3172 mortiferum
2681 3117 2852 3187 fugit.
2898 3116 3028 3169 Non
3058 3131 3194 3169 eum
3235 3114 3357 3168 ulla
3405 3125 3641 3184 prorsus
3679 3106 3858 3168 utilitas,

2280 3223 2397 3261 non
2431 3207 2618 3261 oratio
2651 3205 2779 3276 ipsa
2809 3204 3194 3272 commendat,
3228 3203 3339 3257 sed
3371 3199 3686 3256 absurditas
3712 3192 3863 3249 intole-

2284 3296 2510 3363 rabilis,
2544 3311 2677 3366 quaa
2709 3293 2871 3348 illum
2917 3293 3206 3363 sequitur,
3242 3293 3481 3344 omnino
3510 3288 3733 3342 recusat.
3759 3279 3860 3376 Quis

2284 3386 2464 3459 igitur
2493 3399 2597 3455 pro
2644 3383 2898 3452 bestiali,
2944 3397 3049 3452 pro
3094 3380 3473 3446 stultissimo,
3508 3378 3614 3430 imo
3657 3375 3860 3459 impossr

2282 3476 2385 3530 bili
2422 3489 2628 3542 sensu,
2674 3471 2967 3525 ullatenus
2999 3469 3206 3523 debeat
3234 3465 3527 3536 impediri,
3559 3478 3677 3519 cum
3709 3458 3860 3513 habent

2286 3561 2690 3619 rationabilem
2744 3565 2801 3615 et
2877 3557 3481 3629 congruentissimum
3548 3550 3860 3607 intellectum,

2285 3669 2355 3707 ac
2411 3650 2777 3721 sapientibus
2836 3647 3109 3701 omnibus
3158 3640 3671 3716 amplectendum?
3712 3636 3860 3690 Utrum

2285 3758 2429 3812 ergo
2456 3740 2577 3811 jam
2629 3739 2758 3793 lucc
2801 3736 3078 3791 sufﬁcere
3125 3736 3414 3802 aestimas,
3470 3747 3541 3786 an
3569 3728 3701 3783 adue
3744 3721 3862 3793 plura

2283 3830 2540 3902 requiris
2560 3830 2589 3883 ?

2956 3945 3271 3987 ROGERIUS.

2356 4042 2497 4097 Mihi
2521 4038 2692 4111 plane
2723 4040 2795 4095 ad
2826 4038 3124 4094 cumulum
3156 4038 3270 4090 ista
3301 4035 3617 4096 sufficiunt,
3636 4028 3864 4091 mirorque

2286 4132 2631 4188 haereticum
2661 4131 2791 4185 suis
2822 4126 3261 4197 objectionibus
3293 4124 3657 4195 prostratum,
3694 4131 3751 4170 ac
3771 4124 3865 4183 pro-

2282 4223 2432 4291 priis
2468 4220 2695 4275 retibus
2727 4218 3037 4272 irretitum.

2922 4335 3311 4376 GUITMUNDUS.

2358 4453 2499 4507 Haec
2530 4449 2763 4522 quidem
2797 4452 2935 4501 sunt
2964 4461 3095 4516 quae
3127 4460 3199 4498 ex
3220 4443 3390 4497 libris
3419 4440 3566 4495 beati
3592 4427 3862 4506 Augustini,

510 4533 806 4583 crementa
836 4533 991 4601 quod
1023 4536 1340 4606 continent,
1375 4540 1435 4592 ut
1466 4541 1621 4610 quod
1650 4558 1804 4595 nunc
1836 4545 2035 4612 specie
2061 4560 2168 4614 ge-
2209 4524 2255 4584 ί)
2284 4543 2375 4598 vel
2417 4557 2492 4595 ex
2522 4538 2754 4594 nomine
2806 4534 3183 4601 sacramenti,
3232 4548 3340 4586 seu
3371 4546 3444 4584 ex
3485 4526 3723 4583 oratione
3751 4532 3862 4614 Itum:

511 4616 717 4686 rimus,
744 4631 940 4673 rerum
966 4624 1209 4678 veritate
1240 4627 1561 4695 capiamus.
1592 4630 1698 4683 Hic
1740 4647 1887 4703 ergo
1911 4634 2167 4687 ostendit

512 4720 577 4759 se
596 4721 710 4760 non
731 4706 948 4763 habere
963 4726 1157 4765 rerum
1178 4715 1499 4787 veritatem,
1518 4719 1624 4773 sed
1639 4721 1952 4789 speciem.»
1978 4722 2164 4795 Heus,

509 4793 663 4848 bone
696 4796 1039 4867 intellector,
1076 4817 1342 4871 quarum,
1374 4806 1631 4876 inquam,
1660 4825 1853 4863 rerum
1885 4793 2169 4885 speciem,

513 4899 627 4938 non
649 4885 955 4942 veritatem
978 4892 1006 4944 ἱ)
1033 4891 1338 4963 Coaporis,
1363 4896 1618 4967 inquies,
1644 4901 1699 4952 et
1718 4899 2029 4969 sanguinis
2050 4901 2170 4955 Do-

511 4971 671 5025 mini.
694 4973 871 5030 Bene.
892 4977 1216 5033 Considera
1243 4996 1386 5053 ergo
1408 4984 1725 5055 diligenter
1754 4986 1910 5056 quod
1932 4986 2169 5059 dicitur,

512 5077 579 5115 ac
598 5063 740 5117 mihi
765 5066 1077 5136 responde.
1103 5067 1247 5134 Quid
1289 5073 1380 5125 est
1410 5074 1564 5143 quod
1598 5091 1753 5128 nunc
1772 5076 1973 5145 specie
2009 5076 2172 5146 geri»

515 5152 690 5204 mus?
711 5150 960 5223 Corpus,
984 5157 1238 5233 inquies,
1262 5159 1493 5215 Domini
1511 5165 1733 5233 specie,
1757 5180 1871 5219 non
1897 5164 2174 5219 substan-

515 5242 633 5298 tive
676 5245 1117 5305 manducamus.
1145 5249 1307 5306 Adde
1336 5254 1662 5324 sequentia.
1688 5254 1909 5309 Ilerum
1930 5254 2176 5309 veritate

2287 4632 2585 4698 discussa,
2611 4626 3035 4697 Berengarium
3065 4622 3199 4676 fidei
3226 4624 3446 4675 nostrae
3465 4616 3556 4687 obj
3566 4616 3703 4668 icere
3719 4607 3865 4702 solare

2291 4718 2705 4788 comperimus.
2739 4714 2803 4768 Si
2833 4729 2945 4783 qua
2975 4727 3115 4766 vero
3159 4710 3269 4763 alia
3302 4726 3378 4763 ex
3407 4707 3573 4761 beato
3602 4699 3864 4796 August???

2289 4780 2513 4880 objicit,
2556 4807 2615 4859 in
2647 4780 2869 4857 virtute
2900 4799 3084 4855 Chriti
3125 4798 3429 4852 conﬁdens
3473 4794 3594 4848 dico
3624 4789 3739 4861 quia
3766 4780 3864 4880 dili-

2292 4872 2944 4970 genter—animadversa,
2969 4892 3066 4942 aut
3096 4904 3200 4958 pro
3231 4887 3426 4951 nobis,
3454 4888 3545 4937 aut
3579 4892 3682 4934 non
3716 4872 3864 4970 eam

2290 4968 2401 5043 nos
2420 4980 2874 5040 erunt.Proinde
2897 4977 3310 5048 disputationis
3330 4973 3508 5045 hujus
3522 4968 3863 5059 liictertnin'l‘lln

2282 5074 2571 5129 faciamus
2593 5087 2660 5124 ea
2696 5085 2827 5140 quae
2858 5069 3081 5121 restant
3101 5062 3212 5118 ali'o
3238 5062 3418 5130 initio,
3447 5060 3499 5114 si
3536 5050 3753 5110 voluerit
3783 5044 3862 5097 Ι)οο

2283 5163 2502 5231 minus,
2527 5156 2902 5232 aggressuri.
