4134 6174
313 258 477 320 1469
589 256 700 318 DE
745 254 1171 318 CORPORIS
1217 255 1320 318 ET
1358 256 1603 318 SANG.
1653 255 1964 318 DOMINI
2003 255 2407 320 VERITATE
2447 254 2678 317 LIBRI
2721 254 2958 319 TRES.
3006 289 3082 301 —
3123 254 3279 316 LIB.
3326 255 3439 317 III.

3597 254 3760 319 1470

1485 413 3758 446 m

1271 536 1721 651 INCIPIT
1800 536 2160 651 LIBER
2235 535 2783 652 TERTIUS.

385 890 684 945 Hactenus
717 892 903 946 oratio
946 908 1036 962 ea,
1083 892 1301 963 quibus
1345 891 1729 947 adversarius
1780 892 1837 944 et
1872 904 1975 944 se-
2005 867 2066 929 Α
2096 888 2421 943 secundum
2454 889 2724 959 corporis
2739 890 2832 944 sui
2852 890 3435 963 substantiam,quod
3460 894 3758 949 ferebatur

310 978 569 1033 cundum
590 980 850 1035 rationes
871 984 926 1035 et
949 982 1275 1036 secundum
1293 981 1628 1051 Scripturas
1642 975 1847 1034 contra
1869 978 1978 1032 Ec-

312 1068 559 1122 clesiam
598 1068 909 1139 nitebatur,
966 1074 1312 1141 argumenta
1349 1069 1642 1124 dissolvit.
1689 1067 1979 1132 Quocirca

311 1155 576 1209 hostium
603 1157 916 1227 machinis,
950 1158 1072 1213 Deo
1095 1158 1430 1227 auxiliante,
1466 1157 1707 1227 copiose
1730 1156 1979 1210 frustra-

308 1244 412 1313 tis,
441 1244 615 1298 etiam
632 1246 684 1300 si
702 1246 783 1299 nil
813 1246 1065 1316 amplius
1086 1246 1462 1314 adderemus,
1496 1246 1623 1300 sola
1652 1244 1759 1299 tibi
1782 1243 1980 1298 catho-

307 1333 445 1387 licaa
477 1334 611 1388 ﬁdei
646 1334 926 1389 sufﬁcere
956 1334 1257 1406 generalis
1306 1334 1674 1390 consuetudo
1714 1332 1974 1387 deberet.

306 1421 413 1476 Illa
437 1423 594 1477 enim
624 1423 750 1477 sola
782 1424 1122 1478 ﬁrmissime
1152 1425 1403 1479 tenenda
1426 1426 1517 1478 est
1554 1423 1725 1491 ﬁdes,
1747 1421 1978 1476 etiamsi

302 1512 479 1565 valde
524 1512 919 1583 impugnetur,
964 1529 1098 1583 qua:
1142 1513 1430 1567 cathotica
1482 1516 1593 1566 est.
1630 1511 1977 1581 Quicunque

306 1601 467 1655 enim
500 1601 624 1654 vult
652 1601 857 1654 salvus
888 1616 1048 1669 esse,
1109 1602 1263 1655 sicut
1297 1602 1483 1655 sancti
1524 1600 1726 1653 Patres
1759 1614 1976 1652 sanxe-

304 1692 466 1755 runt,
501 1692 557 1746 et
585 1691 742 1742 totus
775 1690 1031 1743 concinit
1070 1689 1347 1759 mundus,
1382 1703 1635 1743 necesse
1673 1692 1764 1741 est
1795 1690 1856 1741 ut
1887 1691 1975 1741 te-

305 1782 444 1831 neat
470 1777 817 1831 catholicam
848 1777 1042 1832 ﬁdem.
1076 1777 1243 1842 Quod
1275 1780 1348 1848 si,
1383 1779 1743 1849 impugnata,
1776 1776 1974 1830 fortis-

306 1865 460 1919 sime
492 1865 793 1919 retinenda
812 1872 923 1933 est,
944 1872 1160 1936 quanto
1181 1868 1391 1938 magis,
1414 1867 1467 1921 si
1484 1867 1675 1921 omnia
1694 1881 1827 1936 quae
1855 1864 1976 1918 sibi

305 1958 681 2023 opponuntur
711 1971 1062 2026 expugnans
1103 1960 1263 2025 patet
1301 1957 1431 2025 ipsa
1470 1953 1971 2025 inexpugnabilis,

299 2042 640 2097 nullatenus
672 2044 1055 2114 relinquenda
1088 2046 1218 2098 est?
1249 2044 1363 2099 Sed
1395 2045 1671 2114 quoniam
1718 2046 1775 2097 et
1804 2041 1974 2095 valde

302 2132 487 2185 multa
517 2132 584 2185 ad
619 2133 983 2187 roborandas
1023 2133 1216 2187 adhuc
1254 2137 1452 2202 partes
1485 2136 1743 2199 nostras,
1772 2133 1829 2185 et
1866 2130 1973 2184 ad-

304 2220 710 2276 versariorum
732 2221 1072 2289 diruendas,
1094 2223 1216 2276 Deo
1236 2221 1501 2292 juvante,
1525 2221 1659 2275 addi
1698 2222 1968 2289 possunt,

2093 977 2152 1031 in
2199 977 2471 1032 manibus
2516 979 2667 1047 suis,
2704 980 2997 1048 quomodo
3028 980 3087 1034 id
3136 981 3432 1035 invenitur
3463 982 3523 1035 in
3561 998 3630 1036 eo
3660 998 3754 1037 se-

2092 1067 2348 1120 cundum
2408 1067 2713 1121 litteram?
2768 1068 3046 1139 Nunquid
3114 1070 3441 1123 secundum
3502 1070 3755 1124 litteram

2089 1154 2363 1209 Christus
2409 1160 2500 1209 est
2530 1159 2717 1226 petra,
2763 1161 2818 1211 et
2847 1157 2959 1226 leo,
3016 1160 3073 1212 et
3110 1174 3323 1230 agnus,
3373 1162 3429 1212 et
3476 1174 3752 1230 serpens,

2089 1258 2221 1297 cum
2236 1245 2312 1297 sit
2330 1244 2457 1299 hac
2476 1246 2667 1299 omnia
2692 1247 3018 1301 secundum
3038 1247 3287 1319 ﬁguram
3309 1248 3337 1301 ‘?
3356 1247 3611 1301 Minime.
3637 1246 3755 1301 Sed

2088 1331 2147 1385 in
2168 1331 2406 1387 Christo
2439 1333 2793 1403 invenimus,
2828 1335 3036 1406 inquit,
3070 1336 3363 1406 quomodo
3395 1336 3756 1406 intelligatur

2089 1422 2415 1475 secundum
2460 1423 2959 1477 litteram?Aliter
3007 1426 3161 1478 enim
3208 1425 3369 1478 nullo
3401 1424 3572 1478 modo
3606 1439 3753 1478 con-

2088 1510 2236 1563 strui
2265 1513 2458 1579 potest
2490 1512 2695 1580 oratio,
2748 1528 2880 1583 quae
2922 1512 2992 1566 de
3024 1512 3259 1566 Christo
3294 1513 3563 1566 concedit
3595 1512 3751 1582 quod

2087 1598 2158 1652 de
2191 1599 2373 1652 David
2404 1604 2743 1671 negaverat.
2792 1600 2923 1654 Non
2963 1602 3143 1672 igitur
3174 1604 3232 1655 ut
3262 1601 3357 1655 isti
3391 1601 3613 1669 volunt,
3647 1616 3750 1654 se-

2087 1688 2340 1742 cundum
2375 1689 2647 1759 figuram,
2682 1689 2786 1744 sed
2819 1690 3145 1744 secundum
3178 1690 3589 1744 substantiam.
3613 1688 3750 1742 Dili-

2084 1780 2313 1848 genter,
2375 1793 2600 1847 quaeso,
2661 1779 2848 1833 omnis
2906 1780 3166 1848 prudens
3223 1780 3408 1833 lector
3464 1778 3749 1846 advertat,

2086 1881 2259 1936 quam
2274 1866 2691 1921 efficacissime
2707 1868 2841 1921 hinc
2859 1870 3050 1921 omnia
3064 1868 3477 1922 haereticorum
3501 1867 3751 1922 istorum

2086 1953 2450 2023 sophismata
2480 1955 2887 2010 excludantur.

2154 2043 2454 2097 Ponamus
2486 2044 2661 2113 enim,
2703 2045 2754 2097 si
2787 2045 2996 2114 placet,
3039 2044 3194 2115 quod
3240 2044 3567 2100 adversarii
3612 2043 3751 2098 hinc

2086 2128 2281 2184 dicere
2313 2136 2582 2200 possunt,
2619 2135 2677 2185 ut
2709 2133 2847 2202 quid
2880 2134 3396 2203 scquaturclarius
3430 2134 3750 2187 elucescat.

2085 2216 2231 2271 Cum
2275 2219 2429 2272 enim
2476 2220 2589 2274 ait:
2630 2242 2651 2267 α
2689 2220 3011 2275 Ferebatur
3056 2221 3329 2276 Christus
3377 2222 3438 2275 in
3476 2223 3749 2277 manibus

301 2314 365 2362 et
395 2312 451 2363 te
482 2310 751 2364 sitienter
780 2326 849 2365 ea
871 2311 1215 2366 desiderare
1246 2313 1403 2364 certe
1427 2310 1574 2379 scio,
1613 2310 1728 2363 tuis
1759 2309 1971 2363 oratio-
2002 2304 2054 2366 Β
2087 2307 2235 2373 suis,
2269 2331 2288 2354 ιι
2325 2311 2381 2361 et
2403 2307 2612 2362 deinde
2635 2324 2646 2361 :
2672 2330 2693 2357 ε
2726 2308 2973 2364 Ferebat
2996 2310 3134 2363 illud
3160 2311 3451 2380 corpusin
3474 2311 3747 2365 manibus

303 2397 506 2465 nibus,
543 2399 789 2453 Domino
821 2398 996 2453 nobis
1028 2401 1281 2467 favente,
1308 2400 1379 2453 de
1403 2398 1625 2452 sanctis
1643 2397 1969 2468 Scripturis

297 2486 497 2540 adhuc
526 2488 719 2559 aliqua
750 2488 1142 2558 proferemus,
1168 2490 1386 2559 quibus
1413 2491 1468 2542 et
1487 2487 1677 2542 hostis
1703 2486 1970 2540 lubricus

299 2574 537 2644 plenius
566 2581 998 2646 prosternatur,
1033 2581 1090 2631 et
1109 2583 1332 2632 nostrae
1355 2577 1540 2647 partis
1565 2576 1746 2629 robur
1773 2574 1969 2628 invin-

301 2665 478 2718 cibile
492 2681 600 2735 per
615 2667 852 2736 propria
872 2670 1218 2737 argumenta
1236 2671 1438 2721 nostra
1457 2665 1709 2735 amplius
1731 2665 1968 2720 demon—

301 2756 543 2807 stretur.
570 2755 654 2807 Ac
684 2754 876 2825 primo
908 2755 1145 2825 quidem
1188 2755 1360 2825 juxta
1391 2754 1656 2808 ordinem
1685 2753 1970 2825 quaestio-

299 2859 464 2913 num,
498 2844 655 2914 quod
687 2859 906 2913 corpus
924 2842 1143 2898 Christi
1167 2859 1373 2897 verum
1395 2844 1453 2896 in
1477 2842 1805 2897 substantia
1837 2858 1967 2911 sua,

298 2947 419 2986 non
452 2933 509 2987 in
540 2933 747 2988 umbra
779 2933 1214 3005 Berengariana
1258 2932 1643 3000 comedimus,
1684 2933 1970 3001 approbe-

298 3040 465 3090 mus;
501 3024 711 3080 deinde
745 3027 950 3079 contra
971 3023 1368 3093 impanatores
1388 3020 1678 3076 Dominici
1699 3021 1970 3090 corporis

300 3114 573 3186 vigilabit
601 3114 808 3168 oratio.

371 3202 435 3256 In
466 3203 755 3272 principio
788 3217 935 3273 ergo
956 3201 1373 3271 disputationis
1404 3202 1648 3254 nostrae.
1693 3199 1967 3270 quoniam

299 3306 373 3346 ex
395 3293 564 3345 beato
583 3291 918 3362 Augustino
932 3291 1195 3345 scandali
1214 3306 1362 3360 pene
1382 3290 1561 3344 totius
1575 3288 1807 3342 videtur
1828 3302 1968 3342 esse

299 3380 674 3450 principium,
709 3380 848 3451 quid
878 3379 1288 3434 nobilissimus
1332 3378 1487 3432 idem
1536 3377 1741 3432 doctor
1769 3376 1841 3431 de
1874 3392 1969 3430 sa-

2084 2396 2243 2466 suis;
2281 2418 2302 2442 ι»
2335 2395 2387 2449 si
2405 2395 2731 2449 adversarii
2779 2398 2966 2451 nostri
3017 2397 3126 2452 hoc
3158 2415 3266 2468 pro
3316 2414 3423 2453 sua
3458 2402 3620 2468 parte
3660 2399 3750 2453 sic

2081 2488 2410 2554 exponunt:
2445 2483 2771 2539 Ferebatur
2798 2486 3073 2541 Christus
3096 2488 3157 2541 in
3188 2487 3461 2541 manibus
3501 2487 3653 2557 suis,
3688 2487 3750 2541 id

2082 2576 2192 2641 est,
2227 2572 2745 2627 ferebaturumbra
2766 2578 2986 2629 tantum
3011 2576 3103 2629 vel
3134 2576 3319 2647 ﬁgura
3352 2575 3595 2643 Christi,
3630 2590 3750 2631 non

2083 2662 2427 2727 substantia,
2445 2662 2502 2716 in
2531 2663 2802 2717 manibus
2834 2665 3057 2732 suis,et
3087 2664 3311 2719 ferebat
3334 2665 3472 2719 illud
3506 2679 3746 2734 corpus,

2083 2748 2141 2801 id
2170 2750 2547 2803 estumbram
2580 2750 2671 2804 vel
2703 2751 2951 2822 ﬁguram
2982 2752 3140 2807 illius
3156 2753 3589 2823 corporis,non
3606 2752 3750 2806 sub-
3808 2800 3827 2821 μ

2085 2838 2391 2901 stantiam;
2427 2839 2478 2893 si
2512 2838 2643 2909 hoc,
2677 2840 2935 2910 inquam,
2969 2842 3045 2895 ita
3093 2847 3414 2911 exponunt,
3446 2842 3558 2897 hoc
3593 2841 3745 2896 idem

2084 2928 2142 2980 in
2167 2927 2370 2998 David,
2407 2928 2519 2983 hoc
2549 2929 2701 2984 idem
2732 2932 2792 2985 in
2814 2933 3089 2987 omnibus
3118 2933 3243 2987 fere
3283 2932 3622 2987 hominibus
3653 2934 3744 2987 in-

2084 3018 2286 3071 venire
2316 3018 2818 3086 possumus.Quis
2841 3021 2997 3075 enim
3020 3020 3144 3076 fere
3169 3021 3471 3076 hominum
3492 3021 3745 3093 aliquam

2083 3106 2175 3159 sui
2212 3108 2485 3178 figuram,
2520 3109 2577 3160 in
2626 3126 2740 3180 qua
2775 3126 2891 3165 non
2933 3112 3008 3165 sit
3040 3112 3372 3166 substantia
3422 3128 3528 3166 sua
3558 3110 3747 3180 (verbi

2082 3195 2291 3265 gratia,
2326 3196 2417 3250 vel
2449 3199 2700 3251 statuam
2740 3199 2831 3253 vel
2864 3200 3172 3269 picturam)
3204 3201 3264 3254 in
3312 3200 3584 3255 manibus
3617 3198 3747 3254 suis

2081 3283 2238 3338 ferre
2268 3300 2387 3338 non
2418 3286 2644 3355 possit?
2680 3287 2838 3342 «Sed
2868 3288 3002 3357 hoc,
3052 3290 3259 3361 inquit,
3294 3291 3353 3344 in
3396 3291 3528 3361 ipso
3563 3290 3745 3344 David

2082 3388 2199 3425 non
2231 3373 2585 3444 invenimus,
2622 3380 2678 3429 et
2707 3377 2980 3431 manibus
3011 3378 3141 3432 suis
3172 3394 3344 3434 nemo
3368 3382 3649 3448 portatur.
3684 3379 3749 3435 In

298 3468 522 3522 oriﬁcio
548 3467 834 3522 Ecclesiae
866 3468 924 3521 in
942 3468 1315 3538 expositione
1336 3467 1486 3520 tituli
1508 3465 1969 3521 tricesimitertii
2001 3456 2052 3518 C
2081 3460 2316 3517 Christo
2348 3467 2558 3533 autem,
2579 3466 2677 3532 ait,
2703 3465 3059 3521 invenimus.
3099 3491 3120 3511 ιι
3142 3469 3425 3532 Quoniam
3441 3482 3585 3541 ergo
3609 3469 3755 3523 dicit

296 3555 510 3626 psalmi
542 3557 756 3611 sentiat
786 3556 1115 3611 videamus.
1172 3556 1456 3609 Tractans
1492 3557 1645 3610 enim
1675 3554 1968 3625 quomodo

298 3647 483 3700 David
515 3647 573 3700 in
606 3647 880 3701 manibus
899 3646 1027 3700 suis
1046 3645 1349 3701 ferebatur
1365 3660 1566 3699 coram
1598 3643 1966 3710 Abimelech,

294 3736 404 3790 ait:
446 3757 468 3781 «ι
506 3735 631 3789 Hoc
658 3750 820 3803 vero,
848 3735 1085 3802 fratres,
1108 3734 1401 3805 quomodo
1422 3733 1617 3804 possit
1638 3732 1765 3787 ﬁeri
1791 3731 1851 3785 in
1870 3731 1973 3785 ho-

298 3823 454 3878 mine
487 3824 623 3894 quis
652 3823 979 3895 intelligat?
1008 3822 1153 3888 Quis
1203 3823 1359 3877 enim
1398 3824 1663 3893 portatur
1692 3821 1968 3875 manibus

295 3913 465 3967 suis?
502 3912 765 3967 Aliorum
779 3916 973 3982 potest
1002 3913 1223 3982 portari
1242 3913 1417 3967 homo
1443 3911 1502 3964 in
1522 3909 1964 3978 manibus,suis

296 4016 469 4056 nemo
500 4005 765 4071 portatur
783 4002 812 4055 ?
831 4000 1135 4065 Quomodo
1159 4000 1523 4072 intelligatur
1540 4001 1601 4053 in
1618 4000 1748 4069 ipso
1781 3999 1967 4053 David

295 4092 624 4145 secundum
644 4091 895 4145 litteram
912 4106 1030 4145 non
1048 4091 1403 4160 invenimus,
1428 4091 1483 4144 in
1508 4090 1748 4145 Christo
1771 4093 1967 4151 autem

296 4180 652 4235 invenimus.
705 4179 1028 4235 Ferebatur
1075 4181 1231 4235 enim
1258 4181 1535 4235 Christus
1582 4181 1642 4234 in
1694 4180 1966 4234 manibus

295 4268 448 4336 suis,
482 4269 714 4339 quando
746 4269 1166 4323 commendans
1197 4270 1393 4338 ipsum
1415 4284 1633 4339 corpus
1658 4284 1832 4322 suum
1853 4268 1961 4321 ait:

298 4356 424 4411 Hoc
460 4364 553 4411 est
584 4374 798 4428 corpus
846 4374 1057 4413 meum.
1116 4357 1367 4411 Ferebat
1398 4358 1552 4411 enim
1583 4356 1725 4411 illud
1756 4371 1973 4426 corpus

293 4446 352 4499 in
387 4446 661 4501 manibus
692 4448 841 4499 suis.
881 4469 902 4493 η
936 4447 1296 4501 Osententia
1324 4446 1694 4499 lucidissima
1722 4443 1732 4499 Ι
1767 4461 1800 4498 o
1825 4460 1968 4499 sen-

293 4536 471 4589 tentia
516 4535 863 4589 ﬁdelissiina
898 4533 909 4589 l
944 4551 977 4589 o
1011 4536 1301 4589 sententia
1345 4551 1485 4589 vere
1531 4535 1879 4589 beatissimo
1910 4538 1967 4588 et

292 4623 796 4677 excellentissimo
854 4624 1096 4678 doctore
1144 4625 1479 4696 Augustino
1524 4623 1897 4696 dignissima,
1932 4639 1963 4676 a

293 4727 407 4781 qua
439 4712 581 4766 nulli
615 4715 708 4767 est
736 4713 1169 4781 recedendum;
1203 4715 1296 4767 cui
1331 4714 1403 4767 ab
1452 4714 1725 4767 omnibus
1749 4715 1841 4767 est
1870 4727 1963 4766 re-

294 4800 726 4855 verendissime
745 4801 1187 4855 concedendum
1225 4800 1235 4855 l
1262 4802 1426 4867 Quod
1451 4803 1508 4854 in
1530 4801 1733 4871 David,
1755 4801 1960 4871 inquit,
1989 4840 2045 4901 D

295 4890 353 4941 et
385 4887 442 4941 in
492 4888 623 4942 aliis
664 4888 1006 4943 hominibus
1056 4890 1383 4943 secundum
1416 4889 1665 4944 litteram
1711 4905 1826 4943 non
1885 4890 1965 4943 in-

290 4977 547 5045 venitur,
597 4977 655 5029 in
694 4976 930 5032 Christo
981 4978 1296 5032 invenitur.
1325 4977 1475 5041 Quid
1522 4977 1704 5031 illud?
1730 5002 1750 5026 α
1789 4977 1963 5031 Fere-

287 5065 460 5119 batur
474 5066 650 5135 enim,
671 5066 880 5137 inquit,
901 5066 1176 5121 Christus
1191 5068 1249 5121 in
1267 5068 1542 5122 manibus
1558 5070 1707 5139 suis,
1729 5069 1963 5139 quando

288 5155 709 5208 commendans
742 5156 936 5224 ipsum
968 5172 1187 5226 corpus
1222 5173 1398 5211 suum
1422 5158 1532 5211 ait:
1558 5157 1682 5213 Hoc
1712 5164 1805 5213 est
1836 5174 1970 5213 cor-

282 5260 397 5313 pus
426 5260 634 5297 meum.
690 5266 712 5292 ι»
747 5244 809 5297 Si
858 5246 1187 5298 secundum
1228 5246 1501 5315 litteram,
1553 5247 1609 5300 id
1655 5251 1769 5315 est,
1803 5247 1961 5301 sicut

291 5331 480 5386 littera
513 5336 704 5401 sonat,
739 5333 851 5387 hoc
889 5334 948 5387 in
987 5335 1223 5388 Christo
1257 5336 1573 5404 invenitur,
1622 5352 1737 5389 non
1784 5336 1965 5407 igitur

288 5420 633 5489 umbratice,
669 5438 786 5477 non
836 5422 1163 5494 ﬁgurative,
1190 5425 1292 5477 scd
1335 5425 1703 5478 substantive
1741 5424 1958 5478 Christi

291 5523 509 5579 corpus
539 5512 664 5563 erat
692 5511 849 5581 quod
878 5511 1197 5566 ferebatur.
1231 5512 1293 5565 Si
1326 5513 1481 5566 enim
1512 5513 1571 5565 in
1602 5511 1838 5568 Christo
1860 5530 1958 5567 ac-

2085 3549 2143 3603 in
2167 3550 2402 3608 Christo
2433 3556 2708 3627 inveniri,
2740 3557 2896 3629 quod
2929 3557 2989 3611 in
3019 3559 3204 3612 David
3236 3560 3369 3612 etin
3399 3560 3532 3613 aliis
3563 3559 3753 3614 homi-

2081 3639 2277 3711 nibus,
2331 3646 2623 3713 quomodo
2684 3647 3046 3718 intelligatur
3100 3664 3217 3701 non
3263 3648 3519 3719 invenit;
3576 3648 3750 3704 facile

2079 3734 2274 3783 autem
2296 3731 2549 3803 aliquam
2580 3734 2830 3807 ﬁguram
2863 3736 2977 3806 sui,
3013 3737 3071 3789 in
3103 3753 3219 3807 qua
3241 3737 3384 3791 nihil
3416 3738 3493 3791 sit
3518 3738 3589 3802 de
3615 3738 3756 3792 sub-

2080 3822 2761 3903 stanﬁtﬁiajliaLﬁm‘anibus
2780 3826 2909 3880 suis
2950 3826 3103 3880 ferre
3135 3830 3190 3881 et
3240 3826 3424 3881 David
3461 3827 3749 3882 et.caeteri

2080 3908 2351 3964 homines
2382 3912 2628 3983 intelligi
2653 3918 2925 3981 possunt,
2952 3918 3137 3968 restat
3164 3915 3670 3979 manifestissime,
3692 3918 3751 3970 et

2078 4000 2305 4069 absque
2336 4000 2453 4054 ullo
2484 4000 2765 4070 scrupulo
2782 4001 3155 4056 sentiendum
3173 4003 3332 4072 quod
3352 4018 3469 4057 non
3493 4003 3750 4075 figuram

2078 4091 2297 4143 tantum
2330 4088 2422 4143 vel
2456 4090 2743 4158 umbram,
2777 4090 2934 4144 sicut
2962 4090 3502 4146 adversariinostri
3522 4092 3746 4161 dicunt,

2079 4177 2181 4231 sed
2218 4178 2610 4232 substantiam
2629 4180 2725 4233 sui
2747 4180 3021 4249 corporis
3038 4179 3207 4251 juxta
3234 4181 3632 4252 Augustinum
3657 4180 3750 4237 fe-

2077 4267 2243 4320 rebat
2271 4264 2569 4321 Christus.
2600 4268 2748 4333 Quid
2789 4268 2883 4322 hic
2917 4269 3227 4323 umbratici
3267 4270 3745 4339 respondebunt;

2078 4358 2191 4412 Ubi
2227 4358 2286 4410 in
2322 4360 2476 4412 tanta
2514 4358 2644 4412 luce
2692 4357 2973 4429 lucifugis
3023 4359 3212 4413 nostri
3258 4358 3524 4413 umbram
3571 4374 3747 4428 para-

2075 4448 2263 4501 bunt?
2313 4446 2466 4501 Ecce
2502 4447 2820 4517 Augustini
2868 4447 3354 4502 manifestissima
3397 4448 3747 4502 documenta

2076 4535 2430 4605 recitantur;
2489 4536 2631 4590 nihil
2680 4537 2737 4590 in
2772 4537 2860 4590 eis
2898 4536 3338 4606 scrupulosum,
3376 4537 3523 4590 nihil
3553 4537 3745 4592 ambi-

2077 4641 2277 4695 guum.
2310 4627 2424 4679 Aut
2444 4625 2515 4679 de
2548 4625 2642 4678 his
2673 4640 2740 4679 se
2772 4626 3083 4697 explicent,
3110 4631 3207 4680 aut
3231 4626 3627 4697 Augustinum
3651 4642 3754 4681 no-

2076 4713 2169 4767 bis
2191 4712 2450 4784 objicere
2474 4714 2792 4783 desistant;
2821 4718 2875 4769 et
2892 4715 3046 4769 sicut
3069 4715 3440 4785 Augustinus
3473 4717 3749 4786 testatur,

2074 4803 2380 4857 veritatem
2404 4803 2690 4857 Dominici
2725 4805 2993 4875 corporis
3011 4804 3323 4858 nobiscum
3346 4804 3606 4859 credant.
3627 4804 3745 4859 Sed

2074 4890 2323 4945 forsitan
2354 4891 2465 4946 hoc
2485 4906 2599 4945 non
2631 4892 3003 4946 adverterant
3033 4892 3341 4961 scriptum.
3366 4893 3428 4947 Si
3445 4894 3601 4947 enim
3631 4893 3745 4947 hoc

2074 4980 2324 5035 ﬁdeliter
2352 4981 2760 5049 attendissent,
2775 4980 2967 5035 adhuc
2986 4996 3155 5035 suam
3170 4981 3450 5036 haeresim
3476 4997 3548 5035 ex
3569 4982 3743 5037 beato

2074 5071 2408 5141 Augustino
2438 5086 2555 5126 non
2586 5071 2928 5124 traxissent.
2963 5069 3110 5123 Nam
3133 5070 3418 5141 quidquid
3439 5086 3512 5124 ex
3541 5086 3611 5126 eo
3635 5087 3744 5141 pro

2073 5175 2139 5213 se
2184 5159 2527 5228 decerpunt,
2590 5159 2644 5212 id
2695 5160 2910 5212 attente
2959 5162 3359 5229 perspectum,
3425 5159 3582 5214 sicut
3618 5160 3746 5231 jam

2073 5248 2352 5316 diximus,
2385 5250 2483 5302 aut
2513 5263 2618 5317 pro
2657 5247 2852 5317 nobis,
2886 5251 2984 5301 aut
3014 5249 3176 5302 certe
3220 5247 3365 5303 nihil
3404 5252 3607 5304 contra
3628 5265 3743 5305 nos

2071 5338 2228 5391 facit.
2265 5337 2390 5391 Hoc
2419 5352 2561 5391 vero
2594 5337 2751 5408 quod
2780 5354 2937 5392 nunc
2966 5338 3319 5406 protulimus
3347 5341 3463 5393 tam
3482 5339 3733 5394 manife-

2069 5425 2336 5480 stissime
2365 5425 2501 5480 illos
2529 5426 2799 5496 destruit,
2836 5436 2891 5480 ut
2941 5472 2961 5498 λ
2984 5447 3033 5479 .u
3070 5431 3300 5497 cacant,
3333 5428 3493 5483 nulla
3512 5428 3740 5482 ratione

2065 5515 2330 5570 invenire
2385 5517 2620 5587 queant.
2654 5515 2736 5570 lta
2788 5515 3004 5588 quippe
3051 5513 3359 5588 Scriptura
3396 5517 3738 5589 perspicua,

287 5597 501 5668 cipitur
529 5599 658 5669 hoc,
686 5603 745 5654 ut
766 5600 865 5654 isti
897 5600 1139 5671 volunt,
1170 5600 1497 5657 secundum
1528 5601 1799 5674 ﬁguram,
1836 5619 1951 5658 non
2060 5605 2138 5660 ita
2188 5607 2282 5660 est
2326 5605 2564 5661 omnino
2595 5604 2936 5662 cautissime
2996 5608 3054 5662 ut
3122 5604 3369 5663 islorum
3427 5605 3744 5679 garrulitas
