  <div class='ocr_page' id='page_1' title='image "/cluster/home/n/w/nwhite01/storage/ocr_20150623/149/hvd.32044054760079/741.png"; bbox 0 0 4084 6186; ppageno 0'>
   <div class='ocr_carea' id='block_1_1' title="bbox 424 267 571 330">
    <p class='ocr_par' dir='ltr' id='par_1_1' title="bbox 424 267 571 330">
     <span class='ocr_line' id='line_1_1' title="bbox 424 267 571 330; baseline -0.027 0"><span class='ocrx_word' id='word_1_1' title='bbox 424 267 571 330; x_wconf 73' lang='grc'>1474</span> 
     </span>
    </p>
   </div>
   <div class='ocr_carea' id='block_1_2' title="bbox 1363 261 2885 331">
    <p class='ocr_par' dir='ltr' id='par_1_2' title="bbox 1363 261 2885 331">
     <span class='ocr_line' id='line_1_2' title="bbox 1363 261 2885 331; baseline -0.001 -7"><span class='ocrx_word' id='word_1_2' title='bbox 1363 264 1853 331; x_wconf 87' lang='lat' dir='ltr'>GUITMUNDI</span> <span class='ocrx_word' id='word_1_3' title='bbox 1897 261 2420 326; x_wconf 78' lang='lat' dir='ltr'>ARCHIEPISC.</span> <span class='ocrx_word' id='word_1_4' title='bbox 2455 261 2885 323; x_wconf 85' lang='lat' dir='ltr'>AVERSANI</span> 
     </span>
    </p>
   </div>
   <div class='ocr_carea' id='block_1_3' title="bbox 3686 257 3835 318">
    <p class='ocr_par' dir='ltr' id='par_1_3' title="bbox 3686 257 3835 318">
     <span class='ocr_line' id='line_1_3' title="bbox 3686 257 3835 318; baseline -0.013 0"><span class='ocrx_word' id='word_1_5' title='bbox 3686 257 3835 318; x_wconf 61' lang='lat'>{4&#39;72</span> 
     </span>
    </p>
   </div>
   <div class='ocr_carea' id='block_1_4' title="bbox 422 456 3869 535">
    <p class='ocr_par' dir='ltr' id='par_1_4' title="bbox 422 456 3869 535">
     <span class='ocr_line' id='line_1_4' title="bbox 422 456 3869 535; baseline -0.003 -15"><span class='ocrx_word' id='word_1_6' title='bbox 422 466 582 521; x_wconf 88' lang='lat' dir='ltr'>nulla</span> <span class='ocrx_word' id='word_1_7' title='bbox 622 466 857 534; x_wconf 76' lang='lat' dir='ltr'>penitus</span> <span class='ocrx_word' id='word_1_8' title='bbox 913 465 1347 535; x_wconf 83' lang='lat' dir='ltr'>tergiversandi</span> <span class='ocrx_word' id='word_1_9' title='bbox 1399 466 1741 533; x_wconf 88' lang='lat' dir='ltr'>argumenta</span> <span class='ocrx_word' id='word_1_10' title='bbox 1802 463 2077 531; x_wconf 75' lang='lat' dir='ltr'>reperiat.</span> <span class='ocrx_word' id='word_1_11' title='bbox 2118 459 2155 516; x_wconf 61' lang='grc' dir='ltr'>ει</span> <span class='ocrx_word' id='word_1_12' title='bbox 2204 462 2314 527; x_wconf 89' lang='lat' dir='ltr'>est,</span> <span class='ocrx_word' id='word_1_13' title='bbox 2352 459 2636 513; x_wconf 87' lang='lat' dir='ltr'>Dominus</span> <span class='ocrx_word' id='word_1_14' title='bbox 2666 461 2868 512; x_wconf 78' lang='lat' dir='ltr'>noster</span> <span class='ocrx_word' id='word_1_15' title='bbox 2899 459 3080 512; x_wconf 82' lang='lat' dir='ltr'>Jesus</span> <span class='ocrx_word' id='word_1_16' title='bbox 3111 457 3417 511; x_wconf 80' lang='lat' dir='ltr'>Christus:</span> <span class='ocrx_word' id='word_1_17' title='bbox 3444 456 3646 509; x_wconf 89' lang='lat' dir='ltr'>adhuc</span> <span class='ocrx_word' id='word_1_18' title='bbox 3669 472 3869 525; x_wconf 87' lang='lat' dir='ltr'>parum</span> 
     </span>
    </p>
   </div>
   <div class='ocr_carea' id='block_1_5' title="bbox 421 554 2088 625">
    <p class='ocr_par' dir='ltr' id='par_1_5' title="bbox 421 554 2088 625">
     <span class='ocr_line' id='line_1_5' title="bbox 421 554 2088 625; baseline -0.001 -16"><span class='ocrx_word' id='word_1_19' title='bbox 421 556 569 609; x_wconf 87' lang='lat' dir='ltr'>Nam</span> <span class='ocrx_word' id='word_1_20' title='bbox 602 557 665 608; x_wconf 90' lang='lat' dir='ltr'>ut</span> <span class='ocrx_word' id='word_1_21' title='bbox 694 556 964 608; x_wconf 87' lang='lat' dir='ltr'>virtutem</span> <span class='ocrx_word' id='word_1_22' title='bbox 991 554 1121 624; x_wconf 90' lang='lat' dir='ltr'>ejus</span> <span class='ocrx_word' id='word_1_23' title='bbox 1140 572 1314 625; x_wconf 84' lang='lat' dir='ltr'>quam</span> <span class='ocrx_word' id='word_1_24' title='bbox 1340 554 1694 607; x_wconf 80' lang='lat' dir='ltr'>brevissime</span> <span class='ocrx_word' id='word_1_25' title='bbox 1714 570 1866 607; x_wconf 90' lang='lat' dir='ltr'>nunc</span> <span class='ocrx_word' id='word_1_26' title='bbox 1890 559 2088 607; x_wconf 88' lang='lat' dir='ltr'>osten-</span> 
     </span>
    </p>
   </div>
   <div class='ocr_carea' id='block_1_6' title="bbox 423 656 2080 730">
    <p class='ocr_par' dir='ltr' id='par_1_6' title="bbox 423 656 2080 730">
     <span class='ocr_line' id='line_1_6' title="bbox 423 656 2080 730; baseline -0.005 -14"><span class='ocrx_word' id='word_1_27' title='bbox 423 662 576 729; x_wconf 86' lang='lat' dir='ltr'>dam,</span> <span class='ocrx_word' id='word_1_28' title='bbox 611 664 707 715; x_wconf 88' lang='lat' dir='ltr'>aut</span> <span class='ocrx_word' id='word_1_29' title='bbox 738 661 1106 715; x_wconf 78' lang='lat' dir='ltr'>substantive</span> <span class='ocrx_word' id='word_1_30' title='bbox 1122 676 1337 730; x_wconf 86' lang='lat' dir='ltr'>corpus</span> <span class='ocrx_word' id='word_1_31' title='bbox 1352 660 1569 713; x_wconf 77' lang='lat' dir='ltr'>Christi</span> <span class='ocrx_word' id='word_1_32' title='bbox 1588 662 1711 713; x_wconf 90' lang='lat' dir='ltr'>erat</span> <span class='ocrx_word' id='word_1_33' title='bbox 1732 659 1886 728; x_wconf 88' lang='lat' dir='ltr'>quod</span> <span class='ocrx_word' id='word_1_34' title='bbox 1905 656 2080 709; x_wconf 85' lang='lat' dir='ltr'>Chri-</span> 
     </span>
    </p>
   </div>
   <div class='ocr_carea' id='block_1_7' title="bbox 423 748 2079 820">
    <p class='ocr_par' dir='ltr' id='par_1_7' title="bbox 423 748 2079 820">
     <span class='ocr_line' id='line_1_7' title="bbox 423 748 2079 820; baseline -0.004 -15"><span class='ocrx_word' id='word_1_35' title='bbox 423 754 555 806; x_wconf 86' lang='lat' dir='ltr'>stus</span> <span class='ocrx_word' id='word_1_36' title='bbox 578 752 822 816; x_wconf 89' lang='lat' dir='ltr'>ferebat,</span> <span class='ocrx_word' id='word_1_37' title='bbox 859 751 928 804; x_wconf 91' lang='lat' dir='ltr'>de</span> <span class='ocrx_word' id='word_1_38' title='bbox 960 765 1075 820; x_wconf 89' lang='lat' dir='ltr'>quo</span> <span class='ocrx_word' id='word_1_39' title='bbox 1099 750 1360 803; x_wconf 89' lang='lat' dir='ltr'>dicebat:</span> <span class='ocrx_word' id='word_1_40' title='bbox 1395 748 1518 801; x_wconf 85' lang='lat' dir='ltr'>Hoc</span> <span class='ocrx_word' id='word_1_41' title='bbox 1532 755 1623 801; x_wconf 83' lang='lat' dir='ltr'>est</span> <span class='ocrx_word' id='word_1_42' title='bbox 1649 764 1858 818; x_wconf 83' lang='lat' dir='ltr'>corpus</span> <span class='ocrx_word' id='word_1_43' title='bbox 1872 763 2079 813; x_wconf 81' lang='lat' dir='ltr'>meum,</span> 
     </span>
    </p>
   </div>
   <div class='ocr_carea' id='block_1_8' title="bbox 422 838 2083 911">
    <p class='ocr_par' dir='ltr' id='par_1_8' title="bbox 422 838 2083 911">
     <span class='ocr_line' id='line_1_8' title="bbox 422 838 2083 911; baseline -0.004 -17"><span class='ocrx_word' id='word_1_44' title='bbox 422 845 521 895; x_wconf 89' lang='lat' dir='ltr'>aut</span> <span class='ocrx_word' id='word_1_45' title='bbox 548 844 769 895; x_wconf 87' lang='lat' dir='ltr'>tantum</span> <span class='ocrx_word' id='word_1_46' title='bbox 792 840 1061 911; x_wconf 89' lang='lat' dir='ltr'>ﬁgurate.</span> <span class='ocrx_word' id='word_1_47' title='bbox 1116 838 1231 892; x_wconf 86' lang='lat' dir='ltr'>Sed</span> <span class='ocrx_word' id='word_1_48' title='bbox 1264 842 1482 891; x_wconf 89' lang='lat' dir='ltr'>tantum</span> <span class='ocrx_word' id='word_1_49' title='bbox 1517 838 1767 908; x_wconf 86' lang='lat' dir='ltr'>ﬁgurate</span> <span class='ocrx_word' id='word_1_50' title='bbox 1794 852 1909 890; x_wconf 90' lang='lat' dir='ltr'>non</span> <span class='ocrx_word' id='word_1_51' title='bbox 1935 851 2083 905; x_wconf 89' lang='lat' dir='ltr'>pos-</span> 
     </span>
    </p>
   </div>
   <div class='ocr_carea' id='block_1_9' title="bbox 425 924 2082 999">
    <p class='ocr_par' dir='ltr' id='par_1_9' title="bbox 425 924 2082 999">
     <span class='ocr_line' id='line_1_9' title="bbox 425 924 2082 999; baseline -0.004 -15"><span class='ocrx_word' id='word_1_52' title='bbox 425 931 564 985; x_wconf 88' lang='lat' dir='ltr'>sunt</span> <span class='ocrx_word' id='word_1_53' title='bbox 600 930 715 999; x_wconf 87' lang='lat' dir='ltr'>pati</span> <span class='ocrx_word' id='word_1_54' title='bbox 760 929 1092 999; x_wconf 68' lang='lat' dir='ltr'>praemissa,</span> <span class='ocrx_word' id='word_1_55' title='bbox 1144 927 1635 999; x_wconf 75' lang='lat' dir='ltr'>quibus‘dicitur;</span> <span class='ocrx_word' id='word_1_56' title='bbox 1684 927 1818 996; x_wconf 83' lang='lat' dir='ltr'>quia</span> <span class='ocrx_word' id='word_1_57' title='bbox 1851 925 1910 978; x_wconf 89' lang='lat' dir='ltr'>in</span> <span class='ocrx_word' id='word_1_58' title='bbox 1949 924 2082 978; x_wconf 90' lang='lat' dir='ltr'>aliis</span> 
     </span>
    </p>
   </div>
   <div class='ocr_carea' id='block_1_10' title="bbox 422 1012 2081 1088">
    <p class='ocr_par' dir='ltr' id='par_1_10' title="bbox 422 1012 2081 1088">
     <span class='ocr_line' id='line_1_10' title="bbox 422 1012 2081 1088; baseline -0.005 -15"><span class='ocrx_word' id='word_1_59' title='bbox 422 1035 539 1074; x_wconf 90' lang='lat' dir='ltr'>non</span> <span class='ocrx_word' id='word_1_60' title='bbox 570 1019 883 1085; x_wconf 81' lang='lat' dir='ltr'>invenitur,</span> <span class='ocrx_word' id='word_1_61' title='bbox 919 1018 1073 1088; x_wconf 90' lang='lat' dir='ltr'>quod</span> <span class='ocrx_word' id='word_1_62' title='bbox 1107 1018 1162 1070; x_wconf 91' lang='lat' dir='ltr'>in</span> <span class='ocrx_word' id='word_1_63' title='bbox 1188 1016 1421 1070; x_wconf 88' lang='lat' dir='ltr'>Christo</span> <span class='ocrx_word' id='word_1_64' title='bbox 1461 1015 1777 1069; x_wconf 84' lang='lat' dir='ltr'>invenitur.</span> <span class='ocrx_word' id='word_1_65' title='bbox 1810 1012 2081 1083; x_wconf 85' lang='lat' dir='ltr'>Alioquin</span> 
     </span>
    </p>
   </div>
   <div class='ocr_carea' id='block_1_11' title="bbox 422 1103 2085 1176">
    <p class='ocr_par' dir='ltr' id='par_1_11' title="bbox 422 1103 2085 1176">
     <span class='ocr_line' id='line_1_11' title="bbox 422 1103 2085 1176; baseline -0.004 -16"><span class='ocrx_word' id='word_1_66' title='bbox 422 1106 791 1162; x_wconf 85' lang='lat' dir='ltr'>inveniretur</span> <span class='ocrx_word' id='word_1_67' title='bbox 821 1108 954 1161; x_wconf 87' lang='lat' dir='ltr'>etin</span> <span class='ocrx_word' id='word_1_68' title='bbox 986 1109 1138 1161; x_wconf 89' lang='lat' dir='ltr'>aliis.</span> <span class='ocrx_word' id='word_1_69' title='bbox 1170 1105 1373 1160; x_wconf 85' lang='lat' dir='ltr'>Omnis</span> <span class='ocrx_word' id='word_1_70' title='bbox 1404 1106 1619 1176; x_wconf 89' lang='lat' dir='ltr'>quippe</span> <span class='ocrx_word' id='word_1_71' title='bbox 1636 1104 1811 1158; x_wconf 90' lang='lat' dir='ltr'>homo</span> <span class='ocrx_word' id='word_1_72' title='bbox 1837 1103 2085 1173; x_wconf 80' lang='lat' dir='ltr'>ﬁguram</span> 
     </span>
    </p>
   </div>
   <div class='ocr_carea' id='block_1_12' title="bbox 424 1192 2085 1266">
    <p class='ocr_par' dir='ltr' id='par_1_12' title="bbox 424 1192 2085 1266">
     <span class='ocr_line' id='line_1_12' title="bbox 424 1192 2085 1266; baseline -0.005 -14"><span class='ocrx_word' id='word_1_73' title='bbox 424 1198 553 1264; x_wconf 85' lang='lat' dir='ltr'>sui,</span> <span class='ocrx_word' id='word_1_74' title='bbox 582 1197 640 1249; x_wconf 90' lang='lat' dir='ltr'>in</span> <span class='ocrx_word' id='word_1_75' title='bbox 670 1212 782 1266; x_wconf 89' lang='lat' dir='ltr'>qua</span> <span class='ocrx_word' id='word_1_76' title='bbox 813 1197 953 1249; x_wconf 89' lang='lat' dir='ltr'>nihil</span> <span class='ocrx_word' id='word_1_77' title='bbox 977 1197 1047 1249; x_wconf 90' lang='lat' dir='ltr'>de</span> <span class='ocrx_word' id='word_1_78' title='bbox 1067 1197 1395 1249; x_wconf 80' lang='lat' dir='ltr'>substantia</span> <span class='ocrx_word' id='word_1_79' title='bbox 1416 1211 1522 1249; x_wconf 91' lang='lat' dir='ltr'>sua</span> <span class='ocrx_word' id='word_1_80' title='bbox 1543 1198 1651 1259; x_wconf 83' lang='lat' dir='ltr'>est,</span> <span class='ocrx_word' id='word_1_81' title='bbox 1688 1193 1844 1247; x_wconf 85' lang='lat' dir='ltr'>ferre</span> <span class='ocrx_word' id='word_1_82' title='bbox 1869 1192 2085 1260; x_wconf 88' lang='lat' dir='ltr'>potest.</span> 
     </span>
    </p>
   </div>
   <div class='ocr_carea' id='block_1_13' title="bbox 425 1280 2084 1354">
    <p class='ocr_par' dir='ltr' id='par_1_13' title="bbox 425 1280 2084 1354">
     <span class='ocr_line' id='line_1_13' title="bbox 425 1280 2084 1354; baseline -0.005 -14"><span class='ocrx_word' id='word_1_83' title='bbox 425 1284 542 1340; x_wconf 91' lang='lat' dir='ltr'>Sed</span> <span class='ocrx_word' id='word_1_84' title='bbox 565 1286 623 1338; x_wconf 90' lang='lat' dir='ltr'>in</span> <span class='ocrx_word' id='word_1_85' title='bbox 670 1285 823 1353; x_wconf 86' lang='lat' dir='ltr'>aliis,</span> <span class='ocrx_word' id='word_1_86' title='bbox 859 1286 1064 1354; x_wconf 82' lang='lat' dir='ltr'>inquit.</span> <span class='ocrx_word' id='word_1_87' title='bbox 1100 1300 1215 1338; x_wconf 92' lang='lat' dir='ltr'>non</span> <span class='ocrx_word' id='word_1_88' title='bbox 1239 1285 1553 1339; x_wconf 88' lang='lat' dir='ltr'>invenitur.</span> <span class='ocrx_word' id='word_1_89' title='bbox 1593 1281 1866 1335; x_wconf 80' lang='lat' dir='ltr'>Manibus</span> <span class='ocrx_word' id='word_1_90' title='bbox 1904 1280 2084 1343; x_wconf 90' lang='lat' dir='ltr'>enim,</span> 
     </span>
    </p>
   </div>
   <div class='ocr_carea' id='block_1_14' title="bbox 424 1371 2084 1443">
    <p class='ocr_par' dir='ltr' id='par_1_14' title="bbox 424 1371 2084 1443">
     <span class='ocr_line' id='line_1_14' title="bbox 424 1371 2084 1443; baseline -0.006 -14"><span class='ocrx_word' id='word_1_91' title='bbox 424 1374 522 1440; x_wconf 89' lang='lat' dir='ltr'>ait,</span> <span class='ocrx_word' id='word_1_92' title='bbox 557 1375 685 1428; x_wconf 91' lang='lat' dir='ltr'>suis</span> <span class='ocrx_word' id='word_1_93' title='bbox 716 1390 888 1427; x_wconf 91' lang='lat' dir='ltr'>nemo</span> <span class='ocrx_word' id='word_1_94' title='bbox 912 1376 1195 1443; x_wconf 86' lang='lat' dir='ltr'>portatur.</span> <span class='ocrx_word' id='word_1_95' title='bbox 1218 1373 1346 1427; x_wconf 90' lang='lat' dir='ltr'>Non</span> <span class='ocrx_word' id='word_1_96' title='bbox 1369 1373 1549 1443; x_wconf 80' lang='lat' dir='ltr'>igitur</span> <span class='ocrx_word' id='word_1_97' title='bbox 1566 1371 1815 1441; x_wconf 87' lang='lat' dir='ltr'>ﬁgurate</span> <span class='ocrx_word' id='word_1_98' title='bbox 1839 1371 2084 1433; x_wconf 88' lang='lat' dir='ltr'>tantum,</span> 
     </span>
    </p>
   </div>
   <div class='ocr_carea' id='block_1_15' title="bbox 422 1455 2085 1533">
    <p class='ocr_par' dir='ltr' id='par_1_15' title="bbox 422 1455 2085 1533">
     <span class='ocr_line' id='line_1_15' title="bbox 422 1455 2085 1533; baseline -0.005 -16"><span class='ocrx_word' id='word_1_99' title='bbox 422 1479 539 1519; x_wconf 91' lang='lat' dir='ltr'>non</span> <span class='ocrx_word' id='word_1_100' title='bbox 558 1463 899 1529; x_wconf 83' lang='lat' dir='ltr'>umbratica,</span> <span class='ocrx_word' id='word_1_101' title='bbox 918 1465 1274 1533; x_wconf 83' lang='lat' dir='ltr'>quapropter</span> <span class='ocrx_word' id='word_1_102' title='bbox 1293 1460 1659 1515; x_wconf 85' lang='lat' dir='ltr'>substantive</span> <span class='ocrx_word' id='word_1_103' title='bbox 1674 1473 1893 1528; x_wconf 89' lang='lat' dir='ltr'>corpus</span> <span class='ocrx_word' id='word_1_104' title='bbox 1912 1455 2085 1511; x_wconf 89' lang='lat' dir='ltr'>Chri-</span> 
     </span>
    </p>
   </div>
   <div class='ocr_carea' id='block_1_16' title="bbox 424 1548 2087 1621">
    <p class='ocr_par' dir='ltr' id='par_1_16' title="bbox 424 1548 2087 1621">
     <span class='ocr_line' id='line_1_16' title="bbox 424 1548 2087 1621; baseline -0.005 -15"><span class='ocrx_word' id='word_1_105' title='bbox 424 1552 504 1607; x_wconf 87' lang='lat' dir='ltr'>sti</span> <span class='ocrx_word' id='word_1_106' title='bbox 532 1554 657 1606; x_wconf 83' lang='lat' dir='ltr'>erat</span> <span class='ocrx_word' id='word_1_107' title='bbox 687 1552 841 1621; x_wconf 90' lang='lat' dir='ltr'>quod</span> <span class='ocrx_word' id='word_1_108' title='bbox 865 1552 992 1619; x_wconf 86' lang='lat' dir='ltr'>ipse</span> <span class='ocrx_word' id='word_1_109' title='bbox 1026 1552 1268 1605; x_wconf 88' lang='lat' dir='ltr'>ferebat.</span> <span class='ocrx_word' id='word_1_110' title='bbox 1291 1551 1419 1604; x_wconf 86' lang='lat' dir='ltr'>Non</span> <span class='ocrx_word' id='word_1_111' title='bbox 1441 1549 1587 1603; x_wconf 89' lang='lat' dir='ltr'>satis</span> <span class='ocrx_word' id='word_1_112' title='bbox 1604 1548 2087 1616; x_wconf 84' lang='lat' dir='ltr'>exprimerepos-</span> 
     </span>
    </p>
   </div>
   <div class='ocr_carea' id='block_1_17' title="bbox 426 1634 2086 1710">
    <p class='ocr_par' dir='ltr' id='par_1_17' title="bbox 426 1634 2086 1710">
     <span class='ocr_line' id='line_1_17' title="bbox 426 1634 2086 1710; baseline -0.005 -16"><span class='ocrx_word' id='word_1_113' title='bbox 426 1656 557 1695; x_wconf 91' lang='lat' dir='ltr'>sum</span> <span class='ocrx_word' id='word_1_114' title='bbox 581 1644 858 1710; x_wconf 88' lang='lat' dir='ltr'>quantum</span> <span class='ocrx_word' id='word_1_115' title='bbox 878 1641 934 1693; x_wconf 89' lang='lat' dir='ltr'>in</span> <span class='ocrx_word' id='word_1_116' title='bbox 970 1640 1227 1693; x_wconf 83' lang='lat' dir='ltr'>hisheati</span> <span class='ocrx_word' id='word_1_117' title='bbox 1248 1638 1563 1709; x_wconf 75' lang='lat' dir='ltr'>Augustini</span> <span class='ocrx_word' id='word_1_118' title='bbox 1584 1636 1786 1691; x_wconf 87' lang='lat' dir='ltr'>verbis</span> <span class='ocrx_word' id='word_1_119' title='bbox 1801 1634 2086 1694; x_wconf 85' lang='lat' dir='ltr'>oblector,</span> 
     </span>
    </p>
   </div>
   <div class='ocr_carea' id='block_1_18' title="bbox 426 1720 2088 1798">
    <p class='ocr_par' dir='ltr' id='par_1_18' title="bbox 426 1720 2088 1798">
     <span class='ocr_line' id='line_1_18' title="bbox 426 1720 2088 1798; baseline -0.005 -17"><span class='ocrx_word' id='word_1_120' title='bbox 426 1731 824 1798; x_wconf 89' lang='lat' dir='ltr'>quantumque</span> <span class='ocrx_word' id='word_1_121' title='bbox 855 1744 1036 1797; x_wconf 87' lang='lat' dir='ltr'>super</span> <span class='ocrx_word' id='word_1_122' title='bbox 1071 1728 1277 1781; x_wconf 90' lang='lat' dir='ltr'>horum</span> <span class='ocrx_word' id='word_1_123' title='bbox 1319 1724 1639 1779; x_wconf 89' lang='lat' dir='ltr'>miserabili</span> <span class='ocrx_word' id='word_1_124' title='bbox 1674 1723 1934 1777; x_wconf 58' lang='lat' dir='ltr'>caecitate</span> <span class='ocrx_word' id='word_1_125' title='bbox 1982 1720 2088 1773; x_wconf 90' lang='lat' dir='ltr'>ad-</span> 
     </span>
    </p>
   </div>
   <div class='ocr_carea' id='block_1_19' title="bbox 424 1810 2166 1889">
    <p class='ocr_par' dir='ltr' id='par_1_19' title="bbox 424 1810 2166 1889">
     <span class='ocr_line' id='line_1_19' title="bbox 424 1810 2166 1889; baseline -0.005 -18"><span class='ocrx_word' id='word_1_126' title='bbox 424 1818 626 1871; x_wconf 90' lang='lat' dir='ltr'>miror.</span> <span class='ocrx_word' id='word_1_127' title='bbox 656 1817 745 1870; x_wconf 87' lang='lat' dir='ltr'>Ex</span> <span class='ocrx_word' id='word_1_128' title='bbox 773 1818 868 1870; x_wconf 92' lang='lat' dir='ltr'>his</span> <span class='ocrx_word' id='word_1_129' title='bbox 890 1832 1140 1886; x_wconf 80' lang='lat' dir='ltr'>namque</span> <span class='ocrx_word' id='word_1_130' title='bbox 1171 1821 1434 1886; x_wconf 85' lang='lat' dir='ltr'>patenter</span> <span class='ocrx_word' id='word_1_131' title='bbox 1464 1813 1793 1868; x_wconf 89' lang='lat' dir='ltr'>ostenditur</span> <span class='ocrx_word' id='word_1_132' title='bbox 1824 1810 1960 1881; x_wconf 90' lang='lat' dir='ltr'>quid</span> <span class='ocrx_word' id='word_1_133' title='bbox 1988 1824 2092 1863; x_wconf 91' lang='lat' dir='ltr'>vo-</span> <span class='ocrx_word' id='word_1_134' title='bbox 2125 1833 2166 1889; x_wconf 62' lang='grc' dir='ltr'>Β</span> 
     </span>
    </p>
   </div>
   <div class='ocr_carea' id='block_1_20' title="bbox 422 1898 2091 1974">
    <p class='ocr_par' dir='ltr' id='par_1_20' title="bbox 422 1898 2091 1974">
     <span class='ocr_line' id='line_1_20' title="bbox 422 1898 2091 1974; baseline -0.005 -14"><span class='ocrx_word' id='word_1_135' title='bbox 422 1904 598 1960; x_wconf 90' lang='lat' dir='ltr'>luerit</span> <span class='ocrx_word' id='word_1_136' title='bbox 618 1907 772 1960; x_wconf 90' lang='lat' dir='ltr'>idem</span> <span class='ocrx_word' id='word_1_137' title='bbox 797 1907 890 1958; x_wconf 92' lang='lat' dir='ltr'>vir</span> <span class='ocrx_word' id='word_1_138' title='bbox 908 1906 1292 1959; x_wconf 84' lang='lat' dir='ltr'>beatissimus</span> <span class='ocrx_word' id='word_1_139' title='bbox 1326 1903 1592 1974; x_wconf 79' lang='lat' dir='ltr'>intelligi,</span> <span class='ocrx_word' id='word_1_140' title='bbox 1630 1903 1687 1955; x_wconf 88' lang='lat' dir='ltr'>in</span> <span class='ocrx_word' id='word_1_141' title='bbox 1718 1898 2091 1969; x_wconf 86' lang='lat' dir='ltr'>expositione</span> 
     </span>
    </p>
   </div>
   <div class='ocr_carea' id='block_1_21' title="bbox 426 1986 2089 2065">
    <p class='ocr_par' dir='ltr' id='par_1_21' title="bbox 426 1986 2089 2065">
     <span class='ocr_line' id='line_1_21' title="bbox 426 1986 2089 2065; baseline -0.005 -18"><span class='ocrx_word' id='word_1_142' title='bbox 426 2009 566 2049; x_wconf 85' lang='lat' dir='ltr'>mox</span> <span class='ocrx_word' id='word_1_143' title='bbox 603 1994 871 2065; x_wconf 90' lang='lat' dir='ltr'>ejusdem</span> <span class='ocrx_word' id='word_1_144' title='bbox 937 1995 1225 2048; x_wconf 87' lang='lat' dir='ltr'>tricesimi</span> <span class='ocrx_word' id='word_1_145' title='bbox 1276 1993 1435 2046; x_wconf 85' lang='lat' dir='ltr'>tertii</span> <span class='ocrx_word' id='word_1_146' title='bbox 1494 1990 1725 2061; x_wconf 83' lang='lat' dir='ltr'>psalmi,</span> <span class='ocrx_word' id='word_1_147' title='bbox 1757 1989 1856 2043; x_wconf 90' lang='lat' dir='ltr'>ubi</span> <span class='ocrx_word' id='word_1_148' title='bbox 1899 1986 2043 2040; x_wconf 87' lang='lat' dir='ltr'>dixit</span> <span class='ocrx_word' id='word_1_149' title='bbox 2078 2003 2089 2039; x_wconf 88' lang='lat'><strong>:</strong></span> 
     </span>
    </p>
   </div>
   <div class='ocr_carea' id='block_1_22' title="bbox 435 2076 2093 2150">
    <p class='ocr_par' dir='ltr' id='par_1_22' title="bbox 435 2076 2093 2150">
     <span class='ocr_line' id='line_1_22' title="bbox 435 2076 2093 2150; baseline -0.006 -13"><span class='ocrx_word' id='word_1_150' title='bbox 435 2105 456 2131; x_wconf 80' lang='grc' dir='ltr'>ιι</span> <span class='ocrx_word' id='word_1_151' title='bbox 500 2083 628 2137; x_wconf 88' lang='lat' dir='ltr'>Nos</span> <span class='ocrx_word' id='word_1_152' title='bbox 660 2085 728 2137; x_wconf 93' lang='lat' dir='ltr'>ad</span> <span class='ocrx_word' id='word_1_153' title='bbox 762 2099 891 2137; x_wconf 90' lang='lat' dir='ltr'>eum</span> <span class='ocrx_word' id='word_1_154' title='bbox 927 2084 1299 2149; x_wconf 85' lang='lat' dir='ltr'>accedamus,</span> <span class='ocrx_word' id='word_1_155' title='bbox 1320 2087 1382 2135; x_wconf 90' lang='lat' dir='ltr'>ut</span> <span class='ocrx_word' id='word_1_156' title='bbox 1406 2096 1620 2150; x_wconf 87' lang='lat' dir='ltr'>corpus</span> <span class='ocrx_word' id='word_1_157' title='bbox 1658 2082 1710 2133; x_wconf 89' lang='lat' dir='ltr'>ct</span> <span class='ocrx_word' id='word_1_158' title='bbox 1741 2076 2093 2148; x_wconf 88' lang='lat' dir='ltr'>sanguinem</span> 
     </span>
    </p>
   </div>
   <div class='ocr_carea' id='block_1_23' title="bbox 428 2166 2095 2243">
    <p class='ocr_par' dir='ltr' id='par_1_23' title="bbox 428 2166 2095 2243">
     <span class='ocr_line' id='line_1_23' title="bbox 428 2166 2095 2243; baseline -0.006 -16"><span class='ocrx_word' id='word_1_159' title='bbox 428 2171 563 2243; x_wconf 84' lang='lat' dir='ltr'>ejus</span> <span class='ocrx_word' id='word_1_160' title='bbox 597 2173 973 2242; x_wconf 87' lang='lat' dir='ltr'>accipiamus.</span> <span class='ocrx_word' id='word_1_161' title='bbox 1004 2172 1088 2227; x_wconf 93' lang='lat' dir='ltr'>llli</span> <span class='ocrx_word' id='word_1_162' title='bbox 1112 2173 1183 2226; x_wconf 88' lang='lat' dir='ltr'>de</span> <span class='ocrx_word' id='word_1_163' title='bbox 1207 2168 1800 2226; x_wconf 84' lang='lat' dir='ltr'>cruciﬁxotenebrati</span> <span class='ocrx_word' id='word_1_164' title='bbox 1820 2166 2095 2232; x_wconf 89' lang='lat' dir='ltr'>sunt,nos</span> 
     </span>
    </p>
   </div>
   <div class='ocr_carea' id='block_1_24' title="bbox 426 2256 2086 2316">
    <p class='ocr_par' dir='ltr' id='par_1_24' title="bbox 426 2256 2086 2316">
     <span class='ocr_line' id='line_1_24' title="bbox 426 2256 2086 2316; baseline -0.005 -2"><span class='ocrx_word' id='word_1_165' title='bbox 426 2261 833 2316; x_wconf 86' lang='lat' dir='ltr'>manducando</span> <span class='ocrx_word' id='word_1_166' title='bbox 863 2263 1209 2315; x_wconf 80' lang='lat' dir='ltr'>cruciﬁxum</span> <span class='ocrx_word' id='word_1_167' title='bbox 1245 2264 1298 2313; x_wconf 86' lang='lat' dir='ltr'>et</span> <span class='ocrx_word' id='word_1_168' title='bbox 1320 2260 1576 2314; x_wconf 87' lang='lat' dir='ltr'>bibendo</span> <span class='ocrx_word' id='word_1_169' title='bbox 1619 2256 2033 2311; x_wconf 83' lang='lat' dir='ltr'>illuminamur.</span> <span class='ocrx_word' id='word_1_170' title='bbox 2065 2275 2086 2300; x_wconf 73' lang='grc' dir='ltr'>η</span> 
     </span>
    </p>
   </div>
   <div class='ocr_carea' id='block_1_25' title="bbox 427 2343 2094 2420">
    <p class='ocr_par' dir='ltr' id='par_1_25' title="bbox 427 2343 2094 2420">
     <span class='ocr_line' id='line_1_25' title="bbox 427 2343 2094 2420; baseline -0.005 -16"><span class='ocrx_word' id='word_1_171' title='bbox 427 2350 569 2404; x_wconf 88' lang='lat' dir='ltr'>Item</span> <span class='ocrx_word' id='word_1_172' title='bbox 602 2350 757 2404; x_wconf 87' lang='lat' dir='ltr'>alibi.</span> <span class='ocrx_word' id='word_1_173' title='bbox 798 2373 819 2397; x_wconf 78' lang='grc' dir='ltr'>α</span> <span class='ocrx_word' id='word_1_174' title='bbox 856 2351 979 2404; x_wconf 89' lang='lat' dir='ltr'>Hoc</span> <span class='ocrx_word' id='word_1_175' title='bbox 1008 2351 1274 2420; x_wconf 89' lang='lat' dir='ltr'>accipite,</span> <span class='ocrx_word' id='word_1_176' title='bbox 1307 2349 1515 2417; x_wconf 87' lang='lat' dir='ltr'>inquit,</span> <span class='ocrx_word' id='word_1_177' title='bbox 1537 2348 1593 2400; x_wconf 89' lang='lat' dir='ltr'>in</span> <span class='ocrx_word' id='word_1_178' title='bbox 1619 2361 1786 2415; x_wconf 83' lang='lat' dir='ltr'>pane,</span> <span class='ocrx_word' id='word_1_179' title='bbox 1812 2343 1965 2414; x_wconf 88' lang='lat' dir='ltr'>quod</span> <span class='ocrx_word' id='word_1_180' title='bbox 1986 2357 2094 2411; x_wconf 89' lang='lat' dir='ltr'>pe-</span> 
     </span>
    </p>
   </div>
   <div class='ocr_carea' id='block_1_26' title="bbox 425 2429 2092 2509">
    <p class='ocr_par' dir='ltr' id='par_1_26' title="bbox 425 2429 2092 2509">
     <span class='ocr_line' id='line_1_26' title="bbox 425 2429 2092 2509; baseline -0.006 -16"><span class='ocrx_word' id='word_1_181' title='bbox 425 2439 627 2509; x_wconf 90' lang='lat' dir='ltr'>pendit</span> <span class='ocrx_word' id='word_1_182' title='bbox 656 2439 712 2492; x_wconf 90' lang='lat' dir='ltr'>in</span> <span class='ocrx_word' id='word_1_183' title='bbox 746 2456 919 2493; x_wconf 86' lang='lat' dir='ltr'>cruce</span> <span class='ocrx_word' id='word_1_184' title='bbox 955 2456 965 2493; x_wconf 91' lang='lat'><strong>:</strong></span> <span class='ocrx_word' id='word_1_185' title='bbox 1001 2442 1058 2493; x_wconf 89' lang='lat' dir='ltr'>et</span> <span class='ocrx_word' id='word_1_186' title='bbox 1087 2439 1199 2493; x_wconf 90' lang='lat' dir='ltr'>hoc</span> <span class='ocrx_word' id='word_1_187' title='bbox 1231 2437 1473 2506; x_wconf 87' lang='lat' dir='ltr'>accipite</span> <span class='ocrx_word' id='word_1_188' title='bbox 1505 2437 1561 2488; x_wconf 91' lang='lat' dir='ltr'>in</span> <span class='ocrx_word' id='word_1_189' title='bbox 1596 2435 1798 2497; x_wconf 89' lang='lat' dir='ltr'>calice,</span> <span class='ocrx_word' id='word_1_190' title='bbox 1821 2431 1974 2502; x_wconf 90' lang='lat' dir='ltr'>quod</span> <span class='ocrx_word' id='word_1_191' title='bbox 2001 2429 2092 2484; x_wconf 78' lang='lat' dir='ltr'>ef-</span> 
     </span>
    </p>
   </div>
   <div class='ocr_carea' id='block_1_27' title="bbox 427 2520 2095 2583">
    <p class='ocr_par' dir='ltr' id='par_1_27' title="bbox 427 2520 2095 2583">
     <span class='ocr_line' id='line_1_27' title="bbox 427 2520 2095 2583; baseline -0.005 -2"><span class='ocrx_word' id='word_1_192' title='bbox 427 2527 627 2583; x_wconf 83' lang='lat' dir='ltr'>fusum</span> <span class='ocrx_word' id='word_1_193' title='bbox 660 2530 751 2583; x_wconf 91' lang='lat' dir='ltr'>est</span> <span class='ocrx_word' id='word_1_194' title='bbox 781 2528 853 2582; x_wconf 91' lang='lat' dir='ltr'>de</span> <span class='ocrx_word' id='word_1_195' title='bbox 883 2527 1103 2582; x_wconf 85' lang='lat' dir='ltr'>Christi</span> <span class='ocrx_word' id='word_1_196' title='bbox 1124 2529 1324 2581; x_wconf 90' lang='lat' dir='ltr'>latere.</span> <span class='ocrx_word' id='word_1_197' title='bbox 1360 2550 1379 2572; x_wconf 76' lang='lat' dir='ltr'><strong>u</strong></span> <span class='ocrx_word' id='word_1_198' title='bbox 1413 2525 1561 2578; x_wconf 87' lang='lat' dir='ltr'>Etin</span> <span class='ocrx_word' id='word_1_199' title='bbox 1582 2523 1846 2576; x_wconf 92' lang='lat' dir='ltr'>alioloco</span> <span class='ocrx_word' id='word_1_200' title='bbox 1874 2536 1885 2575; x_wconf 89' lang='lat'>:</span> <span class='ocrx_word' id='word_1_201' title='bbox 1923 2543 1944 2566; x_wconf 78' lang='grc' dir='ltr'>α</span> <span class='ocrx_word' id='word_1_202' title='bbox 1965 2520 2095 2573; x_wconf 88' lang='lat' dir='ltr'>Hoc</span> 
     </span>
    </p>
   </div>
   <div class='ocr_carea' id='block_1_28' title="bbox 426 2609 2097 2686">
    <p class='ocr_par' dir='ltr' id='par_1_28' title="bbox 426 2609 2097 2686">
     <span class='ocr_line' id='line_1_28' title="bbox 426 2609 2097 2686; baseline -0.006 -16"><span class='ocrx_word' id='word_1_203' title='bbox 426 2616 721 2685; x_wconf 86' lang='lat' dir='ltr'>biberunt,</span> <span class='ocrx_word' id='word_1_204' title='bbox 760 2619 962 2686; x_wconf 83' lang='lat' dir='ltr'>postea</span> <span class='ocrx_word' id='word_1_205' title='bbox 1004 2617 1335 2681; x_wconf 88' lang='lat' dir='ltr'>credentes,</span> <span class='ocrx_word' id='word_1_206' title='bbox 1397 2613 1550 2683; x_wconf 89' lang='lat' dir='ltr'>quod</span> <span class='ocrx_word' id='word_1_207' title='bbox 1601 2612 1770 2681; x_wconf 88' lang='lat' dir='ltr'>prius</span> <span class='ocrx_word' id='word_1_208' title='bbox 1824 2609 2097 2663; x_wconf 87' lang='lat' dir='ltr'>fuderant</span> 
     </span>
    </p>
   </div>
   <div class='ocr_carea' id='block_1_29' title="bbox 431 2698 2091 2773">
    <p class='ocr_par' dir='ltr' id='par_1_29' title="bbox 431 2698 2091 2773">
     <span class='ocr_line' id='line_1_29' title="bbox 431 2698 2091 2773; baseline -0.005 -14"><span class='ocrx_word' id='word_1_209' title='bbox 431 2705 769 2759; x_wconf 63' lang='lat' dir='ltr'>saevientes.</span> <span class='ocrx_word' id='word_1_210' title='bbox 811 2727 830 2751; x_wconf 83' lang='lat'><strong>»</strong></span> <span class='ocrx_word' id='word_1_211' title='bbox 866 2706 1006 2759; x_wconf 92' lang='lat' dir='ltr'>ltem</span> <span class='ocrx_word' id='word_1_212' title='bbox 1039 2705 1096 2757; x_wconf 91' lang='lat' dir='ltr'>in</span> <span class='ocrx_word' id='word_1_213' title='bbox 1116 2706 1227 2757; x_wconf 90' lang='lat' dir='ltr'>alio</span> <span class='ocrx_word' id='word_1_214' title='bbox 1252 2703 1407 2773; x_wconf 87' lang='lat' dir='ltr'>quod</span> <span class='ocrx_word' id='word_1_215' title='bbox 1432 2716 1610 2769; x_wconf 86' lang='lat' dir='ltr'>supra</span> <span class='ocrx_word' id='word_1_216' title='bbox 1636 2700 1761 2769; x_wconf 88' lang='lat' dir='ltr'>jam</span> <span class='ocrx_word' id='word_1_217' title='bbox 1792 2698 2050 2751; x_wconf 85' lang='lat' dir='ltr'>diximus</span> <span class='ocrx_word' id='word_1_218' title='bbox 2079 2712 2091 2751; x_wconf 88' lang='lat'><strong>:</strong></span> 
     </span>
    </p>
   </div>
   <div class='ocr_carea' id='block_1_30' title="bbox 436 2786 2094 2863">
    <p class='ocr_par' dir='ltr' id='par_1_30' title="bbox 436 2786 2094 2863">
     <span class='ocr_line' id='line_1_30' title="bbox 436 2786 2094 2863; baseline -0.005 -16"><span class='ocrx_word' id='word_1_219' title='bbox 436 2815 457 2840; x_wconf 87' lang='lat'><strong>«</strong></span> <span class='ocrx_word' id='word_1_220' title='bbox 503 2793 778 2863; x_wconf 89' lang='lat' dir='ltr'>Suscepit</span> <span class='ocrx_word' id='word_1_221' title='bbox 806 2794 1080 2847; x_wconf 89' lang='lat' dir='ltr'>Christus</span> <span class='ocrx_word' id='word_1_222' title='bbox 1111 2794 1182 2847; x_wconf 91' lang='lat' dir='ltr'>de</span> <span class='ocrx_word' id='word_1_223' title='bbox 1226 2796 1378 2845; x_wconf 87' lang='lat' dir='ltr'>terra</span> <span class='ocrx_word' id='word_1_224' title='bbox 1414 2793 1650 2852; x_wconf 84' lang='lat' dir='ltr'>terram,</span> <span class='ocrx_word' id='word_1_225' title='bbox 1687 2787 1822 2858; x_wconf 90' lang='lat' dir='ltr'>quia</span> <span class='ocrx_word' id='word_1_226' title='bbox 1852 2800 1989 2840; x_wconf 89' lang='lat' dir='ltr'>caro</span> <span class='ocrx_word' id='word_1_227' title='bbox 2023 2786 2094 2839; x_wconf 91' lang='lat' dir='ltr'>de</span> 
     </span>
    </p>
   </div>
   <div class='ocr_carea' id='block_1_31' title="bbox 429 2873 2094 2949">
    <p class='ocr_par' dir='ltr' id='par_1_31' title="bbox 429 2873 2094 2949">
     <span class='ocr_line' id='line_1_31' title="bbox 429 2873 2094 2949; baseline -0.006 -13"><span class='ocrx_word' id='word_1_228' title='bbox 429 2883 586 2937; x_wconf 75' lang='lat' dir='ltr'>te’rra</span> <span class='ocrx_word' id='word_1_229' title='bbox 616 2886 736 2949; x_wconf 84' lang='lat' dir='ltr'>est;</span> <span class='ocrx_word' id='word_1_230' title='bbox 771 2885 825 2936; x_wconf 91' lang='lat' dir='ltr'>et</span> <span class='ocrx_word' id='word_1_231' title='bbox 856 2882 927 2936; x_wconf 92' lang='lat' dir='ltr'>de</span> <span class='ocrx_word' id='word_1_232' title='bbox 959 2897 1135 2935; x_wconf 88' lang='lat' dir='ltr'>carne</span> <span class='ocrx_word' id='word_1_233' title='bbox 1174 2882 1376 2934; x_wconf 71' lang='lat' dir='ltr'>Mariae</span> <span class='ocrx_word' id='word_1_234' title='bbox 1400 2893 1634 2933; x_wconf 87' lang='lat' dir='ltr'>carnem</span> <span class='ocrx_word' id='word_1_235' title='bbox 1684 2875 1909 2944; x_wconf 88' lang='lat' dir='ltr'>accepit</span> <span class='ocrx_word' id='word_1_236' title='bbox 1966 2873 2094 2928; x_wconf 90' lang='lat' dir='ltr'>etin</span> 
     </span>
    </p>
   </div>
   <div class='ocr_carea' id='block_1_32' title="bbox 430 2962 2096 3041">
    <p class='ocr_par' dir='ltr' id='par_1_32' title="bbox 430 2962 2096 3041">
     <span class='ocr_line' id='line_1_32' title="bbox 430 2962 2096 3041; baseline -0.005 -17"><span class='ocrx_word' id='word_1_237' title='bbox 430 2970 558 3041; x_wconf 89' lang='lat' dir='ltr'>ipsa</span> <span class='ocrx_word' id='word_1_238' title='bbox 590 2986 766 3025; x_wconf 84' lang='lat' dir='ltr'>carne</span> <span class='ocrx_word' id='word_1_239' title='bbox 803 2971 896 3024; x_wconf 92' lang='lat' dir='ltr'>hic</span> <span class='ocrx_word' id='word_1_240' title='bbox 949 2971 1286 3036; x_wconf 88' lang='lat' dir='ltr'>ambulavit,</span> <span class='ocrx_word' id='word_1_241' title='bbox 1322 2972 1378 3023; x_wconf 87' lang='lat' dir='ltr'>et</span> <span class='ocrx_word' id='word_1_242' title='bbox 1417 2970 1605 3037; x_wconf 89' lang='lat' dir='ltr'>ipsam</span> <span class='ocrx_word' id='word_1_243' title='bbox 1640 2980 1878 3019; x_wconf 90' lang='lat' dir='ltr'>carnem</span> <span class='ocrx_word' id='word_1_244' title='bbox 1920 2962 2096 3016; x_wconf 89' lang='lat' dir='ltr'>nobis</span> 
     </span>
    </p>
   </div>
   <div class='ocr_carea' id='block_1_33' title="bbox 430 3051 2098 3113">
    <p class='ocr_par' dir='ltr' id='par_1_33' title="bbox 430 3051 2098 3113">
     <span class='ocr_line' id='line_1_33' title="bbox 430 3051 2098 3113; baseline -0.005 0"><span class='ocrx_word' id='word_1_245' title='bbox 430 3060 896 3113; x_wconf 75' lang='lat' dir='ltr'>manducandum</span> <span class='ocrx_word' id='word_1_246' title='bbox 929 3060 1000 3112; x_wconf 86' lang='lat' dir='ltr'>ad</span> <span class='ocrx_word' id='word_1_247' title='bbox 1026 3059 1273 3112; x_wconf 88' lang='lat' dir='ltr'>salutem</span> <span class='ocrx_word' id='word_1_248' title='bbox 1306 3057 1483 3111; x_wconf 86' lang='lat' dir='ltr'>dedit.</span> <span class='ocrx_word' id='word_1_249' title='bbox 1520 3078 1542 3102; x_wconf 72' lang='grc' dir='ltr'>ι»</span> <span class='ocrx_word' id='word_1_250' title='bbox 1580 3053 1650 3107; x_wconf 82' lang='lat' dir='ltr'>Et</span> <span class='ocrx_word' id='word_1_251' title='bbox 1682 3052 1858 3106; x_wconf 87' lang='lat' dir='ltr'>multa</span> <span class='ocrx_word' id='word_1_252' title='bbox 1896 3051 2005 3104; x_wconf 89' lang='lat' dir='ltr'>alia</span> <span class='ocrx_word' id='word_1_253' title='bbox 2038 3051 2098 3104; x_wconf 89' lang='lat' dir='ltr'>in</span> 
     </span>
    </p>
   </div>
   <div class='ocr_carea' id='block_1_34' title="bbox 429 3140 2099 3220">
    <p class='ocr_par' dir='ltr' id='par_1_34' title="bbox 429 3140 2099 3220">
     <span class='ocr_line' id='line_1_34' title="bbox 429 3140 2099 3220; baseline -0.005 -18"><span class='ocrx_word' id='word_1_254' title='bbox 429 3148 703 3220; x_wconf 89' lang='lat' dir='ltr'>pluribus</span> <span class='ocrx_word' id='word_1_255' title='bbox 745 3148 913 3202; x_wconf 88' lang='lat' dir='ltr'>libris</span> <span class='ocrx_word' id='word_1_256' title='bbox 965 3148 1092 3201; x_wconf 92' lang='lat' dir='ltr'>suis</span> <span class='ocrx_word' id='word_1_257' title='bbox 1138 3148 1195 3200; x_wconf 89' lang='lat' dir='ltr'>in</span> <span class='ocrx_word' id='word_1_258' title='bbox 1237 3148 1393 3200; x_wconf 89' lang='lat' dir='ltr'>hunc</span> <span class='ocrx_word' id='word_1_259' title='bbox 1431 3144 1689 3198; x_wconf 92' lang='lat' dir='ltr'>modum.</span> <span class='ocrx_word' id='word_1_260' title='bbox 1740 3140 1883 3195; x_wconf 91' lang='lat' dir='ltr'>Cum</span> <span class='ocrx_word' id='word_1_261' title='bbox 1916 3140 2099 3211; x_wconf 80' lang='lat' dir='ltr'>igitur</span> 
     </span>
    </p>
   </div>
   <div class='ocr_carea' id='block_1_35' title="bbox 428 3230 2174 3307">
    <p class='ocr_par' dir='ltr' id='par_1_35' title="bbox 428 3230 2174 3307">
     <span class='ocr_line' id='line_1_35' title="bbox 428 3230 2174 3307; baseline -0.007 -16"><span class='ocrx_word' id='word_1_262' title='bbox 428 3237 583 3291; x_wconf 88' lang='lat' dir='ltr'>beati</span> <span class='ocrx_word' id='word_1_263' title='bbox 620 3237 932 3307; x_wconf 82' lang='lat' dir='ltr'>Augustini</span> <span class='ocrx_word' id='word_1_264' title='bbox 955 3237 1173 3304; x_wconf 84' lang='lat' dir='ltr'>scripta</span> <span class='ocrx_word' id='word_1_265' title='bbox 1207 3239 1268 3289; x_wconf 89' lang='lat' dir='ltr'>ut</span> <span class='ocrx_word' id='word_1_266' title='bbox 1292 3234 1738 3288; x_wconf 90' lang='lat' dir='ltr'>sacrosanctum</span> <span class='ocrx_word' id='word_1_267' title='bbox 1764 3244 2019 3299; x_wconf 90' lang='lat' dir='ltr'>prorsus</span> <span class='ocrx_word' id='word_1_268' title='bbox 2043 3230 2100 3280; x_wconf 94' lang='lat' dir='ltr'>et</span> <span class='ocrx_word' id='word_1_269' title='bbox 2131 3230 2174 3253; x_wconf 83' lang='lat'><em>&quot;</em></span> 
     </span>
    </p>
   </div>
   <div class='ocr_carea' id='block_1_36' title="bbox 430 3317 2093 3387">
    <p class='ocr_par' dir='ltr' id='par_1_36' title="bbox 430 3317 2093 3387">
     <span class='ocr_line' id='line_1_36' title="bbox 430 3317 2093 3387; baseline -0.005 -9"><span class='ocrx_word' id='word_1_270' title='bbox 430 3324 832 3379; x_wconf 86' lang='lat' dir='ltr'>intemerabile</span> <span class='ocrx_word' id='word_1_271' title='bbox 882 3324 978 3378; x_wconf 90' lang='lat' dir='ltr'>isti</span> <span class='ocrx_word' id='word_1_272' title='bbox 1018 3328 1373 3378; x_wconf 87' lang='lat' dir='ltr'>venerentur</span> <span class='ocrx_word' id='word_1_273' title='bbox 1421 3325 1475 3376; x_wconf 92' lang='lat' dir='ltr'>et</span> <span class='ocrx_word' id='word_1_274' title='bbox 1512 3323 1767 3385; x_wconf 90' lang='lat' dir='ltr'>teneant,</span> <span class='ocrx_word' id='word_1_275' title='bbox 1814 3317 1953 3387; x_wconf 87' lang='lat' dir='ltr'>quid</span> <span class='ocrx_word' id='word_1_276' title='bbox 1989 3332 2093 3370; x_wconf 91' lang='lat' dir='ltr'>eos</span> 
     </span>
    </p>
   </div>
   <div class='ocr_carea' id='block_1_37' title="bbox 429 3403 2097 3484">
    <p class='ocr_par' dir='ltr' id='par_1_37' title="bbox 429 3403 2097 3484">
     <span class='ocr_line' id='line_1_37' title="bbox 429 3403 2097 3484; baseline -0.006 -17"><span class='ocrx_word' id='word_1_277' title='bbox 429 3413 587 3467; x_wconf 89' lang='lat' dir='ltr'>aliud</span> <span class='ocrx_word' id='word_1_278' title='bbox 632 3413 753 3484; x_wconf 87' lang='lat' dir='ltr'>jam</span> <span class='ocrx_word' id='word_1_279' title='bbox 802 3414 917 3467; x_wconf 90' lang='lat' dir='ltr'>nisi</span> <span class='ocrx_word' id='word_1_280' title='bbox 953 3413 1103 3467; x_wconf 79' lang='lat' dir='ltr'>forte</span> <span class='ocrx_word' id='word_1_281' title='bbox 1143 3412 1343 3465; x_wconf 86' lang='lat' dir='ltr'>inclita</span> <span class='ocrx_word' id='word_1_282' title='bbox 1382 3410 1480 3464; x_wconf 87' lang='lat' dir='ltr'>diu</span> <span class='ocrx_word' id='word_1_283' title='bbox 1538 3409 1775 3462; x_wconf 63' lang='lat' dir='ltr'>caecitas</span> <span class='ocrx_word' id='word_1_284' title='bbox 1811 3403 2097 3460; x_wconf 86' lang='lat' dir='ltr'>remorari</span> 
     </span>
    </p>
   </div>
   <div class='ocr_carea' id='block_1_38' title="bbox 426 3499 1452 3573">
    <p class='ocr_par' dir='ltr' id='par_1_38' title="bbox 426 3499 1452 3573">
     <span class='ocr_line' id='line_1_38' title="bbox 426 3499 1452 3573; baseline -0.005 -16"><span class='ocrx_word' id='word_1_285' title='bbox 426 3504 622 3573; x_wconf 90' lang='lat' dir='ltr'>potest</span> <span class='ocrx_word' id='word_1_286' title='bbox 648 3502 788 3571; x_wconf 92' lang='lat' dir='ltr'>quin</span> <span class='ocrx_word' id='word_1_287' title='bbox 819 3501 1129 3556; x_wconf 88' lang='lat' dir='ltr'>nobiscum</span> <span class='ocrx_word' id='word_1_288' title='bbox 1164 3499 1452 3554; x_wconf 80' lang='lat' dir='ltr'>credant?</span> 
     </span>
    </p>
   </div>
   <div class='ocr_carea' id='block_1_39' title="bbox 501 3580 2096 3660">
    <p class='ocr_par' dir='ltr' id='par_1_39' title="bbox 501 3580 2096 3660">
     <span class='ocr_line' id='line_1_39' title="bbox 501 3580 2096 3660; baseline -0.007 -16"><span class='ocrx_word' id='word_1_289' title='bbox 501 3591 619 3645; x_wconf 86' lang='lat' dir='ltr'>Sed</span> <span class='ocrx_word' id='word_1_290' title='bbox 632 3592 687 3643; x_wconf 90' lang='lat' dir='ltr'>et</span> <span class='ocrx_word' id='word_1_291' title='bbox 706 3593 767 3644; x_wconf 92' lang='lat' dir='ltr'>tu</span> <span class='ocrx_word' id='word_1_292' title='bbox 786 3590 994 3643; x_wconf 87' lang='lat' dir='ltr'>doctor</span> <span class='ocrx_word' id='word_1_293' title='bbox 1011 3589 1276 3660; x_wconf 77' lang='lat' dir='ltr'>egregie,</span> <span class='ocrx_word' id='word_1_294' title='bbox 1294 3585 1638 3641; x_wconf 86' lang='lat' dir='ltr'>beatissime</span> <span class='ocrx_word' id='word_1_295' title='bbox 1658 3581 1956 3649; x_wconf 87' lang='lat' dir='ltr'>Ambrosi,</span> <span class='ocrx_word' id='word_1_296' title='bbox 1978 3580 2096 3649; x_wconf 89' lang='lat' dir='ltr'>spi-</span> 
     </span>
    </p>
   </div>
   <div class='ocr_carea' id='block_1_40' title="bbox 429 3671 2095 3747">
    <p class='ocr_par' dir='ltr' id='par_1_40' title="bbox 429 3671 2095 3747">
     <span class='ocr_line' id='line_1_40' title="bbox 429 3671 2095 3747; baseline -0.006 -15"><span class='ocrx_word' id='word_1_297' title='bbox 429 3678 657 3733; x_wconf 89' lang='lat' dir='ltr'>ritualis</span> <span class='ocrx_word' id='word_1_298' title='bbox 674 3681 839 3747; x_wconf 91' lang='lat' dir='ltr'>pater</span> <span class='ocrx_word' id='word_1_299' title='bbox 853 3678 1007 3731; x_wconf 86' lang='lat' dir='ltr'>beati</span> <span class='ocrx_word' id='word_1_300' title='bbox 1025 3675 1543 3747; x_wconf 84' lang='lat' dir='ltr'>Augus&#39;ini,quem</span> <span class='ocrx_word' id='word_1_301' title='bbox 1563 3674 1717 3727; x_wconf 90' lang='lat' dir='ltr'>idem</span> <span class='ocrx_word' id='word_1_302' title='bbox 1734 3672 1826 3726; x_wconf 89' lang='lat' dir='ltr'>vir</span> <span class='ocrx_word' id='word_1_303' title='bbox 1846 3671 2095 3725; x_wconf 90' lang='lat' dir='ltr'>sanctis-</span> 
     </span>
    </p>
   </div>
   <div class='ocr_carea' id='block_1_41' title="bbox 430 3759 2096 3832">
    <p class='ocr_par' dir='ltr' id='par_1_41' title="bbox 430 3759 2096 3832">
     <span class='ocr_line' id='line_1_41' title="bbox 430 3759 2096 3832; baseline -0.006 -11"><span class='ocrx_word' id='word_1_304' title='bbox 430 3766 622 3821; x_wconf 88' lang='lat' dir='ltr'>simus</span> <span class='ocrx_word' id='word_1_305' title='bbox 653 3764 904 3819; x_wconf 87' lang='lat' dir='ltr'>inlibris</span> <span class='ocrx_word' id='word_1_306' title='bbox 947 3765 1095 3832; x_wconf 86' lang='lat' dir='ltr'>suis,</span> <span class='ocrx_word' id='word_1_307' title='bbox 1131 3767 1399 3818; x_wconf 91' lang='lat' dir='ltr'>sanctum</span> <span class='ocrx_word' id='word_1_308' title='bbox 1449 3766 1505 3817; x_wconf 90' lang='lat' dir='ltr'>et</span> <span class='ocrx_word' id='word_1_309' title='bbox 1551 3763 1785 3816; x_wconf 89' lang='lat' dir='ltr'>beatum</span> <span class='ocrx_word' id='word_1_310' title='bbox 1817 3759 2096 3826; x_wconf 89' lang='lat' dir='ltr'>nominat,</span> 
     </span>
    </p>
   </div>
   <div class='ocr_carea' id='block_1_42' title="bbox 431 3851 2101 3925">
    <p class='ocr_par' dir='ltr' id='par_1_42' title="bbox 431 3851 2101 3925">
     <span class='ocr_line' id='line_1_42' title="bbox 431 3851 2101 3925; baseline -0.006 -15"><span class='ocrx_word' id='word_1_311' title='bbox 431 3854 611 3925; x_wconf 89' lang='lat' dir='ltr'>cujus</span> <span class='ocrx_word' id='word_1_312' title='bbox 644 3855 1045 3908; x_wconf 89' lang='lat' dir='ltr'>auctoritatem</span> <span class='ocrx_word' id='word_1_313' title='bbox 1076 3856 1249 3917; x_wconf 92' lang='lat' dir='ltr'>(teste</span> <span class='ocrx_word' id='word_1_314' title='bbox 1281 3851 1632 3923; x_wconf 82' lang='lat' dir='ltr'>Augustino)</span> <span class='ocrx_word' id='word_1_315' title='bbox 1655 3852 1976 3919; x_wconf 73' lang='lat' dir='ltr'>martyrum</span> <span class='ocrx_word' id='word_1_316' title='bbox 2004 3862 2101 3900; x_wconf 92' lang='lat' dir='ltr'>re-</span> 
     </span>
    </p>
   </div>
   <div class='ocr_carea' id='block_1_43' title="bbox 430 3937 2099 4012">
    <p class='ocr_par' dir='ltr' id='par_1_43' title="bbox 430 3937 2099 4012">
     <span class='ocr_line' id='line_1_43' title="bbox 430 3937 2099 4012; baseline -0.005 -15"><span class='ocrx_word' id='word_1_317' title='bbox 430 3944 658 3999; x_wconf 88' lang='lat' dir='ltr'>velator</span> <span class='ocrx_word' id='word_1_318' title='bbox 687 3943 906 3997; x_wconf 86' lang='lat' dir='ltr'>Paulus</span> <span class='ocrx_word' id='word_1_319' title='bbox 939 3942 1243 4012; x_wconf 86' lang='lat' dir='ltr'>apostolus</span> <span class='ocrx_word' id='word_1_320' title='bbox 1260 3940 1665 3995; x_wconf 89' lang='lat' dir='ltr'>commendat:</span> <span class='ocrx_word' id='word_1_321' title='bbox 1699 3953 1871 4009; x_wconf 87' lang='lat' dir='ltr'>quem</span> <span class='ocrx_word' id='word_1_322' title='bbox 1888 3937 2099 3990; x_wconf 88' lang='lat' dir='ltr'>beatus</span> 
     </span>
    </p>
   </div>
   <div class='ocr_carea' id='block_1_44' title="bbox 430 4023 2099 4104">
    <p class='ocr_par' dir='ltr' id='par_1_44' title="bbox 430 4023 2099 4104">
     <span class='ocr_line' id='line_1_44' title="bbox 430 4023 2099 4104; baseline -0.007 -17"><span class='ocrx_word' id='word_1_323' title='bbox 430 4032 761 4104; x_wconf 85' lang='lat' dir='ltr'>Gregorius</span> <span class='ocrx_word' id='word_1_324' title='bbox 793 4033 884 4085; x_wconf 90' lang='lat' dir='ltr'>vir</span> <span class='ocrx_word' id='word_1_325' title='bbox 904 4032 1074 4100; x_wconf 87' lang='lat' dir='ltr'>plane</span> <span class='ocrx_word' id='word_1_326' title='bbox 1096 4031 1460 4100; x_wconf 88' lang='lat' dir='ltr'>apostolicus</span> <span class='ocrx_word' id='word_1_327' title='bbox 1478 4045 1600 4097; x_wconf 62' lang='lat' dir='ltr'>prie</span> <span class='ocrx_word' id='word_1_328' title='bbox 1626 4044 1692 4081; x_wconf 89' lang='lat' dir='ltr'>se</span> <span class='ocrx_word' id='word_1_329' title='bbox 1714 4027 1894 4097; x_wconf 88' lang='lat' dir='ltr'>gerit;</span> <span class='ocrx_word' id='word_1_330' title='bbox 1925 4023 2099 4093; x_wconf 88' lang='lat' dir='ltr'>cujus</span> 
     </span>
    </p>
   </div>
   <div class='ocr_carea' id='block_1_45' title="bbox 431 4115 2101 4191">
    <p class='ocr_par' dir='ltr' id='par_1_45' title="bbox 431 4115 2101 4191">
     <span class='ocr_line' id='line_1_45' title="bbox 431 4115 2101 4191; baseline -0.008 -14"><span class='ocrx_word' id='word_1_331' title='bbox 431 4122 759 4177; x_wconf 90' lang='lat' dir='ltr'>doctrinam</span> <span class='ocrx_word' id='word_1_332' title='bbox 783 4120 1179 4191; x_wconf 86' lang='lat' dir='ltr'>recipiendam</span> <span class='ocrx_word' id='word_1_333' title='bbox 1197 4117 1582 4172; x_wconf 89' lang='lat' dir='ltr'>beatissimus</span> <span class='ocrx_word' id='word_1_334' title='bbox 1596 4115 1953 4170; x_wconf 88' lang='lat' dir='ltr'>Benedictus</span> <span class='ocrx_word' id='word_1_335' title='bbox 1977 4117 2101 4167; x_wconf 88' lang='lat' dir='ltr'>tes-</span> 
     </span>
    </p>
   </div>
   <div class='ocr_carea' id='block_1_46' title="bbox 430 4202 2101 4281">
    <p class='ocr_par' dir='ltr' id='par_1_46' title="bbox 430 4202 2101 4281">
     <span class='ocr_line' id='line_1_46' title="bbox 430 4202 2101 4281; baseline -0.007 -15"><span class='ocrx_word' id='word_1_336' title='bbox 430 4215 488 4266; x_wconf 92' lang='lat' dir='ltr'>te</span> <span class='ocrx_word' id='word_1_337' title='bbox 501 4209 873 4281; x_wconf 89' lang='lat' dir='ltr'>S.Gregorio,</span> <span class='ocrx_word' id='word_1_338' title='bbox 883 4210 1220 4264; x_wconf 91' lang='lat' dir='ltr'>sanctorum</span> <span class='ocrx_word' id='word_1_339' title='bbox 1233 4207 1649 4277; x_wconf 88' lang='lat' dir='ltr'>prophetarum</span> <span class='ocrx_word' id='word_1_340' title='bbox 1666 4203 1881 4274; x_wconf 90' lang='lat' dir='ltr'>spiritu</span> <span class='ocrx_word' id='word_1_341' title='bbox 1894 4202 2101 4272; x_wconf 87' lang='lat' dir='ltr'>plenus</span> 
     </span>
    </p>
   </div>
   <div class='ocr_carea' id='block_1_47' title="bbox 422 4290 2104 4369">
    <p class='ocr_par' dir='ltr' id='par_1_47' title="bbox 422 4290 2104 4369">
     <span class='ocr_line' id='line_1_47' title="bbox 422 4290 2104 4369; baseline -0.007 -15"><span class='ocrx_word' id='word_1_342' title='bbox 422 4298 747 4369; x_wconf 83' lang='lat' dir='ltr'>judicavit;</span> <span class='ocrx_word' id='word_1_343' title='bbox 769 4299 861 4353; x_wconf 91' lang='lat' dir='ltr'>cui</span> <span class='ocrx_word' id='word_1_344' title='bbox 891 4298 1070 4352; x_wconf 86' lang='lat' dir='ltr'>totius</span> <span class='ocrx_word' id='word_1_345' title='bbox 1103 4296 1391 4349; x_wconf 79' lang='lat' dir='ltr'>Ecclesiae</span> <span class='ocrx_word' id='word_1_346' title='bbox 1420 4293 1878 4348; x_wconf 87' lang='lat' dir='ltr'>Mediolanensis</span> <span class='ocrx_word' id='word_1_347' title='bbox 1915 4290 2104 4361; x_wconf 84' lang='lat' dir='ltr'>gloria</span> 
     </span>
    </p>
   </div>
   <div class='ocr_carea' id='block_1_48' title="bbox 433 4377 2104 4458">
    <p class='ocr_par' dir='ltr' id='par_1_48' title="bbox 433 4377 2104 4458">
     <span class='ocr_line' id='line_1_48' title="bbox 433 4377 2104 4458; baseline -0.007 -16"><span class='ocrx_word' id='word_1_348' title='bbox 433 4389 773 4458; x_wconf 87' lang='lat' dir='ltr'>specialiter</span> <span class='ocrx_word' id='word_1_349' title='bbox 794 4389 1138 4453; x_wconf 86' lang='lat' dir='ltr'>attestatur;</span> <span class='ocrx_word' id='word_1_350' title='bbox 1171 4401 1343 4455; x_wconf 88' lang='lat' dir='ltr'>quem</span> <span class='ocrx_word' id='word_1_351' title='bbox 1378 4383 1582 4436; x_wconf 91' lang='lat' dir='ltr'>merito</span> <span class='ocrx_word' id='word_1_352' title='bbox 1605 4382 1742 4436; x_wconf 87' lang='lat' dir='ltr'>ﬁdei</span> <span class='ocrx_word' id='word_1_353' title='bbox 1760 4385 1917 4435; x_wconf 88' lang='lat' dir='ltr'>totus</span> <span class='ocrx_word' id='word_1_354' title='bbox 1940 4377 2104 4432; x_wconf 91' lang='lat' dir='ltr'>orbis</span> 
     </span>
    </p>
   </div>
   <div class='ocr_carea' id='block_1_49' title="bbox 432 4469 2104 4546">
    <p class='ocr_par' dir='ltr' id='par_1_49' title="bbox 432 4469 2104 4546">
     <span class='ocr_line' id='line_1_49' title="bbox 432 4469 2104 4546; baseline -0.005 -19"><span class='ocrx_word' id='word_1_355' title='bbox 432 4481 787 4531; x_wconf 87' lang='lat' dir='ltr'>veneranter</span> <span class='ocrx_word' id='word_1_356' title='bbox 816 4474 1189 4546; x_wconf 89' lang='lat' dir='ltr'>amplectitur</span> <span class='ocrx_word' id='word_1_357' title='bbox 1213 4474 1351 4541; x_wconf 90' lang='lat' dir='ltr'>(non</span> <span class='ocrx_word' id='word_1_358' title='bbox 1368 4472 1523 4526; x_wconf 90' lang='lat' dir='ltr'>enim</span> <span class='ocrx_word' id='word_1_359' title='bbox 1548 4473 1631 4525; x_wconf 94' lang='lat' dir='ltr'>tot</span> <span class='ocrx_word' id='word_1_360' title='bbox 1661 4472 1717 4524; x_wconf 90' lang='lat' dir='ltr'>et</span> <span class='ocrx_word' id='word_1_361' title='bbox 1745 4469 1889 4524; x_wconf 91' lang='lat' dir='ltr'>tanti</span> <span class='ocrx_word' id='word_1_362' title='bbox 1918 4469 2104 4522; x_wconf 88' lang='lat' dir='ltr'>testes</span> 
     </span>
    </p>
   </div>
   <div class='ocr_carea' id='block_1_50' title="bbox 433 4554 2101 4629">
    <p class='ocr_par' dir='ltr' id='par_1_50' title="bbox 433 4554 2101 4629">
     <span class='ocr_line' id='line_1_50' title="bbox 433 4554 2101 4629; baseline -0.008 -8"><span class='ocrx_word' id='word_1_363' title='bbox 433 4567 488 4621; x_wconf 90' lang='lat' dir='ltr'>si</span> <span class='ocrx_word' id='word_1_364' title='bbox 508 4569 566 4621; x_wconf 91' lang='lat' dir='ltr'>te</span> <span class='ocrx_word' id='word_1_365' title='bbox 587 4566 645 4618; x_wconf 91' lang='lat' dir='ltr'>in</span> <span class='ocrx_word' id='word_1_366' title='bbox 659 4565 771 4619; x_wconf 86' lang='lat' dir='ltr'>ﬁde</span> <span class='ocrx_word' id='word_1_367' title='bbox 791 4564 1074 4618; x_wconf 88' lang='lat' dir='ltr'>catholica</span> <span class='ocrx_word' id='word_1_368' title='bbox 1094 4578 1299 4617; x_wconf 89' lang='lat' dir='ltr'>errare</span> <span class='ocrx_word' id='word_1_369' title='bbox 1313 4562 1595 4629; x_wconf 90' lang='lat' dir='ltr'>scissent,</span> <span class='ocrx_word' id='word_1_370' title='bbox 1611 4562 1770 4613; x_wconf 90' lang='lat' dir='ltr'>tanto</span> <span class='ocrx_word' id='word_1_371' title='bbox 1801 4554 2101 4626; x_wconf 60' lang='lat' dir='ltr'>praeconio</span> 
     </span>
    </p>
   </div>
   <div class='ocr_carea' id='block_1_51' title="bbox 433 4643 2099 4724">
    <p class='ocr_par' dir='ltr' id='par_1_51' title="bbox 433 4643 2099 4724">
     <span class='ocr_line' id='line_1_51' title="bbox 433 4643 2099 4724; baseline -0.007 -15"><span class='ocrx_word' id='word_1_372' title='bbox 433 4658 489 4710; x_wconf 89' lang='lat' dir='ltr'>te</span> <span class='ocrx_word' id='word_1_373' title='bbox 519 4653 1001 4724; x_wconf 68' lang='lat' dir='ltr'>prmdicasseut):</span> <span class='ocrx_word' id='word_1_374' title='bbox 1039 4652 1177 4722; x_wconf 90' lang='lat' dir='ltr'>quid</span> <span class='ocrx_word' id='word_1_375' title='bbox 1202 4655 1284 4717; x_wconf 92' lang='lat' dir='ltr'>tu,</span> <span class='ocrx_word' id='word_1_376' title='bbox 1318 4651 1577 4719; x_wconf 89' lang='lat' dir='ltr'>inquam,</span> <span class='ocrx_word' id='word_1_377' title='bbox 1613 4648 1684 4702; x_wconf 92' lang='lat' dir='ltr'>de</span> <span class='ocrx_word' id='word_1_378' title='bbox 1711 4643 2099 4701; x_wconf 87' lang='lat' dir='ltr'>sacramentis</span> 
     </span>
    </p>
   </div>
   <div class='ocr_carea' id='block_1_52' title="bbox 436 4730 2099 4809">
    <p class='ocr_par' dir='ltr' id='par_1_52' title="bbox 436 4730 2099 4809">
     <span class='ocr_line' id='line_1_52' title="bbox 436 4730 2099 4809; baseline -0.007 -13"><span class='ocrx_word' id='word_1_379' title='bbox 436 4742 639 4797; x_wconf 88' lang='lat' dir='ltr'>altaris</span> <span class='ocrx_word' id='word_1_380' title='bbox 654 4742 878 4796; x_wconf 89' lang='lat' dir='ltr'>sentias</span> <span class='ocrx_word' id='word_1_381' title='bbox 899 4740 1226 4809; x_wconf 86' lang='lat' dir='ltr'>explanate.</span> <span class='ocrx_word' id='word_1_382' title='bbox 1249 4738 1463 4791; x_wconf 79' lang='lat' dir='ltr'>Dixisti</span> <span class='ocrx_word' id='word_1_383' title='bbox 1482 4740 1639 4791; x_wconf 75' lang='lat' dir='ltr'>certe</span> <span class='ocrx_word' id='word_1_384' title='bbox 1659 4737 1716 4789; x_wconf 93' lang='lat' dir='ltr'>in</span> <span class='ocrx_word' id='word_1_385' title='bbox 1732 4735 1883 4789; x_wconf 89' lang='lat' dir='ltr'>libro</span> <span class='ocrx_word' id='word_1_386' title='bbox 1902 4730 2001 4787; x_wconf 89' lang='lat' dir='ltr'>tuo</span> <span class='ocrx_word' id='word_1_387' title='bbox 2017 4732 2099 4786; x_wconf 90' lang='lat' dir='ltr'>De</span> 
     </span>
    </p>
   </div>
   <div class='ocr_carea' id='block_1_53' title="bbox 434 4821 2104 4898">
    <p class='ocr_par' dir='ltr' id='par_1_53' title="bbox 434 4821 2104 4898">
     <span class='ocr_line' id='line_1_53' title="bbox 434 4821 2104 4898; baseline -0.009 -12"><span class='ocrx_word' id='word_1_388' title='bbox 434 4829 1170 4898; x_wconf 71' lang='lat' dir='ltr'>sacramentis(lib.vr,cap.</span> <span class='ocrx_word' id='word_1_389' title='bbox 1189 4827 1261 4892; x_wconf 74' lang='lat'>1):</span> <span class='ocrx_word' id='word_1_390' title='bbox 1275 4849 1295 4872; x_wconf 79' lang='grc' dir='ltr'>α</span> <span class='ocrx_word' id='word_1_391' title='bbox 1315 4826 1478 4880; x_wconf 83' lang='lat' dir='ltr'>Sicut</span> <span class='ocrx_word' id='word_1_392' title='bbox 1492 4840 1670 4879; x_wconf 90' lang='lat' dir='ltr'>verus</span> <span class='ocrx_word' id='word_1_393' title='bbox 1688 4823 1789 4877; x_wconf 86' lang='lat' dir='ltr'>Dei</span> <span class='ocrx_word' id='word_1_394' title='bbox 1804 4821 1991 4876; x_wconf 88' lang='lat' dir='ltr'>Filius</span> <span class='ocrx_word' id='word_1_395' title='bbox 2006 4821 2104 4874; x_wconf 91' lang='lat' dir='ltr'>est</span> 
     </span>
    </p>
   </div>
   <div class='ocr_carea' id='block_1_54' title="bbox 433 4908 2103 4976">
    <p class='ocr_par' dir='ltr' id='par_1_54' title="bbox 433 4908 2103 4976">
     <span class='ocr_line' id='line_1_54' title="bbox 433 4908 2103 4976; baseline -0.009 0"><span class='ocrx_word' id='word_1_396' title='bbox 433 4920 719 4976; x_wconf 89' lang='lat' dir='ltr'>Dominus</span> <span class='ocrx_word' id='word_1_397' title='bbox 735 4921 937 4974; x_wconf 89' lang='lat' dir='ltr'>noster</span> <span class='ocrx_word' id='word_1_398' title='bbox 949 4919 1129 4972; x_wconf 83' lang='lat' dir='ltr'>Jesus</span> <span class='ocrx_word' id='word_1_399' title='bbox 1144 4916 1434 4973; x_wconf 87' lang='lat' dir='ltr'>Christus.</span> <span class='ocrx_word' id='word_1_400' title='bbox 1460 4931 1576 4968; x_wconf 89' lang='lat' dir='ltr'>non</span> <span class='ocrx_word' id='word_1_401' title='bbox 1600 4913 1754 4967; x_wconf 89' lang='lat' dir='ltr'>sicut</span> <span class='ocrx_word' id='word_1_402' title='bbox 1776 4911 1972 4965; x_wconf 85' lang='lat' dir='ltr'>caeteri</span> <span class='ocrx_word' id='word_1_403' title='bbox 1997 4908 2103 4962; x_wconf 89' lang='lat' dir='ltr'>ho-</span> 
     </span>
    </p>
   </div>
   <div class='ocr_carea' id='block_1_55' title="bbox 434 5002 2106 5079">
    <p class='ocr_par' dir='ltr' id='par_1_55' title="bbox 434 5002 2106 5079">
     <span class='ocr_line' id='line_1_55' title="bbox 434 5002 2106 5079; baseline -0.008 -16"><span class='ocrx_word' id='word_1_404' title='bbox 434 5010 626 5064; x_wconf 90' lang='lat' dir='ltr'>mines</span> <span class='ocrx_word' id='word_1_405' title='bbox 658 5024 764 5078; x_wconf 91' lang='lat' dir='ltr'>per</span> <span class='ocrx_word' id='word_1_406' title='bbox 811 5007 1079 5079; x_wconf 86' lang='lat' dir='ltr'>gratiam,</span> <span class='ocrx_word' id='word_1_407' title='bbox 1114 5005 1221 5059; x_wconf 89' lang='lat' dir='ltr'>sed</span> <span class='ocrx_word' id='word_1_408' title='bbox 1276 5003 1442 5073; x_wconf 86' lang='lat' dir='ltr'>quasi</span> <span class='ocrx_word' id='word_1_409' title='bbox 1480 5002 1635 5056; x_wconf 85' lang='lat' dir='ltr'>ﬁlius</span> <span class='ocrx_word' id='word_1_410' title='bbox 1669 5016 1776 5070; x_wconf 88' lang='lat' dir='ltr'>per</span> <span class='ocrx_word' id='word_1_411' title='bbox 1814 5002 2106 5063; x_wconf 89' lang='lat' dir='ltr'>naturam,</span> 
     </span>
    </p>
   </div>
   <div class='ocr_carea' id='block_1_56' title="bbox 437 5086 2107 5167">
    <p class='ocr_par' dir='ltr' id='par_1_56' title="bbox 437 5086 2107 5167">
     <span class='ocr_line' id='line_1_56' title="bbox 437 5086 2107 5167; baseline -0.009 -15"><span class='ocrx_word' id='word_1_412' title='bbox 437 5098 497 5151; x_wconf 89' lang='lat' dir='ltr'>id</span> <span class='ocrx_word' id='word_1_413' title='bbox 527 5100 637 5167; x_wconf 91' lang='lat' dir='ltr'>est,</span> <span class='ocrx_word' id='word_1_414' title='bbox 672 5114 746 5151; x_wconf 88' lang='lat' dir='ltr'>ex</span> <span class='ocrx_word' id='word_1_415' title='bbox 790 5095 1120 5151; x_wconf 87' lang='lat' dir='ltr'>substantia</span> <span class='ocrx_word' id='word_1_416' title='bbox 1164 5092 1378 5159; x_wconf 87' lang='lat' dir='ltr'>Patris,</span> <span class='ocrx_word' id='word_1_417' title='bbox 1414 5093 1490 5145; x_wconf 90' lang='lat' dir='ltr'>ita</span> <span class='ocrx_word' id='word_1_418' title='bbox 1512 5106 1649 5144; x_wconf 89' lang='lat' dir='ltr'>vera</span> <span class='ocrx_word' id='word_1_419' title='bbox 1686 5088 1821 5159; x_wconf 88' lang='lat' dir='ltr'>ejus</span> <span class='ocrx_word' id='word_1_420' title='bbox 1845 5102 1981 5141; x_wconf 89' lang='lat' dir='ltr'>caro</span> <span class='ocrx_word' id='word_1_421' title='bbox 2014 5086 2107 5138; x_wconf 90' lang='lat' dir='ltr'>est</span> 
     </span>
    </p>
   </div>
   <div class='ocr_carea' id='block_1_57' title="bbox 439 5177 2110 5256">
    <p class='ocr_par' dir='ltr' id='par_1_57' title="bbox 439 5177 2110 5256">
     <span class='ocr_line' id='line_1_57' title="bbox 439 5177 2110 5256; baseline -0.008 -17"><span class='ocrx_word' id='word_1_422' title='bbox 439 5201 613 5256; x_wconf 89' lang='lat' dir='ltr'>quam</span> <span class='ocrx_word' id='word_1_423' title='bbox 636 5186 947 5253; x_wconf 88' lang='lat' dir='ltr'>sumimus,</span> <span class='ocrx_word' id='word_1_424' title='bbox 981 5187 1037 5237; x_wconf 90' lang='lat' dir='ltr'>et</span> <span class='ocrx_word' id='word_1_425' title='bbox 1069 5197 1251 5236; x_wconf 89' lang='lat' dir='ltr'>verus</span> <span class='ocrx_word' id='word_1_426' title='bbox 1274 5180 1406 5250; x_wconf 90' lang='lat' dir='ltr'>ejus</span> <span class='ocrx_word' id='word_1_427' title='bbox 1426 5177 1674 5248; x_wconf 86' lang='lat' dir='ltr'>sanguis</span> <span class='ocrx_word' id='word_1_428' title='bbox 1701 5180 1791 5230; x_wconf 89' lang='lat' dir='ltr'>est</span> <span class='ocrx_word' id='word_1_429' title='bbox 1814 5190 1985 5246; x_wconf 86' lang='lat' dir='ltr'>quem</span> <span class='ocrx_word' id='word_1_430' title='bbox 2012 5188 2110 5243; x_wconf 88' lang='lat' dir='ltr'>po-</span> 
     </span>
    </p>
   </div>
   <div class='ocr_carea' id='block_1_58' title="bbox 438 5263 2109 5343">
    <p class='ocr_par' dir='ltr' id='par_1_58' title="bbox 438 5263 2109 5343">
     <span class='ocr_line' id='line_1_58' title="bbox 438 5263 2109 5343; baseline -0.008 -16"><span class='ocrx_word' id='word_1_431' title='bbox 438 5276 652 5327; x_wconf 89' lang='lat' dir='ltr'>tamus.</span> <span class='ocrx_word' id='word_1_432' title='bbox 693 5297 713 5319; x_wconf 77' lang='lat'><strong>»</strong></span> <span class='ocrx_word' id='word_1_433' title='bbox 748 5274 943 5327; x_wconf 90' lang='lat' dir='ltr'>Teneo</span> <span class='ocrx_word' id='word_1_434' title='bbox 968 5287 1112 5343; x_wconf 91' lang='lat' dir='ltr'>ergo</span> <span class='ocrx_word' id='word_1_435' title='bbox 1136 5274 1192 5324; x_wconf 90' lang='lat' dir='ltr'>te</span> <span class='ocrx_word' id='word_1_436' title='bbox 1216 5270 1461 5335; x_wconf 74' lang='lat' dir='ltr'>dixisse,</span> <span class='ocrx_word' id='word_1_437' title='bbox 1488 5267 1624 5337; x_wconf 88' lang='lat' dir='ltr'>quia</span> <span class='ocrx_word' id='word_1_438' title='bbox 1647 5281 1783 5319; x_wconf 90' lang='lat' dir='ltr'>vera</span> <span class='ocrx_word' id='word_1_439' title='bbox 1808 5263 1941 5333; x_wconf 89' lang='lat' dir='ltr'>ejus</span> <span class='ocrx_word' id='word_1_440' title='bbox 1969 5278 2109 5316; x_wconf 90' lang='lat' dir='ltr'>caro</span> 
     </span>
    </p>
   </div>
   <div class='ocr_carea' id='block_1_59' title="bbox 440 5354 2109 5430">
    <p class='ocr_par' dir='ltr' id='par_1_59' title="bbox 440 5354 2109 5430">
     <span class='ocr_line' id='line_1_59' title="bbox 440 5354 2109 5430; baseline -0.008 -13"><span class='ocrx_word' id='word_1_441' title='bbox 440 5364 535 5417; x_wconf 89' lang='lat' dir='ltr'>est</span> <span class='ocrx_word' id='word_1_442' title='bbox 564 5376 738 5430; x_wconf 89' lang='lat' dir='ltr'>quam</span> <span class='ocrx_word' id='word_1_443' title='bbox 769 5363 1079 5422; x_wconf 88' lang='lat' dir='ltr'>sumimus,</span> <span class='ocrx_word' id='word_1_444' title='bbox 1115 5364 1171 5414; x_wconf 88' lang='lat' dir='ltr'>et</span> <span class='ocrx_word' id='word_1_445' title='bbox 1193 5374 1371 5412; x_wconf 89' lang='lat' dir='ltr'>verus</span> <span class='ocrx_word' id='word_1_446' title='bbox 1394 5354 1792 5428; x_wconf 86' lang='lat' dir='ltr'>ejussanguis</span> <span class='ocrx_word' id='word_1_447' title='bbox 1821 5355 1912 5406; x_wconf 89' lang='lat' dir='ltr'>est</span> <span class='ocrx_word' id='word_1_448' title='bbox 1936 5366 2109 5421; x_wconf 90' lang='lat' dir='ltr'>quem</span> 
     </span>
    </p>
   </div>
   <div class='ocr_carea' id='block_1_60' title="bbox 438 5441 2117 5521">
    <p class='ocr_par' dir='ltr' id='par_1_60' title="bbox 438 5441 2117 5521">
     <span class='ocr_line' id='line_1_60' title="bbox 438 5441 2117 5521; baseline -0.008 -16"><span class='ocrx_word' id='word_1_449' title='bbox 438 5452 736 5521; x_wconf 90' lang='lat' dir='ltr'>potamus.</span> <span class='ocrx_word' id='word_1_450' title='bbox 760 5449 873 5502; x_wconf 91' lang='lat' dir='ltr'>Sed</span> <span class='ocrx_word' id='word_1_451' title='bbox 893 5452 1184 5518; x_wconf 86' lang='lat' dir='ltr'>quatenus</span> <span class='ocrx_word' id='word_1_452' title='bbox 1234 5463 1372 5501; x_wconf 90' lang='lat' dir='ltr'>vera</span> <span class='ocrx_word' id='word_1_453' title='bbox 1388 5448 1417 5500; x_wconf 87' lang='lat'>‘?</span> <span class='ocrx_word' id='word_1_454' title='bbox 1443 5445 1723 5516; x_wconf 85' lang='lat' dir='ltr'>Figurate</span> <span class='ocrx_word' id='word_1_455' title='bbox 1746 5458 1815 5495; x_wconf 87' lang='lat' dir='ltr'>an</span> <span class='ocrx_word' id='word_1_456' title='bbox 1840 5441 2117 5494; x_wconf 86' lang='lat' dir='ltr'>substan-</span> 
     </span>
    </p>
   </div>
   <div class='ocr_carea' id='block_1_61' title="bbox 438 5527 2115 5606">
    <p class='ocr_par' dir='ltr' id='par_1_61' title="bbox 438 5527 2115 5606">
     <span class='ocr_line' id='line_1_61' title="bbox 438 5527 2115 5606; baseline -0.008 -12"><span class='ocrx_word' id='word_1_457' title='bbox 438 5541 560 5594; x_wconf 86' lang='lat' dir='ltr'>tive</span> <span class='ocrx_word' id='word_1_458' title='bbox 571 5540 599 5593; x_wconf 82' lang='lat'>‘?</span> <span class='ocrx_word' id='word_1_459' title='bbox 616 5538 773 5592; x_wconf 91' lang='lat' dir='ltr'>Doce</span> <span class='ocrx_word' id='word_1_460' title='bbox 787 5552 891 5606; x_wconf 84' lang='lat' dir='ltr'>per</span> <span class='ocrx_word' id='word_1_461' title='bbox 906 5538 1284 5605; x_wconf 79' lang='lat' dir='ltr'>praepositam</span> <span class='ocrx_word' id='word_1_462' title='bbox 1296 5538 1344 5590; x_wconf 75' lang='lat' dir='ltr'>si</span> <span class='ocrx_word' id='word_1_463' title='bbox 1355 5529 1863 5600; x_wconf 80' lang='lat' dir='ltr'>militudinem,cuj</span> <span class='ocrx_word' id='word_1_464' title='bbox 1874 5527 2115 5583; x_wconf 89' lang='lat' dir='ltr'>usmodi</span> 
     </span>
    </p>
   </div>
   <div class='ocr_carea' id='block_1_62' title="bbox 440 5616 2113 5707">
    <p class='ocr_par' dir='ltr' id='par_1_62' title="bbox 440 5616 2113 5707">
     <span class='ocr_line' id='line_1_62' title="bbox 440 5616 2113 5707; baseline -0.011 -17"><span class='ocrx_word' id='word_1_465' title='bbox 440 5628 847 5707; x_wconf 74' lang='lat' dir='ltr'>intelligamus</span> <span class='ocrx_word' id='word_1_466' title='bbox 878 5625 1030 5679; x_wconf 90' lang='lat' dir='ltr'>hanc</span> <span class='ocrx_word' id='word_1_467' title='bbox 1060 5626 1387 5681; x_wconf 88' lang='lat' dir='ltr'>veritatem.</span> <span class='ocrx_word' id='word_1_468' title='bbox 1419 5622 1585 5680; x_wconf 88' lang='lat' dir='ltr'>Sicut</span> <span class='ocrx_word' id='word_1_469' title='bbox 1606 5635 1786 5678; x_wconf 74' lang='lat' dir='ltr'>verus</span> <span class='ocrx_word' id='word_1_470' title='bbox 1808 5617 1913 5674; x_wconf 90' lang='lat' dir='ltr'>Dei</span> <span class='ocrx_word' id='word_1_471' title='bbox 1926 5616 2113 5672; x_wconf 88' lang='lat' dir='ltr'>Filius</span> 
     </span>
    </p>
   </div>
   <div class='ocr_carea' id='block_1_63' title="bbox 2205 544 3876 615">
    <p class='ocr_par' dir='ltr' id='par_1_63' title="bbox 2205 544 3876 615">
     <span class='ocr_line' id='line_1_63' title="bbox 2205 544 3876 615; baseline -0.002 -14"><span class='ocrx_word' id='word_1_472' title='bbox 2205 551 2315 601; x_wconf 90' lang='lat' dir='ltr'>est.</span> <span class='ocrx_word' id='word_1_473' title='bbox 2349 548 2553 602; x_wconf 86' lang='lat' dir='ltr'>Potest</span> <span class='ocrx_word' id='word_1_474' title='bbox 2579 547 2754 614; x_wconf 88' lang='lat' dir='ltr'>enim,</span> <span class='ocrx_word' id='word_1_475' title='bbox 2776 547 2928 600; x_wconf 89' lang='lat' dir='ltr'>sicut</span> <span class='ocrx_word' id='word_1_476' title='bbox 2948 548 3149 600; x_wconf 85' lang='lat' dir='ltr'>caeteri</span> <span class='ocrx_word' id='word_1_477' title='bbox 3172 545 3613 615; x_wconf 89' lang='lat' dir='ltr'>hominesjusli</span> <span class='ocrx_word' id='word_1_478' title='bbox 3646 544 3750 597; x_wconf 88' lang='lat' dir='ltr'>ﬁlii</span> <span class='ocrx_word' id='word_1_479' title='bbox 3774 544 3876 597; x_wconf 87' lang='lat' dir='ltr'>Dei</span> 
     </span>
    </p>
   </div>
   <div class='ocr_carea' id='block_1_64' title="bbox 2208 633 3867 707">
    <p class='ocr_par' dir='ltr' id='par_1_64' title="bbox 2208 633 3867 707">
     <span class='ocr_line' id='line_1_64' title="bbox 2208 633 3867 707; baseline -0.004 -17"><span class='ocrx_word' id='word_1_480' title='bbox 2208 640 2346 690; x_wconf 88' lang='lat' dir='ltr'>sunt</span> <span class='ocrx_word' id='word_1_481' title='bbox 2368 652 2473 706; x_wconf 88' lang='lat' dir='ltr'>per</span> <span class='ocrx_word' id='word_1_482' title='bbox 2502 636 2768 707; x_wconf 87' lang='lat' dir='ltr'>gratiam,</span> <span class='ocrx_word' id='word_1_483' title='bbox 2794 639 2848 689; x_wconf 89' lang='lat' dir='ltr'>et</span> <span class='ocrx_word' id='word_1_484' title='bbox 2876 636 3005 704; x_wconf 88' lang='lat' dir='ltr'>ipse</span> <span class='ocrx_word' id='word_1_485' title='bbox 3019 635 3346 688; x_wconf 87' lang='lat' dir='ltr'>secundum</span> <span class='ocrx_word' id='word_1_486' title='bbox 3369 634 3525 703; x_wconf 91' lang='lat' dir='ltr'>quod</span> <span class='ocrx_word' id='word_1_487' title='bbox 3558 633 3742 686; x_wconf 87' lang='lat' dir='ltr'>homo</span> <span class='ocrx_word' id='word_1_488' title='bbox 3764 636 3867 699; x_wconf 88' lang='lat' dir='ltr'>est,</span> 
     </span>
    </p>
   </div>
   <div class='ocr_carea' id='block_1_65' title="bbox 2208 721 3869 794">
    <p class='ocr_par' dir='ltr' id='par_1_65' title="bbox 2208 721 3869 794">
     <span class='ocr_line' id='line_1_65' title="bbox 2208 721 3869 794; baseline -0.002 -17"><span class='ocrx_word' id='word_1_489' title='bbox 2208 725 2324 779; x_wconf 87' lang='lat' dir='ltr'>dici</span> <span class='ocrx_word' id='word_1_490' title='bbox 2354 740 2532 777; x_wconf 91' lang='lat' dir='ltr'>verus</span> <span class='ocrx_word' id='word_1_491' title='bbox 2562 725 2715 777; x_wconf 83' lang='lat' dir='ltr'>iilius</span> <span class='ocrx_word' id='word_1_492' title='bbox 2750 725 2850 777; x_wconf 90' lang='lat' dir='ltr'>Dei</span> <span class='ocrx_word' id='word_1_493' title='bbox 2882 740 2987 794; x_wconf 89' lang='lat' dir='ltr'>per</span> <span class='ocrx_word' id='word_1_494' title='bbox 3006 728 3279 794; x_wconf 78' lang='lat' dir='ltr'>gratiam,</span> <span class='ocrx_word' id='word_1_495' title='bbox 3311 723 3444 775; x_wconf 85' lang='lat' dir='ltr'>licet</span> <span class='ocrx_word' id='word_1_496' title='bbox 3496 721 3869 775; x_wconf 78' lang='lat' dir='ltr'>incii&#39;abiliter</span> 
     </span>
    </p>
   </div>
   <div class='ocr_carea' id='block_1_66' title="bbox 2209 810 3877 882">
    <p class='ocr_par' dir='ltr' id='par_1_66' title="bbox 2209 810 3877 882">
     <span class='ocr_line' id='line_1_66' title="bbox 2209 810 3877 882; baseline -0.002 -15"><span class='ocrx_word' id='word_1_497' title='bbox 2209 814 2548 882; x_wconf 88' lang='lat' dir='ltr'>ampliorem</span> <span class='ocrx_word' id='word_1_498' title='bbox 2570 817 2627 867; x_wconf 89' lang='lat' dir='ltr'>et</span> <span class='ocrx_word' id='word_1_499' title='bbox 2646 814 3121 867; x_wconf 87' lang='lat' dir='ltr'>excellentiorem</span> <span class='ocrx_word' id='word_1_500' title='bbox 3148 828 3321 882; x_wconf 89' lang='lat' dir='ltr'>quam</span> <span class='ocrx_word' id='word_1_501' title='bbox 3348 811 3547 865; x_wconf 74' lang='lat' dir='ltr'>caeteri</span> <span class='ocrx_word' id='word_1_502' title='bbox 3578 810 3877 863; x_wconf 88' lang='lat' dir='ltr'>homines.</span> 
     </span>
    </p>
   </div>
   <div class='ocr_carea' id='block_1_67' title="bbox 2208 898 3873 970">
    <p class='ocr_par' dir='ltr' id='par_1_67' title="bbox 2208 898 3873 970">
     <span class='ocr_line' id='line_1_67' title="bbox 2208 898 3873 970; baseline -0.002 -16"><span class='ocrx_word' id='word_1_503' title='bbox 2208 900 2371 954; x_wconf 82' lang='lat' dir='ltr'>Adde</span> <span class='ocrx_word' id='word_1_504' title='bbox 2405 900 2561 970; x_wconf 91' lang='lat' dir='ltr'>quod</span> <span class='ocrx_word' id='word_1_505' title='bbox 2593 901 2740 953; x_wconf 90' lang='lat' dir='ltr'>satis</span> <span class='ocrx_word' id='word_1_506' title='bbox 2763 907 2871 955; x_wconf 88' lang='lat' dir='ltr'>est.</span> <span class='ocrx_word' id='word_1_507' title='bbox 2908 900 3039 953; x_wconf 88' lang='lat' dir='ltr'>Non</span> <span class='ocrx_word' id='word_1_508' title='bbox 3072 900 3227 953; x_wconf 89' lang='lat' dir='ltr'>sicut</span> <span class='ocrx_word' id='word_1_509' title='bbox 3247 899 3444 952; x_wconf 65' lang='lat' dir='ltr'>caeteri</span> <span class='ocrx_word' id='word_1_510' title='bbox 3473 898 3755 951; x_wconf 84' lang='lat' dir='ltr'>homines</span> <span class='ocrx_word' id='word_1_511' title='bbox 3776 912 3873 967; x_wconf 86' lang='lat' dir='ltr'>per</span> 
     </span>
    </p>
   </div>
   <div class='ocr_carea' id='block_1_68' title="bbox 2209 986 3877 1060">
    <p class='ocr_par' dir='ltr' id='par_1_68' title="bbox 2209 986 3877 1060">
     <span class='ocr_line' id='line_1_68' title="bbox 2209 986 3877 1060; baseline -0.002 -18"><span class='ocrx_word' id='word_1_512' title='bbox 2209 990 2479 1060; x_wconf 79' lang='lat' dir='ltr'>gratiam,</span> <span class='ocrx_word' id='word_1_513' title='bbox 2516 990 2621 1043; x_wconf 89' lang='lat' dir='ltr'>sed</span> <span class='ocrx_word' id='word_1_514' title='bbox 2670 989 2841 1058; x_wconf 89' lang='lat' dir='ltr'>quasi</span> <span class='ocrx_word' id='word_1_515' title='bbox 2888 989 3047 1042; x_wconf 86' lang='lat' dir='ltr'>ﬁlius</span> <span class='ocrx_word' id='word_1_516' title='bbox 3078 1004 3183 1058; x_wconf 88' lang='lat' dir='ltr'>per</span> <span class='ocrx_word' id='word_1_517' title='bbox 3212 993 3498 1054; x_wconf 87' lang='lat' dir='ltr'>naturam,</span> <span class='ocrx_word' id='word_1_518' title='bbox 3550 986 3613 1039; x_wconf 87' lang='lat' dir='ltr'>id</span> <span class='ocrx_word' id='word_1_519' title='bbox 3656 992 3769 1052; x_wconf 86' lang='lat' dir='ltr'>est,</span> <span class='ocrx_word' id='word_1_520' title='bbox 3810 1002 3877 1039; x_wconf 83' lang='lat' dir='ltr'>ex</span> 
     </span>
    </p>
   </div>
   <div class='ocr_carea' id='block_1_69' title="bbox 2209 1075 3876 1149">
    <p class='ocr_par' dir='ltr' id='par_1_69' title="bbox 2209 1075 3876 1149">
     <span class='ocr_line' id='line_1_69' title="bbox 2209 1075 3876 1149; baseline -0.003 -18"><span class='ocrx_word' id='word_1_521' title='bbox 2209 1078 2542 1132; x_wconf 88' lang='lat' dir='ltr'>substantia</span> <span class='ocrx_word' id='word_1_522' title='bbox 2570 1078 2784 1131; x_wconf 78' lang='lat' dir='ltr'>Patris.</span> <span class='ocrx_word' id='word_1_523' title='bbox 2811 1077 2890 1130; x_wconf 88' lang='lat' dir='ltr'>Ita</span> <span class='ocrx_word' id='word_1_524' title='bbox 2914 1093 3057 1149; x_wconf 87' lang='lat' dir='ltr'>ergo</span> <span class='ocrx_word' id='word_1_525' title='bbox 3080 1078 3231 1131; x_wconf 89' lang='lat' dir='ltr'>dicis</span> <span class='ocrx_word' id='word_1_526' title='bbox 3253 1092 3450 1129; x_wconf 88' lang='lat' dir='ltr'>veram</span> <span class='ocrx_word' id='word_1_527' title='bbox 3477 1075 3619 1146; x_wconf 89' lang='lat' dir='ltr'>ejus</span> <span class='ocrx_word' id='word_1_528' title='bbox 3643 1089 3876 1128; x_wconf 88' lang='lat' dir='ltr'>carnem</span> 
     </span>
    </p>
   </div>
   <div class='ocr_carea' id='block_1_70' title="bbox 2210 1165 3880 1236">
    <p class='ocr_par' dir='ltr' id='par_1_70' title="bbox 2210 1165 3880 1236">
     <span class='ocr_line' id='line_1_70' title="bbox 2210 1165 3880 1236; baseline -0.003 -16"><span class='ocrx_word' id='word_1_529' title='bbox 2210 1182 2385 1236; x_wconf 91' lang='lat' dir='ltr'>quam</span> <span class='ocrx_word' id='word_1_530' title='bbox 2419 1167 2730 1233; x_wconf 89' lang='lat' dir='ltr'>sumimus,</span> <span class='ocrx_word' id='word_1_531' title='bbox 2755 1171 2811 1220; x_wconf 91' lang='lat' dir='ltr'>et</span> <span class='ocrx_word' id='word_1_532' title='bbox 2832 1182 3034 1220; x_wconf 90' lang='lat' dir='ltr'>verum</span> <span class='ocrx_word' id='word_1_533' title='bbox 3058 1165 3189 1235; x_wconf 87' lang='lat' dir='ltr'>ejus</span> <span class='ocrx_word' id='word_1_534' title='bbox 3214 1166 3565 1235; x_wconf 87' lang='lat' dir='ltr'>sanguinem</span> <span class='ocrx_word' id='word_1_535' title='bbox 3591 1179 3770 1234; x_wconf 79' lang='lat' dir='ltr'>quem</span> <span class='ocrx_word' id='word_1_536' title='bbox 3788 1179 3880 1231; x_wconf 82' lang='lat' dir='ltr'>po-</span> 
     </span>
    </p>
   </div>
   <div class='ocr_carea' id='block_1_71' title="bbox 2207 1254 3879 1321">
    <p class='ocr_par' dir='ltr' id='par_1_71' title="bbox 2207 1254 3879 1321">
     <span class='ocr_line' id='line_1_71' title="bbox 2207 1254 3879 1321; baseline -0.004 -12"><span class='ocrx_word' id='word_1_537' title='bbox 2207 1257 2421 1309; x_wconf 83' lang='lat' dir='ltr'>tamus.</span> <span class='ocrx_word' id='word_1_538' title='bbox 2455 1254 2757 1318; x_wconf 86' lang='lat' dir='ltr'>Quomodo</span> <span class='ocrx_word' id='word_1_539' title='bbox 2790 1258 3024 1309; x_wconf 89' lang='lat' dir='ltr'>veroita</span> <span class='ocrx_word' id='word_1_540' title='bbox 3042 1257 3071 1308; x_wconf 71' lang='grc' dir='ltr'>ἱ)</span> <span class='ocrx_word' id='word_1_541' title='bbox 3099 1254 3161 1307; x_wconf 93' lang='lat' dir='ltr'>Id</span> <span class='ocrx_word' id='word_1_542' title='bbox 3184 1259 3294 1321; x_wconf 91' lang='lat' dir='ltr'>est,</span> <span class='ocrx_word' id='word_1_543' title='bbox 3321 1270 3435 1306; x_wconf 89' lang='lat' dir='ltr'>non</span> <span class='ocrx_word' id='word_1_544' title='bbox 3458 1254 3620 1305; x_wconf 74' lang='lat' dir='ltr'>sicut</span> <span class='ocrx_word' id='word_1_545' title='bbox 3652 1256 3879 1304; x_wconf 71' lang='lat' dir='ltr'>caetera:</span> 
     </span>
    </p>
   </div>
   <div class='ocr_carea' id='block_1_72' title="bbox 2208 1340 3877 1413">
    <p class='ocr_par' dir='ltr' id='par_1_72' title="bbox 2208 1340 3877 1413">
     <span class='ocr_line' id='line_1_72' title="bbox 2208 1340 3877 1413; baseline -0.003 -16"><span class='ocrx_word' id='word_1_546' title='bbox 2208 1358 2329 1412; x_wconf 88' lang='lat' dir='ltr'>res,</span> <span class='ocrx_word' id='word_1_547' title='bbox 2364 1359 2496 1412; x_wconf 63' lang='lat' dir='ltr'>qua:</span> <span class='ocrx_word' id='word_1_548' title='bbox 2540 1347 2777 1413; x_wconf 89' lang='lat' dir='ltr'>propter</span> <span class='ocrx_word' id='word_1_549' title='bbox 2815 1343 3069 1413; x_wconf 84' lang='lat' dir='ltr'>aliquam</span> <span class='ocrx_word' id='word_1_550' title='bbox 3116 1344 3362 1413; x_wconf 67' lang='lat' dir='ltr'>gratiam</span> <span class='ocrx_word' id='word_1_551' title='bbox 3394 1340 3877 1412; x_wconf 84' lang='lat' dir='ltr'>signiﬁcationis,</span> 
     </span>
    </p>
   </div>
   <div class='ocr_carea' id='block_1_73' title="bbox 2211 1429 3884 1503">
    <p class='ocr_par' dir='ltr' id='par_1_73' title="bbox 2211 1429 3884 1503">
     <span class='ocr_line' id='line_1_73' title="bbox 2211 1429 3884 1503; baseline -0.004 -18"><span class='ocrx_word' id='word_1_552' title='bbox 2211 1447 2348 1485; x_wconf 88' lang='lat' dir='ltr'>caro</span> <span class='ocrx_word' id='word_1_553' title='bbox 2379 1436 2437 1485; x_wconf 91' lang='lat' dir='ltr'>et</span> <span class='ocrx_word' id='word_1_554' title='bbox 2465 1431 2776 1503; x_wconf 88' lang='lat' dir='ltr'>sanguinis</span> <span class='ocrx_word' id='word_1_555' title='bbox 2815 1432 3031 1486; x_wconf 76' lang='lat' dir='ltr'>Christi</span> <span class='ocrx_word' id='word_1_556' title='bbox 3067 1436 3317 1500; x_wconf 68' lang='lat' dir='ltr'>possunt</span> <span class='ocrx_word' id='word_1_557' title='bbox 3349 1431 3463 1484; x_wconf 90' lang='lat' dir='ltr'>dici</span> <span class='ocrx_word' id='word_1_558' title='bbox 3506 1430 3693 1499; x_wconf 83' lang='lat' dir='ltr'>(sicut</span> <span class='ocrx_word' id='word_1_559' title='bbox 3717 1429 3884 1480; x_wconf 85' lang='lat' dir='ltr'>verbi</span> 
     </span>
    </p>
   </div>
   <div class='ocr_carea' id='block_1_74' title="bbox 2212 1518 3880 1592">
    <p class='ocr_par' dir='ltr' id='par_1_74' title="bbox 2212 1518 3880 1592">
     <span class='ocr_line' id='line_1_74' title="bbox 2212 1518 3880 1592; baseline -0.004 -18"><span class='ocrx_word' id='word_1_560' title='bbox 2212 1536 2412 1587; x_wconf 88' lang='lat' dir='ltr'>causa,</span> <span class='ocrx_word' id='word_1_561' title='bbox 2459 1536 2566 1590; x_wconf 91' lang='lat' dir='ltr'>per</span> <span class='ocrx_word' id='word_1_562' title='bbox 2620 1521 2869 1591; x_wconf 88' lang='lat' dir='ltr'>gratiam</span> <span class='ocrx_word' id='word_1_563' title='bbox 2904 1520 3298 1592; x_wconf 88' lang='lat' dir='ltr'>ﬁgurationis,</span> <span class='ocrx_word' id='word_1_564' title='bbox 3338 1535 3475 1572; x_wconf 87' lang='lat' dir='ltr'>caro</span> <span class='ocrx_word' id='word_1_565' title='bbox 3534 1524 3595 1571; x_wconf 90' lang='lat' dir='ltr'>et</span> <span class='ocrx_word' id='word_1_566' title='bbox 3633 1518 3880 1587; x_wconf 86' lang='lat' dir='ltr'>sanguis</span> 
     </span>
    </p>
   </div>
   <div class='ocr_carea' id='block_1_75' title="bbox 2213 1605 3877 1681">
    <p class='ocr_par' dir='ltr' id='par_1_75' title="bbox 2213 1605 3877 1681">
     <span class='ocr_line' id='line_1_75' title="bbox 2213 1605 3877 1681; baseline -0.004 -19"><span class='ocrx_word' id='word_1_567' title='bbox 2213 1611 2352 1681; x_wconf 87' lang='lat' dir='ltr'>agni</span> <span class='ocrx_word' id='word_1_568' title='bbox 2400 1608 2699 1678; x_wconf 86' lang='lat' dir='ltr'>paschalis</span> <span class='ocrx_word' id='word_1_569' title='bbox 2754 1611 2811 1662; x_wconf 90' lang='lat' dir='ltr'>in</span> <span class='ocrx_word' id='word_1_570' title='bbox 2848 1608 3107 1679; x_wconf 58' lang='lat' dir='ltr'>Egypto</span> <span class='ocrx_word' id='word_1_571' title='bbox 3148 1608 3425 1661; x_wconf 88' lang='lat' dir='ltr'>immolati</span> <span class='ocrx_word' id='word_1_572' title='bbox 3477 1607 3703 1676; x_wconf 79' lang='lat' dir='ltr'>(Exod.</span> <span class='ocrx_word' id='word_1_573' title='bbox 3756 1605 3877 1673; x_wconf 60' lang='lat' dir='ltr'>xui,</span> 
     </span>
    </p>
   </div>
   <div class='ocr_carea' id='block_1_76' title="bbox 2214 1694 3883 1768">
    <p class='ocr_par' dir='ltr' id='par_1_76' title="bbox 2214 1694 3883 1768">
     <span class='ocr_line' id='line_1_76' title="bbox 2214 1694 3883 1768; baseline -0.002 -18"><span class='ocrx_word' id='word_1_574' title='bbox 2214 1713 2349 1751; x_wconf 90' lang='lat' dir='ltr'>caro</span> <span class='ocrx_word' id='word_1_575' title='bbox 2384 1702 2440 1751; x_wconf 91' lang='lat' dir='ltr'>et</span> <span class='ocrx_word' id='word_1_576' title='bbox 2477 1698 2727 1768; x_wconf 82' lang='lat' dir='ltr'>sanguis</span> <span class='ocrx_word' id='word_1_577' title='bbox 2772 1698 2988 1752; x_wconf 84' lang='lat' dir='ltr'>Christi</span> <span class='ocrx_word' id='word_1_578' title='bbox 3014 1702 3266 1767; x_wconf 89' lang='lat' dir='ltr'>possunt</span> <span class='ocrx_word' id='word_1_579' title='bbox 3297 1696 3608 1766; x_wconf 86' lang='lat' dir='ltr'>appellari.</span> <span class='ocrx_word' id='word_1_580' title='bbox 3666 1694 3883 1747; x_wconf 81' lang='lat' dir='ltr'>Eodem</span> 
     </span>
    </p>
   </div>
   <div class='ocr_carea' id='block_1_77' title="bbox 2213 1783 3892 1858">
    <p class='ocr_par' dir='ltr' id='par_1_77' title="bbox 2213 1783 3892 1858">
     <span class='ocr_line' id='line_1_77' title="bbox 2213 1783 3892 1858; baseline -0.004 -17"><span class='ocrx_word' id='word_1_581' title='bbox 2213 1802 2449 1858; x_wconf 90' lang='lat' dir='ltr'>quoque</span> <span class='ocrx_word' id='word_1_582' title='bbox 2479 1787 2653 1841; x_wconf 90' lang='lat' dir='ltr'>modo</span> <span class='ocrx_word' id='word_1_583' title='bbox 2684 1790 2742 1841; x_wconf 88' lang='lat' dir='ltr'>et</span> <span class='ocrx_word' id='word_1_584' title='bbox 2772 1803 2981 1840; x_wconf 86' lang='lat' dir='ltr'>manna</span> <span class='ocrx_word' id='word_1_585' title='bbox 3011 1788 3066 1841; x_wconf 90' lang='lat' dir='ltr'>et</span> <span class='ocrx_word' id='word_1_586' title='bbox 3096 1791 3307 1839; x_wconf 63' lang='lat' dir='ltr'>caetera</span> <span class='ocrx_word' id='word_1_587' title='bbox 3345 1784 3701 1854; x_wconf 86' lang='lat' dir='ltr'>quamplura</span> <span class='ocrx_word' id='word_1_588' title='bbox 3734 1783 3892 1836; x_wconf 86' lang='lat' dir='ltr'>simi-</span> 
     </span>
    </p>
   </div>
   <div class='ocr_carea' id='block_1_78' title="bbox 2213 1876 3882 1945">
    <p class='ocr_par' dir='ltr' id='par_1_78' title="bbox 2213 1876 3882 1945">
     <span class='ocr_line' id='line_1_78' title="bbox 2213 1876 3882 1945; baseline -0.003 -16"><span class='ocrx_word' id='word_1_589' title='bbox 2213 1877 2389 1945; x_wconf 88' lang='lat' dir='ltr'>liter),</span> <span class='ocrx_word' id='word_1_590' title='bbox 2425 1876 2532 1929; x_wconf 90' lang='lat' dir='ltr'>sed</span> <span class='ocrx_word' id='word_1_591' title='bbox 2562 1877 2718 1929; x_wconf 87' lang='lat' dir='ltr'>sicut</span> <span class='ocrx_word' id='word_1_592' title='bbox 2751 1891 2888 1929; x_wconf 87' lang='lat' dir='ltr'>caro</span> <span class='ocrx_word' id='word_1_593' title='bbox 2919 1880 2976 1929; x_wconf 91' lang='lat' dir='ltr'>et</span> <span class='ocrx_word' id='word_1_594' title='bbox 3024 1876 3274 1945; x_wconf 86' lang='lat' dir='ltr'>sanguis</span> <span class='ocrx_word' id='word_1_595' title='bbox 3313 1890 3418 1943; x_wconf 88' lang='lat' dir='ltr'>per</span> <span class='ocrx_word' id='word_1_596' title='bbox 3449 1877 3726 1926; x_wconf 85' lang='lat' dir='ltr'>naturam</span> <span class='ocrx_word' id='word_1_597' title='bbox 3756 1888 3882 1924; x_wconf 85' lang='lat' dir='ltr'>car-</span> 
     </span>
    </p>
   </div>
   <div class='ocr_carea' id='block_1_79' title="bbox 2217 1960 3880 2036">
    <p class='ocr_par' dir='ltr' id='par_1_79' title="bbox 2217 1960 3880 2036">
     <span class='ocr_line' id='line_1_79' title="bbox 2217 1960 3880 2036; baseline -0.004 -18"><span class='ocrx_word' id='word_1_598' title='bbox 2217 1966 2310 2018; x_wconf 89' lang='lat' dir='ltr'>nis</span> <span class='ocrx_word' id='word_1_599' title='bbox 2348 1969 2404 2019; x_wconf 90' lang='lat' dir='ltr'>et</span> <span class='ocrx_word' id='word_1_600' title='bbox 2434 1965 2745 2036; x_wconf 85' lang='lat' dir='ltr'>sanguinis</span> <span class='ocrx_word' id='word_1_601' title='bbox 2783 1965 3026 2018; x_wconf 86' lang='lat' dir='ltr'>Christi.</span> <span class='ocrx_word' id='word_1_602' title='bbox 3078 1964 3263 2016; x_wconf 86' lang='lat' dir='ltr'>Aliter</span> <span class='ocrx_word' id='word_1_603' title='bbox 3307 1963 3463 2016; x_wconf 89' lang='lat' dir='ltr'>enim</span> <span class='ocrx_word' id='word_1_604' title='bbox 3500 1961 3771 2030; x_wconf 83' lang='lat' dir='ltr'>coaptari</span> <span class='ocrx_word' id='word_1_605' title='bbox 3802 1960 3880 2012; x_wconf 88' lang='lat' dir='ltr'>si-</span> 
     </span>
    </p>
   </div>
   <div class='ocr_carea' id='block_1_80' title="bbox 2215 2050 3882 2124">
    <p class='ocr_par' dir='ltr' id='par_1_80' title="bbox 2215 2050 3882 2124">
     <span class='ocr_line' id='line_1_80' title="bbox 2215 2050 3882 2124; baseline -0.003 -18"><span class='ocrx_word' id='word_1_606' title='bbox 2215 2054 2480 2107; x_wconf 87' lang='lat' dir='ltr'>militudo</span> <span class='ocrx_word' id='word_1_607' title='bbox 2511 2069 2628 2107; x_wconf 90' lang='lat' dir='ltr'>non</span> <span class='ocrx_word' id='word_1_608' title='bbox 2655 2057 2869 2124; x_wconf 53' lang='lat' dir='ltr'>pOthl,</span> <span class='ocrx_word' id='word_1_609' title='bbox 2905 2053 3017 2106; x_wconf 86' lang='lat' dir='ltr'>nisi</span> <span class='ocrx_word' id='word_1_610' title='bbox 3053 2052 3207 2122; x_wconf 88' lang='lat' dir='ltr'>quod</span> <span class='ocrx_word' id='word_1_611' title='bbox 3240 2052 3319 2105; x_wconf 90' lang='lat' dir='ltr'>ibi</span> <span class='ocrx_word' id='word_1_612' title='bbox 3350 2054 3529 2122; x_wconf 84' lang='lat' dir='ltr'>negat</span> <span class='ocrx_word' id='word_1_613' title='bbox 3560 2050 3663 2103; x_wconf 88' lang='lat' dir='ltr'>hic</span> <span class='ocrx_word' id='word_1_614' title='bbox 3700 2064 3882 2119; x_wconf 84' lang='lat' dir='ltr'>nege-</span> 
     </span>
    </p>
   </div>
   <div class='ocr_carea' id='block_1_81' title="bbox 2216 2138 3884 2212">
    <p class='ocr_par' dir='ltr' id='par_1_81' title="bbox 2216 2138 3884 2212">
     <span class='ocr_line' id='line_1_81' title="bbox 2216 2138 3884 2212; baseline -0.004 -17"><span class='ocrx_word' id='word_1_615' title='bbox 2216 2157 2371 2211; x_wconf 91' lang='lat' dir='ltr'>mus,</span> <span class='ocrx_word' id='word_1_616' title='bbox 2404 2142 2559 2212; x_wconf 90' lang='lat' dir='ltr'>quod</span> <span class='ocrx_word' id='word_1_617' title='bbox 2585 2141 2930 2195; x_wconf 83' lang='lat' dir='ltr'>ibiafﬁrmat</span> <span class='ocrx_word' id='word_1_618' title='bbox 2947 2140 3042 2194; x_wconf 90' lang='lat' dir='ltr'>hic</span> <span class='ocrx_word' id='word_1_619' title='bbox 3065 2141 3449 2193; x_wconf 87' lang='lat' dir='ltr'>afﬁrmemus.</span> <span class='ocrx_word' id='word_1_620' title='bbox 3487 2138 3884 2201; x_wconf 84' lang='lat' dir='ltr'>Quamobrem</span> 
     </span>
    </p>
   </div>
   <div class='ocr_carea' id='block_1_82' title="bbox 2219 2228 3883 2299">
    <p class='ocr_par' dir='ltr' id='par_1_82' title="bbox 2219 2228 3883 2299">
     <span class='ocr_line' id='line_1_82' title="bbox 2219 2228 3883 2299; baseline -0.003 -15"><span class='ocrx_word' id='word_1_621' title='bbox 2219 2232 2271 2284; x_wconf 93' lang='lat' dir='ltr'>si</span> <span class='ocrx_word' id='word_1_622' title='bbox 2294 2231 2444 2285; x_wconf 88' lang='lat' dir='ltr'>hanc</span> <span class='ocrx_word' id='word_1_623' title='bbox 2469 2231 2909 2284; x_wconf 88' lang='lat' dir='ltr'>similitudinem</span> <span class='ocrx_word' id='word_1_624' title='bbox 2933 2235 3048 2284; x_wconf 89' lang='lat' dir='ltr'>tam</span> <span class='ocrx_word' id='word_1_625' title='bbox 3091 2243 3379 2299; x_wconf 85' lang='lat' dir='ltr'>expresse</span> <span class='ocrx_word' id='word_1_626' title='bbox 3399 2230 3666 2297; x_wconf 86' lang='lat' dir='ltr'>positam</span> <span class='ocrx_word' id='word_1_627' title='bbox 3695 2228 3883 2297; x_wconf 87' lang='lat' dir='ltr'>sequi-</span> 
     </span>
    </p>
   </div>
   <div class='ocr_carea' id='block_1_83' title="bbox 2218 2316 3887 2390">
    <p class='ocr_par' dir='ltr' id='par_1_83' title="bbox 2218 2316 3887 2390">
     <span class='ocr_line' id='line_1_83' title="bbox 2218 2316 3887 2390; baseline -0.004 -17"><span class='ocrx_word' id='word_1_628' title='bbox 2218 2336 2367 2385; x_wconf 88' lang='lat' dir='ltr'>mur,</span> <span class='ocrx_word' id='word_1_629' title='bbox 2395 2319 2451 2373; x_wconf 92' lang='lat' dir='ltr'>id</span> <span class='ocrx_word' id='word_1_630' title='bbox 2474 2320 2629 2390; x_wconf 89' lang='lat' dir='ltr'>quod</span> <span class='ocrx_word' id='word_1_631' title='bbox 2664 2320 2735 2373; x_wconf 89' lang='lat' dir='ltr'>de</span> <span class='ocrx_word' id='word_1_632' title='bbox 2766 2319 2937 2373; x_wconf 87' lang='lat' dir='ltr'>altari</span> <span class='ocrx_word' id='word_1_633' title='bbox 2966 2318 3279 2383; x_wconf 88' lang='lat' dir='ltr'>sumimus,</span> <span class='ocrx_word' id='word_1_634' title='bbox 3302 2316 3525 2371; x_wconf 83' lang='lat' dir='ltr'>Christi</span> <span class='ocrx_word' id='word_1_635' title='bbox 3564 2331 3809 2369; x_wconf 84' lang='lat' dir='ltr'>carnem</span> <span class='ocrx_word' id='word_1_636' title='bbox 3837 2320 3887 2368; x_wconf 77' lang='lat' dir='ltr'>et</span> 
     </span>
    </p>
   </div>
   <div class='ocr_carea' id='block_1_84' title="bbox 2221 2404 3888 2478">
    <p class='ocr_par' dir='ltr' id='par_1_84' title="bbox 2221 2404 3888 2478">
     <span class='ocr_line' id='line_1_84' title="bbox 2221 2404 3888 2478; baseline -0.004 -17"><span class='ocrx_word' id='word_1_637' title='bbox 2221 2408 2572 2478; x_wconf 79' lang='lat' dir='ltr'>sanguinem</span> <span class='ocrx_word' id='word_1_638' title='bbox 2598 2407 3062 2460; x_wconf 79' lang='lat' dir='ltr'>substantialiter</span> <span class='ocrx_word' id='word_1_639' title='bbox 3108 2407 3474 2459; x_wconf 84' lang='lat' dir='ltr'>conﬁtemur.</span> <span class='ocrx_word' id='word_1_640' title='bbox 3513 2405 3579 2457; x_wconf 85' lang='lat' dir='ltr'>Si</span> <span class='ocrx_word' id='word_1_641' title='bbox 3613 2404 3777 2457; x_wconf 88' lang='lat' dir='ltr'>enim</span> <span class='ocrx_word' id='word_1_642' title='bbox 3808 2404 3888 2455; x_wconf 86' lang='lat' dir='ltr'>sic</span> 
     </span>
    </p>
   </div>
   <div class='ocr_carea' id='block_1_85' title="bbox 2221 2492 3890 2549">
    <p class='ocr_par' dir='ltr' id='par_1_85' title="bbox 2221 2492 3890 2549">
     <span class='ocr_line' id='line_1_85' title="bbox 2221 2492 3890 2549; baseline -0.004 0"><span class='ocrx_word' id='word_1_643' title='bbox 2221 2500 2385 2549; x_wconf 90' lang='lat' dir='ltr'>esset</span> <span class='ocrx_word' id='word_1_644' title='bbox 2413 2496 2668 2549; x_wconf 86' lang='lat' dir='ltr'>dictum:</span> <span class='ocrx_word' id='word_1_645' title='bbox 2703 2495 2865 2549; x_wconf 89' lang='lat' dir='ltr'>Sicut</span> <span class='ocrx_word' id='word_1_646' title='bbox 2895 2510 3076 2549; x_wconf 86' lang='lat' dir='ltr'>verus</span> <span class='ocrx_word' id='word_1_647' title='bbox 3117 2494 3219 2547; x_wconf 87' lang='lat' dir='ltr'>Dei</span> <span class='ocrx_word' id='word_1_648' title='bbox 3251 2493 3435 2547; x_wconf 90' lang='lat' dir='ltr'>Filius</span> <span class='ocrx_word' id='word_1_649' title='bbox 3478 2495 3573 2545; x_wconf 88' lang='lat' dir='ltr'>est</span> <span class='ocrx_word' id='word_1_650' title='bbox 3608 2492 3890 2545; x_wconf 88' lang='lat' dir='ltr'>Dominus</span> 
     </span>
    </p>
   </div>
   <div class='ocr_carea' id='block_1_86' title="bbox 2221 2580 3892 2652">
    <p class='ocr_par' dir='ltr' id='par_1_86' title="bbox 2221 2580 3892 2652">
     <span class='ocr_line' id='line_1_86' title="bbox 2221 2580 3892 2652; baseline -0.004 -15"><span class='ocrx_word' id='word_1_651' title='bbox 2221 2591 2424 2639; x_wconf 90' lang='lat' dir='ltr'>noster</span> <span class='ocrx_word' id='word_1_652' title='bbox 2453 2584 2633 2638; x_wconf 87' lang='lat' dir='ltr'>Jesus</span> <span class='ocrx_word' id='word_1_653' title='bbox 2656 2584 2953 2652; x_wconf 88' lang='lat' dir='ltr'>Christus,</span> <span class='ocrx_word' id='word_1_654' title='bbox 2975 2584 3051 2636; x_wconf 88' lang='lat' dir='ltr'>ita</span> <span class='ocrx_word' id='word_1_655' title='bbox 3073 2597 3212 2635; x_wconf 88' lang='lat' dir='ltr'>vera</span> <span class='ocrx_word' id='word_1_656' title='bbox 3242 2580 3377 2651; x_wconf 87' lang='lat' dir='ltr'>ejus</span> <span class='ocrx_word' id='word_1_657' title='bbox 3408 2595 3549 2634; x_wconf 90' lang='lat' dir='ltr'>caro</span> <span class='ocrx_word' id='word_1_658' title='bbox 3595 2585 3694 2633; x_wconf 89' lang='lat' dir='ltr'>est</span> <span class='ocrx_word' id='word_1_659' title='bbox 3724 2595 3892 2650; x_wconf 84' lang='lat' dir='ltr'>quam</span> 
     </span>
    </p>
   </div>
   <div class='ocr_carea' id='block_1_87' title="bbox 2221 2670 3893 2742">
    <p class='ocr_par' dir='ltr' id='par_1_87' title="bbox 2221 2670 3893 2742">
     <span class='ocr_line' id='line_1_87' title="bbox 2221 2670 3893 2742; baseline -0.004 -15"><span class='ocrx_word' id='word_1_660' title='bbox 2221 2674 2534 2740; x_wconf 90' lang='lat' dir='ltr'>sumimus,</span> <span class='ocrx_word' id='word_1_661' title='bbox 2568 2678 2624 2726; x_wconf 91' lang='lat' dir='ltr'>et</span> <span class='ocrx_word' id='word_1_662' title='bbox 2645 2688 2827 2727; x_wconf 89' lang='lat' dir='ltr'>verus</span> <span class='ocrx_word' id='word_1_663' title='bbox 2850 2672 2984 2742; x_wconf 87' lang='lat' dir='ltr'>ejus</span> <span class='ocrx_word' id='word_1_664' title='bbox 3007 2670 3257 2741; x_wconf 83' lang='lat' dir='ltr'>sanguis</span> <span class='ocrx_word' id='word_1_665' title='bbox 3280 2674 3372 2724; x_wconf 92' lang='lat' dir='ltr'>est</span> <span class='ocrx_word' id='word_1_666' title='bbox 3391 2684 3572 2739; x_wconf 91' lang='lat' dir='ltr'>quem</span> <span class='ocrx_word' id='word_1_667' title='bbox 3595 2673 3893 2738; x_wconf 78' lang='lat' dir='ltr'>potamus,</span> 
     </span>
    </p>
   </div>
   <div class='ocr_carea' id='block_1_88' title="bbox 2220 2757 3890 2831">
    <p class='ocr_par' dir='ltr' id='par_1_88' title="bbox 2220 2757 3890 2831">
     <span class='ocr_line' id='line_1_88' title="bbox 2220 2757 3890 2831; baseline -0.004 -16"><span class='ocrx_word' id='word_1_668' title='bbox 2220 2765 2444 2830; x_wconf 87' lang='lat' dir='ltr'>poterat</span> <span class='ocrx_word' id='word_1_669' title='bbox 2474 2761 2742 2831; x_wconf 90' lang='lat' dir='ltr'>equidem</span> <span class='ocrx_word' id='word_1_670' title='bbox 2777 2760 2967 2813; x_wconf 86' lang='lat' dir='ltr'>adhuc</span> <span class='ocrx_word' id='word_1_671' title='bbox 3008 2761 3092 2829; x_wconf 85' lang='lat' dir='ltr'>(ut</span> <span class='ocrx_word' id='word_1_672' title='bbox 3123 2759 3339 2812; x_wconf 90' lang='lat' dir='ltr'>dictum</span> <span class='ocrx_word' id='word_1_673' title='bbox 3370 2760 3483 2825; x_wconf 88' lang='lat' dir='ltr'>est)</span> <span class='ocrx_word' id='word_1_674' title='bbox 3517 2759 3583 2811; x_wconf 87' lang='lat' dir='ltr'>in</span> <span class='ocrx_word' id='word_1_675' title='bbox 3615 2757 3890 2827; x_wconf 83' lang='lat' dir='ltr'>ambiguo</span> 
     </span>
    </p>
   </div>
   <div class='ocr_carea' id='block_1_89' title="bbox 2221 2844 3891 2905">
    <p class='ocr_par' dir='ltr' id='par_1_89' title="bbox 2221 2844 3891 2905">
     <span class='ocr_line' id='line_1_89' title="bbox 2221 2844 3891 2905; baseline -0.004 -1"><span class='ocrx_word' id='word_1_676' title='bbox 2221 2864 2359 2905; x_wconf 91' lang='lat' dir='ltr'>esse</span> <span class='ocrx_word' id='word_1_677' title='bbox 2379 2850 2684 2903; x_wconf 89' lang='lat' dir='ltr'>sententia.</span> <span class='ocrx_word' id='word_1_678' title='bbox 2711 2849 2861 2902; x_wconf 85' lang='lat' dir='ltr'>Nam</span> <span class='ocrx_word' id='word_1_679' title='bbox 2886 2848 3167 2902; x_wconf 89' lang='lat' dir='ltr'>Dominus</span> <span class='ocrx_word' id='word_1_680' title='bbox 3190 2850 3396 2900; x_wconf 90' lang='lat' dir='ltr'>noster</span> <span class='ocrx_word' id='word_1_681' title='bbox 3410 2845 3438 2899; x_wconf 75' lang='lat' dir='ltr'>.l</span> <span class='ocrx_word' id='word_1_682' title='bbox 3447 2861 3601 2899; x_wconf 89' lang='lat' dir='ltr'>esus</span> <span class='ocrx_word' id='word_1_683' title='bbox 3621 2844 3891 2899; x_wconf 81' lang='lat' dir='ltr'>Christus</span> 
     </span>
    </p>
   </div>
   <div class='ocr_carea' id='block_1_90' title="bbox 2222 2922 3893 3008">
    <p class='ocr_par' dir='ltr' id='par_1_90' title="bbox 2222 2922 3893 3008">
     <span class='ocr_line' id='line_1_90' title="bbox 2222 2922 3893 3008; baseline -0.005 -15"><span class='ocrx_word' id='word_1_684' title='bbox 2222 2939 2551 2993; x_wconf 88' lang='lat' dir='ltr'>secundum</span> <span class='ocrx_word' id='word_1_685' title='bbox 2579 2939 2636 2991; x_wconf 92' lang='lat' dir='ltr'>id</span> <span class='ocrx_word' id='word_1_686' title='bbox 2667 2937 2822 3008; x_wconf 91' lang='lat' dir='ltr'>quod</span> <span class='ocrx_word' id='word_1_687' title='bbox 2854 2937 3028 2991; x_wconf 88' lang='lat' dir='ltr'>homo</span> <span class='ocrx_word' id='word_1_688' title='bbox 3051 2939 3162 3004; x_wconf 88' lang='lat' dir='ltr'>est,</span> <span class='ocrx_word' id='word_1_689' title='bbox 3204 2922 3526 2993; x_wconf 83' lang='lat' dir='ltr'>verusDei</span> <span class='ocrx_word' id='word_1_690' title='bbox 3558 2934 3760 2988; x_wconf 83' lang='lat' dir='ltr'>Filius</span> <span class='ocrx_word' id='word_1_691' title='bbox 3783 2938 3893 2999; x_wconf 79' lang='lat' dir='ltr'>est;</span> 
     </span>
    </p>
   </div>
   <div class='ocr_carea' id='block_1_91' title="bbox 2223 3022 3900 3100">
    <p class='ocr_par' dir='ltr' id='par_1_91' title="bbox 2223 3022 3900 3100">
     <span class='ocr_line' id='line_1_91' title="bbox 2223 3022 3900 3100; baseline -0.005 -18"><span class='ocrx_word' id='word_1_692' title='bbox 2223 3030 2329 3097; x_wconf 73' lang='lat' dir='ltr'>sed</span> <span class='ocrx_word' id='word_1_693' title='bbox 2370 3045 2474 3098; x_wconf 90' lang='lat' dir='ltr'>per</span> <span class='ocrx_word' id='word_1_694' title='bbox 2503 3027 2770 3100; x_wconf 88' lang='lat' dir='ltr'>gratiam,</span> <span class='ocrx_word' id='word_1_695' title='bbox 2807 3030 2869 3080; x_wconf 93' lang='lat' dir='ltr'>ut</span> <span class='ocrx_word' id='word_1_696' title='bbox 2897 3026 3174 3092; x_wconf 79' lang='lat' dir='ltr'>diximus,</span> <span class='ocrx_word' id='word_1_697' title='bbox 3200 3039 3316 3078; x_wconf 91' lang='lat' dir='ltr'>non</span> <span class='ocrx_word' id='word_1_698' title='bbox 3332 3040 3407 3077; x_wconf 83' lang='lat' dir='ltr'>ex</span> <span class='ocrx_word' id='word_1_699' title='bbox 3425 3022 3773 3077; x_wconf 85' lang='lat' dir='ltr'>substantia</span> <span class='ocrx_word' id='word_1_700' title='bbox 3805 3022 3900 3075; x_wconf 84' lang='lat' dir='ltr'>Pa-</span> 
     </span>
    </p>
   </div>
   <div class='ocr_carea' id='block_1_92' title="bbox 2222 3110 3899 3185">
    <p class='ocr_par' dir='ltr' id='par_1_92' title="bbox 2222 3110 3899 3185">
     <span class='ocr_line' id='line_1_92' title="bbox 2222 3110 3899 3185; baseline -0.006 -15"><span class='ocrx_word' id='word_1_701' title='bbox 2222 3119 2349 3171; x_wconf 89' lang='lat' dir='ltr'>tris.</span> <span class='ocrx_word' id='word_1_702' title='bbox 2374 3119 2457 3169; x_wconf 92' lang='lat' dir='ltr'>Ac</span> <span class='ocrx_word' id='word_1_703' title='bbox 2489 3132 2593 3185; x_wconf 84' lang='lat' dir='ltr'>per</span> <span class='ocrx_word' id='word_1_704' title='bbox 2624 3115 2735 3169; x_wconf 89' lang='lat' dir='ltr'>hoc</span> <span class='ocrx_word' id='word_1_705' title='bbox 2766 3115 2878 3168; x_wconf 88' lang='lat' dir='ltr'>dici</span> <span class='ocrx_word' id='word_1_706' title='bbox 2916 3117 3141 3182; x_wconf 91' lang='lat' dir='ltr'>posset,</span> <span class='ocrx_word' id='word_1_707' title='bbox 3177 3113 3253 3165; x_wconf 90' lang='lat' dir='ltr'>ita</span> <span class='ocrx_word' id='word_1_708' title='bbox 3285 3127 3425 3165; x_wconf 88' lang='lat' dir='ltr'>vera</span> <span class='ocrx_word' id='word_1_709' title='bbox 3446 3110 3590 3180; x_wconf 86' lang='lat' dir='ltr'>ejus</span> <span class='ocrx_word' id='word_1_710' title='bbox 3638 3126 3785 3163; x_wconf 85' lang='lat' dir='ltr'>caro</span> <span class='ocrx_word' id='word_1_711' title='bbox 3814 3115 3899 3162; x_wconf 81' lang='lat' dir='ltr'>est</span> 
     </span>
    </p>
   </div>
   <div class='ocr_carea' id='block_1_93' title="bbox 2223 3199 3899 3277">
    <p class='ocr_par' dir='ltr' id='par_1_93' title="bbox 2223 3199 3899 3277">
     <span class='ocr_line' id='line_1_93' title="bbox 2223 3199 3899 3277; baseline -0.005 -18"><span class='ocrx_word' id='word_1_712' title='bbox 2223 3222 2398 3277; x_wconf 88' lang='lat' dir='ltr'>quam</span> <span class='ocrx_word' id='word_1_713' title='bbox 2419 3205 2733 3273; x_wconf 91' lang='lat' dir='ltr'>sumimus,</span> <span class='ocrx_word' id='word_1_714' title='bbox 2759 3204 2817 3257; x_wconf 90' lang='lat' dir='ltr'>id</span> <span class='ocrx_word' id='word_1_715' title='bbox 2833 3206 2944 3270; x_wconf 86' lang='lat' dir='ltr'>est,</span> <span class='ocrx_word' id='word_1_716' title='bbox 2971 3218 3075 3272; x_wconf 90' lang='lat' dir='ltr'>per</span> <span class='ocrx_word' id='word_1_717' title='bbox 3090 3202 3334 3273; x_wconf 85' lang='lat' dir='ltr'>gratiam</span> <span class='ocrx_word' id='word_1_718' title='bbox 3360 3199 3773 3270; x_wconf 84' lang='lat' dir='ltr'>ﬁgurationis,</span> <span class='ocrx_word' id='word_1_719' title='bbox 3793 3214 3899 3250; x_wconf 86' lang='lat' dir='ltr'>non</span> 
     </span>
    </p>
   </div>
   <div class='ocr_carea' id='block_1_94' title="bbox 2222 3288 3895 3365">
    <p class='ocr_par' dir='ltr' id='par_1_94' title="bbox 2222 3288 3895 3365">
     <span class='ocr_line' id='line_1_94' title="bbox 2222 3288 3895 3365; baseline -0.006 -17"><span class='ocrx_word' id='word_1_720' title='bbox 2222 3311 2328 3365; x_wconf 91' lang='lat' dir='ltr'>per</span> <span class='ocrx_word' id='word_1_721' title='bbox 2359 3294 2750 3348; x_wconf 87' lang='lat' dir='ltr'>substantiam</span> <span class='ocrx_word' id='word_1_722' title='bbox 2790 3292 3023 3359; x_wconf 84' lang='lat' dir='ltr'>carnis;</span> <span class='ocrx_word' id='word_1_723' title='bbox 3056 3293 3112 3343; x_wconf 90' lang='lat' dir='ltr'>et</span> <span class='ocrx_word' id='word_1_724' title='bbox 3142 3294 3214 3343; x_wconf 86' lang='lat' dir='ltr'>de</span> <span class='ocrx_word' id='word_1_725' title='bbox 3247 3288 3544 3359; x_wconf 85' lang='lat' dir='ltr'>sanguine</span> <span class='ocrx_word' id='word_1_726' title='bbox 3604 3288 3895 3340; x_wconf 84' lang='lat' dir='ltr'>similiter.</span> 
     </span>
    </p>
   </div>
   <div class='ocr_carea' id='block_1_95' title="bbox 2222 3376 3894 3452">
    <p class='ocr_par' dir='ltr' id='par_1_95' title="bbox 2222 3376 3894 3452">
     <span class='ocr_line' id='line_1_95' title="bbox 2222 3376 3894 3452; baseline -0.006 -15"><span class='ocrx_word' id='word_1_727' title='bbox 2222 3384 2388 3449; x_wconf 90' lang='lat' dir='ltr'>Quod</span> <span class='ocrx_word' id='word_1_728' title='bbox 2419 3385 2470 3436; x_wconf 91' lang='lat' dir='ltr'>si</span> <span class='ocrx_word' id='word_1_729' title='bbox 2503 3383 2706 3436; x_wconf 90' lang='lat' dir='ltr'>doctor</span> <span class='ocrx_word' id='word_1_730' title='bbox 2728 3380 3010 3452; x_wconf 87' lang='lat' dir='ltr'>egregius</span> <span class='ocrx_word' id='word_1_731' title='bbox 3030 3377 3501 3445; x_wconf 89' lang='lat' dir='ltr'>sensisset,nihil</span> <span class='ocrx_word' id='word_1_732' title='bbox 3523 3376 3791 3445; x_wconf 87' lang='lat' dir='ltr'>amplius</span> <span class='ocrx_word' id='word_1_733' title='bbox 3805 3376 3894 3427; x_wconf 85' lang='lat' dir='ltr'>ad-</span> 
     </span>
    </p>
   </div>
   <div class='ocr_carea' id='block_1_96' title="bbox 2225 3463 3893 3535">
    <p class='ocr_par' dir='ltr' id='par_1_96' title="bbox 2225 3463 3893 3535">
     <span class='ocr_line' id='line_1_96' title="bbox 2225 3463 3893 3535; baseline -0.006 -9"><span class='ocrx_word' id='word_1_734' title='bbox 2225 3473 2493 3527; x_wconf 89' lang='lat' dir='ltr'>didisset.</span> <span class='ocrx_word' id='word_1_735' title='bbox 2528 3471 2676 3535; x_wconf 91' lang='lat' dir='ltr'>Quid</span> <span class='ocrx_word' id='word_1_736' title='bbox 2709 3471 2862 3524; x_wconf 89' lang='lat' dir='ltr'>enim</span> <span class='ocrx_word' id='word_1_737' title='bbox 2895 3468 3301 3523; x_wconf 87' lang='lat' dir='ltr'>necessarium</span> <span class='ocrx_word' id='word_1_738' title='bbox 3335 3464 3724 3533; x_wconf 84' lang='lat' dir='ltr'>erataddere,</span> <span class='ocrx_word' id='word_1_739' title='bbox 3750 3463 3893 3533; x_wconf 87' lang='lat' dir='ltr'>quod</span> 
     </span>
    </p>
   </div>
   <div class='ocr_carea' id='block_1_97' title="bbox 2226 3552 3896 3616">
    <p class='ocr_par' dir='ltr' id='par_1_97' title="bbox 2226 3552 3896 3616">
     <span class='ocr_line' id='line_1_97' title="bbox 2226 3552 3896 3616; baseline -0.008 0"><span class='ocrx_word' id='word_1_740' title='bbox 2226 3562 2364 3616; x_wconf 89' lang='lat' dir='ltr'>huic</span> <span class='ocrx_word' id='word_1_741' title='bbox 2420 3560 2627 3615; x_wconf 88' lang='lat' dir='ltr'>sensui</span> <span class='ocrx_word' id='word_1_742' title='bbox 2667 3566 2781 3612; x_wconf 87' lang='lat' dir='ltr'>tam</span> <span class='ocrx_word' id='word_1_743' title='bbox 2822 3556 3266 3613; x_wconf 82' lang='lat' dir='ltr'>evidentissima</span> <span class='ocrx_word' id='word_1_744' title='bbox 3296 3555 3675 3607; x_wconf 88' lang='lat' dir='ltr'>contrarium</span> <span class='ocrx_word' id='word_1_745' title='bbox 3705 3552 3896 3606; x_wconf 71' lang='lat' dir='ltr'>esset?</span> 
     </span>
    </p>
   </div>
   <div class='ocr_carea' id='block_1_98' title="bbox 2227 3642 3896 3718">
    <p class='ocr_par' dir='ltr' id='par_1_98' title="bbox 2227 3642 3896 3718">
     <span class='ocr_line' id='line_1_98' title="bbox 2227 3642 3896 3718; baseline -0.007 -13"><span class='ocrx_word' id='word_1_746' title='bbox 2227 3652 2397 3705; x_wconf 90' lang='lat' dir='ltr'>Nunc</span> <span class='ocrx_word' id='word_1_747' title='bbox 2427 3665 2572 3704; x_wconf 89' lang='lat' dir='ltr'>vero</span> <span class='ocrx_word' id='word_1_748' title='bbox 2610 3652 2723 3702; x_wconf 90' lang='lat' dir='ltr'>tam</span> <span class='ocrx_word' id='word_1_749' title='bbox 2756 3647 3210 3718; x_wconf 88' lang='lat' dir='ltr'>diligentissime</span> <span class='ocrx_word' id='word_1_750' title='bbox 3240 3643 3434 3697; x_wconf 87' lang='lat' dir='ltr'>addita</span> <span class='ocrx_word' id='word_1_751' title='bbox 3488 3642 3896 3696; x_wconf 81' lang='lat' dir='ltr'>determinatio</span> 
     </span>
    </p>
   </div>
   <div class='ocr_carea' id='block_1_99' title="bbox 2227 3728 3902 3801">
    <p class='ocr_par' dir='ltr' id='par_1_99' title="bbox 2227 3728 3902 3801">
     <span class='ocr_line' id='line_1_99' title="bbox 2227 3728 3902 3801; baseline -0.007 -9"><span class='ocrx_word' id='word_1_752' title='bbox 2227 3739 2496 3793; x_wconf 86' lang='lat' dir='ltr'>dicentis:</span> <span class='ocrx_word' id='word_1_753' title='bbox 2511 3762 2531 3784; x_wconf 79' lang='grc' dir='ltr'>α</span> <span class='ocrx_word' id='word_1_754' title='bbox 2555 3738 2685 3791; x_wconf 89' lang='lat' dir='ltr'>Non</span> <span class='ocrx_word' id='word_1_755' title='bbox 2704 3738 2857 3790; x_wconf 90' lang='lat' dir='ltr'>sicut</span> <span class='ocrx_word' id='word_1_756' title='bbox 2871 3734 3067 3790; x_wconf 70' lang='lat' dir='ltr'>caeteri</span> <span class='ocrx_word' id='word_1_757' title='bbox 3090 3733 3360 3787; x_wconf 89' lang='lat' dir='ltr'>homines</span> <span class='ocrx_word' id='word_1_758' title='bbox 3378 3732 3778 3801; x_wconf 87' lang='lat' dir='ltr'>pergratiam.</span> <span class='ocrx_word' id='word_1_759' title='bbox 3803 3728 3902 3780; x_wconf 72' lang='lat' dir='ltr'>alit</span> 
     </span>
    </p>
   </div>
   <div class='ocr_carea' id='block_1_100' title="bbox 2228 3818 3892 3898">
    <p class='ocr_par' dir='ltr' id='par_1_100' title="bbox 2228 3818 3892 3898">
     <span class='ocr_line' id='line_1_100' title="bbox 2228 3818 3892 3898; baseline -0.006 -17"><span class='ocrx_word' id='word_1_760' title='bbox 2228 3845 2301 3883; x_wconf 91' lang='lat' dir='ltr'>ne</span> <span class='ocrx_word' id='word_1_761' title='bbox 2330 3844 2444 3898; x_wconf 88' lang='lat' dir='ltr'>qua</span> <span class='ocrx_word' id='word_1_762' title='bbox 2477 3826 2625 3880; x_wconf 82' lang='lat' dir='ltr'>forte</span> <span class='ocrx_word' id='word_1_763' title='bbox 2658 3826 2750 3879; x_wconf 90' lang='lat' dir='ltr'>hic</span> <span class='ocrx_word' id='word_1_764' title='bbox 2790 3824 3017 3879; x_wconf 86' lang='lat' dir='ltr'>erroris</span> <span class='ocrx_word' id='word_1_765' title='bbox 3050 3821 3338 3874; x_wconf 76' lang='lat' dir='ltr'>nubecula</span> <span class='ocrx_word' id='word_1_766' title='bbox 3390 3826 3733 3873; x_wconf 80' lang='lat' dir='ltr'>remaneret</span> <span class='ocrx_word' id='word_1_767' title='bbox 3765 3818 3892 3873; x_wconf 78' lang='lat' dir='ltr'>sub-</span> 
     </span>
    </p>
   </div>
   <div class='ocr_carea' id='block_1_101' title="bbox 2223 3908 3892 3989">
    <p class='ocr_par' dir='ltr' id='par_1_101' title="bbox 2223 3908 3892 3989">
     <span class='ocr_line' id='line_1_101' title="bbox 2223 3908 3892 3989; baseline -0.007 -17"><span class='ocrx_word' id='word_1_768' title='bbox 2223 3917 2555 3989; x_wconf 90' lang='lat' dir='ltr'>jungentis,</span> <span class='ocrx_word' id='word_1_769' title='bbox 2575 3938 2596 3962; x_wconf 80' lang='grc' dir='ltr'>α</span> <span class='ocrx_word' id='word_1_770' title='bbox 2620 3915 2729 3969; x_wconf 90' lang='lat' dir='ltr'>sed</span> <span class='ocrx_word' id='word_1_771' title='bbox 2755 3915 2924 3985; x_wconf 87' lang='lat' dir='ltr'>quasi</span> <span class='ocrx_word' id='word_1_772' title='bbox 2949 3913 3106 3967; x_wconf 87' lang='lat' dir='ltr'>ﬁlius</span> <span class='ocrx_word' id='word_1_773' title='bbox 3124 3927 3231 3982; x_wconf 92' lang='lat' dir='ltr'>per</span> <span class='ocrx_word' id='word_1_774' title='bbox 3247 3913 3539 3964; x_wconf 89' lang='lat' dir='ltr'>naturam.</span> <span class='ocrx_word' id='word_1_775' title='bbox 3558 3931 3583 3955; x_wconf 71' lang='grc' dir='ltr'>ι»</span> <span class='ocrx_word' id='word_1_776' title='bbox 3616 3908 3691 3962; x_wconf 88' lang='lat' dir='ltr'>Et</span> <span class='ocrx_word' id='word_1_777' title='bbox 3704 3924 3778 3962; x_wconf 88' lang='lat' dir='ltr'>ne</span> <span class='ocrx_word' id='word_1_778' title='bbox 3793 3908 3892 3960; x_wconf 84' lang='lat' dir='ltr'>hoc</span> 
     </span>
    </p>
   </div>
   <div class='ocr_carea' id='block_1_102' title="bbox 2230 3998 3894 4069">
    <p class='ocr_par' dir='ltr' id='par_1_102' title="bbox 2230 3998 3894 4069">
     <span class='ocr_line' id='line_1_102' title="bbox 2230 3998 3894 4069; baseline -0.006 -10"><span class='ocrx_word' id='word_1_779' title='bbox 2230 4008 2401 4060; x_wconf 87' lang='lat' dir='ltr'>etiam</span> <span class='ocrx_word' id='word_1_780' title='bbox 2435 4005 2758 4059; x_wconf 88' lang='lat' dir='ltr'>obscurum</span> <span class='ocrx_word' id='word_1_781' title='bbox 2789 4003 3106 4067; x_wconf 88' lang='lat' dir='ltr'>videretur,</span> <span class='ocrx_word' id='word_1_782' title='bbox 3138 3999 3492 4069; x_wconf 86' lang='lat' dir='ltr'>expressius</span> <span class='ocrx_word' id='word_1_783' title='bbox 3525 3998 3894 4066; x_wconf 81' lang='lat' dir='ltr'>exponentis,</span> 
     </span>
    </p>
   </div>
   <div class='ocr_carea' id='block_1_103' title="bbox 2227 4086 3895 4162">
    <p class='ocr_par' dir='ltr' id='par_1_103' title="bbox 2227 4086 3895 4162">
     <span class='ocr_line' id='line_1_103' title="bbox 2227 4086 3895 4162; baseline -0.01 -11"><span class='ocrx_word' id='word_1_784' title='bbox 2227 4095 2288 4150; x_wconf 90' lang='lat' dir='ltr'>id</span> <span class='ocrx_word' id='word_1_785' title='bbox 2317 4097 2428 4162; x_wconf 89' lang='lat' dir='ltr'>est,</span> <span class='ocrx_word' id='word_1_786' title='bbox 2461 4110 2535 4149; x_wconf 87' lang='lat' dir='ltr'>ex</span> <span class='ocrx_word' id='word_1_787' title='bbox 2557 4092 2887 4148; x_wconf 86' lang='lat' dir='ltr'>substantia</span> <span class='ocrx_word' id='word_1_788' title='bbox 2935 4090 3156 4144; x_wconf 86' lang='lat' dir='ltr'>Patris:</span> <span class='ocrx_word' id='word_1_789' title='bbox 3191 4086 3286 4141; x_wconf 80' lang='lat' dir='ltr'>his</span> <span class='ocrx_word' id='word_1_790' title='bbox 3315 4087 3606 4156; x_wconf 87' lang='lat' dir='ltr'>(inquam)</span> <span class='ocrx_word' id='word_1_791' title='bbox 3629 4086 3895 4140; x_wconf 87' lang='lat' dir='ltr'>omnibus</span> 
     </span>
    </p>
   </div>
   <div class='ocr_carea' id='block_1_104' title="bbox 2231 4174 3894 4255">
    <p class='ocr_par' dir='ltr' id='par_1_104' title="bbox 2231 4174 3894 4255">
     <span class='ocr_line' id='line_1_104' title="bbox 2231 4174 3894 4255; baseline -0.007 -17"><span class='ocrx_word' id='word_1_792' title='bbox 2231 4189 2347 4239; x_wconf 88' lang='lat' dir='ltr'>tam</span> <span class='ocrx_word' id='word_1_793' title='bbox 2406 4182 2881 4255; x_wconf 83' lang='lat' dir='ltr'>diligentissimis</span> <span class='ocrx_word' id='word_1_794' title='bbox 2949 4175 3583 4242; x_wconf 81' lang='lat' dir='ltr'>determinationibus;</span> <span class='ocrx_word' id='word_1_795' title='bbox 3648 4174 3894 4244; x_wconf 81' lang='lat' dir='ltr'>subjun-</span> 
     </span>
    </p>
   </div>
   <div class='ocr_carea' id='block_1_105' title="bbox 2233 4266 3903 4346">
    <p class='ocr_par' dir='ltr' id='par_1_105' title="bbox 2233 4266 3903 4346">
     <span class='ocr_line' id='line_1_105' title="bbox 2233 4266 3903 4346; baseline -0.008 -18"><span class='ocrx_word' id='word_1_796' title='bbox 2233 4274 2449 4346; x_wconf 87' lang='lat' dir='ltr'>gendo,</span> <span class='ocrx_word' id='word_1_797' title='bbox 2480 4296 2501 4319; x_wconf 75' lang='grc' dir='ltr'>ιι</span> <span class='ocrx_word' id='word_1_798' title='bbox 2526 4273 2602 4326; x_wconf 90' lang='lat' dir='ltr'>ita</span> <span class='ocrx_word' id='word_1_799' title='bbox 2626 4286 2767 4325; x_wconf 89' lang='lat' dir='ltr'>vera</span> <span class='ocrx_word' id='word_1_800' title='bbox 2789 4269 2923 4341; x_wconf 88' lang='lat' dir='ltr'>ejus</span> <span class='ocrx_word' id='word_1_801' title='bbox 2947 4283 3083 4322; x_wconf 90' lang='lat' dir='ltr'>caro</span> <span class='ocrx_word' id='word_1_802' title='bbox 3106 4269 3197 4320; x_wconf 89' lang='lat' dir='ltr'>est</span> <span class='ocrx_word' id='word_1_803' title='bbox 3216 4280 3393 4336; x_wconf 86' lang='lat' dir='ltr'>quam</span> <span class='ocrx_word' id='word_1_804' title='bbox 3409 4266 3803 4331; x_wconf 84' lang='lat' dir='ltr'>sumimus,et</span> <span class='ocrx_word' id='word_1_805' title='bbox 3818 4278 3903 4315; x_wconf 68' lang='grc' dir='ltr'>τεο</span> 
     </span>
    </p>
   </div>
   <div class='ocr_carea' id='block_1_106' title="bbox 2232 4353 3901 4435">
    <p class='ocr_par' dir='ltr' id='par_1_106' title="bbox 2232 4353 3901 4435">
     <span class='ocr_line' id='line_1_106' title="bbox 2232 4353 3901 4435; baseline -0.01 -16"><span class='ocrx_word' id='word_1_806' title='bbox 2232 4381 2340 4419; x_wconf 88' lang='lat' dir='ltr'>rus</span> <span class='ocrx_word' id='word_1_807' title='bbox 2371 4364 2505 4435; x_wconf 89' lang='lat' dir='ltr'>ejus</span> <span class='ocrx_word' id='word_1_808' title='bbox 2527 4361 2777 4433; x_wconf 85' lang='lat' dir='ltr'>sanguis</span> <span class='ocrx_word' id='word_1_809' title='bbox 2795 4362 2890 4414; x_wconf 90' lang='lat' dir='ltr'>est</span> <span class='ocrx_word' id='word_1_810' title='bbox 2907 4374 3082 4429; x_wconf 90' lang='lat' dir='ltr'>quem</span> <span class='ocrx_word' id='word_1_811' title='bbox 3110 4360 3299 4425; x_wconf 88' lang='lat' dir='ltr'>potam</span> <span class='ocrx_word' id='word_1_812' title='bbox 3311 4371 3403 4423; x_wconf 89' lang='lat' dir='ltr'>us,</span> <span class='ocrx_word' id='word_1_813' title='bbox 3432 4369 3687 4408; x_wconf 67' lang='lat' dir='ltr'>somnes</span> <span class='ocrx_word' id='word_1_814' title='bbox 3710 4353 3901 4406; x_wconf 51' lang='lat' dir='ltr'>adver-</span> 
     </span>
    </p>
   </div>
   <div class='ocr_carea' id='block_1_107' title="bbox 2232 4441 3899 4519">
    <p class='ocr_par' dir='ltr' id='par_1_107' title="bbox 2232 4441 3899 4519">
     <span class='ocr_line' id='line_1_107' title="bbox 2232 4441 3899 4519; baseline -0.009 -11"><span class='ocrx_word' id='word_1_815' title='bbox 2232 4455 2525 4509; x_wconf 86' lang='lat' dir='ltr'>sariorum</span> <span class='ocrx_word' id='word_1_816' title='bbox 2573 4450 2971 4505; x_wconf 89' lang='lat' dir='ltr'>calumniosas</span> <span class='ocrx_word' id='word_1_817' title='bbox 3021 4444 3571 4519; x_wconf 85' lang='lat' dir='ltr'>argumentationes</span> <span class='ocrx_word' id='word_1_818' title='bbox 3624 4441 3899 4504; x_wconf 80' lang='lat' dir='ltr'>excludit,</span> 
     </span>
    </p>
   </div>
   <div class='ocr_carea' id='block_1_108' title="bbox 2166 4533 3902 4608">
    <p class='ocr_par' dir='ltr' id='par_1_108' title="bbox 2166 4533 3902 4608">
     <span class='ocr_line' id='line_1_108' title="bbox 2166 4533 3902 4608; baseline -0.008 -10"><span class='ocrx_word' id='word_1_819' title='bbox 2166 4575 2173 4583; x_wconf 89' lang='lat'><strong>-</strong></span> <span class='ocrx_word' id='word_1_820' title='bbox 2230 4546 2287 4598; x_wconf 91' lang='lat' dir='ltr'>et</span> <span class='ocrx_word' id='word_1_821' title='bbox 2318 4556 2554 4597; x_wconf 91' lang='lat' dir='ltr'>carnem</span> <span class='ocrx_word' id='word_1_822' title='bbox 2584 4538 2803 4594; x_wconf 89' lang='lat' dir='ltr'>Christi</span> <span class='ocrx_word' id='word_1_823' title='bbox 2834 4542 2889 4592; x_wconf 91' lang='lat' dir='ltr'>et</span> <span class='ocrx_word' id='word_1_824' title='bbox 2921 4536 3269 4608; x_wconf 88' lang='lat' dir='ltr'>sanguinem</span> <span class='ocrx_word' id='word_1_825' title='bbox 3331 4533 3718 4587; x_wconf 82' lang='lat' dir='ltr'>substantive</span> <span class='ocrx_word' id='word_1_826' title='bbox 3750 4544 3902 4593; x_wconf 74' lang='lat' dir='ltr'>esse.</span> 
     </span>
    </p>
   </div>
   <div class='ocr_carea' id='block_1_109' title="bbox 2232 4620 3907 4704">
    <p class='ocr_par' dir='ltr' id='par_1_109' title="bbox 2232 4620 3907 4704">
     <span class='ocr_line' id='line_1_109' title="bbox 2232 4620 3907 4704; baseline -0.01 -17"><span class='ocrx_word' id='word_1_827' title='bbox 2232 4632 2386 4704; x_wconf 89' lang='lat' dir='ltr'>quod</span> <span class='ocrx_word' id='word_1_828' title='bbox 2422 4630 2713 4685; x_wconf 90' lang='lat' dir='ltr'>sumimus</span> <span class='ocrx_word' id='word_1_829' title='bbox 2740 4631 2796 4682; x_wconf 89' lang='lat' dir='ltr'>et</span> <span class='ocrx_word' id='word_1_830' title='bbox 2823 4631 3115 4696; x_wconf 88' lang='lat' dir='ltr'>potamus,</span> <span class='ocrx_word' id='word_1_831' title='bbox 3148 4622 3422 4678; x_wconf 81' lang='lat' dir='ltr'>ostendit.</span> <span class='ocrx_word' id='word_1_832' title='bbox 3452 4620 3660 4685; x_wconf 79' lang='lat' dir='ltr'>Quare</span> <span class='ocrx_word' id='word_1_833' title='bbox 3691 4621 3747 4674; x_wconf 85' lang='lat' dir='ltr'>si</span> <span class='ocrx_word' id='word_1_834' title='bbox 3777 4634 3907 4672; x_wconf 52' lang='lat' dir='ltr'>conc</span> 
     </span>
    </p>
   </div>
   <div class='ocr_carea' id='block_1_110' title="bbox 2229 4708 3904 4790">
    <p class='ocr_par' dir='ltr' id='par_1_110' title="bbox 2229 4708 3904 4790">
     <span class='ocr_line' id='line_1_110' title="bbox 2229 4708 3904 4790; baseline -0.01 -15"><span class='ocrx_word' id='word_1_835' title='bbox 2229 4726 2319 4777; x_wconf 88' lang='lat' dir='ltr'>tra</span> <span class='ocrx_word' id='word_1_836' title='bbox 2350 4722 2606 4790; x_wconf 89' lang='lat' dir='ltr'>teipsum</span> <span class='ocrx_word' id='word_1_837' title='bbox 2637 4733 2753 4771; x_wconf 91' lang='lat' dir='ltr'>non</span> <span class='ocrx_word' id='word_1_838' title='bbox 2786 4716 3078 4785; x_wconf 89' lang='lat' dir='ltr'>disputas,</span> <span class='ocrx_word' id='word_1_839' title='bbox 3121 4713 3328 4767; x_wconf 87' lang='lat' dir='ltr'>obeate</span> <span class='ocrx_word' id='word_1_840' title='bbox 3358 4709 3772 4775; x_wconf 83' lang='lat' dir='ltr'>Ambrosi,ab</span> <span class='ocrx_word' id='word_1_841' title='bbox 3803 4708 3904 4760; x_wconf 77' lang='lat' dir='ltr'>hac</span> 
     </span>
    </p>
   </div>
   <div class='ocr_carea' id='block_1_111' title="bbox 2233 4799 3905 4866">
    <p class='ocr_par' dir='ltr' id='par_1_111' title="bbox 2233 4799 3905 4866">
     <span class='ocr_line' id='line_1_111' title="bbox 2233 4799 3905 4866; baseline -0.01 -2"><span class='ocrx_word' id='word_1_842' title='bbox 2233 4810 2345 4864; x_wconf 88' lang='lat' dir='ltr'>ﬁde</span> <span class='ocrx_word' id='word_1_843' title='bbox 2375 4824 2493 4863; x_wconf 91' lang='lat' dir='ltr'>non</span> <span class='ocrx_word' id='word_1_844' title='bbox 2521 4804 2828 4860; x_wconf 90' lang='lat' dir='ltr'>dissentis.</span> <span class='ocrx_word' id='word_1_845' title='bbox 2863 4804 2923 4857; x_wconf 81' lang='lat' dir='ltr'>Si</span> <span class='ocrx_word' id='word_1_846' title='bbox 2947 4807 3138 4856; x_wconf 79' lang='lat' dir='ltr'>autem</span> <span class='ocrx_word' id='word_1_847' title='bbox 3160 4816 3276 4855; x_wconf 90' lang='lat' dir='ltr'>non</span> <span class='ocrx_word' id='word_1_848' title='bbox 3301 4799 3599 4852; x_wconf 88' lang='lat' dir='ltr'>dissentis</span> <span class='ocrx_word' id='word_1_849' title='bbox 3624 4802 3686 4852; x_wconf 87' lang='lat' dir='ltr'>te</span> <span class='ocrx_word' id='word_1_850' title='bbox 3714 4799 3905 4866; x_wconf 78' lang='lat' dir='ltr'>utique</span> 
     </span>
    </p>
   </div>
   <div class='ocr_carea' id='block_1_112' title="bbox 2232 4888 3469 4969">
    <p class='ocr_par' dir='ltr' id='par_1_112' title="bbox 2232 4888 3469 4969">
     <span class='ocr_line' id='line_1_112' title="bbox 2232 4888 3469 4969; baseline -0.011 -15"><span class='ocrx_word' id='word_1_851' title='bbox 2232 4914 2405 4969; x_wconf 90' lang='lat' dir='ltr'>quam</span> <span class='ocrx_word' id='word_1_852' title='bbox 2440 4894 2864 4966; x_wconf 87' lang='lat' dir='ltr'>Berengarium</span> <span class='ocrx_word' id='word_1_853' title='bbox 2894 4892 3085 4946; x_wconf 91' lang='lat' dir='ltr'>satius</span> <span class='ocrx_word' id='word_1_854' title='bbox 3113 4892 3206 4944; x_wconf 87' lang='lat' dir='ltr'>est</span> <span class='ocrx_word' id='word_1_855' title='bbox 3236 4888 3469 4942; x_wconf 88' lang='lat' dir='ltr'>imitari.</span> 
     </span>
    </p>
   </div>
   <div class='ocr_carea' id='block_1_113' title="bbox 2306 4976 3906 5055">
    <p class='ocr_par' dir='ltr' id='par_1_113' title="bbox 2306 4976 3906 5055">
     <span class='ocr_line' id='line_1_113' title="bbox 2306 4976 3906 5055; baseline -0.009 -15"><span class='ocrx_word' id='word_1_856' title='bbox 2306 4986 2520 5040; x_wconf 79' lang='lat' dir='ltr'>Vidisti</span> <span class='ocrx_word' id='word_1_857' title='bbox 2540 4985 2709 5055; x_wconf 89' lang='lat' dir='ltr'>plane</span> <span class='ocrx_word' id='word_1_858' title='bbox 2733 4982 2872 5054; x_wconf 89' lang='lat' dir='ltr'>quid</span> <span class='ocrx_word' id='word_1_859' title='bbox 2894 4979 3305 5035; x_wconf 86' lang='lat' dir='ltr'>nobilissimus</span> <span class='ocrx_word' id='word_1_860' title='bbox 3328 4978 3539 5031; x_wconf 88' lang='lat' dir='ltr'>doctor</span> <span class='ocrx_word' id='word_1_861' title='bbox 3560 4976 3685 5031; x_wconf 83' lang='lat' dir='ltr'>hoc</span> <span class='ocrx_word' id='word_1_862' title='bbox 3701 4977 3757 5030; x_wconf 85' lang='lat' dir='ltr'>in</span> <span class='ocrx_word' id='word_1_863' title='bbox 3784 4977 3906 5029; x_wconf 81' lang='lat' dir='ltr'>loco</span> 
     </span>
    </p>
   </div>
   <div class='ocr_carea' id='block_1_114' title="bbox 2233 5067 3910 5140">
    <p class='ocr_par' dir='ltr' id='par_1_114' title="bbox 2233 5067 3910 5140">
     <span class='ocr_line' id='line_1_114' title="bbox 2233 5067 3910 5140; baseline -0.011 -7"><span class='ocrx_word' id='word_1_864' title='bbox 2233 5078 2305 5132; x_wconf 91' lang='lat' dir='ltr'>de</span> <span class='ocrx_word' id='word_1_865' title='bbox 2338 5074 2728 5132; x_wconf 86' lang='lat' dir='ltr'>sacramentis</span> <span class='ocrx_word' id='word_1_866' title='bbox 2757 5072 2958 5126; x_wconf 88' lang='lat' dir='ltr'>altaris</span> <span class='ocrx_word' id='word_1_867' title='bbox 2971 5070 3199 5140; x_wconf 88' lang='lat' dir='ltr'>absque</span> <span class='ocrx_word' id='word_1_868' title='bbox 3219 5067 3337 5121; x_wconf 89' lang='lat' dir='ltr'>ullo</span> <span class='ocrx_word' id='word_1_869' title='bbox 3350 5067 3655 5121; x_wconf 86' lang='lat' dir='ltr'>velamine</span> <span class='ocrx_word' id='word_1_870' title='bbox 3678 5067 3910 5121; x_wconf 79' lang='lat' dir='ltr'>sentiat.</span> 
     </span>
    </p>
   </div>
   <div class='ocr_carea' id='block_1_115' title="bbox 2236 5156 3908 5235">
    <p class='ocr_par' dir='ltr' id='par_1_115' title="bbox 2236 5156 3908 5235">
     <span class='ocr_line' id='line_1_115' title="bbox 2236 5156 3908 5235; baseline -0.009 -14"><span class='ocrx_word' id='word_1_871' title='bbox 2236 5166 2484 5221; x_wconf 89' lang='lat' dir='ltr'>Attende</span> <span class='ocrx_word' id='word_1_872' title='bbox 2506 5163 2629 5235; x_wconf 89' lang='lat' dir='ltr'>jam</span> <span class='ocrx_word' id='word_1_873' title='bbox 2660 5178 2834 5234; x_wconf 89' lang='lat' dir='ltr'>quam</span> <span class='ocrx_word' id='word_1_874' title='bbox 2863 5159 3127 5214; x_wconf 89' lang='lat' dir='ltr'>breviter</span> <span class='ocrx_word' id='word_1_875' title='bbox 3155 5158 3297 5229; x_wconf 89' lang='lat' dir='ltr'>quid</span> <span class='ocrx_word' id='word_1_876' title='bbox 3334 5157 3599 5210; x_wconf 89' lang='lat' dir='ltr'>etiamin</span> <span class='ocrx_word' id='word_1_877' title='bbox 3636 5156 3754 5209; x_wconf 77' lang='lat' dir='ltr'>alio</span> <span class='ocrx_word' id='word_1_878' title='bbox 3784 5156 3908 5207; x_wconf 75' lang='lat' dir='ltr'>loco</span> 
     </span>
    </p>
   </div>
   <div class='ocr_carea' id='block_1_116' title="bbox 2236 5242 3909 5326">
    <p class='ocr_par' dir='ltr' id='par_1_116' title="bbox 2236 5242 3909 5326">
     <span class='ocr_line' id='line_1_116' title="bbox 2236 5242 3909 5326; baseline -0.01 -15"><span class='ocrx_word' id='word_1_879' title='bbox 2236 5256 2505 5326; x_wconf 89' lang='lat' dir='ltr'>ejusdem</span> <span class='ocrx_word' id='word_1_880' title='bbox 2537 5252 2671 5306; x_wconf 90' lang='lat' dir='ltr'>libri</span> <span class='ocrx_word' id='word_1_881' title='bbox 2701 5251 2856 5305; x_wconf 82' lang='lat' dir='ltr'>dicat</span> <span class='ocrx_word' id='word_1_882' title='bbox 2886 5267 2933 5303; x_wconf 73' lang='grc' dir='ltr'><strong>ε(</strong></span> <span class='ocrx_word' id='word_1_883' title='bbox 2968 5248 3117 5313; x_wconf 89' lang='lat' dir='ltr'>Quid</span> <span class='ocrx_word' id='word_1_884' title='bbox 3146 5245 3543 5317; x_wconf 88' lang='lat' dir='ltr'>argumentis,</span> <span class='ocrx_word' id='word_1_885' title='bbox 3576 5242 3909 5314; x_wconf 82' lang='lat' dir='ltr'>inquit,uti-</span> 
     </span>
    </p>
   </div>
   <div class='ocr_carea' id='block_1_117' title="bbox 2234 5336 3909 5408">
    <p class='ocr_par' dir='ltr' id='par_1_117' title="bbox 2234 5336 3909 5408">
     <span class='ocr_line' id='line_1_117' title="bbox 2234 5336 3909 5408; baseline -0.008 -9"><span class='ocrx_word' id='word_1_886' title='bbox 2234 5361 2364 5400; x_wconf 90' lang='lat' dir='ltr'>mur</span> <span class='ocrx_word' id='word_1_887' title='bbox 2376 5346 2403 5398; x_wconf 83' lang='lat'>‘?</span> <span class='ocrx_word' id='word_1_888' title='bbox 2420 5343 2558 5398; x_wconf 87' lang='lat' dir='ltr'>Suis</span> <span class='ocrx_word' id='word_1_889' title='bbox 2578 5345 2808 5394; x_wconf 89' lang='lat' dir='ltr'>utamur</span> <span class='ocrx_word' id='word_1_890' title='bbox 2823 5336 3700 5408; x_wconf 84' lang='lat' dir='ltr'>exemplis,incarnationisque</span> <span class='ocrx_word' id='word_1_891' title='bbox 3716 5348 3909 5388; x_wconf 72' lang='lat' dir='ltr'>exem-</span> 
     </span>
    </p>
   </div>
   <div class='ocr_carea' id='block_1_118' title="bbox 2234 5423 3914 5505">
    <p class='ocr_par' dir='ltr' id='par_1_118' title="bbox 2234 5423 3914 5505">
     <span class='ocr_line' id='line_1_118' title="bbox 2234 5423 3914 5505; baseline -0.008 -18"><span class='ocrx_word' id='word_1_892' title='bbox 2234 5434 2330 5505; x_wconf 92' lang='lat' dir='ltr'>plo</span> <span class='ocrx_word' id='word_1_893' title='bbox 2352 5436 2693 5487; x_wconf 87' lang='lat' dir='ltr'>astruamus</span> <span class='ocrx_word' id='word_1_894' title='bbox 2718 5427 2981 5499; x_wconf 75' lang='lat' dir='ltr'>mysterii</span> <span class='ocrx_word' id='word_1_895' title='bbox 3004 5427 3326 5481; x_wconf 89' lang='lat' dir='ltr'>veritatem.</span> <span class='ocrx_word' id='word_1_896' title='bbox 3350 5425 3569 5494; x_wconf 89' lang='lat' dir='ltr'>Liquet</span> <span class='ocrx_word' id='word_1_897' title='bbox 3587 5423 3752 5493; x_wconf 85' lang='lat' dir='ltr'>quod</span> <span class='ocrx_word' id='word_1_898' title='bbox 3772 5436 3914 5490; x_wconf 74' lang='lat' dir='ltr'>pra:-</span> 
     </span>
    </p>
   </div>
   <div class='ocr_carea' id='block_1_119' title="bbox 2235 5509 3903 5587">
    <p class='ocr_par' dir='ltr' id='par_1_119' title="bbox 2235 5509 3903 5587">
     <span class='ocr_line' id='line_1_119' title="bbox 2235 5509 3903 5587; baseline -0.01 -9"><span class='ocrx_word' id='word_1_899' title='bbox 2235 5527 2325 5578; x_wconf 89' lang='lat' dir='ltr'>ter</span> <span class='ocrx_word' id='word_1_900' title='bbox 2352 5526 2575 5576; x_wconf 84' lang='lat' dir='ltr'>naturae</span> <span class='ocrx_word' id='word_1_901' title='bbox 2634 5518 2902 5574; x_wconf 87' lang='lat' dir='ltr'>ordinem</span> <span class='ocrx_word' id='word_1_902' title='bbox 2936 5517 3121 5587; x_wconf 87' lang='lat' dir='ltr'>Virgo</span> <span class='ocrx_word' id='word_1_903' title='bbox 3152 5514 3458 5587; x_wconf 85' lang='lat' dir='ltr'>generavit</span> <span class='ocrx_word' id='word_1_904' title='bbox 3518 5518 3577 5566; x_wconf 88' lang='lat' dir='ltr'>et</span> <span class='ocrx_word' id='word_1_905' title='bbox 3609 5513 3728 5565; x_wconf 85' lang='lat' dir='ltr'>hoc</span> <span class='ocrx_word' id='word_1_906' title='bbox 3757 5509 3903 5581; x_wconf 81' lang='lat' dir='ltr'>quod</span> 
     </span>
    </p>
   </div>
   <div class='ocr_carea' id='block_1_120' title="bbox 2236 5601 3903 5680">
    <p class='ocr_par' dir='ltr' id='par_1_120' title="bbox 2236 5601 3903 5680">
     <span class='ocr_line' id='line_1_120' title="bbox 2236 5601 3903 5680; baseline -0.01 -11"><span class='ocrx_word' id='word_1_907' title='bbox 2236 5611 2587 5669; x_wconf 86' lang='lat' dir='ltr'>conﬁcimus</span> <span class='ocrx_word' id='word_1_908' title='bbox 2618 5622 2857 5680; x_wconf 90' lang='lat' dir='ltr'>corpus,</span> <span class='ocrx_word' id='word_1_909' title='bbox 2878 5621 2953 5661; x_wconf 87' lang='lat' dir='ltr'>ex</span> <span class='ocrx_word' id='word_1_910' title='bbox 2978 5604 3224 5677; x_wconf 83' lang='lat' dir='ltr'>Virgine</span> <span class='ocrx_word' id='word_1_911' title='bbox 3253 5606 3365 5658; x_wconf 87' lang='lat' dir='ltr'>est.</span> <span class='ocrx_word' id='word_1_912' title='bbox 3390 5601 3543 5667; x_wconf 88' lang='lat' dir='ltr'>Quid</span> <span class='ocrx_word' id='word_1_913' title='bbox 3562 5602 3788 5673; x_wconf 66' lang='lat' dir='ltr'>quaeris</span> <span class='ocrx_word' id='word_1_914' title='bbox 3808 5613 3903 5653; x_wconf 46' lang='lat' dir='ltr'>na-</span> 
     </span>
    </p>
   </div>
  </div>
