4084 6186
168 326 326 387 1473

521 323 633 385 DE
664 322 1086 387 CORPORIS
1119 324 1223 385 ET
1249 324 1487 387 SANG.
1516 323 1821 386 DOMINI
1850 322 2280 386 VERITATE
2310 322 2537 386 LIBRI
2567 323 2885 387 TRES.—-
2909 324 3067 386 LIB.
3098 326 3205 387 III.

3417 328 3574 390 1474

147 533 294 581 turea
312 526 578 581 ordinem
610 527 668 579 in
696 527 917 581 Christi
949 543 1219 598 corpore,
1259 544 1393 582 cum
1412 533 1629 598 praeter
1648 530 1818 581 natu-
1840 525 1892 588 Α
1934 529 2185 596 reparat.
2235 527 2345 591 Qui
2380 527 2518 582 licet
2544 544 2803 598 surgens
2843 545 2874 582 a
2902 532 3153 584 mortuis
3186 530 3303 600 iam
3345 550 3457 587 non
3488 554 3603 593 mo-

152 633 274 670 ram
291 616 368 670 sit
381 616 394 668 i
403 631 509 685 pse
522 615 797 669 Christus
814 618 1016 685 partus
1034 616 1571 688 ex\’irgine?nQuid
1586 616 1816 683 melius,

148 720 378 776 quaeso,
410 704 549 774 quid
582 704 848 772 apertius
882 705 1100 759 dictum
1136 706 1398 775 quaeris?
1429 705 1490 759 Si
1522 705 1675 759 enim
1719 720 1820 758 sa-

143 796 442 847 cramenta
474 793 679 846 altaris
711 794 918 847 umbra
964 797 1187 848 tantum
1222 798 1277 848 et
1307 795 1499 864 ﬁgura
1532 794 1819 847 Dominici

148 883 417 952 corporis
451 884 672 950 essent,
729 882 869 951 quid
909 882 1003 936 hic
1060 887 1276 953 praeter
1323 886 1588 937 naturam
1628 883 1813 951 ﬁeret,

151 987 283 1025 cum
302 975 465 1040 petra
496 986 613 1024 non
650 975 867 1039 praeter
895 976 1180 1042 naturam,
1224 972 1332 1027 sed
1357 973 1551 1042 potius
1583 977 1821 1041 propter

149 1065 420 1113 naturam
439 1075 567 1113 suae
590 1059 946 1128 stabilitatis,
968 1064 1025 1115 et
1043 1076 1237 1132 agnus
1267 1077 1383 1116 non
1414 1066 1628 1131 praeter
1648 1064 1819 1114 natu-

149 1148 409 1217 ram,sed
430 1163 719 1216 persuam
737 1153 1028 1218 naturam,
1065 1150 1121 1204 id
1145 1156 1255 1216 est,
1282 1152 1813 1220 perinnocentiam,

145 1240 197 1290 et
221 1236 499 1291 similiter
519 1244 735 1290 caetera
771 1236 1072 1292 Christum
1106 1240 1393 1310 ﬁgurant?
1425 1240 1694 1311 Longum
1728 1243 1818 1294 est

146 1326 199 1379 si
225 1328 456 1388 cuncta.
492 1341 626 1395 quae
660 1341 735 1379 ex
763 1327 934 1381 beato
959 1328 1278 1382 Ambrosio
1301 1332 1501 1383 contra
1523 1330 1819 1400 Berenga-

147 1415 300 1469 rium
343 1430 667 1484 possumus
710 1416 995 1470 adhibere
1037 1417 1390 1487 testimonia,
1428 1418 1815 1472 disseramus.

146 1504 278 1557 Jam
310 1504 382 1556 ad
416 1504 568 1559 alios
597 1508 875 1559 auctores
904 1507 1330 1561 transeundum
1354 1512 1464 1561 est.

219 1593 657 1648 Sanctissiinus
675 1609 843 1663 papa,
872 1594 991 1650 Leo
1014 1595 1487 1665 antiquissimus,
1521 1596 1679 1650 omni
1710 1596 1822 1649 Ec-

151 1681 358 1736 clesiae
409 1681 513 1735 Dei
565 1682 951 1752 venerabilis,
1002 1683 1148 1737 dixit
1178 1685 1236 1737 in
1267 1684 1518 1754 quodam
1550 1699 1824 1739 sermone

150 1771 266 1837 (De
279 1772 516 1841 jejunio
528 1771 769 1841 septimi
785 1772 1055 1841 mensis):
1067 1795 1088 1819 «
1115 1772 1211 1826 Sic
1226 1787 1414 1826 sacrae
1438 1789 1661 1828 mensae
1676 1788 1825 1827 com-

146 1861 451 1913 municare
474 1860 724 1926 debetis,
759 1862 822 1913 ut
852 1859 996 1913 nihil
1029 1876 1280 1929 prorsus
1313 1862 1384 1915 de
1424 1864 1669 1916 veritate
1694 1877 1820 1915 cor-

151 1948 321 2019 poris
340 1947 557 2002 Christi
577 1952 634 2001 et
664 1948 981 2018 sanguinis
1013 1949 1349 2020 ambigatis.
1387 1950 1513 2004 Hoc
1534 1952 1690 2004 enim
1721 1966 1822 2005 ore

148 2036 427 2102 sumitur,
479 2036 635 2106 quod
694 2036 807 2090 ﬁde
854 2037 1130 2091 creditur.
1182 2037 1254 2091 Et
1302 2039 1521 2092 frustra
1571 2041 1643 2094 ab
1704 2040 1821 2094 illis

149 2141 322 2180 amen
342 2124 795 2194 respondetur,a
818 2125 1036 2195 quibus
1063 2130 1267 2180 contra
1292 2126 1347 2181 id
1361 2128 1516 2197 quod
1539 2128 1825 2198 accipitur

150 2215 509 2282 disputatur.
547 2234 568 2259 ι

224 2303 443 2355 Beatus
466 2317 700 2372 quoque
723 2302 982 2371 Cyrillus
1002 2319 1134 2357 cum
1158 2304 1429 2357 ducentis
1451 2305 1821 2375 episcOpisin

152 2390 456 2461 Ephesina
475 2391 723 2460 synodo,
757 2406 931 2461 quam
964 2392 1173 2446 beatus
1198 2392 1528 2463 Gregorius
1547 2397 1822 2465 tanquam

144 2495 330 2533 unum
361 2494 435 2533 ex
465 2484 714 2549 quatuor
735 2478 1076 2551 Evangeliis
1100 2481 1542 2550 suscipiendam
1574 2485 1812 2553 asserit,

149 2572 246 2623 sic
267 2571 372 2624 ait:
402 2592 425 2616 α
462 2569 549 2623 Ad
570 2570 1016 2625 benedictiones
1055 2573 1338 2641 mysticas
1374 2572 1735 2639 accedimus,
1769 2577 1825 2626 et

70 2648 101 2689 Υ
150 2658 615 2727 sanctiﬁcamur,
641 2658 963 2729 participes
997 2661 1184 2713 sancti
1209 2661 1481 2730 corporis
1502 2666 1557 2715 et
1577 2663 1826 2731 pretiosi

150 2748 706 2819 sanguinis,Cristi
766 2748 1025 2801 omnium
1084 2753 1353 2803 nostrum
1414 2750 1824 2819 Redemptoris

147 2835 353 2889 effecti
390 2851 401 2887 :
433 2851 550 2890 non
582 2840 645 2889 ut
699 2851 1071 2891 communem
1122 2853 1357 2891 carnem
1405 2839 1820 2909 percipientes,

147 2922 315 2993 quod
346 2924 531 2977 absit!
566 2939 673 2977 nec
704 2927 767 2977 ut
800 2924 913 2977 viri
961 2925 1310 2979 sanctiﬁcati
1340 2928 1397 2978 et
1445 2926 1629 2979 verbo
1677 2943 1824 2981 con-

136 3012 343 3082 juncti
393 3012 724 3067 secundum
754 3013 1059 3084 dignitatis
1090 3014 1392 3084 unitatem,
1426 3020 1523 3069 aut
1555 3015 1708 3070 sicut
1739 3016 1823 3070 di-

145 3102 356 3154 vinam
387 3101 752 3170 possidentis
785 3101 1241 3167 habitationem;
1276 3104 1380 3157 sed
1407 3120 1545 3158 vere
1564 3106 1824 3159 viviﬁca-

145 3191 388 3255 tricem,
427 3192 483 3242 et
511 3190 702 3260 ipsius
727 3190 891 3244 verbi
914 3191 1212 3260 propriam
1244 3191 1475 3246 factam.
1510 3194 1638 3247 Vita
1669 3196 1822 3249 enim

1929 618 2113 685 ritur,
2142 623 2200 669 οι
2233 633 2393 672 mors
2425 617 2518 670 illi
2541 617 2694 671 ultra
2719 634 2830 673 non
2862 619 3464 680 dominabitnrtfiom.
3489 629 3590 698 vr),

1930 709 2125 759 tamen
2150 706 2204 758 in
2231 707 2434 773 seipse
2456 706 2861 760 immortaliter
2883 711 3056 777 atque
3076 709 3600 781 incorruptibiliter

1937 794 2168 863 vivens,
2202 810 2307 863 pro
2348 795 2522 848 nobis
2582 796 2792 848 iterum
2822 797 2881 849 in
2913 796 3024 849 hoc
3076 801 3358 867 mysterio
3409 818 3598 859 sacrm

1940 883 2255 936 oblationis
2313 883 2664 937 immolatur.
2702 883 2849 952 Ejus
2880 886 3094 954 quippe
3126 886 3200 938 ibi
3236 904 3451 959 corpus
3484 908 3594 946 su-

1933 973 2127 1040 mitur,
2163 972 2297 1042 ejus
2329 987 2465 1025 caro
2498 973 2556 1025 in
2586 973 2785 1041 populi
2840 973 3087 1027 salutem
3133 978 3398 1043 partitur.
3450 979 3601 1051 Ejus

1944 1061 2193 1128 sanguis
2224 1076 2339 1114 non
2367 1062 2488 1131 jam
2538 1061 2596 1113 in
2628 1076 2837 1114 manus
2886 1061 3227 1129 inﬁdelium,
3261 1068 3367 1120 scd
3400 1069 3457 1122 in
3499 1084 3602 1126 ora

1943 1147 2200 1202 ﬁdelium
2235 1149 2516 1203 funditur.
2554 1150 2703 1202 l-Iiiic
2735 1165 2878 1221 ergo
2913 1168 3254 1221 pensemus,
3290 1157 3461 1226 quale
3493 1175 3600 1228 pro

1940 1238 2113 1291 nobis
2140 1238 2247 1291 hoc
2267 1239 2627 1292 sacriﬁcium
2660 1240 2756 1307 sit,
2790 1242 2944 1309 quod
2966 1242 3458 1309 proabsolutione
3490 1263 3600 1301 no-

1940 1330 2060 1380 stra
2093 1329 2434 1396 passionem
2458 1329 2745 1398 unigeniti
2769 1330 2870 1382 tilii
2903 1346 3140 1399 semper
3171 1332 3599 1400 imitatur.Quis

1936 1416 2090 1468 enim
2114 1416 2372 1470 ﬁdelium
2406 1416 2624 1470 habere
2657 1418 2898 1471 dubium
2920 1420 3113 1487 possit
3145 1422 3202 1472 in
3236 1422 3363 1491 ipsa
3387 1422 3599 1479 immo-

1933 1503 2172 1558 lationis
2206 1505 2370 1573 hora,
2404 1506 2476 1558 ad
2520 1506 2849 1561 sacerdotis
2904 1524 3111 1562 vocem
3146 1510 3330 1563 cmlos
3360 1513 3597 1584 aperiri,

1936 1591 1993 1645 in
2037 1592 2135 1647 illo
2180 1593 2323 1647 Jesu
2373 1593 2593 1647 Christi
2650 1597 2933 1665 mysterio
2979 1598 3326 1666 angelorum
3380 1601 3599 1657 choros

1931 1681 2180 1751 adesse;
2209 1682 2458 1736 summis
2516 1682 2627 1736 ima
2677 1684 2914 1752 sociari,
2954 1687 3195 1739 terrena
3247 1687 3595 1745 coelestibus
3636 1704 3643 1709 '

1927 1769 2127 1840 jungi,
2153 1786 2332 1824 unum
2357 1771 2493 1841 quid
2527 1786 2598 1825 ex
2629 1772 2965 1826 visibilibus
2992 1777 3163 1844 atque
3196 1776 3600 1832 invisibilibus

1934 1858 2141 1912 ﬁeri?»
2176 1860 2682 1930 Quapropterjam
2714 1877 2867 1914 nunc
2893 1861 3009 1915 sibi
3044 1868 3259 1933 ponant
3280 1866 3592 1919 umbratici

1935 1947 2032 2000 isti
2064 1948 2383 2014 silentium,
2410 1949 2627 2018 quibus
2660 1954 2742 2002 tot
2787 1950 3048 2020 tantique
3081 1956 3354 2006 auctores
3384 1953 3598 2008 incon-

1931 2035 2605 2090 tradicibiliauctoritate
2667 2039 2971 2091 resistunt.
3006 2039 3395 2094 Considerent
3423 2043 3597 2095 etiam

1930 2128 2105 2193 atque
2136 2125 2329 2193 etiam,
2366 2126 2501 2195 quid
2536 2126 2594 2179 in
2627 2127 2827 2179 multis
2877 2127 3025 2181 locis
3082 2133 3325 2183 sanctus
3381 2129 3596 2185 Hiero-

1932 2227 2165 2282 nymus,
2226 2215 2367 2282 quid
2429 2214 2716 2281 Isidorus,
2750 2215 2888 2284 quid
2922 2216 3096 2283 Beda,
3150 2218 3255 2270 sed
3303 2221 3359 2271 et
3389 2233 3595 2273 omnes

1930 2301 2204 2355 doctores
2227 2302 2531 2371 praecipui,
2558 2308 2671 2355 tam
2689 2303 2881 2357 Graeci
2903 2319 3078 2374 quam
3108 2305 3323 2374 Latini,
3352 2307 3423 2361 de
3454 2323 3593 2361 cor-

1930 2406 2071 2459 pore
2091 2390 2320 2444 Domini
2348 2391 2616 2459 doceant,
2649 2396 2822 2461 atque
2868 2392 3055 2446 errori
3091 2408 3220 2463 suo,
3258 2398 3340 2448 tot
3374 2396 3592 2449 ceden-

1930 2481 2021 2531 tes
2044 2478 2340 2549 tantisque
2360 2479 2724 2547 doctoribus,
2766 2481 2941 2534 ﬁnem
2998 2486 3236 2549 ponant.
3274 2483 3406 2537 Non
3437 2484 3595 2538 enim

1931 2567 2124 2620 omnia
2155 2567 2455 2622 discutere
2485 2569 2973 2637 proptertaedium
3004 2569 3164 2642 longi
3189 2572 3389 2641 operis
3420 2572 3598 2627 debe-

1928 2671 2080 2723 mus,
2118 2671 2252 2709 cum
2303 2657 2375 2710 iis
2407 2673 2539 2727 quae
2575 2658 2978 2713 discussimus
3021 2660 3445 2716 rationabiliter
3466 2677 3605 2718 con-

1930 2744 2139 2798 tradici
2169 2760 2285 2799 non
2317 2739 2549 2814 possit.’

2004 2834 2421 2888 Beatissimum
2451 2839 2643 2889 tamen
2680 2835 2962 2890 Hilarium
2988 2837 3418 2893 Pictaviensem
3453 2855 3597 2910 pon-

1929 2921 2167 2989 tiﬁcem,
2200 2922 2336 2977 ﬁdei
2355 2939 2503 2993 pene
2534 2940 2643 2978 suo
2666 2928 2929 2994 tempore
2981 2926 3345 2997 singularem
3377 2928 3601 2983 colum-

1926 3026 2080 3079 nam,
2113 3011 2475 3065 sanctissimi
2497 3011 2729 3066 Martini
2747 3014 3160 3084 institutorem,
3186 3030 3219 3068 a
3245 3016 3413 3070 beato
3446 3032 3598 3088 quo-

1927 3100 2775 3171 queAugustino,cmterisque
2793 3102 3051 3171 posteris
3081 3103 3452 3175 doctoribus,
3484 3120 3597 3161 nec

1929 3204 2047 3242 non
2078 3192 2136 3242 et
2164 3188 2237 3242 ab
2292 3190 2449 3242 omni
2508 3189 2780 3244 Ecclesia
2840 3190 2942 3244 Dei
2999 3207 3226 3245 summa
3285 3192 3596 3249 devotione

143 3279 506 3332 naturaliter
528 3258 591 3332 ut
626 3279 786 3333 Deus
807 3258 1097 3349 existens,
1117 3281 1302 3350 (quia)
1333 3282 1430 3351 qui
1462 3282 1652 3337 cidem
1683 3300 1823 3353 pro-
1856 3258 1901 3318 C
1930 3280 2295 3347 susceptum,
2328 3278 2400 3331 ad
2431 3279 2684 3341 medium
2715 3280 2847 3333 V010
2871 3279 3182 3335 deducere.
3218 3280 3590 3336 Commodis-

144 3368 305 3437 priaa
337 3368 500 3420 carni
526 3367 725 3422 unitus
746 3372 856 3435 est,
886 3368 1329 3423 viviﬁcatricem
1360 3386 1487 3424 eam
1520 3386 1658 3426 esse
1689 3389 1825 3443 pro-

142 3456 364 3511 fessus
410 3460 521 3510 est.
546 3456 615 3510 Et
659 3457 791 3510 ideo
824 3459 1093 3527 quamvis
1117 3459 1308 3513 dicat:
1340 3460 1484 3514 Nisi
1504 3455 1821 3516 manduca-

152 3545 383 3599 veritis
414 3560 654 3598 carnem
685 3545 797 3598 lilii
841 3547 1099 3601 hominis
1127 3548 1315 3616 (Joan.
1348 3552 1449 3619 vi),
1482 3564 1598 3603 non
1631 3554 1821 3605 tamen

141 3649 288 3687 eam
306 3639 367 3688 ut
388 3634 644 3689 hominis
666 3634 842 3688 unius
862 3650 936 3689 ex
959 3636 1133 3690 nobis
1152 3637 1491 3692 existimare
1513 3639 1819 3695 debemus.

131 3722 456 3787 Quomodo
474 3722 810 3793 enimjuxta
834 3727 1102 3778 naturam
1126 3741 1294 3779 suam
1308 3727 1664 3782 viviﬁcatrix
1681 3745 1820 3784 esse

136 3811 377 3880 poterit
392 3826 528 3865 caro
559 3811 848 3866 hominis?
870 3812 984 3867 Sed
1007 3816 1351 3882 proﬁtemur
1367 3832 1507 3871 vere
1524 3820 1819 3887 propriam

134 3899 296 3969 ejus
337 3899 594 3955 factam:
629 3902 730 3971 qui
785 3904 1026 3971 prOpter
1077 3918 1188 3957 nos
1245 3904 1403 3959 ﬁlius
1453 3906 1709 3961 hominis
1767 3911 1823 3962 et

132 3987 354 4041 factus
377 3991 469 4042 est
487 3993 543 4043 et
564 3992 832 4044 vocatus.
860 4012 880 4038 ιι
899 3989 968 4043 Et
990 3991 1230 4047 iterum:
1253 3992 1341 4047 «Si
1376 3995 1511 4064 quis
1530 4011 1647 4050 non
1678 4012 1823 4051 con-

136 4076 359 4130 ﬁtetur
388 4092 622 4132 carnem
675 4078 905 4133 Domini
954 4080 1398 4136 viviﬁcatricem
1430 4097 1568 4137 esse
1598 4088 1655 4139 et
1681 4101 1822 4154 pro-

130 4165 348 4235 priam
379 4166 569 4235 ipsius
628 4167 804 4221 Verbi
838 4168 941 4222 Dei
990 4170 1203 4240 Patris,
1237 4172 1344 4225 sed
1395 4173 1551 4226 velut
1582 4173 1823 4229 alterius

128 4258 380 4326 praeter
410 4256 604 4324 ipsum
655 4256 957 4327 conjuucti
988 4259 1177 4313 eidem
1209 4275 1315 4329 per
1341 4260 1704 4333 dignitatem,
1727 4267 1825 4317 aut

126 4342 328 4415 quasi
350 4343 606 4397 divinam
638 4344 912 4401 habentis
944 4347 1362 4403 habitationem
1391 4366 1459 4403 ac
1490 4366 1606 4404 non
1624 4352 1822 4421 potius

134 4430 610 4486 viviﬁcatricem
636 4448 797 4503 esse,
836 4436 972 4505 quia
996 4435 1145 4490 facta
1164 4445 1255 4491 est
1282 4439 1521 4508 propria
1550 4441 1718 4495 verbi
1740 4441 1824 4493 vi-

126 4519 402 4572 viﬁcare
434 4520 706 4589 valentis,
758 4523 1065 4578 anathema
1104 4526 1199 4579 sit.
1236 4549 1257 4573 ι»
1293 4526 1407 4581 Sed
1438 4528 1824 4583 ducentorum

1930 3366 2143 3419 simum
2167 3381 2418 3436 namque
2447 3381 2583 3420 reor
2607 3367 2735 3421 fore
2751 3370 2815 3421 ut
2844 3368 2983 3439 quid
3005 3369 3177 3423 etiam
3194 3369 3289 3422 hic
3302 3370 3595 3425 mirabilis

1933 3454 2285 3523 disputator.
2316 3455 2387 3509 de
2418 3455 2777 3510 eucharistia
2808 3456 3041 3510 Domini
3090 3457 3147 3509 in
3179 3458 3330 3512 libro
3364 3461 3593 3514 octavo.

1936 3543 2019 3596 De
2050 3543 2331 3598 Trinitate
2354 3544 2585 3607 sentiat,
2622 3544 2920 3598 subtiliter
2960 3546 3349 3600 attendamus.
3382 3548 3598 3602 Contra

1940 3631 2191 3686 Arianos
2213 3633 2429 3702 quippe
2447 3633 2848 3703 disputans,ut
2873 3634 3343 3689 substantialiter
3363 3636 3596 3690 Patrem

1942 3735 2081 3774 esse
2103 3721 2177 3773 im
2210 3719 2355 3774 Filio
2387 3721 2836 3789 demonstraret,
2871 3723 3065 3792 ipsum
3103 3721 3313 3778 Filium
3336 3723 3393 3778 in
3423 3725 3596 3779 nobis

1941 3808 2405 3863 substantialiter
2421 3824 2558 3863 esse
2589 3825 2697 3878 per
2727 3810 3149 3865 eucharistiam
3182 3814 3452 3881 probavit
3483 3813 3597 3868 hoc

1937 3897 2143 3951 modo:
2169 3919 2189 3943 «ι
2214 3896 2333 3951 Eos
2355 3898 2849 3967 nunc,inquit,qui
2872 3899 3025 3952 inter
3046 3900 3278 3953 Patrem
3309 3903 3367 3954 et
3384 3901 3597 3956 Filium

1931 3985 2251 4040 voluntatis
2306 3986 2584 4057 ingerunt
2627 3986 2923 4056 unitatem,
2975 3987 3276 4059 interrogo
3324 3994 3597 4045 utrumne

1932 4090 2041 4143 per
2068 4079 2293 4129 natura
2334 4074 2641 4128 veritatem
2693 4074 2866 4129 hodie
2898 4074 3176 4130 Christus
3208 4078 3266 4131 in
3290 4078 3462 4131 nobis
3495 4080 3592 4149 sit,

1932 4178 2006 4216 an
2054 4179 2160 4232 per
2191 4163 2568 4217 concordiam
2600 4163 2949 4217 voluntatis?
2980 4163 3042 4217 Si
3093 4165 3250 4218 enim
3280 4180 3418 4220 vere
3450 4166 3597 4220 Ver-

1933 4252 2072 4306 bum
2105 4268 2241 4306 earo
2274 4253 2489 4306 factum
2537 4255 2648 4319 est,
2700 4256 2756 4305 et
2796 4268 2937 4306 vere
2985 4268 3096 4307 nos
3156 4253 3416 4307 Verbum
3469 4269 3595 4308 car-

1933 4354 2067 4393 nem
2092 4339 2307 4393 factum
2327 4339 2458 4393 cibo
2478 4339 2782 4393 Dominico
2801 4340 3116 4410 sumimus;
3149 4342 3444 4410 quomodo
3476 4357 3594 4397 non

1935 4428 2281 4482 naturaliter
2310 4443 2547 4482 manere
2586 4429 2645 4481 in
2687 4428 2859 4482 nobis
2889 4428 3318 4483 existimandus
3350 4432 3461 4500 est,
3493 4430 3596 4501 qui

1936 4519 1993 4571 et
2023 4520 2290 4570 naturam
2323 4519 2522 4570 carnis
2552 4521 2773 4571 nostrae
2818 4516 2945 4587 jam
2994 4518 3450 4587 inseparabilem
3481 4519 3601 4573 sibi

128 4610 416 4662 istorum
475 4610 813 4677 pontiﬁcum
869 4613 1175 4667 anathema
1251 4615 1651 4687 Bel-angulias
1709 4635 1825 4677 non
1859 4609 1915 4675 ι)
1938 4606 2113 4660 homo
2148 4609 2322 4659 natus
2362 4606 2708 4675 assumpsit,
2741 4609 2797 4659 et
2834 4609 3101 4660 naturam
3138 4607 3334 4661 carnis
3366 4622 3494 4661 sum
3524 4609 3599 4663 ad

127 4695 387 4764 metuit,
437 4698 536 4767 qui
570 4713 743 4752 suum
784 4701 1083 4770 proprium
1122 4703 1428 4758 anathema
1484 4707 1641 4776 quod
1696 4708 1825 4776 ipse

136 4790 543 4839 sacramento
579 4787 780 4842 Romae
825 4789 965 4842 fecit
1006 4792 1246 4860 proprio
1277 4809 1398 4862 ore,
1432 4799 1489 4848 et
1517 4798 1827 4866 praposuit

121 4878 199 4928 et
223 4870 469 4943 adjecit,
490 4876 766 4945 tanquam
808 4879 1113 4947 proprium
1144 4882 1406 4952 gladium
1428 4883 1700 4939 furiosus
1731 4886 1824 4940 in-

125 4959 366 5015 currit.

228 5047 454 5103 Beatus
471 5052 1036 5125 quoqueGregorius
1052 5056 1108 5109 in
1122 5055 1379 5112 homiliis
1391 5059 1514 5113 inE
1526 5078 1673 5133 vang
1694 5078 1822 5133 cap.

117 5137 252 5205 58)
284 5137 363 5189 ait
396 5153 408 5191 :
445 5137 594 5202 Quid
626 5156 878 5213 namque
923 5144 1001 5197 sit
1044 5147 1293 5217 sanguis
1341 5150 1515 5220 Agni,
1549 5166 1666 5205 non
1699 5152 1825 5222 jam

114 5224 587 5295 audiendo,sed
618 5229 871 5285 bibendo
894 5232 1208 5290 didicistis.
1233 5235 1342 5301 Qui
1373 5240 1621 5311 sanguis
1645 5257 1827 5311 super

118 5319 475 5385 utrumque
523 5322 752 5386 postem
802 5322 1055 5389 ponitur,
1089 5326 1321 5394 quando
1355 5343 1467 5382 non
1500 5330 1690 5383 solum
1722 5346 1825 5385 ore

115 5403 457 5471 corporis,
502 5405 610 5459 sed
634 5408 805 5461 etiam
842 5424 943 5464 ore
975 5412 1173 5465 cordis
1198 5413 1481 5471 hauritur.
1521 5442 1542 5467 υ
1577 5419 1734 5473 Idem
1768 5422 1827 5474 in

112 5493 313 5549 libro
336 5490 718 5565 Dialogorum
740 5496 962 5552 ultimo.
993 5519 1015 5549 α
1039 5498 1183 5554 Haec
1201 5518 1472 5573 namque,
1493 5507 1590 5575 ait,
1616 5508 1828 5579 singu-

110 5580 654 5669 laritervictima,
686 5585 757 5639 ab
787 5589 1008 5643 aeterno
1053 5588 1293 5646 interitu
1325 5594 1579 5648 animam
1616 5596 1826 5669 salvat,

107 5683 295 5749 quia
325 5668 485 5727 illam
513 5672 687 5730 nobis
720 5673 1021 5751 Unigeniti
1071 5682 1316 5736 mortem
1346 5697 1454 5755 per
1483 5687 1828 5760 mysterium

1938 4698 2205 4749 naturam
2234 4694 2577 4748 aeternitatis
2609 4695 2721 4748 sub
2746 4698 3117 4749 sacramento
3150 4695 3324 4750 nobis
3343 4710 3600 4751 commu-

1935 4782 2202 4838 nicanda
2254 4782 2449 4836 carnis
2482 4783 2844 4837 admiscuit?
2874 4783 2953 4836 Ita
2994 4784 3149 4836 enim
3178 4799 3383 4839 omnes
3414 4799 3598 4839 unum

1938 4887 2171 4941 sumus;
2198 4872 2335 4941 quia
2353 4874 2407 4925 et
2438 4872 2496 4924 in
2518 4871 2753 4925 Christo
2794 4872 2969 4926 Pater
3000 4876 3112 4940 est,
3146 4875 3202 4926 et
3232 4872 3507 4928 Christus
3538 4872 3597 4927 in

1940 4961 2114 5015 nobis
2174 4964 2285 5028 est,
2339 4958 2624 5030 Quisquis
2685 4976 2828 5031 ergo
2891 4960 3118 5014 Patrem
3169 4961 3510 5016 naturaliter
3538 4963 3598 5015 in

1939 5050 2177 5104 Christo
2198 5049 2457 5119 negabit,
2492 5052 2669 5119 neget
2690 5049 2855 5119 prius
2895 5063 3013 5102 non
3043 5049 3383 5103 naturaliter
3403 5050 3498 5104 vel
3528 5065 3598 5105 se

1941 5140 1999 5193 in
2020 5137 2373 5204 Christo,vel
2410 5136 2708 5191 Christum
2741 5138 2855 5191 sibi
2877 5137 3098 5207 inesse;
3128 5139 3262 5209 quia
3282 5141 3339 5192 in
3357 5138 3596 5195 Christo

1942 5230 2133 5297 Pater,
2168 5231 2223 5280 et
2255 5226 2532 5280 Christus
2556 5227 2611 5279 in
2645 5226 2838 5291 nobis,
2870 5243 3046 5280 unum
3082 5227 3138 5280 in
3173 5228 3266 5281 his
3316 5244 3455 5283 esse
3485 5243 3598 5283 nos

1943 5317 2183 5371 faciunt.
2243 5315 2302 5369 Si
2362 5331 2501 5369 vere
2560 5315 2743 5386 igitur
2798 5331 3033 5370 carnem
3079 5317 3348 5386 corporis
3406 5316 3599 5371 nostri

1938 5406 2214 5460 Christus
2245 5405 2652 5473 assumpsit,et
2675 5419 2814 5458 vere
2860 5404 3035 5459 homo
3057 5404 3152 5459 ille
3191 5405 3290 5476 qui
3312 5421 3387 5460 ex
3414 5405 3600 5461 Maria

1938 5498 2110 5549 natus
2134 5493 2533 5547 fuitChristus
2576 5496 2687 5563 est,
2721 5508 2950 5563 nosque
2997 5509 3140 5548 vere
3168 5494 3282 5549 sub
3314 5495 3597 5565 mysterio

1937 5599 2175 5638 carnem
2193 5582 2462 5652 corporis
2482 5582 2576 5635 sui
2596 5582 2911 5652 sumimus,
2938 5586 2994 5637 et
3023 5598 3133 5653 per
3163 5583 3276 5638 hoc
3298 5599 3453 5638 unus
3482 5582 3597 5638 eri-

1934 5688 2069 5730 mus
2097 5672 2235 5747 quia
2283 5671 2459 5728 Pater
2487 5671 2547 5727 in
2600 5685 2672 5727 eo
2721 5673 2838 5742 est,
2869 5674 2928 5729 et
2957 5671 3055 5729 ille
3102 5672 3162 5729 in
3193 5672 3367 5729 nobis
3400 5687 3413 5728 :
3446 5686 3597 5747 quo-
