4084 6186
411 333 564 394 1475

1351 329 1831 393 GUITMUNDI
1865 329 2398 392 ARCHIEPISC.
2435 331 2884 395 AVERSANI.

3688 333 3842 396 1476

409 538 578 591 modo
605 535 920 589 voluntatis
943 534 1136 588 unitas
1159 533 1467 599 asseritur,
1495 548 1625 584 cum
1649 531 1933 584 naturalis
1965 546 2070 600 per
2099 513 2149 566 Α
2178 530 2315 584 dum
2349 547 2581 586 carnem
2614 547 2720 601 per
2751 547 2882 586 eum
2897 532 3173 601 vivimus,
3198 532 3254 586 id
3278 535 3385 600 est,
3416 536 3687 586 naturam
3722 551 3844 589 sua:

409 629 838 680 sacramentum
869 623 1197 693 proprietas
1221 621 1496 690 perfectis
1523 621 1600 673 sit
1631 624 2068 674 sacramentum

407 715 648 768 unitatis
668 715 696 766 ‘P
726 714 858 766 Non
889 716 981 766 est
1005 712 1260 764 humano
1293 714 1389 764 aut
1419 710 1622 763 saeculi
1647 724 1832 762 sensu
1864 709 1920 760 in
1963 709 2068 761 Dei

406 803 589 856 rebus
614 801 970 870 loquendum
997 816 1007 853 :
1037 815 1225 869 neque
1257 815 1362 868 per
1393 799 1728 852 violentiam
1757 800 1930 867 atque
1962 797 2066 848 im-

409 892 757 962 prudentem
781 888 1258 958 praedicationem
1279 887 1606 940 coelestium
1627 887 1912 940 dictorum
1936 901 1965 937 a
1981 901 2070 938 sa-

407 982 585 1034 nitate
607 980 812 1032 alienae
837 983 1008 1047 atque
1033 977 1224 1045 impiae
1249 976 1649 1046 intelligentiae
1666 974 2066 1046 extorquenda

405 1069 768 1139 perversitas
793 1071 901 1120 est.
925 1067 1066 1130 Quaa
1099 1065 1317 1134 scripta
1348 1068 1486 1117 sunt
1512 1064 1806 1133 legamus,
1843 1068 1899 1116 et
1933 1078 2066 1131 quae

407 1159 730 1227 legerimus
757 1155 1176 1225 intelligamus,
1201 1158 1258 1206 et
1279 1156 1395 1206 tum
1417 1153 1694 1222 perfectae
1719 1151 1852 1205 ﬁdei
1871 1152 2066 1204 ofﬁcio

413 1246 750 1316 fungemur.
786 1244 868 1297 De
906 1241 1151 1295 naturali
1181 1242 1333 1295 enim
1367 1243 1424 1293 in
1456 1241 1628 1294 nobis
1660 1240 1877 1293 Christi
1909 1239 2066 1292 veri-

408 1339 526 1389 tate
578 1349 708 1403 quae
757 1332 1031 1403 dicimus,
1067 1329 1180 1383 nisi
1211 1330 1282 1384 ab
1317 1345 1385 1383 eo
1418 1329 1750 1397 didicimus,
1788 1328 1962 1382 stulte
1995 1331 2072 1380 at-

405 1440 520 1494 que
551 1423 726 1491 impie
759 1421 1032 1474 dicimus.
1067 1420 1203 1487 Ipse
1235 1418 1388 1472 enim
1421 1418 1498 1471 ait
1532 1434 1542 1471 :
1579 1418 1731 1471 Caro
1761 1433 1886 1470 mea
1928 1431 2068 1470 vere

407 1519 497 1567 est
532 1527 687 1579 esca,
721 1517 778 1564 et
809 1509 1055 1580 sanguis
1084 1523 1249 1561 meus
1284 1523 1425 1561 vere
1462 1512 1760 1577 estpotus.
1805 1506 1912 1569 Qui
1943 1505 2067 1560 edit

405 1617 643 1656 carnem
676 1615 882 1668 meam,
910 1604 967 1652 et
999 1597 1152 1651 bibit
1183 1597 1529 1666 sanguinem
1560 1595 2070 1663 meum,inmema-

405 1696 505 1745 net
532 1696 588 1743 et
624 1705 730 1760 ego
761 1689 820 1740 in
872 1705 938 1740 eo
968 1687 1156 1751 (Joau.
1192 1686 1322 1755 νὴ..
1347 1686 1429 1737 De
1479 1685 1721 1738 veritate
1774 1685 1969 1737 carnis
2015 1686 2068 1736 et

405 1779 719 1851 sanguinis
752 1792 867 1831 non
899 1781 989 1828 est
1037 1775 1276 1829 relictus
1308 1773 1647 1843 ambigendi
1678 1774 1864 1826 locus.
1899 1773 2068 1826 Nunc

2179 622 2376 673 carnis
2408 620 2619 690 adepti,
2656 622 2949 690 quomodo
2981 637 3098 674 non
3141 622 3484 675 naturaliter
3515 623 3847 676 secundum

2179 708 2453 777 spiritum
2492 710 2550 760 in
2583 725 2650 762 se
2681 710 2911 763 Patrem
2944 710 3174 775 habeat,
3210 725 3344 762 cum
3385 710 3544 762 vivat
3573 711 3709 780 ipse
3743 728 3847 779 per

2177 797 2472 849 Patrem?»
2509 797 2635 850 Hoc
2658 800 2838 852 totum
2861 813 2935 851 ex
2957 798 3219 866 pradicto
3244 798 3308 852 Β.
3330 798 3535 851 Ililarii
3560 799 3715 852 libro
3749 816 3847 853 se-

2178 885 2369 937 riatim
2401 885 2497 938 hic
2537 885 2668 940 ideo
2715 888 3086 954 interponere
3116 887 3293 954 volui,
3328 891 3390 939 ut
3419 893 3740 957 perspecta
3768 892 3850 941 at-

2178 974 2396 1026 tentius
2453 974 2632 1027 totius
2694 975 3111 1044 diSputationis
3166 975 3348 1044 hujus
3395 978 3563 1042 ratio,
3601 977 3744 1046 quid
3779 978 3847 1030 de

2178 1063 2422 1114 veritate
2444 1061 2729 1116 Dominici
2755 1065 3042 1132 corporis,
3068 1065 3224 1134 quod
3238 1065 3310 1117 de
3327 1064 3494 1117 altari
3527 1066 3851 1136 sumimus,

2179 1150 2386 1203 beatus
2403 1151 2618 1204 sentiat
2651 1151 2934 1218 tlilarius,
2970 1153 3302 1206 invariabili
3352 1153 3709 1207 eertitudine
3741 1171 3849 1208 nos

2178 1238 2512 1306 perdoceat.
2557 1239 2774 1292 Probat
2833 1255 3084 1309 namque
3140 1233 3474 1310 disputator
3532 1241 3848 1311 mirabilis,

2179 1326 2313 1394 quia
2345 1327 2518 1380 Pater
2548 1327 2889 1380 naturaliter
2918 1328 3086 1381 estin
3119 1327 3288 1396 Filio,
3328 1329 3383 1382 id
3418 1334 3532 1399 est,
3559 1331 3851 1385 substan-

2178 1414 2412 1468 tialiter.
2446 1416 2631 1468 Aliter
2652 1417 2805 1469 enim
2847 1417 3001 1470 istud
3035 1418 3378 1472 naturaliter
3399 1435 3517 1474 non
3549 1420 3733 1473 debet
3762 1421 3852 1474 in-

2176 1502 2382 1570 telligi.
2444 1503 2591 1556 Nam
2625 1504 2696 1557 de
2729 1504 3099 1558 substantiali
3152 1506 3368 1560 unitate
3397 1507 3595 1561 Patris
3631 1513 3690 1562 et
3724 1507 3854 1562 Filii

2177 1594 2295 1645 tota
2315 1595 2515 1645 contra
2540 1594 2794 1646 Arianos
2809 1595 3058 1662 quaestio
3080 1595 3449 1649 versabatur.
3489 1596 3620 1650 Nec
3656 1597 3857 1667 dispu-

2177 1683 2328 1734 tator
2351 1681 2751 1750 peritissimus
2782 1685 3087 1751 tantOpere
3119 1683 3261 1736 illud
3303 1686 3606 1753 probaret,
3645 1687 3763 1739 nisi
3795 1687 3849 1739 in

2179 1770 2505 1839 quaestione
2563 1773 2744 1823 esset.
2779 1770 2841 1822 ld
2889 1774 3078 1824 autem
3137 1788 3252 1846 per
3299 1774 3408 1827 hoc
3440 1774 3683 1843 probat,
3717 1777 3850 1844 quia

404 1869 560 1922 enim
592 1869 648 1920 et
678 1866 867 1934 ipsius
902 1851 1132 1918 Domini
1180 1862 1576 1932 professione,
1611 1866 1665 1914 et
1722 1863 1834 1915 ﬁde
1865 1865 2066 1915 nostra
2101 1863 2145 1914 Β
2178 1858 2540 1928 naturaliter,
2575 1858 2629 1910 id
2653 1863 2764 1927 est,
2799 1860 3270 1914 subslantialiter
3290 1861 3418 1930 ipse
3441 1862 3640 1915 Filius
3673 1866 3848 1916 estin

403 1973 545 2010 vere
580 1970 715 2008 caro
748 1959 857 2016 est,
887 1957 941 2006 et
975 1967 1111 2006 vere
1149 1951 1398 2022 sanguis
1431 1953 1540 2019 est,
1581 1954 1637 2004 et
1668 1951 1795 2004 haec
1827 1954 2066 2019 accepta

404 2049 577 2114 atque
628 2043 836 2096 hausta
885 2042 939 2094 id
991 2039 1274 2107 efﬁciunt,
1324 2043 1383 2092 ut
1432 2042 1487 2092 et
1517 2055 1626 2092 nos
1657 2040 1714 2092 iu
1745 2038 1980 2092 Christo
2011 2043 2067 2092 et

402 2132 679 2186 Christus
711 2132 769 2183 in
827 2130 998 2184 nobis
1031 2130 1127 2182 sit.
1174 2132 1337 2182 Anne
1370 2128 1482 2182 hoc
1515 2127 1733 2181 veritas
1786 2143 1899 2180 non
1933 2129 2066 2180 est?

402 2220 716 2292 Contingat
736 2219 904 2288 plane
940 2219 1010 2270 iis
1035 2233 1236 2270 verum
1284 2233 1398 2270 non
1443 2231 1601 2284 esse,
1638 2219 1735 2287 qui
1767 2217 2065 2270 Christum

400 2311 607 2364 Jesum
655 2324 858 2362 verum
891 2323 1028 2361 esse
1078 2307 1256 2360 Deum
1310 2305 1669 2376 negant.Est
1699 2321 1844 2375 ergo
1873 2307 1930 2358 in
1963 2320 2065 2358 no-

400 2399 494 2452 bis
518 2401 643 2467 ipse
672 2413 777 2467 per
797 2412 1055 2464 carnem,
1087 2400 1142 2449 et
1173 2411 1380 2448 sumus
1401 2395 1459 2447 in
1483 2395 1715 2462 eo,dum
1736 2394 2062 2448 secundum

399 2487 514 2540 hoc
545 2486 700 2557 quod
731 2501 939 2539 sumus
972 2485 1101 2554 ipse
1132 2488 1223 2537 est
1251 2483 1385 2551 (hoc
1420 2483 1578 2553 quod
1623 2498 1730 2536 nos
1764 2498 1973 2537 sumus
2003 2484 2061 2535 in

400 2576 522 2628 Deo
547 2576 678 2644 est).
706 2573 887 2638 Quam
913 2573 1114 2642 (quod)
1144 2577 1337 2625 autem
1369 2572 1426 2624 in
1482 2587 1550 2625 eo
1582 2587 1686 2640 per
1717 2585 2061 2625 sacramen-

399 2667 520 2716 tum
555 2662 998 2715 communicatm
1031 2661 1228 2712 carnis
1261 2664 1316 2713 et
1343 2659 1656 2729 sanguinis
1687 2660 1897 2724 simus,
1935 2661 2062 2727 ipse

399 2753 668 2818 testatur,
694 2750 930 2802 dicens:
961 2748 1030 2801 Et
1053 2749 1147 2800 hic
1177 2748 1432 2801 mundus
1456 2747 1577 2817 jam
1611 2764 1700 2801 me
1737 2764 1851 2801 non
1885 2749 2057 2817 videt,

402 2856 512 2894 vos
541 2843 734 2892 autem
767 2853 858 2891 me
889 2837 1124 2904 videtis,
1170 2838 1443 2907 quoniam
1504 2852 1615 2907 ego
1673 2836 1828 2906 vivo,
1863 2840 1924 2890 et
1953 2853 2060 2890 vos

398 2929 632 2983 vivetis.
657 2929 718 2981 lu
742 2929 836 2981 illa
859 2928 951 2980 die
980 2944 1085 2981 vos
1109 2927 1509 2998 cognoscetis,
1545 2924 1821 2995 quoniam
1854 2941 1966 2995 ego
2002 2927 2058 2978 in

396 3017 572 3071 Patre
595 3033 723 3071 meo
747 3021 927 3071 etvos
949 3019 1008 3070 iu
1034 3033 1146 3085 me,
1181 3021 1237 3069 et
1269 3031 1380 3085 ego
1413 3016 1470 3068 in
1504 3015 1674 3068 vobis
1695 3015 1882 3080 (Joan.
1914 3016 2055 3081 xw).

397 3106 459 3160 Si
510 3107 827 3161 voluntatis
893 3110 1111 3159 tantum
1189 3105 1467 3157 unitatem
1546 3103 1793 3174 intelligi
1862 3103 2056 3172 vellet,

398 3212 505 3250 cur
563 3197 809 3266 gradum
868 3194 1179 3265 quemdam
1237 3195 1410 3262 atque
1467 3193 1733 3246 ordinem
1786 3208 2058 3245 consum-

397 3284 625 3337 mandaa
660 3283 896 3337 unitatis
937 3282 1230 3351 exposuit,
1262 3281 1378 3334 nisi
1411 3283 1471 3332 ut
1506 3295 1635 3333 cum
1669 3279 1765 3332 ille
1797 3279 1856 3332 in
1891 3280 2062 3332 Patre
2097 3316 2142 3372 Ο

394 3387 504 3440 per
536 3373 802 3424 naturam
823 3368 1146 3422 divinitatis
1171 3372 1354 3435 esset,
1389 3383 1498 3420 nos
1532 3370 1734 3419 contra
1767 3366 1824 3418 in
1857 3381 1925 3419 eo
1959 3382 2062 3435 per

399 3460 767 3528 corporalem
789 3458 922 3527 ejus
941 3457 1318 3523 nativitatem,
1341 3460 1395 3509 et
1414 3455 1508 3508 ille
1537 3471 1774 3509 rursum
1796 3456 1854 3508 in
1888 3455 2060 3508 nobis

397 3563 504 3617 per
534 3552 1037 3602 sacramentorum
1070 3545 1204 3615 ejus
1233 3545 1433 3599 inesse
1469 3545 1812 3616 mysterium
1851 3543 2058 3598 crede-

397 3640 560 3689 retur
584 3652 595 3689 :
621 3651 689 3688 ac
727 3636 778 3688 si
816 3635 1075 3704 perfecta
1108 3650 1212 3703 per
1244 3634 1619 3689 Mediatorem
1651 3635 1847 3688 unitas
1880 3635 2058 3687 doce-

401 3727 582 3793 retur,
609 3740 742 3778 cum
764 3724 937 3777 nobis
960 3724 1017 3776 in
1051 3740 1116 3778 se
1154 3724 1525 3778 manentibus
1549 3724 1675 3794 ipse
1709 3727 1970 3777 maneret
1999 3723 2058 3776 in

397 3813 590 3881 Patre,
624 3815 681 3866 et
711 3814 769 3866 in
790 3814 960 3866 Patre
994 3829 1258 3878 manens,
1286 3818 1549 3866 maneret
1581 3814 1637 3866 in
1670 3813 1862 3880 nobis,
1896 3815 1953 3866 et
1982 3812 2059 3865 ita

397 3901 469 3954 ad
519 3901 798 3955 unitatem
847 3901 1037 3955 Patris
1088 3901 1535 3971 proﬁceremus,
1583 3917 1715 3955 cum
1765 3901 1863 3971 qui
1898 3901 1956 3954 in
1988 3917 2057 3954 eo

397 3990 741 4044 naturaliter
795 3991 969 4060 inest,
1031 4007 1141 4044 nos
1199 4006 1431 4061 quoque
1491 3992 1548 4044 in
1598 4006 1667 4045 eo
1719 3989 2059 4044 naturaliter

396 4078 757 4147 inessemus,
793 4080 921 4148 ipso
955 4081 1010 4132 in
1053 4080 1224 4134 nobis
1271 4080 1613 4134 naturaliter
1661 4082 2056 4149 permanente.

394 4167 578 4232 Quam
615 4169 815 4238 (quod)
848 4172 1042 4222 autem
1095 4170 1378 4223 naturalis
1410 4171 1463 4222 in
1499 4169 1672 4223 nobis
1703 4169 1832 4222 haec
1865 4169 2058 4222 unitas

395 4257 492 4325 sit,
524 4258 655 4326 ipse
677 4259 984 4311 attestatus
1016 4261 1106 4311 est
1140 4274 1150 4312 :
1192 4258 1300 4322 Qui
1332 4258 1455 4312 edit
1487 4273 1724 4311 carnem
1757 4273 1964 4325 meam,
2000 4263 2058 4311 et

394 4345 551 4399 bibit
581 4347 930 4417 sanguinem
960 4363 1170 4415 meum,
1205 4347 1267 4399 in
1296 4363 1388 4400 me
1434 4352 1631 4401 manet
1663 4352 1720 4400 et
1754 4363 1862 4418 ego
1891 4347 1951 4399 in
1992 4363 2060 4401 eo

392 4433 580 4502 (Joan.
615 4436 694 4500 v1)
752 4437 885 4489 Non
943 4436 1097 4488 enim
1145 4436 1280 4505 quis
1319 4436 1378 4488 in
1419 4451 1487 4489 eo
1521 4436 1603 4505 (in
1635 4437 1724 4504 se)
1767 4437 1895 4504 erit,
1940 4435 2057 4490 nisi

393 4523 451 4575 in
485 4539 600 4593 quo
631 4523 760 4591 ipse
809 4522 988 4576 fuerit
1017 4539 1028 4578 :
1066 4523 1197 4593 ejus
1229 4527 1449 4576 tantum
1505 4525 1631 4593 ipse
1691 4527 2055 4594 assumptam

393 4610 621 4665 habens
653 4627 911 4680 carnem,
933 4613 1036 4681 qui
1066 4628 1234 4666 suam
1255 4613 1595 4682 sumpserit.
1633 4613 1916 4666 Perfectce
1948 4629 2054 4666 au-

389 4703 507 4754 tem
541 4699 722 4770 hujus
755 4701 992 4753 unitatis
1027 4705 1456 4755 sacramentum
1491 4701 1768 4770 superius
1791 4701 1917 4771 jam
1947 4703 2054 4754 do-
2090 4689 2135 4742 Ι)

393 4792 614 4858 cuerat,
645 4789 850 4842 dicens
877 4803 889 4842 :
917 4789 1086 4842 Sicut
1102 4805 1195 4843 me
1225 4790 1388 4843 misit
1427 4790 1597 4842 vivus
1624 4788 1830 4855 Pater,
1868 4796 1925 4842 et
1949 4805 2057 4860 ego

397 4877 532 4931 vivo
557 4893 670 4948 per
699 4877 946 4932 Patrem
973 4893 985 4931 :
1017 4885 1074 4933 et
1108 4895 1202 4950 qni
1233 4878 1543 4944 manducet
1573 4893 1760 4931 meam
1792 4894 2051 4948 carnem,

393 4973 450 5020 et
479 4967 607 5037 ipse
631 4969 792 5019 vivet
822 4984 932 5037 per
953 4983 1044 5020 me
1073 4967 1457 5037 (lbid.).V’ivit
1479 4983 1622 5037 ergo
1650 4983 1758 5036 per
1789 4967 2016 5021 Patrem
2038 4986 2051 5033 ;

392 5058 578 5124 etquo
594 5055 766 5110 modo
798 5072 904 5125 per
943 5057 1175 5110 Patrem
1213 5057 1590 5122 vivit,eodem
1622 5057 1793 5110 modo
1816 5072 1928 5110 nos
1949 5071 2055 5124 per

390 5158 626 5197 carnem
657 5144 791 5214 ejus
832 5146 1110 5200 vivimus.
1143 5146 1346 5199 Omnis
1379 5147 1532 5199 enim
1583 5147 1944 5214 comparatio
1977 5146 2046 5198 ad

390 5231 794 5302 intelligentiae
819 5234 1062 5288 formam
1088 5235 1484 5304 praesumitur,
1515 5239 1576 5288 ut
1605 5235 1664 5287 id
1697 5234 1766 5287 de
1782 5249 1896 5304 quo
1930 5235 2052 5306 agi-

393 5322 488 5372 tur
519 5323 842 5376 secundum
873 5325 1242 5392 propositum
1273 5324 1605 5392 exemplum
1638 5339 2050 5393 assequamur.

392 5407 536 5462 Haec
570 5424 715 5478 ergo
749 5411 879 5464 vitae
930 5416 1150 5466 nostrae
1183 5428 1362 5466 causa
1422 5415 1530 5478 est,
1576 5413 1730 5482 quod
1791 5414 1848 5465 in
1880 5413 2053 5465 nobis

391 5496 733 5551 carnalibus
765 5505 1092 5554 manentem
1123 5516 1234 5570 per
1271 5517 1506 5554 carnem
1537 5501 1836 5554 Christum
1868 5501 2053 5555 habe-

391 5602 548 5656 mus;
581 5587 826 5641 victuris
885 5589 1056 5642 nobis
1104 5605 1212 5660 per
1267 5605 1401 5644 eum
1431 5606 1496 5644 ea
1552 5591 1908 5659 conditione,
1943 5606 2059 5660 qua

389 5676 534 5734 vivit
549 5676 647 5732 ille
661 5692 772 5748 per
789 5677 1034 5734 Patrem.
1056 5677 1119 5734 Si
1151 5695 1296 5753 ergo
1315 5695 1426 5735 nos
1461 5679 1804 5736 naturaliter
1835 5695 2053 5736 secun-

2177 1946 2371 2000 nobis.
2398 1947 2528 2002 Non
2552 1948 2707 2001 enim
2725 1953 2782 2001 et
2803 1949 2961 2002 istud
2981 1951 3324 2004 naturaliter
3337 1951 3450 2004 alio
3475 1952 3656 2005 modo
3685 1954 3849 2006 intel-

2177 2036 2282 2106 ligi
2300 2035 2493 2090 debet.
2531 2036 2678 2089 Nam
2703 2037 2755 2090 si
2776 2038 2892 2092 alio
2925 2039 3548 2110 modointelligeretur
3570 2045 3692 2094 tota
3722 2043 3853 2110 ipsa

2176 2124 2494 2193 disputatio
2539 2125 2859 2180 vacillaret.
2896 2127 3198 2191 Quomodo
3252 2128 3406 2181 enim
3445 2133 3661 2182 nostra
3719 2146 3849 2182 curn

2175 2212 2409 2266 Christo
2443 2214 2639 2266 unitas
2674 2214 2727 2266 si
2749 2215 3159 2269 substantialis
3192 2232 3307 2269 non
3346 2219 3536 2285 esset,
3569 2219 3776 2271 Patris
3797 2221 3850 2271 et

2174 2300 2394 2354 Christi
2434 2303 2709 2356 unitatem
2735 2304 3184 2359 substantialem
3207 2305 3528 2374 probaret?
3560 2322 3701 2359 cum
3737 2307 3852 2359 sibi

2173 2389 2311 2444 hinc
2344 2392 2534 2460 magis
2568 2393 2767 2444 Ariani
2824 2399 3237 2464 argumentum
3294 2399 3534 2448 econtra
3585 2396 3851 2448 contice-

2173 2483 2321 2544 rent,
2349 2495 2417 2533 eo
2441 2481 2596 2549 quod
2620 2480 2773 2533 sicut
2805 2487 3009 2535 nostra
3043 2499 3177 2537 cum
3198 2483 3433 2537 Christo
3456 2485 3684 2553 unitas,
3719 2501 3852 2555 quae

2173 2567 2244 2620 ad
2264 2568 2628 2636 probandam
2652 2569 2840 2623 Patris
2863 2576 2919 2624 et
2940 2570 3073 2624 Filii
3095 2573 3371 2625 unitatem
3407 2571 3678 2640 affertur,
3705 2575 3855 2627 sub-

2174 2657 2479 2710 stantialis
2536 2673 2652 2711 non
2700 2663 2884 2727 esset,
2942 2661 3017 2714 ita
3074 2661 3226 2714 inter
3283 2663 3512 2715 Patrem
3545 2666 3608 2715 et
3640 2661 3854 2717 Filium

2173 2750 2606 2817 consequenter
2637 2747 2884 2819 intelligi
2907 2753 3178 2818 oportere
3197 2751 3639 2818 conﬁrmarent,
3672 2753 3855 2822 hujus

2172 2836 2363 2905 ipsius
2422 2836 2763 2890 auctoritate
2819 2839 3093 2908 nitentes,
3155 2841 3256 2909 qui
3295 2840 3373 2894 ait
3405 2854 3417 2893 :
3449 2840 3666 2894 Omnis
3700 2842 3856 2894 enim

2172 2926 2527 2992 comparatio
2550 2925 2620 2978 ad
2646 2926 3050 2998 intelligentia)
3076 2928 3321 2982 formam
3342 2932 3762 2998 praesumitur,
3800 2935 3856 2984 ut

2170 3013 2230 3066 id
2261 3014 2333 3066 de
2365 3030 2481 3083 quo
2513 3015 2727 3085 agitur,
2752 3017 3078 3070 secundum
3109 3019 3478 3087 propositum
3509 3020 3854 3088 exemplum

2172 3117 2585 3171 assequamur.
2631 3103 2874 3157 Constat
2905 3120 3048 3174 ergo
3082 3109 3138 3158 et
3169 3107 3590 3176 disputationis
3629 3108 3860 3161 ratione

2172 3190 2510 3261 etejusdem
2539 3192 2650 3244 viri
2676 3193 3021 3247 auctoritate
3040 3199 3306 3265 cogente,
3329 3195 3464 3264 quia
3488 3198 3860 3249 naturaliter

2174 3280 2268 3333 hic
2290 3297 2394 3349 pro
2419 3280 2903 3334 substantialiter
2925 3285 3017 3336 est
3038 3284 3565 3352 accipiendum.Ex
3594 3285 3711 3338 hoc
3747 3287 3858 3356 igi-

2173 3371 2266 3422 tur
2288 3369 2618 3438 disputator
2638 3371 2924 3442 egregius
2947 3370 3292 3442 hujusmodi
3311 3374 3550 3428 conﬁcit
3569 3375 3860 3445 syllogis-

2173 3473 2331 3510 mum
2357 3475 2367 3511 :
2394 3458 2454 3511 Si
2485 3457 2760 3512 Christus
2798 3460 2857 3512 in
2908 3461 3080 3514 nobis
3111 3464 3202 3514 est
3233 3463 3608 3532 naturaliter,
3645 3465 3704 3517 id
3740 3469 3848 3526 est,

2173 3547 2658 3617 substantialiter,
2675 3564 2790 3602 non
2812 3552 3033 3603 tantum
3052 3565 3157 3620 per
3178 3552 3558 3605 concordiam
3580 3554 3850 3606 volunta-

2171 3636 2266 3700 tis;
2295 3640 2350 3689 et
2369 3637 2541 3690 Pater
2571 3637 2630 3689 in
2659 3637 2896 3691 Christo
2926 3640 3287 3706 naturaliter,
3324 3641 3381 3693 id
3403 3645 3518 3708 est,
3557 3644 3849 3697 substan-

2170 3725 2402 3795 tialiter,
2451 3741 2567 3780 non
2621 3729 2844 3780 tantum
2898 3744 3003 3796 per
3061 3729 3434 3782 concordiam
3495 3731 3849 3786 voluntatis.

2172 3813 2336 3867 Hanc
2350 3815 2814 3883 propositionem
2830 3819 3156 3888 assumptio
3177 3818 3596 3886 comitatur,ab
3624 3824 3856 3875 antece-

2171 3901 2327 3955 denti
2353 3902 2463 3955 hoc
2486 3903 2658 3956 modo
2683 3919 2694 3957 :
2723 3903 2827 3957 Est
2849 3907 3040 3958 autem
3071 3903 3349 3959 Christus
3382 3908 3758 3977 naturaliter,
3795 3909 3852 3962 id

2171 3990 2832 4060 est,substantialiterin
2856 3993 3050 4061 nobis,
3076 4009 3193 4048 non
3215 3998 3434 4048 tantum
3453 4010 3566 4064 per
3589 4012 3853 4051 concor-

2171 4083 2327 4136 diam
2347 4082 2687 4138 voluntatis.
2731 4079 2915 4144 Quam
2946 4083 3414 4152 assumptionem
3445 4085 3712 4139 mirabili
3743 4102 3852 4156 pe—

2170 4173 2302 4226 ritia
2334 4171 2673 4241 disputandi
2704 4171 3122 4242 interrogando
3179 4171 3381 4225 maluit
3426 4188 3682 4242 ponere,
3717 4181 3854 4228 tan-

2171 4278 2346 4333 quam
2402 4261 2859 4330 responsionem
2931 4261 3392 4332 interrogatione
3452 4264 3852 4334 extorquens,

2171 4367 2303 4405 cum
2327 4351 2406 4404 ait
2430 4366 2441 4405 :
2472 4350 2624 4404 «Eos
2655 4365 2811 4403 nunc
2840 4349 2941 4420 qui
2971 4349 3123 4403 inter
3157 4350 3390 4404 Patrem
3407 4353 3461 4402 et
3485 4349 3710 4405 Filium
3739 4369 3855 4407 vo-

2168 4440 2408 4494 luntatis
2442 4440 2719 4510 ingerunt
2749 4439 3031 4493 unitatem
3080 4439 3381 4510 interrogo
3411 4442 3698 4495 utrumne
3745 4457 3856 4511 per

2167 4531 2394 4582 naturae
2439 4529 2747 4582 veritatem
2801 4527 2978 4580 hodie
3027 4526 3305 4580 Christus
3336 4530 3394 4580 in
3425 4527 3609 4582 nobis
3645 4531 3744 4597 sit,
3779 4546 3857 4583 an

2168 4634 2270 4686 per
2296 4617 2668 4671 concordiam
2700 4616 3049 4670 voluntatis?
3075 4638 3095 4662 υ
3126 4616 3348 4669 Deinde
3382 4615 3570 4686 hujus
3604 4634 3850 4672 assum-

2167 4707 2383 4775 ptionis
2399 4705 2704 4775 probatio:
2735 4704 2825 4759 «Si
2848 4707 3002 4759 enim
3023 4721 3162 4758 vere
3187 4704 3448 4758 Verbum
3463 4721 3608 4760 caro
3631 4706 3855 4760 factum

2169 4797 2280 4863 est,
2336 4799 2391 4848 et
2446 4810 2586 4848 vere
2647 4810 2758 4848 nos
2814 4794 3073 4848 Verbum
3131 4809 3370 4847 carnem
3430 4793 3660 4848 factum
3720 4797 3857 4849 cibo

2169 4884 2472 4937 Dominico
2496 4884 2812 4953 sumimus;
2835 4905 2855 4929 ››
2880 4883 3173 4952 quomodo
3197 4897 3312 4936 non
3341 4884 3702 4938 naturaliter
3734 4901 3856 4938 ma-

2166 4987 2311 5027 nere
2331 4973 2389 5026 in
2412 4973 2586 5026 nobis
2609 4972 3039 5027 existimandus
3070 4976 3161 5024 est
3191 4972 3291 5042 qui
3313 4974 3368 5024 et
3390 4975 3672 5026 naturam
3704 4989 3844 5031 car:

2167 5061 2263 5114 nis
2294 5065 2515 5115 nostrae
2563 5059 2689 5130 jam
2739 5060 3195 5130 inseparabilem
3251 5060 3366 5114 sibi
3425 5060 3607 5115 homo
3669 5068 3853 5115 natus

2167 5149 2514 5219 assumpsit,
2571 5153 2626 5203 et
2675 5152 2941 5202 naturam
2999 5149 3198 5202 carnis
3259 5165 3384 5202 suae
3442 5149 3519 5202 ad
3570 5155 3852 5204 naturam

2166 5239 2508 5293 aeternitatis
2530 5238 2904 5308 (subauditur
2934 5242 3264 5292 contentam
3297 5238 3408 5291 sub
3441 5243 3856 5306 sacramento)

2165 5327 2339 5381 nobis
2380 5327 2881 5382 communicandas
2913 5327 3110 5380 carnis
3145 5327 3487 5380 admiscuit?
3522 5327 3594 5380 Et
3624 5333 3852 5382 caetera

2166 5432 2298 5486 quae
2313 5419 2640 5485 sequuntur
2662 5417 2918 5486 idipsum
2949 5416 3263 5469 inculcant.
3301 5414 3369 5468 Et
3392 5416 3568 5485 quasi
3600 5434 3852 5486 quaere-

2165 5504 2612 5568 res:Quomodo
2650 5505 2776 5558 scio
2827 5504 2984 5574 quod
3027 5503 3285 5557 Verbum
3325 5519 3567 5557 carnem
3624 5506 3856 5560 factum

2169 5593 2302 5648 cibo
2335 5593 2640 5648 Dominico
2688 5593 2999 5662 sumimus,
3034 5593 3129 5646 vel
3176 5591 3334 5662 quod
3389 5597 3664 5646 naturam
3710 5609 3852 5649 sua

2165 5683 2366 5740 carnis
2388 5682 2500 5739 sub
2524 5686 2898 5740 sacramento
2919 5682 3094 5738 nobis
3108 5681 3616 5738 communicanda
3639 5684 3850 5740 carnis
