4134 6174
265 346 426 408 1477

631 347 740 407 DE
772 343 1180 410 CORPORIS
1215 346 1320 407 ET
1350 345 1567 408 SANG
1620 342 1924 408 DOMINI
1956 342 2382 405 VERITATE
2417 343 2641 407 LIBRI
2670 342 2903 409 TRES.
2939 382 3010 393 —
3046 344 3203 411 LIB.
3242 346 3329 407 lll

3538 348 3696 411 1478

265 543 630 597 admiscuit?
667 566 687 588 «
726 543 805 596 De
834 542 1093 608 veritate,
1127 541 1330 611 inquit,
1375 541 1571 595 carnis
1596 544 1651 594 et
1683 539 1931 611 sangui-
1960 523 2013 577 Α
2043 541 2196 594 enim
2226 557 2331 611 per
2380 540 2490 595 hoc
2549 543 2701 612 quod
2738 558 2850 596 nos
2882 542 3137 597 Verbum
3198 562 3436 602 carnem
3479 550 3694 606 factum

269 630 367 685 nis
401 646 518 684 non
542 636 632 685 est
658 630 898 685 relictus
916 630 1253 701 ambigendi
1285 632 1506 685 locus.»
1534 629 1723 694 Quare
1741 633 1935 682 autem

269 736 389 773 non
437 724 532 774 est
577 719 821 773 relictus
877 719 1214 790 ambigendi
1260 720 1450 787 locus,
1502 720 1935 787 consequenter

272 809 510 877 probat,
540 808 776 861 dicens:
802 830 821 853 υ
852 807 1023 861 Nunc
1046 808 1199 861 enim
1232 812 1282 862 et
1322 808 1512 878 ipsius
1546 807 1775 861 Domini
1807 822 1940 875 pro-

268 896 540 951 fessione
591 901 645 950 et
679 897 790 950 ﬁde
840 900 1075 965 nostra,
1108 913 1249 951 vere
1285 913 1421 951 caro
1463 900 1553 951 est
1587 901 1641 950 et
1690 895 1939 966 sanguis

272 989 387 1039 est.
430 1010 450 1032 η
485 984 787 1049 Quomodo
848 990 900 1040 et
943 986 1134 1054 ipsius
1181 986 1414 1040 Domini
1464 986 1841 1055 professione
1886 988 1942 1037 et

272 1078 480 1129 nostra
512 1075 625 1128 ﬁde
656 1090 795 1128 vere
826 1090 966 1128 caro
991 1077 1101 1141 est,
1127 1080 1182 1128 et
1216 1090 1353 1129 vere
1387 1075 1637 1145 sanguis
1671 1076 1781 1143 est,
1818 1072 1941 1143 jam

273 1158 373 1215 hic
407 1163 673 1232 proxime
705 1165 1261 1231 praemonstraverat
1293 1163 1540 1217 dicendo
1577 1179 1588 1216 :
1631 1183 1652 1212 α
1690 1163 1820 1216 Non
1852 1165 1944 1216 est

274 1251 537 1305 humano
569 1255 666 1304 aut
698 1251 903 1305 saeculi
926 1267 1111 1306 sensu
1141 1253 1200 1304 in
1219 1251 1325 1305 Dei
1348 1251 1530 1305 rebus
1562 1250 1939 1321 loquendum,

274 1355 469 1410 neque
500 1355 606 1408 per
638 1339 975 1393 violentiam
1006 1343 1178 1410 atque
1209 1340 1637 1410 imprudentem
1667 1339 1945 1410 praedica-

274 1428 497 1482 tionem
530 1428 862 1483 coelestium
889 1429 1179 1483 dictorum
1210 1446 1240 1482 a
1260 1429 1506 1483 sanitate
1540 1429 1745 1483 alienae
1769 1432 1944 1498 atque

250 1517 476 1587 limpiaa
510 1518 912 1589 intelligentiae
945 1518 1346 1589 extorquenda
1379 1518 1747 1587 perversitas
1769 1520 1880 1571 est.
1918 1540 1938 1564 υ

275 1604 423 1670 Quae
448 1606 665 1676 scripta
697 1611 835 1660 sunt
864 1607 1154 1678 legamus,
1188 1611 1244 1661 et
1274 1623 1407 1678 quae
1431 1607 1753 1678 legerimus
1786 1606 1947 1659 intel-

275 1695 560 1766 ligamus,
595 1698 785 1749 ettum
817 1695 1095 1765 perfectae
1115 1695 1250 1750 ﬁdei
1270 1695 1466 1750 ofﬁcio
1498 1696 1834 1766 fungamur.
1862 1695 1944 1748 De

276 1784 529 1838 naturali
559 1784 712 1838 enim
744 1785 801 1836 in
834 1782 1647 1854 nobisChristiveritatequae
1666 1783 1941 1852 dicimus,

2045 630 2176 684 cibo
2210 631 2513 685 Dominico
2548 632 2838 685 sumimus
2854 633 3155 701 probatur,
3189 635 3323 704 quia
3353 635 3702 696 Christusin

2044 718 2217 772 nobis
2267 719 2735 791 substantialiter
2781 725 2891 788 est,
2926 721 3013 775 sic
3068 722 3126 775 in
3172 722 3284 777 hoc
3336 726 3467 781 cibo
3500 730 3707 785 umbra

2031 809 2266 884 tantum
2300 806 2553 875 Christi,
2587 813 2642 862 et
2671 826 2785 863 non
2819 810 3147 864 substantia
3178 810 3394 866 Christi
3428 818 3563 871 est?
3596 820 3713 873 Aut

2047 897 2339 965 quomodo
2372 897 2499 951 haec
2532 901 2767 966 accepta
2786 900 2958 968 atque
2989 898 3197 953 hausta
3229 901 3285 954 id
3309 902 3547 958 efﬁcere
3570 923 3709 976 pos-

2048 988 2203 1049 sunt,
2241 989 2301 1037 ut
2330 984 2606 1039 Christus
2636 986 2693 1038 in
2727 987 2899 1039 nobis
2940 987 3001 1040 ﬁt
3032 988 3422 1059 substantive,
3450 993 3503 1045 si
3531 995 3589 1047 in
3619 996 3708 1049 eis

2048 1072 2198 1143 ipsis
2222 1089 2334 1127 non
2367 1077 2453 1128 est
2489 1075 2604 1128 nisi
2635 1076 3000 1130 umbratica?
3043 1076 3366 1147 Quomodo,
3418 1081 3656 1153 inquam
3691 1124 3705 1153 ,

2049 1161 2104 1214 si
2133 1178 2244 1216 nos
2278 1162 2538 1217 Verbum
2573 1178 2811 1217 carnem
2852 1164 3066 1218 factum
3096 1166 3226 1221 cibo
3258 1170 3571 1239 sumimus,
3605 1187 3712 1241 per

2050 1250 2164 1304 hoc
2207 1266 2584 1321 consequens
2636 1254 2728 1306 est
2785 1254 2845 1305 ut
2902 1252 2961 1306 in
3012 1255 3181 1308 nobis
3238 1258 3710 1315 substantialiter

2048 1342 2280 1393 maneat
2300 1339 2609 1393 Christus?
2637 1340 2778 1404 Quae
2802 1340 3091 1412 estbujus
3116 1345 3478 1411 probationis
3506 1362 3687 1402 neces

2051 1427 2198 1481 sitas
2220 1430 2247 1482 ?
2278 1444 2410 1498 quae
2439 1430 2899 1499 consequentia?
2931 1431 3101 1485 Nulla
3134 1416 3347 1503 quippe
3375 1436 3707 1491 necessitas

2050 1518 2160 1585 est,
2221 1516 2378 1569 nulla
2412 1518 2854 1587 consequentia,
2910 1521 2969 1570 ut
3024 1520 3122 1573 ubi
3181 1524 3272 1574 est
3323 1522 3577 1592 alicujus
3614 1524 3702 1578 rei

2050 1603 2259 1674 ﬁgura,
2291 1605 2369 1657 sit
2400 1610 2836 1675 consequenter
2853 1605 3123 1675 ejusdem
3154 1608 3235 1661 rei
3268 1609 3620 1665 substantia.
3650 1611 3712 1669 Si

2052 1692 2204 1745 enim
2229 1692 2418 1746 cuivis
2450 1692 2706 1746 dicerem
2742 1709 2754 1747 :
2791 1693 2854 1747 In
2876 1694 2987 1748 hoc
3006 1696 3226 1764 pariete
3258 1701 3349 1751 est
3378 1698 3709 1753 substantia

2054 1784 2169 1847 tua,
2232 1780 2367 1851 quia
2426 1780 2506 1834 ibi
2549 1785 2641 1835 est
2697 1782 2890 1853 imago
2934 1786 3050 1852 tua,
3102 1800 3295 1838 nonne
3338 1801 3430 1839 me
3487 1787 3714 1842 diceret

278 1873 397 1925 nisi
438 1872 597 1927 abeo
618 1872 953 1935 didicimus.
1007 1872 1184 1927 stulte
1231 1877 1405 1943 atque
1454 1872 1630 1942 impie
1671 1871 1942 1926 dicimus.
1976 1859 2021 1912 Β
2054 1869 2352 1923 insanire?
2369 1869 2483 1923 Sed
2507 1884 2613 1922 nec
2632 1869 2945 1941 quisquam
2969 1872 3203 1926 omnino
3238 1873 3451 1928 dixerit
3481 1876 3715 1946 quando

278 1960 415 2029 Ipse
448 1960 600 2013 enim
633 1961 711 2014 ait
744 1977 755 2014 :
794 1960 947 2015 Caro
971 1977 1094 2015 mea
1133 1977 1274 2016 vere
1302 1967 1393 2016 est
1425 1977 1581 2031 esca,
1616 1966 1673 2014 et
1702 1960 1947 2031 sanguis

278 2065 449 2103 meus
476 2065 612 2103 vero
641 2055 731 2103 est
739 2056 934 2119 potus.
965 2050 1074 2114 Qui
1091 2051 1213 2105 edit
1231 2067 1469 2105 carnem
1487 2066 1691 2112 meam,
1721 2049 1947 2104 etbibit

282 2139 630 2209 sanguinem
660 2154 871 2208 meum,
894 2139 958 2192 in
988 2155 1080 2192 me
1112 2145 1307 2194 manet
1339 2145 1398 2193 et
1428 2154 1535 2210 ego
1565 2140 1627 2192 in
1653 2154 1720 2193 eo
1752 2139 1943 2206 (Joan.

282 2227 388 2297 γι).
431 2226 538 2279 llic
573 2244 715 2282 sane
742 2227 1111 2298 interrogare
1143 2228 1333 2297 placet
1367 2243 1377 2281 :
1412 2225 1519 2290 Qui
1553 2231 1691 2281 sunt
1740 2227 1838 2298 qui
1889 2226 1949 2279 in

281 2313 380 2367 his
414 2315 591 2369 rebus
618 2315 741 2377 Dei,
762 2316 1015 2370 humano
1038 2319 1135 2370 aut
1154 2316 1361 2370 saeculi
1380 2331 1565 2370 sensu
1587 2316 1948 2386 loquuntur?

282 2402 497 2456 Nonne
528 2402 630 2469 illi,
664 2404 782 2474 qui,
819 2404 1040 2458 clausis
1070 2404 1321 2458 internis
1357 2404 1701 2473 luminibus,
1736 2419 1949 2459 secun-

284 2491 425 2545 dum
458 2506 678 2545 sensus
706 2494 1034 2547 exteriores
1066 2492 1204 2547 huic
1244 2493 1466 2547 saeculo
1508 2508 1831 2564 congruos,
1877 2492 1949 2546 de

285 2581 555 2650 myteriis
601 2582 947 2635 caelestibus
999 2580 1454 2636 ratiocinantur!
1496 2581 1605 2646 Qui
1637 2586 1813 2649 sunt,
1854 2581 1947 2634 in-

287 2684 483 2739 quam,
519 2670 615 2740 qui
642 2670 932 2723 violenter
962 2672 1314 2741 extorquent
1347 2671 1582 2740 impiam
1612 2670 1948 2740 intelligen-

282 2757 425 2811 tiam
457 2758 787 2812 ccclestium
823 2758 1110 2813 dictorum
1132 2759 1160 2811 ?
1185 2759 1370 2828 Illinc,
1405 2759 1505 2828 qui
1536 2775 1602 2813 ea
1633 2774 1765 2829 quae
1796 2758 1950 2812 scri-

289 2850 383 2915 pta
433 2850 590 2911 sunt,
635 2847 787 2900 sicut
832 2847 1001 2917 jubet
1060 2848 1341 2912 Hilarius,
1404 2847 1629 2918 legunt,
1691 2852 1748 2901 et
1798 2849 1954 2902 sicut

281 2934 492 3005 legunt
513 2936 859 3006 simpliciter
889 2937 1117 3007 absque
1140 2937 1311 3006 plane
1335 2936 1450 2990 ulla
1481 2936 1812 3007 adjectione
1844 2953 1952 2991 sua

287 3023 652 3095 intelligunt;
684 3040 757 3076 an
802 3024 884 3077 illi
917 3024 1017 3095 qui
1048 3029 1337 3078 vexantes
1386 3024 1751 3094 Scripturam
1794 3024 1950 3095 quod

290 3111 390 3164 illa
423 3116 611 3181 sonat,
648 3116 954 3183 respuunt,
990 3113 1442 3184 etﬁgurationes
1475 3113 1758 3182 quasdam
1783 3115 1951 3182 eipro

287 3200 534 3253 arbitrio
575 3201 670 3254 sui
715 3201 917 3255 cordis
958 3202 1310 3271 imponunt?
1341 3201 1428 3255 Illi
1472 3205 1629 3255 certe
1668 3218 1779 3255 non
1826 3218 1953 3256 eam
1985 3182 2031 3238 Ο

289 3292 664 3359 extorquent,
707 3306 824 3344 non
866 3291 919 3343 ei
977 3291 1212 3344 violenti
1246 3295 1404 3360 sunt,
1440 3292 1539 3361 qui
1587 3291 1951 3361 simpliciter,

291 3377 450 3430 sicut
482 3393 610 3430 eam
642 3378 862 3448 legunt,
891 3379 1241 3450 intelligunt.
1270 3379 1952 3457 llliigiturjudiciobeati

294 3464 507 3518 Hilarii
540 3465 636 3519 hic
668 3468 848 3520 verba
890 3467 1211 3521 Salvatoris
1252 3483 1536 3537 perverse
1568 3471 1740 3538 atque
1780 3468 1955 3537 impie

291 3554 627 3626 intelligunt
659 3556 776 3624 qui,
824 3556 1077 3625 simplici
1127 3556 1424 3610 intellectu
1473 3559 1833 3626 contempto,
1882 3557 1956 3611 ad

292 3641 543 3712 ﬁguras,
579 3644 843 3698 addendo
875 3645 1032 3715 quod
1056 3645 1168 3699 sibi
1194 3644 1403 3713 placet,
1439 3660 1504 3697 ea
1526 3644 1843 3714 trajiciunt.
1872 3645 1958 3700 Ex

294 3731 393 3785 his
426 3748 570 3803 ergo
586 3734 788 3787 verbis
805 3734 1127 3787 Dominicis
1144 3749 1274 3807 cum
1309 3733 1643 3803 probasset,
1667 3735 1802 3804 quia
1847 3750 1958 3789 nos

295 3820 560 3875 Verbum
611 3838 847 3876 carnem
906 3822 1122 3875 factum
1165 3836 1306 3875 vere
1356 3821 1490 3874 cibo
1522 3821 1826 3876 Dominico
1859 3839 1957 3876 su-

296 3910 537 3980 mimus,
570 3932 590 3957 »
627 3910 696 3963 ad
728 3910 1194 3979 assumptionem
1226 3910 1562 3980 syllogismi
1595 3910 1689 3963 sui
1707 3912 1958 3964 reverti-

299 4000 415 4065 tur,
449 4000 504 4051 et
525 3997 819 4068 quomodo
851 3997 960 4051 hoc
993 4015 1109 4052 non
1138 4001 1358 4052 tantum
1408 3998 1798 4068 concorditer,
1851 3999 1960 4054 sed

297 4085 473 4138 etiam
506 4085 970 4140 substantialiter
1000 4087 1077 4141 sit
1101 4085 1375 4140 Christus
1406 4087 1463 4139 in
1488 4087 1659 4141 nobis
1690 4088 1961 4159 exsequi-

302 4177 419 4241 tur,
480 4175 687 4228 dicens
722 4191 732 4227 ε
774 4197 793 4222 α
835 4174 902 4227 Et
961 4174 1089 4229 haec
1144 4176 1400 4246 rcceptia
1430 4179 1604 4246 atque
1644 4175 1855 4231 hausta
1903 4177 1961 4231 id

298 4261 564 4317 efﬁciunt
596 4268 656 4317 ut
686 4266 741 4317 et
772 4278 883 4317 nos
916 4265 974 4317 in
1004 4263 1269 4333 Christo,
1306 4267 1362 4319 et
1390 4264 1666 4318 Christus
1698 4265 1756 4318 in
1787 4265 1961 4319 nobis

300 4350 400 4405 sit.
435 4351 602 4405 Anne
633 4351 747 4406 hoc
779 4352 997 4406 veritas
1022 4368 1135 4407 non
1168 4355 1299 4407 est?
1329 4352 1643 4425 Contingat
1689 4353 1858 4423 plane
1888 4354 1962 4408 iis

304 4456 512 4494 verum
544 4456 661 4494 non
690 4456 847 4504 esse,
882 4442 985 4512 qui
1016 4440 1316 4496 Christum
1346 4442 1555 4496 Jesum
1586 4457 1793 4496 verum
1825 4458 1963 4498 esse

2055 1957 2337 2011 edebatur
2366 1974 2560 2028 agnus
2592 1958 2837 2029 legalis,
2872 1964 2932 2013 ut
2962 1960 3043 2013 ibi
3079 1965 3243 2015 esset
3280 1968 3717 2033 consequenter

2054 2045 2387 2101 substantia
2417 2046 2658 2113 Christi,
2696 2064 2828 2101 cum
2861 2047 2957 2101 ille
2999 2064 3193 2120 agnus
3226 2050 3431 2104 umbra
3471 2055 3634 2106 esset
3663 2055 3720 2106 et

2055 2134 2245 2206 ﬁgura
2265 2134 2507 2188 Christi.
2522 2136 2666 2199 Quis
2686 2151 2828 2190 vero
2848 2136 3060 2191 audeat
3082 2138 3440 2207 dicere,cum
3464 2155 3717 2210 serpen-

2055 2225 2169 2277 tem
2202 2239 2430 2277 aeneum
2464 2223 2702 2294 Moyses
2732 2225 2790 2277 in
2824 2225 3059 2280 deserto
3098 2227 3489 2295 suspenderat
3518 2229 3716 2298 (Num.

2055 2314 2198 2379 xxi),
2224 2311 2381 2382 quod
2410 2312 2491 2365 ibi
2514 2313 2904 2367 substantiam
2926 2300 3144 2368 Christi
3167 2316 3563 2385 suspenderet
3584 2332 3718 2372 cum

2057 2398 2447 2453 substantiam
2478 2398 2696 2454 Christi
2734 2401 2792 2453 iu
2833 2402 2994 2473 ligno
3027 2404 3433 2473 suspendendi
3465 2421 3715 2475 serpens

2056 2488 2153 2541 ille
2183 2503 2387 2542 aeneus
2419 2489 2745 2561 ﬁguraret?
2774 2490 2962 2559 (Joan.
2998 2500 3081 2560 ιιι)
3104 2491 3393 2556 Quocirca
3407 2494 3457 2547 si
3481 2509 3721 2549 assum-

2058 2578 2177 2647 ptio
2200 2576 2547 2647 Hilarii,qua
2570 2578 2785 2632 dicitur
2803 2579 2959 2649 quod
2974 2580 3442 2636 substantialiter
3459 2583 3514 2636 in
3537 2583 3711 2638 nobis

2059 2668 2150 2719 est
2166 2664 2461 2735 Christus,
2478 2681 2585 2736 per
2615 2666 2728 2720 hoc
2747 2670 2870 2720 rata
2901 2683 3038 2722 esse
3055 2672 3592 2742 monstratur-,quod
3609 2687 3729 2727 nos-

2061 2770 2298 2808 carnem
2331 2757 2386 2808 et
2415 2756 2765 2827 sanguinem
2797 2756 3019 2812 Christi
3050 2759 3181 2813 cibo
3203 2759 3507 2816 Dominico
3538 2762 3721 2816 sumi-

2059 2858 2213 2910 mus,
2248 2860 2381 2913 quae
2412 2847 2650 2914 accepta
2696 2850 2868 2916 atque
2899 2846 3107 2900 hausta
3140 2848 3197 2901 id
3228 2848 3522 2917 efﬁciunt,
3574 2854 3633 2905 ut
3661 2853 3721 2906 et

2059 2932 2334 2987 Christus
2356 2933 2413 2986 in
2436 2932 2629 3001 nobis,
2651 2936 2707 2987 et
2727 2949 2836 2987 nos
2861 2936 3208 2990 naturaliter
3238 2952 3419 2992 unum
3441 2939 3629 2992 simus
3661 2940 3719 2992 in

2060 3020 2317 3090 Christo,
2351 3025 2616 3075 naturam
2666 3038 2793 3075 sua)
2826 3023 3023 3075 carnis
3058 3024 3281 3094 adepti,
3333 3026 3488 3079 nulla
3529 3029 3721 3081 autem

2064 3110 2504 3179 consequentia,
2540 3112 2601 3163 ut
2625 3109 2992 3163 ostendimus
3023 3112 3350 3181 assumptio
3368 3112 3464 3165 illa
3482 3128 3589 3175 per
3608 3113 3722 3168 hoe

2064 3198 2303 3269 probari
2330 3201 2541 3267 potest,
2580 3199 2697 3251 nisi
2729 3199 2787 3250 in
2819 3198 2949 3251 cibo
2983 3199 3287 3256 Dominico
3320 3201 3397 3255 sit
3424 3203 3722 3257 veresub-

2066 3289 2275 3341 stantia
2317 3288 2585 3356 corporis
2618 3290 2672 3341 et
2704 3288 3014 3358 sanguinis
3046 3288 3264 3343 Christi
3301 3306 3311 3343 :
3347 3291 3723 3346 manifestum

2067 3379 2157 3430 est
2170 3376 2443 3446 quoniam
2461 3375 2960 3445 prudentissimus
2973 3381 3417 3448 argumentator
3435 3378 3720 3451 Hilarius,

2066 3465 2164 3536 qui
2196 3481 2362 3518 suam
2386 3465 2848 3534 assumptionem
2866 3480 2974 3535 per
3001 3465 3113 3519 hoc
3145 3466 3493 3521 conﬁrmare
3516 3468 3719 3537 Voluit,

2066 3553 2456 3607 substantiam
2495 3554 2765 3622 corporis
2805 3557 2860 3606 et
2898 3554 3211 3625 sanguinis
3245 3555 3475 3609 Domini
3523 3572 3633 3611 nos
3665 3557 3724 3611 in

2067 3643 2198 3696 cibo
2248 3642 2555 3696 Dominico
2605 3658 2877 3711 sumere,
2927 3659 3045 3697 non
3076 3643 3341 3697 umbram
3374 3646 3428 3698 et
3470 3645 3724 3713 ﬁguram

2066 3733 2307 3798 tantum,
2332 3733 2396 3783 ut
2425 3730 2734 3785 umbratici
2764 3731 2864 3784 isti
2897 3732 3045 3784 male
3092 3733 3404 3802 somniant,
3456 3733 3722 3789 credidit.

2068 3818 2143 3871 Ut
2173 3821 2364 3872 autem
2398 3819 2489 3871 vis
2521 3820 2698 3872 totius
2731 3819 3145 3888 disputationis
3176 3836 3349 3891 quam
3370 3822 3727 3878 brevissime

2068 3907 2179 3960 sub
2229 3906 2418 3960 oculis
2447 3909 2765 3975 reponatur
2785 3946 2799 3973 ,
2833 3910 2930 3960 aut
2960 3907 3287 3963 umbratice
3315 3909 3561 3963 credidit
3589 3911 3727 3965 bea-

2065 3995 2335 4049 tissimus
2378 3995 2639 4048 Hilarius
2680 4010 2791 4049 nos
2840 3996 3150 4049 comedere
3183 3997 3441 4052 Verbum
3491 4015 3729 4054 carnem

2069 4084 2305 4153 factum,
2337 4085 2436 4137 aut
2455 4083 2849 4137 substantive.
2883 4083 2997 4138 Sed
3021 4084 3074 4137 si
3094 4083 3418 4141 umbratica
3440 4088 3724 4142 credidis-

2068 4176 2178 4242 set,
2202 4188 2498 4242 nunquam
2512 4171 2625 4225 hoc
2640 4172 2969 4243 disputator
2980 4172 3263 4243 egregius
3278 4174 3350 4227 ad
3363 4174 3729 4243 probandum

2071 4262 2227 4333 quod
2243 4261 2520 4316 Christus
2535 4261 2593 4315 in
2607 4261 2781 4316 nobis
2797 4261 3268 4315 substantialiter
3281 4266 3390 4329 est,
3406 4264 3730 4334 attulisset,

2072 4367 2204 4405 cum
2233 4350 2379 4405 nihil
2413 4350 2549 4415 sibi,
2584 4350 2690 4404 sed
2739 4350 2936 4419 potius
2984 4350 3349 4405 adversariis
3395 4351 3727 4421 prodesset.

2072 4456 2261 4509 neque
2285 4440 2395 4493 hoc
2413 4440 2569 4510 quod
2592 4438 2929 4493 intendebat
2954 4438 3075 4493 ullo
3106 4439 3277 4493 modo
3296 4440 3506 4494 exinde
3520 4440 3732 4495 conﬁci
3780 4466 3795 4477 ε

304 4529 491 4582 Deum
520 4527 768 4601 ’negant.
808 4554 829 4578 »ι
848 4508 935 4583 Ad
968 4529 1079 4584 hoc
1108 4530 1303 4600 ipsum
1324 4534 1535 4585 caetera
1556 4546 1789 4601 quoque
1812 4533 1967 4586 refe-
1997 4508 2045 4562 D
2075 4508 2185 4582 sed
2212 4529 2408 4597 potius
2430 4508 2788 4596 econtrario,
2821 4528 2976 4598 CIuod
3008 4526 3286 4583 Christus
3316 4530 3373 4581 in
3414 4530 3585 4583 nobis
3614 4545 3730 4583 non

304 4622 531 4686 runtur,
582 4635 713 4689 quae
764 4606 950 4689 usque
1000 4618 1071 4673 ad
1123 4619 1560 4674 conclusionem
1611 4620 1962 4675 inferuntur.

307 4707 661 4778 Deindejam
678 4707 748 4761 ad
770 4708 1210 4762 conclusionem
1234 4709 1479 4762 ﬁdenter
1500 4708 1726 4762 accedit
1743 4725 1968 4763 assum-

304 4797 561 4864 ptionem
590 4812 721 4850 cum
773 4813 880 4850 sua
913 4797 1252 4867 probatione
1288 4797 1433 4851 satis
1463 4797 1780 4851 artiﬁciose
1826 4798 1965 4852 bre-

306 4886 558 4939 vissime
588 4886 930 4956 repetendo,
951 4885 1062 4940 hoc
1089 4886 1258 4940 modo
1280 4902 1292 4940 :
1315 4909 1336 4931 α
1363 4885 1423 4939 Si
1445 4902 1589 4957 ergo
1608 4902 1717 4940 nos
1742 4890 1968 4940 natura-

306 4973 444 5028 liter
474 4975 803 5029 secundum
838 4991 1071 5028 carnem
1119 4990 1227 5044 per
1256 4990 1387 5028 eum
1420 4974 1705 5045 vivimus,
1746 4975 1803 5028 id
1853 4978 1963 5041 est,

308 5065 575 5117 naturam
608 5079 733 5117 suae
765 5063 965 5116 carnis
996 5063 1208 5133 adepti,
1241 5063 1534 5133 quomodo
1567 5078 1682 5116 non
1718 5062 1967 5117 naturali

310 5152 638 5207 secundum
665 5152 937 5222 spiritum
973 5152 1030 5204 in
1054 5168 1119 5205 se
1142 5152 1374 5206 Patrem
1389 5150 1619 5221 habeat,
1654 5167 1784 5205 cum
1812 5153 1972 5205 vivat

309 5241 440 5312 ipse
472 5258 577 5312 per
606 5243 876 5297 Patrem?
912 5266 932 5289 υ

384 5331 555 5385 Hune
585 5347 729 5403 ergo
759 5331 913 5386 beati
946 5329 1151 5384 Hilarii
1197 5328 1610 5402 syllogismum
1655 5330 1969 5385 umbratici

310 5423 523 5489 nostri,
557 5421 607 5474 si
643 5422 858 5491 valent,
879 5420 1147 5475 evadant.
1168 5420 1468 5474 Advertite
1489 5419 1664 5485 enim,
1687 5436 1719 5473 ο
1741 5420 1971 5473 umbra-

308 5509 432 5576 tici,
453 5509 588 5580 quia
608 5512 712 5579 per
736 5509 892 5564 hunc
921 5509 1116 5564 cibum
1138 5512 1435 5578 sumptum
1453 5509 1664 5578 probat
1686 5508 1744 5561 in
1766 5508 1969 5578 nobis,

312 5599 778 5654 substantialiter
800 5614 938 5654 esse
950 5597 1421 5654 Christum.Cum
1443 5613 1587 5669 ergo
1603 5596 1759 5651 hunc
1777 5597 1973 5652 cibum

312 5688 625 5763 sumimus,
656 5687 1049 5744 substantiam
1076 5685 1300 5743 Christi
1323 5687 1635 5743 sumimus.
1668 5686 1972 5754 Quomodo

2077 4617 2152 4671 sit
2181 4617 2646 4671 substantialiter
2674 4633 2848 4687 quam
2880 4616 3156 4671 facillime
3188 4621 3244 4670 et
3291 4618 3419 4687 ipse
3449 4622 3504 4671 et
3535 4618 3732 4688 quivis

2073 4706 2447 4760 mediocriter
2478 4706 2742 4760 eruditus
2773 4721 3015 4760 cernere
3048 4709 3271 4775 posset.
3307 4705 3592 4770 Quoniam
3622 4706 3732 4777 igi-

2074 4797 2169 4848 tur
2199 4795 2289 4847 vir
2319 4794 2760 4848 eruditissimus
2780 4795 2850 4848 ad
2881 4795 3247 4864 probandum
3268 4795 3734 4864 assumptionem

2075 4883 2312 4937 suamid
2333 4883 2537 4952 attulit,
2560 4900 2675 4937 non
2690 4883 3010 4937 umbratice
3032 4887 3300 4937 naturam
3324 4883 3734 4938 carnistlhris-

2077 4972 2267 5025 tianos
2284 4972 2592 5043 comedere
2608 4971 3135 5026 credidiLCredidit
3151 4972 3330 5044 igitur
3341 4971 3732 5028 substantive.

2148 5060 2345 5131 Hujus
2380 5060 2672 5114 sanelibri
2695 5060 2885 5123 sancti
2918 5060 3121 5113 Hilarii
3139 5061 3734 5131 beatusAugustinus

2077 5149 2136 5203 in
2184 5164 2293 5203 suo
2324 5150 2477 5202 libro
2518 5149 2601 5202 De
2635 5149 2885 5202 trinitate
2917 5164 3049 5202 cum
3092 5164 3305 5220 magna
3361 5150 3736 5204 veneratione

2078 5238 2433 5293 mentionem
2457 5236 2789 5291 facit.Unde
2808 5237 2994 5306 palam
3011 5241 3102 5291 est
3118 5238 3253 5307 quia
3282 5237 3737 5306 disputationem

2080 5330 2229 5382 hanc
2260 5325 2785 5397 roprehensibilem
2820 5341 2935 5379 non
2964 5325 3476 5395 judicavit.Palam
3507 5343 3651 5398 ergo
3682 5330 3739 5382 et

2078 5417 2241 5486 illud,
2278 5416 2414 5487 quia
2432 5414 2701 5485 ejusdem
2723 5414 2857 5468 ﬁdei
2879 5415 3003 5469 fuit.
3027 5414 3394 5486 Quapropter
3406 5415 3740 5471 beatissimi

2080 5511 2136 5562 et
2163 5505 2495 5562 doctissimi
2541 5504 2652 5557 viri
2712 5504 2916 5557 Hilarii
2972 5504 3289 5575 disputatio
3332 5504 3486 5575 apud
3531 5518 3739 5559 omnes

2081 5595 2289 5651 ﬁdeles
2319 5594 2529 5662 valeat,
2558 5591 3020 5649 umbraticorum
3042 5593 3396 5650 stultissima
3416 5592 3738 5666 garrulitas

2081 5685 2316 5759 penitus
2348 5682 2736 5741 obmutescet.
