4084 6186
455 283 615 346 1479

1397 278 1880 342 GUITMUNDI
1924 276 2453 339 ARCHIEPISC.
2498 273 2931 336 AVERSANI
3014 244 3021 253 ’

3678 280 3796 343 1480

521 483 652 537 Non
672 481 864 534 solum
880 478 1183 548 praedictis
1208 477 1677 539 auctoritatibus,
1705 476 1811 530 sed
1835 481 1891 530 et
1913 475 2112 529 multis
2142 458 2190 511 Α
2219 475 2292 528 ad
2317 474 2788 529 communionem
2820 472 3121 527 accedenti
3155 472 3415 543 ejusdem
3432 476 3585 544 pueri
3602 478 3799 547 particu-

436 586 671 643 quoque
704 568 1006 622 miraculis
1030 566 1521 635 evidentissimis,
1538 565 1962 620 rationabiliter
1975 581 2113 620 con-

437 660 718 714 futantur.
748 657 915 721 Quod
965 657 1015 710 si
1058 656 1341 709 miracula
1381 671 1495 709 non
1545 655 1855 724 recipiunt,
1904 654 2111 708 hostes

444 747 734 802 Ecclesiae
748 762 814 800 se
829 744 1424 799 declarant.Ecclesia
1438 744 1594 798 enim
1618 743 1920 798 miraculis
1936 759 2110 813 quam

435 837 687 891 maxime
741 839 797 889 et
846 837 1167 905 propagata
1227 836 1396 887 estet
1428 832 1819 896 i.dulta.Quid
1850 832 2105 902 denique

437 924 708 980 estaliud
741 922 1022 977 miracula
1056 922 1445 989 cassare,nisi
1468 921 2107 991 Ecclesiam,quantum

438 1014 499 1068 in
523 1029 589 1067 se
622 1016 732 1080 est,
768 1012 1049 1065 auferre?
1105 1010 1345 1064 Eisdem
1378 1010 1592 1081 quippe
1641 1010 1869 1064 artibus
1918 1011 2002 1078 (ut
2031 1011 2110 1063 ait

437 1102 694 1173 quidam)
735 1101 951 1171 quibus
1006 1103 1232 1168 partum
1272 1103 1364 1152 est
1412 1099 1745 1169 imperium,
1799 1100 2104 1153 retinetur.

435 1192 803 1260 Quapropter
858 1187 1147 1242 Ecclesiae
1205 1189 1415 1242 hostes
1467 1204 1625 1255 sese,
1679 1192 1734 1241 et
1787 1205 1903 1242 non
1952 1189 2105 1242 ﬁlios

436 1282 726 1345 astruunt,
774 1280 827 1331 si
881 1277 1016 1347 ejus
1056 1277 1337 1331 miracula
1378 1278 1645 1346 accipere
1694 1278 1912 1332 nolunt.
1959 1277 2106 1342 Quid

442 1372 639 1423 autem
655 1366 915 1435 stultius,
948 1365 1089 1436 quid
1118 1366 1436 1419 vecordius
1468 1382 1642 1436 quam
1676 1381 1964 1420 evacuare
1995 1367 2106 1420 mi-

439 1457 658 1522 racula,
715 1471 845 1509 cum
880 1454 1035 1508 nulla
1085 1455 1321 1508 omnino
1352 1470 1450 1508 res
1484 1455 1611 1509 sine
1641 1455 1924 1509 miraculo
1959 1457 2054 1509 ﬁat
2082 1456 2111 1509 ?

443 1545 674 1599 Utinam
720 1544 818 1597 isti
877 1543 1197 1614 vaniloqui,
1230 1558 1338 1597 nec
1387 1544 1624 1613 seipsos
1671 1545 1891 1615 aliquid
1924 1546 2105 1615 loqui,

438 1634 575 1688 dum
604 1633 974 1703 impudenter
992 1631 1267 1702 jactitant
1296 1632 1451 1701 talia,
1477 1633 1811 1701 crederent,
1834 1634 2109 1703 quoniam

439 1724 552 1777 hoc
581 1724 776 1792 ipsum
807 1720 963 1791 quod
995 1721 1158 1791 loqui
1206 1726 1479 1790 possunt,
1530 1721 1643 1775 hoc
1691 1722 1885 1792 ipsum
1935 1721 2109 1776 etiam

439 1811 677 1866 omnino
700 1810 858 1879 quod
890 1812 1048 1877 sunt,
1078 1824 1196 1861 non
1225 1809 1340 1861 nisi
1363 1824 1435 1862 ex
1456 1809 1656 1863 divino
1678 1810 1961 1863 miraculo
1982 1808 2103 1864 est!

2217 564 2331 617 lam
2379 558 2803 633 porrigentem.
2847 561 2962 615 Sed
2997 577 3129 615 cum
3161 562 3254 615 ille
3285 563 3513 616 nimium
3540 568 3797 620 exterritus

2218 667 2455 706 sumere
2486 651 2811 720 tripidaret,
2846 650 3046 704 multis
3078 651 3349 720 lacrymis
3377 653 3614 720 speciem
3646 656 3795 724 panis,

2216 741 2329 795 ﬁde
2354 741 2480 811 jam
2512 740 2821 807 solidatus,
2858 739 3126 794 obtinuit.
3179 740 3291 793 Sed
3332 756 3499 810 quem
3535 756 3731 795 movere
3755 746 3797 796 in

2213 829 2656 883 admirationem
2689 832 2743 881 et
2774 828 3005 881 laudem
3054 827 3271 880 divinae
3303 828 3563 881 bonitatis
3598 844 3693 882 non
3718 830 3796 884 de-

2213 918 2387 971 beant
2408 917 2606 988 magni
2636 916 2830 969 Patris
2855 917 3043 969 nostri
3074 919 3244 986 gesta
3265 911 3481 983 Basilii,
3508 916 3641 970 inter
3665 919 3798 987 cujus

2215 1021 2425 1059 manus
2457 1004 2704 1058 Judaeus
2737 1005 2796 1056 in
2827 1003 3018 1057 medio
3048 1003 3374 1074 frequentis
3398 1003 3610 1057 latitans
3629 1006 3797 1074 pepuli,

2214 1093 2495 1148 sacriﬁcii
2528 1096 2787 1161 tempore
2816 1092 3021 1161 partiri
3052 1093 3364 1161 puerulum
3398 1092 3550 1159 vidit,
3580 1094 3802 1146 exclama-

2212 1182 2313 1250 vit,
2360 1184 2416 1235 et
2471 1184 2783 1251 propterea
2838 1180 3165 1249 baptizatus
3213 1182 3345 1234 est?
3409 1181 3571 1233 Multa
3618 1197 3799 1251 quoque

2215 1269 2315 1340 huj
2327 1270 2559 1324 usmodi
2588 1270 2697 1323 alia
2713 1273 2768 1323 et
2790 1272 2979 1323 nostri
2998 1270 3301 1339 temporis,
3323 1274 3378 1322 et
3400 1270 3602 1339 antiqui
3628 1271 3800 1324 narrari

2213 1361 2486 1429 possunt,
2537 1375 2568 1412 a
2606 1359 2823 1430 quibus
2876 1358 3262 1427 supersedeo.
3300 1358 3444 1410 Nam
3475 1361 3529 1411 et
3545 1358 3801 1411 catholicos

2213 1448 2476 1502 breviter
2523 1449 2965 1502 commonuisse
3024 1448 3096 1501 de
3165 1446 3467 1500 miraculis
3512 1445 3720 1513 sufﬁcit,
3765 1450 3804 1500 et

2217 1537 2534 1590 haereticos
2566 1536 2815 1606 plurima
2852 1536 3050 1589 talium
3082 1536 3415 1589 narratione
3443 1535 3691 1605 prosequi
3714 1535 3802 1587 for-

2217 1629 2377 1679 tasse
2392 1640 2507 1680 non
2528 1625 2780 1695 proﬁcit.
2814 1626 2991 1679 Gesta
3011 1640 3263 1694 namque
3282 1629 3605 1679 sanctorum
3624 1625 3802 1677 Patrum

2214 1718 2489 1785 protervo
2513 1730 2615 1769 ore
2647 1715 2987 1784 dilacerant,
3021 1730 3129 1768 nec
3162 1730 3229 1769 ea
3261 1730 3395 1785 quae
3430 1715 3498 1767 de
3528 1715 3612 1767 his
3638 1715 3803 1783 scripta

2217 1808 2373 1872 sunt,
2399 1804 2494 1858 vel
2524 1804 2817 1873 dicuntur,
2850 1805 3121 1874 diligunt,
3156 1804 3377 1873 quibus
3399 1819 3463 1857 se
3491 1803 3546 1855 in
3576 1802 3803 1856 credendo

438 1898 556 1953 Sed
588 1902 725 1953 sunt
768 1898 868 1967 qui
907 1897 1193 1950 miracula
1242 1912 1308 1951 se
1357 1913 1473 1950 non
1527 1913 1811 1968 respuere
1870 1899 2106 1969 quidem
2138 1916 2185 1970 Β
2216 1893 2443 1948 similes
2495 1908 2612 1947 non
2658 1908 2903 1947 novere.
2958 1893 3073 1946 Sed
3121 1893 3261 1963 quid
3296 1894 3522 1956 mirum,
3555 1892 3602 1944 si
3627 1890 3804 1943 Patrum

436 1987 833 2057 respondeant
856 1986 1070 2053 ;libros
1091 2001 1230 2039 vero
1250 1987 1309 2038 in
1341 1986 1559 2055 quibus
1583 2002 1651 2040 ea
1674 1988 1953 2058 leguntur
1970 2004 2108 2057 apo-

441 2075 698 2145 cryphos
738 2077 1108 2128 asseverent.
1143 2074 1188 2127 Ο
1218 2075 1418 2144 iniqua
1470 2073 1738 2129 licentia!
1789 2076 1950 2139 Quos
1993 2075 2107 2130 Ec-

441 2163 623 2218 clesia
676 2163 778 2216 Dei
820 2164 879 2215 in
932 2163 1381 2221 aediﬁcationem
1421 2164 1515 2216 sui
1548 2179 1652 2232 per
1690 2166 1872 2218 totum
1905 2164 2109 2218 orbem

440 2252 616 2306 tantis
668 2251 1033 2321 temporibus
1083 2252 1195 2306 sub
1244 2252 1423 2305 tantis
1478 2252 1824 2306 doctoribus
1884 2254 2027 2323 legit
2054 2256 2109 2308 et

441 2340 729 2412 legendos
762 2339 1017 2408 tradidit,
1056 2340 1167 2394 hoc
1197 2340 1433 2409 pauculi
1464 2340 1659 2395 minus
1710 2341 1866 2395 docti
1911 2345 1967 2396 et
1996 2341 2112 2394 ani-

447 2429 650 2498 males,
684 2427 842 2482 nullo
874 2429 1121 2482 rationis
1153 2428 1387 2499 intuitu,
1422 2429 1537 2483 nisi
1572 2432 1791 2484 tantum
1825 2431 1962 2501 quia
1993 2446 2110 2501 non

444 2516 678 2588 placent
722 2517 831 2586 eis,
864 2517 1237 2587 apocryphos
1269 2517 1490 2588 dicunt,
1524 2522 1580 2571 et
1611 2519 1709 2589 qui
1740 2534 2108 2591 paganorum

446 2606 697 2659 libenter
727 2605 1010 2659 historias
1041 2606 1490 2676 amplectuntur,
1525 2606 1893 2661 Christianas
1932 2608 2112 2662 histo-

449 2695 569 2747 rias
601 2709 752 2764 quas
785 2697 942 2747 totus
985 2695 1359 2763 amplectitur
1391 2696 1667 2764 mundus,
1708 2712 1913 2750 assare
1950 2697 2109 2751 labo-

443 2784 593 2835 rant.
636 2782 751 2835 Sed
790 2782 986 2836 ethoc
1027 2782 1158 2852 ipso
1188 2783 1345 2853 quod
1393 2784 1480 2838 eis
1539 2799 1654 2839 non
1704 2785 1914 2855 placet,
1953 2785 2109 2856 quod

444 2869 769 2924 universali
801 2870 1089 2925 Ecclesiae
1137 2871 1369 2941 placuit,
1406 2875 1461 2926 et
1497 2872 1787 2927 obstinate
1820 2877 2111 2943 respuunt

440 2959 597 3029 quod
629 2958 886 3013 libenter
916 2958 1016 3012 illa
1048 2962 1292 3030 recepit,
1328 2975 1444 3015 non
1475 2961 1756 3030 paciﬁcos
1787 2961 1921 3032 ejus
1952 2963 2108 3017 ﬁlios

442 3048 550 3101 sed
581 3047 854 3102 inimicos
877 3047 1226 3103 manifestos
1245 3064 1312 3103 se
1334 3050 1602 3120 probant.
1627 3049 1992 3120 Quapropter
2008 3051 2109 3123 qui

445 3151 512 3190 se
542 3135 695 3191 ﬁlios
727 3135 1017 3192 Ecclesiae
1046 3138 1141 3192 vel
1172 3138 1289 3192 dici
1319 3138 1673 3208 desiderant,
1726 3139 1911 3194 libros
1956 3156 2107 3211 quos

2215 1982 2495 2036 historias
2518 1982 2917 2053 Berengarius
2932 1984 2987 2035 et
3001 1981 3096 2035 sui
3117 1981 3451 2050 despiciunt
3468 1981 3561 2050 qui
3594 1978 3804 2048 Evange-

2215 2072 2293 2124 lio
2329 2072 2506 2124 etiam
2539 2071 2972 2134 contradicunt,
2998 2070 3266 2124 dicentes
3297 2070 3617 2123 nullatenus
3645 2067 3805 2120 debere

2216 2159 2378 2212 credi
2409 2158 2565 2228 quod
2595 2158 2675 2211 ibi
2696 2158 2916 2228 legitur
2942 2157 3200 2211 intrasse
3231 2157 3309 2212 ad
3332 2157 3637 2226 discipulos
3663 2153 3805 2208 Domi-

2215 2263 2353 2300 num
2386 2247 2594 2301 Jesum
2624 2246 2825 2317 ianuis
2855 2246 3075 2300 clausis
3105 2247 3299 2315 (Joan.
3337 2247 3461 2315 xx).
3492 2246 3571 2299 Ad
3616 2247 3708 2299 hoc
3744 2248 3806 2295 ta-

2218 2352 2351 2390 men
2409 2336 2537 2390 haec
2584 2351 2866 2390 narrasse
2898 2351 2991 2390 me
3021 2340 3223 2390 contra
3276 2352 3384 2390 eos
3437 2335 3661 2405 proﬁcit,
3711 2332 3808 2402 quia

2217 2425 2500 2496 quidquid
2554 2426 2816 2478 exterius
2864 2424 3147 2495 garriant,
3168 2424 3535 2478 conscientia
3558 2426 3721 2477 tamen
3741 2436 3810 2474 eo-

2216 2529 2345 2566 rum
2376 2513 2446 2566 ad
2479 2513 2739 2583 seipsam
2769 2512 3011 2566 rediens
3069 2512 3409 2566 concutitur
3444 2516 3498 2565 et
3535 2508 3806 2563 marcescit.

2218 2601 2485 2671 Dumque
2508 2601 2865 2655 attendimus
2880 2616 3055 2671 quam
3078 2601 3484 2655 favorabiliter
3495 2600 3687 2670 ubique
3697 2600 3810 2652 tanto

2214 2694 2479 2759 tempore
2512 2690 2769 2744 mundus
2792 2690 2904 2742 ista
2926 2688 3282 2758 susceperit,
3319 2706 3452 2760 quae
3483 2689 3645 2743 fuerit
3667 2688 3811 2740 hacte-

2215 2795 2327 2834 nus
2359 2778 2647 2833 catholica
2676 2778 2824 2833 ﬁdes
2868 2778 2940 2831 de
2995 2793 3242 2848 corpore
3270 2778 3503 2832 Demini
3544 2777 3700 2830 latere
3729 2788 3811 2827 non

2216 2871 2426 2938 potest.
2454 2868 2621 2921 Tanti
2643 2869 2862 2939 quippe
2892 2867 3175 2936 temporis
3199 2882 3434 2921 summe
3480 2866 3620 2920 docti
3643 2862 3810 2918 sancti-

2214 2972 2331 3028 que
2351 2957 2682 3027 pontiﬁces,
2728 2957 2941 3011 eruditi
2968 2956 3359 3027 religiosique
3390 2956 3637 3020 abbates,
3657 2965 3810 3005 mona-

2216 3045 2566 3115 chi,clerici,
2598 3046 3039 3116 universusque
3059 3045 3319 3115 populus
3352 3044 3476 3108 Dei,
3508 3044 3557 3097 si
3586 3038 3809 3095 contraria

2216 3137 2403 3189 rectae
2424 3134 2562 3188 ﬁdei
2606 3135 2716 3189 ista
2749 3138 3168 3206 cognoverant,
3202 3148 3389 3203 quare
3421 3148 3534 3186 non
3559 3131 3810 3184 damnave-

445 3224 542 3277 illa
573 3224 800 3294 recipit,
833 3241 952 3280 non
983 3228 1282 3280 recusent.
1316 3226 1442 3290 Qua
1471 3227 1695 3281 ratione
1730 3228 1886 3281 enim
1916 3228 2106 3282 Vitam
2139 3255 2183 3309 Ο
2212 3225 2398 3278 runt?
2436 3223 2627 3288 Quare
2657 3238 2775 3277 non
2807 3223 3225 3276 destruxerunt
3241 3221 3470 3286 ?Quare
3498 3221 3585 3275 vel
3612 3218 3707 3309 legi
3727 3230 3809 3267 non

440 3312 598 3368 beati
646 3314 918 3384 Gregorii
974 3314 1224 3384 quilibet
1279 3313 1652 3369 Christianus
1705 3316 2106 3386 apocrypham

441 3402 615 3472 dicat,
651 3417 826 3472 quam
872 3404 1185 3457 attestante
1240 3402 1426 3457 Roma
1457 3402 1690 3473 editam,
1738 3406 1822 3459 tot
1852 3406 2106 3459 sanctis-

440 3490 595 3558 simi,
629 3490 1081 3559 doctissimique
1115 3491 1362 3544 Romani
1383 3491 1690 3559 pontiﬁces
1722 3492 1880 3547 nullo
1910 3493 2104 3548 disso-

438 3581 633 3646 nante,
666 3577 953 3632 hactenus
978 3579 1755 3653 probaveruntheorumque
1784 3583 2102 3637 auctorita-

435 3667 553 3719 tem
585 3669 806 3720 secutae
835 3669 919 3719 tot
950 3665 1255 3733 Ecclesiae,
1291 3672 1500 3723 cuncto
1531 3670 1745 3740 populo
1764 3670 2101 3728 Christiano

439 3758 823 3825 consonante,
883 3770 1039 3809 nunc
1099 3771 1287 3826 usque
1319 3760 1758 3827 susceperunt?
1799 3759 1863 3814 In
1895 3760 2099 3815 eadem

439 3858 583 3897 sane
613 3843 740 3897 Vita
771 3844 1057 3913 scriptum
1087 3848 1178 3898 est
1197 3845 1352 3915 quod
1369 3846 1752 3902 beatissimus
1772 3848 1927 3903 idem
1948 3865 2097 3920 papa

436 3930 1086 4003 Gregorius,praesente
1104 3936 1318 4004 populo
1339 3937 1621 4006 Romano,
1648 3938 1879 3992 cuidam
1896 3941 2094 3993 matri-

435 4020 712 4090 familias,
761 4036 894 4075 cum
943 4023 1439 4078 communicatura
1488 4026 1745 4095 risisset,
1805 4028 2094 4082 Dominici

435 4110 705 4178 corporis
737 4112 1067 4181 portionem
1098 4113 1481 4183 subtraxerit,
1514 4130 1688 4184 quam
1709 4115 1768 4168 in
1798 4131 1899 4169 ara
1930 4132 2097 4186 repo-

435 4198 610 4252 sitam
701 4200 998 4254 communi
1078 4216 1216 4256 mox
1300 4218 1480 4272 prece
1535 4204 1720 4257 Deum
1782 4204 1948 4275 fusa,
2024 4207 2099 4260 ad

434 4289 848 4342 instruendam
879 4289 952 4343 de
974 4290 1218 4344 veritate
1232 4290 1754 4346 Dominicaacarnis
1784 4297 2088 4365 matronae,

433 4391 540 4429 seu
603 4378 777 4431 etiam
831 4378 1029 4448 populi
1087 4379 1280 4449 ﬁdem,
1343 4396 1544 4435 coram
1596 4383 1751 4435 omni
1805 4383 2102 4454 populoin

431 4464 633 4533 specie
664 4480 824 4520 verae
864 4467 1083 4535 carnis,
1118 4470 1287 4539 quasi
1319 4470 1489 4541 digiti
1518 4470 1869 4525 auricularis
1902 4475 2100 4526 osten-

430 4553 602 4607 derit.
636 4553 898 4625 Cumque
930 4557 1156 4621 mulier,
1178 4556 1303 4627 jam
1326 4558 1572 4627 ﬁdelior,
1609 4563 1849 4629 propter
1879 4561 2095 4614 horro-

432 4656 557 4695 rem
586 4644 784 4697 carnis
809 4647 1245 4700 communicare
1271 4648 1608 4716 trepidaret,
1637 4650 1866 4703 cunctis
1889 4649 2100 4704 iterum

429 4730 663 4786 Domini
721 4733 1190 4788 misericordiam
1250 4751 1356 4804 pro
1387 4735 1485 4789 illa
1516 4738 1861 4807 suppliciter
1892 4740 2100 4809 implo-

428 4821 721 4890 rantibus,
746 4822 1011 4876 eamdem
1048 4823 1102 4877 ei
1134 4823 1485 4893 particulam
1516 4842 1664 4895 papa
1706 4827 1767 4880 in
1813 4831 2099 4882 consueta

435 4911 611 4978 panis
645 4911 848 4980 specie
878 4913 1293 4981 reporrexerit.

503 4999 649 5053 lllud
681 5000 856 5055 etiam
888 5001 1242 5055 miraculum
1280 5003 1438 5073 quod
1469 5004 1528 5057 in
1558 5004 1709 5058 Vitis
1739 5006 1977 5060 Patrum
2005 5005 2096 5060 le-

430 5087 610 5155 gitur,
645 5087 783 5142 licet
838 5089 1240 5161 Berengarius
1283 5090 1490 5159 oderit,
1526 5092 1661 5163 quia
1694 5095 1887 5147 tamen
1920 5094 2102 5164 opitu-

428 5174 585 5227 lante
616 5174 861 5230 Domino
891 5178 1023 5231 aliis
1054 5179 1335 5249 proderit,
1369 5180 1463 5234 vel
1504 5182 1754 5253 tenuiter
1812 5198 2095 5253 memoro,

431 5260 531 5316 ubi
562 5260 837 5317 videlicet
868 5265 1052 5321 abbas
1086 5267 1287 5322 Daniel
1320 5272 1522 5323 narrat
1552 5252 1755 5324 senem
1782 5272 2096 5341 quemdam

428 5351 502 5405 de
518 5365 765 5420 corpore
794 5352 1300 5412 Dominierrorem
1325 5358 1672 5427 simpliciter
1689 5374 2097 5429 passum,cum

429 5439 743 5495 Dominum
772 5455 879 5509 pro
912 5442 1273 5500 dubitatione
1322 5446 1433 5500 hac
1491 5448 1845 5502 removenda
1894 5450 2095 5505 multis

427 5528 712 5600 precibus
762 5535 1113 5601 exorasset,
1172 5533 1448 5606 angelum
1494 5535 1600 5590 Dei
1655 5552 1838 5608 super
1892 5554 2094 5610 aram,

429 5618 713 5676 sacrificii
741 5619 907 5693 hora,
926 5618 1154 5677 vidisse
1170 5638 1419 5694 puerum
1436 5625 2095 5702 immolantem,sibique

2211 3312 2685 3382 prohibuerunt?
2712 3312 2888 3381 Atqui
2933 3311 3049 3380 ipsi
3078 3327 3146 3364 ea
3177 3311 3472 3382 legerunt,
3505 3308 3612 3377 ipsi
3636 3305 3806 3359 dilexe-

2211 3404 2366 3469 runt,
2417 3401 2534 3472 ipsi
2594 3402 2668 3455 ob
2728 3400 3175 3455 aediﬁcationem
3220 3400 3363 3453 ﬁdei
3415 3396 3645 3469 legenda
3670 3405 3808 3461 usque

2212 3490 2386 3543 hodie
2408 3489 2797 3544 tradiderunt.
2831 3488 3049 3543 Omnes
3071 3489 3299 3557 favere,
3326 3503 3497 3542 nemo
3514 3485 3716 3540 auditus
3729 3480 3804 3543 est,

2210 3594 2381 3633 nemo
2403 3579 2594 3633 lectus
2627 3582 2717 3632 est
2749 3578 3103 3649 refragatus.
3129 3578 3260 3631 Non
3290 3577 3662 3648 igiturcontra
3684 3570 3805 3624 ﬁdem

2211 3670 2431 3722 rectam
2473 3682 2611 3722 esse
2659 3667 3008 3721 sentiebant.
3080 3665 3365 3720 Eamdem
3398 3666 3571 3736 igitur
3594 3661 3736 3715 ﬁdem
3757 3655 3806 3708 de

2207 3771 2457 3827 corpore
2506 3755 2739 3810 Domini
2777 3770 2986 3810 omnes
3036 3755 3338 3809 tenebant.
3391 3756 3504 3808 Aut
3542 3765 3671 3820 ergo
3708 3743 3804 3800 istis

2204 3846 2479 3900 omnibus
2511 3844 2820 3899 umbratici
2861 3843 3052 3898 nostri
3083 3843 3340 3898 correcti
3360 3840 3716 3903 consentiant,
3740 3832 3809 3887 ant

2198 3936 2346 3990 istos
2360 3948 2564 3990 omnes
2579 3936 2780 3988 contra
2799 3949 2863 3988 se
2880 3936 3062 3987 testes
3077 3933 3524 4004 irret‘ragabiles
3541 3919 3801 3985 damnandi

2200 4025 2587 4095 persentiant.
2622 4023 2992 4093 Quapropter
3012 4021 3236 4076 nullum
3258 4022 3514 4091 amplius
3536 4019 3730 4072 habens
3743 4026 3804 4064 ra-

2198 4113 2376 4167 tionis
2431 4112 2796 4184 confugium,
2856 4114 3133 4181 tantaque
3182 4110 3343 4164 nube
3382 4110 3607 4164 testium
3648 4113 3807 4175 pressa

2212 4215 2417 4255 eorum
2444 4199 2712 4268 stultitia,
2745 4201 2982 4269 penitus
3012 4199 3402 4253 Obmutescat.
3435 4189 3806 4255 Claudatur,in-

2212 4305 2409 4360 quam,
2462 4288 2696 4343 silentio
2754 4287 3171 4358 perpetualiter
3214 4286 3536 4340 umbratica
3574 4279 3805 4349 impietas,

2209 4379 2312 4433 ubi
2360 4380 2445 4432 tot
2475 4377 2794 4448 praecipuis
2829 4377 3102 4445 testibus,
3137 4378 3252 4428 tam
3279 4375 3440 4429 clara
3466 4388 3601 4426 voce
3630 4363 3807 4422 concla-

2208 4467 2506 4521 mantibus
2547 4465 2833 4520 catholica
2864 4468 3021 4535 patet
3052 4465 3291 4519 veritas.
3318 4462 3464 4528 Quis
3484 4461 3626 4514 enim
3647 4458 3805 4523 hujus-

2208 4555 2363 4610 modi
2396 4554 2787 4609 stultissimos
2806 4554 2977 4624 plane
3005 4556 3061 4607 et
3083 4554 3471 4623 impiissimos
3492 4550 3670 4603 dicere
3688 4538 3805 4597 dubi-

2204 4647 2301 4715 tet,
2335 4645 2435 4715 qui
2453 4660 2568 4697 non
2592 4648 2907 4697 vereantur
2928 4642 3262 4711 Scripturas
3286 4657 3495 4695 sacras
3519 4638 3587 4691 ad
3638 4636 3798 4687 nutum

2208 4749 2381 4788 suum
2415 4732 2564 4786 male
2589 4731 3028 4802 interpretando
3059 4745 3461 4800 corrumpere,
3491 4718 3801 4780 venerabiles

2207 4834 2383 4894 atque
2414 4821 2852 4876 eruditissimos
2880 4823 2965 4875 tot
2993 4825 3271 4876 auctores
3302 4819 3468 4874 nihili
3497 4813 3735 4886 pendere,
3760 4804 3800 4856 in

2207 4927 2277 4967 ea
2305 4926 2368 4965 re
2390 4927 2546 4965 nunc
2580 4909 2932 4965 conturbare
2964 4909 3294 4963 Ecclesium
3316 4909 3376 4962 in
3407 4922 3516 4978 qua
3546 4917 3661 4957 cum
3680 4894 3802 4952 Aria-

2210 5001 2305 5055 nis
2336 4999 2786 5054 immanissimis
2818 4999 3093 5053 hostibus
3130 4999 3258 5052 suis
3290 4996 3550 5051 noscitur
3575 4985 3798 5046 habuisse

2208 5106 2431 5161 pacem,
2485 5094 2543 5144 et
2588 5090 2648 5142 in
2693 5104 2809 5159 quo
2860 5089 2991 5158 ipsa
3038 5104 3145 5157 per
3190 5103 3259 5141 os
3294 5084 3497 5139 Hilarii
3535 5080 3617 5135 sui
3649 5076 3797 5131 contra

2206 5180 2449 5234 eosdem
2490 5179 2782 5246 Arianos,
2826 5177 3007 5232 veluti
3052 5179 3398 5248 argumento
3453 5168 3796 5257 ratissiinofe

2207 5268 2393 5340 potuit
2426 5266 2812 5337 communire,
2853 5265 2913 5320 id
2942 5280 3097 5320 nunc
3129 5281 3260 5319 cum
3294 5263 3542 5318 omnium
3570 5253 3796 5312 Christia-

2207 5373 2415 5412 norum
2474 5370 2703 5411 summa
2760 5355 3019 5424 pernicie
3081 5352 3556 5408 irrationabiliter
3613 5348 3797 5398 cassum

2205 5447 2336 5502 ire?
2367 5446 2511 5501 Hinc
2533 5446 2768 5500 interim
2800 5449 3007 5498 contra
3037 5442 3397 5497 umbraticos
3428 5439 3569 5493 dicta
3588 5433 3715 5524 sunt.
3745 5513 3755 5524 .

2278 5535 2449 5591 Nunc
2469 5538 2670 5591 contra
2695 5535 2832 5589 illos
2854 5533 3123 5588 habenda
3145 5535 3236 5587 est
3265 5531 3408 5586 ratio
3430 5528 3542 5600 qui,
3568 5520 3794 5600 Ecclesia?

2209 5625 2537 5683 rationibus
2560 5623 2905 5699 expugnati,
2936 5622 3060 5697 jam
3072 5622 3308 5697 quidem
3326 5598 3537 5694 negare
3557 5598 3793 5684 nequem
