  <div class='ocr_page' id='page_1' title='image "/cluster/home/n/w/nwhite01/storage/ocr_20150623/149/hvd.32044054760079/746.png"; bbox 0 0 4084 6186; ppageno 0'>
   <div class='ocr_carea' id='block_1_1' title="bbox 234 319 380 384">
    <p class='ocr_par' dir='ltr' id='par_1_1' title="bbox 234 319 380 384">
     <span class='ocr_line' id='line_1_1' title="bbox 234 319 380 384; baseline -0.021 0"><span class='ocrx_word' id='word_1_1' title='bbox 234 319 380 384; x_wconf 65' lang='grc'>1481</span> 
     </span>
    </p>
   </div>
   <div class='ocr_carea' id='block_1_2' title="bbox 717 311 3101 383">
    <p class='ocr_par' dir='ltr' id='par_1_2' title="bbox 717 311 3101 383">
     <span class='ocr_line' id='line_1_2' title="bbox 717 311 3101 383; baseline -0.002 -2"><span class='ocrx_word' id='word_1_2' title='bbox 717 320 830 381; x_wconf 91' lang='lat' dir='ltr'><strong>DE</strong></span> <span class='ocrx_word' id='word_1_3' title='bbox 876 319 1306 383; x_wconf 87' lang='lat' dir='ltr'>CORPORIS</span> <span class='ocrx_word' id='word_1_4' title='bbox 1350 319 1461 379; x_wconf 91' lang='lat' dir='ltr'>DT</span> <span class='ocrx_word' id='word_1_5' title='bbox 1503 318 1730 381; x_wconf 89' lang='lat' dir='ltr'>SANG.</span> <span class='ocrx_word' id='word_1_6' title='bbox 1782 315 2087 379; x_wconf 89' lang='lat' dir='ltr'>DOMINI</span> <span class='ocrx_word' id='word_1_7' title='bbox 2134 315 2360 378; x_wconf 89' lang='lat' dir='ltr'>LIBRI</span> <span class='ocrx_word' id='word_1_8' title='bbox 2405 315 2630 377; x_wconf 85' lang='lat' dir='ltr'>TRES.</span> <span class='ocrx_word' id='word_1_9' title='bbox 2684 350 2729 360; x_wconf 85' lang='lat'><strong>-</strong></span> <span class='ocrx_word' id='word_1_10' title='bbox 2789 313 2941 376; x_wconf 88' lang='lat' dir='ltr'>LIB.</span> <span class='ocrx_word' id='word_1_11' title='bbox 2990 311 3101 376; x_wconf 93' lang='lat' dir='ltr'>III.</span> 
     </span>
    </p>
   </div>
   <div class='ocr_carea' id='block_1_3' title="bbox 3502 311 3658 376">
    <p class='ocr_par' dir='ltr' id='par_1_3' title="bbox 3502 311 3658 376">
     <span class='ocr_line' id='line_1_3' title="bbox 3502 311 3658 376; baseline 0.013 -2"><span class='ocrx_word' id='word_1_12' title='bbox 3502 311 3658 376; x_wconf 78' lang='lat'>148‘2</span> 
     </span>
    </p>
   </div>
   <div class='ocr_carea' id='block_1_4' title="bbox 207 502 3649 591">
    <p class='ocr_par' dir='ltr' id='par_1_4' title="bbox 207 502 3649 591">
     <span class='ocr_line' id='line_1_4' title="bbox 207 502 3649 591; baseline -0.003 -14"><span class='ocrx_word' id='word_1_13' title='bbox 207 521 593 577; x_wconf 81' lang='lat' dir='ltr'>substantiam</span> <span class='ocrx_word' id='word_1_14' title='bbox 619 523 891 591; x_wconf 87' lang='lat' dir='ltr'>corporis</span> <span class='ocrx_word' id='word_1_15' title='bbox 913 521 1132 576; x_wconf 83' lang='lat' dir='ltr'>Christi</span> <span class='ocrx_word' id='word_1_16' title='bbox 1154 521 1285 575; x_wconf 89' lang='lat' dir='ltr'>cibo</span> <span class='ocrx_word' id='word_1_17' title='bbox 1311 521 1511 575; x_wconf 89' lang='lat' dir='ltr'>inesse</span> <span class='ocrx_word' id='word_1_18' title='bbox 1535 519 1864 587; x_wconf 89' lang='lat' dir='ltr'>Dominico,</span> <span class='ocrx_word' id='word_1_19' title='bbox 1891 502 1945 566; x_wconf 74' lang='grc' dir='ltr'><strong>Α</strong></span> <span class='ocrx_word' id='word_1_20' title='bbox 1983 533 2099 571; x_wconf 92' lang='lat' dir='ltr'>non</span> <span class='ocrx_word' id='word_1_21' title='bbox 2131 518 2339 587; x_wconf 91' lang='lat' dir='ltr'>placet,</span> <span class='ocrx_word' id='word_1_22' title='bbox 2374 519 2435 571; x_wconf 92' lang='lat' dir='ltr'>ut</span> <span class='ocrx_word' id='word_1_23' title='bbox 2470 531 2687 586; x_wconf 92' lang='lat' dir='ltr'>corpus</span> <span class='ocrx_word' id='word_1_24' title='bbox 2721 531 2894 568; x_wconf 90' lang='lat' dir='ltr'>suum</span> <span class='ocrx_word' id='word_1_25' title='bbox 2932 514 3061 568; x_wconf 87' lang='lat' dir='ltr'>sine</span> <span class='ocrx_word' id='word_1_26' title='bbox 3092 512 3287 583; x_wconf 89' lang='lat' dir='ltr'>aliquo</span> <span class='ocrx_word' id='word_1_27' title='bbox 3334 513 3525 583; x_wconf 80' lang='lat' dir='ltr'>ipsihs</span> <span class='ocrx_word' id='word_1_28' title='bbox 3556 514 3649 569; x_wconf 91' lang='lat' dir='ltr'>in-</span> 
     </span>
    </p>
   </div>
   <div class='ocr_carea' id='block_1_5' title="bbox 203 608 1865 682">
    <p class='ocr_par' dir='ltr' id='par_1_5' title="bbox 203 608 1865 682">
     <span class='ocr_line' id='line_1_5' title="bbox 203 608 1865 682; baseline -0.002 -18"><span class='ocrx_word' id='word_1_29' title='bbox 203 626 408 682; x_wconf 88' lang='lat' dir='ltr'>panem</span> <span class='ocrx_word' id='word_1_30' title='bbox 455 614 647 663; x_wconf 88' lang='lat' dir='ltr'>tamen</span> <span class='ocrx_word' id='word_1_31' title='bbox 698 617 753 665; x_wconf 90' lang='lat' dir='ltr'>et</span> <span class='ocrx_word' id='word_1_32' title='bbox 802 611 1001 663; x_wconf 89' lang='lat' dir='ltr'>vinum</span> <span class='ocrx_word' id='word_1_33' title='bbox 1050 625 1155 680; x_wconf 92' lang='lat' dir='ltr'>per</span> <span class='ocrx_word' id='word_1_34' title='bbox 1203 610 1381 664; x_wconf 87' lang='lat' dir='ltr'>verba</span> <span class='ocrx_word' id='word_1_35' title='bbox 1437 609 1757 663; x_wconf 88' lang='lat' dir='ltr'>Salvatoris</span> <span class='ocrx_word' id='word_1_36' title='bbox 1808 608 1865 660; x_wconf 93' lang='lat' dir='ltr'>in</span> 
     </span>
    </p>
   </div>
   <div class='ocr_carea' id='block_1_6' title="bbox 202 697 1865 769">
    <p class='ocr_par' dir='ltr' id='par_1_6' title="bbox 202 697 1865 769">
     <span class='ocr_line' id='line_1_6' title="bbox 202 697 1865 769; baseline -0.001 -17"><span class='ocrx_word' id='word_1_37' title='bbox 202 715 434 753; x_wconf 89' lang='lat' dir='ltr'>carnem</span> <span class='ocrx_word' id='word_1_38' title='bbox 459 698 591 768; x_wconf 83' lang='lat' dir='ltr'>ejus</span> <span class='ocrx_word' id='word_1_39' title='bbox 616 704 669 751; x_wconf 81' lang='lat' dir='ltr'>et</span> <span class='ocrx_word' id='word_1_40' title='bbox 691 699 1041 769; x_wconf 88' lang='lat' dir='ltr'>sanguinem</span> <span class='ocrx_word' id='word_1_41' title='bbox 1066 699 1211 752; x_wconf 77' lang='lat' dir='ltr'>verti</span> <span class='ocrx_word' id='word_1_42' title='bbox 1234 714 1601 769; x_wconf 71' lang='lat' dir='ltr'>nequaquam</span> <span class='ocrx_word' id='word_1_43' title='bbox 1623 697 1865 751; x_wconf 81' lang='lat' dir='ltr'>creden-</span> 
     </span>
    </p>
   </div>
   <div class='ocr_carea' id='block_1_7' title="bbox 203 787 1860 856">
    <p class='ocr_par' dir='ltr' id='par_1_7' title="bbox 203 787 1860 856">
     <span class='ocr_line' id='line_1_7' title="bbox 203 787 1860 856; baseline -0.001 -15"><span class='ocrx_word' id='word_1_44' title='bbox 203 790 312 856; x_wconf 92' lang='lat' dir='ltr'>tes,</span> <span class='ocrx_word' id='word_1_45' title='bbox 347 788 451 841; x_wconf 90' lang='lat' dir='ltr'>sed</span> <span class='ocrx_word' id='word_1_46' title='bbox 484 787 786 840; x_wconf 80' lang='lat' dir='ltr'>Christum</span> <span class='ocrx_word' id='word_1_47' title='bbox 818 788 952 855; x_wconf 89' lang='lat' dir='ltr'>pani</span> <span class='ocrx_word' id='word_1_48' title='bbox 982 790 1036 840; x_wconf 85' lang='lat' dir='ltr'>et</span> <span class='ocrx_word' id='word_1_49' title='bbox 1067 787 1203 840; x_wconf 88' lang='lat' dir='ltr'>vino</span> <span class='ocrx_word' id='word_1_50' title='bbox 1229 788 1701 851; x_wconf 86' lang='lat' dir='ltr'>commiscentes,</span> <span class='ocrx_word' id='word_1_51' title='bbox 1732 788 1860 839; x_wconf 86' lang='lat' dir='ltr'>tan-</span> 
     </span>
    </p>
   </div>
   <div class='ocr_carea' id='block_1_8' title="bbox 200 875 1857 947">
    <p class='ocr_par' dir='ltr' id='par_1_8' title="bbox 200 875 1857 947">
     <span class='ocr_line' id='line_1_8' title="bbox 200 875 1857 947; baseline 0.001 -19"><span class='ocrx_word' id='word_1_52' title='bbox 200 892 372 947; x_wconf 85' lang='lat' dir='ltr'>quam</span> <span class='ocrx_word' id='word_1_53' title='bbox 406 875 703 929; x_wconf 89' lang='lat' dir='ltr'>subtiliori</span> <span class='ocrx_word' id='word_1_54' title='bbox 735 876 962 929; x_wconf 79' lang='lat' dir='ltr'>ratione</span> <span class='ocrx_word' id='word_1_55' title='bbox 992 875 1269 929; x_wconf 68' lang='lat' dir='ltr'>haeresim</span> <span class='ocrx_word' id='word_1_56' title='bbox 1301 877 1540 929; x_wconf 91' lang='lat' dir='ltr'>alteram</span> <span class='ocrx_word' id='word_1_57' title='bbox 1578 875 1857 929; x_wconf 89' lang='lat' dir='ltr'>condide-</span> 
     </span>
    </p>
   </div>
   <div class='ocr_carea' id='block_1_9' title="bbox 201 963 1854 1034">
    <p class='ocr_par' dir='ltr' id='par_1_9' title="bbox 201 963 1854 1034">
     <span class='ocr_line' id='line_1_9' title="bbox 201 963 1854 1034; baseline -0.001 -16"><span class='ocrx_word' id='word_1_58' title='bbox 201 968 355 1019; x_wconf 90' lang='lat' dir='ltr'>runt.</span> <span class='ocrx_word' id='word_1_59' title='bbox 406 963 565 1027; x_wconf 89' lang='lat' dir='ltr'>Quos</span> <span class='ocrx_word' id='word_1_60' title='bbox 614 964 851 1034; x_wconf 84' lang='lat' dir='ltr'>quidem</span> <span class='ocrx_word' id='word_1_61' title='bbox 895 964 1042 1017; x_wconf 90' lang='lat' dir='ltr'>alios</span> <span class='ocrx_word' id='word_1_62' title='bbox 1082 965 1213 1018; x_wconf 90' lang='lat' dir='ltr'>dico</span> <span class='ocrx_word' id='word_1_63' title='bbox 1262 965 1429 1034; x_wconf 85' lang='lat' dir='ltr'>quasi</span> <span class='ocrx_word' id='word_1_64' title='bbox 1488 965 1599 1018; x_wconf 93' lang='lat' dir='ltr'>alio</span> <span class='ocrx_word' id='word_1_65' title='bbox 1654 979 1854 1017; x_wconf 88' lang='lat' dir='ltr'>errore</span> 
     </span>
    </p>
   </div>
   <div class='ocr_carea' id='block_1_10' title="bbox 197 1052 1853 1122">
    <p class='ocr_par' dir='ltr' id='par_1_10' title="bbox 197 1052 1853 1122">
     <span class='ocr_line' id='line_1_10' title="bbox 197 1052 1853 1122; baseline -0.001 -16"><span class='ocrx_word' id='word_1_66' title='bbox 197 1053 466 1106; x_wconf 92' lang='lat' dir='ltr'>detentos</span> <span class='ocrx_word' id='word_1_67' title='bbox 502 1068 513 1106; x_wconf 93' lang='lat'>:</span> <span class='ocrx_word' id='word_1_68' title='bbox 550 1068 682 1104; x_wconf 89' lang='lat' dir='ltr'>nam</span> <span class='ocrx_word' id='word_1_69' title='bbox 729 1052 875 1105; x_wconf 88' lang='lat' dir='ltr'>alias</span> <span class='ocrx_word' id='word_1_70' title='bbox 924 1052 1075 1105; x_wconf 90' lang='lat' dir='ltr'>idem</span> <span class='ocrx_word' id='word_1_71' title='bbox 1100 1058 1255 1106; x_wconf 87' lang='lat' dir='ltr'>sunt.</span> <span class='ocrx_word' id='word_1_72' title='bbox 1280 1053 1426 1106; x_wconf 88' lang='lat' dir='ltr'>Nam</span> <span class='ocrx_word' id='word_1_73' title='bbox 1457 1053 1706 1122; x_wconf 89' lang='lat' dir='ltr'>primum</span> <span class='ocrx_word' id='word_1_74' title='bbox 1728 1052 1853 1122; x_wconf 90' lang='lat' dir='ltr'>qui-</span> 
     </span>
    </p>
   </div>
   <div class='ocr_carea' id='block_1_11' title="bbox 199 1141 1850 1211">
    <p class='ocr_par' dir='ltr' id='par_1_11' title="bbox 199 1141 1850 1211">
     <span class='ocr_line' id='line_1_11' title="bbox 199 1141 1850 1211; baseline 0 -18"><span class='ocrx_word' id='word_1_75' title='bbox 199 1141 328 1195; x_wconf 89' lang='lat' dir='ltr'>dem</span> <span class='ocrx_word' id='word_1_76' title='bbox 360 1141 512 1209; x_wconf 88' lang='lat' dir='ltr'>apud</span> <span class='ocrx_word' id='word_1_77' title='bbox 548 1156 699 1210; x_wconf 91' lang='lat' dir='ltr'>quos</span> <span class='ocrx_word' id='word_1_78' title='bbox 727 1145 1000 1209; x_wconf 90' lang='lat' dir='ltr'>possunt,</span> <span class='ocrx_word' id='word_1_79' title='bbox 1035 1146 1551 1211; x_wconf 90' lang='lat' dir='ltr'>quantumcunque</span> <span class='ocrx_word' id='word_1_80' title='bbox 1581 1144 1850 1209; x_wconf 91' lang='lat' dir='ltr'>possunt,</span> 
     </span>
    </p>
   </div>
   <div class='ocr_carea' id='block_1_12' title="bbox 196 1228 1858 1299">
    <p class='ocr_par' dir='ltr' id='par_1_12' title="bbox 196 1228 1858 1299">
     <span class='ocr_line' id='line_1_12' title="bbox 196 1228 1858 1299; baseline 0 -17"><span class='ocrx_word' id='word_1_81' title='bbox 196 1228 341 1282; x_wconf 88' lang='lat' dir='ltr'>nihil</span> <span class='ocrx_word' id='word_1_82' title='bbox 371 1229 443 1282; x_wconf 88' lang='lat' dir='ltr'>de</span> <span class='ocrx_word' id='word_1_83' title='bbox 476 1244 726 1298; x_wconf 88' lang='lat' dir='ltr'>corpore</span> <span class='ocrx_word' id='word_1_84' title='bbox 754 1229 1120 1299; x_wconf 88' lang='lat' dir='ltr'>etsanguine</span> <span class='ocrx_word' id='word_1_85' title='bbox 1144 1229 1373 1283; x_wconf 82' lang='lat' dir='ltr'>Domini</span> <span class='ocrx_word' id='word_1_86' title='bbox 1393 1229 1858 1282; x_wconf 81' lang='lat' dir='ltr'>substantialiter</span> 
     </span>
    </p>
   </div>
   <div class='ocr_carea' id='block_1_13' title="bbox 196 1318 1855 1389">
    <p class='ocr_par' dir='ltr' id='par_1_13' title="bbox 196 1318 1855 1389">
     <span class='ocr_line' id='line_1_13' title="bbox 196 1318 1855 1389; baseline 0 -19"><span class='ocrx_word' id='word_1_87' title='bbox 196 1318 586 1371; x_wconf 84' lang='lat' dir='ltr'>sacramentis</span> <span class='ocrx_word' id='word_1_88' title='bbox 620 1318 820 1371; x_wconf 89' lang='lat' dir='ltr'>inesse</span> <span class='ocrx_word' id='word_1_89' title='bbox 870 1318 1247 1386; x_wconf 89' lang='lat' dir='ltr'>contendunt,</span> <span class='ocrx_word' id='word_1_90' title='bbox 1283 1318 1389 1372; x_wconf 86' lang='lat' dir='ltr'>sed</span> <span class='ocrx_word' id='word_1_91' title='bbox 1423 1318 1554 1371; x_wconf 89' lang='lat' dir='ltr'>inde</span> <span class='ocrx_word' id='word_1_92' title='bbox 1586 1318 1671 1389; x_wconf 89' lang='lat' dir='ltr'>(ut</span> <span class='ocrx_word' id='word_1_93' title='bbox 1700 1318 1855 1371; x_wconf 87' lang='lat' dir='ltr'>dixi-</span> 
     </span>
    </p>
   </div>
   <div class='ocr_carea' id='block_1_14' title="bbox 195 1405 1851 1477">
    <p class='ocr_par' dir='ltr' id='par_1_14' title="bbox 195 1405 1851 1477">
     <span class='ocr_line' id='line_1_14' title="bbox 195 1405 1851 1477; baseline 0 -18"><span class='ocrx_word' id='word_1_94' title='bbox 195 1408 351 1469; x_wconf 89' lang='lat' dir='ltr'>mus)</span> <span class='ocrx_word' id='word_1_95' title='bbox 376 1405 552 1475; x_wconf 85' lang='lat' dir='ltr'>pulsi,</span> <span class='ocrx_word' id='word_1_96' title='bbox 590 1407 915 1477; x_wconf 84' lang='lat' dir='ltr'>confugere</span> <span class='ocrx_word' id='word_1_97' title='bbox 941 1405 1162 1459; x_wconf 90' lang='lat' dir='ltr'>malunt</span> <span class='ocrx_word' id='word_1_98' title='bbox 1193 1407 1265 1460; x_wconf 90' lang='lat' dir='ltr'>ad</span> <span class='ocrx_word' id='word_1_99' title='bbox 1297 1406 1447 1460; x_wconf 90' lang='lat' dir='ltr'>hanc</span> <span class='ocrx_word' id='word_1_100' title='bbox 1478 1408 1851 1476; x_wconf 84' lang='lat' dir='ltr'>impietatem,</span> 
     </span>
    </p>
   </div>
   <div class='ocr_carea' id='block_1_15' title="bbox 193 1495 1855 1564">
    <p class='ocr_par' dir='ltr' id='par_1_15' title="bbox 193 1495 1855 1564">
     <span class='ocr_line' id='line_1_15' title="bbox 193 1495 1855 1564; baseline 0 -16"><span class='ocrx_word' id='word_1_101' title='bbox 193 1510 368 1564; x_wconf 85' lang='lat' dir='ltr'>quam</span> <span class='ocrx_word' id='word_1_102' title='bbox 401 1495 696 1548; x_wconf 80' lang='lat' dir='ltr'>sinceram</span> <span class='ocrx_word' id='word_1_103' title='bbox 722 1498 921 1549; x_wconf 90' lang='lat' dir='ltr'>tenere</span> <span class='ocrx_word' id='word_1_104' title='bbox 944 1511 1074 1548; x_wconf 92' lang='lat' dir='ltr'>cum</span> <span class='ocrx_word' id='word_1_105' title='bbox 1105 1495 1236 1548; x_wconf 90' lang='lat' dir='ltr'>aliis</span> <span class='ocrx_word' id='word_1_106' title='bbox 1263 1495 1603 1549; x_wconf 90' lang='lat' dir='ltr'>hominibus</span> <span class='ocrx_word' id='word_1_107' title='bbox 1625 1495 1855 1548; x_wconf 89' lang='lat' dir='ltr'>humili-</span> 
     </span>
    </p>
   </div>
   <div class='ocr_carea' id='block_1_16' title="bbox 193 1582 1853 1654">
    <p class='ocr_par' dir='ltr' id='par_1_16' title="bbox 193 1582 1853 1654">
     <span class='ocr_line' id='line_1_16' title="bbox 193 1582 1853 1654; baseline 0.002 -19"><span class='ocrx_word' id='word_1_108' title='bbox 193 1587 285 1636; x_wconf 85' lang='lat' dir='ltr'>ter</span> <span class='ocrx_word' id='word_1_109' title='bbox 325 1584 653 1637; x_wconf 86' lang='lat' dir='ltr'>veritatem.</span> <span class='ocrx_word' id='word_1_110' title='bbox 701 1582 889 1654; x_wconf 80' lang='lat' dir='ltr'>Cujus</span> <span class='ocrx_word' id='word_1_111' title='bbox 951 1584 1212 1637; x_wconf 74' lang='lat' dir='ltr'>vesaniae</span> <span class='ocrx_word' id='word_1_112' title='bbox 1258 1600 1496 1638; x_wconf 86' lang='lat' dir='ltr'>causam</span> <span class='ocrx_word' id='word_1_113' title='bbox 1548 1583 1853 1653; x_wconf 86' lang='lat' dir='ltr'>proferunt</span> 
     </span>
    </p>
   </div>
   <div class='ocr_carea' id='block_1_17' title="bbox 191 1670 1853 1744">
    <p class='ocr_par' dir='ltr' id='par_1_17' title="bbox 191 1670 1853 1744">
     <span class='ocr_line' id='line_1_17' title="bbox 191 1670 1853 1744; baseline 0.002 -21"><span class='ocrx_word' id='word_1_114' title='bbox 191 1670 345 1723; x_wconf 90' lang='lat' dir='ltr'>hanc</span> <span class='ocrx_word' id='word_1_115' title='bbox 379 1687 391 1724; x_wconf 89' lang='lat'>:</span> <span class='ocrx_word' id='word_1_116' title='bbox 429 1671 503 1724; x_wconf 88' lang='lat' dir='ltr'>Ut</span> <span class='ocrx_word' id='word_1_117' title='bbox 558 1687 665 1741; x_wconf 91' lang='lat' dir='ltr'>per</span> <span class='ocrx_word' id='word_1_118' title='bbox 723 1687 931 1741; x_wconf 89' lang='lat' dir='ltr'>panem</span> <span class='ocrx_word' id='word_1_119' title='bbox 980 1674 1035 1725; x_wconf 90' lang='lat' dir='ltr'>ct</span> <span class='ocrx_word' id='word_1_120' title='bbox 1092 1673 1313 1740; x_wconf 91' lang='lat' dir='ltr'>vinum,</span> <span class='ocrx_word' id='word_1_121' title='bbox 1370 1673 1668 1744; x_wconf 87' lang='lat' dir='ltr'>inquiunt,</span> <span class='ocrx_word' id='word_1_122' title='bbox 1719 1689 1853 1729; x_wconf 88' lang='lat' dir='ltr'>caro</span> 
     </span>
    </p>
   </div>
   <div class='ocr_carea' id='block_1_18' title="bbox 189 1757 1853 1831">
    <p class='ocr_par' dir='ltr' id='par_1_18' title="bbox 189 1757 1853 1831">
     <span class='ocr_line' id='line_1_18' title="bbox 189 1757 1853 1831; baseline 0.002 -20"><span class='ocrx_word' id='word_1_123' title='bbox 189 1757 409 1812; x_wconf 83' lang='lat' dir='ltr'>Christi</span> <span class='ocrx_word' id='word_1_124' title='bbox 436 1759 661 1813; x_wconf 88' lang='lat' dir='ltr'>comedi</span> <span class='ocrx_word' id='word_1_125' title='bbox 687 1762 742 1813; x_wconf 91' lang='lat' dir='ltr'>et</span> <span class='ocrx_word' id='word_1_126' title='bbox 764 1760 1011 1831; x_wconf 79' lang='lat' dir='ltr'>sanguis</span> <span class='ocrx_word' id='word_1_127' title='bbox 1032 1761 1249 1830; x_wconf 87' lang='lat' dir='ltr'>portari</span> <span class='ocrx_word' id='word_1_128' title='bbox 1269 1762 1478 1830; x_wconf 86' lang='lat' dir='ltr'>possit.</span> <span class='ocrx_word' id='word_1_129' title='bbox 1500 1760 1613 1814; x_wconf 87' lang='lat' dir='ltr'>Sed</span> <span class='ocrx_word' id='word_1_130' title='bbox 1639 1764 1696 1814; x_wconf 91' lang='lat' dir='ltr'>ut</span> <span class='ocrx_word' id='word_1_131' title='bbox 1715 1761 1853 1830; x_wconf 89' lang='lat' dir='ltr'>quid</span> 
     </span>
    </p>
   </div>
   <div class='ocr_carea' id='block_1_19' title="bbox 1982 602 3649 673">
    <p class='ocr_par' dir='ltr' id='par_1_19' title="bbox 1982 602 3649 673">
     <span class='ocr_line' id='line_1_19' title="bbox 1982 602 3649 673; baseline -0.002 -13"><span class='ocrx_word' id='word_1_132' title='bbox 1982 608 2288 660; x_wconf 90' lang='lat' dir='ltr'>commodo</span> <span class='ocrx_word' id='word_1_133' title='bbox 2318 605 2629 673; x_wconf 82' lang='lat' dir='ltr'>dividatur,</span> <span class='ocrx_word' id='word_1_134' title='bbox 2666 603 2933 673; x_wconf 83' lang='lat' dir='ltr'>exemplo</span> <span class='ocrx_word' id='word_1_135' title='bbox 2966 604 3132 655; x_wconf 83' lang='lat' dir='ltr'>vocis</span> <span class='ocrx_word' id='word_1_136' title='bbox 3166 604 3221 655; x_wconf 88' lang='lat' dir='ltr'>et</span> <span class='ocrx_word' id='word_1_137' title='bbox 3248 602 3478 672; x_wconf 80' lang='lat' dir='ltr'>animae,</span> <span class='ocrx_word' id='word_1_138' title='bbox 3517 618 3649 673; x_wconf 58' lang='lat' dir='ltr'>quas</span> 
     </span>
    </p>
   </div>
   <div class='ocr_carea' id='block_1_20' title="bbox 1981 689 3648 758">
    <p class='ocr_par' dir='ltr' id='par_1_20' title="bbox 1981 689 3648 758">
     <span class='ocr_line' id='line_1_20' title="bbox 1981 689 3648 758; baseline -0.001 -10"><span class='ocrx_word' id='word_1_139' title='bbox 1981 698 2119 748; x_wconf 66' lang='lat' dir='ltr'>totae</span> <span class='ocrx_word' id='word_1_140' title='bbox 2154 696 2210 747; x_wconf 90' lang='lat' dir='ltr'>in</span> <span class='ocrx_word' id='word_1_141' title='bbox 2244 693 2501 747; x_wconf 84' lang='lat' dir='ltr'>diversis</span> <span class='ocrx_word' id='word_1_142' title='bbox 2543 693 2690 746; x_wconf 85' lang='lat' dir='ltr'>locis</span> <span class='ocrx_word' id='word_1_143' title='bbox 2715 707 2851 745; x_wconf 84' lang='lat' dir='ltr'>esse</span> <span class='ocrx_word' id='word_1_144' title='bbox 2876 694 3172 758; x_wconf 90' lang='lat' dir='ltr'>possunt),</span> <span class='ocrx_word' id='word_1_145' title='bbox 3200 690 3257 742; x_wconf 91' lang='lat' dir='ltr'>in</span> <span class='ocrx_word' id='word_1_146' title='bbox 3283 689 3648 746; x_wconf 81' lang='lat' dir='ltr'>comedenda</span> 
     </span>
    </p>
   </div>
   <div class='ocr_carea' id='block_1_21' title="bbox 1980 779 3644 853">
    <p class='ocr_par' dir='ltr' id='par_1_21' title="bbox 1980 779 3644 853">
     <span class='ocr_line' id='line_1_21' title="bbox 1980 779 3644 853; baseline -0.001 -17"><span class='ocrx_word' id='word_1_147' title='bbox 1980 783 2329 853; x_wconf 80' lang='lat' dir='ltr'>negavimus</span> <span class='ocrx_word' id='word_1_148' title='bbox 2356 782 2555 846; x_wconf 88' lang='lat' dir='ltr'>minui,</span> <span class='ocrx_word' id='word_1_149' title='bbox 2579 779 2996 833; x_wconf 82' lang='lat' dir='ltr'>licetaltissimi</span> <span class='ocrx_word' id='word_1_150' title='bbox 3017 794 3196 831; x_wconf 86' lang='lat' dir='ltr'>causa</span> <span class='ocrx_word' id='word_1_151' title='bbox 3217 779 3504 848; x_wconf 78' lang='lat' dir='ltr'>mysterii,</span> <span class='ocrx_word' id='word_1_152' title='bbox 3528 796 3644 850; x_wconf 92' lang='lat' dir='ltr'>quo</span> 
     </span>
    </p>
   </div>
   <div class='ocr_carea' id='block_1_22' title="bbox 1982 866 3645 925">
    <p class='ocr_par' dir='ltr' id='par_1_22' title="bbox 1982 866 3645 925">
     <span class='ocr_line' id='line_1_22' title="bbox 1982 866 3645 925; baseline -0.002 0"><span class='ocrx_word' id='word_1_153' title='bbox 1982 874 2038 925; x_wconf 91' lang='lat' dir='ltr'>et</span> <span class='ocrx_word' id='word_1_154' title='bbox 2067 870 2401 923; x_wconf 81' lang='lat' dir='ltr'>infidelibus</span> <span class='ocrx_word' id='word_1_155' title='bbox 2433 873 2587 922; x_wconf 88' lang='lat' dir='ltr'>tanta</span> <span class='ocrx_word' id='word_1_156' title='bbox 2620 884 2715 921; x_wconf 88' lang='lat' dir='ltr'>res</span> <span class='ocrx_word' id='word_1_157' title='bbox 2741 867 3111 920; x_wconf 78' lang='lat' dir='ltr'>clauderetur</span> <span class='ocrx_word' id='word_1_158' title='bbox 3133 870 3187 919; x_wconf 91' lang='lat' dir='ltr'>et</span> <span class='ocrx_word' id='word_1_159' title='bbox 3206 866 3482 920; x_wconf 87' lang='lat' dir='ltr'>ﬁdelibus</span> <span class='ocrx_word' id='word_1_160' title='bbox 3506 867 3645 922; x_wconf 85' lang='lat' dir='ltr'>utile</span> 
     </span>
    </p>
   </div>
   <div class='ocr_carea' id='block_1_23' title="bbox 1982 955 3648 1027">
    <p class='ocr_par' dir='ltr' id='par_1_23' title="bbox 1982 955 3648 1027">
     <span class='ocr_line' id='line_1_23' title="bbox 1982 955 3648 1027; baseline -0.001 -15"><span class='ocrx_word' id='word_1_161' title='bbox 1982 960 2327 1012; x_wconf 85' lang='lat' dir='ltr'>exercitium</span> <span class='ocrx_word' id='word_1_162' title='bbox 2361 958 2711 1027; x_wconf 82' lang='lat' dir='ltr'>praebeatur,</span> <span class='ocrx_word' id='word_1_163' title='bbox 2742 957 2797 1010; x_wconf 90' lang='lat' dir='ltr'>id</span> <span class='ocrx_word' id='word_1_164' title='bbox 2821 956 3087 1009; x_wconf 89' lang='lat' dir='ltr'>videatur</span> <span class='ocrx_word' id='word_1_165' title='bbox 3102 956 3253 1008; x_wconf 84' lang='lat' dir='ltr'>ﬁeri.</span> <span class='ocrx_word' id='word_1_166' title='bbox 3281 955 3351 1008; x_wconf 86' lang='lat' dir='ltr'>Et</span> <span class='ocrx_word' id='word_1_167' title='bbox 3375 955 3648 1011; x_wconf 89' lang='lat' dir='ltr'>sicutisti</span> 
     </span>
    </p>
   </div>
   <div class='ocr_carea' id='block_1_24' title="bbox 1982 1043 3643 1119">
    <p class='ocr_par' dir='ltr' id='par_1_24' title="bbox 1982 1043 3643 1119">
     <span class='ocr_line' id='line_1_24' title="bbox 1982 1043 3643 1119; baseline -0.002 -17"><span class='ocrx_word' id='word_1_168' title='bbox 1982 1065 2200 1119; x_wconf 88' lang='lat' dir='ltr'>negaro</span> <span class='ocrx_word' id='word_1_169' title='bbox 2232 1050 2546 1117; x_wconf 86' lang='lat' dir='ltr'>nequeunt,</span> <span class='ocrx_word' id='word_1_170' title='bbox 2596 1061 2727 1099; x_wconf 90' lang='lat' dir='ltr'>cum</span> <span class='ocrx_word' id='word_1_171' title='bbox 2772 1061 2888 1098; x_wconf 91' lang='lat' dir='ltr'>uno</span> <span class='ocrx_word' id='word_1_172' title='bbox 2938 1047 3198 1114; x_wconf 89' lang='lat' dir='ltr'>tempore</span> <span class='ocrx_word' id='word_1_173' title='bbox 3240 1043 3398 1096; x_wconf 90' lang='lat' dir='ltr'>mille</span> <span class='ocrx_word' id='word_1_174' title='bbox 3439 1044 3643 1100; x_wconf 59' lang='lat' dir='ltr'>missae</span> 
     </span>
    </p>
   </div>
   <div class='ocr_carea' id='block_1_25' title="bbox 1980 1133 3644 1203">
    <p class='ocr_par' dir='ltr' id='par_1_25' title="bbox 1980 1133 3644 1203">
     <span class='ocr_line' id='line_1_25' title="bbox 1980 1133 3644 1203; baseline -0.002 -11"><span class='ocrx_word' id='word_1_175' title='bbox 1980 1139 2129 1192; x_wconf 91' lang='lat' dir='ltr'>locis</span> <span class='ocrx_word' id='word_1_176' title='bbox 2151 1135 2581 1189; x_wconf 82' lang='lat' dir='ltr'>diversissimis</span> <span class='ocrx_word' id='word_1_177' title='bbox 2603 1134 2992 1201; x_wconf 84' lang='lat' dir='ltr'>celebrentur,</span> <span class='ocrx_word' id='word_1_178' title='bbox 3020 1138 3073 1186; x_wconf 90' lang='lat' dir='ltr'>et</span> <span class='ocrx_word' id='word_1_179' title='bbox 3103 1136 3342 1203; x_wconf 88' lang='lat' dir='ltr'>propter</span> <span class='ocrx_word' id='word_1_180' title='bbox 3363 1133 3644 1188; x_wconf 88' lang='lat' dir='ltr'>diversos</span> 
     </span>
    </p>
   </div>
   <div class='ocr_carea' id='block_1_26' title="bbox 1979 1221 3645 1295">
    <p class='ocr_par' dir='ltr' id='par_1_26' title="bbox 1979 1221 3645 1295">
     <span class='ocr_line' id='line_1_26' title="bbox 1979 1221 3645 1295; baseline -0.002 -15"><span class='ocrx_word' id='word_1_181' title='bbox 1979 1228 2143 1281; x_wconf 90' lang='lat' dir='ltr'>locos</span> <span class='ocrx_word' id='word_1_182' title='bbox 2175 1241 2391 1295; x_wconf 89' lang='lat' dir='ltr'>corpus</span> <span class='ocrx_word' id='word_1_183' title='bbox 2426 1224 2792 1277; x_wconf 90' lang='lat' dir='ltr'>Dominicum</span> <span class='ocrx_word' id='word_1_184' title='bbox 2826 1222 3014 1275; x_wconf 87' lang='lat' dir='ltr'>videri</span> <span class='ocrx_word' id='word_1_185' title='bbox 3054 1223 3223 1292; x_wconf 90' lang='lat' dir='ltr'>quasi</span> <span class='ocrx_word' id='word_1_186' title='bbox 3274 1221 3552 1293; x_wconf 91' lang='lat' dir='ltr'>divisum,</span> <span class='ocrx_word' id='word_1_187' title='bbox 3586 1225 3645 1277; x_wconf 92' lang='lat' dir='ltr'>et</span> 
     </span>
    </p>
   </div>
   <div class='ocr_carea' id='block_1_27' title="bbox 1979 1310 3639 1382">
    <p class='ocr_par' dir='ltr' id='par_1_27' title="bbox 1979 1310 3639 1382">
     <span class='ocr_line' id='line_1_27' title="bbox 1979 1310 3639 1382; baseline -0.003 -12"><span class='ocrx_word' id='word_1_188' title='bbox 1979 1321 2171 1370; x_wconf 89' lang='lat' dir='ltr'>tamen</span> <span class='ocrx_word' id='word_1_189' title='bbox 2193 1314 2524 1367; x_wconf 87' lang='lat' dir='ltr'>nullatenus</span> <span class='ocrx_word' id='word_1_190' title='bbox 2547 1328 2686 1366; x_wconf 88' lang='lat' dir='ltr'>esse</span> <span class='ocrx_word' id='word_1_191' title='bbox 2709 1313 2983 1378; x_wconf 88' lang='lat' dir='ltr'>divisum,</span> <span class='ocrx_word' id='word_1_192' title='bbox 3002 1327 3133 1363; x_wconf 89' lang='lat' dir='ltr'>nam</span> <span class='ocrx_word' id='word_1_193' title='bbox 3150 1326 3279 1364; x_wconf 90' lang='lat' dir='ltr'>cum</span> <span class='ocrx_word' id='word_1_194' title='bbox 3304 1310 3360 1362; x_wconf 92' lang='lat' dir='ltr'>in</span> <span class='ocrx_word' id='word_1_195' title='bbox 3380 1311 3639 1382; x_wconf 87' lang='lat' dir='ltr'>singulis</span> 
     </span>
    </p>
   </div>
   <div class='ocr_carea' id='block_1_28' title="bbox 1978 1399 3636 1471">
    <p class='ocr_par' dir='ltr' id='par_1_28' title="bbox 1978 1399 3636 1471">
     <span class='ocr_line' id='line_1_28' title="bbox 1978 1399 3636 1471; baseline -0.003 -14"><span class='ocrx_word' id='word_1_196' title='bbox 1978 1404 2183 1457; x_wconf 91' lang='lat' dir='ltr'>missis</span> <span class='ocrx_word' id='word_1_197' title='bbox 2207 1407 2383 1456; x_wconf 89' lang='lat' dir='ltr'>totum</span> <span class='ocrx_word' id='word_1_198' title='bbox 2412 1401 2643 1471; x_wconf 88' lang='lat' dir='ltr'>sit,jam</span> <span class='ocrx_word' id='word_1_199' title='bbox 2668 1416 2784 1454; x_wconf 92' lang='lat' dir='ltr'>non</span> <span class='ocrx_word' id='word_1_200' title='bbox 2809 1416 2946 1454; x_wconf 89' lang='lat' dir='ltr'>esse</span> <span class='ocrx_word' id='word_1_201' title='bbox 2977 1415 3178 1467; x_wconf 83' lang='lat' dir='ltr'>unum;</span> <span class='ocrx_word' id='word_1_202' title='bbox 3211 1414 3392 1469; x_wconf 91' lang='lat' dir='ltr'>quare</span> <span class='ocrx_word' id='word_1_203' title='bbox 3422 1399 3636 1453; x_wconf 90' lang='lat' dir='ltr'>simili-</span> 
     </span>
    </p>
   </div>
   <div class='ocr_carea' id='block_1_29' title="bbox 1975 1488 3638 1559">
    <p class='ocr_par' dir='ltr' id='par_1_29' title="bbox 1975 1488 3638 1559">
     <span class='ocr_line' id='line_1_29' title="bbox 1975 1488 3638 1559; baseline -0.004 -12"><span class='ocrx_word' id='word_1_204' title='bbox 1975 1496 2067 1547; x_wconf 87' lang='lat' dir='ltr'>ter</span> <span class='ocrx_word' id='word_1_205' title='bbox 2089 1493 2415 1546; x_wconf 89' lang='lat' dir='ltr'>concedere</span> <span class='ocrx_word' id='word_1_206' title='bbox 2439 1506 2553 1544; x_wconf 90' lang='lat' dir='ltr'>non</span> <span class='ocrx_word' id='word_1_207' title='bbox 2575 1493 2847 1559; x_wconf 90' lang='lat' dir='ltr'>possunt,</span> <span class='ocrx_word' id='word_1_208' title='bbox 2881 1488 3021 1541; x_wconf 89' lang='lat' dir='ltr'>illud</span> <span class='ocrx_word' id='word_1_209' title='bbox 3044 1488 3101 1541; x_wconf 91' lang='lat' dir='ltr'>in</span> <span class='ocrx_word' id='word_1_210' title='bbox 3133 1504 3247 1541; x_wconf 92' lang='lat' dir='ltr'>uno</span> <span class='ocrx_word' id='word_1_211' title='bbox 3276 1503 3376 1541; x_wconf 89' lang='lat' dir='ltr'>ore</span> <span class='ocrx_word' id='word_1_212' title='bbox 3398 1491 3638 1557; x_wconf 89' lang='lat' dir='ltr'>propter</span> 
     </span>
    </p>
   </div>
   <div class='ocr_carea' id='block_1_30' title="bbox 1973 1576 3634 1648">
    <p class='ocr_par' dir='ltr' id='par_1_30' title="bbox 1973 1576 3634 1648">
     <span class='ocr_line' id='line_1_30' title="bbox 1973 1576 3634 1648; baseline -0.002 -13"><span class='ocrx_word' id='word_1_213' title='bbox 1973 1582 2313 1635; x_wconf 76' lang='lat' dir='ltr'>exercitium</span> <span class='ocrx_word' id='word_1_214' title='bbox 2355 1580 2510 1647; x_wconf 86' lang='lat' dir='ltr'>fidei,</span> <span class='ocrx_word' id='word_1_215' title='bbox 2558 1582 2613 1632; x_wconf 89' lang='lat' dir='ltr'>et</span> <span class='ocrx_word' id='word_1_216' title='bbox 2645 1579 2812 1648; x_wconf 83' lang='lat' dir='ltr'>quasi</span> <span class='ocrx_word' id='word_1_217' title='bbox 2855 1578 3109 1631; x_wconf 89' lang='lat' dir='ltr'>divisum</span> <span class='ocrx_word' id='word_1_218' title='bbox 3145 1576 3371 1646; x_wconf 90' lang='lat' dir='ltr'>sentiri,</span> <span class='ocrx_word' id='word_1_219' title='bbox 3414 1576 3634 1632; x_wconf 91' lang='lat' dir='ltr'>nullam</span> 
     </span>
    </p>
   </div>
   <div class='ocr_carea' id='block_1_31' title="bbox 1970 1666 3630 1737">
    <p class='ocr_par' dir='ltr' id='par_1_31' title="bbox 1970 1666 3630 1737">
     <span class='ocr_line' id='line_1_31' title="bbox 1970 1666 3630 1737; baseline -0.002 -13"><span class='ocrx_word' id='word_1_220' title='bbox 1970 1676 2159 1724; x_wconf 90' lang='lat' dir='ltr'>tamen</span> <span class='ocrx_word' id='word_1_221' title='bbox 2180 1669 2530 1723; x_wconf 81' lang='lat' dir='ltr'>divisionem</span> <span class='ocrx_word' id='word_1_222' title='bbox 2554 1668 2708 1737; x_wconf 79' lang='lat' dir='ltr'>pati?</span> <span class='ocrx_word' id='word_1_223' title='bbox 2732 1667 3066 1720; x_wconf 71' lang='lat' dir='ltr'>Vanissime</span> <span class='ocrx_word' id='word_1_224' title='bbox 3090 1682 3233 1737; x_wconf 90' lang='lat' dir='ltr'>ergo</span> <span class='ocrx_word' id='word_1_225' title='bbox 3257 1666 3427 1719; x_wconf 83' lang='lat' dir='ltr'>nefas</span> <span class='ocrx_word' id='word_1_226' title='bbox 3450 1667 3630 1736; x_wconf 92' lang='lat' dir='ltr'>istud,</span> 
     </span>
    </p>
   </div>
   <div class='ocr_carea' id='block_1_32' title="bbox 1968 1755 3630 1825">
    <p class='ocr_par' dir='ltr' id='par_1_32' title="bbox 1968 1755 3630 1825">
     <span class='ocr_line' id='line_1_32' title="bbox 1968 1755 3630 1825; baseline 0 -14"><span class='ocrx_word' id='word_1_227' title='bbox 1968 1759 2312 1815; x_wconf 82' lang='lat' dir='ltr'>attrectandi</span> <span class='ocrx_word' id='word_1_228' title='bbox 2348 1758 2575 1810; x_wconf 86' lang='lat' dir='ltr'>scilicet</span> <span class='ocrx_word' id='word_1_229' title='bbox 2624 1756 2918 1823; x_wconf 87' lang='lat' dir='ltr'>dentibus,</span> <span class='ocrx_word' id='word_1_230' title='bbox 2952 1756 3045 1809; x_wconf 89' lang='lat' dir='ltr'>vel</span> <span class='ocrx_word' id='word_1_231' title='bbox 3078 1755 3380 1809; x_wconf 88' lang='lat' dir='ltr'>minuendi</span> <span class='ocrx_word' id='word_1_232' title='bbox 3409 1771 3630 1825; x_wconf 85' lang='lat' dir='ltr'>corpus</span> 
     </span>
    </p>
   </div>
   <div class='ocr_carea' id='block_1_33' title="bbox 189 1843 3631 1930">
    <p class='ocr_par' dir='ltr' id='par_1_33' title="bbox 189 1843 3631 1930">
     <span class='ocr_line' id='line_1_33' title="bbox 189 1843 3631 1930; baseline -0.001 -30"><span class='ocrx_word' id='word_1_233' title='bbox 189 1846 283 1900; x_wconf 51' lang='lat' dir='ltr'>ha‘</span> <span class='ocrx_word' id='word_1_234' title='bbox 314 1864 344 1900; x_wconf 92' lang='lat' dir='ltr'>c</span> <span class='ocrx_word' id='word_1_235' title='bbox 389 1850 675 1902; x_wconf 83' lang='lat' dir='ltr'>causam?</span> <span class='ocrx_word' id='word_1_236' title='bbox 724 1848 915 1912; x_wconf 88' lang='lat' dir='ltr'>Quare</span> <span class='ocrx_word' id='word_1_237' title='bbox 960 1849 1114 1902; x_wconf 89' lang='lat' dir='ltr'>enim</span> <span class='ocrx_word' id='word_1_238' title='bbox 1164 1865 1269 1919; x_wconf 92' lang='lat' dir='ltr'>per</span> <span class='ocrx_word' id='word_1_239' title='bbox 1312 1866 1378 1903; x_wconf 91' lang='lat' dir='ltr'>se</span> <span class='ocrx_word' id='word_1_240' title='bbox 1409 1851 1538 1903; x_wconf 89' lang='lat' dir='ltr'>sine</span> <span class='ocrx_word' id='word_1_241' title='bbox 1583 1850 1852 1919; x_wconf 89' lang='lat' dir='ltr'>corporis</span> <span class='ocrx_word' id='word_1_242' title='bbox 1889 1870 1937 1930; x_wconf 80' lang='grc' dir='ltr'>Β</span> <span class='ocrx_word' id='word_1_243' title='bbox 1968 1848 2198 1901; x_wconf 90' lang='lat' dir='ltr'>Domini</span> <span class='ocrx_word' id='word_1_244' title='bbox 2233 1849 2516 1914; x_wconf 89' lang='lat' dir='ltr'>metuunt,</span> <span class='ocrx_word' id='word_1_245' title='bbox 2543 1861 2674 1898; x_wconf 90' lang='lat' dir='ltr'>cum</span> <span class='ocrx_word' id='word_1_246' title='bbox 2697 1848 2752 1898; x_wconf 89' lang='lat' dir='ltr'>et</span> <span class='ocrx_word' id='word_1_247' title='bbox 2778 1844 2972 1914; x_wconf 83' lang='lat' dir='ltr'>ipsum</span> <span class='ocrx_word' id='word_1_248' title='bbox 3003 1859 3219 1912; x_wconf 91' lang='lat' dir='ltr'>corpus</span> <span class='ocrx_word' id='word_1_249' title='bbox 3249 1843 3324 1897; x_wconf 89' lang='lat' dir='ltr'>sit</span> <span class='ocrx_word' id='word_1_250' title='bbox 3357 1846 3631 1898; x_wconf 89' lang='lat' dir='ltr'>attrecta-</span> 
     </span>
    </p>
   </div>
   <div class='ocr_carea' id='block_1_34' title="bbox 188 1935 1853 2008">
    <p class='ocr_par' dir='ltr' id='par_1_34' title="bbox 188 1935 1853 2008">
     <span class='ocr_line' id='line_1_34' title="bbox 188 1935 1853 2008; baseline 0.002 -20"><span class='ocrx_word' id='word_1_251' title='bbox 188 1935 435 1990; x_wconf 85' lang='lat' dir='ltr'>alterius</span> <span class='ocrx_word' id='word_1_252' title='bbox 467 1936 805 2007; x_wconf 88' lang='lat' dir='ltr'>adjumento</span> <span class='ocrx_word' id='word_1_253' title='bbox 840 1953 977 1992; x_wconf 89' lang='lat' dir='ltr'>caro</span> <span class='ocrx_word' id='word_1_254' title='bbox 1014 1938 1240 1992; x_wconf 91' lang='lat' dir='ltr'>Domini</span> <span class='ocrx_word' id='word_1_255' title='bbox 1266 1955 1378 1992; x_wconf 89' lang='lat' dir='ltr'>non</span> <span class='ocrx_word' id='word_1_256' title='bbox 1405 1940 1595 2008; x_wconf 84' lang='lat' dir='ltr'>possit</span> <span class='ocrx_word' id='word_1_257' title='bbox 1626 1938 1853 1992; x_wconf 89' lang='lat' dir='ltr'>comedi</span> 
     </span>
    </p>
   </div>
   <div class='ocr_carea' id='block_1_35' title="bbox 188 2026 1853 2099">
    <p class='ocr_par' dir='ltr' id='par_1_35' title="bbox 188 2026 1853 2099">
     <span class='ocr_line' id='line_1_35' title="bbox 188 2026 1853 2099; baseline 0.002 -22"><span class='ocrx_word' id='word_1_258' title='bbox 188 2030 248 2077; x_wconf 86' lang='lat' dir='ltr'>et</span> <span class='ocrx_word' id='word_1_259' title='bbox 290 2026 538 2095; x_wconf 86' lang='lat' dir='ltr'>sanguis</span> <span class='ocrx_word' id='word_1_260' title='bbox 589 2027 823 2093; x_wconf 82' lang='lat' dir='ltr'>potari‘?</span> <span class='ocrx_word' id='word_1_261' title='bbox 878 2026 938 2080; x_wconf 91' lang='lat' dir='ltr'>Si</span> <span class='ocrx_word' id='word_1_262' title='bbox 998 2029 1150 2080; x_wconf 91' lang='lat' dir='ltr'>enim</span> <span class='ocrx_word' id='word_1_263' title='bbox 1201 2028 1399 2081; x_wconf 86' lang='lat' dir='ltr'>carnis</span> <span class='ocrx_word' id='word_1_264' title='bbox 1442 2031 1497 2082; x_wconf 92' lang='lat' dir='ltr'>et</span> <span class='ocrx_word' id='word_1_265' title='bbox 1542 2028 1853 2099; x_wconf 88' lang='lat' dir='ltr'>sanguinis</span> 
     </span>
    </p>
   </div>
   <div class='ocr_carea' id='block_1_36' title="bbox 187 2112 1849 2182">
    <p class='ocr_par' dir='ltr' id='par_1_36' title="bbox 187 2112 1849 2182">
     <span class='ocr_line' id='line_1_36' title="bbox 187 2112 1849 2182; baseline 0.002 -17"><span class='ocrx_word' id='word_1_266' title='bbox 187 2112 498 2166; x_wconf 88' lang='lat' dir='ltr'>horrorem</span> <span class='ocrx_word' id='word_1_267' title='bbox 524 2117 805 2182; x_wconf 90' lang='lat' dir='ltr'>metuunt,</span> <span class='ocrx_word' id='word_1_268' title='bbox 845 2132 950 2169; x_wconf 90' lang='lat' dir='ltr'>cur</span> <span class='ocrx_word' id='word_1_269' title='bbox 984 2132 1101 2169; x_wconf 89' lang='lat' dir='ltr'>non</span> <span class='ocrx_word' id='word_1_270' title='bbox 1136 2115 1356 2169; x_wconf 81' lang='lat' dir='ltr'>sufficit</span> <span class='ocrx_word' id='word_1_271' title='bbox 1384 2116 1668 2170; x_wconf 79' lang='lat' dir='ltr'>Ecclesiae</span> <span class='ocrx_word' id='word_1_272' title='bbox 1700 2116 1849 2169; x_wconf 85' lang='lat' dir='ltr'>ratio</span> 
     </span>
    </p>
   </div>
   <div class='ocr_carea' id='block_1_37' title="bbox 186 2205 1849 2269">
    <p class='ocr_par' dir='ltr' id='par_1_37' title="bbox 186 2205 1849 2269">
     <span class='ocr_line' id='line_1_37' title="bbox 186 2205 1849 2269; baseline 0.003 -16"><span class='ocrx_word' id='word_1_273' title='bbox 186 2216 297 2269; x_wconf 89' lang='lat' dir='ltr'>per</span> <span class='ocrx_word' id='word_1_274' title='bbox 326 2205 592 2255; x_wconf 90' lang='lat' dir='ltr'>sanctum</span> <span class='ocrx_word' id='word_1_275' title='bbox 640 2205 1017 2257; x_wconf 83' lang='lat' dir='ltr'>Ambrosium</span> <span class='ocrx_word' id='word_1_276' title='bbox 1050 2205 1107 2257; x_wconf 90' lang='lat' dir='ltr'>in</span> <span class='ocrx_word' id='word_1_277' title='bbox 1154 2205 1302 2258; x_wconf 88' lang='lat' dir='ltr'>libro</span> <span class='ocrx_word' id='word_1_278' title='bbox 1336 2206 1416 2259; x_wconf 90' lang='lat' dir='ltr'>De</span> <span class='ocrx_word' id='word_1_279' title='bbox 1462 2206 1849 2259; x_wconf 86' lang='lat' dir='ltr'>sacramentis</span> 
     </span>
    </p>
   </div>
   <div class='ocr_carea' id='block_1_38' title="bbox 186 2289 1887 2362">
    <p class='ocr_par' dir='ltr' id='par_1_38' title="bbox 186 2289 1887 2362">
     <span class='ocr_line' id='line_1_38' title="bbox 186 2289 1887 2362; baseline 0.002 -20"><span class='ocrx_word' id='word_1_280' title='bbox 186 2289 547 2359; x_wconf 89' lang='lat' dir='ltr'>generaliter</span> <span class='ocrx_word' id='word_1_281' title='bbox 560 2292 1000 2360; x_wconf 85' lang='lat' dir='ltr'>respondentis;</span> <span class='ocrx_word' id='word_1_282' title='bbox 1015 2309 1212 2346; x_wconf 88' lang='lat' dir='ltr'>rerum</span> <span class='ocrx_word' id='word_1_283' title='bbox 1233 2294 1464 2362; x_wconf 88' lang='lat' dir='ltr'>quidem</span> <span class='ocrx_word' id='word_1_284' title='bbox 1486 2293 1849 2347; x_wconf 89' lang='lat' dir='ltr'>substantias</span> <span class='ocrx_word' id='word_1_285' title='bbox 1883 2316 1887 2319; x_wconf 92' lang='grc'><strong>·</strong></span> 
     </span>
    </p>
   </div>
   <div class='ocr_carea' id='block_1_39' title="bbox 184 2379 1845 2451">
    <p class='ocr_par' dir='ltr' id='par_1_39' title="bbox 184 2379 1845 2451">
     <span class='ocr_line' id='line_1_39' title="bbox 184 2379 1845 2451; baseline 0.003 -22"><span class='ocrx_word' id='word_1_286' title='bbox 184 2379 421 2446; x_wconf 89' lang='lat' dir='ltr'>mutari,</span> <span class='ocrx_word' id='word_1_287' title='bbox 467 2380 570 2433; x_wconf 90' lang='lat' dir='ltr'>sed</span> <span class='ocrx_word' id='word_1_288' title='bbox 603 2384 840 2449; x_wconf 89' lang='lat' dir='ltr'>propter</span> <span class='ocrx_word' id='word_1_289' title='bbox 887 2381 1215 2447; x_wconf 89' lang='lat' dir='ltr'>horrorem,</span> <span class='ocrx_word' id='word_1_290' title='bbox 1250 2383 1505 2450; x_wconf 89' lang='lat' dir='ltr'>priorem</span> <span class='ocrx_word' id='word_1_291' title='bbox 1553 2397 1845 2451; x_wconf 91' lang='lat' dir='ltr'>saporem,</span> 
     </span>
    </p>
   </div>
   <div class='ocr_carea' id='block_1_40' title="bbox 185 2467 1847 2539">
    <p class='ocr_par' dir='ltr' id='par_1_40' title="bbox 185 2467 1847 2539">
     <span class='ocr_line' id='line_1_40' title="bbox 185 2467 1847 2539; baseline 0.004 -21"><span class='ocrx_word' id='word_1_292' title='bbox 185 2467 566 2537; x_wconf 78' lang='lat' dir='ltr'>coloremque</span> <span class='ocrx_word' id='word_1_293' title='bbox 587 2473 640 2521; x_wconf 89' lang='lat' dir='ltr'>et</span> <span class='ocrx_word' id='word_1_294' title='bbox 664 2474 876 2522; x_wconf 71' lang='lat' dir='ltr'>caetera</span> <span class='ocrx_word' id='word_1_295' title='bbox 899 2471 1165 2539; x_wconf 65' lang='lat' dir='ltr'>quaedam</span> <span class='ocrx_word' id='word_1_296' title='bbox 1189 2470 1510 2523; x_wconf 87' lang='lat' dir='ltr'>accidentia</span> <span class='ocrx_word' id='word_1_297' title='bbox 1536 2471 1603 2523; x_wconf 90' lang='lat' dir='ltr'>ad</span> <span class='ocrx_word' id='word_1_298' title='bbox 1630 2486 1847 2523; x_wconf 82' lang='lat' dir='ltr'>sensus</span> 
     </span>
    </p>
   </div>
   <div class='ocr_carea' id='block_1_41' title="bbox 181 2554 1849 2627">
    <p class='ocr_par' dir='ltr' id='par_1_41' title="bbox 181 2554 1849 2627">
     <span class='ocr_line' id='line_1_41' title="bbox 181 2554 1849 2627; baseline 0.004 -21"><span class='ocrx_word' id='word_1_299' title='bbox 181 2554 466 2608; x_wconf 81' lang='lat' dir='ltr'>duntaxat</span> <span class='ocrx_word' id='word_1_300' title='bbox 496 2558 843 2625; x_wconf 85' lang='lat' dir='ltr'>pertinentia</span> <span class='ocrx_word' id='word_1_301' title='bbox 890 2558 1179 2612; x_wconf 82' lang='lat' dir='ltr'>retineri?</span> <span class='ocrx_word' id='word_1_302' title='bbox 1211 2560 1268 2611; x_wconf 79' lang='lat' dir='ltr'>Si</span> <span class='ocrx_word' id='word_1_303' title='bbox 1321 2574 1460 2612; x_wconf 85' lang='lat' dir='ltr'>vero</span> <span class='ocrx_word' id='word_1_304' title='bbox 1491 2559 1849 2627; x_wconf 79' lang='lat' dir='ltr'>respondent</span> 
     </span>
    </p>
   </div>
   <div class='ocr_carea' id='block_1_42' title="bbox 178 2642 1852 2716">
    <p class='ocr_par' dir='ltr' id='par_1_42' title="bbox 178 2642 1852 2716">
     <span class='ocr_line' id='line_1_42' title="bbox 178 2642 1852 2716; baseline 0.004 -21"><span class='ocrx_word' id='word_1_305' title='bbox 178 2642 245 2695; x_wconf 89' lang='lat' dir='ltr'>id</span> <span class='ocrx_word' id='word_1_306' title='bbox 277 2660 393 2696; x_wconf 92' lang='lat' dir='ltr'>non</span> <span class='ocrx_word' id='word_1_307' title='bbox 422 2660 600 2713; x_wconf 89' lang='lat' dir='ltr'>posse</span> <span class='ocrx_word' id='word_1_308' title='bbox 629 2645 755 2699; x_wconf 89' lang='lat' dir='ltr'>fieri</span> <span class='ocrx_word' id='word_1_309' title='bbox 789 2651 846 2699; x_wconf 90' lang='lat' dir='ltr'>ut</span> <span class='ocrx_word' id='word_1_310' title='bbox 880 2647 935 2698; x_wconf 90' lang='lat' dir='ltr'>in</span> <span class='ocrx_word' id='word_1_311' title='bbox 965 2646 1078 2699; x_wconf 89' lang='lat' dir='ltr'>alio</span> <span class='ocrx_word' id='word_1_312' title='bbox 1111 2647 1381 2700; x_wconf 88' lang='lat' dir='ltr'>videlicet</span> <span class='ocrx_word' id='word_1_313' title='bbox 1412 2662 1657 2716; x_wconf 87' lang='lat' dir='ltr'>corpore</span> <span class='ocrx_word' id='word_1_314' title='bbox 1689 2648 1852 2701; x_wconf 93' lang='lat' dir='ltr'>color</span> 
     </span>
    </p>
   </div>
   <div class='ocr_carea' id='block_1_43' title="bbox 181 2731 1847 2801">
    <p class='ocr_par' dir='ltr' id='par_1_43' title="bbox 181 2731 1847 2801">
     <span class='ocr_line' id='line_1_43' title="bbox 181 2731 1847 2801; baseline 0.002 -17"><span class='ocrx_word' id='word_1_315' title='bbox 181 2733 244 2784; x_wconf 90' lang='lat' dir='ltr'>et</span> <span class='ocrx_word' id='word_1_316' title='bbox 268 2746 447 2798; x_wconf 89' lang='lat' dir='ltr'>sapor</span> <span class='ocrx_word' id='word_1_317' title='bbox 468 2731 620 2785; x_wconf 90' lang='lat' dir='ltr'>alius</span> <span class='ocrx_word' id='word_1_318' title='bbox 644 2733 913 2800; x_wconf 86' lang='lat' dir='ltr'>corporis</span> <span class='ocrx_word' id='word_1_319' title='bbox 936 2736 1219 2800; x_wconf 88' lang='lat' dir='ltr'>teneatur,</span> <span class='ocrx_word' id='word_1_320' title='bbox 1246 2734 1503 2786; x_wconf 86' lang='lat' dir='ltr'>divinam</span> <span class='ocrx_word' id='word_1_321' title='bbox 1527 2750 1847 2801; x_wconf 84' lang='lat' dir='ltr'>possumus</span> 
     </span>
    </p>
   </div>
   <div class='ocr_carea' id='block_1_44' title="bbox 179 2818 1846 2889">
    <p class='ocr_par' dir='ltr' id='par_1_44' title="bbox 179 2818 1846 2889">
     <span class='ocr_line' id='line_1_44' title="bbox 179 2818 1846 2889; baseline 0.002 -17"><span class='ocrx_word' id='word_1_322' title='bbox 179 2818 275 2872; x_wconf 89' lang='lat' dir='ltr'>eis</span> <span class='ocrx_word' id='word_1_323' title='bbox 306 2819 565 2873; x_wconf 86' lang='lat' dir='ltr'>breviter</span> <span class='ocrx_word' id='word_1_324' title='bbox 596 2820 892 2889; x_wconf 75' lang='lat' dir='ltr'>objectare</span> <span class='ocrx_word' id='word_1_325' title='bbox 917 2822 1251 2889; x_wconf 87' lang='lat' dir='ltr'>potentiam.</span> <span class='ocrx_word' id='word_1_326' title='bbox 1278 2821 1383 2875; x_wconf 88' lang='lat' dir='ltr'>Cui</span> <span class='ocrx_word' id='word_1_327' title='bbox 1418 2823 1466 2875; x_wconf 88' lang='lat' dir='ltr'>si</span> <span class='ocrx_word' id='word_1_328' title='bbox 1497 2823 1846 2887; x_wconf 88' lang='lat' dir='ltr'>concedunt,</span> 
     </span>
    </p>
   </div>
   <div class='ocr_carea' id='block_1_45' title="bbox 179 2907 1850 2983">
    <p class='ocr_par' dir='ltr' id='par_1_45' title="bbox 179 2907 1850 2983">
     <span class='ocr_line' id='line_1_45' title="bbox 179 2907 1850 2983; baseline 0.002 -22"><span class='ocrx_word' id='word_1_329' title='bbox 179 2908 363 2961; x_wconf 81' lang='lat' dir='ltr'>ﬁnem</span> <span class='ocrx_word' id='word_1_330' title='bbox 397 2907 614 2961; x_wconf 82' lang='lat' dir='ltr'>faciant</span> <span class='ocrx_word' id='word_1_331' title='bbox 647 2909 982 2979; x_wconf 68' lang='lat' dir='ltr'>quaestioni.</span> <span class='ocrx_word' id='word_1_332' title='bbox 1030 2910 1131 2964; x_wconf 89' lang='lat' dir='ltr'>Sin</span> <span class='ocrx_word' id='word_1_333' title='bbox 1166 2914 1355 2963; x_wconf 89' lang='lat' dir='ltr'>autem</span> <span class='ocrx_word' id='word_1_334' title='bbox 1406 2912 1711 2983; x_wconf 89' lang='lat' dir='ltr'>derogant,</span> <span class='ocrx_word' id='word_1_335' title='bbox 1745 2928 1850 2965; x_wconf 90' lang='lat' dir='ltr'>au-</span> 
     </span>
    </p>
   </div>
   <div class='ocr_carea' id='block_1_46' title="bbox 176 2996 1850 3070">
    <p class='ocr_par' dir='ltr' id='par_1_46' title="bbox 176 2996 1850 3070">
     <span class='ocr_line' id='line_1_46' title="bbox 176 2996 1850 3070; baseline 0.004 -22"><span class='ocrx_word' id='word_1_336' title='bbox 176 2996 347 3049; x_wconf 90' lang='lat' dir='ltr'>diant</span> <span class='ocrx_word' id='word_1_337' title='bbox 364 2998 648 3066; x_wconf 88' lang='lat' dir='ltr'>scriptum</span> <span class='ocrx_word' id='word_1_338' title='bbox 693 3014 704 3051; x_wconf 92' lang='lat'>:</span> <span class='ocrx_word' id='word_1_339' title='bbox 743 2998 887 3062; x_wconf 86' lang='lat' dir='ltr'>Quia</span> <span class='ocrx_word' id='word_1_340' title='bbox 916 2999 1105 3052; x_wconf 82' lang='lat' dir='ltr'>omnia</span> <span class='ocrx_word' id='word_1_341' title='bbox 1140 3015 1494 3070; x_wconf 70' lang='lat' dir='ltr'>quwcnnque</span> <span class='ocrx_word' id='word_1_342' title='bbox 1532 3000 1709 3054; x_wconf 74' lang='lat' dir='ltr'>voluit</span> <span class='ocrx_word' id='word_1_343' title='bbox 1740 3001 1850 3054; x_wconf 91' lang='lat' dir='ltr'>Do-</span> 
     </span>
    </p>
   </div>
   <div class='ocr_carea' id='block_1_47' title="bbox 174 3085 1848 3158">
    <p class='ocr_par' dir='ltr' id='par_1_47' title="bbox 174 3085 1848 3158">
     <span class='ocr_line' id='line_1_47' title="bbox 174 3085 1848 3158; baseline 0.004 -21"><span class='ocrx_word' id='word_1_344' title='bbox 174 3085 401 3153; x_wconf 80' lang='lat' dir='ltr'>minus,</span> <span class='ocrx_word' id='word_1_345' title='bbox 455 3085 600 3139; x_wconf 77' lang='lat' dir='ltr'>fecit</span> <span class='ocrx_word' id='word_1_346' title='bbox 631 3087 692 3139; x_wconf 85' lang='lat' dir='ltr'>in</span> <span class='ocrx_word' id='word_1_347' title='bbox 743 3087 887 3141; x_wconf 72' lang='lat' dir='ltr'>coelo</span> <span class='ocrx_word' id='word_1_348' title='bbox 930 3094 987 3141; x_wconf 72' lang='lat' dir='ltr'>et</span> <span class='ocrx_word' id='word_1_349' title='bbox 1036 3088 1097 3141; x_wconf 87' lang='lat' dir='ltr'>in</span> <span class='ocrx_word' id='word_1_350' title='bbox 1141 3095 1306 3141; x_wconf 78' lang='lat' dir='ltr'>terra</span> <span class='ocrx_word' id='word_1_351' title='bbox 1352 3088 1748 3158; x_wconf 82' lang='lat' dir='ltr'>(Psal.cxm),</span> <span class='ocrx_word' id='word_1_352' title='bbox 1795 3094 1848 3143; x_wconf 91' lang='lat' dir='ltr'>et</span> 
     </span>
    </p>
   </div>
   <div class='ocr_carea' id='block_1_48' title="bbox 175 3174 1845 3247">
    <p class='ocr_par' dir='ltr' id='par_1_48' title="bbox 175 3174 1845 3247">
     <span class='ocr_line' id='line_1_48' title="bbox 175 3174 1845 3247; baseline 0.003 -21"><span class='ocrx_word' id='word_1_353' title='bbox 175 3178 400 3227; x_wconf 79' lang='lat' dir='ltr'>caetera</span> <span class='ocrx_word' id='word_1_354' title='bbox 430 3174 608 3227; x_wconf 88' lang='lat' dir='ltr'>multa</span> <span class='ocrx_word' id='word_1_355' title='bbox 640 3191 771 3245; x_wconf 79' lang='lat' dir='ltr'>quae</span> <span class='ocrx_word' id='word_1_356' title='bbox 794 3174 919 3244; x_wconf 88' lang='lat' dir='ltr'>jam</span> <span class='ocrx_word' id='word_1_357' title='bbox 953 3176 1011 3228; x_wconf 92' lang='lat' dir='ltr'>in</span> <span class='ocrx_word' id='word_1_358' title='bbox 1039 3176 1329 3245; x_wconf 89' lang='lat' dir='ltr'>principio</span> <span class='ocrx_word' id='word_1_359' title='bbox 1363 3177 1542 3247; x_wconf 90' lang='lat' dir='ltr'>hujus</span> <span class='ocrx_word' id='word_1_360' title='bbox 1576 3179 1845 3247; x_wconf 89' lang='lat' dir='ltr'>opusculi</span> 
     </span>
    </p>
   </div>
   <div class='ocr_carea' id='block_1_49' title="bbox 166 3262 1847 3336">
    <p class='ocr_par' dir='ltr' id='par_1_49' title="bbox 166 3262 1847 3336">
     <span class='ocr_line' id='line_1_49' title="bbox 166 3262 1847 3336; baseline 0.002 -20"><span class='ocrx_word' id='word_1_361' title='bbox 166 3267 384 3316; x_wconf 89' lang='lat' dir='ltr'>contra</span> <span class='ocrx_word' id='word_1_362' title='bbox 418 3262 821 3333; x_wconf 89' lang='lat' dir='ltr'>blasphemias</span> <span class='ocrx_word' id='word_1_363' title='bbox 871 3264 1121 3318; x_wconf 90' lang='lat' dir='ltr'>istorum</span> <span class='ocrx_word' id='word_1_364' title='bbox 1174 3266 1321 3318; x_wconf 91' lang='lat' dir='ltr'>satis</span> <span class='ocrx_word' id='word_1_365' title='bbox 1368 3266 1717 3336; x_wconf 86' lang='lat' dir='ltr'>abundeque</span> <span class='ocrx_word' id='word_1_366' title='bbox 1749 3282 1847 3319; x_wconf 90' lang='lat' dir='ltr'>re-</span> 
     </span>
    </p>
   </div>
   <div class='ocr_carea' id='block_1_50' title="bbox 168 3352 1846 3423">
    <p class='ocr_par' dir='ltr' id='par_1_50' title="bbox 168 3352 1846 3423">
     <span class='ocr_line' id='line_1_50' title="bbox 168 3352 1846 3423; baseline 0.002 -18"><span class='ocrx_word' id='word_1_367' title='bbox 168 3352 551 3421; x_wconf 87' lang='lat' dir='ltr'>spondimus.</span> <span class='ocrx_word' id='word_1_368' title='bbox 586 3352 872 3407; x_wconf 91' lang='lat' dir='ltr'>Uttamen</span> <span class='ocrx_word' id='word_1_369' title='bbox 896 3354 953 3407; x_wconf 89' lang='lat' dir='ltr'>et</span> <span class='ocrx_word' id='word_1_370' title='bbox 1008 3352 1294 3422; x_wconf 86' lang='lat' dir='ltr'>exemplis</span> <span class='ocrx_word' id='word_1_371' title='bbox 1324 3368 1423 3408; x_wconf 89' lang='lat' dir='ltr'>res</span> <span class='ocrx_word' id='word_1_372' title='bbox 1470 3354 1704 3423; x_wconf 89' lang='lat' dir='ltr'>clareat,</span> <span class='ocrx_word' id='word_1_373' title='bbox 1756 3355 1846 3408; x_wconf 91' lang='lat' dir='ltr'>di-</span> 
     </span>
    </p>
   </div>
   <div class='ocr_carea' id='block_1_51' title="bbox 171 3438 1845 3513">
    <p class='ocr_par' dir='ltr' id='par_1_51' title="bbox 171 3438 1845 3513">
     <span class='ocr_line' id='line_1_51' title="bbox 171 3438 1845 3513; baseline 0.004 -21"><span class='ocrx_word' id='word_1_374' title='bbox 171 3442 440 3510; x_wconf 87' lang='lat' dir='ltr'>gnentur</span> <span class='ocrx_word' id='word_1_375' title='bbox 467 3440 764 3494; x_wconf 89' lang='lat' dir='ltr'>attendere</span> <span class='ocrx_word' id='word_1_376' title='bbox 795 3441 949 3511; x_wconf 91' lang='lat' dir='ltr'>quod</span> <span class='ocrx_word' id='word_1_377' title='bbox 980 3441 1050 3495; x_wconf 92' lang='lat' dir='ltr'>de</span> <span class='ocrx_word' id='word_1_378' title='bbox 1082 3438 1292 3494; x_wconf 85' lang='lat' dir='ltr'>manna</span> <span class='ocrx_word' id='word_1_379' title='bbox 1318 3442 1538 3513; x_wconf 87' lang='lat' dir='ltr'>legitur</span> <span class='ocrx_word' id='word_1_380' title='bbox 1569 3445 1845 3513; x_wconf 89' lang='lat' dir='ltr'>quoniam</span> 
     </span>
    </p>
   </div>
   <div class='ocr_carea' id='block_1_52' title="bbox 167 3528 1846 3599">
    <p class='ocr_par' dir='ltr' id='par_1_52' title="bbox 167 3528 1846 3599">
     <span class='ocr_line' id='line_1_52' title="bbox 167 3528 1846 3599; baseline 0.004 -18"><span class='ocrx_word' id='word_1_381' title='bbox 167 3528 254 3582; x_wconf 85' lang='lat' dir='ltr'>ad</span> <span class='ocrx_word' id='word_1_382' title='bbox 285 3533 491 3582; x_wconf 91' lang='lat' dir='ltr'>nutum</span> <span class='ocrx_word' id='word_1_383' title='bbox 524 3530 887 3583; x_wconf 89' lang='lat' dir='ltr'>comedentis</span> <span class='ocrx_word' id='word_1_384' title='bbox 918 3530 1315 3599; x_wconf 88' lang='lat' dir='ltr'>quorumlibet</span> <span class='ocrx_word' id='word_1_385' title='bbox 1363 3532 1421 3583; x_wconf 90' lang='lat' dir='ltr'>in</span> <span class='ocrx_word' id='word_1_386' title='bbox 1456 3546 1524 3584; x_wconf 91' lang='lat' dir='ltr'>eo</span> <span class='ocrx_word' id='word_1_387' title='bbox 1578 3532 1846 3586; x_wconf 89' lang='lat' dir='ltr'>ciborum</span> 
     </span>
    </p>
   </div>
   <div class='ocr_carea' id='block_1_53' title="bbox 167 3618 1847 3691">
    <p class='ocr_par' dir='ltr' id='par_1_53' title="bbox 167 3618 1847 3691">
     <span class='ocr_line' id='line_1_53' title="bbox 167 3618 1847 3691; baseline 0.002 -20"><span class='ocrx_word' id='word_1_388' title='bbox 167 3618 457 3671; x_wconf 84' lang='lat' dir='ltr'>continuo</span> <span class='ocrx_word' id='word_1_389' title='bbox 476 3633 654 3687; x_wconf 91' lang='lat' dir='ltr'>sapor</span> <span class='ocrx_word' id='word_1_390' title='bbox 674 3618 1102 3672; x_wconf 88' lang='lat' dir='ltr'>alternabat.Ut</span> <span class='ocrx_word' id='word_1_391' title='bbox 1123 3619 1302 3689; x_wconf 89' lang='lat' dir='ltr'>igitur</span> <span class='ocrx_word' id='word_1_392' title='bbox 1320 3619 1543 3673; x_wconf 88' lang='lat' dir='ltr'>altioris</span> <span class='ocrx_word' id='word_1_393' title='bbox 1580 3623 1847 3691; x_wconf 75' lang='lat' dir='ltr'>mysterii</span> 
     </span>
    </p>
   </div>
   <div class='ocr_carea' id='block_1_54' title="bbox 166 3705 1841 3778">
    <p class='ocr_par' dir='ltr' id='par_1_54' title="bbox 166 3705 1841 3778">
     <span class='ocr_line' id='line_1_54' title="bbox 166 3705 1841 3778; baseline 0.002 -18"><span class='ocrx_word' id='word_1_394' title='bbox 166 3721 419 3773; x_wconf 82' lang='lat' dir='ltr'>causas,</span> <span class='ocrx_word' id='word_1_395' title='bbox 445 3705 743 3775; x_wconf 88' lang='lat' dir='ltr'>divinique</span> <span class='ocrx_word' id='word_1_396' title='bbox 763 3706 995 3760; x_wconf 89' lang='lat' dir='ltr'>consilii</span> <span class='ocrx_word' id='word_1_397' title='bbox 1020 3707 1462 3776; x_wconf 81' lang='lat' dir='ltr'>profundiorem</span> <span class='ocrx_word' id='word_1_398' title='bbox 1495 3709 1841 3778; x_wconf 89' lang='lat' dir='ltr'>sapientiam</span> 
     </span>
    </p>
   </div>
   <div class='ocr_carea' id='block_1_55' title="bbox 164 3793 1844 3867">
    <p class='ocr_par' dir='ltr' id='par_1_55' title="bbox 164 3793 1844 3867">
     <span class='ocr_line' id='line_1_55' title="bbox 164 3793 1844 3867; baseline 0.002 -20"><span class='ocrx_word' id='word_1_399' title='bbox 164 3793 344 3864; x_wconf 74' lang='lat' dir='ltr'>(Sep.</span> <span class='ocrx_word' id='word_1_400' title='bbox 366 3795 465 3860; x_wconf 70' lang='lat' dir='ltr'>vx).</span> <span class='ocrx_word' id='word_1_401' title='bbox 496 3794 551 3845; x_wconf 88' lang='lat' dir='ltr'>in</span> <span class='ocrx_word' id='word_1_402' title='bbox 584 3798 863 3864; x_wconf 90' lang='lat' dir='ltr'>quantum</span> <span class='ocrx_word' id='word_1_403' title='bbox 887 3795 1027 3847; x_wconf 89' lang='lat' dir='ltr'>mihi</span> <span class='ocrx_word' id='word_1_404' title='bbox 1052 3796 1267 3867; x_wconf 87' lang='lat' dir='ltr'>exiguo</span> <span class='ocrx_word' id='word_1_405' title='bbox 1302 3797 1456 3849; x_wconf 91' lang='lat' dir='ltr'>scire</span> <span class='ocrx_word' id='word_1_406' title='bbox 1500 3798 1844 3851; x_wconf 90' lang='lat' dir='ltr'>conceditur</span> 
     </span>
    </p>
   </div>
   <div class='ocr_carea' id='block_1_56' title="bbox 164 3883 1839 3950">
    <p class='ocr_par' dir='ltr' id='par_1_56' title="bbox 164 3883 1839 3950">
     <span class='ocr_line' id='line_1_56' title="bbox 164 3883 1839 3950; baseline 0.001 -14"><span class='ocrx_word' id='word_1_407' title='bbox 164 3883 409 3950; x_wconf 89' lang='lat' dir='ltr'>sileam,</span> <span class='ocrx_word' id='word_1_408' title='bbox 441 3883 594 3936; x_wconf 90' lang='lat' dir='ltr'>sicut</span> <span class='ocrx_word' id='word_1_409' title='bbox 627 3883 707 3936; x_wconf 91' lang='lat' dir='ltr'>ibi</span> <span class='ocrx_word' id='word_1_410' title='bbox 745 3883 1166 3937; x_wconf 86' lang='lat' dir='ltr'>consulebatur</span> <span class='ocrx_word' id='word_1_411' title='bbox 1195 3885 1495 3938; x_wconf 87' lang='lat' dir='ltr'>hominum</span> <span class='ocrx_word' id='word_1_412' title='bbox 1518 3886 1839 3939; x_wconf 88' lang='lat' dir='ltr'>carnalium</span> 
     </span>
    </p>
   </div>
   <div class='ocr_carea' id='block_1_57' title="bbox 158 3971 1842 4040">
    <p class='ocr_par' dir='ltr' id='par_1_57' title="bbox 158 3971 1842 4040">
     <span class='ocr_line' id='line_1_57' title="bbox 158 3971 1842 4040; baseline 0.002 -16"><span class='ocrx_word' id='word_1_413' title='bbox 158 3971 482 4040; x_wconf 75' lang='lat' dir='ltr'>voluptati,</span> <span class='ocrx_word' id='word_1_414' title='bbox 502 3971 579 4025; x_wconf 90' lang='lat' dir='ltr'>ita</span> <span class='ocrx_word' id='word_1_415' title='bbox 603 3976 658 4024; x_wconf 90' lang='lat' dir='ltr'>et</span> <span class='ocrx_word' id='word_1_416' title='bbox 681 3972 777 4024; x_wconf 92' lang='lat' dir='ltr'>hic</span> <span class='ocrx_word' id='word_1_417' title='bbox 808 3973 1144 4026; x_wconf 90' lang='lat' dir='ltr'>consulitur</span> <span class='ocrx_word' id='word_1_418' title='bbox 1180 3973 1547 4027; x_wconf 84' lang='lat' dir='ltr'>infirmorum</span> <span class='ocrx_word' id='word_1_419' title='bbox 1573 3975 1842 4029; x_wconf 90' lang='lat' dir='ltr'>necessi-</span> 
     </span>
    </p>
   </div>
   <div class='ocr_carea' id='block_1_58' title="bbox 156 4060 1839 4131">
    <p class='ocr_par' dir='ltr' id='par_1_58' title="bbox 156 4060 1839 4131">
     <span class='ocr_line' id='line_1_58' title="bbox 156 4060 1839 4131; baseline 0.003 -18"><span class='ocrx_word' id='word_1_420' title='bbox 156 4060 299 4127; x_wconf 80' lang='lat' dir='ltr'>tati,</span> <span class='ocrx_word' id='word_1_421' title='bbox 327 4063 382 4113; x_wconf 89' lang='lat' dir='ltr'>et</span> <span class='ocrx_word' id='word_1_422' title='bbox 408 4061 507 4129; x_wconf 91' lang='lat' dir='ltr'>qui</span> <span class='ocrx_word' id='word_1_423' title='bbox 537 4063 673 4113; x_wconf 89' lang='lat' dir='ltr'>tunc</span> <span class='ocrx_word' id='word_1_424' title='bbox 695 4060 1008 4114; x_wconf 91' lang='lat' dir='ltr'>multorum</span> <span class='ocrx_word' id='word_1_425' title='bbox 1037 4077 1351 4130; x_wconf 89' lang='lat' dir='ltr'>corporum</span> <span class='ocrx_word' id='word_1_426' title='bbox 1385 4078 1597 4131; x_wconf 81' lang='lat' dir='ltr'>sapore</span> <span class='ocrx_word' id='word_1_427' title='bbox 1621 4067 1839 4118; x_wconf 88' lang='lat' dir='ltr'>mutato</span> 
     </span>
    </p>
   </div>
   <div class='ocr_carea' id='block_1_59' title="bbox 156 4148 1841 4221">
    <p class='ocr_par' dir='ltr' id='par_1_59' title="bbox 156 4148 1841 4221">
     <span class='ocr_line' id='line_1_59' title="bbox 156 4148 1841 4221; baseline 0.001 -18"><span class='ocrx_word' id='word_1_428' title='bbox 156 4149 519 4203; x_wconf 82' lang='lat' dir='ltr'>removebat</span> <span class='ocrx_word' id='word_1_429' title='bbox 551 4148 867 4216; x_wconf 88' lang='lat' dir='ltr'>fastidium,</span> <span class='ocrx_word' id='word_1_430' title='bbox 902 4165 1056 4202; x_wconf 90' lang='lat' dir='ltr'>nunc</span> <span class='ocrx_word' id='word_1_431' title='bbox 1099 4150 1277 4203; x_wconf 89' lang='lat' dir='ltr'>unius</span> <span class='ocrx_word' id='word_1_432' title='bbox 1311 4152 1578 4220; x_wconf 90' lang='lat' dir='ltr'>corporis</span> <span class='ocrx_word' id='word_1_433' title='bbox 1630 4167 1841 4221; x_wconf 87' lang='lat' dir='ltr'>sapore</span> 
     </span>
    </p>
   </div>
   <div class='ocr_carea' id='block_1_60' title="bbox 153 4236 1841 4309">
    <p class='ocr_par' dir='ltr' id='par_1_60' title="bbox 153 4236 1841 4309">
     <span class='ocr_line' id='line_1_60' title="bbox 153 4236 1841 4309; baseline 0.001 -17"><span class='ocrx_word' id='word_1_434' title='bbox 153 4240 426 4304; x_wconf 81' lang='lat' dir='ltr'>retento,</span> <span class='ocrx_word' id='word_1_435' title='bbox 450 4236 598 4290; x_wconf 88' lang='lat' dir='ltr'>tollit</span> <span class='ocrx_word' id='word_1_436' title='bbox 620 4236 947 4291; x_wconf 88' lang='lat' dir='ltr'>horrorem.</span> <span class='ocrx_word' id='word_1_437' title='bbox 976 4238 1057 4291; x_wconf 91' lang='lat' dir='ltr'>De</span> <span class='ocrx_word' id='word_1_438' title='bbox 1081 4238 1279 4293; x_wconf 92' lang='lat' dir='ltr'>colore</span> <span class='ocrx_word' id='word_1_439' title='bbox 1317 4255 1551 4309; x_wconf 88' lang='lat' dir='ltr'>quoque</span> <span class='ocrx_word' id='word_1_440' title='bbox 1586 4243 1640 4294; x_wconf 88' lang='lat' dir='ltr'>et</span> <span class='ocrx_word' id='word_1_441' title='bbox 1663 4243 1841 4295; x_wconf 83' lang='lat' dir='ltr'>caete-</span> 
     </span>
    </p>
   </div>
   <div class='ocr_carea' id='block_1_61' title="bbox 151 4324 1837 4395">
    <p class='ocr_par' dir='ltr' id='par_1_61' title="bbox 151 4324 1837 4395">
     <span class='ocr_line' id='line_1_61' title="bbox 151 4324 1837 4395; baseline 0.002 -16"><span class='ocrx_word' id='word_1_442' title='bbox 151 4327 262 4380; x_wconf 79' lang='lat' dir='ltr'>ris</span> <span class='ocrx_word' id='word_1_443' title='bbox 304 4324 645 4395; x_wconf 89' lang='lat' dir='ltr'>hujusmodi</span> <span class='ocrx_word' id='word_1_444' title='bbox 678 4326 1082 4380; x_wconf 88' lang='lat' dir='ltr'>accidentibus</span> <span class='ocrx_word' id='word_1_445' title='bbox 1113 4341 1230 4380; x_wconf 90' lang='lat' dir='ltr'>non</span> <span class='ocrx_word' id='word_1_446' title='bbox 1252 4330 1343 4380; x_wconf 90' lang='lat' dir='ltr'>est</span> <span class='ocrx_word' id='word_1_447' title='bbox 1374 4327 1638 4382; x_wconf 81' lang='lat' dir='ltr'>difﬁcilis</span> <span class='ocrx_word' id='word_1_448' title='bbox 1672 4330 1837 4395; x_wconf 86' lang='lat' dir='ltr'>ratio,</span> 
     </span>
    </p>
   </div>
   <div class='ocr_carea' id='block_1_62' title="bbox 147 4414 1839 4488">
    <p class='ocr_par' dir='ltr' id='par_1_62' title="bbox 147 4414 1839 4488">
     <span class='ocr_line' id='line_1_62' title="bbox 147 4414 1839 4488; baseline 0.002 -19"><span class='ocrx_word' id='word_1_449' title='bbox 147 4430 308 4469; x_wconf 89' lang='lat' dir='ltr'>cum</span> <span class='ocrx_word' id='word_1_450' title='bbox 338 4414 467 4482; x_wconf 87' lang='lat' dir='ltr'>ipse</span> <span class='ocrx_word' id='word_1_451' title='bbox 497 4414 780 4467; x_wconf 91' lang='lat' dir='ltr'>Dominus</span> <span class='ocrx_word' id='word_1_452' title='bbox 808 4430 873 4468; x_wconf 91' lang='lat' dir='ltr'>se</span> <span class='ocrx_word' id='word_1_453' title='bbox 903 4430 1011 4483; x_wconf 91' lang='lat' dir='ltr'>per</span> <span class='ocrx_word' id='word_1_454' title='bbox 1040 4415 1311 4468; x_wconf 87' lang='lat' dir='ltr'>diversas</span> <span class='ocrx_word' id='word_1_455' title='bbox 1344 4416 1576 4488; x_wconf 85' lang='lat' dir='ltr'>legatur</span> <span class='ocrx_word' id='word_1_456' title='bbox 1602 4418 1839 4488; x_wconf 87' lang='lat' dir='ltr'>species</span> 
     </span>
    </p>
   </div>
   <div class='ocr_carea' id='block_1_63' title="bbox 143 4502 1843 4571">
    <p class='ocr_par' dir='ltr' id='par_1_63' title="bbox 143 4502 1843 4571">
     <span class='ocr_line' id='line_1_63' title="bbox 143 4502 1843 4571; baseline 0.002 -14"><span class='ocrx_word' id='word_1_457' title='bbox 143 4502 486 4571; x_wconf 87' lang='lat' dir='ltr'>discipulis</span> <span class='ocrx_word' id='word_1_458' title='bbox 516 4502 984 4571; x_wconf 85' lang='lat' dir='ltr'>demonstrasse,</span> <span class='ocrx_word' id='word_1_459' title='bbox 1008 4507 1064 4557; x_wconf 90' lang='lat' dir='ltr'>et</span> <span class='ocrx_word' id='word_1_460' title='bbox 1094 4520 1249 4557; x_wconf 91' lang='lat' dir='ltr'>nunc</span> <span class='ocrx_word' id='word_1_461' title='bbox 1281 4505 1369 4558; x_wconf 90' lang='lat' dir='ltr'>eis</span> <span class='ocrx_word' id='word_1_462' title='bbox 1421 4506 1657 4559; x_wconf 88' lang='lat' dir='ltr'>solitum</span> <span class='ocrx_word' id='word_1_463' title='bbox 1690 4506 1843 4561; x_wconf 54' lang='lat' dir='ltr'>colo-</span> 
     </span>
    </p>
   </div>
   <div class='ocr_carea' id='block_1_64' title="bbox 144 4583 1915 4656">
    <p class='ocr_par' dir='ltr' id='par_1_64' title="bbox 144 4583 1915 4656">
     <span class='ocr_line' id='line_1_64' title="bbox 144 4583 1915 4656; baseline -0.002 -9"><span class='ocrx_word' id='word_1_464' title='bbox 144 4607 298 4647; x_wconf 83' lang='lat' dir='ltr'>rem</span> <span class='ocrx_word' id='word_1_465' title='bbox 320 4591 679 4656; x_wconf 88' lang='lat' dir='ltr'>ostendisse,</span> <span class='ocrx_word' id='word_1_466' title='bbox 706 4607 863 4645; x_wconf 92' lang='lat' dir='ltr'>nunc</span> <span class='ocrx_word' id='word_1_467' title='bbox 893 4592 965 4645; x_wconf 88' lang='lat' dir='ltr'>ad</span> <span class='ocrx_word' id='word_1_468' title='bbox 988 4593 1179 4645; x_wconf 90' lang='lat' dir='ltr'>instar</span> <span class='ocrx_word' id='word_1_469' title='bbox 1213 4592 1360 4645; x_wconf 90' lang='lat' dir='ltr'>solis</span> <span class='ocrx_word' id='word_1_470' title='bbox 1381 4598 1435 4647; x_wconf 90' lang='lat' dir='ltr'>et</span> <span class='ocrx_word' id='word_1_471' title='bbox 1460 4594 1612 4648; x_wconf 89' lang='lat' dir='ltr'>nivis</span> <span class='ocrx_word' id='word_1_472' title='bbox 1639 4599 1837 4649; x_wconf 89' lang='lat' dir='ltr'>trans-</span> <span class='ocrx_word' id='word_1_473' title='bbox 1868 4583 1915 4643; x_wconf 65' lang='grc' dir='ltr'><strong>Β</strong></span> 
     </span>
    </p>
   </div>
   <div class='ocr_carea' id='block_1_65' title="bbox 140 4679 1834 4751">
    <p class='ocr_par' dir='ltr' id='par_1_65' title="bbox 140 4679 1834 4751">
     <span class='ocr_line' id='line_1_65' title="bbox 140 4679 1834 4751; baseline 0.002 -16"><span class='ocrx_word' id='word_1_474' title='bbox 140 4682 494 4751; x_wconf 79' lang='lat' dir='ltr'>ﬁguratum</span> <span class='ocrx_word' id='word_1_475' title='bbox 551 4680 1001 4749; x_wconf 86' lang='lat' dir='ltr'>resplenduisse</span> <span class='ocrx_word' id='word_1_476' title='bbox 1058 4679 1295 4748; x_wconf 76' lang='lat' dir='ltr'>(Matth.</span> <span class='ocrx_word' id='word_1_477' title='bbox 1345 4684 1507 4751; x_wconf 85' lang='lat' dir='ltr'>xvn),</span> <span class='ocrx_word' id='word_1_478' title='bbox 1556 4698 1710 4737; x_wconf 88' lang='lat' dir='ltr'>nunc</span> <span class='ocrx_word' id='word_1_479' title='bbox 1768 4700 1834 4739; x_wconf 91' lang='lat' dir='ltr'>se</span> 
     </span>
    </p>
   </div>
   <div class='ocr_carea' id='block_1_66' title="bbox 135 4768 1831 4840">
    <p class='ocr_par' dir='ltr' id='par_1_66' title="bbox 135 4768 1831 4840">
     <span class='ocr_line' id='line_1_66' title="bbox 135 4768 1831 4840; baseline 0.001 -16"><span class='ocrx_word' id='word_1_480' title='bbox 135 4768 521 4824; x_wconf 84' lang='lat' dir='ltr'>exhibuisse</span> <span class='ocrx_word' id='word_1_481' title='bbox 546 4771 818 4838; x_wconf 86' lang='lat' dir='ltr'>tanquam</span> <span class='ocrx_word' id='word_1_482' title='bbox 851 4770 1232 4840; x_wconf 88' lang='lat' dir='ltr'>peregrinum</span> <span class='ocrx_word' id='word_1_483' title='bbox 1264 4770 1425 4839; x_wconf 66' lang='lat' dir='ltr'>(Luc.</span> <span class='ocrx_word' id='word_1_484' title='bbox 1463 4784 1643 4840; x_wconf 81' lang='lat' dir='ltr'>xxiv),</span> <span class='ocrx_word' id='word_1_485' title='bbox 1679 4788 1831 4827; x_wconf 92' lang='lat' dir='ltr'>nunc</span> 
     </span>
    </p>
   </div>
   <div class='ocr_carea' id='block_1_67' title="bbox 130 4857 1832 4931">
    <p class='ocr_par' dir='ltr' id='par_1_67' title="bbox 130 4857 1832 4931">
     <span class='ocr_line' id='line_1_67' title="bbox 130 4857 1832 4931; baseline 0.001 -17"><span class='ocrx_word' id='word_1_486' title='bbox 130 4857 522 4928; x_wconf 85' lang='lat' dir='ltr'>apparuisse</span> <span class='ocrx_word' id='word_1_487' title='bbox 556 4857 715 4910; x_wconf 91' lang='lat' dir='ltr'>velut</span> <span class='ocrx_word' id='word_1_488' title='bbox 743 4857 1116 4912; x_wconf 88' lang='lat' dir='ltr'>hortulanum</span> <span class='ocrx_word' id='word_1_489' title='bbox 1152 4858 1340 4927; x_wconf 81' lang='lat' dir='ltr'>(Joan.</span> <span class='ocrx_word' id='word_1_490' title='bbox 1361 4860 1481 4928; x_wconf 87' lang='lat' dir='ltr'>xx),</span> <span class='ocrx_word' id='word_1_491' title='bbox 1522 4860 1832 4931; x_wconf 88' lang='lat' dir='ltr'>aliquando</span> 
     </span>
    </p>
   </div>
   <div class='ocr_carea' id='block_1_68' title="bbox 126 4945 1834 5017">
    <p class='ocr_par' dir='ltr' id='par_1_68' title="bbox 126 4945 1834 5017">
     <span class='ocr_line' id='line_1_68' title="bbox 126 4945 1834 5017; baseline 0.002 -16"><span class='ocrx_word' id='word_1_492' title='bbox 126 4946 431 5016; x_wconf 81' lang='lat' dir='ltr'>speciem</span> <span class='ocrx_word' id='word_1_493' title='bbox 455 4945 805 4999; x_wconf 86' lang='lat' dir='ltr'>exhibuisse</span> <span class='ocrx_word' id='word_1_494' title='bbox 825 4945 1234 5015; x_wconf 87' lang='lat' dir='ltr'>ministrantis,</span> <span class='ocrx_word' id='word_1_495' title='bbox 1255 4946 1567 5017; x_wconf 90' lang='lat' dir='ltr'>aliquando</span> <span class='ocrx_word' id='word_1_496' title='bbox 1587 4948 1834 5003; x_wconf 82' lang='lat' dir='ltr'>formam</span> 
     </span>
    </p>
   </div>
   <div class='ocr_carea' id='block_1_69' title="bbox 124 5033 757 5091">
    <p class='ocr_par' dir='ltr' id='par_1_69' title="bbox 124 5033 757 5091">
     <span class='ocr_line' id='line_1_69' title="bbox 124 5033 757 5091; baseline -0.005 0"><span class='ocrx_word' id='word_1_497' title='bbox 124 5033 439 5091; x_wconf 78' lang='lat' dir='ltr'>tenuisse</span> <span class='ocrx_word' id='word_1_498' title='bbox 469 5034 757 5088; x_wconf 87' lang='lat' dir='ltr'>docentis.</span> 
     </span>
    </p>
   </div>
   <div class='ocr_carea' id='block_1_70' title="bbox 232 5122 1829 5196">
    <p class='ocr_par' dir='ltr' id='par_1_70' title="bbox 232 5122 1829 5196">
     <span class='ocr_line' id='line_1_70' title="bbox 232 5122 1829 5196; baseline 0.003 -19"><span class='ocrx_word' id='word_1_499' title='bbox 232 5122 406 5188; x_wconf 90' lang='lat' dir='ltr'>Quod</span> <span class='ocrx_word' id='word_1_500' title='bbox 441 5124 491 5176; x_wconf 90' lang='lat' dir='ltr'>si</span> <span class='ocrx_word' id='word_1_501' title='bbox 535 5124 607 5177; x_wconf 90' lang='lat' dir='ltr'>ad</span> <span class='ocrx_word' id='word_1_502' title='bbox 655 5123 787 5176; x_wconf 90' lang='lat' dir='ltr'>illas</span> <span class='ocrx_word' id='word_1_503' title='bbox 818 5138 1032 5178; x_wconf 88' lang='lat' dir='ltr'>causas</span> <span class='ocrx_word' id='word_1_504' title='bbox 1083 5124 1386 5196; x_wconf 89' lang='lat' dir='ltr'>refugiunt</span> <span class='ocrx_word' id='word_1_505' title='bbox 1428 5142 1576 5196; x_wconf 89' lang='lat' dir='ltr'>quas</span> <span class='ocrx_word' id='word_1_506' title='bbox 1623 5127 1682 5181; x_wconf 90' lang='lat' dir='ltr'>in</span> <span class='ocrx_word' id='word_1_507' title='bbox 1728 5143 1829 5183; x_wconf 88' lang='lat' dir='ltr'>ore</span> 
     </span>
    </p>
   </div>
   <div class='ocr_carea' id='block_1_71' title="bbox 115 5211 1828 5283">
    <p class='ocr_par' dir='ltr' id='par_1_71' title="bbox 115 5211 1828 5283">
     <span class='ocr_line' id='line_1_71' title="bbox 115 5211 1828 5283; baseline -0.001 -13"><span class='ocrx_word' id='word_1_508' title='bbox 115 5227 330 5281; x_wconf 72' lang='lat' dir='ltr'>saepe</span> <span class='ocrx_word' id='word_1_509' title='bbox 365 5211 581 5265; x_wconf 86' lang='lat' dir='ltr'>habere</span> <span class='ocrx_word' id='word_1_510' title='bbox 614 5212 820 5276; x_wconf 87' lang='lat' dir='ltr'>solent,</span> <span class='ocrx_word' id='word_1_511' title='bbox 844 5213 979 5283; x_wconf 86' lang='lat' dir='ltr'>quia</span> <span class='ocrx_word' id='word_1_512' title='bbox 1010 5213 1284 5267; x_wconf 88' lang='lat' dir='ltr'>videlicet</span> <span class='ocrx_word' id='word_1_513' title='bbox 1313 5214 1481 5268; x_wconf 89' lang='lat' dir='ltr'>nefas</span> <span class='ocrx_word' id='word_1_514' title='bbox 1524 5217 1602 5269; x_wconf 91' lang='lat' dir='ltr'>sit</span> <span class='ocrx_word' id='word_1_515' title='bbox 1628 5214 1828 5270; x_wconf 86' lang='lat' dir='ltr'>Chris—</span> 
     </span>
    </p>
   </div>
   <div class='ocr_carea' id='block_1_72' title="bbox 110 5300 1824 5375">
    <p class='ocr_par' dir='ltr' id='par_1_72' title="bbox 110 5300 1824 5375">
     <span class='ocr_line' id='line_1_72' title="bbox 110 5300 1824 5375; baseline -0.002 -15"><span class='ocrx_word' id='word_1_516' title='bbox 110 5311 284 5360; x_wconf 76' lang='lat' dir='ltr'>tum</span> <span class='ocrx_word' id='word_1_517' title='bbox 310 5300 588 5353; x_wconf 87' lang='lat' dir='ltr'>dentibus</span> <span class='ocrx_word' id='word_1_518' title='bbox 610 5300 799 5368; x_wconf 87' lang='lat' dir='ltr'>atteri,</span> <span class='ocrx_word' id='word_1_519' title='bbox 834 5300 1001 5354; x_wconf 87' lang='lat' dir='ltr'>nefas</span> <span class='ocrx_word' id='word_1_520' title='bbox 1031 5301 1108 5355; x_wconf 88' lang='lat' dir='ltr'>sit</span> <span class='ocrx_word' id='word_1_521' title='bbox 1134 5302 1295 5355; x_wconf 92' lang='lat' dir='ltr'>illum</span> <span class='ocrx_word' id='word_1_522' title='bbox 1319 5303 1592 5358; x_wconf 89' lang='lat' dir='ltr'>dentibus</span> <span class='ocrx_word' id='word_1_523' title='bbox 1623 5304 1824 5375; x_wconf 89' lang='lat' dir='ltr'>minui,</span> 
     </span>
    </p>
   </div>
   <div class='ocr_carea' id='block_1_73' title="bbox 110 5388 1831 5460">
    <p class='ocr_par' dir='ltr' id='par_1_73' title="bbox 110 5388 1831 5460">
     <span class='ocr_line' id='line_1_73' title="bbox 110 5388 1831 5460; baseline 0.001 -15"><span class='ocrx_word' id='word_1_524' title='bbox 110 5396 273 5449; x_wconf 82' lang='lat' dir='ltr'>has</span> <span class='ocrx_word' id='word_1_525' title='bbox 290 5392 354 5442; x_wconf 90' lang='lat' dir='ltr'>ut</span> <span class='ocrx_word' id='word_1_526' title='bbox 378 5393 514 5456; x_wconf 89' lang='lat' dir='ltr'>puto</span> <span class='ocrx_word' id='word_1_527' title='bbox 533 5388 891 5459; x_wconf 81' lang='lat' dir='ltr'>in&#39;principio</span> <span class='ocrx_word' id='word_1_528' title='bbox 916 5388 1098 5460; x_wconf 86' lang='lat' dir='ltr'>hujus</span> <span class='ocrx_word' id='word_1_529' title='bbox 1113 5392 1310 5459; x_wconf 90' lang='lat' dir='ltr'>operis</span> <span class='ocrx_word' id='word_1_530' title='bbox 1326 5391 1831 5447; x_wconf 81' lang='lat' dir='ltr'>sufficientereva-</span> 
     </span>
    </p>
   </div>
   <div class='ocr_carea' id='block_1_74' title="bbox 104 5477 1830 5548">
    <p class='ocr_par' dir='ltr' id='par_1_74' title="bbox 104 5477 1830 5548">
     <span class='ocr_line' id='line_1_74' title="bbox 104 5477 1830 5548; baseline 0.001 -14"><span class='ocrx_word' id='word_1_531' title='bbox 104 5478 497 5538; x_wconf 83' lang='lat' dir='ltr'>cuavimus.</span> <span class='ocrx_word' id='word_1_532' title='bbox 524 5477 671 5530; x_wconf 89' lang='lat' dir='ltr'>Nam</span> <span class='ocrx_word' id='word_1_533' title='bbox 694 5478 791 5548; x_wconf 92' lang='lat' dir='ltr'>qui</span> <span class='ocrx_word' id='word_1_534' title='bbox 815 5481 950 5547; x_wconf 87' lang='lat' dir='ltr'>post</span> <span class='ocrx_word' id='word_1_535' title='bbox 971 5480 1469 5535; x_wconf 87' lang='lat' dir='ltr'>resurrectionem</span> <span class='ocrx_word' id='word_1_536' title='bbox 1489 5482 1759 5535; x_wconf 89' lang='lat' dir='ltr'>manibus</span> <span class='ocrx_word' id='word_1_537' title='bbox 1775 5486 1830 5536; x_wconf 91' lang='lat' dir='ltr'>et</span> 
     </span>
    </p>
   </div>
   <div class='ocr_carea' id='block_1_75' title="bbox 98 5565 1825 5637">
    <p class='ocr_par' dir='ltr' id='par_1_75' title="bbox 98 5565 1825 5637">
     <span class='ocr_line' id='line_1_75' title="bbox 98 5565 1825 5637; baseline 0.001 -13"><span class='ocrx_word' id='word_1_538' title='bbox 98 5567 364 5635; x_wconf 77' lang='lat' dir='ltr'>labiis,</span> <span class='ocrx_word' id='word_1_539' title='bbox 390 5566 474 5633; x_wconf 89' lang='lat' dir='ltr'>(ut</span> <span class='ocrx_word' id='word_1_540' title='bbox 510 5565 730 5619; x_wconf 91' lang='lat' dir='ltr'>dictum</span> <span class='ocrx_word' id='word_1_541' title='bbox 753 5570 863 5637; x_wconf 88' lang='lat' dir='ltr'>est)</span> <span class='ocrx_word' id='word_1_542' title='bbox 890 5567 1077 5637; x_wconf 89' lang='lat' dir='ltr'>potuit</span> <span class='ocrx_word' id='word_1_543' title='bbox 1110 5569 1425 5636; x_wconf 88' lang='lat' dir='ltr'>attrectari,</span> <span class='ocrx_word' id='word_1_544' title='bbox 1456 5573 1511 5622; x_wconf 88' lang='lat' dir='ltr'>et</span> <span class='ocrx_word' id='word_1_545' title='bbox 1552 5568 1825 5625; x_wconf 89' lang='lat' dir='ltr'>dentibus</span> 
     </span>
    </p>
   </div>
   <div class='ocr_carea' id='block_1_76' title="bbox 94 5653 1825 5731">
    <p class='ocr_par' dir='ltr' id='par_1_76' title="bbox 94 5653 1825 5731">
     <span class='ocr_line' id='line_1_76' title="bbox 94 5653 1825 5731; baseline 0.002 -21"><span class='ocrx_word' id='word_1_546' title='bbox 94 5656 229 5719; x_wconf 75' lang='lat' dir='ltr'>eti</span> <span class='ocrx_word' id='word_1_547' title='bbox 244 5670 338 5708; x_wconf 73' lang='lat' dir='ltr'>nm</span> <span class='ocrx_word' id='word_1_548' title='bbox 362 5657 575 5724; x_wconf 88' lang='lat' dir='ltr'>potest.</span> <span class='ocrx_word' id='word_1_549' title='bbox 604 5653 1038 5712; x_wconf 87' lang='lat' dir='ltr'>Eucharistiam</span> <span class='ocrx_word' id='word_1_550' title='bbox 1060 5671 1223 5728; x_wconf 87' lang='lat' dir='ltr'>vero,</span> <span class='ocrx_word' id='word_1_551' title='bbox 1239 5658 1312 5727; x_wconf 91' lang='lat' dir='ltr'>(si</span> <span class='ocrx_word' id='word_1_552' title='bbox 1336 5656 1575 5713; x_wconf 87' lang='lat' dir='ltr'>Christo</span> <span class='ocrx_word' id='word_1_553' title='bbox 1590 5658 1825 5731; x_wconf 89' lang='lat' dir='ltr'>quidem</span> 
     </span>
    </p>
   </div>
   <div class='ocr_carea' id='block_1_77' title="bbox 303 5744 850 5800">
    <p class='ocr_par' dir='ltr' id='par_1_77' title="bbox 303 5744 850 5800">
     <span class='ocr_line' id='line_1_77' title="bbox 303 5744 850 5800; baseline 0 -1"><span class='ocrx_word' id='word_1_554' title='bbox 303 5744 567 5800; x_wconf 73' lang='lat' dir='ltr'>PATROL.</span> <span class='ocrx_word' id='word_1_555' title='bbox 595 5744 850 5800; x_wconf 83' lang='lat' dir='ltr'>CXLIX.</span> 
     </span>
    </p>
   </div>
   <div class='ocr_carea' id='block_1_78' title="bbox 1883 3214 1935 3285">
    <p class='ocr_par' dir='ltr' id='par_1_78' title="bbox 1883 3214 1935 3285">
     <span class='ocr_line' id='line_1_78' title="bbox 1883 3214 1935 3285; baseline 0 0"><span class='ocrx_word' id='word_1_556' title='bbox 1883 3214 1935 3285; x_wconf 80' lang='lat' dir='ltr'>C</span> 
     </span>
    </p>
   </div>
   <div class='ocr_carea' id='block_1_79' title="bbox 1965 1932 3625 2005">
    <p class='ocr_par' dir='ltr' id='par_1_79' title="bbox 1965 1932 3625 2005">
     <span class='ocr_line' id='line_1_79' title="bbox 1965 1932 3625 2005; baseline -0.001 -17"><span class='ocrx_word' id='word_1_557' title='bbox 1965 1936 2113 2005; x_wconf 85' lang='lat' dir='ltr'>bile;</span> <span class='ocrx_word' id='word_1_558' title='bbox 2138 1939 2193 1989; x_wconf 87' lang='lat' dir='ltr'>et</span> <span class='ocrx_word' id='word_1_559' title='bbox 2212 1935 2261 1989; x_wconf 87' lang='lat' dir='ltr'>si</span> <span class='ocrx_word' id='word_1_560' title='bbox 2282 1934 2401 2005; x_wconf 89' lang='lat' dir='ltr'>jam</span> <span class='ocrx_word' id='word_1_561' title='bbox 2423 1935 2550 1986; x_wconf 90' lang='lat' dir='ltr'>sine</span> <span class='ocrx_word' id='word_1_562' title='bbox 2570 1933 2662 1987; x_wconf 91' lang='lat' dir='ltr'>sui</span> <span class='ocrx_word' id='word_1_563' title='bbox 2687 1932 3054 1987; x_wconf 89' lang='lat' dir='ltr'>incommodo</span> <span class='ocrx_word' id='word_1_564' title='bbox 3078 1932 3388 1986; x_wconf 88' lang='lat' dir='ltr'>dividinon</span> <span class='ocrx_word' id='word_1_565' title='bbox 3410 1935 3625 2003; x_wconf 89' lang='lat' dir='ltr'>potest,</span> 
     </span>
    </p>
   </div>
   <div class='ocr_carea' id='block_1_80' title="bbox 1964 2022 3628 2095">
    <p class='ocr_par' dir='ltr' id='par_1_80' title="bbox 1964 2022 3628 2095">
     <span class='ocr_line' id='line_1_80' title="bbox 1964 2022 3628 2095; baseline -0.001 -19"><span class='ocrx_word' id='word_1_566' title='bbox 1964 2024 2151 2077; x_wconf 89' lang='lat' dir='ltr'>videri</span> <span class='ocrx_word' id='word_1_567' title='bbox 2183 2025 2352 2095; x_wconf 90' lang='lat' dir='ltr'>quasi</span> <span class='ocrx_word' id='word_1_568' title='bbox 2385 2024 2729 2076; x_wconf 89' lang='lat' dir='ltr'>diminutum</span> <span class='ocrx_word' id='word_1_569' title='bbox 2771 2023 2828 2075; x_wconf 90' lang='lat' dir='ltr'>in</span> <span class='ocrx_word' id='word_1_570' title='bbox 2860 2023 2974 2074; x_wconf 91' lang='lat' dir='ltr'>isto</span> <span class='ocrx_word' id='word_1_571' title='bbox 3008 2023 3375 2075; x_wconf 88' lang='lat' dir='ltr'>sacramento</span> <span class='ocrx_word' id='word_1_572' title='bbox 3416 2022 3628 2091; x_wconf 86' lang='lat' dir='ltr'>possit,</span> 
     </span>
    </p>
   </div>
   <div class='ocr_carea' id='block_1_81' title="bbox 1969 2110 3627 2180">
    <p class='ocr_par' dir='ltr' id='par_1_81' title="bbox 1969 2110 3627 2180">
     <span class='ocr_line' id='line_1_81' title="bbox 1969 2110 3627 2180; baseline 0 -15"><span class='ocrx_word' id='word_1_573' title='bbox 1969 2129 2098 2166; x_wconf 92' lang='lat' dir='ltr'>cum</span> <span class='ocrx_word' id='word_1_574' title='bbox 2147 2117 2375 2165; x_wconf 87' lang='lat' dir='ltr'>maneat</span> <span class='ocrx_word' id='word_1_575' title='bbox 2406 2111 2786 2165; x_wconf 81' lang='lat' dir='ltr'>indivisibile.</span> <span class='ocrx_word' id='word_1_576' title='bbox 2821 2110 3191 2180; x_wconf 84' lang='lat' dir='ltr'>Quapropter</span> <span class='ocrx_word' id='word_1_577' title='bbox 3228 2126 3362 2163; x_wconf 90' lang='lat' dir='ltr'>cum</span> <span class='ocrx_word' id='word_1_578' title='bbox 3412 2113 3468 2164; x_wconf 86' lang='lat' dir='ltr'>et</span> <span class='ocrx_word' id='word_1_579' title='bbox 3494 2110 3627 2165; x_wconf 72' lang='lat' dir='ltr'>istaa</span> 
     </span>
    </p>
   </div>
   <div class='ocr_carea' id='block_1_82' title="bbox 1970 2197 3626 2269">
    <p class='ocr_par' dir='ltr' id='par_1_82' title="bbox 1970 2197 3626 2269">
     <span class='ocr_line' id='line_1_82' title="bbox 1970 2197 3626 2269; baseline 0 -15"><span class='ocrx_word' id='word_1_580' title='bbox 1970 2217 2167 2254; x_wconf 63' lang='lat' dir='ltr'>causae</span> <span class='ocrx_word' id='word_1_581' title='bbox 2206 2201 2350 2253; x_wconf 88' lang='lat' dir='ltr'>nihil</span> <span class='ocrx_word' id='word_1_582' title='bbox 2383 2200 2631 2265; x_wconf 82' lang='lat' dir='ltr'>valeant,</span> <span class='ocrx_word' id='word_1_583' title='bbox 2680 2215 2786 2252; x_wconf 89' lang='lat' dir='ltr'>nec</span> <span class='ocrx_word' id='word_1_584' title='bbox 2818 2199 2963 2251; x_wconf 90' lang='lat' dir='ltr'>alias</span> <span class='ocrx_word' id='word_1_585' title='bbox 3014 2198 3129 2268; x_wconf 90' lang='lat' dir='ltr'>ipsi</span> <span class='ocrx_word' id='word_1_586' title='bbox 3172 2197 3438 2265; x_wconf 70' lang='lat' dir='ltr'>afferant,</span> <span class='ocrx_word' id='word_1_587' title='bbox 3493 2214 3626 2269; x_wconf 63' lang='lat' dir='ltr'>quae</span> 
     </span>
    </p>
   </div>
   <div class='ocr_carea' id='block_1_83' title="bbox 1964 2286 3625 2355">
    <p class='ocr_par' dir='ltr' id='par_1_83' title="bbox 1964 2286 3625 2355">
     <span class='ocr_line' id='line_1_83' title="bbox 1964 2286 3625 2355; baseline -0.001 -13"><span class='ocrx_word' id='word_1_588' title='bbox 1964 2289 2192 2342; x_wconf 88' lang='lat' dir='ltr'>insania</span> <span class='ocrx_word' id='word_1_589' title='bbox 2224 2290 2315 2341; x_wconf 82' lang='lat' dir='ltr'>est</span> <span class='ocrx_word' id='word_1_590' title='bbox 2346 2291 2406 2341; x_wconf 93' lang='lat' dir='ltr'>ut</span> <span class='ocrx_word' id='word_1_591' title='bbox 2436 2287 2754 2355; x_wconf 89' lang='lat' dir='ltr'>Christum,</span> <span class='ocrx_word' id='word_1_592' title='bbox 2783 2292 2843 2340; x_wconf 89' lang='lat' dir='ltr'>ut</span> <span class='ocrx_word' id='word_1_593' title='bbox 2873 2288 2948 2340; x_wconf 90' lang='lat' dir='ltr'>ita</span> <span class='ocrx_word' id='word_1_594' title='bbox 2970 2286 3238 2354; x_wconf 86' lang='lat' dir='ltr'>dixerim,</span> <span class='ocrx_word' id='word_1_595' title='bbox 3275 2302 3384 2339; x_wconf 92' lang='lat' dir='ltr'>sua</span> <span class='ocrx_word' id='word_1_596' title='bbox 3420 2291 3625 2341; x_wconf 89' lang='lat' dir='ltr'>aucto-</span> 
     </span>
    </p>
   </div>
   <div class='ocr_carea' id='block_1_84' title="bbox 1964 2374 3626 2445">
    <p class='ocr_par' dir='ltr' id='par_1_84' title="bbox 1964 2374 3626 2445">
     <span class='ocr_line' id='line_1_84' title="bbox 1964 2374 3626 2445; baseline -0.001 -14"><span class='ocrx_word' id='word_1_597' title='bbox 1964 2379 2131 2431; x_wconf 87' lang='lat' dir='ltr'>ritate</span> <span class='ocrx_word' id='word_1_598' title='bbox 2174 2379 2469 2445; x_wconf 90' lang='lat' dir='ltr'>impanent</span> <span class='ocrx_word' id='word_1_599' title='bbox 2511 2378 2566 2428; x_wconf 88' lang='lat' dir='ltr'>et</span> <span class='ocrx_word' id='word_1_600' title='bbox 2608 2376 2917 2428; x_wconf 81' lang='lat' dir='ltr'>invinent?</span> <span class='ocrx_word' id='word_1_601' title='bbox 2950 2374 3018 2427; x_wconf 87' lang='lat' dir='ltr'>Et</span> <span class='ocrx_word' id='word_1_602' title='bbox 3047 2375 3285 2445; x_wconf 90' lang='lat' dir='ltr'>quidem</span> <span class='ocrx_word' id='word_1_603' title='bbox 3312 2374 3626 2445; x_wconf 38' lang='lat' dir='ltr'>,Christum</span> 
     </span>
    </p>
   </div>
   <div class='ocr_carea' id='block_1_85' title="bbox 1966 2463 3627 2532">
    <p class='ocr_par' dir='ltr' id='par_1_85' title="bbox 1966 2463 3627 2532">
     <span class='ocr_line' id='line_1_85' title="bbox 1966 2463 3627 2532; baseline -0.001 -13"><span class='ocrx_word' id='word_1_604' title='bbox 1966 2466 2259 2519; x_wconf 87' lang='lat' dir='ltr'>incarnari</span> <span class='ocrx_word' id='word_1_605' title='bbox 2305 2465 2571 2518; x_wconf 71' lang='lat' dir='ltr'>humanm</span> <span class='ocrx_word' id='word_1_606' title='bbox 2623 2464 3042 2532; x_wconf 87' lang='lat' dir='ltr'>redemptionis</span> <span class='ocrx_word' id='word_1_607' title='bbox 3085 2463 3232 2516; x_wconf 87' lang='lat' dir='ltr'>ratio</span> <span class='ocrx_word' id='word_1_608' title='bbox 3264 2463 3627 2532; x_wconf 89' lang='lat' dir='ltr'>exposcebat</span> 
     </span>
    </p>
   </div>
   <div class='ocr_carea' id='block_1_86' title="bbox 1963 2550 3627 2625">
    <p class='ocr_par' dir='ltr' id='par_1_86' title="bbox 1963 2550 3627 2625">
     <span class='ocr_line' id='line_1_86' title="bbox 1963 2550 3627 2625; baseline -0.001 -18"><span class='ocrx_word' id='word_1_609' title='bbox 1963 2556 2119 2625; x_wconf 88' lang='lat' dir='ltr'>quod</span> <span class='ocrx_word' id='word_1_610' title='bbox 2144 2556 2396 2607; x_wconf 91' lang='lat' dir='ltr'>futurum</span> <span class='ocrx_word' id='word_1_611' title='bbox 2423 2555 2724 2623; x_wconf 64' lang='lat' dir='ltr'>prophetae</span> <span class='ocrx_word' id='word_1_612' title='bbox 2748 2553 3165 2620; x_wconf 75' lang='lat' dir='ltr'>praedixerunt,</span> <span class='ocrx_word' id='word_1_613' title='bbox 3193 2552 3406 2605; x_wconf 86' lang='lat' dir='ltr'>factum</span> <span class='ocrx_word' id='word_1_614' title='bbox 3429 2550 3627 2605; x_wconf 86' lang='lat' dir='ltr'>Chris-</span> 
     </span>
    </p>
   </div>
   <div class='ocr_carea' id='block_1_87' title="bbox 1894 2640 3622 2711">
    <p class='ocr_par' dir='ltr' id='par_1_87' title="bbox 1894 2640 3622 2711">
     <span class='ocr_line' id='line_1_87' title="bbox 1894 2640 3622 2711; baseline -0.001 -15"><span class='ocrx_word' id='word_1_615' title='bbox 1894 2646 1897 2651; x_wconf 83' lang='grc'><em>’</em></span> <span class='ocrx_word' id='word_1_616' title='bbox 1962 2648 2057 2696; x_wconf 90' lang='lat' dir='ltr'>tus</span> <span class='ocrx_word' id='word_1_617' title='bbox 2088 2644 2367 2711; x_wconf 84' lang='lat' dir='ltr'>ostendit,</span> <span class='ocrx_word' id='word_1_618' title='bbox 2409 2643 2656 2711; x_wconf 88' lang='lat' dir='ltr'>apostoli</span> <span class='ocrx_word' id='word_1_619' title='bbox 2693 2642 3182 2711; x_wconf 64' lang='lat' dir='ltr'>praedicaverunt,</span> <span class='ocrx_word' id='word_1_620' title='bbox 3208 2640 3462 2694; x_wconf 82' lang='lat' dir='ltr'>mundus</span> <span class='ocrx_word' id='word_1_621' title='bbox 3498 2656 3622 2694; x_wconf 90' lang='lat' dir='ltr'>cre-</span> 
     </span>
    </p>
   </div>
   <div class='ocr_carea' id='block_1_88' title="bbox 1964 2728 3627 2799">
    <p class='ocr_par' dir='ltr' id='par_1_88' title="bbox 1964 2728 3627 2799">
     <span class='ocr_line' id='line_1_88' title="bbox 1964 2728 3627 2799; baseline -0.001 -15"><span class='ocrx_word' id='word_1_622' title='bbox 1964 2732 2126 2785; x_wconf 91' lang='lat' dir='ltr'>didit.</span> <span class='ocrx_word' id='word_1_623' title='bbox 2154 2733 2225 2784; x_wconf 86' lang='lat' dir='ltr'>At</span> <span class='ocrx_word' id='word_1_624' title='bbox 2246 2731 2641 2799; x_wconf 70' lang='lat' dir='ltr'>impanarivcl</span> <span class='ocrx_word' id='word_1_625' title='bbox 2671 2730 2919 2784; x_wconf 87' lang='lat' dir='ltr'>invinari</span> <span class='ocrx_word' id='word_1_626' title='bbox 2943 2730 3244 2783; x_wconf 86' lang='lat' dir='ltr'>Christum</span> <span class='ocrx_word' id='word_1_627' title='bbox 3268 2728 3424 2782; x_wconf 92' lang='lat' dir='ltr'>nulla</span> <span class='ocrx_word' id='word_1_628' title='bbox 3447 2729 3627 2797; x_wconf 90' lang='lat' dir='ltr'>(sicut</span> 
     </span>
    </p>
   </div>
   <div class='ocr_carea' id='block_1_89' title="bbox 1964 2818 3626 2888">
    <p class='ocr_par' dir='ltr' id='par_1_89' title="bbox 1964 2818 3626 2888">
     <span class='ocr_line' id='line_1_89' title="bbox 1964 2818 3626 2888; baseline -0.001 -16"><span class='ocrx_word' id='word_1_629' title='bbox 1964 2820 2353 2886; x_wconf 85' lang='lat' dir='ltr'>ostendimus)</span> <span class='ocrx_word' id='word_1_630' title='bbox 2386 2819 2597 2888; x_wconf 82' lang='lat' dir='ltr'>expetit</span> <span class='ocrx_word' id='word_1_631' title='bbox 2639 2820 2807 2883; x_wconf 89' lang='lat' dir='ltr'>ratio,</span> <span class='ocrx_word' id='word_1_632' title='bbox 2851 2834 2959 2872; x_wconf 91' lang='lat' dir='ltr'>nec</span> <span class='ocrx_word' id='word_1_633' title='bbox 2992 2818 3293 2888; x_wconf 70' lang='lat' dir='ltr'>prophetae</span> <span class='ocrx_word' id='word_1_634' title='bbox 3336 2818 3626 2886; x_wconf 81' lang='lat' dir='ltr'>praedixe-</span> 
     </span>
    </p>
   </div>
   <div class='ocr_carea' id='block_1_90' title="bbox 1960 2906 3624 2976">
    <p class='ocr_par' dir='ltr' id='par_1_90' title="bbox 1960 2906 3624 2976">
     <span class='ocr_line' id='line_1_90' title="bbox 1960 2906 3624 2976; baseline -0.001 -16"><span class='ocrx_word' id='word_1_635' title='bbox 1960 2912 2115 2975; x_wconf 88' lang='lat' dir='ltr'>runt,</span> <span class='ocrx_word' id='word_1_636' title='bbox 2139 2923 2245 2961; x_wconf 90' lang='lat' dir='ltr'>nec</span> <span class='ocrx_word' id='word_1_637' title='bbox 2262 2908 2534 2961; x_wconf 89' lang='lat' dir='ltr'>Christus</span> <span class='ocrx_word' id='word_1_638' title='bbox 2562 2907 2953 2974; x_wconf 85' lang='lat' dir='ltr'>ostendit,nec</span> <span class='ocrx_word' id='word_1_639' title='bbox 2984 2906 3233 2976; x_wconf 87' lang='lat' dir='ltr'>apostoli</span> <span class='ocrx_word' id='word_1_640' title='bbox 3254 2906 3624 2976; x_wconf 64' lang='lat' dir='ltr'>praedicave-</span> 
     </span>
    </p>
   </div>
   <div class='ocr_carea' id='block_1_91' title="bbox 1961 2993 3626 3065">
    <p class='ocr_par' dir='ltr' id='par_1_91' title="bbox 1961 2993 3626 3065">
     <span class='ocr_line' id='line_1_91' title="bbox 1961 2993 3626 3065; baseline -0.001 -16"><span class='ocrx_word' id='word_1_641' title='bbox 1961 3000 2114 3063; x_wconf 87' lang='lat' dir='ltr'>runt,</span> <span class='ocrx_word' id='word_1_642' title='bbox 2151 3012 2259 3049; x_wconf 90' lang='lat' dir='ltr'>nec</span> <span class='ocrx_word' id='word_1_643' title='bbox 2294 2996 2566 3064; x_wconf 85' lang='lat' dir='ltr'>mundus,</span> <span class='ocrx_word' id='word_1_644' title='bbox 2590 2996 2854 3065; x_wconf 90' lang='lat' dir='ltr'>exceptis</span> <span class='ocrx_word' id='word_1_645' title='bbox 2879 2995 2972 3048; x_wconf 91' lang='lat' dir='ltr'>his</span> <span class='ocrx_word' id='word_1_646' title='bbox 2989 2996 3371 3065; x_wconf 91' lang='lat' dir='ltr'>paucissimis</span> <span class='ocrx_word' id='word_1_647' title='bbox 3398 2993 3626 3049; x_wconf 74' lang='lat' dir='ltr'>haereti-</span> 
     </span>
    </p>
   </div>
   <div class='ocr_carea' id='block_1_92' title="bbox 1961 3085 2361 3149">
    <p class='ocr_par' dir='ltr' id='par_1_92' title="bbox 1961 3085 2361 3149">
     <span class='ocr_line' id='line_1_92' title="bbox 1961 3085 2361 3149; baseline 0 -12"><span class='ocrx_word' id='word_1_648' title='bbox 1961 3086 2069 3149; x_wconf 87' lang='lat' dir='ltr'>cis,</span> <span class='ocrx_word' id='word_1_649' title='bbox 2097 3085 2361 3138; x_wconf 78' lang='lat' dir='ltr'>credidit.</span> 
     </span>
    </p>
   </div>
   <div class='ocr_carea' id='block_1_93' title="bbox 2032 3171 3622 3243">
    <p class='ocr_par' dir='ltr' id='par_1_93' title="bbox 2032 3171 3622 3243">
     <span class='ocr_line' id='line_1_93' title="bbox 2032 3171 3622 3243; baseline 0 -18"><span class='ocrx_word' id='word_1_650' title='bbox 2032 3173 2199 3226; x_wconf 90' lang='lat' dir='ltr'>Unde</span> <span class='ocrx_word' id='word_1_651' title='bbox 2220 3174 2400 3243; x_wconf 91' lang='lat' dir='ltr'>igitur</span> <span class='ocrx_word' id='word_1_652' title='bbox 2421 3188 2525 3226; x_wconf 90' lang='lat' dir='ltr'>eos</span> <span class='ocrx_word' id='word_1_653' title='bbox 2545 3171 2733 3226; x_wconf 89' lang='lat' dir='ltr'>malus</span> <span class='ocrx_word' id='word_1_654' title='bbox 2755 3187 2923 3227; x_wconf 90' lang='lat' dir='ltr'>error</span> <span class='ocrx_word' id='word_1_655' title='bbox 2939 3172 3051 3225; x_wconf 91' lang='lat' dir='ltr'>ista</span> <span class='ocrx_word' id='word_1_656' title='bbox 3071 3172 3409 3241; x_wconf 83' lang='lat' dir='ltr'>persuasit?</span> <span class='ocrx_word' id='word_1_657' title='bbox 3439 3171 3622 3225; x_wconf 88' lang='lat' dir='ltr'>Totus</span> 
     </span>
    </p>
   </div>
   <div class='ocr_carea' id='block_1_94' title="bbox 1958 3261 3622 3328">
    <p class='ocr_par' dir='ltr' id='par_1_94' title="bbox 1958 3261 3622 3328">
     <span class='ocr_line' id='line_1_94' title="bbox 1958 3261 3622 3328; baseline -0.001 -13"><span class='ocrx_word' id='word_1_658' title='bbox 1958 3261 2213 3315; x_wconf 91' lang='lat' dir='ltr'>mundus</span> <span class='ocrx_word' id='word_1_659' title='bbox 2263 3262 2537 3328; x_wconf 85' lang='lat' dir='ltr'>concinit,</span> <span class='ocrx_word' id='word_1_660' title='bbox 2589 3262 2744 3315; x_wconf 90' lang='lat' dir='ltr'>sicut</span> <span class='ocrx_word' id='word_1_661' title='bbox 2790 3262 2980 3315; x_wconf 89' lang='lat' dir='ltr'>anima</span> <span class='ocrx_word' id='word_1_662' title='bbox 3030 3261 3333 3315; x_wconf 88' lang='lat' dir='ltr'>rationalis</span> <span class='ocrx_word' id='word_1_663' title='bbox 3385 3264 3440 3314; x_wconf 89' lang='lat' dir='ltr'>et</span> <span class='ocrx_word' id='word_1_664' title='bbox 3485 3275 3622 3314; x_wconf 89' lang='lat' dir='ltr'>caro</span> 
     </span>
    </p>
   </div>
   <div class='ocr_carea' id='block_1_95' title="bbox 1958 3350 3621 3415">
    <p class='ocr_par' dir='ltr' id='par_1_95' title="bbox 1958 3350 3621 3415">
     <span class='ocr_line' id='line_1_95' title="bbox 1958 3350 3621 3415; baseline 0.001 -11"><span class='ocrx_word' id='word_1_665' title='bbox 1958 3367 2113 3404; x_wconf 87' lang='lat' dir='ltr'>unus</span> <span class='ocrx_word' id='word_1_666' title='bbox 2146 3354 2236 3403; x_wconf 88' lang='lat' dir='ltr'>est</span> <span class='ocrx_word' id='word_1_667' title='bbox 2265 3350 2460 3415; x_wconf 90' lang='lat' dir='ltr'>homo,</span> <span class='ocrx_word' id='word_1_668' title='bbox 2502 3351 2575 3403; x_wconf 90' lang='lat' dir='ltr'>ita</span> <span class='ocrx_word' id='word_1_669' title='bbox 2614 3350 2769 3403; x_wconf 91' lang='lat' dir='ltr'>Deus</span> <span class='ocrx_word' id='word_1_670' title='bbox 2801 3353 2855 3403; x_wconf 90' lang='lat' dir='ltr'>et</span> <span class='ocrx_word' id='word_1_671' title='bbox 2887 3351 3060 3403; x_wconf 90' lang='lat' dir='ltr'>homo</span> <span class='ocrx_word' id='word_1_672' title='bbox 3105 3367 3260 3404; x_wconf 91' lang='lat' dir='ltr'>unus</span> <span class='ocrx_word' id='word_1_673' title='bbox 3290 3355 3383 3405; x_wconf 88' lang='lat' dir='ltr'>est</span> <span class='ocrx_word' id='word_1_674' title='bbox 3412 3350 3621 3405; x_wconf 89' lang='lat' dir='ltr'>Chris-</span> 
     </span>
    </p>
   </div>
   <div class='ocr_carea' id='block_1_96' title="bbox 1957 3439 3622 3510">
    <p class='ocr_par' dir='ltr' id='par_1_96' title="bbox 1957 3439 3622 3510">
     <span class='ocr_line' id='line_1_96' title="bbox 1957 3439 3622 3510; baseline 0.001 -17"><span class='ocrx_word' id='word_1_675' title='bbox 1957 3445 2073 3494; x_wconf 87' lang='lat' dir='ltr'>tus.</span> <span class='ocrx_word' id='word_1_676' title='bbox 2118 3440 2303 3493; x_wconf 75' lang='lat' dir='ltr'>Nemo</span> <span class='ocrx_word' id='word_1_677' title='bbox 2345 3440 2541 3493; x_wconf 90' lang='lat' dir='ltr'>dicere</span> <span class='ocrx_word' id='word_1_678' title='bbox 2573 3440 2765 3508; x_wconf 89' lang='lat' dir='ltr'>audet,</span> <span class='ocrx_word' id='word_1_679' title='bbox 2814 3439 2891 3492; x_wconf 86' lang='lat' dir='ltr'>ita</span> <span class='ocrx_word' id='word_1_680' title='bbox 2924 3440 3081 3493; x_wconf 91' lang='lat' dir='ltr'>Deus</span> <span class='ocrx_word' id='word_1_681' title='bbox 3115 3443 3171 3493; x_wconf 90' lang='lat' dir='ltr'>et</span> <span class='ocrx_word' id='word_1_682' title='bbox 3200 3440 3396 3509; x_wconf 89' lang='lat' dir='ltr'>homo,</span> <span class='ocrx_word' id='word_1_683' title='bbox 3431 3444 3487 3494; x_wconf 88' lang='lat' dir='ltr'>et</span> <span class='ocrx_word' id='word_1_684' title='bbox 3515 3456 3622 3510; x_wconf 89' lang='lat' dir='ltr'>pa-</span> 
     </span>
    </p>
   </div>
   <div class='ocr_carea' id='block_1_97' title="bbox 1956 3527 3621 3600">
    <p class='ocr_par' dir='ltr' id='par_1_97' title="bbox 1956 3527 3621 3600">
     <span class='ocr_line' id='line_1_97' title="bbox 1956 3527 3621 3600; baseline 0.001 -18"><span class='ocrx_word' id='word_1_685' title='bbox 1956 3529 2049 3583; x_wconf 92' lang='lat' dir='ltr'>nis</span> <span class='ocrx_word' id='word_1_686' title='bbox 2082 3532 2136 3582; x_wconf 92' lang='lat' dir='ltr'>et</span> <span class='ocrx_word' id='word_1_687' title='bbox 2164 3529 2385 3597; x_wconf 89' lang='lat' dir='ltr'>vinum,</span> <span class='ocrx_word' id='word_1_688' title='bbox 2423 3545 2574 3582; x_wconf 90' lang='lat' dir='ltr'>unus</span> <span class='ocrx_word' id='word_1_689' title='bbox 2608 3533 2699 3582; x_wconf 92' lang='lat' dir='ltr'>est</span> <span class='ocrx_word' id='word_1_690' title='bbox 2728 3527 3024 3583; x_wconf 89' lang='lat' dir='ltr'>Christus.</span> <span class='ocrx_word' id='word_1_691' title='bbox 3071 3528 3237 3583; x_wconf 89' lang='lat' dir='ltr'>Unde</span> <span class='ocrx_word' id='word_1_692' title='bbox 3276 3529 3459 3600; x_wconf 92' lang='lat' dir='ltr'>igitur</span> <span class='ocrx_word' id='word_1_693' title='bbox 3487 3529 3621 3584; x_wconf 90' lang='lat' dir='ltr'>istis</span> 
     </span>
    </p>
   </div>
   <div class='ocr_carea' id='block_1_98' title="bbox 1956 3617 3621 3688">
    <p class='ocr_par' dir='ltr' id='par_1_98' title="bbox 1956 3617 3621 3688">
     <span class='ocr_line' id='line_1_98' title="bbox 1956 3617 3621 3688; baseline 0 -17"><span class='ocrx_word' id='word_1_694' title='bbox 1956 3618 2084 3671; x_wconf 64' lang='lat' dir='ltr'>haec</span> <span class='ocrx_word' id='word_1_695' title='bbox 2133 3633 2282 3671; x_wconf 90' lang='lat' dir='ltr'>nova</span> <span class='ocrx_word' id='word_1_696' title='bbox 2334 3618 2744 3686; x_wconf 83' lang='lat' dir='ltr'>companatio?</span> <span class='ocrx_word' id='word_1_697' title='bbox 2772 3617 2963 3682; x_wconf 88' lang='lat' dir='ltr'>Quare</span> <span class='ocrx_word' id='word_1_698' title='bbox 3012 3618 3104 3672; x_wconf 91' lang='lat' dir='ltr'>vel</span> <span class='ocrx_word' id='word_1_699' title='bbox 3136 3618 3457 3688; x_wconf 87' lang='lat' dir='ltr'>Apostolus</span> <span class='ocrx_word' id='word_1_700' title='bbox 3505 3633 3621 3673; x_wconf 91' lang='lat' dir='ltr'>non</span> 
     </span>
    </p>
   </div>
   <div class='ocr_carea' id='block_1_99' title="bbox 1956 3707 3625 3778">
    <p class='ocr_par' dir='ltr' id='par_1_99' title="bbox 1956 3707 3625 3778">
     <span class='ocr_line' id='line_1_99' title="bbox 1956 3707 3625 3778; baseline 0.001 -17"><span class='ocrx_word' id='word_1_701' title='bbox 1956 3707 2163 3761; x_wconf 84' lang='lat' dir='ltr'>terruit</span> <span class='ocrx_word' id='word_1_702' title='bbox 2187 3723 2311 3771; x_wconf 88' lang='lat' dir='ltr'>cos,</span> <span class='ocrx_word' id='word_1_703' title='bbox 2347 3707 2555 3760; x_wconf 88' lang='lat' dir='ltr'>dlcens</span> <span class='ocrx_word' id='word_1_704' title='bbox 2590 3723 2600 3760; x_wconf 94' lang='lat'>:</span> <span class='ocrx_word' id='word_1_705' title='bbox 2638 3707 2708 3760; x_wconf 77' lang='lat' dir='ltr'>Si</span> <span class='ocrx_word' id='word_1_706' title='bbox 2738 3707 2868 3776; x_wconf 84' lang='lat' dir='ltr'>quis</span> <span class='ocrx_word' id='word_1_707' title='bbox 2907 3707 3353 3761; x_wconf 78' lang='lat' dir='ltr'>annuntiaverit</span> <span class='ocrx_word' id='word_1_708' title='bbox 3392 3713 3625 3778; x_wconf 70' lang='lat' dir='ltr'>praeter</span> 
     </span>
    </p>
   </div>
   <div class='ocr_carea' id='block_1_100' title="bbox 1957 3794 3617 3868">
    <p class='ocr_par' dir='ltr' id='par_1_100' title="bbox 1957 3794 3617 3868">
     <span class='ocr_line' id='line_1_100' title="bbox 1957 3794 3617 3868; baseline 0.002 -20"><span class='ocrx_word' id='word_1_709' title='bbox 1957 3812 2121 3866; x_wconf 76' lang='lat' dir='ltr'>quam</span> <span class='ocrx_word' id='word_1_710' title='bbox 2137 3795 2284 3866; x_wconf 81' lang='lat' dir='ltr'>quod</span> <span class='ocrx_word' id='word_1_711' title='bbox 2297 3812 2368 3847; x_wconf 84' lang='lat' dir='ltr'>an</span> <span class='ocrx_word' id='word_1_712' title='bbox 2378 3797 2577 3848; x_wconf 76' lang='lat' dir='ltr'>nuntia</span> <span class='ocrx_word' id='word_1_713' title='bbox 2591 3796 2777 3849; x_wconf 83' lang='lat' dir='ltr'>vimus</span> <span class='ocrx_word' id='word_1_714' title='bbox 2795 3795 3299 3864; x_wconf 80' lang='lat' dir='ltr'>vobis,anathema</span> <span class='ocrx_word' id='word_1_715' title='bbox 3315 3797 3396 3850; x_wconf 82' lang='lat' dir='ltr'>sit</span> <span class='ocrx_word' id='word_1_716' title='bbox 3414 3797 3435 3850; x_wconf 87' lang='lat'>.’</span> <span class='ocrx_word' id='word_1_717' title='bbox 3459 3794 3617 3868; x_wconf 86' lang='lat' dir='ltr'>(Gal.</span> 
     </span>
    </p>
   </div>
   <div class='ocr_carea' id='block_1_101' title="bbox 1956 3880 3625 3954">
    <p class='ocr_par' dir='ltr' id='par_1_101' title="bbox 1956 3880 3625 3954">
     <span class='ocr_line' id='line_1_101' title="bbox 1956 3880 3625 3954; baseline 0.001 -16"><span class='ocrx_word' id='word_1_718' title='bbox 1956 3886 2021 3954; x_wconf 83' lang='grc' dir='ltr'>ι.)</span> <span class='ocrx_word' id='word_1_719' title='bbox 2042 3880 2340 3937; x_wconf 85' lang='lat' dir='ltr'>Christum</span> <span class='ocrx_word' id='word_1_720' title='bbox 2369 3883 2524 3938; x_wconf 89' lang='lat' dir='ltr'>enim</span> <span class='ocrx_word' id='word_1_721' title='bbox 2556 3884 2653 3936; x_wconf 91' lang='lat' dir='ltr'>isti</span> <span class='ocrx_word' id='word_1_722' title='bbox 2688 3885 3043 3953; x_wconf 88' lang='lat' dir='ltr'>impanatum</span> <span class='ocrx_word' id='word_1_723' title='bbox 3067 3888 3123 3938; x_wconf 89' lang='lat' dir='ltr'>et</span> <span class='ocrx_word' id='word_1_724' title='bbox 3161 3885 3486 3939; x_wconf 90' lang='lat' dir='ltr'>invinatum</span> <span class='ocrx_word' id='word_1_725' title='bbox 3517 3901 3625 3939; x_wconf 92' lang='lat' dir='ltr'>an-</span> 
     </span>
    </p>
   </div>
   <div class='ocr_carea' id='block_1_102' title="bbox 1956 3971 3624 4043">
    <p class='ocr_par' dir='ltr' id='par_1_102' title="bbox 1956 3971 3624 4043">
     <span class='ocr_line' id='line_1_102' title="bbox 1956 3971 3624 4043; baseline 0.002 -17"><span class='ocrx_word' id='word_1_726' title='bbox 1956 3975 2243 4040; x_wconf 91' lang='lat' dir='ltr'>nuntiant,</span> <span class='ocrx_word' id='word_1_727' title='bbox 2306 3972 2411 4026; x_wconf 88' lang='lat' dir='ltr'>sed</span> <span class='ocrx_word' id='word_1_728' title='bbox 2464 3972 2809 4042; x_wconf 89' lang='lat' dir='ltr'>hujusmodi</span> <span class='ocrx_word' id='word_1_729' title='bbox 2850 3971 3151 4026; x_wconf 80' lang='lat' dir='ltr'>Christum</span> <span class='ocrx_word' id='word_1_730' title='bbox 3204 3974 3456 4043; x_wconf 90' lang='lat' dir='ltr'>apostoli</span> <span class='ocrx_word' id='word_1_731' title='bbox 3504 3990 3624 4033; x_wconf 90' lang='lat' dir='ltr'>non</span> 
     </span>
    </p>
   </div>
   <div class='ocr_carea' id='block_1_103' title="bbox 1954 4060 3620 4131">
    <p class='ocr_par' dir='ltr' id='par_1_103' title="bbox 1954 4060 3620 4131">
     <span class='ocr_line' id='line_1_103' title="bbox 1954 4060 3620 4131; baseline 0.001 -16"><span class='ocrx_word' id='word_1_732' title='bbox 1954 4060 2799 4115; x_wconf 84' lang='lat' dir='ltr'>annuntiaverunt.Anathema</span> <span class='ocrx_word' id='word_1_733' title='bbox 2823 4060 3003 4131; x_wconf 87' lang='lat' dir='ltr'>igitur</span> <span class='ocrx_word' id='word_1_734' title='bbox 3022 4061 3117 4114; x_wconf 89' lang='lat' dir='ltr'>isti</span> <span class='ocrx_word' id='word_1_735' title='bbox 3143 4062 3466 4131; x_wconf 87' lang='lat' dir='ltr'>apostolica</span> <span class='ocrx_word' id='word_1_736' title='bbox 3485 4079 3620 4117; x_wconf 88' lang='lat' dir='ltr'>auc-</span> 
     </span>
    </p>
   </div>
   <div class='ocr_carea' id='block_1_104' title="bbox 1952 4149 3620 4219">
    <p class='ocr_par' dir='ltr' id='par_1_104' title="bbox 1952 4149 3620 4219">
     <span class='ocr_line' id='line_1_104' title="bbox 1952 4149 3620 4219; baseline 0.002 -15"><span class='ocrx_word' id='word_1_737' title='bbox 1952 4152 2180 4205; x_wconf 89' lang='lat' dir='ltr'>toritate</span> <span class='ocrx_word' id='word_1_738' title='bbox 2204 4153 2526 4204; x_wconf 82' lang='lat' dir='ltr'>incurrunt.</span> <span class='ocrx_word' id='word_1_739' title='bbox 2554 4150 2768 4203; x_wconf 87' lang='lat' dir='ltr'>Beatus</span> <span class='ocrx_word' id='word_1_740' title='bbox 2793 4166 2936 4204; x_wconf 88' lang='lat' dir='ltr'>sane</span> <span class='ocrx_word' id='word_1_741' title='bbox 2962 4149 3340 4219; x_wconf 84' lang='lat' dir='ltr'>Ambrosius,</span> <span class='ocrx_word' id='word_1_742' title='bbox 3374 4152 3434 4204; x_wconf 90' lang='lat' dir='ltr'>in</span> <span class='ocrx_word' id='word_1_743' title='bbox 3464 4152 3620 4208; x_wconf 88' lang='lat' dir='ltr'>libro</span> 
     </span>
    </p>
   </div>
   <div class='ocr_carea' id='block_1_105' title="bbox 1912 4238 3618 4310">
    <p class='ocr_par' dir='ltr' id='par_1_105' title="bbox 1912 4238 3618 4310">
     <span class='ocr_line' id='line_1_105' title="bbox 1912 4238 3618 4310; baseline 0.001 -17"><span class='ocrx_word' id='word_1_744' title='bbox 1912 4272 1913 4275; x_wconf 60' lang='grc' dir='ltr'><strong>η</strong></span> <span class='ocrx_word' id='word_1_745' title='bbox 1954 4240 2035 4293; x_wconf 90' lang='lat' dir='ltr'>De</span> <span class='ocrx_word' id='word_1_746' title='bbox 2051 4240 2441 4293; x_wconf 88' lang='lat' dir='ltr'>sacramentis</span> <span class='ocrx_word' id='word_1_747' title='bbox 2457 4240 2566 4308; x_wconf 84' lang='lat' dir='ltr'>(De</span> <span class='ocrx_word' id='word_1_748' title='bbox 2584 4239 2898 4310; x_wconf 76' lang='lat' dir='ltr'>mysteriis</span> <span class='ocrx_word' id='word_1_749' title='bbox 2917 4238 3253 4308; x_wconf 82' lang='lat' dir='ltr'>initiandis,</span> <span class='ocrx_word' id='word_1_750' title='bbox 3280 4255 3331 4293; x_wconf 93' lang='lat' dir='ltr'>c.</span> <span class='ocrx_word' id='word_1_751' title='bbox 3354 4239 3409 4308; x_wconf 92' lang='lat'>9)</span> <span class='ocrx_word' id='word_1_752' title='bbox 3432 4240 3502 4294; x_wconf 90' lang='lat' dir='ltr'>de</span> <span class='ocrx_word' id='word_1_753' title='bbox 3522 4240 3618 4295; x_wconf 92' lang='lat' dir='ltr'>his</span> 
     </span>
    </p>
   </div>
   <div class='ocr_carea' id='block_1_106' title="bbox 1951 4327 3617 4397">
    <p class='ocr_par' dir='ltr' id='par_1_106' title="bbox 1951 4327 3617 4397">
     <span class='ocr_line' id='line_1_106' title="bbox 1951 4327 3617 4397; baseline 0.001 -15"><span class='ocrx_word' id='word_1_754' title='bbox 1951 4329 2189 4397; x_wconf 85' lang='lat' dir='ltr'>copiose</span> <span class='ocrx_word' id='word_1_755' title='bbox 2222 4329 2551 4393; x_wconf 85' lang='lat' dir='ltr'>disserens,</span> <span class='ocrx_word' id='word_1_756' title='bbox 2587 4344 2701 4382; x_wconf 89' lang='lat' dir='ltr'>non</span> <span class='ocrx_word' id='word_1_757' title='bbox 2732 4327 2791 4380; x_wconf 90' lang='lat' dir='ltr'>in</span> <span class='ocrx_word' id='word_1_758' title='bbox 2829 4343 2978 4397; x_wconf 87' lang='lat' dir='ltr'>pane</span> <span class='ocrx_word' id='word_1_759' title='bbox 3014 4331 3071 4381; x_wconf 89' lang='lat' dir='ltr'>et</span> <span class='ocrx_word' id='word_1_760' title='bbox 3125 4327 3263 4382; x_wconf 89' lang='lat' dir='ltr'>vino</span> <span class='ocrx_word' id='word_1_761' title='bbox 3312 4342 3530 4397; x_wconf 90' lang='lat' dir='ltr'>corpus</span> <span class='ocrx_word' id='word_1_762' title='bbox 3561 4333 3617 4385; x_wconf 87' lang='lat' dir='ltr'>et</span> 
     </span>
    </p>
   </div>
   <div class='ocr_carea' id='block_1_107' title="bbox 1950 4416 3616 4486">
    <p class='ocr_par' dir='ltr' id='par_1_107' title="bbox 1950 4416 3616 4486">
     <span class='ocr_line' id='line_1_107' title="bbox 1950 4416 3616 4486; baseline 0.003 -18"><span class='ocrx_word' id='word_1_763' title='bbox 1950 4418 2298 4486; x_wconf 86' lang='lat' dir='ltr'>sanguinem</span> <span class='ocrx_word' id='word_1_764' title='bbox 2338 4417 2566 4470; x_wconf 90' lang='lat' dir='ltr'>Domini</span> <span class='ocrx_word' id='word_1_765' title='bbox 2608 4416 2808 4483; x_wconf 88' lang='lat' dir='ltr'>latere,</span> <span class='ocrx_word' id='word_1_766' title='bbox 2843 4416 2949 4470; x_wconf 90' lang='lat' dir='ltr'>sed</span> <span class='ocrx_word' id='word_1_767' title='bbox 2982 4431 3192 4486; x_wconf 90' lang='lat' dir='ltr'>panem</span> <span class='ocrx_word' id='word_1_768' title='bbox 3226 4419 3283 4470; x_wconf 90' lang='lat' dir='ltr'>et</span> <span class='ocrx_word' id='word_1_769' title='bbox 3325 4417 3521 4472; x_wconf 88' lang='lat' dir='ltr'>vinum</span> <span class='ocrx_word' id='word_1_770' title='bbox 3556 4418 3616 4473; x_wconf 89' lang='lat' dir='ltr'>in</span> 
     </span>
    </p>
   </div>
   <div class='ocr_carea' id='block_1_108' title="bbox 1949 4505 3614 4577">
    <p class='ocr_par' dir='ltr' id='par_1_108' title="bbox 1949 4505 3614 4577">
     <span class='ocr_line' id='line_1_108' title="bbox 1949 4505 3614 4577; baseline 0.002 -19"><span class='ocrx_word' id='word_1_771' title='bbox 1949 4521 2166 4574; x_wconf 91' lang='lat' dir='ltr'>corpus</span> <span class='ocrx_word' id='word_1_772' title='bbox 2199 4511 2253 4560; x_wconf 89' lang='lat' dir='ltr'>et</span> <span class='ocrx_word' id='word_1_773' title='bbox 2276 4507 2626 4577; x_wconf 87' lang='lat' dir='ltr'>sanguinem</span> <span class='ocrx_word' id='word_1_774' title='bbox 2650 4505 2879 4559; x_wconf 91' lang='lat' dir='ltr'>Domini</span> <span class='ocrx_word' id='word_1_775' title='bbox 2915 4506 3257 4559; x_wconf 89' lang='lat' dir='ltr'>commutari</span> <span class='ocrx_word' id='word_1_776' title='bbox 3292 4506 3509 4576; x_wconf 92' lang='lat' dir='ltr'>docuit,</span> <span class='ocrx_word' id='word_1_777' title='bbox 3535 4507 3614 4562; x_wconf 87' lang='lat' dir='ltr'>ita</span> 
     </span>
    </p>
   </div>
   <div class='ocr_carea' id='block_1_109' title="bbox 1947 4593 3614 4666">
    <p class='ocr_par' dir='ltr' id='par_1_109' title="bbox 1947 4593 3614 4666">
     <span class='ocr_line' id='line_1_109' title="bbox 1947 4593 3614 4666; baseline 0.002 -20"><span class='ocrx_word' id='word_1_778' title='bbox 1947 4593 2153 4647; x_wconf 88' lang='lat' dir='ltr'>dicens</span> <span class='ocrx_word' id='word_1_779' title='bbox 2188 4610 2199 4648; x_wconf 77' lang='grc' dir='ltr'><strong>ε</strong></span> <span class='ocrx_word' id='word_1_780' title='bbox 2236 4594 2293 4647; x_wconf 88' lang='lat' dir='ltr'>Si</span> <span class='ocrx_word' id='word_1_781' title='bbox 2327 4595 2508 4666; x_wconf 86' lang='lat' dir='ltr'>igitur</span> <span class='ocrx_word' id='word_1_782' title='bbox 2542 4597 2694 4647; x_wconf 90' lang='lat' dir='ltr'>tanta</span> <span class='ocrx_word' id='word_1_783' title='bbox 2728 4594 2823 4647; x_wconf 91' lang='lat' dir='ltr'>vis</span> <span class='ocrx_word' id='word_1_784' title='bbox 2856 4597 2947 4649; x_wconf 89' lang='lat' dir='ltr'>est</span> <span class='ocrx_word' id='word_1_785' title='bbox 2978 4596 3036 4647; x_wconf 92' lang='lat' dir='ltr'>in</span> <span class='ocrx_word' id='word_1_786' title='bbox 3069 4610 3347 4650; x_wconf 89' lang='lat' dir='ltr'>sermone</span> <span class='ocrx_word' id='word_1_787' title='bbox 3380 4595 3614 4651; x_wconf 91' lang='lat' dir='ltr'>Domini</span> 
     </span>
    </p>
   </div>
   <div class='ocr_carea' id='block_1_110' title="bbox 1945 4683 3610 4756">
    <p class='ocr_par' dir='ltr' id='par_1_110' title="bbox 1945 4683 3610 4756">
     <span class='ocr_line' id='line_1_110' title="bbox 1945 4683 3610 4756; baseline 0.003 -19"><span class='ocrx_word' id='word_1_788' title='bbox 1945 4683 2092 4737; x_wconf 81' lang='lat' dir='ltr'>Jesu</span> <span class='ocrx_word' id='word_1_789' title='bbox 2140 4685 2202 4736; x_wconf 92' lang='lat' dir='ltr'>ut</span> <span class='ocrx_word' id='word_1_790' title='bbox 2245 4683 2570 4752; x_wconf 88' lang='lat' dir='ltr'>inciperent</span> <span class='ocrx_word' id='word_1_791' title='bbox 2622 4699 2759 4737; x_wconf 88' lang='lat' dir='ltr'>esse</span> <span class='ocrx_word' id='word_1_792' title='bbox 2808 4700 2940 4754; x_wconf 71' lang='lat' dir='ltr'>quae</span> <span class='ocrx_word' id='word_1_793' title='bbox 2980 4700 3099 4739; x_wconf 92' lang='lat' dir='ltr'>non</span> <span class='ocrx_word' id='word_1_794' title='bbox 3156 4687 3340 4753; x_wconf 85' lang='lat' dir='ltr'>erant,</span> <span class='ocrx_word' id='word_1_795' title='bbox 3392 4690 3610 4756; x_wconf 87' lang='lat' dir='ltr'>quanto</span> 
     </span>
    </p>
   </div>
   <div class='ocr_carea' id='block_1_111' title="bbox 1946 4772 3611 4844">
    <p class='ocr_par' dir='ltr' id='par_1_111' title="bbox 1946 4772 3611 4844">
     <span class='ocr_line' id='line_1_111' title="bbox 1946 4772 3611 4844; baseline 0.003 -19"><span class='ocrx_word' id='word_1_796' title='bbox 1946 4774 2137 4843; x_wconf 91' lang='lat' dir='ltr'>magis</span> <span class='ocrx_word' id='word_1_797' title='bbox 2152 4773 2519 4842; x_wconf 87' lang='lat' dir='ltr'>operatorius</span> <span class='ocrx_word' id='word_1_798' title='bbox 2535 4775 2644 4842; x_wconf 89' lang='lat' dir='ltr'>est,</span> <span class='ocrx_word' id='word_1_799' title='bbox 2671 4776 2728 4826; x_wconf 92' lang='lat' dir='ltr'>ut</span> <span class='ocrx_word' id='word_1_800' title='bbox 2757 4772 2875 4826; x_wconf 90' lang='lat' dir='ltr'>sint</span> <span class='ocrx_word' id='word_1_801' title='bbox 2906 4789 3037 4844; x_wconf 79' lang='lat' dir='ltr'>quae</span> <span class='ocrx_word' id='word_1_802' title='bbox 3061 4777 3225 4827; x_wconf 88' lang='lat' dir='ltr'>erant</span> <span class='ocrx_word' id='word_1_803' title='bbox 3256 4775 3312 4827; x_wconf 88' lang='lat' dir='ltr'>et</span> <span class='ocrx_word' id='word_1_804' title='bbox 3345 4773 3404 4827; x_wconf 91' lang='lat' dir='ltr'>in</span> <span class='ocrx_word' id='word_1_805' title='bbox 3451 4775 3611 4831; x_wconf 91' lang='lat' dir='ltr'>aliud</span> 
     </span>
    </p>
   </div>
   <div class='ocr_carea' id='block_1_112' title="bbox 1947 4861 3609 4934">
    <p class='ocr_par' dir='ltr' id='par_1_112' title="bbox 1947 4861 3609 4934">
     <span class='ocr_line' id='line_1_112' title="bbox 1947 4861 3609 4934; baseline 0.004 -20"><span class='ocrx_word' id='word_1_806' title='bbox 1947 4862 2412 4915; x_wconf 79' lang='lat' dir='ltr'>commutentur?</span> <span class='ocrx_word' id='word_1_807' title='bbox 2432 4861 2619 4916; x_wconf 89' lang='lat' dir='ltr'>Audis</span> <span class='ocrx_word' id='word_1_808' title='bbox 2650 4862 2832 4933; x_wconf 90' lang='lat' dir='ltr'>igitur</span> <span class='ocrx_word' id='word_1_809' title='bbox 2854 4863 2989 4934; x_wconf 88' lang='lat' dir='ltr'>quia</span> <span class='ocrx_word' id='word_1_810' title='bbox 3022 4862 3119 4915; x_wconf 75' lang='lat' dir='ltr'>«in</span> <span class='ocrx_word' id='word_1_811' title='bbox 3144 4863 3301 4919; x_wconf 89' lang='lat' dir='ltr'>aliud</span> <span class='ocrx_word' id='word_1_812' title='bbox 3340 4879 3609 4921; x_wconf 88' lang='lat' dir='ltr'>commu-</span> 
     </span>
    </p>
   </div>
   <div class='ocr_carea' id='block_1_113' title="bbox 1946 4949 3609 5024">
    <p class='ocr_par' dir='ltr' id='par_1_113' title="bbox 1946 4949 3609 5024">
     <span class='ocr_line' id='line_1_113' title="bbox 1946 4949 3609 5024; baseline 0.004 -21"><span class='ocrx_word' id='word_1_813' title='bbox 1946 4953 2157 5004; x_wconf 90' lang='lat' dir='ltr'>tantur.</span> <span class='ocrx_word' id='word_1_814' title='bbox 2180 4972 2200 4998; x_wconf 77' lang='grc' dir='ltr'>ι»</span> <span class='ocrx_word' id='word_1_815' title='bbox 2242 4949 2312 5004; x_wconf 81' lang='lat' dir='ltr'>Et</span> <span class='ocrx_word' id='word_1_816' title='bbox 2346 4951 2457 5004; x_wconf 93' lang='lat' dir='ltr'>hoc</span> <span class='ocrx_word' id='word_1_817' title='bbox 2489 4950 2803 5022; x_wconf 89' lang='lat' dir='ltr'>diligenter</span> <span class='ocrx_word' id='word_1_818' title='bbox 2836 4954 2990 5020; x_wconf 90' lang='lat' dir='ltr'>nota,</span> <span class='ocrx_word' id='word_1_819' title='bbox 3034 4952 3169 5022; x_wconf 88' lang='lat' dir='ltr'>quia</span> <span class='ocrx_word' id='word_1_820' title='bbox 3191 4967 3309 5006; x_wconf 92' lang='lat' dir='ltr'>non</span> <span class='ocrx_word' id='word_1_821' title='bbox 3345 4952 3511 5024; x_wconf 87' lang='lat' dir='ltr'>dixit,</span> <span class='ocrx_word' id='word_1_822' title='bbox 3545 4957 3609 5009; x_wconf 91' lang='lat' dir='ltr'>ut</span> 
     </span>
    </p>
   </div>
   <div class='ocr_carea' id='block_1_114' title="bbox 1946 5039 3600 5114">
    <p class='ocr_par' dir='ltr' id='par_1_114' title="bbox 1946 5039 3600 5114">
     <span class='ocr_line' id='line_1_114' title="bbox 1946 5039 3600 5114; baseline 0.003 -22"><span class='ocrx_word' id='word_1_823' title='bbox 1946 5040 2062 5092; x_wconf 89' lang='lat' dir='ltr'>sint</span> <span class='ocrx_word' id='word_1_824' title='bbox 2092 5039 2246 5110; x_wconf 92' lang='lat' dir='ltr'>quod</span> <span class='ocrx_word' id='word_1_825' title='bbox 2272 5042 2456 5108; x_wconf 91' lang='lat' dir='ltr'>crant,</span> <span class='ocrx_word' id='word_1_826' title='bbox 2497 5040 2601 5093; x_wconf 90' lang='lat' dir='ltr'>sed</span> <span class='ocrx_word' id='word_1_827' title='bbox 2636 5043 2694 5093; x_wconf 86' lang='lat' dir='ltr'>ut</span> <span class='ocrx_word' id='word_1_828' title='bbox 2726 5055 2791 5094; x_wconf 89' lang='lat' dir='ltr'>ea</span> <span class='ocrx_word' id='word_1_829' title='bbox 2824 5056 2956 5111; x_wconf 65' lang='lat' dir='ltr'>quae</span> <span class='ocrx_word' id='word_1_830' title='bbox 2990 5043 3154 5095; x_wconf 89' lang='lat' dir='ltr'>erant</span> <span class='ocrx_word' id='word_1_831' title='bbox 3193 5041 3423 5112; x_wconf 90' lang='lat' dir='ltr'>(inquit)</span> <span class='ocrx_word' id='word_1_832' title='bbox 3463 5043 3600 5114; x_wconf 86' lang='lat' dir='ltr'>sint,</span> 
     </span>
    </p>
   </div>
   <div class='ocr_carea' id='block_1_115' title="bbox 1945 5127 3602 5199">
    <p class='ocr_par' dir='ltr' id='par_1_115' title="bbox 1945 5127 3602 5199">
     <span class='ocr_line' id='line_1_115' title="bbox 1945 5127 3602 5199; baseline 0.004 -18"><span class='ocrx_word' id='word_1_833' title='bbox 1945 5128 2051 5181; x_wconf 89' lang='lat' dir='ltr'>sed</span> <span class='ocrx_word' id='word_1_834' title='bbox 2081 5128 2236 5181; x_wconf 89' lang='lat' dir='ltr'>aliud</span> <span class='ocrx_word' id='word_1_835' title='bbox 2268 5144 2441 5198; x_wconf 90' lang='lat' dir='ltr'>quam</span> <span class='ocrx_word' id='word_1_836' title='bbox 2489 5131 2672 5183; x_wconf 89' lang='lat' dir='ltr'>erant.</span> <span class='ocrx_word' id='word_1_837' title='bbox 2715 5127 2880 5193; x_wconf 89' lang='lat' dir='ltr'>Quod</span> <span class='ocrx_word' id='word_1_838' title='bbox 2914 5129 3144 5183; x_wconf 88' lang='lat' dir='ltr'>videtur</span> <span class='ocrx_word' id='word_1_839' title='bbox 3181 5130 3422 5199; x_wconf 90' lang='lat' dir='ltr'>sentire,</span> <span class='ocrx_word' id='word_1_840' title='bbox 3469 5147 3602 5187; x_wconf 91' lang='lat' dir='ltr'>cum</span> 
     </span>
    </p>
   </div>
   <div class='ocr_carea' id='block_1_116' title="bbox 1943 5202 3602 5290">
    <p class='ocr_par' dir='ltr' id='par_1_116' title="bbox 1943 5202 3602 5290">
     <span class='ocr_line' id='line_1_116' title="bbox 1943 5202 3602 5290; baseline 0.004 -20"><span class='ocrx_word' id='word_1_841' title='bbox 1943 5215 2273 5288; x_wconf 82' lang='lat' dir='ltr'>subjungit,</span> <span class='ocrx_word' id='word_1_842' title='bbox 2294 5239 2315 5266; x_wconf 74' lang='grc' dir='ltr'>α</span> <span class='ocrx_word' id='word_1_843' title='bbox 2334 5220 2390 5271; x_wconf 89' lang='lat' dir='ltr'>et</span> <span class='ocrx_word' id='word_1_844' title='bbox 2410 5218 2468 5271; x_wconf 91' lang='lat' dir='ltr'>in</span> <span class='ocrx_word' id='word_1_845' title='bbox 2488 5217 2639 5271; x_wconf 87' lang='lat' dir='ltr'>aliud</span> <span class='ocrx_word' id='word_1_846' title='bbox 2665 5221 3113 5287; x_wconf 90' lang='lat' dir='ltr'>commutentur,</span> <span class='ocrx_word' id='word_1_847' title='bbox 3136 5202 3410 5290; x_wconf 86' lang='lat' dir='ltr'>tanquam</span> <span class='ocrx_word' id='word_1_848' title='bbox 3432 5236 3602 5276; x_wconf 90' lang='lat' dir='ltr'>suam</span> 
     </span>
    </p>
   </div>
   <div class='ocr_carea' id='block_1_117' title="bbox 1941 5306 3602 5377">
    <p class='ocr_par' dir='ltr' id='par_1_117' title="bbox 1941 5306 3602 5377">
     <span class='ocr_line' id='line_1_117' title="bbox 1941 5306 3602 5377; baseline 0.004 -18"><span class='ocrx_word' id='word_1_849' title='bbox 1941 5308 2431 5374; x_wconf 87' lang='lat' dir='ltr'>comparationem</span> <span class='ocrx_word' id='word_1_850' title='bbox 2474 5307 2811 5377; x_wconf 83' lang='lat' dir='ltr'>explicaret,</span> <span class='ocrx_word' id='word_1_851' title='bbox 2858 5307 2945 5361; x_wconf 92' lang='lat' dir='ltr'>sic</span> <span class='ocrx_word' id='word_1_852' title='bbox 2981 5324 2991 5361; x_wconf 93' lang='lat'><strong>:</strong></span> <span class='ocrx_word' id='word_1_853' title='bbox 3028 5306 3089 5361; x_wconf 92' lang='lat' dir='ltr'>Si</span> <span class='ocrx_word' id='word_1_854' title='bbox 3121 5323 3320 5363; x_wconf 89' lang='lat' dir='ltr'>sermo</span> <span class='ocrx_word' id='word_1_855' title='bbox 3368 5309 3602 5365; x_wconf 86' lang='lat' dir='ltr'>Domini</span> 
     </span>
    </p>
   </div>
   <div class='ocr_carea' id='block_1_118' title="bbox 1937 5393 3596 5468">
    <p class='ocr_par' dir='ltr' id='par_1_118' title="bbox 1937 5393 3596 5468">
     <span class='ocr_line' id='line_1_118' title="bbox 1937 5393 3596 5468; baseline 0.003 -21"><span class='ocrx_word' id='word_1_856' title='bbox 1937 5393 2080 5447; x_wconf 78' lang='lat' dir='ltr'>Jesu</span> <span class='ocrx_word' id='word_1_857' title='bbox 2105 5397 2382 5463; x_wconf 89' lang='lat' dir='ltr'>operatus</span> <span class='ocrx_word' id='word_1_858' title='bbox 2405 5397 2514 5461; x_wconf 90' lang='lat' dir='ltr'>est,</span> <span class='ocrx_word' id='word_1_859' title='bbox 2542 5397 2603 5447; x_wconf 89' lang='lat' dir='ltr'>ut</span> <span class='ocrx_word' id='word_1_860' title='bbox 2620 5395 2948 5464; x_wconf 88' lang='lat' dir='ltr'>inciperent</span> <span class='ocrx_word' id='word_1_861' title='bbox 2969 5410 3107 5449; x_wconf 89' lang='lat' dir='ltr'>esse</span> <span class='ocrx_word' id='word_1_862' title='bbox 3121 5411 3252 5466; x_wconf 81' lang='lat' dir='ltr'>quae</span> <span class='ocrx_word' id='word_1_863' title='bbox 3270 5412 3385 5451; x_wconf 89' lang='lat' dir='ltr'>non</span> <span class='ocrx_word' id='word_1_864' title='bbox 3408 5399 3596 5468; x_wconf 88' lang='lat' dir='ltr'>erant,</span> 
     </span>
    </p>
   </div>
   <div class='ocr_carea' id='block_1_119' title="bbox 1934 5482 3592 5555">
    <p class='ocr_par' dir='ltr' id='par_1_119' title="bbox 1934 5482 3592 5555">
     <span class='ocr_line' id='line_1_119' title="bbox 1934 5482 3592 5555; baseline 0.004 -20"><span class='ocrx_word' id='word_1_865' title='bbox 1934 5482 1991 5535; x_wconf 89' lang='lat' dir='ltr'>id</span> <span class='ocrx_word' id='word_1_866' title='bbox 2014 5487 2124 5549; x_wconf 90' lang='lat' dir='ltr'>est,</span> <span class='ocrx_word' id='word_1_867' title='bbox 2147 5486 2207 5535; x_wconf 90' lang='lat' dir='ltr'>ut</span> <span class='ocrx_word' id='word_1_868' title='bbox 2228 5485 2432 5537; x_wconf 90' lang='lat' dir='ltr'>essent</span> <span class='ocrx_word' id='word_1_869' title='bbox 2462 5498 2554 5536; x_wconf 83' lang='lat' dir='ltr'>res</span> <span class='ocrx_word' id='word_1_870' title='bbox 2591 5498 2663 5536; x_wconf 86' lang='lat' dir='ltr'>ex</span> <span class='ocrx_word' id='word_1_871' title='bbox 2694 5498 2764 5537; x_wconf 89' lang='lat' dir='ltr'>eo</span> <span class='ocrx_word' id='word_1_872' title='bbox 2807 5483 2961 5553; x_wconf 89' lang='lat' dir='ltr'>quod</span> <span class='ocrx_word' id='word_1_873' title='bbox 3012 5499 3127 5538; x_wconf 91' lang='lat' dir='ltr'>non</span> <span class='ocrx_word' id='word_1_874' title='bbox 3156 5488 3341 5555; x_wconf 89' lang='lat' dir='ltr'>erant,</span> <span class='ocrx_word' id='word_1_875' title='bbox 3388 5486 3447 5540; x_wconf 90' lang='lat' dir='ltr'>id</span> <span class='ocrx_word' id='word_1_876' title='bbox 3481 5487 3592 5555; x_wconf 87' lang='lat' dir='ltr'>est,</span> 
     </span>
    </p>
   </div>
   <div class='ocr_carea' id='block_1_120' title="bbox 1932 5570 3592 5646">
    <p class='ocr_par' dir='ltr' id='par_1_120' title="bbox 1932 5570 3592 5646">
     <span class='ocr_line' id='line_1_120' title="bbox 1932 5570 3592 5646; baseline 0.004 -23"><span class='ocrx_word' id='word_1_877' title='bbox 1932 5585 2007 5624; x_wconf 89' lang='lat' dir='ltr'>ex</span> <span class='ocrx_word' id='word_1_878' title='bbox 2024 5570 2228 5639; x_wconf 90' lang='lat' dir='ltr'>nihilo,</span> <span class='ocrx_word' id='word_1_879' title='bbox 2249 5574 2466 5641; x_wconf 89' lang='lat' dir='ltr'>quanto</span> <span class='ocrx_word' id='word_1_880' title='bbox 2494 5571 2686 5642; x_wconf 86' lang='lat' dir='ltr'>magis</span> <span class='ocrx_word' id='word_1_881' title='bbox 2709 5572 3080 5641; x_wconf 87' lang='lat' dir='ltr'>operatorius</span> <span class='ocrx_word' id='word_1_882' title='bbox 3107 5576 3199 5628; x_wconf 90' lang='lat' dir='ltr'>est</span> <span class='ocrx_word' id='word_1_883' title='bbox 3221 5577 3281 5628; x_wconf 91' lang='lat' dir='ltr'>ut</span> <span class='ocrx_word' id='word_1_884' title='bbox 3320 5575 3437 5629; x_wconf 88' lang='lat' dir='ltr'>sint</span> <span class='ocrx_word' id='word_1_885' title='bbox 3460 5591 3592 5646; x_wconf 82' lang='lat' dir='ltr'>quae</span> 
     </span>
    </p>
   </div>
   <div class='ocr_carea' id='block_1_121' title="bbox 1931 5659 3589 5736">
    <p class='ocr_par' dir='ltr' id='par_1_121' title="bbox 1931 5659 3589 5736">
     <span class='ocr_line' id='line_1_121' title="bbox 1931 5659 3589 5736; baseline 0.003 -22"><span class='ocrx_word' id='word_1_886' title='bbox 1931 5662 2114 5729; x_wconf 88' lang='lat' dir='ltr'>erant,</span> <span class='ocrx_word' id='word_1_887' title='bbox 2136 5659 2193 5714; x_wconf 91' lang='lat' dir='ltr'>id</span> <span class='ocrx_word' id='word_1_888' title='bbox 2224 5661 2333 5730; x_wconf 91' lang='lat' dir='ltr'>est,</span> <span class='ocrx_word' id='word_1_889' title='bbox 2372 5664 2434 5715; x_wconf 89' lang='lat' dir='ltr'>ut</span> <span class='ocrx_word' id='word_1_890' title='bbox 2462 5660 2579 5715; x_wconf 90' lang='lat' dir='ltr'>sint</span> <span class='ocrx_word' id='word_1_891' title='bbox 2601 5660 2733 5730; x_wconf 85' lang='lat' dir='ltr'>ista,</span> <span class='ocrx_word' id='word_1_892' title='bbox 2772 5660 2831 5715; x_wconf 91' lang='lat' dir='ltr'>id</span> <span class='ocrx_word' id='word_1_893' title='bbox 2858 5663 2969 5733; x_wconf 88' lang='lat' dir='ltr'>est,</span> <span class='ocrx_word' id='word_1_894' title='bbox 3004 5677 3222 5735; x_wconf 90' lang='lat' dir='ltr'>corpus</span> <span class='ocrx_word' id='word_1_895' title='bbox 3244 5666 3301 5719; x_wconf 88' lang='lat' dir='ltr'>et</span> <span class='ocrx_word' id='word_1_896' title='bbox 3341 5664 3589 5736; x_wconf 87' lang='lat' dir='ltr'>sanguis</span> 
     </span>
    </p>
   </div>
  </div>
