4084 6186
428 220 583 282 1483

1382 215 1860 278 GUITMUNDI
1907 213 2439 276 ARCHIEPISC.
2484 214 2911 278 AVERSANI

3658 66 3969 288 ....1

372 424 381 432 ’
429 436 504 475 ex
526 420 614 475 eis
647 433 779 488 qum
809 420 973 470 erant
1003 431 1117 469 non
1140 431 1213 468 ex
1234 415 1462 469 nihilo?
1493 414 1676 468 Aliter
1694 414 1845 468 enim
1866 430 2094 484 compa-
2124 397 2181 456 Α
2211 412 2369 467 libus
2401 416 2812 484 sacramentis,
2862 417 2965 471 ubi
2993 419 3262 488 praecipit
3305 420 3498 488 virtus,
3532 423 3604 475 rei
3637 427 3782 479 servit

431 508 579 564 ratio
604 508 716 561 ista
733 509 891 560 recte
914 504 1162 575 intelligi
1184 520 1301 557 non
1320 506 1529 572 potest.
1547 502 1687 567 Quae
1711 503 1891 574 igitur
1907 508 2092 572 erant,

430 598 491 651 id
540 600 652 665 est,
700 595 869 665 penis
902 597 957 647 et
1004 593 1205 646 vinum
1238 596 1409 656 sunt;
1466 591 1571 645 sed
1601 607 1719 646 non
1768 594 1907 645 sunt
1939 591 2094 661 quod

433 687 618 753 erant,
642 684 749 738 sed
773 684 831 736 in
858 682 1014 735 aliud
1048 684 1419 735 commutata.
1450 681 1520 734 Et
1548 680 1661 733 hoc
1692 685 1782 733 est
1810 680 1966 750 quod
1998 681 2095 748 ait,

433 777 497 829 ut
529 774 647 828 sint
668 789 801 843 quae
831 774 1026 835 erant;
1062 776 1117 824 et
1150 770 1225 823 ita
1257 771 1395 838 sint,
1416 773 1478 823 ut
1509 785 1624 822 non
1647 770 1704 821 in
1732 784 1799 822 se
1823 769 1962 837 sint,
1993 768 2100 822 sed

436 864 495 917 in
516 862 674 916 aliud
697 862 1149 914 commutentur.
1177 858 1346 912 Hunc
1378 873 1621 911 sensum
1640 859 1698 910 in
1717 857 1921 911 eodem
1948 856 2099 910 libro

436 952 592 1006 idem
623 951 829 1004 doctor
870 948 1240 1018 apertissime
1282 947 1556 1014 ostendit,
1586 947 1790 1000 dicens
1819 962 1830 1001 :
1858 945 2103 1009 Quantis

439 1040 623 1111 igitur
661 1040 881 1092 utimur
910 1036 1195 1105 exemplis
1229 1039 1289 1088 ut
1319 1036 1636 1105 probemus
1674 1052 1790 1089 non
1824 1035 1934 1088 hoc
1967 1049 2106 1087 esse

441 1128 598 1199 quod
630 1129 835 1180 natura
880 1125 1167 1193 formavit,
1205 1124 1311 1177 sed
1342 1124 1497 1194 quod
1529 1124 1859 1178 benedictio
1892 1138 2107 1176 conse-

443 1216 648 1283 cravit,
693 1214 1099 1285 majoremque
1130 1214 1247 1266 vim
1290 1228 1429 1266 esse
1464 1212 1895 1266 benedictionis
1934 1228 2108 1282 quam

444 1310 690 1371 naturae,
717 1303 853 1374 quia
884 1302 1297 1356 benedictione
1320 1302 1492 1356 etiam
1524 1305 1729 1354 natura
1760 1302 1890 1370 ipsa
1920 1303 2111 1353 muta-

448 1400 558 1448 tur.
591 1392 654 1447 Si
684 1393 865 1462 igitur
900 1407 1017 1444 non
1050 1394 1189 1443 sunt
1218 1392 1374 1461 quod
1416 1394 1624 1444 natura
1673 1390 1963 1458 formavit,
1998 1405 2112 1443 non

446 1487 584 1536 sunt
611 1482 765 1553 quod
795 1483 984 1545 erant,
1012 1480 1068 1533 id
1096 1483 1208 1546 est,
1245 1496 1361 1533 non
1394 1482 1533 1533 sunt
1562 1479 1731 1549 panis
1753 1484 1809 1533 et
1844 1480 2065 1532 vinum.
2087 1500 2107 1526 ι

447 1571 535 1625 Ex
555 1571 848 1639 superiori
870 1570 1049 1640 igitur
1071 1570 1359 1623 sententia
1386 1572 1441 1621 et
1468 1586 1541 1622 ex
1560 1570 1693 1636 ista,
1726 1568 1881 1622 clare
1911 1572 2114 1622 osten-

450 1662 605 1713 ditur
626 1660 763 1729 quia
802 1674 934 1728 quae
968 1661 1150 1726 erant,
1183 1661 1338 1727 sunt,
1364 1658 1420 1710 id
1445 1662 1555 1726 est,
1591 1674 1708 1712 non
1741 1659 1811 1711 de
1843 1658 2025 1712 nihilo
2054 1658 2117 1712 ﬁt

2207 499 2472 555 effectus.
2502 502 2574 556 Et
2606 505 2765 557 utibi
2786 521 3006 560 novum
3037 510 3093 562 et
3114 507 3467 576 impossibile
3494 524 3594 563 non
3617 511 3783 568 debeat

2205 590 2397 645 videri
2418 592 2577 662 quod
2610 593 2667 646 in
2696 593 2918 648 Christi
2949 595 3336 649 substantiam
3358 601 3563 651 terrena
3589 605 3635 652 et
3660 617 3784 655 mor-

2208 678 2344 733 talia
2375 684 2828 751 commutantur,
2863 684 3117 752 teipsum
3148 686 3250 755 qui
3274 683 3391 755 jam
3422 687 3473 738 in
3499 685 3694 741 Christo
3716 705 3785 744 re-

2203 771 2524 838 generatus
2572 784 2659 837 es,
2695 771 2951 838 attende,
3001 776 3057 826 et
3098 760 3344 843 reliqua.
3376 773 3513 828 Ecce
3555 778 3787 844 quomodo

2204 857 2380 910 Pater
2445 858 2863 912 sanctissimus
2930 860 3252 931 doctorque
3306 862 3610 931 praecipuus
3634 866 3789 919 verbis

2208 945 2593 1013 paucissimis
2642 946 2923 1002 haeresim
2954 949 3215 1003 confutet
3245 952 3551 1020 utramque.
3578 951 3790 1023 Impana-

2208 1038 2371 1087 tores
2395 1035 2609 1089 etenim
2636 1036 2905 1103 destruit,
2931 1038 3067 1091 dum
3098 1053 3460 1108 nequaquam
3478 1038 3727 1094 Christum
3748 1043 3792 1095 in

2210 1138 2360 1193 pane
2392 1126 2447 1177 et
2478 1124 2616 1178 vino
2646 1124 2849 1192 latere,
2886 1124 2992 1179 sed
3024 1126 3292 1180 visibiles
3322 1130 3615 1195 creaturas,
3639 1129 3685 1184 id
3710 1134 3793 1198 est,

2212 1225 2422 1279 panem
2454 1214 2511 1262 et
2540 1210 2759 1280 vinum,
2780 1212 2838 1264 in
2862 1213 3253 1266 substantiam
3278 1215 3533 1283 corporis
3551 1220 3597 1268 et
3617 1218 3797 1287 sangui-

2216 1299 2311 1351 nis
2337 1297 2560 1352 Christi
2604 1303 2892 1367 converti,
2927 1304 2984 1354 et
3013 1301 3225 1355 iterum
3268 1305 3493 1356 terrena
3522 1308 3570 1356 et
3595 1305 3802 1359 mortalia

2217 1388 2274 1440 in
2294 1387 2513 1441 Christi
2535 1388 2925 1442 substantiam
2951 1390 3294 1443 commutari
3328 1391 3478 1444 dicit.
3498 1392 3800 1447 Umbraticis

2218 1492 2453 1547 quoque
2476 1477 2859 1531 nihilominus
2881 1478 3155 1547 dissipat,
3177 1479 3314 1532 dum
3335 1479 3458 1533 haec
3476 1481 3701 1534 converti
3717 1497 3802 1535 non

2220 1567 2278 1620 in
2301 1566 2621 1636 quamlibet
2643 1570 2995 1634 creaturam,
3022 1568 3125 1620 sed
3152 1568 3211 1621 in
3246 1568 3613 1621 substantiam
3644 1585 3805 1637 corpo-

2222 1655 2307 1708 ris
2341 1656 2396 1707 et
2427 1655 2739 1724 sanguinis
2770 1654 3001 1709 Christi
3039 1656 3368 1709 conﬁrmat.
3401 1656 3534 1710 Item
3576 1637 3711 1726 ipse;
3728 1672 3806 1711 nec

451 1750 549 1803 hic
569 1763 787 1817 corpus
811 1750 867 1799 et
888 1748 1137 1816 sanguis
1156 1745 1395 1810 Christi,
1427 1747 1533 1800 sed
1556 1747 1626 1800 de
1650 1747 1743 1800 his
1767 1763 1898 1818 quae
1925 1753 2113 1814 erant,
2146 1741 2196 1801 Β
2225 1744 2448 1797 dubitet
2470 1744 2803 1814 quisquam,
2828 1744 2926 1811 ait,
2963 1745 3272 1814 primarias
3290 1748 3580 1799 creaturas
3607 1750 3722 1799 nutu
3738 1762 3810 1814 po.

454 1854 572 1893 non
603 1842 795 1890 tamen
826 1839 962 1888 sunt
1010 1835 1068 1887 id
1108 1836 1258 1904 quod
1312 1839 1501 1903 erant,
1543 1836 1677 1905 quia
1723 1852 1839 1890 non
1883 1842 2021 1892 sunt
2061 1837 2120 1892 id

457 1926 611 1997 quod
641 1928 845 1978 natura
877 1922 1168 1991 formavit,
1193 1923 1249 1976 id
1288 1928 1397 1989 est,
1433 1939 1551 1977 non
1587 1928 1724 1978 sunt
1754 1925 1921 1993 panis
1953 1930 2008 1978 et
2036 1927 2121 1978 vi-

459 2030 619 2083 num,
654 2014 758 2067 sed
806 2013 865 2065 in
895 2012 1051 2065 aliud
1100 2016 1549 2081 commutantur,
1594 2017 1651 2065 et
1683 2016 1820 2066 sunt
1870 2014 1925 2066 id
1965 2014 2123 2084 quod

460 2102 793 2157 benedictio
831 2100 1221 2168 consecravit,
1258 2101 1311 2154 id
1344 2105 1455 2169 est,
1499 2116 1717 2171 corpus
1763 2104 1820 2156 et
1849 2105 2120 2174 sanguis,

462 2192 595 2262 quia
627 2190 1037 2243 benedictione
1071 2190 1169 2258 ait,
1204 2191 1411 2243 natura
1439 2190 1569 2260 ipsa
1599 2194 1873 2245 mutatur.

535 2278 1053 2333 Etadhucattende
1076 2278 1376 2332 doctorem
1401 2279 1665 2334 veritatis
1680 2280 1919 2351 (Auum,
1954 2281 2123 2352 ibid).

462 2370 629 2435 Quod
647 2369 697 2421 si
721 2367 1575 2437 tantum,inquit,valuitsermo
1598 2367 1738 2422 Elia:
1760 2371 1822 2422 ut
1842 2370 2039 2440 ignem
2057 2371 2127 2424 de

465 2458 613 2512 coelo
641 2458 960 2525 deponeret
982 2455 1097 2522 (III
1113 2455 1259 2525 Reg.
1289 2457 1476 2525 xvm),
1513 2473 1632 2511 non
1659 2458 1875 2511 valebit
1910 2458 2130 2512 Christi

467 2561 687 2613 sermo,
722 2547 785 2597 ut
834 2543 1068 2613 species
1100 2546 1282 2597 mutet
1325 2545 1791 2599 elementorum?
1823 2547 1903 2601 De
1949 2548 2129 2601 totius

468 2632 963 2701 mundioperibus
984 2632 1182 2685 lehisti
1199 2648 1210 2685 :
1230 2632 1373 2696 Quia
1390 2636 1516 2704 ipse
1529 2635 1684 2688 dixit
1699 2635 1946 2703 etfacta,
1970 2642 2128 2706 sunt,

468 2725 598 2794 ipse
614 2721 824 2775 manda
838 2720 917 2773 vit
940 2726 997 2773 et
1021 2727 1220 2774 creata
1235 2727 1369 2774 sunt
1393 2721 1968 2791 (Psal.xxn).Sermo
1987 2741 2132 2797 ergo

470 2810 691 2864 Christi
721 2809 822 2879 qui
868 2809 1051 2878 potuit
1100 2825 1171 2862 ex
1202 2810 1384 2863 nihilo
1416 2810 1612 2865 facere
1643 2814 1799 2882 quod
1840 2829 1956 2867 non
1987 2818 2130 2882 erat,

471 2916 590 2954 non
607 2901 799 2969 potest
818 2913 885 2952 ea
906 2913 1038 2968 quae
1059 2903 1196 2951 sunt
1220 2899 1277 2952 in
1299 2899 1355 2952 id
1376 2903 1599 2954 mutare
1621 2902 1776 2971 quod
1797 2918 1911 2956 non
1930 2905 2135 2957 erant?

472 2990 605 3043 Non
624 2988 779 3041 enim
799 2987 994 3040 minus
1017 2991 1108 3041 est
1128 3004 1312 3041 novas
1338 3005 1353 3039 1
1371 2988 1519 3042 ehus
1539 2989 1681 3043 dare
1703 3005 1876 3061 quam
1910 2995 2134 3046 mutare

473 3083 738 3134 naturas.
768 3077 909 3130 Item
940 3076 1051 3145 (De
1080 3078 1494 3148 sacramentis,
1528 3079 1629 3132 lib.
1663 3097 1740 3149 IV,
1767 3097 1817 3135 c.
1838 3082 1892 3151 5)
1918 3099 1929 3136 :
1954 3084 2135 3139 Panis

473 3170 606 3236 iste,
632 3166 801 3237 panis
820 3169 911 3220 est
931 3169 1062 3219 ante
1086 3166 1264 3219 verba
1288 3171 1917 3238 sacramentorum,ubi
1933 3187 2137 3227 acces-

476 3257 625 3313 serit
648 3254 1039 3323 consecratio,
1063 3254 1135 3308 de
1157 3270 1306 3325 pane
1332 3256 1392 3309 ﬁt
1416 3272 1633 3326 corpus
1651 3256 1892 3313 Christi.
1927 3260 1997 3314 Et
2026 3261 2136 3315 ite-

474 3362 637 3401 rum:
664 3345 991 3415 Antequam
1025 3346 1433 3411 consecratur,
1458 3346 1627 3414 panis
1652 3350 1770 3411 est;
1815 3348 1913 3401 ubi
1945 3353 2139 3403 autem

471 3435 655 3489 verba
668 3434 887 3489 Christi
900 3433 1507 3503 accesserint,corpus
1522 3439 1612 3488 est
1624 3433 1844 3489 Christi
1856 3438 2140 3509 .Denique

473 3524 610 3577 audi
638 3523 929 3576 dicentem
964 3536 975 3573 :
1010 3520 1273 3589 Accipite
1305 3524 1361 3574 et
1391 3522 1543 3576 edite
1575 3539 1733 3578 exeo
1757 3540 1961 3580 omnes
1988 3542 2001 3595 ;
2033 3528 2141 3582 hoc

476 3616 569 3665 est
599 3609 755 3663 enim
786 3623 997 3677 corpus
1026 3623 1235 3661 meum.
1274 3608 1341 3661 Et
1370 3614 1502 3663 ante
1536 3613 1714 3665 verba
1746 3611 1965 3668 Christi
1988 3617 2139 3670 calix

477 3701 569 3752 est
596 3698 720 3749 vini
750 3699 806 3750 et
839 3712 1006 3765 aquae
1033 3694 1275 3766 plenus;
1310 3697 1407 3751 ubi
1442 3700 1621 3754 verba
1643 3700 1865 3756 Christi
1902 3709 2140 3773 operata

477 3786 714 3853 fuerint,
766 3785 848 3839 ibi
880 3786 1129 3857 sanguis
1160 3785 1433 3856 efficitur,
1480 3789 1580 3859 qui
1609 3791 1838 3859 plebem
1871 3794 2136 3848 redemit.

478 3876 638 3946 Ergo
689 3874 854 3928 disce
898 3876 1132 3945 quantis
1185 3876 1507 3946 generibus
1551 3882 1760 3946 potens
1805 3884 1898 3935 est
1943 3898 2140 3937 sermo

477 3963 703 4017 Christi
731 3965 1013 4018 universa
1046 3967 1411 4019 convertere.
1449 3966 1666 4021 Deinde
1696 3969 1823 4038 ipse
1855 3970 2142 4026 Dominus

477 4054 660 4108 Jesus
691 4052 1039 4107 testificatur
1068 4053 1242 4106 nobis
1274 4054 1429 4123 quod
1462 4070 1679 4124 corpus
1709 4073 1883 4111 suum
1915 4064 1971 4113 et
1999 4076 2141 4113 san-

478 4144 717 4215 guinem
752 4142 1133 4212 accipiamus.
1156 4142 1434 4212 Nunquid
1464 4144 1748 4199 debemus
1772 4146 1842 4201 de
1866 4148 1997 4217 ejus
2029 4149 2143 4205 ﬁde

479 4235 536 4286 et
564 4219 988 4285 testificatione
1009 4231 1275 4284 dubitare
1296 4233 1324 4285 ἲ)
1356 4232 1498 4285 Haec
1520 4232 1728 4288 beatus
1762 4236 2139 4293 Ambrosius.

550 4320 803 4376 Sanctus
834 4322 1027 4373 autem
1060 4320 1356 4373 Eusebius
1389 4320 1762 4392 Emissenus,
1790 4341 1931 4379 vere
1948 4327 2139 4396 unica,

478 4411 689 4481 inquit,
716 4413 771 4462 et
793 4408 1053 4477 perfecta
1071 4408 1267 4462 hostia
1290 4409 1401 4463 ﬁde
1422 4411 1767 4466 aestimanda
1789 4431 1903 4469 non
1919 4417 2139 4485 specie,

480 4514 591 4554 nec
622 4498 901 4551 exteriori
949 4498 1243 4551 censenda
1275 4499 1431 4564 visu,
1464 4501 1570 4553 sed
1609 4501 1873 4557 interiori
1908 4504 2140 4560 affectu.

483 4588 651 4641 Unde
675 4587 937 4641 scelestis
974 4588 1277 4640 conﬁrmat
1308 4590 1626 4645 auctoritas
1652 4606 1663 4643 :
1690 4590 1833 4655 Quia
1857 4609 1995 4647 caro
2015 4612 2143 4649 mea

2225 1834 2442 1901 tentias,
2467 1834 2786 1902 praesentia
2817 1832 3164 1902 majestatis,
3209 1832 3267 1885 in
3300 1833 3578 1887 Dominici
3604 1835 3808 1903 corporis

2224 1921 2479 1975 transire
2523 1936 2703 1989 posse
2734 1925 3020 1976 naturam.
3055 1921 3125 1974 Et
3154 1921 3367 1975 iterum
3402 1938 3413 1976 :
3443 1922 3659 1986 Quando
3683 1924 3812 1976 bene-

2228 2009 2495 2063 dicendae
2511 2010 2711 2064 verbis
2731 2010 3077 2064 coelestibus
3092 2015 3383 2065 creaturae
3406 2013 3584 2066 sacris
3595 2011 3813 2065 altaribus

2228 2099 2626 2168 imponuntur,
2653 2101 2965 2169 antequam
2988 2099 3357 2153 invocatione
3390 2100 3592 2154 summi
3621 2099 3816 2154 nominis
3856 2120 3863 2131 ν

2231 2189 2678 2254 consecrentur,
2703 2187 3037 2241 substantia
3058 2187 3179 2241 illic
3201 2192 3295 2241 est
3320 2188 3489 2258 panis
3509 2189 3702 2253 etvini;
3720 2193 3818 2257 post

2232 2276 2414 2330 verba
2443 2279 2635 2330 autem
2652 2275 2895 2341 Christi,
2924 2292 3141 2347 corpus
3169 2281 3226 2331 et
3251 2280 3501 2349 sanguis
3530 2281 3612 2332 est
3636 2277 3819 2332 Christi.

2232 2364 2381 2427 Quid
2434 2368 2525 2418 est
2579 2367 2772 2419 autem
2825 2365 3059 2434 mirum,
3120 2366 3173 2419 si
3210 2380 3278 2418 ea
3309 2382 3446 2437 quae
3484 2367 3648 2420 verbo
3686 2365 3822 2435 potuit

2236 2468 2458 2520 creare,
2493 2454 2675 2507 verbo
2726 2454 2916 2522 possit
2963 2459 3159 2509 creata
3200 2456 3583 2509 convertere?
3609 2455 3708 2507 lmo
3736 2453 3824 2523 jam

2237 2542 2482 2596 minoris
2504 2542 2736 2595 videtur
2769 2558 2907 2597 esse
2943 2544 3227 2610 miraculi,
3257 2545 3310 2596 si
3336 2545 3397 2597 id
3431 2544 3578 2614 quod
3600 2559 3666 2597 ex
3691 2542 3825 2595 nihilo

2236 2632 2559 2702 agoseitur,
2590 2631 2951 2698 condidisse,
2982 2630 3105 2701 jam
3137 2632 3437 2686 conditum
3471 2633 3527 2685 in
3550 2631 3730 2685 melius
3751 2644 3829 2681 va-

2238 2720 2351 2773 leat
2382 2723 2761 2773 commutare.
2804 2717 2952 2783 Quid
2982 2722 3289 2788 apertius?
3331 2720 3481 2785 Quid
3512 2718 3831 2789 expressius?

2242 2810 2382 2862 Haec
2412 2824 2530 2862 non
2562 2809 2778 2863 habent
2807 2809 3007 2878 populi
3038 2810 3176 2880 quia
3198 2809 3347 2862 nihil
3380 2824 3623 2878 unquam
3650 2804 3831 2859 manife-

2240 2898 2391 2952 stius
2426 2898 2499 2951 ab
2549 2897 2785 2952 homine
2831 2901 3027 2966 potest
3073 2898 3210 2951 dici.
3262 2898 3329 2951 In
3375 2898 3616 2968 quodam
3658 2894 3833 2950 missali

2242 2988 2526 3057 Hispano,
2561 2988 2717 3058 quod
2752 2987 2951 3040 dicunt
2984 2990 3249 3040 sanctum
3284 2986 3545 3040 dictasse
3586 2985 3832 3048 lsidorum,

2241 3077 2300 3131 in
2330 3076 2699 3130 hebdomade
2739 3080 2872 3129 ante
2906 3075 3157 3143 Pascha,
3193 3075 3253 3128 in
3300 3075 3552 3145 quadam
3597 3074 3752 3127 missa
3772 3071 3835 3124 sic

2243 3167 2439 3221 inveni
2474 3182 2486 3220 :
2522 3166 2730 3219 Totum
2762 3164 2894 3233 hoc,
2944 3164 3211 3231 Domine,
3244 3164 3510 3218 divinum
3548 3165 3648 3225 est,
3681 3164 3837 3224 totum,

2243 3256 2435 3324 Pater,
2456 3256 2527 3308 de
2550 3254 2700 3308 omlo
2723 3257 2815 3309 est
2841 3271 2851 3308 :
2879 3254 3235 3307 demutatum
3256 3252 3315 3305 in
3349 3257 3613 3307 naturam
3631 3249 3741 3303 Filii
3761 3248 3835 3312 tui,

2243 3349 2299 3399 et
2313 3361 2530 3413 corpus
2553 3347 2609 3397 et
2632 3343 2884 3414 sanguis
2902 3345 3011 3395 est.
3038 3340 3300 3412 Nonjam
3316 3340 3635 3412 ﬁgura,sed
3654 3338 3834 3401 veritas,

2242 3450 2359 3487 non
2384 3436 2650 3487 creatura
2674 3432 2960 3501 mortalis,
3000 3431 3107 3485 sed
3128 3434 3337 3484 natura
3366 3429 3638 3493 caelestis,
3669 3424 3837 3481 edenti-

2242 3523 2357 3577 bus
2376 3522 2553 3575 vitam
2567 3525 2781 3575 aeterna
2792 3537 2865 3588 m,
2881 3535 3248 3591 regnumque
3265 3522 3610 3589 perpetuum
3622 3516 3838 3570 collatura

2243 3611 2604 3682 potantibus.
2639 3610 2767 3663 Hos
2809 3610 3206 3678 impanatores
3248 3622 3402 3661 suos
3452 3607 3575 3676 ipse
3619 3602 3838 3658 Dominus

2244 3702 2275 3755 π]
2283 3716 2428 3755 esus
2451 3700 2637 3754 verbo
2658 3699 2781 3752 oris
2800 3696 3200 3758 suiinterﬁcit,
3224 3710 3361 3749 cum
3384 3694 3671 3764 accipiens
3685 3702 3840 3761 panem

2247 3790 2589 3861 gratiasque
2611 3802 2800 3858 agens
2819 3801 2888 3840 ac
2909 3786 3291 3851 benedicens,
3307 3784 3391 3837 ait
3415 3800 3427 3837 :
3448 3783 3568 3837 Hoc
3586 3787 3668 3835 est
3687 3790 3842 3848 corpus

2245 3896 2454 3933 meum.
2490 3878 2622 3931 Non
2671 3877 2749 3929 ait
2783 3891 2794 3930 :
2830 3875 2892 3929 In
2923 3875 3036 3928 hoc
3085 3874 3220 3927 latet
3263 3887 3488 3943 corpus
3530 3886 3720 3926 meum.
3757 3866 3843 3919 Nec

2247 3968 2394 4023 dixit
2419 3984 2430 4022 :
2452 3967 2516 4020 In
2541 3965 2652 4021 hoc
2676 3966 2812 4019 vino
2848 3967 2940 4018 est
2965 3964 3216 4034 sanguis
3248 3961 3567 4031 meus,sed
3598 3952 3846 4013 dixitzﬂic

2249 4064 2339 4113 est
2357 4056 2601 4127 sanguis
2622 4053 2983 4108 meus.Unde
3001 4055 3057 4105 et
3076 4050 3346 4105 Ecclesia
3358 4051 3467 4105 Dei
3484 4048 3848 4117 consequenter

2247 4165 2281 4201 a
2311 4163 2377 4201 se
2410 4145 2651 4200 eosdem
2685 4145 2938 4213 separat,
2964 4156 3097 4194 cum
3119 4140 3178 4193 in
3200 4141 3330 4209 ipso
3363 4154 3584 4193 canone
3606 4137 3775 4190 missa:
3798 4146 3848 4182 ex

2249 4236 2575 4307 apostolica
2604 4231 2914 4286 traditione
2952 4230 3030 4282 ita
3070 4232 3229 4283 orat:
3264 4252 3284 4274 ιι
3313 4227 3501 4292 Quam
3539 4226 3845 4313 oblationem,

2247 4331 2309 4381 tu
2344 4327 2524 4393 Deus,
2557 4324 2617 4376 in
2639 4320 2911 4374 omnibus
2941 4332 3286 4387 quaesumus
3317 4316 3689 4380 benedictam,
3719 4322 3850 4362 ascri-

2250 4420 2426 4485 ptam,
2453 4416 2659 4479 ratam,
2680 4408 3108 4473 rationabilem,
3133 4406 3665 4474 acceptabilemque
3700 4399 3847 4489 facere

2252 4503 2611 4575 digneris,ut
2629 4498 2803 4553 nobis
2827 4511 3050 4566 corpus
3072 4499 3128 4550 et
3150 4495 3402 4565 sanguis
3427 4494 3524 4547 ﬁat
3543 4485 3848 4545 dilectissimi

2254 4593 2389 4647 Filii
2418 4591 2502 4644 tui
2533 4587 2758 4643 Domini
2794 4586 2984 4640 nostri
3015 4585 3160 4639 Jesu
3191 4583 3470 4637 Christi.»
3507 4581 3633 4634 Non
3657 4578 3738 4632 hic
3765 4586 3855 4626 ora.

484 4692 628 4732 vere
642 4677 1418 4746 estcibusetsanguismeus
1436 4682 2140 4750 vereestpotushloamvx).
2174 4690 2227 4749 D
2256 4685 2372 4750 tur,
2405 4682 2467 4734 ut
2511 4680 2570 4731 in
2602 4692 2671 4731 ea
2702 4690 2918 4744 corpus
2952 4677 3010 4727 et
3051 4671 3300 4742 sanguis
3331 4672 3526 4737 lateat,
3571 4672 3660 4721 aut
3686 4666 3734 4717 in
3760 4673 3850 4714 eam

484 4765 743 4820 Recedet
771 4781 918 4835 ergo
951 4780 1121 4818 omne
1154 4765 1513 4819 inﬁdelitatis
1558 4768 1919 4839 ambiguum,
1954 4787 2142 4841 quan—

480 4854 796 4925 doquidem
829 4853 927 4924 qui
959 4856 1165 4907 auctor
1195 4857 1287 4907 est
1318 4856 1599 4920 muneris,
1621 4857 1749 4926 ipse
1780 4858 1951 4911 etiam
1973 4860 2144 4915 testis

481 4947 574 4998 est
594 4942 1036 4997 veritatis.Nam
1053 4942 1370 4997 invisibilis
1390 4945 1672 4998 sacerdos
1700 4947 1970 5001 visibiles
1990 4964 2147 5002 crea-

480 5034 645 5087 turas
669 5033 728 5087 in
742 5031 1134 5086 substantiam
1153 5033 1421 5101 corporis
1445 5036 1500 5086 et
1523 5034 1835 5103 sanguinis
1850 5037 1941 5088 sui
1963 5037 2143 5091 verbo

484 5136 594 5175 suo
632 5124 863 5176 secreta
887 5124 1115 5189 postate
1157 5121 1461 5190 convertit,
1500 5122 1576 5175 ita
1608 5122 1812 5176 dicens
1839 5139 1848 5175 :
1872 5124 2144 5195 Accipite

486 5216 543 5265 et
566 5210 665 5263 edi
671 5215 745 5277 te,
763 5210 870 5264 hoc
885 5215 975 5263 est
990 5210 1144 5263 enim
1164 5226 1375 5280 corpus
1388 5209 1673 5264 meum.Et
1687 5213 2152 5270 sanctiﬁcatione

484 5297 728 5367 repetite
752 5313 763 5351 :
789 5299 1081 5369 Accipite,
1118 5304 1176 5352 et
1204 5298 1411 5363 bibite,
1446 5299 1543 5353 hic
1570 5306 1662 5353 est
1691 5301 1937 5372 sanguis
1966 5320 2149 5359 meus.

486 5386 647 5458 Ergo
683 5385 836 5439 sicut
867 5388 934 5437 ad
970 5391 1166 5438 νωξητη
1222 5388 1619 5457 praecipientis
1651 5389 1879 5443 Domini
1912 5397 2151 5460 repente

486 5492 561 5531 ex
592 5476 773 5530 nihilo
798 5475 1186 5530 substiterunt
1236 5477 1470 5531 excelsa
1520 5478 1822 5547 caelorum,
1864 5480 2152 5549 profunda

487 5572 789 5637 ﬂuctuum,
828 5567 991 5619 vasta
1019 5569 1329 5634 terrarum,
1354 5568 1482 5636 pari
1515 5569 1771 5637 potentia
1802 5569 2153 5641 in.spiritua-

2255 4785 2477 4840 corpus
2506 4771 2563 4821 et
2592 4765 2841 4836 sanguis
2872 4762 3163 4830 adveniat,
3196 4760 3304 4815 sed
3349 4762 3412 4813 ut
3441 4760 3572 4829 ipsa
3601 4750 3853 4843 oblatiomet

2255 4836 2472 4928 corpus
2496 4859 2552 4910 et
2568 4854 2817 4924 sanguis
2840 4852 2956 4905 ﬁat.
2980 4850 3104 4903 Hac
3126 4850 3388 4903 oratione
3426 4847 3748 4917 Cyprianus,
3775 4836 3851 4889 Hi-

2254 4941 3243 5011 larius,Ambrosius,Augustinus,
3264 4929 3852 5005 Hieronymusﬁrego-

2254 5038 2400 5105 rius,
2436 5039 2491 5089 et
2521 5032 2720 5087 cmteri
2752 5045 2957 5085 omnes
3006 5026 3401 5081 ecclesiastici
3441 5026 3701 5077 auctores
3730 5017 3852 5105 istos

2254 5104 2506 5180 unoore
2539 5121 2903 5192 percutiunt;
2937 5121 2992 5171 et
3020 5116 3353 5188 quicunque
3376 5114 3594 5166 missas
3614 5104 3853 5196 celebran-

2262 5218 2353 5267 tes
2386 5212 2499 5281 ipsi
2529 5191 2777 5265 orationi
2812 5211 2928 5262 tota
2960 5205 3271 5260 devotione
3312 5199 3695 5256 consentiunt.
3724 5191 3857 5258 Equi-

2263 5303 2395 5357 dem
2428 5317 2539 5372 ego
2587 5298 2659 5353 de
2690 5299 2798 5351 hac
2847 5295 3238 5366 impanatione
3288 5305 3518 5345 meeum
3545 5286 3700 5341 etiam
3722 5285 3855 5347 atque

2266 5391 2436 5445 etiam
2452 5391 2925 5453 retractans,non
2941 5385 3089 5437 satis
3106 5382 3307 5436 verbis
3325 5378 3649 5447 exprimere
3663 5378 3856 5441 possum

2261 5484 2541 5550 quantum
2568 5476 3017 5546 superistorum
3039 5470 3388 5526 stultissima
3404 5463 3718 5550 audacia,et
3730 5457 3854 5550 insa-

2260 5546 2508 5622 nissime
2538 5563 2998 5637 praesumptione
3033 5560 3291 5616 admiror
3312 5556 3533 5628 pariter
3558 5557 3611 5607 et
3636 5546 3858 5614 indignor
