4084 6186
329 291 486 353 1485

764 287 875 349 DE
920 286 1346 352 CORPORIS
1417 283 1522 347 ET
1565 283 1810 348 SANG.
1903 280 2212 347 DOMINI
2272 280 2499 346 LIBRI
2565 279 2798 346 TRES.
2844 314 2913 327 —
2963 280 3120 342 LIB.
3164 280 3275 345 ΙΙΙ.

3545 332 3553 341 .
3596 283 3753 351 4486

329 468 488 544 Nam.
511 490 713 543 contra
747 487 981 541 divinas
1013 487 1412 557 auctoritates,
1472 487 1726 542 humana
1769 488 1995 542 ratione
2027 471 2080 530 Α
2111 488 2199 540 eis
2245 486 2337 539 vel
2367 502 2483 539 una
2516 484 2833 553 civitatula,
2887 485 2978 538 vel
3028 485 3201 539 etiam
3238 501 3354 540 una
3397 486 3598 542 villula
3630 503 3779 543 con-

326 578 624 646 incedere,
660 577 715 630 id
748 575 984 648 quidem
1016 576 1309 644 insanum,
1346 577 1475 631 sine
1524 577 1747 630 ratione
1776 581 1989 645 autem,

328 667 388 720 id
420 667 596 737 longe
628 665 1002 719 insanius.At
1031 681 1173 720 vero
1204 668 1261 719 et
1290 666 1420 720 sine
1436 667 1680 733 ratione,
1704 668 1760 719 et
1785 669 1992 720 contra

327 754 614 809 rationem
648 753 940 809 adversus
960 755 1142 807 Deum
1163 769 1398 823 semper
1418 753 1715 820 latrare,id
1734 769 1985 823 prorsus

325 859 507 915 supra
538 858 714 914 quam
745 842 861 896 dici
893 842 1564 913 possitinsanissimum.
1586 842 1689 895 Isti
1711 843 1866 896 enim
1890 858 1991 896 ne-

323 932 564 1003 quiores
583 931 974 1003 nequissimis
998 930 1214 985 fratres
1237 947 1382 984 suos
1409 930 1767 985 umbraticas
1782 948 1904 1002 prae
1921 947 1989 986 se

308 1020 814 1091 justiﬁcaverunt.
836 1019 923 1073 Illi
941 1021 1155 1091 quippe
1172 1019 1461 1091 judicium
1484 1035 1771 1073 sensuum
1793 1022 1988 1075 trans-

317 1109 572 1164 cendere
630 1124 748 1163 non
778 1108 1062 1176 valentes,
1105 1113 1382 1179 tanquam
1423 1122 1494 1161 ex
1523 1107 1855 1162 infirmitate
1888 1124 1984 1162 er—

321 1214 492 1253 rasse
525 1197 712 1250 videri
746 1200 1015 1268 possunt.
1053 1196 1125 1250 Hi
1151 1212 1291 1250 vero
1323 1212 1513 1267 neque
1552 1212 1628 1250 ex
1672 1198 1979 1267 sensibus,

317 1302 509 1357 neque
524 1302 595 1340 ex
619 1286 734 1339 ulla
758 1286 1001 1354 ratione,
1019 1301 1210 1355 neque
1225 1284 1525 1355 Scriptura
1548 1286 1741 1356 aliqua
1765 1301 1981 1340 causas

314 1377 540 1430 erroris
562 1374 655 1428 sui
672 1373 1162 1441 mutuantes,sola
1184 1376 1420 1442 penitus
1439 1373 1718 1445 superbia
1737 1375 1977 1427 vesani--

313 1480 377 1517 re
409 1463 849 1531 videntur,dum
874 1461 1230 1515 reclamante
1256 1466 1461 1515 natura
1480 1478 1652 1532 quam
1676 1466 1977 1532 tantopere

310 1552 670 1606 defensitare
704 1551 896 1604 solent
927 1550 1244 1622 (quomodo
1267 1551 1419 1603 enim
1436 1551 1493 1603 in
1512 1550 1702 1604 solido
1727 1565 1974 1620 corpore

307 1641 479 1711 panis
538 1639 783 1694 alterum
818 1655 1036 1708 corpus
1068 1640 1249 1693 latere
1279 1640 1473 1709 possit
1501 1639 1687 1693 videri
1718 1655 1836 1693 non
1869 1655 1975 1709 po-

2106 575 2310 629 eessit.
2337 574 2468 628 Non
2500 578 2640 628 sunt
2671 574 2852 645 igitur
2883 590 3053 627 mons
3079 573 3243 643 Sion,
3278 575 3336 628 id
3363 576 3775 644 est,Ecclesia.

2103 663 2261 717 Idem
2284 679 2517 733 quoque
2540 663 2919 733 Prophetaait
2936 662 3203 717 :Cantate
3218 663 3465 719 Domino
3477 666 3768 720 canticum

2100 768 2330 819 novum,
2366 759 2601 806 cantate
2651 752 2909 821 Domino,
2954 753 3145 806 omnis
3178 758 3345 807 terra
3387 754 3574 821 (Psal.
3602 756 3761 826 xcv).

2100 841 2265 895 Unde
2277 842 2485 895 beatus
2510 842 2881 913 Augustinus
2903 841 2958 895 in
2976 841 3343 911 expositione
3362 842 3543 913 hujus
3574 845 3765 898 versi-

2096 930 2209 984 culi
2241 930 2415 983 audet
2446 932 2502 983 et
2532 930 2706 984 dicit:
2742 929 2802 983 Si
2833 930 3025 983 omnis
3073 933 3227 984 terra
3256 930 3468 985 domus
3501 932 3624 1000 Dei,
3660 933 3763 1004 qui

2094 1034 2207 1073 non
2268 1018 2452 1072 haeret
2483 1019 2637 1072 omni
2694 1020 2889 1085 terrai,
2925 1018 3093 1072 ruina
3125 1022 3237 1087 est,
3268 1034 3386 1073 non
3418 1019 3650 1075 domus.
3695 1021 3760 1076 Si

2092 1107 2518 1178 Berengariani
2568 1123 2685 1161 non
2725 1107 2950 1161 haerent
2993 1107 3151 1162 omni
3211 1110 3407 1175 terrm,
3460 1124 3575 1162 non
3620 1112 3759 1164 sunt

2091 1197 2271 1267 igitur
2289 1196 2497 1249 domus
2520 1196 2642 1262 Dei,
2661 1195 2765 1249 sed
2784 1196 2973 1248 ruina.
2992 1195 3179 1249 Isaias
3199 1195 3270 1249 de
3295 1194 3565 1249 Ecclesia
3579 1196 3757 1251 Chri-

2090 1286 2165 1339 sti
2196 1284 2335 1337 dicit
2360 1300 2371 1338 :
2409 1284 2642 1337 luctare
2671 1283 2924 1351 sterilis,
2954 1300 3077 1355 quae
3109 1300 3219 1337 non
3247 1284 3677 1354 paris,exsulta
3695 1292 3756 1341 et

2090 1374 2282 1440 tauda,
2319 1389 2443 1445 qum
2462 1389 2572 1427 non
2588 1374 2879 1444 partui-is,
2899 1373 3030 1443 quia
3050 1372 3219 1425 multi
3230 1372 3343 1425 lilii
3363 1373 3753 1429 descrtaama-

2084 1463 2183 1533 gis
2208 1479 2372 1534 quam
2403 1464 2532 1533 ejus
2550 1478 2674 1533 quae
2688 1461 2867 1515 liabet
2893 1461 3080 1514 Virum
3112 1461 3250 1515 (Isa.
3284 1462 3589 1529 Liv).Illam
3614 1478 3750 1533 qum

2084 1552 2333 1606 habebat
2374 1554 2513 1605 tunc
2547 1551 2756 1617 virum,
2780 1550 3749 1620 SyuagogamJudeeorumintelli-

2084 1640 2337 1711 gendam
2370 1640 2541 1693 docet
2562 1638 2887 1708 Apostolus
2930 1638 3084 1707 (Gal.
3118 1642 3196 1706 ιν)
3225 1654 3238 1707 ;
3268 1639 3532 1693 sterilem
3563 1655 3707 1694 vero
3729 1680 3743 1709 ,

305 1732 465 1799 test),
498 1729 873 1795 reclamante,
940 1730 1197 1798 inquam,
1241 1732 1465 1797 natura,
1513 1727 1970 1782 reclamantibus
2002 1743 2055 1805 Β
2085 1728 2434 1782 Ecclesiam.
2455 1726 2645 1791 Quare
2665 1727 3154 1797 sillerengariani
3176 1727 3442 1781 Ecclesia
3462 1727 3565 1781 Dei
3583 1731 3742 1798 sunt,

304 1817 631 1888 Scripturis
652 1818 867 1885 sacris,
902 1817 1061 1870 nullo
1088 1820 1429 1869 sanctorum
1443 1817 1679 1869 Patrum
1701 1816 1968 1870 testimo-

303 1907 422 1975 nio,
458 1905 614 1959 nullo
646 1905 846 1959 divino
879 1906 1138 1973 oraculo,
1175 1904 1333 1957 nullo
1367 1905 1651 1958 miraculo
1673 1905 1971 1973 fulti,mu-

302 1995 482 2048 nitam
514 1995 771 2065 undique
802 1994 1149 2048 catholicam
1181 1994 1472 2062 pietatem,
1506 1994 1834 2047 bestialiter
1872 1994 1972 2047 ob-

299 2082 518 2151 stinati,
570 2085 643 2136 ob
676 2084 787 2137 hoc
816 2085 1039 2135 tantum
1071 2097 1413 2153 oppugnare
1445 2081 1750 2150 videntur,
1785 2098 1857 2135 ne
1897 2083 1969 2137 ab

302 2187 371 2225 ea
403 2171 541 2224 victi
572 2186 710 2225 esse
731 2172 1054 2225 videantur.
1075 2170 1121 2224 Ο
1142 2170 1599 2242 infelices,quos
1631 2172 1820 2241 pietas
1853 2186 1969 2224 non

302 2258 520 2313 vincit!
554 2259 600 2313 Ο
659 2260 1127 2329 infelicissimos,
1176 2260 1276 2330 qui
1332 2260 1467 2312 dum
1518 2258 1739 2330 subjici
1770 2260 1969 2329 pietati

299 2348 892 2418 renuunt,impietatis
910 2349 1068 2401 servi
1084 2364 1221 2401 esse
1256 2364 1371 2401 non
1391 2349 1750 2402 erubescunt
1771 2346 1782 2402 l
1809 2348 1965 2401 Con-

299 2441 387 2490 tra
412 2453 659 2506 quorum
693 2436 1241 2490 manifestissimam
1273 2436 1575 2489 stultitiam
1601 2437 1964 2505 respondere

299 2525 785 2597 indignissimum
840 2525 1160 2590 videretur,
1220 2525 1336 2578 nisi
1392 2526 1527 2596 quia
1559 2525 1631 2577 ad
1664 2525 1963 2577 cumulum

297 2614 649 2683 perditionis
683 2630 808 2668 suae
841 2630 956 2667 non
982 2614 1069 2667 eis
1100 2629 1259 2666 mors
1295 2615 1527 2683 propria
1571 2612 1809 2681 sufﬁcit,
1845 2614 1962 2666 nisi

297 2703 471 2755 etiam
500 2718 890 2773 quoscunque
922 2706 1174 2771 possunt
1204 2703 1492 2754 vilissima
1524 2701 1742 2755 falsitat
1761 2701 1960 2771 perdi-

294 2796 417 2843 tum
448 2794 600 2844 eant.
634 2790 704 2844 Et
736 2791 864 2845 haec
895 2791 1129 2862 quidem
1169 2790 1505 2858 specialiter
1552 2794 1754 2843 contra
1785 2791 1955 2844 istos.

295 2878 589 2949 Deinceps
608 2895 748 2933 vero
762 2884 1048 2950 utrosque
1065 2879 1345 2949 prmfatos
1369 2879 1683 2933 haereticos
1707 2893 1962 2932 commu-

295 2968 450 3021 niter
508 2968 626 3022 Deo
685 2969 937 3038 propitio
982 2968 1297 3038 disputatio
1340 2973 1617 3021 secutura
1646 2965 1953 3036 percutiet.

292 3056 520 3121 Quibus
548 3074 720 3126 quam
752 3058 1003 3126 maxime
1035 3057 1313 3127 inprimis
1335 3058 1403 3111 ad
1428 3059 1839 3127 argumentum
1864 3054 1955 3107 vi-

290 3144 500 3199 denda
554 3145 828 3203 falsitatis
861 3161 987 3199 suae
1017 3146 1147 3215 ipsa
1180 3146 1477 3199 haeresum
1508 3145 1776 3198 scissura
1807 3142 1953 3196 satis

285 3249 425 3287 esse
448 3233 750 3299 debuerat,
789 3234 944 3304 quod
975 3250 1131 3287 nunc
1162 3234 1439 3288 videlicet
1472 3232 1615 3286 nihil
1666 3231 1865 3285 carnis
1897 3233 1953 3284 et
1987 3262 2036 3323 Ο

288 3322 603 3394 sanguinis
662 3322 779 3375 nisi
836 3327 1057 3376 tantum
1088 3323 1356 3376 umbram
1389 3326 1446 3375 et
1468 3322 1735 3392 ﬁguram,
1761 3335 1955 3373 sacra-

288 3411 503 3465 mentis
537 3411 638 3465 Dei
662 3412 883 3481 inesse,
918 3428 1073 3465 nunc
1096 3426 1236 3466 vero
1268 3411 1659 3465 substantiam
1678 3409 1876 3463 carnis
1899 3410 1956 3461 et

288 3500 602 3569 sanguinis
632 3500 691 3553 in
723 3500 811 3554 eis
842 3500 1023 3554 latere
1056 3500 1434 3554 contendunt.
1487 3499 1664 3553 Fides
1701 3512 1953 3567 namque

285 3590 768 3659 apostolica,quaa
793 3589 919 3643 sola
943 3570 1081 3643 vera
1104 3589 1251 3642 fides
1276 3592 1386 3656 est,
1422 3589 1479 3640 in
1502 3588 1954 3641 affirmationem

284 3681 341 3731 et
369 3678 745 3747 negationem
769 3694 886 3731 non
919 3676 1559 3745 scinditur.Apostolus
1580 3691 1831 3745 namque
1869 3674 1955 3727 di-

283 3766 394 3819 xit:
436 3765 599 3819 Uuus
668 3766 967 3835 Dominus,
1031 3781 1139 3819 una
1192 3765 1363 3834 fides,
1427 3782 1597 3817 unum
1658 3765 1952 3833 baptisma

284 3854 530 3923 (Ephes.
556 3856 657 3922 1v).
685 3855 1021 3922 Apostolica
1049 3856 1229 3926 igitur
1257 3854 1405 3907 ﬁdes
1439 3869 1552 3906 una
1584 3856 1675 3906 est
1703 3856 1949 3905 tantum.

286 3942 539 3995 Istorum
597 3947 790 3996 autem
820 3958 968 3995 vana
1001 3943 1318 3996 credulitas
1359 3943 1495 3995 dum
1529 3941 1682 4011 quod
1710 3941 1767 3992 in
1798 3955 1949 3991 vana

280 4032 554 4101 Opinione
588 4034 761 4093 tenet,
790 4032 847 4084 in
878 4031 1063 4085 altera
1096 4047 1209 4084 non
1240 4034 1442 4084 tenere
1476 4029 1867 4095 convincitur,
1888 4029 1953 4080 in

278 4119 729 4173 afﬁrmationem
760 4122 816 4173 et
847 4121 1223 4191 negationem
1293 4120 1509 4187 scissa,
1544 4135 1660 4171 non
1692 4120 1781 4171 est
1813 4132 1947 4172 una.

278 4207 537 4261 Istorum
560 4223 706 4279 ergo
731 4209 1047 4262 credulitas
1070 4224 1185 4262 non
1216 4211 1306 4261 est
1328 4208 1652 4277 apostolica
1679 4208 1849 4275 fides,
1870 4214 1950 4263 at-

273 4311 390 4367 que
423 4295 553 4349 ideo
586 4312 783 4367 neque
814 4313 953 4351 vera
973 4297 1140 4350 fides.
1165 4297 1534 4365 Quapropter
1562 4299 1948 4365 apostolicam

277 4384 453 4438 tidem
473 4399 589 4437 non
621 4385 927 4453 habentes,
956 4385 1027 4438 ab
1046 4385 1367 4453 apostolica
1382 4400 1617 4454 quoque
1674 4385 1945 4441 Ecclesia

275 4471 533 4542 sejuncti
567 4478 723 4543 sunt,
757 4474 1176 4543 contingetque
1207 4472 1324 4525 illis
1355 4473 1511 4543 quod
1544 4473 1814 4528 Salvator
1832 4476 1937 4529 ait:

2084 1817 2395 1871 ostendant
2451 1816 2624 1869 nobis
2677 1817 2857 1869 multo
2890 1817 3093 1884 plures
3126 1816 3281 1869 filios
3313 1832 3458 1870 suos
3490 1832 3596 1886 per
3627 1821 3745 1872 tam

2077 1906 2256 1977 longa
2281 1905 2404 1974 jam
2439 1910 2900 1975 tempora,quam
2930 1905 3046 1958 sint
3079 1904 3609 1969 Judaeorum.Quod
3625 1922 3742 1960 non

2078 2009 2235 2058 esse,
2262 1993 2537 2047 omnibus
2553 1996 2726 2063 patet.
2749 1993 2890 2045 Item
2914 1992 3100 2045 Isaias
3124 1992 3194 2045 de
3217 1992 3514 2047 Ecclesia:
3543 1993 3744 2065 Reges

2076 2084 2281 2154 inquit,
2318 2088 2492 2137 erunt
2524 2082 2763 2135 nutritii
2794 2081 2879 2134 tui
2908 2080 3046 2147 (Isa.
3081 2082 3258 2149 xmx).
3295 2080 3365 2134 Et
3393 2081 3654 2135 Joannes
3681 2083 3741 2136 in

2075 2172 2467 2243 Apocalypsi:
2503 2171 2720 2241 Reges,
2754 2170 2959 2239 inquit,
2986 2175 3168 2222 terra:
3204 2167 3461 2222 allerent
3487 2168 3738 2240 gloriam

2075 2277 2236 2314 suam
2278 2262 2339 2313 in
2371 2276 2496 2313 eum
2528 2260 2730 2328 (Apoc.
2766 2259 2913 2326 xxi).
2947 2257 3061 2310 Sed
3120 2258 3255 2327 quis
3306 2272 3513 2327 regum
3561 2260 3737 2313 terra!

2075 2350 2224 2403 hanc
2255 2349 2753 2417 Berengarianam
2785 2346 3089 2399 stultitiam
3124 2345 3308 2398 fovit?
3335 2344 3481 2409 Quis
3521 2361 3735 2417 regum

2070 2441 2244 2490 terra:
2271 2435 2329 2487 in
2362 2448 2486 2487 eam
2522 2434 2770 2502 gloriam
2819 2448 2988 2485 suam
3019 2432 3249 2485 attulit?
3305 2431 3376 2485 Et
3405 2431 3643 2501 quidem
3672 2433 3734 2486 in

2069 2525 2344 2577 Arianam
2377 2522 2676 2576 vesaniam
2701 2536 2880 2591 reges
2904 2521 3042 2573 olim
3061 2520 3237 2590 aliqui
3261 2523 3727 2575 concesserunt:

2069 2616 2127 2668 in
2188 2613 2682 2684 Bercngarianam
2739 2615 2931 2664 autem
2981 2610 3199 2664 nullus.
3234 2610 3351 2662 Per
3382 2608 3731 2664 Malachiam

2070 2704 2227 2757 Dens
2252 2703 2426 2756 dixit:
2455 2701 2549 2754 Ab
2568 2707 2701 2754 ortu
2718 2699 2864 2754 solis
2882 2715 3060 2771 usque
3074 2698 3148 2753 ad
3169 2714 3434 2752 occasum
3457 2714 3728 2769 magnum

2069 2799 2160 2845 est
2179 2808 2383 2846 nomen
2398 2808 2584 2844 meum
2604 2792 2665 2843 'in
2686 2788 2988 2860 gentibus,
3016 2795 3073 2842 et
3096 2788 3158 2840 in
3176 2788 3333 2841 omni
3349 2787 3474 2841 loco
3495 2786 3729 2841 sacriﬁ-

2067 2888 2236 2935 catur
2262 2886 2319 2933 et
2349 2879 2603 2934 olI‘crtur
2632 2879 2855 2933 nomini
2883 2893 3012 2931 meo
3059 2876 3278 2931 oblatio
3313 2876 3549 2948 munda,
3595 2878 3728 2949 quia

2065 2985 2333 3039 magnum
2365 2984 2571 3022 nomen
2604 2983 2789 3021 meum
2821 2967 2883 3019 in
2929 2966 3230 3037 gentibus,
3265 2966 3413 3020 dicit
3442 2967 3729 3021 Dominus

2064 3059 2431 3112 exercituum
2480 3056 2715 3125 (Malae.
2768 3059 2828 3114 ι).
2887 3055 3276 3119 Quamobrem
3339 3056 3391 3108 si
3437 3055 3725 3111 Dominus

2062 3148 2422 3200 exercituum
2456 3145 2828 3214 oblationem,
2863 3160 2995 3215 quas
3035 3145 3095 3198 in
3128 3144 3282 3197 omni
3325 3144 3455 3198 loco
3486 3145 3561 3198 ab
3592 3149 3727 3200 ortu

2064 3236 2212 3290 solis
2235 3251 2425 3305 usque
2457 3235 2525 3287 ad
2559 3249 2836 3288 occasum
2871 3234 3243 3287 sacrificatur
3271 3235 3328 3288 et
3358 3231 3603 3289 offertur
3624 3249 3729 3289 no-

2063 3327 2202 3379 mini
2235 3341 2365 3390 suo,
2403 3325 2674 3378 mundam
2707 3324 2881 3388 dicit;
2932 3340 3065 3376 cum
3105 3325 3321 3393 praeter
3367 3322 3517 3377 hanc
3567 3324 3728 3378 nulla

2059 3414 2251 3483 possit
2283 3428 2420 3466 esse
2444 3412 2658 3466 oblatio
2682 3411 2916 3479 munda,
2944 3411 3157 3464 viderit
3179 3410 3579 3482 Berengarius
3592 3425 3728 3464 cum

2059 3504 2189 3556 suis
2221 3517 2395 3571 quam
2452 3501 2529 3553 sit
2585 3500 2800 3554 oblatio
2831 3514 3032 3553 eorum
3066 3500 3382 3568 immunda,
3418 3514 3550 3569 quae
3608 3514 3727 3553 non

2058 3592 2190 3646 dico
2214 3592 2272 3644 in
2304 3591 2457 3645 omni
2492 3591 2639 3657 loco,
2676 3590 2782 3642 sed
2816 3589 2917 3641 vix
2952 3591 3011 3641 ut
3041 3588 3100 3641 in
3143 3587 3336 3658 aliquo
3390 3587 3520 3641 loco
3563 3590 3729 3642 esset

2060 3681 2327 3735 obtinuit.
2364 3680 2565 3733 Daniel
2594 3679 2880 3748 propheta
2911 3693 3043 3731 cum
3074 3677 3327 3731 vidisset
3368 3677 3623 3746 lapidem
3652 3677 3725 3732 de

2059 3774 2254 3822 monte
2286 3770 2416 3822 sine
2450 3768 2721 3821 manibus
2754 3768 3114 3835 abscissum,
3142 3767 3243 3836 qui
3274 3767 3527 3820 statuam
3542 3766 3603 3819 in
3624 3782 3726 3836 pe-

2063 3858 2237 3911 dibus
2267 3858 2395 3911 suis
2431 3857 2641 3909 ferreis
2674 3860 2728 3909 et
2751 3856 3027 3908 ﬁctilibus
3046 3854 3344 3923 percussit
3367 3857 3540 3924 atque
3558 3870 3724 3909 com-

2064 3946 2287 4015 minuit,
2324 3946 2614 3999 visionem
2638 3945 2788 3997 hanc
2820 3945 2901 3996 ita
2927 3943 3221 4011 exposuit,
3245 3946 3305 3995 ut
3335 3958 3571 4014 aregno
3594 3944 3719 4012 Dei,

2062 4053 2193 4106 quae
2223 4039 2313 4088 est
2344 4034 2631 4101 Ecclesia,
2653 4035 2903 4102 quatuor
2924 4032 3269 4100 principalia
3289 4046 3476 4103 regna
3496 4033 3718 4102 mundi,

2059 4125 2472 4179 Chaldaeorum
2502 4122 2793 4187 videlicet,
2820 4120 3143 4182 Medorum,
3178 4123 3351 4190 atque
3376 4119 3717 4191 Persarum,

2057 4213 2400 4269 Graecorum
2430 4225 2663 4283 quoque
2681 4225 2908 4264 necnon
2923 4213 2979 4263 et
3010 4209 3589 4275 Romanorum,sicut
3608 4224 3718 4262 ex-

2055 4307 2306 4372 ponente
2320 4300 2693 4371 postmodum
2718 4300 2848 4368 ipso
2871 4298 3076 4352 eodem
3094 4297 3378 4367 propheta
3401 4296 3716 4367 perspicue

2055 4391 2404 4458 declaratur,
2439 4389 2497 4442 in
2528 4388 2740 4442 diebus
2772 4387 2961 4457 quarti
2991 4387 3243 4456 imperii,
3275 4385 3333 4439 id
3355 4388 3449 4439 est
3465 4386 3715 4441 Romani

2052 4482 2365 4549 antequam
2414 4477 2677 4531 ferreum
2709 4475 3212 4542 esse.desisteret,
3243 4474 3628 4544 percutienda
3658 4474 3716 4529 et

278 4560 464 4615 Omne
494 4576 739 4629 regnum
754 4561 814 4613 in
836 4562 1093 4631 seipsmn
1118 4561 1375 4614 divisum
1398 4561 1934 4631 desolabitur(Lue.
1968 4580 2021 4641 D
2055 4566 2501 4621 comminuenda
2525 4566 2916 4631 confirmaret,
2940 4564 3145 4618 dicens
3172 4563 3268 4618 :ln
3286 4563 3501 4619 diebus
3520 4570 3713 4618 autem

276 4650 379 4717 x1).
406 4649 825 4720 Berengariani
857 4651 1072 4719 quippe
1104 4650 1164 4702 in
1198 4651 1421 4719 seipsis
1462 4650 1640 4704 divisi
1674 4655 1832 4719 sunt,
1877 4658 1937 4706 ut
2015 4650 2037 4687 ί
2050 4672 2370 4726 regnorum
2388 4654 2637 4717 illorum,
2656 4652 3293 4707 suscitabitDeuscaeli
3303 4669 3550 4724 regnum
3564 4652 3715 4725 quod

274 4736 670 4792 ostendimus.
705 4737 821 4791 Sed
852 4737 1130 4791 fortassis
1149 4738 1284 4808 quis
1303 4739 1488 4793 dicat:
1524 4739 1655 4793 Non
1669 4741 1938 4810 suntipsi

273 4840 547 4897 regnum,
583 4826 720 4896 quia
750 4826 918 4895 pauci
953 4830 1109 4879 sunt.
1145 4826 1231 4879 Ad
1263 4828 1420 4896 quod
1466 4828 1830 4897 respondeo:
1875 4828 1937 4882 Si

268 4930 392 4969 non
417 4918 555 4967 sunt
582 4930 976 4985 regnum,non
1005 4918 1144 4969 sunt
1166 4914 1433 4969 Ecclesia
1457 4916 1697 4969 Christi.
1733 4916 1934 4970 Eccle-

268 5003 364 5057 sia
393 5004 547 5055 enim
578 5002 821 5070 Christi,
859 5018 1110 5075 regnum
1142 5003 1246 5057 Dei
1279 5007 1388 5067 est,
1427 5004 1485 5056 in
1517 5019 1632 5073 quo
1668 5005 1848 5071 Deus,
1877 5006 1932 5059 id

269 5093 363 5145 est
395 5092 525 5161 ipse
576 5092 871 5160 Christus,
905 5094 1133 5163 regnat.
1166 5091 1227 5146 Si
1259 5095 1453 5146 autem
1484 5096 1625 5146 sunt
1655 5109 1928 5165 regnum,

267 5178 411 5249 quia
455 5178 683 5232 mentiri
704 5178 939 5232 Veritas
988 5195 1105 5233 non
1150 5183 1362 5249 potest,
1413 5196 1544 5233 cum
1584 5181 1643 5233 in
1697 5181 1936 5250 seipsos

266 5267 389 5321 sint
417 5267 1067 5335 divisi,desolabuntur.
1084 5268 1167 5322 De
1191 5269 1479 5323 catholica
1495 5284 1637 5324 sane
1662 5269 1933 5324 Ecclesia

266 5355 561 5425 Propheta
576 5354 1184 5425 pradixitzFundatur
1196 5357 1592 5413 exsultatione
1608 5361 1707 5412 uni
1716 5361 1936 5414 versice

267 5448 455 5497 terrae
477 5459 645 5497 mons
662 5442 804 5497 Sion
822 5443 1007 5513 (Psal.
1024 5445 1221 5514 xnvn);
1238 5446 1393 5516 quod
1417 5445 1488 5500 de
1503 5451 1705 5500 nostra
1729 5446 1931 5502 Eccle-

265 5531 357 5585 sia
378 5530 651 5586 videmus
666 5531 1430 5606 impletum.Berengariana
1446 5549 1587 5589 vero
1605 5536 1795 5604 portio
1812 5553 1931 5592 non

266 5619 550 5676 fundatur
574 5622 968 5679 exsultatione
989 5623 1289 5679 universae
1321 5626 1497 5679 terrae
1510 5638 1735 5696 ;neque
1774 5627 1929 5682 enim

2046 4746 2110 4798 in
2130 4750 2418 4799 aeternum
2434 4758 2545 4797 non
2567 4741 2986 4811 disputabitur:
3015 4748 3074 4795 et
3094 4757 3343 4812 regnum
3362 4741 3485 4813 eius
3499 4741 3713 4813 papula

2046 4833 2227 4887 alteri
2250 4848 2361 4886 non
2399 4831 2690 4885 tradetur.
2730 4830 3046 4884 Continuat
3069 4837 3261 4885 autem
3303 4836 3363 4884 et
3409 4836 3711 4885 consumet

2048 4922 2331 4975 universa
2367 4936 2551 4990 regna
2613 4920 2738 4988 hoc,
2774 4925 2833 4973 et
2864 4919 3055 4989 ipsum
3086 4918 3273 4973 stabit
3303 4919 3365 4972 in
3394 4924 3707 4983 aeternum,

2041 5010 2364 5065 secundum
2384 5009 2533 5081 quod
2558 5008 2783 5075 vidisti,
2806 5013 2864 5062 et
2896 5007 3048 5079 quod
3078 5007 3152 5061 de
3177 5013 3374 5062 monte
3401 5006 3709 5063 abscissus

2045 5105 2136 5153 est
2181 5098 2333 5169 lapis
2387 5099 2520 5151 sine
2566 5096 2861 5165 manibus,
2895 5101 2953 5151 et
2985 5095 3340 5164 comminuit}
3357 5095 3605 5163 ferrum,
3646 5103 3708 5152 et

2048 5193 2260 5241 testam
2283 5192 2342 5240 et
2370 5202 2474 5253 (es,
2518 5192 2576 5239 et
2608 5192 2919 5253 argentum
2952 5192 3011 5240 et
3040 5200 3242 5238 aurum
3277 5182 3451 5255 (Dan.
3474 5185 3558 5255 ιι).

2117 5275 2243 5330 Hoc
2262 5290 2405 5329 sane
2418 5276 2489 5329 de
2509 5278 2711 5328 nostra
2732 5273 3147 5328 Ecclesialuce
3169 5274 3389 5327 clarius
3405 5274 3701 5330 videmus.

2044 5366 2175 5434 Ipsa
2207 5365 2361 5418 enim
2388 5364 2714 5417 Romanum
2735 5363 3208 5433 imperium,cum
3226 5363 3420 5417 adhuc
3444 5364 3703 5419 ferreum

2042 5456 2222 5522 esset,
2273 5455 2328 5506 et
2348 5456 2559 5506 caetera
2573 5466 2759 5522 regna
2773 5451 3204 5521 contrivit.lpsa
3221 5450 3699 5525 hodieque,quod

2039 5557 2211 5597 nemo
2244 5556 2462 5612 negare
2480 5541 2794 5610 postest,in
2824 5541 2954 5610 ipsa
2968 5541 3141 5595 domo
3164 5542 3461 5613 quondam
3494 5543 3700 5597 Roma-

2037 5631 2099 5687 ni
2119 5629 2761 5701 imperatoris,domum
2783 5630 3007 5686 obtinet
3026 5629 3517 5687 Salvatoris.1nde
3539 5630 3696 5687 enim
