4134 6174
347 169 504 230 1487

1267 181 1745 251 GUITMUNDI
1787 187 2307 258 ARCHIEPISC.
2354 197 2789 265 AVERSANI.

3610 216 3762 281 1488

345 371 475 470 ipsa
496 387 604 441 per
625 371 861 475 beatum
881 375 1137 431 Leonem
1170 384 1774 475 papam(LeoIX)haec
1790 387 2009 442 Beren-
2045 375 2092 434 Ᾱ
2129 392 2224 446 his
2255 396 2489 451 verbis:
2518 398 2579 453 Si
2611 417 2755 472 rem,
2790 403 2994 475 inquit,
3030 409 3375 465 credibilem
3407 414 3782 470 crediderunt

347 459 591 531 gariana
623 460 901 531 ﬁgmenta
934 480 1067 518 mox
1104 481 1215 522 suo
1248 476 1453 525 exortu
1486 474 1798 528 damnavit.
1836 476 2013 529 Dein-

347 553 418 607 de
430 568 538 622 per
550 552 706 605 hunc
725 552 1044 625 ipsum,qui
1067 573 1216 611 nunc
1235 566 1469 630 praeest,
1483 563 1904 635 D.Gregorium
1920 583 2013 637 pa-

346 660 479 713 pam
498 642 697 715 (Greg.
723 644 843 713 VII)
866 648 1004 698 tunc
1017 648 1498 704 archidiaconum
1514 652 1780 721 ejusdem
1805 655 2009 708 Roma-

348 748 441 787 nae
464 732 704 786 sedisin
737 735 986 788 concilio
1017 736 1350 791 Turoneusi
1381 742 1662 807 convicit;
1698 744 2008 814 ipsumque

348 822 795 894 Berengarium,
840 828 900 877 ut
937 825 1265 896 videbatur,
1328 836 1679 899 correctum,
1741 848 1807 885 ac
1870 849 2006 902 pro-

349 911 499 980 prim
530 928 741 966 manus
772 917 1142 968 sacramento
1175 916 1656 987 satisfacientem,
1694 920 2012 977 clementer

350 1004 636 1072 suscepit.
664 1005 1112 1077 Reversumque
1143 1008 1437 1078 aliquanto
1472 1015 1605 1079 post
1627 1012 1697 1064 ad
1732 1015 2013 1067 vomitum

352 1108 547 1161 suum,
582 1096 791 1163 agente
849 1101 1069 1149 sanctaa
1102 1098 1529 1152 recordationis
1576 1101 1817 1155 Nicolao
1866 1119 2012 1172 papa

351 1182 412 1236 in
469 1183 731 1253 generali
787 1184 1036 1237 concilio
1108 1186 1309 1240 Romae
1362 1189 1572 1242 iterum
1643 1192 2007 1257 confutatur;

353 1275 525 1342 atque
556 1272 826 1326 eumdem
857 1272 1287 1345 Berengarium
1322 1292 1519 1330 coram
1548 1279 1675 1347 ipso
1708 1280 2012 1334 venerabi-

351 1361 427 1415 lis
477 1361 641 1415 orbis
698 1364 986 1415 terrarum
1037 1370 1348 1429 conventu,
1381 1367 1436 1419 in
1471 1368 1651 1421 verba
1683 1372 1841 1422 certa
1882 1386 2014 1440 quae

354 1465 535 1519 supra
565 1451 788 1521 scripta
821 1456 978 1522 sunt,
1014 1455 1069 1507 et
1099 1452 1158 1505 in
1182 1454 1380 1507 multis
1414 1455 1705 1510 habentur
1726 1457 2015 1513 Ecelesiis

343 1541 585 1613 jurare;
647 1542 1084 1612 praadietasque
1143 1543 1404 1597 insanias
1454 1545 1694 1614 prOprio
1755 1563 1856 1601 ore
1907 1551 2001 1604 ab-

347 1630 589 1701 jurare,
635 1646 703 1683 ae
759 1630 993 1685 libellos
1027 1649 1171 1687 suos
1205 1650 1355 1705 quos
1395 1636 1466 1689 ad
1497 1638 1745 1691 tuendas
1775 1640 2015 1694 easdem

2130 483 2365 538 videant
2407 502 2580 556 quam
2625 491 2742 544 sint
2782 494 2979 547 stolidi
3012 498 3110 567 qui
3142 515 3259 552 non
3286 502 3549 556 credunt.
3585 503 3646 557 Si
3676 522 3781 558 au-

2130 572 2247 623 tem
2276 588 2373 626 res
2432 575 2799 634 incredibilis
2831 586 2938 651 est,
2974 585 3127 638 unde
3160 590 3276 641 toto
3309 591 3595 645 terrarum
3647 594 3788 647 orbe

2130 658 2251 729 jam
2284 664 2504 719 credita
2531 671 2621 720 est
2642 670 2668 720 ἱ)
2699 668 2982 733 Quocirca
3029 674 3183 728 beati
3218 677 3535 748 Augustini
3562 680 3788 750 judicio

2134 763 2243 799 vos
2258 750 2453 804 stolidi
2478 755 2645 823 estis,
2668 757 2762 826 qui
2786 757 2856 812 de
2880 776 3128 831 corpore
3157 762 3378 818 Christi
3410 768 3564 836 quod
3598 768 3789 823 inteto

2138 838 2428 891 terrarum
2442 842 2584 895 orbe
2617 846 2873 901 creditur
2894 851 3138 905 credere
3162 855 3624 909 recusatis.Item
3654 858 3787 910 bea-

2134 926 2230 976 tus
2264 928 2632 997 Augustinus
2656 934 2712 986 in
2746 943 2951 1005 quarto
2985 939 3133 993 libro
3158 940 3240 996 De
3267 942 3556 1012 baptismo
3588 949 3793 999 contra

2134 1012 2469 1103 Donatistas
2506 1020 2651 1092 (cap.
2673 1022 2753 1092 6):
2790 1024 2952 1089 Quod
3008 1029 3306 1099 universa,
3363 1032 3572 1103 inquit,
3636 1039 3793 1088 tenet

2134 1100 2421 1173 Ecclesia,
2466 1123 2573 1161 nec
2605 1113 2872 1167 conciliis
2910 1116 3257 1188 institutum,
3290 1121 3397 1174 sed
3430 1100 3670 1191 semper
3700 1138 3789 1175 re-

2133 1200 2351 1252 tentum
2388 1205 2510 1255 est:
2544 1218 2659 1256 non
2716 1203 2833 1257 nisi
2863 1206 3203 1261 auctoritate
3247 1211 3568 1277 apostolica
3614 1211 3788 1264 tradi-

2134 1291 2252 1341 tum
2284 1291 2616 1345 rectissime
2648 1294 2922 1348 creditur.
2957 1294 3100 1350 Item
3141 1298 3199 1349 in
3238 1298 3486 1366 septimo
3518 1299 3789 1369 ejusdem

2132 1376 2282 1431 libro
2306 1380 2451 1450 (cap.
2484 1380 2604 1449 53):
2644 1381 2703 1435 Id
2739 1385 2950 1451 autem,
2993 1386 3091 1453 ait,
3116 1385 3327 1439 ﬁducia
3360 1402 3588 1441 securae
3623 1390 3788 1443 vocis

2128 1481 2450 1535 possumus
2469 1486 2740 1524 asserere
2756 1472 2909 1542 quod
2926 1472 2981 1525 in
2996 1473 3420 1544 gubernatione
3438 1476 3671 1529 Domini
3686 1477 3791 1531 Dei

2128 1557 2313 1609 nostri
2327 1559 2382 1610 et
2394 1557 2718 1613 Salvatoris
2737 1559 2882 1614 Jesu
2895 1561 3111 1615 Christi
3125 1563 3483 1617 universalis
3500 1564 3789 1619 Ecclesiae

2130 1649 2525 1702 consensione
2558 1649 2898 1703 roboratnm
2921 1653 3031 1704 est.
3056 1650 3421 1721 Quapropter
3442 1653 3590 1706 ﬁdes
3618 1670 3791 1722 quam

350 1718 754 1789 blasphemias
810 1719 1048 1788 fecerat,
1084 1725 1342 1793 prepriis
1389 1741 1766 1782 concremare
1798 1730 2011 1800 coegit.
2051 1747 2103 1809 Β
2131 1736 2201 1791 de
2257 1752 2505 1806 corpore
2565 1741 2621 1792 et
2651 1739 2944 1807 sanguine
2974 1739 3204 1794 Domini
3254 1756 3490 1810 semper
3522 1740 3793 1795 Ecclesia

353 1808 851 1880 Berengarianam
897 1826 1076 1879 porro
1113 1812 1479 1881 plebeculam
1528 1831 1644 1869 non
1685 1816 1814 1869 dico
1874 1833 2014 1888 qua-

352 1901 487 1953 tuor
502 1898 847 1967 principalia
870 1914 1074 1970 regna,
1101 1902 1207 1955 sed
1224 1918 1331 1955 nec
1355 1920 1532 1958 unum
1557 1905 1747 1959 solum
1770 1921 2018 1978 regnum

353 1988 552 2058 alique
582 2004 841 2058 unquam
882 1993 1141 2059 tempore
1183 1991 1512 2048 obtinuisse
1554 1996 1870 2048 monstrari
1916 2012 2019 2066 po-

353 2079 491 2131 test.
526 2077 640 2130 Aut
681 2077 733 2130 si
765 2078 1094 2133 obtinuisse
1150 2081 1523 2153 conﬁngitur,
1581 2084 1705 2154 jam
1738 2102 1891 2139 nunc
1928 2101 2017 2139 re-

353 2182 538 2237 gnum
578 2166 712 2238 ejus
752 2169 969 2238 populo
1020 2172 1205 2240 alteri,
1258 2173 1314 2226 id
1346 2175 1456 2243 est,
1492 2174 1779 2228 catholico
1811 2179 2015 2230 nostro

352 2255 630 2309 traditum
686 2260 796 2311 est.
859 2258 1078 2313 Noster
1136 2261 1291 2315 enim
1352 2263 1606 2333 pepulus
1666 2265 2013 2334 Romanum,

355 2360 489 2397 cum
522 2345 796 2399 omnibus
844 2348 1050 2418 regnis
1082 2348 1417 2406 Christiano
1449 2354 1671 2407 nomini
1700 2354 2013 2426 subjectis,

352 2437 510 2488 tenet
541 2434 874 2503 imperium.
930 2437 1131 2492 Daniel
1189 2444 1382 2493 autem
1412 2441 1569 2511 dicit,
1601 2444 1736 2513 quia
1769 2459 2017 2515 regnum

351 2522 551 2591 populi
584 2522 709 2592 Dei,
735 2524 937 2594 populi
968 2526 1148 2580 alteri
1178 2543 1289 2582 non
1353 2531 1645 2599 tradetur,
1687 2532 1797 2585 sed
1829 2536 2015 2602 ipsum

351 2611 539 2664 stabit
554 2614 613 2665 in
625 2620 913 2668 aeternum
936 2616 1109 2687 (Dan.
1143 2626 1226 2687 ιι).
1262 2618 1683 2690 Berengariani
1703 2620 1884 2691 igitur
1897 2637 2012 2674 non

353 2702 645 2756 suntillud
671 2719 918 2774 regnum
937 2706 1090 2775 quod
1120 2707 1276 2761 Deus
1301 2710 1433 2762 cmli
1452 2712 1847 2766 suscitaturus
1874 2730 2016 2783 prae-

353 2793 588 2846 dicitur.
623 2792 789 2857 Quod
813 2795 866 2848 si
888 2812 1001 2849 non
1028 2798 1319 2864 pertinent
1348 2799 1419 2852 ad
1452 2817 1699 2872 regnum
1730 2802 1832 2855 Dei
1858 2802 2011 2869 coeli,

353 2882 742 2953 consequitur
771 2886 832 2936 ut
864 2885 981 2937 sint
1029 2885 1101 2938 de
1131 2901 1317 2957 regno
1351 2887 1585 2944 diaboli.
1634 2891 1813 2945 Vides
1844 2892 2015 2962 plane

352 2971 645 3041 quomedo
697 2973 1205 3030 conclamantibus
1246 2978 1609 3047 prepheticis
1658 2982 2015 3036 testimoniis

351 3064 556 3114 nostra
605 3060 876 3115 Ecclesia
941 3063 1339 3135 conﬁrmatur,
1400 3068 1835 3140 Berengariana
1875 3086 2015 3125 vero

346 3150 539 3218 portio
563 3147 830 3221 'utraque
859 3152 1231 3222 reprobatur.
1288 3155 1369 3211 De
1411 3158 1629 3228 quibus
1661 3160 2013 3213 testimoniis

348 3241 560 3295 beatus
592 3241 965 3312 Augustinus
1005 3244 1064 3297 in
1096 3245 1245 3300 libro
1279 3247 1359 3300 De
1391 3246 1624 3302 civitate
1662 3250 1763 3303 Dei
1813 3250 2015 3303 ultimo

349 3331 496 3402 (cap.
542 3331 632 3401 25)
693 3336 899 3386 contra
932 3333 1219 3403 quosdam
1252 3337 1640 3407 phiIOSOphos
1684 3340 1772 3392 sic
1798 3340 1876 3393 ait
1910 3356 1921 3394 ε
1954 3340 2017 3394 Si

346 3423 664 3489 propterea
712 3420 914 3476 dicunt
968 3423 1079 3476 alio
1113 3424 1285 3478 modo
1320 3441 1456 3479 esse
1491 3428 1803 3496 credenda,
1858 3445 1929 3482 ne
1963 3430 2016 3482 si

349 3510 606 3564 dixerint
653 3526 805 3563 vana
862 3527 1000 3565 esse
1059 3514 1414 3582 conscripta,
1464 3514 1741 3585 injuriam
1802 3515 2015 3571 faciant

346 3598 434 3651 illi
464 3600 609 3667 Deo,
635 3600 730 3653 cui
759 3601 877 3651 tam
907 3615 1187 3670 magnum
1230 3602 1539 3670 perhibent
1575 3604 1973 3659 testimonium
2000 3623 2014 3675 ς

346 3688 567 3740 tantam
602 3702 854 3757 prorsus
888 3687 941 3740 ei
974 3687 1063 3741 vel
1098 3690 1270 3742 etiam
1301 3692 1634 3761 graviorem
1680 3693 1898 3747 faciunt
1929 3694 2014 3747 in-

343 3774 587 3845 juriam,
640 3775 693 3828 si
741 3774 909 3829 aliter
941 3776 1140 3831 dicunt
1169 3794 1307 3832 esse
1351 3780 1756 3853 intelligenda,
1788 3800 1903 3837 non
1927 3784 2013 3837 si-

350 3867 447 3917 cut
470 3863 724 3917 mundus
750 3865 1195 3936 credidit,quem
1227 3871 1587 3923 crediturum
1608 3871 1737 3940 ipse
1760 3872 2018 3927 laudavit

346 3951 477 4020 ipse
500 3953 789 4021 promisit,
816 3953 944 4022 ipse
978 3954 1309 4024 complevit.
1340 3957 1468 4011 Non
1487 3959 1679 4029 itaque
1705 3961 2017 4015 credentes

348 4041 505 4111 quod
528 4042 759 4095 mentiri
774 4043 983 4111 possit,
1007 4044 1247 4097 credent
1276 4061 1416 4099 esse
1444 4046 1737 4102 facturum
1774 4052 1928 4120 quod
1954 4067 2019 4104 se

348 4130 638 4183 facturum
656 4145 792 4184 esse
806 4132 1105 4201 promisit;
1137 4137 1191 4187 et
1220 4134 1305 4187 sic
1338 4138 1578 4191 credant
1598 4139 1749 4192 sicut
1773 4141 2021 4195 credidit

347 4220 804 4289 mundus,quem
821 4221 1181 4274 crediturum
1200 4238 1336 4276 esse
1353 4226 1823 4297 praedixit,qnem
1840 4230 2020 4282 credi-

345 4309 687 4361 turumesse
710 4307 1169 4379 laudavit,quem
1183 4312 1538 4370 crediturum
1563 4334 1700 4372 esse
1717 4320 2020 4391 promittit,

348 4414 524 4469 quem
582 4402 914 4455 credidisse
958 4402 1082 4473 jam
1131 4406 1405 4459 ostendit.
1458 4408 1521 4460 Si
1560 4424 1703 4478 ergo
1745 4410 1938 4476 vobis,
1983 4426 2015 4462 o

345 4487 796 4560 Berengariani,
830 4491 897 4544 B.
931 4494 1299 4564 Augustinus
1338 4496 1435 4562 ita,
1480 4500 1541 4549 ut
1569 4498 1739 4564 solet,
1793 4497 2011 4551 claris-

349 4580 542 4633 simus
572 4583 684 4647 est,
702 4579 991 4651 judicium
1013 4583 1145 4652 ejus
1165 4585 1502 4655 sequimini,
1541 4587 1762 4640 credite
1786 4587 1857 4641 de
1880 4603 2015 4641 cor-

344 4683 492 4739 pore
515 4671 571 4723 et
601 4669 891 4740 sanguine
941 4671 1171 4724 Domini
1203 4673 1360 4742 quod
1410 4674 1663 4727 mundus
1716 4676 1924 4743 credit,
1957 4678 2014 4729 et

347 4758 405 4810 et
416 4757 505 4810 sic
525 4757 744 4811 credite
759 4758 1179 4813 sicutmundus
1198 4761 1537 4815 credidit.Si
1556 4763 1711 4816 enim
1732 4763 1885 4817 aliud
1908 4769 2004 4817 aut

344 4844 605 4915 idipsum
618 4846 788 4900 aliter
809 4847 1049 4900 creditis
1069 4848 1208 4902 dicit
1231 4850 1400 4903 vobis
1423 4851 1795 4922 Augustinus
1816 4858 2016 4907 vester

348 4936 509 5005 quod
540 4951 785 5009 gravem
816 4936 937 4991 Deo
969 4936 1245 5009 injuriam
1289 4939 1643 5007 facitis,quia
1674 4942 1912 4996 creditis
1941 4944 2013 4998 de

346 5022 583 5080 Christo
614 5026 784 5081 aliter
840 5016 1015 5097 quam
1064 5027 1218 5081 sicut
1250 5028 1503 5083 mundus
1535 5030 1804 5097 credidit,
1837 5047 2012 5101 quem

353 5112 712 5169 crediturum
742 5130 880 5169 esse
913 5116 1073 5170 Deus
1103 5116 1393 5186 praedixit,
1428 5118 1706 5179 laudavit.
1739 5121 2013 5188 promisit

348 5202 625 5255 ostendit.
666 5203 834 5267 Quod
865 5205 918 5257 si
951 5205 1123 5259 ﬁdem
1155 5206 1356 5259 mundi
1388 5206 1545 5260 Deus
1576 5207 1850 5275 laudavit,
1888 5225 2015 5263 ves-

348 5293 439 5345 tra
486 5290 686 5360 utique
727 5293 1000 5362 ﬁgmenta
1034 5296 1389 5363 reprobavit.
1429 5296 1559 5350 Non
1590 5298 1745 5351 enim
1778 5302 1870 5351 est
1899 5299 2015 5352 nisi

347 5396 465 5435 una
510 5379 658 5432 ﬁdes
706 5381 1015 5436 laudabilis
1058 5386 1210 5453 apud
1268 5386 1472 5440 Deum.
1526 5386 1692 5439 Unde
1744 5391 1799 5440 et
1842 5387 2015 5441 vobis

335 5470 479 5543 jure
526 5471 820 5539 obveniet,
869 5474 1025 5541 quod
1073 5474 1228 5528 idem
1261 5479 1504 5528 sanctus
1554 5476 1924 5546 Augustinus
1958 5476 2018 5529 in

354 5559 564 5615 eodem
622 5558 825 5615 ultimo
883 5558 1035 5615 libro
1098 5561 1180 5615 De
1210 5562 1444 5616 civitate
1477 5563 1580 5617 Dei
1612 5564 1759 5634 (cap.
1792 5564 1847 5632 5)
1878 5563 2018 5617 dicit

2133 1825 2411 1879 universa
2444 1827 2645 1894 tenuit,
2681 1828 2878 1881 multis
2903 1828 3152 1897 insuper
3198 1829 3466 1883 conciliis
3498 1830 3791 1902 generali-

2128 1914 2242 1967 bus
2303 1915 2628 1985 roboravit,
2673 1932 2746 1970 ex
2801 1917 3129 1986 apostolica
3184 1919 3527 1972 auctoritate
3582 1919 3792 1972 tradita

2131 2004 2464 2058 rectissime
2524 2005 2804 2059 creditur.
2866 2006 3015 2059 Nam
3067 2007 3119 2058 si
3151 2007 3295 2060 illud
3339 2007 3497 2078 quod
3554 2022 3792 2076 semper

2133 2091 2404 2146 Ecclesia
2440 2095 2625 2148 tenuit
2674 2094 2850 2149 nullis
2884 2096 3170 2149 munitum
3201 2096 3469 2149 conciliis
3508 2092 3789 2165 apostoli-

2133 2196 2266 2234 cum
2313 2186 2422 2251 est,
2494 2187 2709 2253 quanto
2783 2185 2974 2254 magis
3031 2184 3172 2237 illud
3220 2185 3376 2254 quod
3425 2188 3479 2238 et
3557 2200 3793 2254 semper

2133 2272 2336 2338 tenuit,
2370 2275 2426 2325 et
2455 2272 2655 2326 multis
2679 2275 2770 2327 est
2793 2274 2875 2343 (ut
2907 2274 3050 2342 dixi)
3082 2274 3351 2328 conciliis
3404 2274 3789 2344 generalibus

2135 2360 2559 2429 conﬁrmatum,
2621 2377 2698 2415 ex
2741 2362 3064 2431 apostolica
3119 2364 3459 2416 auctoritate
3513 2363 3791 2415 traditum

2135 2465 2273 2504 esse
2323 2450 2682 2505 credendum
2736 2455 2853 2506 est:
2915 2452 3031 2505 Sed
3086 2468 3297 2521 panem
3355 2456 3410 2505 et
3458 2451 3661 2504 vinum
3711 2450 3792 2503 a1-

2136 2540 2277 2592 taris
2334 2540 2563 2594 Domini
2593 2541 2651 2593 in
2683 2556 2899 2610 corpus
2933 2545 2987 2594 et
3016 2543 3366 2612 sanguinem
3396 2539 3621 2593 Christi
3651 2539 3791 2593 sub-

2134 2629 2483 2683 stantialiler
2498 2630 2983 2698 commutari(non
2999 2630 3152 2687 sicut
3169 2630 3376 2683 delirat
3390 2628 3792 2698 Berengarius

2131 2719 2395 2788 corporis
2426 2722 2481 2773 et
2504 2720 2814 2789 sanguinis
2835 2719 3064 2773 Domini
3086 2719 3311 2789 ﬁguras
3335 2722 3555 2772 tantum
3570 2733 3710 2771 esse
3737 2721 3793 2769 et

2131 2808 2393 2875 umbras,
2410 2811 2507 2860 aut
2528 2808 2680 2860 intra
2704 2823 2770 2861 se
2792 2807 3067 2861 latentem
3087 2806 3389 2861 Christum
3408 2805 3795 2878 tegere),uni-

2126 2896 2381 2949 versatis
2399 2895 2684 2950 Ecclesiae
2699 2896 3095 2950 consensione
3113 2896 3453 2949 roboratum
3475 2897 3586 2949 est.
3602 2896 3782 2948 Secu-

2127 3002 2191 3039 ra
2208 2986 2392 3057 igitur
2407 3001 2552 3039 voce
2567 2985 2934 3056 gubernante
2949 2985 3193 3039 Domino
3217 2985 3337 3038 Deo
3359 2988 3563 3038 nostro
3587 2987 3642 3037 et
3659 2984 3793 3036 Sal-

2127 3079 2328 3129 vatore
2359 3076 2505 3129 Jesu
2536 3074 2793 3143 Christo,
2828 3074 2886 3127 id
2916 3090 2948 3126 a
2970 3074 3142 3128 nobis
3170 3075 3369 3128 asseri
3402 3076 3615 3143 potest.
3662 3073 3798 3126 Dili-

2128 3167 2336 3235 genter
2365 3179 2509 3218 sane
2541 3165 2593 3218 si
2623 3164 2865 3218 daretur
2886 3164 3076 3231 locus,
3105 3179 3235 3217 cum
3265 3164 3397 3233 ipso
3427 3162 3792 3233 Berengario

2127 3253 2425 3306 discutere
2459 3252 2688 3320 vellem,
2724 3268 2856 3306 cum
2889 3251 3122 3321 aliquos
3154 3252 3363 3305 doceat
3392 3252 3535 3304 nihil
3567 3251 3625 3302 in
3658 3251 3793 3304 cibo

2127 3342 2331 3395 altaris
2364 3341 2594 3395 Domini
2624 3341 2892 3410 corporis
2922 3343 2978 3395 et
3019 3341 3331 3412 sanguinis
3380 3339 3624 3406 Christi,
3677 3340 3795 3392 nisi

2128 3431 2395 3484 umbram
2416 3433 2636 3483 tantum
2669 3434 2725 3484 et
2755 3430 3005 3502 ﬁguram
3046 3429 3270 3497 haberi,
3305 3429 3604 3499 aliquibus
3625 3444 3791 3495 vero,

2135 3523 2411 3587 tanquam
2443 3518 2721 3573 subtilius
2745 3517 3577 3588 quaerentibus,satisfaciens,
3596 3518 3795 3586 ipsum

2135 3609 2215 3661 ibi
2239 3624 2455 3678 corpus
2486 3608 2707 3662 Christi
2738 3622 2876 3661 esse
2896 3608 3270 3677 respondeat,
3301 3607 3408 3660 sed
3430 3608 3794 3675 impanatum

2134 3699 2341 3751 latere:
2388 3697 2525 3768 quid
2567 3696 2679 3751 sibi
2714 3696 2771 3750 in
2806 3696 3001 3765 priore
3046 3697 3333 3749 sententia
3364 3695 3694 3763 displiceat,
3732 3698 3797 3748 ut

2135 3788 2552 3849 satisfacturus
2585 3785 2992 3857 quaerentibus
3012 3785 3390 3855 transmigret
3421 3783 3494 3836 ad
3522 3784 3794 3851 alteram,

2138 3880 2235 3929 aut
2263 3876 2402 3945 quid
2433 3876 2490 3928 in
2522 3875 2853 3945 posteriore
2875 3874 3207 3939 abhorreat,
3245 3875 3302 3925 ut
3318 3872 3518 3925 redeat
3538 3873 3611 3925 ad
3633 3873 3796 3941 prio-

2135 3980 2280 4018 rem.
2314 3964 2619 4035 Migrando
2641 3964 2797 4017 enim
2827 3962 2900 4015 ad
2933 3962 3270 4026 secundam,
3304 3961 3565 4030 priorem
3596 3976 3796 4029 repro-

2131 4054 2268 4121 bat;
2302 4053 2599 4107 redeundo
2623 4052 2693 4105 ad
2724 4052 3002 4121 priorem,
3045 4052 3284 4105 alteram
3314 4051 3565 4103 damnat.
3590 4050 3719 4113 Quo
3735 4049 3797 4101 ﬁt

2131 4147 2193 4196 ut
2212 4145 2517 4212 utramque
2535 4141 2919 4207 defensando,
2944 4144 3210 4194 neutram
3231 4143 3440 4192 teneat.
3464 4138 3634 4191 Unde
3653 4153 3799 4191 con-

2132 4232 2420 4301 sequitur,
2457 4234 2514 4283 ut
2543 4246 2673 4283 cum
2706 4229 2964 4299 reliquas
2995 4229 3318 4282 sententias
3350 4242 3555 4280 omnes
3578 4226 3791 4293 oderit,

2131 4321 2201 4374 de
2242 4320 2336 4374 his
2372 4318 2696 4373 Dominicis
2728 4318 3113 4371 sacramentis
3144 4316 3283 4386 quid
3306 4316 3513 4369 debeat
3542 4316 3791 4369 credere

2131 4410 2363 4479 penitus
2396 4408 2543 4461 nihil
2573 4407 2740 4460 sciat.
2782 4405 3006 4459 Exinde
3037 4420 3271 4475 quoque
3301 4405 3358 4458 id
3391 4404 3600 4458 accidit
3632 4405 3794 4475 quod

2132 4497 2463 4551 certissime
2486 4495 2778 4558 novimus,
2805 4494 2960 4563 quod
2992 4493 3390 4564 Berengarius
3420 4495 3476 4546 et
3507 4493 3684 4558 sui,si
3716 4493 3793 4546 ab

2134 4587 2379 4640 eruditis
2401 4584 2722 4638 Catholicis
2736 4582 2807 4636 de
2838 4598 2945 4636 sua
2966 4581 3076 4635 ﬁde
3099 4582 3516 4634 discutiantur:
3540 4581 3597 4633 id
3632 4581 3792 4651 quod

2135 4675 2208 4729 de
2241 4689 2486 4744 corpore
2518 4672 2745 4726 Domini
2774 4674 2990 4739 tenent,
3025 4673 3123 4723 aut
3150 4668 3339 4750 territi
3374 4669 3795 4740 denegant,aut

2138 4763 2569 4833 siproﬁtemur,
2601 4759 2915 4814 defendere
2948 4773 3064 4812 non
3086 4758 3299 4812 valent.
3333 4757 3449 4811 Sed
3472 4762 3794 4828 negatores

2134 4868 2290 4906 verte
2322 4850 2538 4904 ﬁdeide
2561 4848 2817 4915 Christo,
2838 4848 3126 4902 sententia
3148 4847 3245 4901 illa
3264 4845 3484 4900 Christi
3503 4846 3794 4900 terribilis

2134 4940 2489 5010 excipit,qua
2516 4938 2688 4991 dixit:
2720 4937 2830 5001 Qui
2862 4951 2951 4990 me
2973 4935 3355 4990 erubueritet
3383 4950 3545 4988 meos
3567 4950 3793 4988 sermo-

2136 5045 2261 5094 nes,
2326 5029 2477 5081 liunc
2532 5026 2692 5080 [ilius
2735 5025 2991 5079 hominis
3040 5024 3355 5079 erubescet
3385 5024 3547 5089 (Luc.
3581 5024 3687 5086 ix).
3723 5021 3794 5075 Et

2134 5118 2351 5171 Paulus
2378 5132 2390 5170 :
2427 5115 2496 5169 Si
2523 5130 2671 5184 nega
2684 5114 2961 5179 verimus,
2986 5112 3191 5181 inquit,
3210 5118 3267 5164 et
3284 5110 3412 5181 ipse
3430 5109 3673 5180 negabit
3687 5122 3801 5163 nos

2134 5206 2219 5275 (II
2252 5206 2393 5259 Tim.
2429 5206 2511 5272 ιι).
2545 5205 2618 5256 At
2649 5217 2787 5255 vero
2820 5202 2869 5254 si
2905 5200 3249 5269 proﬁtentur
3266 5203 3321 5251 et
3351 5197 3668 5252 defendere
3693 5213 3791 5250 ne-

2135 5293 2437 5366 queunt,si
2454 5291 2689 5362 quidem
2712 5306 2869 5345 verae
2889 5289 3025 5343 ﬁdei
3044 5288 3394 5341 defensores
3412 5286 3678 5353 sunt,ubi
3702 5290 3796 5339 est

2135 5384 2288 5454 quod
2323 5383 2452 5436 suis
2481 5380 2754 5435 Christus
2773 5378 3071 5448 pollicitus
3101 5379 3194 5430 est
3210 5375 3415 5430 dicens
3441 5391 3456 5431 :
3488 5375 3622 5445 Ego
3641 5374 3797 5428 dabo

2139 5473 2307 5527 vobis
2332 5486 2400 5525 os
2422 5475 2480 5522 ct
2497 5468 2973 5539 sapicntiam,cui
2992 5482 3103 5521 non
3122 5471 3399 5537 poterunt
3421 5466 3721 5519 resistere
3735 5469 3799 5517 et

2135 5559 2548 5614 contradicere
2578 5556 2862 5611 omnesad
2876 5553 3142 5608 vcrsarii
3170 5551 3784 5622 vestr:‘?(Luc.xxx).Si

2126 5648 2281 5705 enim
2302 5662 2505 5704 veram
2521 5646 2697 5702 ﬁdem
2714 5644 2816 5701 isti
2840 5642 3243 5715 defenderent,
3268 5643 3432 5698 esset
3448 5641 3543 5698 vel
3572 5640 3796 5711 aliquis
