4084 6186
267 462 429 526 1489

799 459 908 520 DE
954 455 1369 522 CORPORIS
1415 456 1519 517 ET
1557 455 1801 516 SANG.
1852 451 2159 514 DOMINI
2205 449 2423 513 LIBRI
2462 448 2696 510 TRES.
2747 482 2814 494 —
2860 447 3018 509 LIB.
3052 446 3137 509 IIl

3521 442 3675 505 4490

247 680 454 719 eorum
486 663 578 717 cui
599 658 930 715 adversarii
948 674 1153 713 omnes
1178 658 1461 711 resistere
1493 671 1609 708 non
1629 654 1909 708 valerent.
1945 639 1988 697 Α
2029 652 2157 705 sola
2187 650 2572 717 rationabilis,
2595 650 2721 703 sola
2753 650 3057 717 vera,sola
3094 651 3681 717 rata,usquequaque

251 754 385 807 Non
417 752 577 806 enim
608 753 803 820 potest
829 747 1059 802 mentiri
1092 746 1322 799 Veritas
1339 761 1469 815 quae
1502 746 1629 797 suis
1649 744 1761 796 hoc
1791 757 1918 811 pro-

251 841 430 894 misit.
466 838 680 892 Nullus
701 838 894 889 autem
919 834 1126 888 horum
1154 832 1404 885 inveniri
1427 833 1640 900 potest,
1677 830 1769 883 cui
1800 844 1918 882 non

257 927 495 999 possint
559 926 841 980 resistere
888 922 1075 976 nostri
1101 920 1387 975 Catholici
1422 936 1433 972 :
1469 935 1658 989 usque
1690 918 1834 971 adeo
1858 917 1921 969 ut

258 1014 700 1070 haeresiarches
716 1011 1121 1081 Berengarius
1141 1009 1435 1062 multoties
1451 1008 1730 1074 revictus,
1749 1005 1921 1060 etiam

260 1106 629 1159 sacramento
651 1100 905 1171 propriae
930 1113 1138 1150 manus
1163 1098 1221 1150 in
1244 1096 1620 1167 generalibus
1653 1093 1919 1149 conciliis

258 1195 540 1247 vesanias
556 1192 701 1245 istas
715 1188 1031 1259 abjurasse
1043 1186 1719 1248 teneatur.Quamobrem
1732 1183 1921 1253 palam

268 1286 359 1336 est
388 1282 523 1352 quia
546 1295 663 1333 non
696 1281 833 1331 sunt
854 1276 948 1328 isti
967 1274 1319 1327 defensores
1335 1290 1493 1326 verae
1517 1273 1652 1326 fidei
1675 1288 1783 1325 nec
1798 1271 1919 1337 filii,

275 1371 379 1425 sed
397 1367 723 1423 adversarii
765 1363 986 1418 Christi
1007 1361 1511 1432 ,ecclesire.Porro
1535 1364 1725 1414 autem
1756 1360 1807 1412 si
1830 1360 1929 1413 isti

278 1462 417 1513 sunt
442 1456 711 1511 Ecclesia
741 1452 982 1520 Christi,
1019 1454 1115 1503 aut
1145 1466 1175 1502 a
1211 1450 1449 1503 Christo
1500 1450 1771 1503 Ecclesia
1813 1465 1929 1503 non

269 1547 468 1617 coepit,
494 1548 591 1599 aut
620 1544 813 1614 aliquo
843 1542 978 1611 post
1005 1543 1266 1608 tempore
1300 1554 1435 1591 esse
1458 1538 1649 1592 desiit.
1672 1538 1926 1592 Notissi-

270 1652 430 1691 mum
462 1647 712 1703 namque
736 1634 827 1683 est
852 1630 963 1683 hoc
990 1631 1249 1696 tempore
1272 1627 1613 1697 priusquam
1636 1627 1930 1699 Berenga-

270 1727 400 1780 rius
415 1718 866 1788 insanisset,huj
879 1716 1107 1770 usmodi
1124 1715 1398 1768 vesanias
1413 1732 1709 1785 nunquam
1723 1717 1933 1770 fuisse.

278 1814 396 1869 Sed
420 1828 491 1867 ex
514 1815 774 1878 tempore
792 1805 1014 1860 Christi
1038 1804 1290 1859 ecclesia
1310 1805 1367 1857 in
1389 1805 1676 1874 apostolis
1710 1807 1766 1858 et
1796 1821 1940 1874 apo-

278 1902 567 1957 stolorum
600 1896 908 1966 discipulis
940 1893 1086 1960 fuit;
1119 1893 1225 1947 sed
1251 1908 1440 1963 neque
1465 1896 1667 1963 postea
1686 1909 1942 1964 unquam

279 1987 838 2045 defuit.l\fentiretur
856 1983 1010 2037 enim
1029 1981 1332 2051 Scriptura
1346 1996 1454 2051 per
1480 1981 1798 2051 prophetas
1821 1982 1943 2035 cla-

283 2094 453 2133 mans
470 2094 482 2131 :
502 2077 581 2130 Et
594 2074 770 2146 regni
783 2073 912 2142 ejus
930 2087 1041 2124 non
1062 2071 1179 2123 erit
1195 2068 1575 2138 linis(Luc.i).
1604 2070 1949 2124 Mentiretur

286 2166 527 2224 Gabriel
561 2161 959 2233 archangelus
990 2159 1246 2229 idipsum
1274 2159 1461 2212 beatae
1494 2158 1694 2211 Mariae
1719 2158 1945 2213 dicens.

286 2254 639 2310 Mentiretur
670 2254 725 2305 et
745 2251 875 2319 ipsa
890 2248 1143 2317 Veritas,
1170 2262 1301 2317 quae
1316 2246 1599 2300 aitzEcce
1625 2263 1733 2319 ego
1760 2248 1951 2301 vobis-

289 2361 416 2400 cum
448 2358 572 2396 sum
607 2354 786 2411 usque
819 2337 893 2391 ad
914 2336 1468 2391 consummationem
1498 2335 1701 2389 δωρειιί
1712 2336 1950 2406 (Matth.

287 2432 515 2501 xxvm).
535 2429 652 2484 Sed
678 2426 833 2482 absit
849 2426 960 2479 hoc
980 2428 1039 2477 ut
1062 2423 1291 2477 mentiri
1311 2424 1503 2493 possit
1526 2423 1755 2478 Veritas
1774 2426 1866 2478 vel
1894 2424 1954 2477 in

293 2520 496 2577 verbis
526 2516 805 2588 propriis,
835 2514 927 2568 vel
945 2514 1003 2567 in
1017 2512 1461 2566 tantistestibus
1483 2512 1951 2583 suis.Nunquam

293 2612 480 2683 igitur
497 2610 630 2678 post
660 2604 961 2659 Christum
980 2600 1248 2655 Ecclesia
1270 2600 1487 2653 Christi
1520 2616 1657 2654 esse
1674 2603 1950 2655 cessavit.

294 2699 430 2754 Non
464 2699 602 2750 sunt
654 2693 836 2765 igitur
865 2688 1134 2744 Ecclesia
1163 2687 1401 2757 Christi,
1436 2692 1533 2742 aut
1555 2692 1715 2743 certe
1746 2690 1834 2743 sis
1865 2706 1895 2743 e
1924 2707 1955 2743 a

297 2787 536 2842 Christo
566 2782 842 2853 ccepisse,
884 2783 940 2833 et
968 2779 1083 2831 huc
1104 2792 1293 2846 usque
1318 2793 1742 2847 perseverasse
1772 2780 1956 2849 impu-

298 2874 666 2931 dentissimae
717 2869 1066 2923 mentientes
1116 2865 1360 2919 dicunt:
1413 2865 1753 2934 Ostendant,
1791 2866 1959 2937 juxta

302 2958 1197 3026 Danielisvaticinium,quatuor
1209 2954 1549 3025 principalia
1563 2972 1745 3025 regna
1763 2956 1964 3009 mundi

305 3071 373 3109 se
405 3050 780 3115 contrivisse,
817 3044 1125 3100 ostendant
1156 3058 1220 3097 se
1253 3043 1965 3113 orbemterrarumimple-

302 3145 492 3211 visse,
526 3136 836 3195 ostendant
865 3148 1038 3187 suum
1070 3147 1318 3202 regnum
1348 3132 1518 3185 alteri
1578 3134 1794 3202 populo
1848 3150 1966 3187 non

307 3230 599 3287 cessisse.
629 3224 795 3290 Quod
821 3238 924 3277 eos
959 3237 1073 3275 non
1092 3236 1295 3289 posse,
1327 3221 1600 3274 omnibus
1616 3224 1760 3275 satis
1791 3223 1968 3277 abun-

311 3321 505 3389 deque
536 3314 915 3387 perspicuum
955 3313 1046 3363 est
1075 3325 1206 3363 cum
1251 3312 1456 3362 noster
1493 3311 1744 3380 populus
1785 3328 1969 3383 regna

322 3405 525 3463 mundi
544 3403 866 3474 possideat,
898 3403 955 3454 et
983 3399 1094 3452 hos
1125 3398 1290 3466 ipsos
1305 3399 1648 3453 auctoritate
1670 3404 1723 3454 et
1746 3402 1967 3456 ratione

320 3495 674 3564 confringat.
708 3490 1075 3558 Quapropter
1121 3485 1389 3540 Ecclesia
1438 3492 1640 3541 nostra
1676 3506 1706 3542 a
1735 3489 1969 3546 Christo

316 3584 558 3640 fundata
590 3596 706 3635 non
728 3596 761 3632 a
784 3576 1165 3646 Berengario,
1188 3590 1377 3645 neque
1394 3577 1642 3646 incoepta
1667 3594 1698 3631 a
1720 3579 1974 3635 Turonis

318 3673 417 3728 vel
449 3668 810 3739 Andegavis,
837 3666 942 3719 sed
962 3665 1114 3717 sicut
1138 3665 1413 3732 praecepit
1433 3665 1727 3734 Christus,
1750 3673 1805 3722 ot
1835 3686 1977 3738 pro-

318 3762 515 3833 phetae
547 3758 947 3828 praedixerunt
980 3769 991 3807 :
1027 3752 1098 3805 ab
1133 3752 1579 3823 Hyerosolymis
1610 3755 1667 3808 in
1692 3761 1977 3813 aeternum

323 3850 539 3917 valeat,
574 3844 1012 3915 Berengariana
1074 3856 1211 3895 vero
1243 3842 1484 3895 vesania
1538 3844 1608 3896 ad
1654 3843 1982 3901 Ecclesiam

324 3938 552 3994 Christi
579 3951 695 3990 non
730 3932 1053 4004 pertinens,
1087 3931 1146 3984 in
1175 3933 1460 3985 aeternum
1503 3931 1752 3987 confusa
1793 3936 1985 3989 conti-

326 4029 548 4083 cescat.

400 4116 574 4170 Nunc
618 4127 763 4167 sane
802 4110 957 4163 illam
989 4108 1162 4163 etiam
1210 4109 1673 4177 propositionem
1715 4128 1889 4183 quam
1928 4113 1988 4167 in

331 4205 523 4276 primo
552 4201 753 4256 libello
799 4201 1098 4267 tantopere
1137 4197 1541 4269 probavimus,
1575 4216 1647 4253 an
1696 4202 1990 4257 conficere

335 4290 559 4362 aliquid
571 4287 1119 4361 possit,videamus.
1136 4286 1527 4341 Probavimus
1551 4289 1704 4342 enim
1719 4291 1992 4360 quoniam

336 4382 392 4436 si
431 4381 590 4433 Deus
622 4378 773 4431 hanc
804 4376 1179 4429 mutationem
1208 4376 1379 4444 panis
1411 4379 1467 4429 et
1496 4377 1616 4430 vini
1648 4394 1822 4448 quam
1862 4394 1997 4433 cre-

341 4469 540 4523 dimus
571 4466 767 4519 facere
804 4463 952 4532 vult,
996 4463 1152 4517 facit.
1187 4463 1359 4517 Nunc
1391 4467 1583 4519 autem
1632 4470 2002 4537 assumptum

340 4563 522 4627 atque
558 4555 730 4609 etiam
772 4553 918 4606 satis
969 4552 1277 4621 probatum
1328 4556 1447 4622 est,
1481 4555 1616 4624 quia
1648 4555 1805 4609 illam
1848 4557 2006 4611 Deus

343 4647 549 4701 facere
568 4642 713 4697 vult.
746 4641 895 4694 Nam
925 4640 1171 4711 spiritus
1203 4645 1445 4696 sanctus
1463 4660 1569 4713 per
1591 4645 2005 4700 sanctissimos

350 4737 628 4789 auctores
656 4745 806 4801 quos
827 4729 1104 4798 templum
1118 4728 1251 4799 ejus
1285 4729 1475 4785 fuisse
1505 4737 1755 4803 constat,
1792 4735 1902 4789 hoc
1925 4738 2011 4805 (ut

353 4821 749 4888 ostendimus)
781 4819 937 4872 clare
968 4818 1273 4887 perdocuit
1306 4834 1317 4872 :
1356 4820 1586 4875 Veteris
1618 4838 1685 4875 ac
1711 4823 1863 4878 Novi
1894 4825 2007 4878 Te-

351 4910 629 4967 stamenti
673 4906 1201 4962 incontradicibilis
1257 4909 1572 4963 auctoritas
1624 4912 2009 4984 confirmavit,

354 5000 615 5056 Mundus
655 4996 1071 5050 universaliter
1106 4996 1377 5065 credidit,
1412 4998 1587 5069 cujus
1620 5001 1807 5054 solius
1840 5002 2014 5057 fidem

2001 3354 2059 3429 ϐ

2032 740 2251 793 munita
2299 743 2354 793 et
2396 738 2777 806 invincibilis,
2829 739 3165 806 utilissima,
3201 736 3563 803 necessaria,
3590 734 3685 803 ju-

2033 828 2396 882 cundissima
2431 831 2486 881 et
2527 827 2949 881 honestissima
2989 827 3423 894 comprobatur.
3467 822 3689 877 Christi

2035 920 2228 970 autem
2258 917 2573 985 impanatio
2606 916 2702 969 ubi
2744 916 2803 968 in
2834 915 3028 969 Veteri
3061 918 3158 968 aut
3190 917 3245 967 in
3278 915 3445 967 Novo
3477 913 3686 966 Testa-

2038 1007 2231 1060 mento
2254 1003 2513 1076 legitur?
2545 1003 2667 1068 Qua
2691 1005 2933 1073 ratione,
2950 1004 3166 1073 quibus
3190 1001 3574 1073 argumentis,
3599 1001 3697 1053 aut

2040 1094 2341 1148 miraculis
2373 1094 2676 1147 munitur?
2722 1093 2863 1157 Quae
2896 1093 3247 1161 necessitas,
3280 1107 3413 1161 quae
3444 1090 3695 1157 utilitas,

2042 1204 2116 1254 qu
2145 1208 2172 1235 δ
2211 1186 2401 1236 ludor
2432 1182 2730 1236 Christum
2752 1182 3060 1236 Dominum
3089 1186 3358 1235 nostrum
3387 1194 3496 1249 pro
3517 1178 3699 1231 nihilo

2044 1273 2366 1341 impanare,
2416 1277 2472 1324 et
2518 1272 2825 1324 invinare‘?
2856 1272 2930 1324 At
2961 1286 3103 1324 vero
3143 1285 3353 1339 panem
3394 1271 3614 1321 tantum
3648 1268 3705 1319 et

2044 1361 2245 1414 vinum
2286 1360 2344 1412 in
2375 1360 2565 1429 figura
2611 1362 2667 1413 et
2709 1360 2913 1413 umbra
2942 1358 3165 1412 Christi
3196 1360 3391 1426 edere,
3418 1357 3573 1428 quod
3608 1355 3707 1410 isti

2051 1449 2313 1517 credunt,
2365 1453 2420 1502 et
2464 1448 2763 1502 Christum
2791 1448 2859 1519 in
2891 1450 3020 1518 ipsa
3067 1448 3311 1503 veritate
3356 1446 3707 1501 substantiae

2054 1553 2180 1593 suae
2211 1537 2585 1606 manducare,
2610 1541 2887 1608 quantum
2914 1539 2985 1592 ad
3009 1538 3309 1592 utilitatem
3341 1540 3395 1590 et
3424 1537 3709 1590 honorem

2056 1631 2110 1680 et
2144 1626 2547 1680 excellentiam
2580 1632 2841 1681 nostram
2871 1627 3139 1695 pertinet,
3174 1626 3308 1696 quis
3339 1624 3433 1679 vel
3465 1625 3710 1678 demen-

2050 1715 2320 1768 tissimus
2354 1716 2412 1768 in
2443 1716 2639 1785 aliquo
2671 1719 2962 1769 momento
2994 1714 3264 1769 conferre
3287 1715 3528 1784 potest?
3562 1713 3712 1765 Dum

2053 1803 2207 1863 enim
2247 1804 2492 1881 verbum
2542 1805 2647 1858 Dei
2694 1820 2930 1858 carnem
2966 1804 3180 1857 factum
3214 1804 3347 1858 cibo
3406 1801 3713 1856 Dominico

2053 1898 2278 1967 absque
2313 1894 2703 1963 impanatione
2734 1896 2791 1946 et
2812 1892 3169 1946 invinatione
3185 1892 3576 1958 substantive,
3598 1904 3717 1943 non

2056 1985 2378 2040 umbratice
2418 1998 2530 2037 nos
2572 1996 2808 2035 sumere
2840 1982 3178 2049 credimus;
3228 1981 3366 2035 dum
3397 1996 3472 2034 ex
3502 1980 3718 2032 virtute

2056 2073 2438 2145 plenitudinis
2459 2072 2595 2124 vitm
2610 2075 2847 2124 aeterna:
2868 2071 2925 2124 in
2940 2070 3142 2124 eodem
3159 2071 3291 2124 cibo
3304 2068 3595 2123 manentis
3610 2081 3720 2120 nos

2060 2165 2118 2217 in
2140 2165 2424 2217 aeternum
2454 2161 2720 2213 victuros
2741 2175 3051 2228 speramus
3079 2175 3089 2211 :
3125 2159 3266 2229 quid
3284 2159 3395 2212 hac
3417 2157 3551 2225 fide,
3587 2170 3722 2209 cum

2063 2253 2140 2306 sit
2158 2255 2239 2305 tot
2269 2254 2325 2304 et
2354 2249 2530 2303 tantis
2562 2248 2916 2302 testimoniis
2947 2249 3285 2317 approbata,
3324 2246 3546 2312 verius,
3583 2242 3724 2314 quid

2063 2338 2473 2395 rationabilius
2514 2336 2840 2407 excogitari
2870 2337 3105 2405 potest?
3134 2334 3283 2399 Quid
3315 2334 3425 2387 hac
3458 2333 3723 2402 inquam,

2069 2430 2182 2483 fide
2203 2428 2427 2495 utilius,
2461 2425 2601 2495 quid
2633 2424 2824 2495 magis
2856 2424 3282 2492 necessarium,
3315 2422 3456 2493 quid
3474 2421 3723 2475 honora-

2070 2518 2275 2585 bilius;
2308 2516 2444 2569 dum
2476 2529 2685 2583 purum
2706 2511 3028 2580 Christum,
3064 2527 3180 2566 non
3198 2510 3610 2577 umbraticum,
3631 2522 3726 2562 ne-

2079 2622 2192 2677 que
2223 2605 2576 2673 impanatum
2602 2617 2745 2671 pura
2775 2601 2902 2669 ipsa
2936 2600 3295 2669 suscipiens,
3329 2600 3526 2669 utpote
3554 2599 3729 2651 tantae

2076 2695 2282 2767 gloria
2295 2708 2535 2747 munere
2550 2689 3340 2767 dives,summojreverentiae
3361 2691 3519 2743 metu
3530 2702 3733 2758 pecca-

2079 2790 2132 2839 ta
2148 2783 2339 2853 magis
2359 2781 2693 2847 abhorreat,
2726 2794 2956 2832 summo
2980 2777 3261 2831 desiderii
3294 2777 3506 2832 ardore
3528 2778 3587 2830 in
3612 2791 3735 2829 om-

2078 2888 2210 2928 nem
2232 2870 2527 2942 justitiam
2550 2867 2802 2936 amplius
2828 2867 3071 2936 ferveat,
3088 2869 3366 2937 tanquam
3384 2865 3614 2920 Domini
3641 2863 3738 2918 sui

2080 2963 2310 3016 hostem
2340 2958 2571 3013 studeat
2610 2971 2986 3025 summopere
3012 2955 3271 3025 quotidie
3312 2955 3524 3025 fugere
3562 2968 3736 3006 mun-

2080 3051 2238 3115 dum;
2251 3048 2491 3119 jamque
2505 3046 2576 3100 de
2590 3044 3089 3115 promissionibus
3104 3043 3236 3114 ejus
3250 3059 3356 3113 pro
3368 3045 3526 3096 tanto
3537 3042 3739 3113 pigno-

2082 3156 2147 3194 re
2160 3139 2395 3205 certior,
2421 3134 2753 3189 audientius
2777 3137 2950 3202 atque
2969 3133 3273 3187 ardentius
3305 3132 3561 3186 revelata
3591 3130 3740 3184 facie

2083 3231 2276 3299 ipsum
2300 3226 2435 3279 vitae
2459 3225 2678 3278 fontem
2701 3223 2853 3277 votis
2869 3222 3144 3276 omnibus
3168 3223 3383 3292 gestiat
3412 3219 3743 3291 apprehen-

2084 3318 2223 3371 dere
2257 3316 2481 3368 Deum?

2158 3405 2337 3458 Multa
2387 3404 2588 3457 contra
2627 3401 2776 3455 istos
2818 3400 2943 3471 jam
2981 3401 3258 3467 diximus,
3302 3399 3481 3453 multa
3511 3412 3745 3468 quoque

2087 3496 2277 3550 adhuc
2309 3493 2424 3547 dici
2454 3494 2741 3560 possunt;
2777 3491 2881 3543 sed
2914 3491 3028 3558 piis
3048 3489 3341 3542 mentibus
3365 3490 3450 3555 (ut
3470 3487 3745 3557 arbitror)

2088 3587 2201 3640 ista
2233 3582 2557 3637 sufficiunt.
2589 3580 2736 3643 Quid
2780 3579 2934 3631 enim
2966 3578 3220 3647 amplius
3254 3579 3544 3634 adversus
3596 3577 3746 3632 istos

2096 3674 2448 3745 quaererent,
2476 3684 2607 3722 cum
2639 3668 3062 3738 objectationes
3079 3684 3279 3721 eorum
3300 3668 3426 3722 sive
3456 3684 3562 3738 per
3575 3669 3749 3722 ratio-

2096 3778 2224 3826 nes,
2251 3762 2380 3813 sive
2403 3774 2509 3828 per
2539 3757 2888 3826 scripturas,
2925 3758 3145 3810 nostrae
3176 3757 3312 3811 fidei
3341 3757 3485 3811 nihil
3510 3759 3749 3827 obesse,

2095 3854 2211 3906 imo
2236 3847 2558 3916 veroipsas
2581 3846 2819 3899 easdem
2854 3844 3193 3914 Scripturas
3216 3846 3529 3900 nobiscum
3558 3847 3755 3918 magis

2098 3954 2237 3996 esse
2271 3937 2417 3990 satis
2448 3934 2759 4003 lucideque
2802 3936 3189 3986 monstratum
3224 3934 3317 3987 sit:
3346 3950 3479 3988 cum
3507 3936 3759 3990 istorum

2102 4025 2428 4084 dementias
2459 4025 2516 4077 et
2534 4021 2874 4092 singulatim
2894 4023 2949 4074 et
2968 4022 3355 4077 communiter
3383 4025 3499 4076 tam
3513 4039 3761 4078 venera-

2106 4118 2310 4174 bilium
2343 4116 2646 4167 auctorum
2691 4127 2864 4181 quam
2908 4111 3271 4180 propheticis
3311 4115 3367 4165 et
3396 4112 3761 4182 evangelicis

2107 4202 2462 4262 testimoniis
2480 4204 2713 4255 teneant
2740 4199 3087 4269 plenissime
3112 4200 3444 4254 destructas
3470 4216 3481 4254 :
3502 4203 3767 4255 nostram

2114 4311 2250 4350 vero
2274 4292 2445 4346 fidem
2476 4304 2904 4359 usquequaque
2923 4288 3344 4357 firmissimam,
3369 4290 3764 4354 utilissimam,

2113 4380 2671 4440 excellentissimam
2701 4393 3048 4448 summeque
3079 4378 3501 4448 necessariam,
3535 4379 3774 4432 videant

2115 4469 2559 4528 evidentissime
2579 4467 2929 4521 declaratam
2942 4469 2970 4521 ‘?
2987 4468 3056 4521 At
3077 4484 3218 4522 vero
3247 4468 3443 4538 impiis
3462 4468 3602 4539 quid
3615 4466 3777 4522 suffi-

2116 4562 2250 4630 ciet,
2286 4560 2336 4612 si
2387 4558 2657 4612 duriores
2691 4556 2855 4609 saxis
2903 4558 2986 4609 tot
3023 4560 3502 4627 argumentorum
3546 4555 3776 4611 malleis

2118 4647 2391 4721 percussi
2408 4646 2617 4700 cedere
2636 4645 2857 4713 nolunt,
2880 4645 3389 4701 sitenebrosiores
3403 4647 3634 4701 inferno
3649 4650 3780 4699 tan-

2124 4744 2178 4793 ta
2210 4736 2669 4791 fortissimarum
2693 4735 2981 4787 rationum
3006 4735 3136 4789 luce
3160 4736 3492 4790 collustrari
3514 4751 3632 4790 non
3648 4750 3782 4805 pos-

2129 4828 2389 4895 sunt,aut
2408 4827 2563 4878 certe
2587 4824 2960 4877 meretricum
2980 4824 3206 4877 similes
3221 4824 3292 4878 de
3307 4841 3414 4878 sua
3426 4824 3785 4894 turpitudine

2125 4914 2215 4967 vel
2239 4913 2551 4983 perspicua
2567 4910 2924 4963 erubescere
2938 4912 3240 4964 nesciunt?
3254 4915 3350 4964 aut
3364 4912 3697 4965 daemonum
3715 4911 3791 4965 si-

2132 5001 2333 5055 milimi
2359 5002 2605 5067 coeptam
2622 4997 2805 5051 semel
2830 4998 3162 5052 vecordiam
3185 5000 3343 5051 tanta
3365 5000 3685 5068 pertinacia
3706 4999 3792 5052 di-

357 5090 520 5143 Deus
538 5089 667 5155 ipse
687 5084 964 5139 laudavit.
988 5083 1389 5138 Indubitanter
1415 5086 1595 5157 igitur
1612 5090 1765 5158 quod
1782 5091 2017 5144 eviden-

353 5177 590 5233 tissime
602 5173 1066 5243 necessarioque
1086 5174 1412 5244 conficitur,
1435 5176 1857 5231 concludamus
1880 5195 1890 5233 :
1910 5180 2020 5231 sci-

356 5267 520 5333 licet,
542 5265 680 5334 quia
721 5262 1097 5315 mutationem
1121 5262 1291 5331 panis
1324 5268 1379 5317 et
1400 5265 1521 5318 vini
1542 5265 1601 5317 in
1632 5266 2023 5321 substantiam

362 5353 637 5422 corporis
656 5355 710 5405 et
731 5350 1043 5421 sanguinis
1061 5349 1280 5404 Christi
1312 5352 1473 5407 Deus
1498 5353 2027 5425 facit.Quapropter

366 5443 587 5497 sileant
615 5440 768 5510 apud
799 5455 1004 5493 omnes
1044 5440 1363 5509 prudentes
1403 5441 2028 5513 insipientissimorum

379 5530 681 5586 hominum
724 5544 876 5582 nova
919 5529 1357 5598 irrationabilia,
1403 5529 1573 5600 falsa,
1632 5532 2032 5604 inutilissima,

367 5619 784 5690 vilissimaque
816 5621 1161 5672 commenta.
1200 5616 1444 5689 Cedant,
1475 5618 1734 5690 inquam,
1758 5621 2037 5677 universa

369 5708 706 5765 ecclesticae
747 5706 903 5761 fidei.
938 5705 1041 5760 Illa
1072 5706 1226 5761 enim
1262 5723 1378 5762 non
1408 5711 1499 5762 est
1530 5710 1898 5780 recens,1illa
1920 5726 2037 5766 non

375 5800 474 5857 est
501 5794 720 5871 hujus,
753 5798 872 5867 aut,
909 5795 1075 5851 illius
1092 5795 1370 5869 hominis,
1402 5797 1509 5853 sed
1525 5798 1704 5855 totius
1734 5798 1919 5856 orbis.
1942 5799 2044 5857 Illa

2136 5091 2343 5160 ligunt,
2368 5092 2465 5140 aut
2488 5087 2790 5139 veritatem
2826 5087 3013 5156 gratis
3028 5087 3160 5140 odio
3176 5086 3512 5155 habeant,et
3527 5104 3559 5141 a
3577 5087 3794 5142 falsita-

2136 5182 2191 5232 te
2206 5178 2297 5230 vel
2316 5176 2798 5230 manifestissima
2812 5191 3111 5249 nunquam
3130 5175 3521 5244 resipiscant?
3537 5177 3583 5231 Ο
3598 5178 3801 5239 miser:

2153 5269 2337 5322 rimos
2370 5266 2641 5319 homines
2670 5268 2727 5317 et
2757 5263 3045 5317 immenso
3077 5264 3466 5334 lacrymarum
3496 5267 3682 5322 imbre
3705 5249 3802 5321 lu:

2138 5357 2389 5429 gendos,
2424 5354 2473 5407 si
2508 5358 2662 5408 tanta
2705 5353 2964 5423 pervasit
2997 5368 3101 5407 eos
3172 5356 3572 5426 propagandae
3628 5357 3800 5410 famae

2140 5445 2562 5515 cupiditas,uta
2591 5441 2981 5510 blasphemiis
3005 5442 3329 5510 propalatis
3344 5461 3453 5499 nec
3468 5446 3805 5500 clarissima

2140 5534 2382 5600 veritas,
2432 5546 2540 5584 nec
2600 5545 2829 5583 summa
2860 5530 3128 5598 ipsorum
3185 5531 3448 5602 infamia,
3502 5549 3611 5587 nec
3670 5533 3805 5585 vitm

2147 5627 2383 5677 aeterna:
2423 5634 2605 5687 amor,
2648 5634 2756 5672 nec
2789 5621 3008 5673 aeterna
3042 5619 3335 5676 damnatio
3367 5621 3599 5675 valeant
3626 5636 3809 5674 revo-

2152 5725 2309 5768 care.
2330 5709 2559 5779 Redite,
2580 5723 2808 5779 quaeso,
2841 5708 3058 5764 Redite
3075 5710 3583 5780 praevaricatores
3612 5708 3687 5763 ad
3705 5723 3810 5764 cor

2153 5800 2315 5875 (Isai.
2348 5798 2527 5871 xLVI).
2547 5798 2736 5864 Quare
2750 5798 3078 5853 moriemini
3101 5799 3332 5872 gratis?
3362 5797 3495 5855 Non
3527 5797 3662 5854 talis
3685 5796 3816 5859 haec
