4084 6186
310 400 336 456 4
350 392 468 457 493

895 395 1001 457 DE
1034 395 1454 459 CORPORIS
1484 399 1589 459 ET
1614 401 1840 463 SANG.
1876 399 2174 465 DOMINI
2206 402 2434 465 LIBRI
2461 402 2782 464 TRES.—
2814 404 2970 467 LIB.
3003 404 3113 467 III.

3547 408 3702 470 4494

284 613 418 663 nus,
457 612 574 650 non
603 596 818 650 malum
846 596 1210 667 accipiendo,
1248 599 1356 652 sed
1386 600 1535 654 male
1575 600 1941 673 accipiendo,
1978 585 2036 645 Α
2069 601 2291 671 sbyter,
2338 602 2578 670 propter
2624 600 2822 671 ipsum
2850 601 3211 656 immutabile
3244 604 3550 659 remansit.
3585 604 3732 660 Cum

281 685 475 739 locum
507 685 739 739 diabolo
774 685 832 738 in
863 701 929 738 se
961 687 1215 755 praebuit
1238 702 1271 760 ;>
1296 688 1383 741 sic
1418 688 1659 760 indigne
1691 690 1947 760 quisque

285 788 531 827 sumens
592 774 960 828 Dominicum
1000 758 1436 829 sacramentum
1486 758 1603 831 non
1635 778 1816 832 efﬁcit
1863 783 1946 847 ut,

287 863 423 933 quia
453 863 583 931 ipse
629 863 840 930 malus,
875 866 985 930 est,
1021 864 1236 917 malum
1283 865 1381 933 sit;
1414 869 1515 918 aut
1546 867 1684 935 quia
1717 882 1834 921 non
1877 867 1950 920 ad

288 953 539 1006 salutem
586 951 814 1021 accipit,
857 952 1001 1005 nihil
1032 953 1343 1021 acceperit.
1376 952 1609 1022 Corpus
1642 954 1796 1008 cnim
1829 956 1947 1009 Do-

289 1041 431 1093 mini
455 1043 510 1094 et
526 1040 777 1111 sanguis
799 1040 1033 1093 Domini
1072 1040 1455 1095 nihilominus
1479 1046 1603 1096 erat
1631 1044 1802 1096 etiam
1832 1044 1952 1097 illis

290 1128 509 1199 quibus
544 1128 777 1181 dicebat
806 1128 1127 1197 Apostolus
1163 1145 1175 1183 :
1210 1129 1322 1194 Qui
1367 1132 1679 1186 manducat
1709 1137 1767 1186 et
1796 1132 1954 1187 bibit

286 1216 844 1289 indigneg'udicium
866 1217 990 1271 sibi
1010 1218 1320 1272 manducat
1341 1224 1398 1272 et
1420 1219 1578 1273 bibit
1609 1221 1661 1288 (Ι
1688 1220 1822 1275 Cor.
1847 1222 1951 1289 x1).

292 1306 433 1360 Haec
456 1305 830 1375 Augustinus
852 1322 863 1359 :
885 1304 1075 1369 Quare
1099 1323 1231 1360 cum
1249 1308 1515 1362 eamdem
1537 1325 1775 1375 carnem
1790 1310 1955 1381 digni

291 1409 425 1448 cum
447 1393 730 1465 indignis,
764 1394 872 1448 sed
893 1395 1153 1448 diversis
1186 1396 1482 1450 mentibus
1537 1398 1865 1466 comedant,
1899 1401 1956 1452 et

288 1483 560 1536 eumdem
595 1483 945 1553 sanguinem
978 1484 1208 1537 Domini
1238 1485 1459 1551 bibant,
1500 1502 1751 1556 cumque
1781 1502 1956 1540 evan-

288 1572 479 1642 gelica
512 1573 802 1625 sententia
843 1588 957 1642 qua
987 1573 1238 1627 dicitur:
1279 1573 1390 1638 Qui
1428 1574 1738 1628 manducat
1768 1590 1956 1629 meam

291 1676 531 1714 carnem
554 1666 613 1714 et
643 1676 831 1714 meum
861 1662 1210 1731 sanguinem
1259 1661 1434 1731 bibit,
1473 1663 1533 1716 in
1567 1680 1639 1716 ne
1669 1670 1867 1717 manet
1900 1669 1958 1718 et

293 1765 404 1820 ego
431 1749 494 1802 in
526 1748 798 1819 eo,juxta
814 1750 1164 1819 Apostolum
1182 1753 1239 1804 et
1267 1751 1500 1805 beatum
1536 1755 1954 1822 Augustinum,

291 1836 365 1890 ad
395 1836 839 1891 similitudinem
868 1853 1102 1908 quoque
1134 1838 1447 1893 multarum
1479 1840 1680 1894 talium
1711 1844 1958 1894 senten-

2069 705 2213 761 ergo
2245 693 2428 743 totum
2473 690 2630 759 quod
2680 693 3091 744 consecratum
3124 689 3458 762 est'sumat,
3494 710 3735 749 carnem

2070 778 2488 848 etsanguinem
2502 778 2724 831 Christi
2739 779 3049 849 presbyter
3063 780 3521 851 indignissimus
3540 798 3734 837 come-

2070 867 2152 919 dit
2172 870 2227 920 et
2264 866 2433 920 bibit.
2457 867 2623 930 Quod
2658 866 2712 920 si
2744 866 2821 919 ita
2865 870 2976 935 est,
3001 867 3118 922 imo
3152 870 3287 939 quia
3325 886 3462 924 vere
3506 872 3583 924 ita
3621 875 3733 940 est,

2070 953 2292 1008 frustra
2342 954 2556 1008 dicitur
2586 957 2811 1024 partem
2839 956 3008 1024 panis
3040 960 3097 1010 et
3146 957 3267 1009 vini
3313 958 3738 1012 immutabilem

2071 1058 2376 1096 remanere
2407 1046 2647 1112 propter
2685 1043 2984 1114 indignos.
3045 1044 3438 1108 Quamobrem
3494 1048 3739 1102 sileatur

2074 1131 2419 1201 Ιὶυδᾶλδιιιυιαι
2464 1148 2704 1200 semper
2732 1132 2989 1185 humana
3019 1135 3306 1204 suspicio,
3341 1140 3396 1189 et
3426 1136 3484 1189 id
3518 1140 3741 1191 tantum

2074 1218 2231 1288 quod
2249 1219 2421 1273 nobis
2445 1221 2888 1273 commendatur
2905 1221 2963 1274 in
2994 1223 3122 1289 ipso
3156 1239 3379 1277 canone
3414 1225 3618 1279 missae
3650 1231 3738 1279 te-

2077 1322 2340 1361 neamus.
2367 1308 2517 1361 Nam
2550 1308 2670 1361 illic
2699 1309 2777 1361 ita
2810 1310 3098 1377 scriptum
3120 1315 3248 1364 est:
3280 1311 3459 1375 Quam
3497 1313 3746 1368 oblatio-

2076 1411 2229 1464 nem,
2267 1402 2346 1462 tu,
2370 1396 2550 1465 Deus,
2584 1397 2645 1449 in
2670 1397 2959 1467 omnibus,
2985 1400 3739 1472 quwsumus,benedictam,

2078 1484 2637 1554 ascriptam,ratam,
2657 1485 3096 1557 rationabilem,
3113 1496 3348 1559 accepta
3357 1489 3649 1562 bilemque
3663 1491 3747 1545 fa-

2079 1587 2218 1626 cere
2247 1572 2543 1643 digneris,
2580 1579 2638 1627 ut
2670 1574 2842 1628 nobis
2863 1591 3079 1646 corpus
3099 1582 3159 1630 et
3186 1579 3433 1649 sanguis
3454 1578 3558 1632 [lat
3587 1580 3743 1634 dile-

2080 1661 2336 1714 ctissimi
2356 1661 2500 1715 Filii
2532 1663 2639 1727 cui;
2671 1679 2787 1716 non
2820 1663 2914 1716 hic
2945 1664 3177 1734 dicitur,
3215 1669 3276 1719 ut
3303 1683 3445 1736 pars
3479 1666 3613 1738 ejus
3645 1668 3745 1722 ﬁat

2079 1764 2295 1818 corpus
2314 1753 2369 1803 et
2386 1750 2658 1821 sanguis.
2684 1749 2807 1803 Nec
2828 1750 3112 1805 Dominus
3137 1756 3340 1807 noster
3357 1753 3389 1807 J
3394 1770 3538 1808 esus
3569 1754 3745 1807 Chri-

2078 1839 2372 1907 stus,cum
2384 1839 2666 1893 dixisset:
2683 1839 3040 1894 Manducate
3055 1828 3249 1896 exboc
3262 1858 3484 1913 omnes,
3499 1843 3741 1898 addidit.

292 1926 507 1979 tiarum
566 1927 965 1995 competenter
1020 1927 1315 1982 intellecta
1366 1928 1510 1982 nihil
1563 1928 1698 1982 istis
1731 1927 1955 1995 afferat,
1998 1939 2048 1999 Β
2076 1926 2226 1979 Pars
2256 1928 2411 1980 enim
2451 1927 2587 1998 ejus
2623 1932 2715 1981 ost
2745 1943 2963 1997 corpus
3020 1945 3236 2000 meum;
3269 1932 3379 1986 sed
3409 1933 3469 1986 id
3501 1935 3741 1987 tantum.

296 2014 628 2084 exemplum
649 2029 827 2083 porro
848 2015 1012 2068 senis
1038 2015 1130 2086 adj
1141 2019 1378 2070 unctum
1400 2020 1584 2071 totum
1615 2017 1733 2072 illis
1763 2018 1960 2087 potius

300 2103 716 2158 auferat:cum
747 2108 803 2157 et
831 2120 1010 2159 causa
1044 2104 1376 2160 documenti
1435 2106 1616 2177 hujus
1675 2107 1829 2160 nulla
1885 2108 1963 2161 sit

293 2196 353 2247 et
381 2195 728 2264 argumenta
778 2197 988 2247 cuncta
1018 2194 1311 2263 deﬁciant,
1347 2197 1554 2249 cesset
1587 2195 1715 2249 haec
1748 2211 1901 2249 nova
1930 2212 1963 2248 a

296 2280 654 2335 Christianis
672 2280 1012 2335 hominibus
1034 2298 1287 2351 prorsus
1311 2283 1595 2353 inventio,
1612 2284 1765 2350 ne,si
1794 2284 1965 2338 aliter

300 2369 570 2437 doceant,
595 2370 985 2438 apostolicum
1017 2371 1157 2425 illud
1184 2372 1495 2426 anathema
1515 2373 1819 2426 incurrant
1847 2389 1963 2442 quo

297 2458 610 2513 dicitur:Si
623 2459 754 2530 quis
771 2459 938 2513 vobis
949 2461 1230 2513 annuntia
1241 2461 1397 2514 verit
1406 2466 1802 2532 praeterquam
1818 2460 1967 2532 quod

300 2547 641 2618 accepistis,
667 2547 976 2601 anathema
993 2548 1074 2601 sit
1091 2547 1246 2617 (Gal.
1269 2548 1334 2617 Ι).
1357 2548 1505 2613 Quid
1519 2550 1675 2602 enim
1711 2550 1764 2603 si
1792 2565 1964 2603 nemo

305 2635 590 2706 indignus
631 2651 851 2704 corpus
907 2636 1139 2691 Domini
1169 2637 1400 2706 accipit,
1436 2640 1493 2692 et
1521 2637 1743 2691 idcirco
1775 2638 1966 2706 portio

300 2725 495 2793 panis,
526 2727 769 2793 propter
810 2725 1092 2796 indignos
1123 2725 1417 2795 videlicet,
1450 2726 1834 2780 immutabilis
1866 2743 1963 2780 re-

300 2814 527 2867 manet?
556 2812 703 2866 Cum
734 2829 800 2867 se
833 2829 1006 2868 nemo
1038 2814 1284 2884 dignum
1321 2814 1535 2868 audeat
1574 2815 1793 2881 dicere,
1831 2815 1970 2884 quia

303 2902 593 2971 scriptum
615 2906 704 2955 est
735 2917 746 2956 :
771 2902 984 2958 Nescit
1007 2902 1172 2957 homo
1196 2908 1388 2956 utrum
1407 2918 1607 2957 amore
1630 2920 1703 2957 an
1736 2903 1869 2958 odio
1890 2904 1972 2957 sit

299 2990 519 3060 dignus
535 2991 597 3043 in
639 2992 759 3045 vita
789 3007 892 3045 sua
923 2990 1181 3060 (Eccles.
1227 2994 1328 3061 1x),
1366 2992 1473 3046 sed
1506 3007 1699 3062 neque
1751 2992 1823 3046 de
1855 2991 1971 3047 alio

302 3078 822 3149 audeatjudicare,
857 3080 1144 3149 scriptum
1175 3083 1268 3133 est
1296 3081 1483 3135 enim:
1508 3080 1615 3165 .Ne
1638 3080 1845 3135 laudes
1876 3081 1969 3136 lio-
2011 3105 2061 3165 ρ

303 3170 523 3223 minem
552 3170 613 3222 in
650 3169 767 3222 vita
797 3184 923 3236 sua,
956 3169 1126 3223 homo
1155 3169 1309 3222 enim
1332 3169 1491 3223 videt
1508 3148 1585 3221 .in
1616 3169 1791 3238 facie,
1814 3169 1974 3224 Deus

307 3262 502 3310 autem
526 3259 584 3310 in
603 3257 782 3311 corde
795 3257 1008 3326 (Eccli.
1034 3259 1118 3315 xx)
1142 3274 1153 3312 :
1180 3273 1351 3312 nemo
1382 3258 1583 3329 utique
1607 3259 1973 3313 conﬁdenter

307 3345 548 3400 audebit
569 3345 834 3400 conﬁteri
858 3362 1077 3416 corpus
1099 3362 1238 3401 esse
1271 3347 1524 3415 Domini,
1551 3348 1708 3417 quod
1728 3348 1857 3417 ipse
1877 3349 1971 3402 vel

303 3438 467 3489 totus
485 3434 658 3488 etiam
690 3435 946 3504 populus
975 3435 1208 3505 accipit.
1237 3434 1399 3499 Quod
1426 3437 1480 3489 si
1500 3451 1672 3489 nemo
1693 3436 1751 3489 id
1785 3436 1971 3491 conﬁ-

305 3524 514 3578 denter
528 3523 765 3577 audebit
787 3523 1072 3589 confiteri,
1108 3530 1327 3578 temere
1350 3540 1497 3596 ergo
1518 3526 1800 3579 sacerdos
1817 3525 1913 3579 afﬁ
1925 3543 1972 3579 r-

310 3615 449 3681 mat,
483 3612 593 3667 hoc
616 3616 709 3666 est
739 3628 955 3681 corpus
982 3613 1222 3676 Christi;
1254 3618 1478 3667 temere
1508 3615 1764 3683 populus
1802 3631 1971 3668 amen

308 3702 650 3770 respondet,
683 3701 796 3756 hoc
836 3703 946 3770 est,
994 3718 1199 3756 verum
1229 3704 1321 3756 est
1352 3718 1364 3757 :
1401 3718 1534 3756 cum
1564 3704 1800 3757 omnino
1833 3703 1973 3773 quid

315 3789 428 3843 hoc
462 3789 539 3843 sit
569 3789 856 3857 nesciant,
891 3789 1169 3859 quoniam
1197 3789 1404 3843 merita
1427 3790 1687 3843 omnium
1719 3795 1834 3844 tam
1864 3806 1973 3843 sua

308 3892 486 3949 quam
518 3882 865 3933 caeterorum
887 3878 1084 3932 cuncti
1111 3878 1405 3949 ignorant.
1440 3876 1553 3932 Sed
1590 3878 1745 3932 absit
1775 3879 1887 3932 hoc
1910 3882 1968 3932 ut

312 3968 493 4021 totius
508 3966 795 4021 Ecclesia)
816 3966 1099 4038 religiosa
1138 3966 1441 4021 confessio
1477 3966 1769 4022 ullatenus
1793 3968 1868 4021 sit
1890 3983 1976 4021 re-

298 4055 757 4125 «prehensibilis.
808 4054 1182 4110 Conﬁdenter
1236 4056 1420 4126 igitur
1475 4056 1674 4111 credat
1722 4060 1779 4110 et
1821 4056 1976 4109 dicat

310 4144 726 4215 unusquisque
748 4144 923 4198 etiam
944 4143 997 4197 si
1027 4160 1094 4198 se
1128 4144 1380 4199 fateatur
1408 4144 1736 4215 indignum,
1755 4144 1977 4198 Christi

312 4248 532 4303 corpus
553 4248 692 4287 esse
714 4232 868 4303 quod
902 4232 1130 4301 accipit.
1158 4233 1286 4287 Huc
1317 4234 1563 4303 accedit,
1600 4234 1757 4304 quod
1787 4249 1981 4288 sacer-

313 4322 424 4377 dos
445 4322 790 4391 plerumque
814 4320 1275 4392 indignissimus
1297 4322 1543 4376 missam
1574 4323 1854 4391 celebrat,
1890 4338 1980 4376 so-

308 4411 524 4480 Iusque
555 4410 614 4463 id
643 4410 803 4480 quod
849 4412 1264 4471 consecratum
1307 4414 1418 4476 est,
1452 4414 1635 4464 totum
1684 4411 1883 4465 sumit.
1917 4410 1977 4464 Si

312 4514 458 4553 vero
490 4498 549 4552 id
578 4498 735 4568 quod
784 4501 1130 4568 sumpturus
1187 4502 1312 4553 erat
1366 4499 1825 4569 indignissimus
1865 4500 1980 4553 iste

312 4591 553 4658 propter
594 4588 792 4657 ipsum
845 4587 1205 4641 immutabile
1241 4589 1544 4653 remansit;
1579 4589 1857 4658 quoniam
1889 4591 1981 4642 to-

315 4680 438 4731 tum
457 4679 802 4746 sumpturus
848 4678 990 4744 erat,
1033 4676 1179 4729 nihil
1222 4677 1292 4730 de
1339 4692 1489 4745 pane
1515 4679 1573 4730 et
1602 4677 1738 4731 vino
1766 4678 1823 4730 in
1855 4693 1980 4730 car-

315 4780 453 4819 nem
473 4768 529 4819 et
551 4764 1521 4836 sanguinemChristiimmutatum
1550 4769 1661 4820 est.
1696 4766 1755 4820 Si
1791 4769 1983 4820 autem

316 4858 557 4924 pr0pler
578 4853 883 4923 indignum
900 4853 1314 4923 presbyterum
1335 4854 1480 4907 nihil
1501 4855 1572 4908 de
1594 4871 1741 4923 pane
1774 4859 1829 4908 et
1847 4856 1981 4909 vino

319 4945 602 4997 mutatum
626 4945 735 5011 est,
759 4941 1447 5013 praevaluitigitur(quod
1469 4943 1625 4997 absit
1645 4941 1682 5012 ι)
1707 4943 1983 5013 iniquitas

316 5031 648 5086 sacerdotis
666 5030 867 5084 verbis
892 5031 1121 5084 Domini
1141 5030 1486 5101 Salvatoris,
1522 5031 1673 5084 falsa
1691 5034 1782 5085 est
1812 5033 1985 5085 etiam

319 5124 377 5175 et
420 5120 568 5173 ﬁdes
601 5119 906 5189 Ecclesiae,
941 5135 1073 5189 qua:
1103 5122 1161 5173 et
1210 5135 1317 5190 per
1356 5121 1546 5174 bonos
1577 5124 1633 5173 et
1665 5135 1769 5189 per
1798 5120 1985 5174 malos

320 5210 628 5263 ministros
661 5209 840 5263 verba
894 5209 1125 5262 Domini
1165 5209 1354 5263 credit
1396 5209 1702 5280 aequaliter
1733 5211 1984 5278 operari.

322 5298 441 5353 Sed
474 5298 630 5352 absit
659 5314 691 5350 a
715 5298 945 5351 cunctis
992 5297 1266 5353 ﬁdelibus
1308 5299 1440 5367 hoc,
1476 5300 1539 5352 ut
1567 5299 1847 5368 iniquitas
1877 5299 1988 5352 ho—

322 5387 503 5441 minis
534 5386 715 5441 verba
744 5386 1070 5441 Salvatoris
1130 5387 1428 5440 inﬁrmare
1468 5403 1650 5457 posse
1681 5384 1985 5441 credatur!

324 5475 501 5529 Absit
531 5480 592 5529 ut
622 5474 909 5529 Ecclesiae
968 5475 1117 5529 ﬁdes
1173 5476 1323 5530 falsa
1373 5476 1468 5544 sit,
1510 5492 1642 5546 quae
1677 5476 1801 5530 sola
1838 5476 1992 5546 apud

325 5565 515 5619 Deum
538 5564 848 5618 laudabilis
867 5568 978 5633 est,
1013 5580 1146 5635 quae
1176 5568 1233 5618 et
1263 5580 1370 5633 per
1389 5565 1579 5619 bonos
1601 5568 1656 5619 et
1680 5565 1864 5619 malos
1888 5567 1991 5618 mi-

326 5654 553 5709 nistros
583 5652 766 5708 verba
815 5652 1039 5708 Christi
1068 5653 1376 5724 aequaliter
1404 5653 1735 5723 operatoria
1768 5651 1989 5709 crediti

326 5742 462 5802 Non
477 5740 659 5818 igitur
678 5742 833 5815 quod
858 5743 1202 5816 sumpturus
1231 5745 1357 5800 erat
1383 5741 1840 5817 indignissimus
1855 5758 1995 5816 pre-

2078 2013 2202 2068 Hoc
2235 2021 2327 2068 est
2351 2016 2505 2069 enim
2526 2031 2740 2087 corpus
2768 2033 2979 2071 meum.

2152 2102 2297 2157 Illud
2320 2119 2463 2158 sane
2486 2107 2833 2176 extremum,
2867 2107 3003 2176 quis
3025 2107 3119 2161 vel
3143 2108 3519 2164 mediocriter
3549 2109 3751 2165 erudi-

2080 2191 2177 2244 tus
2209 2192 2337 2244 solo
2367 2193 2567 2246 auditu
2598 2209 2715 2246 non
2727 2195 3093 2263 perhorreat,
3128 2198 3285 2266 quod
3306 2198 3580 2252 videlicet
3610 2213 3747 2253 caro

2082 2283 2138 2332 et
2155 2282 2406 2350 sanguis
2425 2281 2656 2334 Domini
2675 2287 2916 2351 propter
2936 2283 3217 2355 indignos
3238 2287 3297 2338 in
3319 2302 3531 2354 panem
3549 2303 3749 2342 rever-

2080 2369 2278 2421 tantur
2298 2372 2354 2422 et
2370 2369 2591 2435 vinum;
2617 2386 2754 2424 caro
2786 2371 3001 2441 quippe
3032 2378 3088 2425 et
3110 2375 3358 2444 sanguis
3392 2375 3625 2429 Domini
3653 2376 3747 2429 in-

2086 2458 2486 2525 corruptibilis
2505 2457 2787 2522 est.Quod
2801 2465 2994 2514 autem
3026 2461 3472 2532 incorruptibile
3495 2467 3608 2533 est,
3637 2480 3748 2518 nec

2086 2547 2499 2615 corrumpitur,
2551 2562 2659 2601 nec
2718 2550 3015 2619 corrumpi
3064 2554 3278 2618 potest.
3311 2553 3385 2605 At
3423 2553 3749 2607 essentiam

2087 2649 2256 2687 suam
2277 2635 2546 2704 perdere,
2580 2640 2636 2689 et
2666 2637 2723 2689 in
2753 2653 2963 2706 panem
2983 2639 3428 2708 corruptibilem
3456 2656 3525 2695 ac
3549 2642 3750 2696 vinum

2088 2723 2468 2792 corruptibile
2526 2725 2763 2795 reverti,
2796 2726 2909 2780 ista
2938 2728 3175 2797 quidem
3206 2744 3420 2800 magna
3450 2731 3752 2800 corruptio

2089 2815 2199 2865 est.
2225 2812 2413 2882 Igitur
2442 2828 2599 2883 caro,
2624 2818 2680 2868 et
2696 2815 2945 2887 sanguis
2968 2816 3221 2887 Domini,
3246 2818 3306 2870 in
3334 2834 3545 2887 panem
3575 2823 3633 2874 et
3660 2821 3751 2873 vi-

2089 2916 2227 2954 num
2242 2901 2365 2971 jam
2387 2904 2604 2956 reverti
2626 2919 2745 2958 non
2780 2905 3370 2976 potest.Quapropter
3390 2913 3446 2962 et
3477 2909 3573 2963 hic
3586 2925 3755 2964 error

2091 2990 2414 3059 sepeliatur
2430 2994 2652 3048 aeterno
2673 2993 2930 3046 silentio.
2956 2992 3214 3048 Caveant
3237 3010 3379 3049 vero
3399 2998 3631 3067 utrique
3652 2999 3753 3051 isti

2091 3079 2346 3132 alienum
2377 3080 2571 3151 ignem
2596 3080 2804 3135 all‘erro
2833 3083 2993 3135 circa
3024 3083 3221 3137 divina
3242 3084 3633 3154 altaria(Lev.
3668 3088 3750 3156 χ),

2090 3183 2162 3220 ne
2187 3169 2507 3222 moriantur
2537 3185 2734 3223 coram
2752 3170 3019 3225 Domino.
3057 3173 3315 3226 Caveant
3358 3174 3533 3227 etiam
3562 3177 3754 3229 trans-

2092 3257 2260 3327 gredi
2290 3259 2573 3312 terminos
2630 3263 2860 3328 patrum
2916 3276 3183 3329 suorum,
3247 3277 3398 3331 quos
3429 3264 3758 3331 posuerunt

2090 3346 2208 3399 sibi
2228 3346 2435 3415 (Prov.
2486 3350 2630 3417 xxn)
2660 3363 2671 3401 :
2707 3348 3149 3419 Multi-quippe
3194 3351 3335 3421 cibi,
3371 3355 3433 3404 ut
3476 3351 3755 3406 Salomon

2090 3434 2189 3504 ait,
2224 3435 2287 3487 in
2320 3435 2632 3489 novalibus
2661 3436 2936 3505 Patrum;
2969 3438 3074 3491 alii
3107 3440 3329 3511 absque
3364 3439 3598 3510 judicio
3627 3455 3757 3494 con-

2087 3525 2578 3594 gregantur(Pro
2591 3543 2637 3579 γ.
2655 3526 3183 3597 x1n).Hujusmodo
3198 3544 3339 3582 vero
3353 3530 3756 3583 doctrinarum

2091 3613 2205 3667 cibi
2225 3614 2283 3666 in
2306 3615 2617 3669 novalibus
2640 3619 2872 3684 patrum
2908 3631 3023 3669 non
3046 3619 3297 3686 possuni
3328 3617 3604 3672 inveniri.
3640 3618 3754 3689 Igi-

2089 3703 2184 3755 tur
2205 3701 2431 3772 absque
2459 3702 2685 3773 judicio
2718 3707 3180 3775 congregantur.

2769 3827 3083 3865 ROGERIUS.

2162 3916 2226 3968 In
2275 3920 2553 3987 quantum
2594 3918 2962 3987 perpendere
2996 3919 3183 3989 valeo,
3218 3920 3413 3974 omnia
3441 3924 3497 3975 te
3527 3921 3757 3976 ratione

2076 4004 2433 4059 'ﬁrmissima
2464 4006 2636 4060 video
2668 4011 3070 4076 prosecutum.

2733 4130 3122 4170 GUITMUNDUS.

2168 4221 2245 4275 Ut
2274 4221 2454 4292 igitur
2472 4221 2545 4275 ad
2573 4222 2712 4292 quid
2743 4226 2899 4276 totus
2927 4238 3124 4277 sermo
3155 4226 3364 4278 noster
3410 4222 3753 4294 profecerit,

2095 4310 2353 4365 breviter
2379 4311 2782 4382 ostendamus,
2815 4313 3092 4382 quoniam
3112 4312 3473 4367 sacriﬁcium
3487 4316 3757 4366 nostrum

2097 4415 2205 4452 nec
2239 4398 2449 4452 umbra
2491 4379 2713 4453 tantiim
2764 4401 2859 4454 vel
2890 4400 3082 4472 ﬁgura
3111 4401 3308 4455 carnis
3341 4403 3396 4454 et
3445 4399 3760 4472 sanguinis

2097 4486 2318 4541 Christi
2340 4504 2498 4556 esse,
2534 4504 2643 4542 nec
2686 4488 2985 4543 Christum
3015 4491 3167 4544 intra
3198 4506 3264 4544 se
3296 4491 3654 4560 impanatum
3676 4492 3762 4542 te-

2101 4576 2424 4647 gerejuxta
2448 4578 2873 4649 Berengarium
2894 4582 3107 4649 potest,
3127 4595 3317 4650 neque
3331 4595 3473 4634 vero
3492 4578 3767 4633 substan-

2101 4667 2237 4719 tiam
2255 4666 2424 4735 panis
2446 4671 2502 4720 et
2532 4667 2653 4719 vini
2686 4682 2757 4720 ex
2789 4673 2956 4737 parte
2998 4670 3229 4737 mutari,
3263 4672 3319 4723 et
3337 4685 3411 4723 ex
3451 4671 3615 4737 parte
3645 4682 3765 4720 non

2103 4759 2378 4809 mutatam
2434 4771 2783 4824 permanere
2835 4758 3057 4812 veritas
3098 4759 3338 4828 patitur;
3383 4772 3576 4827 neque
3629 4757 3767 4825 post

2103 4846 2482 4898 mutationem
2524 4846 2583 4897 in
2613 4846 2671 4899 id
2700 4846 2853 4916 quod
2905 4847 3094 4901 fuerat
3132 4847 3369 4916 reverti,
3404 4847 3578 4899 autin
3608 4843 3766 4897 aliud

2103 4934 2421 5005 quidquam
2451 4934 2707 5005 mutarij
2719 4951 2811 4988 am
2858 4935 3013 4989 ultra
3042 4935 3134 4989 fas
3166 4933 3276 4989 est'.
3314 4936 3518 4989 Restat
3548 4937 3609 4988 ut
3636 4933 3767 4986 haec

2103 5026 2324 5077 tantum
2351 5025 2427 5077 sit
2460 5024 2579 5078 Deo
2599 5023 2842 5094 juvante
2867 5041 3023 5079 mera
3042 5028 3098 5079 et
3121 5025 3311 5079 solida
3346 5024 3493 5078 ﬁdes
3517 5027 3579 5077 ut
3608 5025 3768 5077 totus

2104 5113 2203 5166 ille
2224 5113 2392 5183 panis
2416 5116 2472 5167 et
2494 5117 2675 5168 totum
2708 5114 2852 5167 illud
2890 5116 3091 5168 vinum
3111 5114 3314 5168 altaris
3348 5113 3657 5182 Dominici,
3692 5112 3770 5165 ita

2105 5216 2213 5270 per
2233 5201 2489 5255 divinam
2520 5202 3030 5257 consecrationem
3081 5202 3571 5272 substantialiter,
3603 5217 3769 5255 com-

2106 5292 2472 5345 mutenturin
2505 5307 2742 5345 carnem
2764 5296 2821 5345 et
2850 5292 3202 5363 sanguinem
3232 5291 3441 5361 Chisti,
3474 5293 3537 5344 ut
3565 5294 3772 5361 postea

2102 5379 2228 5451 jam
2258 5380 2316 5433 in
2365 5385 2650 5435 aeternum
2688 5380 2847 5434 aliud
2894 5381 3038 5434 nihil
3069 5380 3306 5435 omnino
3339 5396 3515 5451 quam
3546 5395 3682 5434 caro
3715 5381 3771 5432 et

2111 5470 2362 5540 sanguis
2392 5469 2717 5524 Salvatoris
2750 5470 2980 5523 Domini
3014 5470 3119 5531 Dei
3149 5470 3338 5525 nostri
3379 5470 3525 5524 Jesu
3550 5466 3772 5523 Christi

2111 5574 2248 5613 esse
2270 5558 2523 5628 possint.
2544 5558 2651 5613 Cui
2666 5573 2777 5628 pro
2805 5561 2961 5613 tanta
2987 5559 3266 5614 charitate
3289 5561 3511 5630 gratias
3542 5556 3771 5611 refera-

2110 5664 2247 5702 mus
2291 5651 2545 5702 aeternas
2580 5663 2592 5704 :
2628 5648 2902 5721 regnanti
2945 5665 3078 5704 cum
3108 5650 3230 5703 Deo
3261 5650 3436 5702 Patre
3466 5650 3523 5701 et
3551 5644 3773 5717 Spiritu

2114 5742 2343 5810 sancto,
2375 5753 2484 5815 per
2515 5738 2745 5796 inﬁnita
2774 5739 2998 5796 saecula
3028 5739 3405 5797 saeculorum.
3436 5738 3667 5793 Amen.
