4084 6186
369 354 530 418 1495

1325 353 1809 417 GUITMUNDI
1829 355 2359 416 ARCHIEPISC.
2387 356 2823 420 AVERSANI.
2898 348 2907 351 ’

3632 357 3654 417 1
3666 357 3789 421 496

1755 680 2410 753 GUITMUNDI

1409 879 2165 973 ARGHIEPISGOPI
2242 882 2707 973 AVERSAN
2717 884 2749 971 Ι

1641 1104 2491 1232 CONFESSIO

368 1354 742 1432 De‘sancta
781 1364 1139 1446 Trinitate,
1175 1360 1428 1426 Christi
1474 1359 1914 1437 humanitate,
1979 1362 2408 1444 corporisque
2445 1367 2512 1424 et
2558 1359 2906 1447 sanguinis
2939 1359 3203 1427 Domini
3239 1365 3463 1429 nostri
3509 1362 3802 1428 veritate

1529 1555 1929 1625 (Bibliotheca
1961 1555 2208 1609 Patrum
2246 1554 2452 1624 XVIII,
2482 1553 2632 1622 465.)

437 1846 680 1914 Quoties
713 1845 896 1900 Deum
958 1844 1220 1916 cogitare
1251 1844 1545 1912 volumus,
1581 1844 1776 1898 minus
1825 1844 2026 1912 utique
2054 1826 2101 1877 Α
2135 1843 2315 1897 Vides
2356 1843 2539 1912 igitur
2582 1844 2715 1914 quia
2762 1844 2966 1899 eadem
2991 1846 3327 1900 substantia
3358 1848 3452 1901 est
3479 1848 3671 1917 patris
3706 1847 3809 1901 ho-

367 1938 644 1993 volumus
671 1951 842 2005 quam
872 1933 1215 2001 debeamus;
1247 1948 1355 1986 nec
1386 1936 1579 1986 tamen
1611 1937 1830 1986 tantum
1866 1932 2026 1985 vale—

365 2040 521 2090 mus,
546 2024 825 2093 quantum
856 2021 1152 2088 volumus,
1191 2020 1606 2089 quantominus
1638 2020 1819 2090 igitur
1847 2035 2028 2090 quan-

365 2115 489 2167 tum
507 2108 998 2172 debemus‘.’Quod
1018 2110 1070 2162 si
1095 2109 1364 2162 humanae
1390 2108 1602 2162 mentis
1638 2109 1914 2179 cogitatio
1945 2108 2031 2161 in-

366 2202 555 2255 terior
589 2198 848 2253 debitum
886 2197 1071 2266 suuml
1098 2196 1387 2266 quomodo
1431 2196 1621 2250 solvat
1643 2213 1758 2250 non
1790 2196 2030 2266 invenit;

369 2290 501 2360 ipse
523 2288 646 2342 oris
666 2302 865 2340 sermo
889 2286 1149 2339 exterior
1170 2285 1310 2354 quid
1341 2286 1656 2354 persolvit?
1674 2285 1911 2353 Verum,
1948 2284 2032 2337 di-

369 2377 693 2433 lectissime
718 2375 896 2428 frater
920 2375 1195 2441 Roberte,
1222 2374 1351 2427 etsi
1380 2375 1833 2427 Paternosteriu
1854 2372 2032 2426 corde

372 2470 577 2522 nostro
613 2465 768 2518 sicut
816 2464 1053 2517 deceret
1082 2478 1196 2516 non
1229 2464 1499 2533 agnoscit
1541 2462 1800 2515 Verbum
1835 2478 2028 2530 suum,

367 2571 479 2610 nos
499 2559 691 2609 tamen
713 2551 886 2623 quasi
907 2551 1134 2620 parvuli
1167 2551 1279 2604 sub
1313 2552 1495 2604 ubere
1527 2551 1621 2603 vel
1653 2549 2032 2603 balbutiendo

371 2643 752 2699 ostendamus
784 2640 836 2694 ei
868 2639 1135 2694 etfectum
1167 2645 1455 2693 nostrum.
1503 2639 1785 2703 Quoniam
1838 2640 2032 2708 itaque

372 2732 658 2800 scriptum
680 2733 772 2783 est
801 2744 812 2782 :
853 2729 1045 2783 Corde
1067 2728 1339 2782 creditur
1370 2728 1444 2782 ad
1461 2728 1777 2799 justitiam,
1803 2744 1905 2782 ore
1938 2745 2033 2781 au-

376 2826 493 2875 tem
508 2816 881 2873 confessioﬁt
896 2817 971 2870 ad
991 2817 1238 2871 salutem
1258 2816 1443 2884 (Pom.
1475 2816 1552 2884 x);
1584 2816 1767 2887 liquet
1797 2816 2032 2870 omnino

374 2907 672 2980 quoniam,
709 2906 978 2977 quamvis
1021 2906 1078 2959 in
1133 2905 1311 2959 corde
1367 2906 1515 2959 ﬁdes
1570 2909 1730 2959 recta
1771 2908 2037 2959 teneatur

372 2995 824 3068 quaejustiﬁcet,
851 2994 1303 3063 pernecessaria
1333 2998 1425 3047 est
1456 2997 1648 3047 tamen
1668 2994 1725 3045 in
1757 3009 1861 3048 ore
1898 3008 2036 3047 con-

366 3086 560 3142 fessio
582 3100 713 3155 qum
733 3099 842 3137 nos
866 3084 1072 3136 salvet.
1100 3081 1212 3136 Sed
1241 3082 1379 3152 quid
1405 3082 1476 3136 de
1508 3084 1628 3136 Deo
1658 3082 1755 3135 ille
1779 3097 2034 3151 pronun-

370 3176 538 3230 tiabit
557 3174 657 3244 qui
674 3173 986 3226 distortum
1006 3171 1245 3241 aliquid,
1272 3175 1371 3224 aut
1402 3172 1660 3226 fortasse
1686 3171 2034 3224 nihiladliuc

2133 1932 2331 2000 minis,
2367 1934 2423 1985 et
2479 1932 2582 1986 ﬁlii
2633 1932 2910 1987 hominis.
2944 1933 3004 1987 Si
3044 1935 3196 1988 enim
3255 1936 3595 1989 diceretur:
3629 1937 3809 1990 Pater

2136 2020 2332 2089 homo,
2366 2025 2421 2074 et
2453 2021 2611 2075 ﬁlius
2661 2037 2872 2092 equus,
2906 2022 3040 2092 quis
3074 2023 3227 2077 aliud
3260 2040 3432 2094 quam
3466 2030 3811 2078 monstrum

2135 2113 2234 2162 aut
2264 2109 2628 2164 horrendum
2658 2110 2876 2180 aliquid
2910 2112 3170 2181 cogitare
3202 2114 3458 2180 posset?
3481 2112 3622 2166 Mox
3647 2114 3809 2166 enim

2137 2199 2199 2252 ut
2228 2215 2258 2251 a
2301 2214 2391 2252 me
2420 2200 2600 2267 patris
2625 2202 2679 2253 et
2703 2199 2805 2251 ﬁlii
2835 2199 3105 2253 diversas
3138 2200 3504 2255 substantias
3535 2202 3808 2269 audires,

2140 2286 2459 2358 autjocari,
2492 2292 2590 2340 aut
2612 2288 2871 2341 insanire
2895 2288 3090 2357 potius
3121 2305 3293 2359 quam
3311 2289 3623 2344 veritatem
3647 2290 3813 2344 diee—

2140 2391 2202 2429 re
2226 2391 2317 2428 me
2349 2392 2461 2429 non
2482 2376 2802 2429 dubitares.
2830 2377 2943 2430 Sed
2969 2377 3021 2429 si
3054 2378 3261 2431 iterum
3286 2394 3522 2448 quaeras
3547 2380 3690 2449 quis
3721 2384 3814 2433 est

2138 2465 2255 2533 ille,
2281 2465 2432 2532 dico,
2468 2468 2633 2533 pater
2664 2465 2822 2518 illius
2867 2468 2977 2519 est.
3029 2464 3090 2518 Si
3142 2482 3378 2536 quaeras
3410 2467 3482 2521 de
3515 2468 3637 2521 ﬁlio
3672 2469 3815 2538 quis

2139 2556 2231 2607 est
2264 2553 2378 2621 ille,
2432 2553 2583 2616 dico,
2620 2553 2776 2606 ﬁlius
2826 2553 2984 2607 illius
3032 2558 3140 2607 est.
3186 2554 3387 2624 Vides,
3420 2557 3816 2622 charissime,

2141 2644 2274 2712 quia
2312 2642 2367 2694 in
2398 2642 2676 2711 personis
2736 2642 2973 2695 diversa
3031 2643 3266 2697 nomina
3296 2644 3469 2712 posui
3500 2659 3637 2714 quae
3671 2650 3820 2698 sunt

2136 2736 2394 2802 pateret
2426 2730 2603 2795 filius;
2664 2731 2722 2783 in
2772 2731 3102 2783 substantia
3158 2747 3301 2785 vero
3352 2748 3531 2785 unum
3592 2749 3819 2786 nomen

2140 2820 2393 2887 ostendi,
2419 2820 2575 2889 quod
2597 2822 2688 2872 est
2712 2819 2894 2873 homo.
2920 2818 3087 2883 Quod
3108 2819 3167 2873 in
3190 2819 3424 2874 homine
3465 2820 3662 2888 vides,
3702 2821 3822 2875 hoc

2139 2908 2197 2961 in
2222 2908 2421 2961 multis
2444 2907 2734 2961 creaturis
2761 2907 2963 2961 videre
3000 2912 3190 2976 potes.
3214 2908 3274 2962 Si
3295 2909 3476 2979 igitur
3495 2910 3557 2962 in
3581 2914 3824 2963 creatu-

2140 2999 2224 3050 ris
2247 2999 2308 3050 ut
2337 2997 2396 3048 in
2434 3012 2546 3049 una
2575 2996 2904 3050 substantia
2936 3000 3075 3050 sunt
3104 2997 3307 3066 plures
3341 3013 3640 3067 personae,
3664 3003 3731 3052 et
3762 2999 3821 3053 in

2143 3085 2415 3155 pluribus
2445 3085 2721 3154 personis
2754 3101 2867 3138 una
2900 3085 3251 3150 substantia,
3287 3088 3492 3140 natura
3521 3087 3819 3156 postulat,

2144 3176 2201 3227 et
2232 3174 2391 3227 Deus
2414 3174 2525 3227 hoc
2550 3173 2705 3242 facit,
2757 3177 2972 3243 quanto
3010 3174 3201 3245 magis
3235 3176 3292 3227 in
3324 3175 3447 3228 Deo
3479 3176 3580 3245 qui
3613 3178 3821 3229 omnia

373 3265 509 3319 inde
531 3262 829 3333 cogitavit.
861 3260 1121 3324 Quorum
1156 3260 1406 3313 alterum
1439 3263 1678 3314 aeternae
1710 3260 2034 3312 damnatio-
2070 3301 2113 3352 Β
2144 3264 2381 3316 ereavit.
2418 3262 2714 3316 Verumne
2745 3261 3007 3315 Creatori
3042 3265 3368 3317 creaturam
3391 3266 3823 3333 cozequamus?

374 3353 470 3409 nis
492 3350 893 3421 sacrilegium,
918 3349 1346 3410 alterum-vero,
1375 3349 1428 3400 si
1450 3348 1548 3402 ille
1586 3350 1922 3419 quicunque
1946 3350 2037 3401 est

362 3443 490 3514 jam
522 3441 746 3495 ratione
804 3439 1001 3503 utitur,
1038 3436 1323 3490 mortiferi
1357 3438 1550 3490 somni
1607 3440 1699 3490 est
1729 3436 2033 3504 indicium,

374 3531 593 3602 Vigilet
613 3544 758 3599 ergo
782 3543 884 3580 cor
914 3524 1232 3579 Christiani
1257 3526 1316 3577 in
1348 3525 1481 3578 ﬁdei
1514 3541 1639 3578 suae
1656 3525 2032 3595 cogitatione,

374 3625 457 3689 ut,
482 3620 535 3673 si
554 3632 805 3673 necesse
826 3614 1178 3681 fuerit,sciat
1197 3613 1428 3682 aperire
1451 3628 1518 3667 os
1552 3614 1609 3666 in
1629 3614 2031 3668 confessione.

378 3709 520 3761 Haec
559 3703 871 3775 perpaucis
903 3700 1363 3771 praelibavimus,
1401 3704 1460 3754 ut
1487 3717 1660 3772 quam
1694 3702 2036 3756 necessaria

377 3797 456 3851 sit
485 3794 619 3848 ﬁdei
649 3791 895 3846 scientia
934 3793 989 3844 et
1020 3789 1321 3844 confessio
1354 3791 1833 3861 ostendentes,ad
1874 3789 2036 3860 ejus-

378 3885 511 3938 dem
560 3881 693 3935 ﬁdei
747 3883 1055 3933 tractatum
1109 3879 1354 3932 Domino
1414 3880 1728 3949 adjuvante
1760 3880 2036 3934 licentius

378 3971 737 4026 veniremus.

450 4060 539 4115 De
568 4063 963 4114 sacrosanctae
994 4057 1069 4110 Di
1077 4057 1346 4111 vinitatis
1361 4057 1585 4112 unitate
1599 4063 1657 4112 et
1672 4057 1965 4112 trinitate.

449 4149 638 4205 Credo
654 4148 1054 4201 sacrosanctae
1070 4146 1197 4198 Divi
1209 4147 1401 4199 uitatis
1416 4149 1694 4199 aeternam
1710 4146 2001 4200 Unitatem
2022 4160 2035 4201 :

380 4239 560 4295 credo
619 4238 677 4290 in
737 4235 940 4291 eadem
993 4235 1211 4289 unitate
1260 4239 1617 4289 coaeternam
1674 4234 2036 4304 Trinitatem,

378 4328 623 4383 Creator
652 4326 802 4381 enim
838 4325 1096 4379 omnium
1128 4340 1281 4378 unus
1305 4327 1396 4378 est
1432 4324 1590 4377 Deus
1635 4325 1691 4377 et
1710 4322 1900 4378 trinus
1933 4341 2040 4378 au-

376 4419 515 4487 tem,
567 4416 704 4486 quia
733 4415 909 4468 Pater
934 4416 1044 4482 est,
1080 4415 1135 4466 et
1163 4412 1348 4466 Filius
1378 4415 1433 4466 et
1463 4412 1720 4482 Spiritus
1772 4417 2036 4467 sanctus.

270 4531 279 4538 ο
380 4506 514 4561 Non
544 4505 676 4558 dico
699 4503 856 4573 quod
875 4502 1029 4556 idem
1063 4501 1190 4570 ipse
1222 4500 1299 4554 sit
1328 4502 1584 4568 Pater,et
1606 4500 1792 4555 Filius
1819 4505 1873 4556 et
1904 4502 2041 4571 Spi-

385 4595 535 4649 ritus
566 4594 834 4659 sanctus;
867 4590 973 4644 sed
1002 4590 1132 4643 dico
1159 4589 1311 4659 quod
1345 4588 1497 4642 idem
1517 4589 1708 4658 ipsum
1730 4593 1822 4643 est
1843 4591 2037 4660 Pater,

381 4685 439 4738 et
456 4682 664 4749 Filius,
686 4684 741 4734 et
770 4680 1025 4748 Spiritus
1076 4681 1339 4731 sanctus.
1374 4678 1515 4731 Cum
1540 4678 1670 4731 dico
1695 4680 1823 4748 ipse
1852 4685 2043 4733 osten-

381 4769 456 4824 do
496 4783 811 4839 personam
869 4782 1001 4836 quae
1035 4768 1128 4818 est
1180 4766 1377 4831 Pater,
1425 4763 1630 4834 Filius,
1664 4767 1757 4819 vel
1789 4765 2042 4835 Spiritus

382 4861 662 4925 sanctus;
696 4871 828 4909 cum
859 4868 1000 4908 vero
1031 4854 1163 4907 dico
1210 4854 1419 4924 ipsum,
1455 4854 1704 4908 ostendo
1764 4855 2040 4909 substan-

382 4947 521 5001 tiam
551 4961 684 5016 quaa
728 4947 820 4999 est
854 4944 1031 4997 Deus.
1092 4942 1363 4997 Creditur
1406 4943 1599 5012 itaque
1630 4959 1738 5011 per
1767 4943 2040 5015 singulos

381 5035 494 5088 alia
524 5049 801 5104 persona,
856 5032 962 5086 sed
994 5047 1109 5085 non
1160 5031 1420 5085 creditur
1469 5032 1526 5083 in
1560 5031 1749 5084 tribus
1779 5032 1897 5086 nisi
1929 5048 2041 5100 una

383 5123 733 5177 substantia.

454 5210 767 5264 Sumamus
790 5226 943 5264 nunc
967 5210 1204 5281 aliquod
1242 5210 1744 5279 exempluminter
1775 5226 1904 5279 nos,
1939 5226 2046 5280 per

384 5298 541 5369 quod
570 5300 989 5368 aliquantulum
1022 5300 1323 5352 valeamus
1355 5299 1679 5352 ascendere
1711 5315 2041 5369 supernos.

382 5387 668 5440 Videmus
698 5387 949 5456 aliquem
982 5389 1276 5451 hominem
1310 5388 1491 5441 ﬁlium
1530 5389 1838 5458 genuisse,
1872 5389 2040 5442 vide-

382 5492 516 5531 mus
547 5490 678 5529 eum
712 5479 933 5543 patrem
977 5477 1080 5530 ﬁlii
1113 5492 1269 5531 esse.
1304 5477 1367 5531 Si
1410 5477 1591 5547 igitur
1620 5494 1651 5529 a
1683 5493 1773 5530 me
1806 5492 2043 5547 quaeras

385 5565 525 5638 quid
543 5564 621 5618 sit
652 5563 747 5617 ille
769 5565 936 5632 pater
964 5566 1064 5634 qui
1089 5566 1293 5637 genuit
1310 5566 1512 5632 ﬁlium,
1548 5567 1898 5635 respondeo,
1933 5566 2043 5619 ho-

385 5671 499 5711 mo.
545 5654 608 5710 Si
657 5668 900 5726 quaeras
931 5653 1071 5724 quid
1119 5655 1197 5708 sit
1225 5654 1405 5723 ﬁlius,
1439 5655 1795 5726 respondeo,
1846 5655 2041 5712 homo.

386 5744 531 5807 Cum
563 5743 683 5800 dixi
714 5743 883 5801 homo
910 5741 1301 5799 substantiam
1329 5744 1514 5819 patris
1536 5747 1594 5801 et
1613 5744 1738 5801 ﬁilii
1768 5744 2040 5804 iudicavi.

2142 3350 2350 3405 Absitl
2387 3351 2665 3415 Quamvis
2719 3350 2874 3404 enim
2906 3352 2965 3404 in
2997 3352 3285 3405 creaturis
3317 3351 3389 3405 de
3418 3354 3587 3420 patre
3618 3352 3820 3406 dicam

2142 3441 2277 3510 quia
2306 3440 2478 3494 homo
2500 3443 2611 3507 est,
2647 3444 2702 3493 et
2731 3440 2803 3493 de
2836 3439 2958 3494 ﬁlio
2979 3440 3117 3510 quia
3148 3440 3322 3493 homo
3354 3443 3466 3509 est,
3494 3444 3553 3494 et
3604 3441 3682 3494 ita
3718 3458 3822 3512 pa-

2144 3529 2251 3582 tris
2279 3532 2333 3581 et
2364 3529 2465 3581 ﬁlii
2507 3544 2620 3582 una
2668 3528 3000 3582 substantia
3038 3532 3150 3592 est;
3184 3531 3378 3581 tamen
3408 3528 3625 3583 iterum
3654 3530 3818 3599 dico,

2144 3618 2279 3687 quia
2310 3621 2475 3686 pater
2505 3617 2701 3686 homo,
2735 3620 2792 3671 et
2823 3617 2978 3671 ﬁlius
3011 3616 3186 3671 homo
3217 3617 3331 3671 duo
3350 3616 3630 3672 homines
3651 3623 3821 3673 sunt.

2146 3705 2228 3759 De
2262 3706 2381 3760 Deo
2413 3708 2625 3773 autem,
2686 3699 2857 3759 valde
2914 3705 3101 3760 aliter.
3155 3704 3251 3759 Sic
3289 3721 3543 3776 namque
3577 3707 3719 3761 dico
3750 3708 3823 3761 de

2146 3794 2338 3862 Patre,
2366 3795 2501 3863 quia
2527 3795 2682 3848 Deus
2707 3797 2817 3862 est;
2844 3797 2898 3848 et
2915 3794 2986 3847 de
3009 3792 3155 3847 Filio
3177 3793 3313 3864 quia
3338 3794 3499 3848 Deus
3522 3798 3639 3864 est,
3665 3799 3730 3850 et
3750 3797 3822 3850 de

2146 3881 2365 3952 Spiritu
2390 3886 2595 3937 sancto
2625 3883 2759 3953 quia
2780 3882 2937 3937 Deus
2962 3884 3071 3951 est,
3093 3883 3154 3935 ut
3175 3882 3317 3935 nulli
3354 3884 3569 3937 tamem
3603 3885 3822 3939 crede—

2146 3987 2213 4026 re
2237 3973 2408 4026 liceat
2430 3972 2585 4042 quod
2610 3976 2732 4025 tres
2773 3971 3028 4025 diisunt.
3054 3970 3185 4024 Jam
3219 3986 3374 4024 nunc
3411 3977 3719 4027 annuente
3752 3989 3823 4027 eo

2147 4061 2219 4115 de
2237 4077 2352 4131 quo
2396 4061 2711 4131 loquimur,
2746 4060 2817 4113 de
2862 4060 3066 4114 eadem
3098 4060 3379 4113 Trinitate
3397 4060 3624 4131 aliquid
3654 4078 3825 4132 aper-

2148 4150 2264 4203 tius
2286 4151 2613 4219 loquamur.
2661 4148 2868 4202 Creata
2900 4148 3372 4217 consideremus,
3398 4149 3537 4202 etin
3573 4156 3819 4204 creatu-

2147 4240 2232 4293 ris
2250 4240 2588 4293 Creatorem
2605 4238 2962 4291 admirantes
2990 4237 3319 4291 laudemus.
3345 4236 3574 4290 Caalum
3596 4238 3821 4308 itaque,

2148 4332 2381 4397 terram,
2431 4342 2591 4381 mare
2640 4330 2695 4380 et
2725 4342 2858 4396 quae
2886 4326 2947 4380 in
2977 4326 3064 4380 eis
3098 4329 3234 4380 sunt
3266 4326 3563 4389 videmus;
3601 4330 3658 4380 et
3688 4326 3823 4381 haec

2149 4417 2341 4471 omnia
2402 4429 2646 4469 creasse
2678 4430 2858 4468 unum
2890 4416 3075 4468 Deum
3115 4414 3291 4468 corde
3325 4413 3676 4484 retinemus,
3715 4430 3822 4469 ore

2150 4505 2517 4560 conﬁtemur.
2558 4504 2696 4557 Haec
2740 4506 2898 4556 tanta
2924 4507 2979 4556 et
3010 4505 3123 4556 tam
3156 4502 3357 4571 multa,
3391 4504 3449 4556 et
3474 4506 3595 4556 tam
3627 4503 3824 4557 admi-

2148 4594 2329 4648 randa
2358 4592 2632 4646 ineffabili
2691 4607 2943 4661 prorsus
3004 4591 3288 4661 sapientia
3320 4591 3607 4656 condidit;
3644 4609 3823 4663 quam

2149 4682 2276 4751 ipse
2299 4697 2415 4735 non
2445 4680 2600 4748 fecit,
2628 4695 2737 4733 nec
2770 4679 3009 4744 creavit,
3037 4679 3143 4734 sed
3176 4679 3397 4751 genuit.
3420 4678 3825 4743 Quemadmoo

2149 4770 2286 4823 dum
2332 4769 2485 4822 enim
2516 4769 2574 4822 in
2602 4768 2793 4821 anima
2833 4771 3036 4822 nostra
3065 4768 3337 4822 videmus
3369 4770 3656 4837 quoniam
3688 4771 3823 4839 ipsa

2150 4859 2340 4930 gignit
2363 4858 2672 4911 consilium
2693 4872 2887 4925 suum,
2913 4859 2969 4911 et
2989 4856 3129 4910 illud
3148 4856 3465 4910 consilium
3484 4858 3666 4927 quasi
3684 4873 3825 4927 pro.

2148 4947 2239 5000 les
2263 4950 2355 5000 est
2384 4946 2592 5000 animae
2615 4946 2771 5016 quod
2794 4945 2945 5014 apud
2970 4961 3037 4999 se
3074 4946 3267 5012 habet,
3303 4948 3361 4999 et
3380 4960 3488 5014 per
3514 4946 3664 4999 illud
3694 4962 3823 5000 om-

2148 5037 2243 5089 nia
2261 5036 2549 5090 exteriora
2564 5039 2857 5104 operatur,
2882 5035 2955 5087 ita
2978 5034 3137 5088 Deus
3160 5033 3479 5104 (quomodo
3495 5033 3684 5088 Deum
3715 5035 3820 5088 de—

2153 5124 2267 5191 cet)
2288 5124 2645 5194 Sapientiam
2702 5139 2867 5176 suam
2902 5123 2972 5177 de
3007 5124 3209 5193 seipse
3243 5122 3466 5193 genuit,
3499 5139 3613 5192 per
3641 5139 3821 5193 quam

2151 5213 2340 5265 omnia
2374 5228 2741 5282 quaecunque
2774 5215 2911 5265 sunt
2940 5212 3013 5265 ab
3044 5226 3113 5265 eo
3144 5212 3296 5265 facta
3326 5213 3495 5279 sunt,
3522 5214 3581 5263 et
3610 5211 3823 5280 dispo-

2150 5304 2383 5355 nuntur.
2412 5301 2747 5371 Haecigitur
2763 5303 2853 5354 est
2874 5300 3162 5370 sapientia
3180 5299 3282 5353 Dei
3303 5299 3510 5365 Filius,
3548 5299 3710 5353 Deus
3744 5299 3819 5353 de

2153 5390 2274 5443 Deo
2321 5388 2580 5460 genitus;
2611 5388 2681 5442 de
2714 5404 2829 5459 quo
2864 5388 3020 5441 Patri
3052 5388 3170 5441 Deo
3201 5388 3417 5441 dicitur
3453 5404 3464 5441 :
3507 5386 3717 5440 Omnia
3753 5389 3820 5440 iu

2152 5479 2443 5549 sapientia
2468 5476 2671 5531 fecisti
2686 5475 2875 5541 (PsaI.
2911 5478 3051 5546 cui).
3072 5475 3188 5531 Sed
3212 5476 3352 5546 quid
3379 5476 3539 5530 Deus
3571 5491 3682 5544 per
3710 5491 3823 5529 sa-

2151 5568 2425 5637 pientiam
2452 5583 2620 5621 suam
2651 5566 2890 5635 faceret,
2926 5566 2979 5619 si
3008 5565 3275 5619 eamdem
3299 5564 3649 5634 sapientiam
3681 5565 3820 5634 ipse

2152 5672 2270 5711 non
2296 5656 2609 5727 diligeret?
2656 5655 2771 5710 Aut
2798 5655 2937 5726 quid
2969 5655 3029 5709 in
3059 5655 3157 5709 illa
3187 5654 3479 5726 diligeret,
3513 5655 3568 5708 si
3596 5657 3655 5708 et
3681 5654 3821 5723 ipsa

2151 5760 2285 5803 eum
2315 5762 2345 5802 a
2379 5761 2494 5823 quo
2525 5745 2723 5820 genita
2738 5748 2830 5802 est
2851 5745 3121 5802 similiter
3137 5759 3255 5802 non
3284 5743 3540 5801 amaret?
3564 5741 3817 5803 Constat
