4134 6174
512 395 668 458 1499
1465 387 1952 451 GUITMUNDI
1997 385 2502 449 ARCHIEPISC
2540 385 2956 449 AVERSANI
3782 391 3942 454 1500

486 595 654 662 Filio,
680 607 797 646 non
819 592 1000 662 igitur
1031 589 1380 659 sapientiam
1408 587 1585 640 habet
1614 604 1644 640 a
1679 587 1848 640 Filio.
1881 585 2047 650 Quod
2069 587 2155 638 si-
2177 568 2234 633 δ
2547 587 2635 641 De
2675 605 2921 659 corpore
2950 596 3008 643 et
3044 589 3354 661 sanguine
3386 591 3640 659 Domini,

486 685 700 739 militer
721 681 1039 734 disseritur
1062 679 1131 732 de
1155 679 1374 747 Spiritu
1399 679 1626 745 sancto,
1661 677 1758 746 qui
1790 676 2024 730 dilectio
2061 680 2152 729 est

487 777 889 840 utrorumque.
924 767 1290 821 (.lredendum
1337 769 1428 818 est
1459 781 1601 834 ergo
1634 766 1768 834 quia
1816 765 1991 818 Pater
2009 781 2144 834 per-

489 863 640 916 fecta
663 860 778 912 vita
811 860 919 921 est,
955 859 1010 910 et
1042 855 1347 924 sapientia,
1391 858 1446 907 et
1494 855 1726 906 dilectio
1785 872 1813 906 a
1847 855 2069 922 seipse,
2095 857 2150 906 et

490 949 675 1003 Filius
689 947 944 1016 perfecta
961 946 1160 1011 vita,et
1185 943 1555 1012 sapientia,ct
1570 943 1802 996 dilectio
1833 947 1922 995 est
1937 959 1966 994 a
1983 942 2151 996 Patre

490 1053 631 1106 suo;
663 1040 719 1090 et
748 1035 1000 1103 Spiritus
1032 1036 1276 1084 sanctus
1300 1031 1410 1083 hoc
1447 1031 1600 1083 idem
1634 1047 1665 1082 a
1699 1031 1871 1084 Patre
1895 1034 1950 1084 et
1981 1030 2149 1084 Filio.

491 1126 656 1179 Hanc
687 1125 896 1177 trinam
923 1122 1233 1186 Unitatem,
1269 1121 1324 1172 et
1365 1135 1537 1172 unam
1573 1119 1936 1188 Trinitatem,
1968 1119 2151 1171 Adam

487 1215 618 1266 ante
649 1214 952 1281 peccatum
985 1209 1320 1275 incorrupta
1360 1206 1615 1274 imagine
1649 1206 1752 1258 Dei
1799 1207 1988 1259 anima
2021 1222 2148 1273 sua,

485 1301 679 1354 lucide
709 1297 1011 1365 intellexit,
1034 1310 1207 1364 quam
1227 1295 1417 1347 lucem
1433 1297 1738 1363 peccatum
1765 1294 2149 1347 commissum

488 1384 1132 1442 obscuravit.Peccavit
1146 1387 1336 1436 autem
1353 1383 1610 1435 hominis
1625 1383 1815 1435 anima
1829 1383 2146 1451 voluntate,

488 1491 706 1546 corpus
737 1489 934 1544 opere.
967 1473 1292 1540 Utrumque
1325 1472 1508 1542 igitur
1538 1475 1829 1524 mortuum
1879 1475 1988 1539 est,
2014 1471 2149 1540 quia

487 1567 558 1620 ab
584 1565 1149 1634 utroquepeccatum
1174 1561 1556 1614 commissum
1581 1563 1690 1613 est.
1707 1560 1990 1624 Quoniam
2009 1576 2149 1614 vero

487 1657 756 1709 mortuus
792 1655 884 1705 est
916 1651 1090 1704 homo
1132 1665 1238 1719 per
1270 1649 1688 1718 insipientiam,
1732 1649 1986 1717 oportuit
2018 1665 2149 1702 eum

486 1741 772 1796 vivilicari
800 1756 906 1810 per
963 1737 1327 1807 sapientiam.
1375 1737 1674 1789 lncarnata
1715 1741 1806 1790 est
1837 1737 2018 1807 igitur
2047 1737 2150 1790 Dei

487 1832 794 1901 sapientia,
827 1833 888 1882 ut
920 1828 1213 1880 deteretur
1242 1826 1498 1878 hominis
1521 1826 1876 1894 insipientia.
1921 1826 2035 1879 Sed
2060 1827 2150 1878 in-

487 1916 1032 1990 sipientiahominis
1063 1915 1315 1967 animam
1347 1914 1688 1966 rationalem
1712 1917 1768 1968 et
1807 1929 2023 1983 corpus
2047 1931 2148 1968 oc-
2180 1941 2228 2002 Β

487 2009 654 2076 cidit;
691 2007 791 2059 Dei
813 2021 957 2058 vero
1009 2003 1314 2072 sapientia,
1349 2003 1406 2055 id
1439 2006 1528 2056 est
1551 2003 1756 2070 Filius,
1794 2008 1848 2056 et
1897 2004 2149 2056 animam

485 2095 830 2151 rationalem
863 2099 920 2148 et
969 2108 1186 2161 corpus
1233 2092 1543 2160 assumpit.
1579 2091 1647 2144 Et
1689 2093 1843 2146 sicut
1893 2093 1990 2146 ille
2023 2093 2150 2146 sine

485 2188 726 2256 peccato
760 2181 1218 2236 deimmaculata
1249 2183 1403 2233 terra
1429 2180 1617 2234 factus
1643 2185 1763 2249 est;
1797 2181 1872 2234 ita
1893 2182 2147 2236 istesine
2179 2245 2184 2250 α

485 2276 731 2345 peccato
755 2272 825 2325 de
858 2273 1195 2338 incorrupta
1217 2269 1463 2339 Virgine
1484 2273 1654 2323 natus
1679 2273 1770 2323 est
1790 2286 1804 2338 ς
1828 2273 2153 2340 assumpsit

487 2367 678 2417 autem
709 2363 784 2414 ita
826 2361 986 2413 Deus
1015 2358 1311 2411 hominem
1334 2363 1395 2411 ut
1434 2375 1542 2411 nec
1578 2359 1734 2412 Deus
1766 2359 1823 2412 in
1855 2361 2150 2414 hominem

485 2454 826 2518 mutaretur,
845 2464 953 2502 nec
971 2447 1145 2501 homo
1159 2446 1581 2500 absorberetur
1603 2449 1661 2501 in
1684 2449 1886 2502 Deum.
1913 2449 1972 2502 Si
1997 2451 2151 2503 enim

485 2540 646 2594 Deus
678 2540 735 2592 in
768 2539 1062 2592 hominem
1081 2537 1428 2603 mutaretur,
1448 2535 1571 2604 jam
1621 2553 1738 2590 non
1778 2540 1940 2591 esset
1967 2539 2146 2608 Deus,

490 2629 596 2682 sed
619 2629 794 2682 homo
814 2627 1018 2692 solus;
1053 2629 1109 2678 et
1141 2625 1270 2677 ideo
1301 2639 1418 2677 non
1449 2623 1774 2694 adiuvaret.

559 2716 621 2771 Si
656 2731 796 2769 vero
826 2715 1001 2768 homo
1030 2713 1453 2765 absorberetur
1475 2714 1533 2765 in
1557 2713 2032 2784 Deum,jam,non
2056 2717 2155 2770 ho-

487 2820 603 2874 mo,
638 2805 744 2858 sed
778 2804 938 2856 Deus
969 2801 1170 2864 solus;
1205 2805 1261 2853 et
1293 2801 1421 2854 ideo
1441 2802 1720 2855 morinon
1737 2808 1962 2872 posset.
2002 2805 2151 2859 Mori

2339 2789 2448 2841 Hic
2480 2789 2669 2858 quaeri
2700 2792 2895 2858 potest
2924 2805 3029 2842 cur
3059 2791 3424 2860 mysterium,
3458 2793 3552 2844 vel
3590 2807 3934 2845 sacramen-

487 2895 681 2949 autem
697 2908 829 2946 cum
844 2891 972 2944 aliae
990 2889 1184 2942 multm
1198 2889 1697 2959 rationesgquibus
1713 2906 1823 2944 nos
1838 2893 2151 2948 redimeret

2270 2877 2510 2945 tum,vel
2541 2879 2714 2930 etiam
2733 2878 2922 2948 ﬁgura
2936 2879 3462 2948 haec,consecratio
3494 2881 3801 2949 dicitur,si
3815 2884 3937 2950 ipsa

490 2984 891 3053 suppeterent,
928 2978 1130 3045 voluit,
1165 2981 1226 3031 ut
1269 2981 1325 3031 et
1360 2978 1657 3032 diabolum
1695 2979 1926 3049 justitia
1959 2985 2152 3054 magis
2266 2981 2366 3019 res
2399 2970 2455 3019 et
2492 2966 2621 3035 ipsa
2652 2967 2871 3020 Veritas
2892 2972 3002 3033 θεῖν
3038 2971 3094 3020 et
3121 2967 3434 3020 nihilaliUd
3457 2969 3693 3036 Perhoc
3710 2970 3936 3039 Signiﬁ‘

487 3087 661 3143 quam
691 3069 949 3139 potentia
997 3067 1280 3119 vinceret.
1317 3066 1551 3119 Justum
1599 3068 1752 3120 enim
1781 3073 1903 3122 erat
1939 3073 2018 3138 ut,
2053 3073 2151 3141 qui

2270 3060 2452 3109 catur.
2487 3055 2578 3108 Ad
2609 3055 2764 3124 quod
2816 3071 2928 3126 ego
2963 3057 3294 3124 respondeo
3328 3058 3463 3126 quia
3500 3063 3556 3111 et
3588 3060 3934 3127 mysterium

487 3161 784 3215 hominem
815 3157 1056 3225 vicerat,
1091 3155 1162 3208 ab
1193 3154 1428 3208 homine
1461 3156 1815 3225 vinceretur,
1867 3161 1922 3212 et
1953 3161 2150 3230 nobis,
2267 3148 2377 3212 εει»
2421 3145 2556 3214 qum
2577 3145 2799 3214 aliqum
2817 3145 3128 3214 ῐηῖείίουω
3148 3149 3337 3214 PO”at
3362 3161 3375 3213 ἱ
3401 3150 3455 3199 et
3476 3151 3932 3212 sael‘amenmm,

483 3252 698 3320 quanta
729 3246 1010 3300 charitate
1033 3244 1276 3298 reducat
1305 3260 1436 3311 nos,
1482 3246 1837 3300 ostenderet.
1889 3247 2038 3302 Hinc
2062 3253 2151 3304 est

2270 3234 2403 3302 quia
2422 3248 2657 3286 sacrum
2679 3233 2900 3302 aliquid
2922 3233 3367 3304 intelligendum
3389 3235 3538 3287 intra
3562 3251 3629 3288 se
3660 3237 3936 3302 occultat;

769 3335 990 3404 Spiritu
1010 3336 1214 3387 sancto
1247 3298 1568 3401 conceptus
1591 3298 2151 3407 dicituvrrquiaSpir‘i-t

2270 3298 2321 3375 et
2351 3323 2564 3393 figura,
2601 3323 2755 3392 quia,
2777 3298 3034 3390 excepto
3067 3298 3178 3376 hoc
3208 3323 3365 3393 quod
3395 3325 3788 3393 corporaliter
3807 3298 3932 3395 agi-

481 3429 580 3481 tus
610 3428 858 3480 sanctus
891 3422 1148 3476 charitas
1181 3423 1292 3488 est,
1341 3425 1395 3473 et
1428 3425 1607 3474 totum
1651 3423 1760 3477 hoc
1807 3429 2151 3495 mysterium
2265 3411 3461 3479 tur,spiritualealiudvaldenecessariuin
3477 3413 3716 3483 ﬁgurat.
3735 3415 3937 3483 51δέῑὶ-

487 3515 746 3569 charitas
779 3515 1015 3581 cperata
1045 3513 1154 3563 est.
1190 3509 1404 3562 Factus
1447 3509 1638 3579 itaque
1691 3511 1863 3566 homo
1897 3520 1987 3569 est
2019 3533 2151 3571 cum

2270 3517 2400 3555 cum
2429 3501 2584 3554 enim
2610 3504 2666 3553 et
2697 3516 2954 3569 sacrum,
2990 3504 3045 3554 et
3066 3501 3390 3571 spirituale,
3424 3518 3530 3570 per
3561 3503 3677 3556 hoc
3712 3511 3928 3573 myste-

489 3603 609 3657 Deo
631 3617 744 3656 una
776 3598 1165 3669 persona,sed
1181 3601 1526 3651 conservata
1549 3603 1638 3652 est
1659 3601 1890 3671 utrique
1914 3607 2152 3674 propria
2266 3591 2416 3643 rium
2453 3591 2760 3660 ﬁguram":
2795 3591 3069 3659 quoniam
3115 3591 3268 3644 8ίοοι
3298 3606 3407 3644 Ποε
3458 3607 3669 3644 omnes
3709 3593 3922 3646 curis“

488 3689 841 3745 substantia.
878 3687 1066 3740 Homo
1100 3686 1211 3739 iste
1235 3686 1363 3740 sine
1381 3695 1620 3756 peccato
1641 3690 1870 3760 vixit,ut
1888 3693 2151 3748 vinceret

2270 3694 2484 3748 corpus
2502 3678 2886 3748 corporaliter
2899 3679 3294 3747 sumimus,ita
3307 3695 3415 3733 nos
3430 3681 3544 3748 ipsi
3557 3682 3608 3750 ej
3621 3697 3695 3734 us
3711 3698 3922 3751 corpus

489 3775 808 3844 diabolum,
833 3779 889 3827 et
919 3773 1154 3826 dolores
1198 3774 1499 3842 sustinuit,
1545 3777 1605 3828 ut
1633 3775 1855 3832 deleret
1895 3779 2150 3835 hominis

2270 3767 2651 3836 spiritualiter
2682 3767 2931 3820 vivendo
2963 3767 3119 3820 efﬁci
3145 3768 3598 3837 debemus;non
3629 3770 3778 3824 illud
3797 3788 3929 3826 cor-

487 3868 813 3936 peccatum.
849 3861 1129 3915 Miracula
1161 3861 1316 3930 fecit,
1351 3863 1485 3933 quia
1505 3864 1664 3919 Deus
1682 3871 1837 3933 erat;
1882 3873 2149 3924 mortuus

2270 3858 2564 3927 pus,quod
2599 3857 2857 3911 Verbum
2890 3856 2995 3910 Dei
3027 3858 3084 3909 in
3113 3874 3369 3927 persona
3401 3863 3937 3930 suaassumpsit,et

487 3957 600 4023 est,
634 3954 772 4024 quia
785 3952 958 4006 homo
973 3956 1116 4004 erat.
1142 3950 1416 4020 Seipsum
1436 3957 1727 4009 mortuum
1751 3959 2151 4025 suscitavit,ut

2270 3947 2638 4000 Dominicum
2669 3947 2900 4017 dicitur,
2938 3948 3044 4002 sed
3077 3948 3231 4017 quod
3260 3949 3320 4001 in
3351 3949 3676 4017 Scripturis
3710 3953 3928 4003 sanctis

487 4043 657 4099 Deus.
683 4041 1124 4104 crederetur;in
1155 4055 1330 4094 carne
1352 4041 1628 4110 palpabili
1651 4049 1853 4113 postea
1884 4051 2151 4118 apparuit

2270 4034 2538 4090 Ecclesia
2568 4041 2831 4104 vocatur,
2865 4037 3020 4090 unde
3054 4037 3272 4093 Paulus
3293 4039 3460 4092 dicit:
3485 4039 3618 4110 Ipse
3651 4048 3746 4094 est
3766 4049 3926 4111 caput

485 4148 559 4187 ne
581 4132 754 4185 homo
795 4143 934 4183 esse
958 4128 1340 4184 dubitaretur.
1363 4132 1594 4199 Corpus
1614 4133 1848 4202 quidem
1881 4137 1939 4189 in
1972 4155 2150 4193 cruce
2269 4133 2533 4180 "OSU'WH
2555 4126 2800 4197 (Ephes-
2830 4131 2907 4196 ν),
2953 4133 3008 4181 et
3036 4143 3148 4181 n08
3184 4129 3446 4181 membra
3475 4129 3629 4198 GJUS-
3660 4129 3815 4182 Ηίοο
3844 4133 3932 4182 θεί

485 4223 779 4275 mortuum
808 4220 867 4272 in
915 4217 1105 4288 lapide
1147 4219 1386 4287 sepeliri
1428 4221 1730 4293 permisit;
1770 4226 1959 4280 anima
2009 4244 2149 4282 vero
2271 4215 2610 4284 δηίωνίίυοά
2642 4216 2712 4269 de
2743 4232 2890 4285 P'me
2920 4221 2976 4270 et
2998 4218 3134 4270 Vino
3158 4219 3771 4273 δεονθωθηῐυωίείυά
3796 4234 3931 4273 σοῦ’

485 4310 640 4378 viva,
674 4323 808 4362 cum
839 4309 958 4361 Deo
983 4323 1358 4375 permanens,
1383 4308 1442 4362 in
1469 4309 1782 4382 infernum,
1818 4331 1934 4368 non
1953 4319 2012 4370 ut
2042 4333 2147 4386 pa-
2270 4305 2480 4358 ﬁcitur.
2504 4305 2684 4358 Panis
2707 4307 2861 4358 enim
2887 4320 2965 4358 ex
2997 4307 3194 4360 multis
3226 4308 3433 4377 granis
3458 4323 3610 4360 unus
3650 4309 3928 4374 efﬁcitur,

483 4400 724 4466 teretur,
757 4397 864 4450 sed
885 4398 948 4450 ut
976 4396 1391 4458 dominaretur.
1414 4399 1739 4471 descendit,
1773 4406 2146 4475 quae,libepa-
2268 4398 2325 4448 et
2353 4397 2554 4448 vinum
2576 4411 2648 4448 ex
2681 4396 2879 4449 multis
2909 4396 3159 4450 vinaeiis
3189 4397 3246 4449 in
3261 4412 3438 4449 unum
3459 4396 3740 4466 liquatur.
3761 4399 3930 4450 Simi-

486 4488 562 4542 tis
583 4487 716 4541 inde
739 4501 891 4556 quos
905 4486 1118 4557 dignos
1135 4480 1768 4558 judicaverat,ca$eris
1787 4510 1926 4550 vero
1945 4498 2148 4553 (limis-
2266 4483 2398 4538 liter
2426 4488 2482 4537 et
2512 4500 2622 4538 nos
2645 4500 2720 4537 ex
2737 4485 2936 4538 multis
2968 4485 3173 4556 granis
3188 4501 3366 4539 unum
3380 4502 3600 4555 corpus
3615 4487 3928 4548 efﬁcimur,

485 4577 594 4646 sis,
627 4591 842 4644 corpus
861 4590 1036 4628 suum
1059 4575 1224 4628 tertia
1253 4575 1345 4629 die
1361 4582 1704 4650 resumpsit.
1733 4583 2149 4642 Ressuscitato

2270 4573 2337 4626 de
2386 4588 2635 4642 corpore
2667 4575 2723 4626 et
2755 4575 3043 4644 sanguine
3094 4574 3324 4627 Domini
3368 4575 3516 4627 bene
3548 4574 3827 4627 vivendo.
3877 4587 3930 4626 et

481 4669 676 4719 autem
714 4679 983 4732 corpore,
1018 4679 1150 4716 cum
1183 4665 1514 4736 discipulis,
1571 4685 1688 4724 non
1719 4675 2011 4741 continue,
2045 4678 2150 4730 sed
2177 4653 2233 4717 Β
2267 4663 2558 4716 credendo
2582 4663 2866 4716 catholica
2898 4663 3010 4716 ﬁde
3045 4664 3361 4718 reﬁcimur.
3387 4664 3553 4717 Unde
3577 4668 3635 4717 et
3651 4679 3761 4732 per
3779 4665 3929 4716 Pau-

487 4752 912 4808 certisvicibus
933 4767 1226 4822 apparens
1247 4757 1302 4807 et
1345 4755 1514 4810 etiam
1548 4761 2153 4833 comedens,quadra-
2215 4789 2218 4792 ’
2265 4751 2385 4805 lum
2406 4751 2645 4805 diem":
2675 4752 2842 4806 unus
2880 4753 3052 4822 Panis
3083 4768 3290 4806 sumus
3336 4767 3541 4806 omnes
3595 4751 3650 4819 (Ῐ
3678 4752 3824 4807 Cor»
3853 4755 3931 4819 1}-

489 4843 654 4914 ginta
687 4841 898 4894 diebus
932 4842 1163 4894 mansit.
1194 4841 1657 4915 Quadragesimo
1677 4849 1790 4919 die,
1815 4852 2150 4908 videntibus
2267 4839 2375 4893 His
2404 4841 2597 4911 “aque
2629 4845 2684 4894 et
2714 4841 2846 4894 “liis
2881 4843 2931 4894 Si
2963 4842 3162 4911 Plures
3205 4846 3342 4895 sunt
3387 4841 3926 4912 είεηὶδοειίουίὺυε

487 4931 608 4985 illis
632 4930 818 4984 cmlos
841 4929 1126 4983 ascendit.
1157 4931 1320 4994 Quod
1339 4949 1476 4988 vero
1501 4939 1633 5002 post
1657 4943 2151 4998 resurrectionem

2270 4931 2659 4998 conservatis,
2685 4934 3076 4984 conservetur
3119 4931 3291 4984 etiam
3329 4931 3498 4995 fides,
3537 4931 3676 4999 quia
3701 4929 3928 4982 Domini

491 5019 887 5087 comedit,non
903 5017 1243 5088 indigentia,
1275 5021 1380 5074 sed
1399 5031 1810 5094 argumentum
1828 5031 2151 5088 manifestae

2270 5033 2484 5088 corpus
2498 5020 2692 5088 ipsum
2711 5035 2917 5074 verum
2930 5035 3048 5074 non
3065 5019 3421 5088 qualitative,
3447 5018 3554 5072 sed
3575 5019 3931 5072 substantia-

489 5107 951 5174 resurrectionis
998 5106 1124 5160 fuit.
1161 5108 1389 5179 Regnat
1419 5113 1612 5183 itaque
1647 5116 1930 5172 Dominus
1954 5126 2151 5176 noster

2270 5107 2696 5177 [iteret-editur,
2732 5113 2789 5162 ut
2823 5109 2978 5179 quod
3037 5110 3164 5178 ipsa
3203 5109 3422 5161 veritas
3449 5108 3692 5161 omnino
3727 5124 3927 5162 verum

490 5194 671 5248 Jesus
701 5195 976 5248 Christus
1006 5196 1064 5248 in
1098 5196 1283 5266 gloria
1316 5199 1526 5267 Patris,
1573 5209 1857 5261 venturus
1890 5210 1959 5262 ad
1989 5209 2152 5279 judi-
2265 5210 2403 5250 esse
2443 5202 2689 5252 testatur
2723 5202 2924 5252 nostra
2939 5197 3164 5251 fallacia
3181 5198 3389 5250 falsum
3404 5203 3501 5249 aut
3519 5198 3929 5268 imaginarium

492 5282 645 5335 cium
695 5285 968 5337 omnibus
1017 5284 1075 5356 in
1126 5287 1593 5345 manifestatione
1625 5297 1840 5364 carnis,
1868 5301 2153 5367 reprobos
2269 5302 2406 5339 esse
2437 5302 2553 5339 non
2585 5287 2872 5356 οΡίιΙθίυΓο
2901 5287 3027 5340 Ηοο
3060 5303 3274 5356 corpus
3307 5286 3358 5338 Si
3398 5287 3643 5356 indigne
3682 5289 3930 5340 summ"

487 5369 810 5424 traditurus
843 5373 1080 5426 aaternis
1100 5376 1426 5444 tormentis,
1453 5380 1656 5435 electis
1689 5399 1754 5437 se
1793 5390 2149 5442 ostensurus
2270 5375 2887 5446 (ίηάίέζηθδυίθωῑυηο
2907 5376 3927 5445 Summ":Siinmortifel‘ispeccaus

485 5459 547 5512 in
577 5461 878 5526 perpetuis
909 5462 1164 5531 gaudiis,
1199 5465 1256 5517 in
1291 5467 1507 5535 quibus
1541 5486 1650 5524 nos
1697 5489 2016 5543 regnemus
2047 5493 2155 5546 per
2267 5469 2494 5518 manem
2525 5467 2736 5534 anima,
2771 5470 2826 5518 οι
2857 5481 2989 5518 cum
3038 5466 3185 5532 iPSiS
3207 5465 3536 5534 (metimur):
3574 5465 3822 5519 ουπιίῑιο
3858 5451 3930 5517 ibi

490 5561 684 5602 avum
717 5550 772 5600 et
799 5561 930 5600 cum
960 5548 1090 5616 ipso
1126 5552 1370 5609 Domino
1420 5557 1567 5612 Jesu
1604 5560 1861 5632 Christo,
1893 5565 1993 5634 qui
2023 5583 2156 5621 cum
2257 5550 2549 5622 judicium
2581 5554 3034 5606 manducaturet
3051 5553 3289 5606 bibitur.
3321 5553 3467 5606 Cum
3499 5568 3642 5606 vero
3667 5552 3927 5624 digne,in

488 5636 661 5728 Patre
691 5638 748 5688 et
778 5633 998 5728 Spiritu
1039 5645 1243 5696 sancto
1289 5644 1431 5699 vivit
1461 5653 1517 5701 et
1565 5657 1778 5722 regnat
1835 5633 2015 5726 Delus,
2055 5674 2151 5728 per

2270 5646 2546 5709 quantum
2576 5644 2772 5710 potest
2803 5640 3055 5694 humana
3086 5639 3403 5712 fragilitas,
3433 5641 3810 5710 pergratiam
3829 5639 3928 5693 Dei

491 5724 689 5785 omnia
711 5725 933 5780 saacula
962 5729 1340 5789 saeculorum,
1374 5736 1581 5793 Αωθη,
2003 5724 2009 5726 ⁷
2055 5724 2074 5728 ⁷
2265 5729 2610 5800 suscipitur,
2643 5730 2870 5802 absque
2901 5730 3081 5786 dubio
3109 5730 3338 5802 perhoc
3352 5728 3927 5785 sacramentumani-

2337 730 2572 784 lnterim
2605 733 2818 799 autem,
2854 731 3096 784 dum'ab
3117 747 3186 784 eo
3209 733 3266 784 in
3287 732 3396 786 hoc
3421 734 3636 787 mundo
3663 735 3940 804 peregri-

2267 837 2474 873 namur
2491 819 2574 888 (Il
2603 819 2738 873 Cor.
2756 823 2833 888 v),
2857 837 3103 889 corpore
3117 824 3171 874 et
3191 823 3480 892 sanguine
3494 823 3627 892 ejus
3649 825 3709 876 in
3729 825 3823 877 via
3839 842 3936 893 pa-

2271 911 2512 976 scimur,
2545 911 2699 963 sicut
2728 911 3014 978 apostolis
3048 909 3175 963 suis
3196 911 3304 964 hoc
3331 913 3669 980 mysterium
3691 916 3749 965 in
3765 929 3932 965 caena

2269 1000 2467 1054 ultima
2499 1004 2630 1052 ante
2653 1001 3350 1068 mortemsuamtradidit,
3383 1006 3437 1054 et
3464 1001 3635 1054 nobis
3669 1018 3935 1073 sequen-

2270 1089 2430 1142 tibus
2461 1089 2947 1157 frequentandum
2979 1104 3083 1156 per
3101 1105 3206 1141 cos
3239 1090 3552 1142 mandavit.
3580 1091 3934 1145 Adhibenda

2271 1183 2360 1230 est
2389 1193 2530 1246 ergo
2555 1177 2702 1230 fides
2738 1177 3058 1230 Dominicis
3090 1178 3311 1245 verbis,
3337 1178 3553 1248 quibus
3581 1179 3741 1232 dicit:
3779 1181 3937 1234 Caro

2268 1283 2396 1320 mea
2425 1282 2566 1319 vere
2599 1273 2689 1319 est
2720 1265 2906 1334 cibus,
2943 1273 3001 1319 et
3023 1269 3269 1336 sanguis
3298 1282 3462 1320 meus
3487 1284 3626 1321 vere
3650 1275 3741 1321 est
3759 1277 3935 1339 potus

2269 1356 2456 1423 (Joan.
2491 1356 2590 1423 vx).
2624 1355 2791 1407 Omni
2820 1370 2962 1425 ergo
3009 1359 3314 1408 exsecrata
3346 1355 3729 1423 dubitatione,
3779 1359 3940 1410 sicut

2268 1444 2566 1497 credimus
2613 1443 2749 1512 quia
2783 1443 3104 1513 unigentus
3144 1443 3325 1512 Deus,
3382 1449 3719 1499 coaeternus
3771 1446 3932 1500 Deus

2265 1532 2423 1585 Patri
2449 1531 2654 1598 Filius,
2677 1545 2814 1584 vere
2847 1531 2906 1582 in
2929 1547 3104 1584 carne
3137 1535 3338 1585 nostra
3361 1536 3553 1601 natus,
3591 1550 3734 1587 vere
3771 1551 3930 1588 mor-

2264 1624 2424 1687 tuus,
2459 1635 2600 1672 vero
2623 1620 2968 1688 resurrexit,
3004 1635 3142 1674 vere
3173 1620 3460 1674 inccelum
3493 1622 3935 1690 ascendit,vere

2265 1709 2432 1762 sedet
2460 1708 2530 1761 ad
2553 1708 2853 1761 dexteram
2874 1708 3064 1762 Patris
3079 1709 3193 1776 sui,
3218 1710 3293 1760 ita
3308 1709 3706 1763 indubitanter
3723 1711 3932 1763 creda-

2265 1813 2397 1850 mus
2421 1797 2556 1866 quia
2589 1811 2806 1865 corpus
2837 1795 2971 1866 ejus
3012 1799 3068 1848 et
3097 1798 3450 1866 sanguinem
3467 1813 3673 1851 verum
3707 1804 3765 1852 et
3796 1799 3939 1852 inte-

2267 1901 2438 1955 grum
2482 1885 2538 1936 iu
2570 1884 2736 1936 altari
2775 1888 2908 1952 post
2938 1886 3442 1939 consecrationem
3484 1887 3931 1940 manducamus.

2267 1974 2505 2040 Verum,
2542 1973 2800 2042 inquam,
2838 1988 3056 2041 corpus
3102 1974 3471 2026 Dominicum
3523 1978 3579 2028 et
3608 1976 3930 2045 integrum,

2265 2063 2420 2132 quod
2443 2065 2498 2115 et
2537 2065 2719 2115 totum
2753 2063 2812 2114 in
2843 2062 3036 2115 Patris
3058 2061 3297 2115 dextera
3319 2063 3539 2116 sedens
3558 2065 3940 2134 gloriatur,et

2267 2155 2450 2204 totum
2480 2151 2551 2204 de
2583 2151 2911 2204 sacerdotis
2942 2150 3214 2204 manibus
3229 2153 3498 2221 sumitur,
3534 2155 3591 2206 et
3606 2155 3782 2222 siper
3802 2170 3935 2223 par-

2265 2243 2354 2293 tes
2413 2240 2584 2310 quasi
2633 2240 2958 2311 frangatur,
3003 2241 3062 2292 in
3109 2256 3456 2311 unaquaque
3501 2246 3697 2295 tamen
3751 2249 3939 2311 parte,

2267 2329 2966 2398 quamvisminutissima,
2991 2332 3173 2382 totum
3197 2334 3254 2382 et.
3275 2331 3568 2401 integrum
3592 2331 3847 2400 habetis,
3881 2337 3939 2384 et

2268 2418 2340 2484 si,
2375 2417 2577 2471 eadem
2610 2418 2751 2470 hora
2773 2422 2828 2470 et
2849 2417 3054 2471 eodem
3085 2422 3398 2488 momento,
3418 2419 3572 2472 mille
3587 2421 3936 2473 sacerdotes

2268 2505 2380 2558 hoc
2414 2506 2756 2574 mysterium
2774 2510 3108 2574 operantur,
3139 2508 3197 2560 in
3212 2507 3586 2578 singulorum
3612 2513 3938 2561 tamenma-

2266 2594 2444 2647 nibus
2485 2609 2703 2662 corpus
2731 2593 2973 2663 Christi,
3008 2598 3188 2648 totum
3212 2600 3269 2648 et
3299 2598 3592 2666 integrum
3619 2612 3937 2650 consecra-

2265 2685 2408 2750 tum,
2442 2698 2473 2735 a
2505 2683 2762 2752 singulis
2791 2685 2975 2736 totum
2996 2687 3051 2736 et
3081 2684 3376 2754 integrum
3398 2685 3676 2738 sumitur.
