4084 6186
185 399 333 462 1501

1351 390 1766 454 EPISTOLA
1805 390 1919 452 AD
1962 388 2418 453 ERFASTUM

3459 388 3617 454 1502
3682 370 3689 379 ’

190 595 285 633 ma
315 580 519 634 nostra
562 576 739 630 vitam
780 577 1058 630 aeternam
1107 574 1512 645 consequitur,
1551 589 1683 644 quae
1716 587 1858 627 vere
1881 573 1931 628 Α
1956 588 2069 642 pus
2101 575 2157 626 et
2196 571 2547 643 sanguinem
2586 571 2946 625 concedatur
2987 570 3046 623 in
3077 570 3325 641 perenni
3371 570 3616 625 smeulo.

190 668 365 722 nobis
397 683 429 720 a
461 667 707 720 Domino
739 668 942 719 nostro
976 664 1121 718 Jesu
1151 662 1387 717 Christo
1419 679 1525 732 per
1544 662 1688 733 .ejus
1723 677 1859 716 cor-
1962 663 2170 715 Amen.

193 850 1949 881 π

769 982 2006 1089 GUITMUNDI
2089 982 2946 1086 EPISTOL
2970 986 3102 1080 Α.

1540 1235 2281 1314 ΑΒ⁴ΕΒΡΑ8ΤΟΜ.

1036 1429 1382 1498 (ΟΑιιΑΝῡη
1429 1427 1702 1482 Veterum
1734 1426 1982 1482 Patrum
2014 1427 2409 1496 Bibliotheca,
2445 1427 2597 1493 XIV,
2632 1427 2779 1495 240).

1667 1554 2104 1565 -ι--ι-

1527 1679 2311 1758 ἙΔΞ()ΣΕῘῙ[ἾΓ’[ῙΣΝ[.

273 1887 418 1942 Cum
450 1887 642 1941 adhuc
675 1886 990 1956 presbyter
1021 1887 1185 1939 esset
1226 1858 1640 1951 Guitmundus,
1690 1884 2090 1956 interrogatus
2137 1885 2243 1938 fuit
2274 1902 2305 1939 a
2350 1884 2533 1938 fratre
2563 1884 2818 1956 quodam
2850 1883 3085 1956 Erfasto
3119 1884 3553 1956 desubstantia
3583 1890 3641 1941 et

198 1960 420 2013 unitate
467 1958 569 2012 SS.
612 1955 934 2018 Trinitatis,
969 1955 1040 2009 de
1074 1957 1357 2025 mysterio
1390 1956 1680 2010 Dominici
1732 1955 2023 2025 corporis,
2056 1957 2194 2009 item
2228 1957 2299 2010 de
2351 1955 2839 2009 similitudinibus
2872 1955 3088 2025 quibus
3129 1955 3212 2009 uti
3244 1956 3457 2024 solent,

3502 1961 3640 2026 puta

202 2030 459 2099 sphaerae
490 2029 561 2082 ad
585 2027 1080 2100 comprehendam
1110 2027 1413 2100 Trinitatis
1436 2028 1735 2081 unitatem.
1764 2027 2197 2100 Hispostulatis
2223 2027 2544 2100 respondet
2568 2030 2627 2078 ut
2648 2029 2880 2100 cautum
2896 2026 3283 2097 sobriumque
3298 2028 3643 2100 theologum

201 2096 392 2155 decet.
427 2100 625 2154 Mutila
657 2096 735 2153 ad
760 2114 869 2154 nos
900 2098 1167 2169 pervenit
1187 2098 1456 2168 epistola,
1493 2114 1667 2169 quam
1697 2114 1771 2152 ex
1802 2096 2123 2169 Spicilegio
2155 2098 2524 2152 Dacheriano
2557 2096 2953 2151 recudendam
2984 2096 3203 2152 sumus
3229 2099 3498 2153 mutuati.

276 2290 369 2344 Ad
386 2288 859 2343 amantissimum
887 2287 1127 2342 fratrem
1150 2286 1466 2342 Eams'rma
1489 2287 1673 2342 frater
1692 2287 1872 2342 Gurr-
1912 2268 1958 2321 Β
1985 2287 2146 2341 calor
2188 2289 2380 2340 autem
2425 2285 2677 2340 calidum
2721 2287 2859 2341 facit
2898 2289 3178 2359 operandi
3211 2289 3446 2359 virtute,
3496 2288 3647 2343 locis

203 2395 462 2447 IUNDUS,
514 2378 796 2448 indignus
828 2376 1161 2446 presbyter,
1214 2375 1343 2429 sine
1384 2375 1498 2430 ﬁne
1546 2377 1789 2447 gloriari
1817 2375 1877 2430 in

205 2466 448 2521 Christo
479 2466 626 2520 Jesu
660 2466 908 2519 Domino
938 2467 1164 2519 nostro.

280 2556 323 2609 Ι.
382 2554 651 2608 Perlecta
702 2553 1087 2608 fraternitatis
1136 2557 1251 2607 tuae
1295 2552 1584 2622 epistola,
1628 2569 1700 2607 ex
1750 2553 1879 2623 ipsa

204 2643 660 2714 inquisitionum
688 2646 921 2697 tuarum
961 2643 1186 2697 ratione
1218 2641 1497 2711 perpendi
1545 2646 1879 2711 correptum

208 2733 339 2799 Dei,
374 2732 603 2798 timore,
636 2732 708 2785 ad
745 2731 1090 2801 sapientiam
1143 2730 1534 2799 spiritualium
1583 2746 1782 2784 rerum
1813 2745 1881 2783 ac

208 2821 524 2875 scientiam
542 2823 616 2885 te,
643 2820 796 2874 unde
815 2819 1102 2891 gratulor,
1139 2834 1255 2872 non
1291 2818 1570 2872 inutiliter
1592 2818 1879 2872 exerceri.

207 2909 378 2973 Quod
419 2909 573 2963 enim
618 2909 690 2962 de
741 2909 1071 2963 substantia
1137 2912 1311 2978 atque
1366 2908 1585 2961 unitate
1645 2910 1882 2961 aeternae

208 2998 518 3053 Trinitatis
560 2997 851 3068 quaesisti,
901 2997 1205 3067 sapientiae
1236 2999 1345 3050 est.
1387 2995 1552 3060 Quod
1590 2999 1781 3049 autem
1812 2994 1884 3048 de

212 3088 500 3157 mysterio
531 3086 819 3140 Dominici
851 3086 1123 3155 corporis
1154 3084 1450 3155 adjecisti,
1483 3084 1555 3137 ad
1577 3084 1883 3138 scientiam

224 3178 475 3245 spectat.
507 3175 648 3229 Item
681 3174 823 3228 illud
866 3175 1020 3244 quod
1054 3174 1124 3228 ad
1159 3173 1653 3243 comprobandam
1688 3172 1877 3225 Trini-

210 3264 356 3319 tatis
402 3264 700 3332 unitatem,
755 3262 1198 3316 similitudinem
1252 3263 1334 3316 rei
1379 3261 1720 3330 temporalis
1750 3302 1763 3327 ,
1815 3260 1887 3313 de

213 3354 459 3423 sphaera
490 3351 760 3406 videlicet
791 3351 939 3406 solis
981 3352 1344 3419 memorasti,
1380 3349 1646 3404 scientiae
1678 3349 1889 3403 nihilo-

1984 2376 2158 2431 etiam
2196 2378 2252 2429 et
2290 2375 2658 2443 temporibus
2692 2376 3103 2449 subjectisque
3144 2378 3489 2448 plerumque
3520 2377 3649 2432 dis-

1985 2469 2163 2520 cretae
2193 2467 2348 2518 sunt.
2391 2463 2561 2533 Saepe
2605 2465 2759 2518 enim
2804 2465 2930 2520 sole
2962 2467 3204 2536 oriente,
3252 2466 3402 2521 solis
3452 2466 3651 2538 fulgor

1986 2555 2264 2617 cernitur,
2315 2552 2417 2606 ubi
2447 2551 2581 2622 ejus
2630 2554 2865 2607 omnino
2911 2554 3110 2609 nullus
3143 2554 3304 2610 calor
3351 2556 3649 2610 sentitur:

1986 2647 2042 2700 et
2071 2642 2392 2697 meridiano
2421 2646 2685 2711 tempore
2730 2642 2893 2697 calor
2924 2642 3059 2714 ejus
3089 2644 3269 2698 multa
3301 2644 3490 2698 solida
3522 2660 3655 2698 cor-

1987 2749 2128 2803 pora
2158 2734 2443 2802 penetrat,
2478 2731 2536 2784 in
2566 2746 2697 2800 quae
2726 2730 2873 2785 nihil
2905 2748 3157 2801 prorsus
3188 2733 3429 2787 luminis
3459 2734 3654 2788 intrat.

1989 2822 2114 2876 Nec
2145 2820 2368 2874 eisdem
2401 2835 2635 2890 quoque
2672 2820 2956 2875 sensibus
2987 2838 3018 2874 a
3055 2821 3229 2876 nobis
3262 2821 3657 2892 excipiuntur.

1989 2910 2139 2965 Nam
2169 2908 2451 2978 splendor
2488 2908 2643 2975 visu,
2693 2911 2850 2963 tactu
2884 2910 3046 2963 calor
3091 2910 3435 2980 admittitur,
3468 2911 3544 2964 ita
3598 2913 3663 2965 ut

1990 2998 2162 3054 etiam
2219 3013 2327 3067 per
2374 2998 2753 3065 contrarium,
2808 3000 2864 3052 et
2890 2999 3211 3070 pergrandi
3253 2999 3387 3070 quis
3439 2998 3664 3071 frigore

1987 3091 2252 3157 torpens,
2288 3101 2563 3157 magnum
2600 3102 2631 3139 a
2672 3085 2846 3158 longe
2892 3086 3089 3141 lumen
3144 3087 3293 3141 solis
3322 3087 3517 3142 videat
3552 3103 3564 3142 :
3599 3091 3656 3141 et

1988 3176 2268 3230 tenebras
2302 3189 2499 3228 cmcus
2526 3175 2777 3244 patiens,
2814 3174 3008 3230 calore
3040 3174 3175 3246 ejus
3216 3175 3512 3231 interdum
3555 3191 3663 3229 va-

1990 3264 2110 3318 lido
2144 3262 2522 3317 contabescat
2550 3262 2642 3316 vel
2677 3262 3018 3318 hilarescat.

2066 3353 2162 3406 ΙΙΙ.
2199 3352 2401 3423 Longe
2443 3351 2625 3422 igitur
2671 3354 2727 3405 et
2758 3351 2872 3405 ista
2918 3351 3034 3407 duo
3082 3352 3335 3407 invicem
3367 3351 3667 3410 differunt.

215 3442 418 3496 minus
463 3443 573 3494 est.
622 3440 940 3495 Commoda
995 3440 1167 3509 plane
1225 3439 1772 3509 pulcherrimaque,
1832 3441 1889 3492 et
1931 3507 1968 3512 ῳ
1994 3443 2128 3497 Non
2159 3442 2351 3494 autem
2384 3440 2505 3494 Deo
2538 3454 2670 3493 cum
2700 3440 2988 3509 sapientia
3036 3456 3167 3510 sua,
3207 3444 3263 3496 et
3296 3457 3493 3497 amore
3532 3456 3665 3512 suo,

203 3528 653 3601 jucundissima
702 3507 1098 3597 philosophia,
1132 3527 1185 3581 si
1225 3507 1277 3581 ei
1317 3507 1696 3597 perseveras.
1746 3526 1889 3580 Haec
1921 3507 2114 3586 ctam
2158 3528 2359 3600 parva,
2404 3528 2499 3582 vel
2540 3531 2654 3581 tam
2698 3507 3068 3598 discrepans,
3116 3507 3178 3583 ut
3221 3530 3297 3583 ita
3328 3530 3539 3601 dicam,
3578 3507 3673 3585 est

213 3634 474 3688 namque
510 3634 625 3671 non
644 3617 863 3672 terreni
885 3633 993 3671 nec
1030 3617 1304 3685 humana,
1330 3616 1437 3670 sed
1463 3630 1603 3670 vere
1627 3616 1890 3670 caelestis

215 3712 316 3763 est
348 3710 405 3761 et
423 3706 620 3760 divina
641 3722 653 3760 :
680 3706 808 3760 haec
835 3705 1123 3760 laboranti
1146 3705 1351 3759 suavis
1369 3704 1613 3760 refectio
1628 3707 1738 3770 est,
1758 3706 1895 3775 post

212 3795 489 3850 laborem
538 3794 798 3864 perfecta
844 3793 1144 3848 beatitudo
1187 3795 1298 3861 est,
1342 3808 1517 3863 quam
1546 3793 1696 3847 bene
1746 3792 1895 3846 facis

218 3884 496 3938 studiose
516 3883 858 3953 quaerendo,
880 3898 1012 3953 quae
1039 3885 1095 3936 et
1115 3881 1412 3951 aperietur
1430 3881 1731 3936 indefessa
1761 3881 1895 3952 pul-

221 3972 439 4028 sando.
472 3971 750 4026 Gaudeas
794 3972 977 4043 igitur
1019 3987 1165 4042 ergo
1197 3971 1478 4026 exercitio
1523 3977 1580 4025 et
1611 3971 1898 4041 profectui

222 4064 354 4129 tuo,
377 4075 508 4130 quae
539 4059 853 4130 aliquando
886 4059 941 4113 si
979 4059 1231 4113 voluerit
1261 4059 1547 4113 Dominus
1576 4060 1635 4112 in
1664 4059 1897 4131 longio-

220 4164 359 4203 rem
392 4148 843 4218 disputationem
876 4147 946 4201 de
976 4147 1072 4201 his
1103 4145 1377 4201 conferre
1410 4148 1627 4219 cogito,
1652 4163 1724 4202 ne
1746 4163 1901 4217 quae-

224 4238 461 4293 stiones
495 4243 626 4290 tuas
656 4234 944 4304 differam,
979 4239 1195 4306 quanta
1243 4236 1410 4290 valeo
1440 4236 1726 4291 brevitate
1765 4252 1897 4291 suc-

225 4327 426 4381 cincte
455 4325 816 4394 respondeo.

305 4415 379 4468 Ιῐ.
412 4413 477 4468 In
518 4414 615 4467 illa
663 4414 856 4484 itaque
901 4413 1156 4483 sphaerae
1187 4413 1406 4468 solaris
1458 4413 1785 4480 collatione,
1830 4414 1902 4468 de

224 4519 350 4575 qua
398 4502 505 4557 tibi
552 4502 805 4572 primum
844 4502 1197 4572 responderi
1237 4502 1537 4573 ﬂagitasti,
1591 4502 1904 4574 diligenter

225 4592 493 4649 observa
522 4591 594 4646 ad
625 4592 737 4646 hoc
758 4591 914 4644 illam
936 4591 1155 4659 valere,
1177 4593 1239 4645 ut
1255 4590 1409 4645 sicut
1427 4591 1683 4661 sphaera,
1708 4593 1903 4660 splen-

227 4682 367 4751 dor,
401 4684 457 4736 et
487 4680 668 4748 color,
698 4696 815 4734 non
843 4683 991 4749 tres,
1017 4680 1123 4734 sed
1149 4696 1326 4733 unum
1359 4680 1669 4750 proferunt
1691 4681 1899 4750 solem,

1996 3619 2193 3675 unitas
2219 3634 2230 3671 :
2257 3633 2366 3671 nec
2390 3616 2675 3685 sapientia
2695 3621 2751 3670 et
2770 3632 2934 3670 amor
2950 3617 3056 3671 Dei
3079 3618 3270 3688 ipsius
3292 3619 3507 3674 divinat
3529 3619 3672 3674 sub-

1998 3707 2229 3763 stantiae
2251 3705 2563 3776 qualitates
2587 3708 2744 3759 sunt.
2775 3705 2981 3776 Neque
3000 3706 3136 3761 item
3171 3708 3284 3761 ista
3306 3707 3422 3763 duo
3457 3709 3672 3763 tantis-

1997 3811 2107 3866 per
2136 3795 2208 3847 ab
2241 3794 2492 3846 invxcem
2525 3790 2818 3847 differunt.
2851 3793 2954 3846 Illa
2985 3795 3200 3864 quippe
3226 3812 3381 3873 unus
3411 3797 3502 3851 sol
3535 3812 3678 3868 quo-

2000 3880 2309 3937 dammodo
2342 3880 2638 3948 dicuntur,
2672 3880 2809 3950 quia
2840 3881 2899 3934 in
2930 3882 3056 3936 sole
3091 3899 3206 3938 uno
3240 3900 3439 3939 coaeva
3474 3885 3577 3954 illi,
3613 3890 3671 3941 et

2000 3969 2421 4040 inseparabilia
2452 3970 2590 4021 sunt
2624 3984 2635 4021 :
2671 3984 2787 4022 non
2819 3972 3013 4023 autem
3042 3970 3300 4040 idipsum
3343 3973 3501 4043 quod
3534 3978 3673 4029 sunt

2001 4076 2107 4129 per
2135 4074 2203 4113 se
2235 4056 2493 4126 singula,
2535 4056 2606 4109 ad
2640 4056 2893 4110 invicem
2932 4073 3112 4113 unum
3150 4062 3326 4129 sunt;
3368 4062 3671 4132 quoniam,

2005 4150 2066 4201 ut
2085 4134 2432 4217 praedictum
2453 4148 2564 4213 est,
2591 4145 3062 4200 substantialiter
3092 4147 3164 4200 ab
3188 4148 3439 4202 invicem
3483 4150 3679 4204 omnia

2004 4234 2298 4290 differunt.
2332 4236 2405 4288 At
2448 4234 2637 4297 Pater,
2691 4236 2747 4287 et
2783 4234 3065 4302 Verbum,
3117 4238 3174 4289 et
3216 4235 3493 4306 Spiritus,
3547 4238 3678 4294 sive

2007 4324 2185 4379 Pater
2216 4326 2273 4377 et
2299 4323 2594 4393 Sapientia
2626 4324 2683 4376 et
2703 4321 2903 4389 Amor,
2943 4323 3021 4377 ita
3051 4324 3110 4377 in
3142 4340 3258 4379 uno
3298 4325 3442 4393 Deo,
3476 4327 3569 4382 vel
3600 4327 3681 4382 ita

2006 4430 2164 4468 unus
2212 4413 2372 4467 Deus
2413 4414 2583 4478 sunt,
2636 4414 2700 4465 ut
2746 4427 2927 4465 unum
2967 4413 3039 4467 ad
3090 4413 3342 4468 invicem
3385 4415 3516 4470 sine
3562 4417 3682 4471 ulla

2009 4501 2284 4556 distantia
2318 4500 2415 4569 sit,
2447 4500 2731 4570 quidquid
2762 4515 2871 4569 per
2900 4517 2967 4555 se
3014 4502 3249 4574 singula
3279 4504 3685 4559 essentialiter

2012 4593 2169 4646 sunt.
2224 4590 2305 4643 De
2349 4590 2521 4643 Patre
2571 4591 2628 4644 et
2675 4589 2822 4644 Filio
2869 4590 2959 4644 sic
3002 4591 3188 4646 habes
3240 4592 3300 4646 in
3357 4592 3682 4665 Evangelia

2015 4679 2327 4733 Dominum
2357 4681 2625 4731 nostrum
2648 4677 2938 4733 dicentem
2965 4695 2976 4732 :
3001 4679 3133 4749 Ego
3153 4696 3279 4734 sum
3300 4682 3363 4736 in
3387 4682 3594 4750 Patre,
3625 4685 3687 4737 et

222 4770 316 4825 ita
351 4770 410 4823 in
438 4770 631 4839 Patre,
673 4772 728 4823 et
762 4768 1076 4838 Sapientia,
1110 4773 1166 4823 et
1196 4768 1415 4823 Amore
1448 4770 1755 4841 utriusque
1788 4786 1903 4823 non
1932 4763 1986 4824 D
2021 4769 2206 4822 Pater
2230 4768 2293 4821 in
2323 4782 2433 4820 me.
2456 4766 2560 4820 Et:
2591 4765 2701 4831 Qui
2730 4767 2889 4822 ridet
2910 4783 3022 4837 me,
3050 4768 3211 4823 videt
3227 4775 3285 4824 et
3301 4769 3682 4825 Patrem.Et:

226 4866 365 4916 tres
387 4859 562 4928 Deos,
578 4933 581 4935 _
601 4858 709 4913 sed
726 4858 958 4911 unicam
975 4857 1199 4912 sentias
1217 4858 1510 4913 deitatem.
1543 4858 1611 4911 Et
1634 4860 1794 4915 sicut
1811 4858 1901 4913 sol

225 4963 416 5021 quem
464 4948 635 5002 mittit
678 4946 1054 5017 splendorem
1109 4946 1225 5001 sibi
1281 4946 1459 5000 habet
1514 4947 1750 5001 omnino
1814 4963 1911 5002 co-

228 5052 459 5107 aevum,
477 5037 553 5090 ita
570 5037 729 5090 Deus
749 5036 922 5090 Pater
941 5036 1056 5090 sibi
1077 5050 1329 5105 prorsus
1351 5034 1526 5089 habet
1545 5050 1717 5105 quem
1741 5035 1813 5089 de
1845 5051 1910 5089 se

226 5128 489 5200 generat
506 5124 713 5179 Filium
738 5128 1115 5179 coaeternum.
1146 5123 1294 5177 Illud
1316 5139 1459 5177 sane
1483 5123 1618 5178 volo
1658 5123 1911 5178 sollicite

227 5214 534 5284 attendas,
564 5214 916 5284 longissime
948 5214 1114 5266 aliter
1143 5212 1451 5282 utriusque
1485 5216 1660 5282 atque
1694 5214 1754 5266 in
1784 5212 1910 5267 sole

228 5308 360 5373 est,
395 5304 550 5357 illam
579 5303 769 5373 ipsam
804 5318 1051 5357 summae
1081 5301 1402 5356 divinitatis
1425 5301 1755 5356 consistere
1786 5300 1911 5355 uni-

222 5396 442 5450 tatem.
477 5391 542 5445 ln
572 5390 699 5445 sole
730 5390 947 5461 quippe
977 5392 1033 5443 et
1074 5388 1271 5459 fulgor
1298 5392 1353 5443 et
1386 5389 1570 5455 calor,
1606 5388 1916 5459 qualitates

230 5483 406 5543 sunt,
465 5479 556 5534 sol
609 5493 751 5533 vero
782 5478 911 5547 ipse
946 5478 1277 5532 substantia
1312 5480 1422 5545 est,
1472 5481 1646 5547 atque
1695 5477 1918 5531 idcirco

228 5586 367 5628 non
384 5568 639 5639 idipsum
663 5570 755 5622 est
776 5566 888 5633 sol,
909 5567 1062 5637 quad
1087 5565 1183 5620 illa
1211 5566 1325 5619 duo
1349 5565 1575 5636 reliqua
1599 5567 1757 5619 sunt.
1801 5564 1919 5619 Sed

230 5661 302 5716 et
317 5658 467 5728 ipsae
482 5657 794 5728 qualitates
809 5654 1275 5710 substantialiter
1287 5654 1358 5707 ab
1373 5651 1919 5707 invicemdifferunt-

230 5746 394 5827 quin
422 5748 481 5802 et
510 5745 749 5802 diversa
779 5743 1087 5801 facientes.
1121 5743 1273 5801 Nam
1318 5741 1582 5799 lucidum
1610 5741 1913 5816 splendor,

2017 4857 2149 4929 Ego
2177 4862 2237 4911 et
2267 4855 2457 4909 Pater
2487 4872 2657 4909 unum
2687 4872 2905 4910 sumus.
2951 4856 3082 4910 Non
3110 4859 3266 4912 enim
3306 4859 3481 4912 Pater
3511 4858 3689 4914 habet

2021 4961 2093 5000 ex
2121 4944 2234 4999 alio
2264 4943 2476 4998 Filium
2525 4960 2698 5014 quam
2732 4960 2806 4999 ex
2838 4959 2924 4998 se.
2968 4946 3175 5017 Neque
3207 4947 3361 5001 enim
3393 4951 3526 5002 ante
3558 4964 3688 5002 om-

2020 5049 2155 5088 nem
2185 5035 2514 5088 creaturam
2547 5032 2701 5086 aliud
2735 5034 3048 5103 quidquam
3084 5039 3228 5089 erat.
3257 5035 3463 5090 Omnia
3494 5039 3691 5091 autem

2022 5138 2154 5193 quae
2171 5120 2324 5175 facta
2342 5124 2499 5187 sunt,
2521 5122 2676 5175 sicut
2698 5122 2981 5190 scriptum
3004 5126 3115 5191 est,
3136 5139 3242 5194 per
3262 5125 3458 5193 ipsum
3477 5123 3691 5179 Filium

2023 5211 2171 5264 facta
2206 5213 2381 5279 sunt;
2432 5210 2485 5264 si
2514 5210 2695 5281 igitur
2728 5212 2919 5265 omnia
2956 5207 3126 5281 facta,
3168 5229 3274 5282 per
3310 5213 3507 5284 ipsum
3539 5214 3694 5269 facta

2022 5302 2161 5354 sunt
2190 5314 2380 5369 neque
2405 5298 2534 5368 ipse
2582 5299 2772 5353 factus
2817 5303 2928 5369 est,
2963 5317 3152 5371 neque
3183 5317 3258 5355 ex
3285 5302 3397 5355 alia
3436 5318 3523 5372 re,
3558 5319 3692 5357 cum

2021 5387 2165 5442 nihil
2188 5387 2343 5441 aliud
2368 5390 2559 5451 esset;
2587 5387 2692 5441 sed
2716 5388 2785 5442 de
2820 5404 2887 5442 se
2908 5389 3082 5443 Pater
3098 5393 3231 5444 ante
3253 5391 3447 5444 omnia
3485 5391 3694 5464 genuit

2021 5477 2237 5546 ipsum.
2276 5475 2338 5529 Si
2370 5479 2560 5529 autem
2603 5491 2675 5530 ex
2700 5477 3033 5532 substantia
3064 5477 3258 5532 Patris
3291 5483 3465 5534 natus
3487 5482 3579 5534 est
3608 5477 3698 5531 Fi-

2021 5564 2160 5633 lius,
2185 5564 2460 5635 quoniam
2496 5565 2555 5617 in
2578 5564 2910 5620 substantia
2938 5566 3033 5620 illa
3056 5566 3215 5621 nulla
3246 5583 3386 5638 pars
3423 5569 3515 5621 est
3538 5568 3695 5635 (nam

2023 5654 2275 5725 primum
2294 5651 2649 5723 principium
2670 5652 3128 5724 incompositum
3152 5658 3261 5721 est,
3296 5671 3405 5710 nec
3424 5654 3699 5725 componi

2025 5742 2262 5799 omnino
2283 5740 2465 5814 novit,
2500 5740 2638 5817 quia
2659 5742 2853 5801 omnia
2872 5742 3003 5818 ipse
3034 5742 3409 5818 composuit),
3427 5743 3563 5800 item
3588 5758 3699 5805 nec
