4084 6186
486 404 640 468 1503

1423 401 1911 465 GUITMUNDI
1952 398 2481 463 ARCHIEPISC.
2528 401 2955 465 AVERSANI

3758 399 3909 461 1504

450 603 513 656 in
543 602 692 658 Filio
725 617 863 673 pars
898 604 1010 672 est,
1056 600 1201 655 nihil
1234 601 1389 654 enim
1418 599 1551 670 ejus
1583 601 1701 654 nisi
1729 616 1804 654 ex
1841 600 2031 668 Patre,
2066 603 2121 653 et
2149 580 2200 632 Α
2229 599 2429 654 lumen
2461 601 2531 655 de
2562 601 2802 655 lumine.
2838 599 2955 654 Sed
2985 598 3121 670 quia
3151 614 3257 669 per
3290 597 3501 651 Filium
3544 596 3903 651 infirmatum

449 692 510 747 in
542 693 713 746 Patre
745 694 875 759 est;
908 707 981 745 ex
1008 690 1204 744 Patris
1234 705 1412 759 porro
1445 687 1558 759 (11)
1605 690 1824 743 unitate
1868 705 2120 758 prorsus

452 781 756 835 individua
791 782 847 835 et
868 795 1165 850 nunquam
1190 780 1503 850 geminata,
1537 778 1788 847 partium
1823 777 2125 847 pluralita-

450 873 567 923 tem
590 869 810 923 habere
833 885 950 923 non
972 871 1184 938 potest.
1211 867 1299 920 Ex
1318 870 1437 921 toto
1462 867 1643 937 igitur
1659 869 1842 934 totus,
1867 881 1975 919 nec
2000 883 2126 919 ma-

449 957 550 1029 jor
572 958 630 1010 in
653 958 871 1028 aliquo,
896 974 1004 1011 nec
1034 958 1249 1022 minor,
1277 956 1427 1009 idem
1453 955 1523 1009 de
1548 956 1754 1009 eodem
1784 955 1844 1008 in
1866 954 2130 1009 essentia

455 1049 626 1100 natus
649 1050 758 1100 est.
776 1046 837 1100 Si
860 1048 1015 1099 enim
1034 1048 1261 1114 partem
1275 1060 1391 1098 non
1413 1044 1607 1111 habet,
1630 1060 1764 1097 eum
1785 1058 1856 1097 ex
1880 1043 1979 1097 illo
2002 1042 2130 1096 etin

453 1134 553 1189 illo
576 1138 633 1188 et
650 1133 1089 1204 jamindividuo
1113 1134 1210 1198 sit,
1233 1116 1566 1186 nullatenus
1591 1130 1960 1185 differt.Nam
1984 1132 2035 1185 si
2057 1131 2129 1184 de

452 1223 552 1276 illo
584 1226 694 1287 est,
716 1222 935 1292 aliquid
962 1221 1094 1291 ejus
1115 1222 1172 1274 in
1190 1237 1256 1275 se
1270 1221 1465 1289 habet,
1490 1221 1581 1273 vel
1604 1220 1800 1289 potius
1823 1219 2043 1290 aliquid
2076 1232 2128 1284 si

452 1310 588 1381 ejus
620 1311 750 1380 ipse
782 1314 891 1364 est.
925 1311 1110 1364 Porro
1142 1310 1196 1363 si
1237 1309 1458 1379 aliquid
1504 1309 1638 1378 ejus
1670 1312 1832 1378 parte
1872 1308 2128 1361 carentis

457 1398 634 1453 habet
658 1398 751 1453 vel
773 1402 883 1467 est,
906 1402 1087 1453 totum
1108 1399 1273 1451 illum
1290 1398 1348 1451 in
1367 1414 1432 1451 se
1450 1398 1648 1467 potius
1672 1397 1869 1465 habet,
1895 1396 1987 1450 vel
2014 1411 2131 1449 ma-

455 1489 573 1559 gis,
606 1490 790 1541 totum
821 1487 980 1558 quod
1012 1489 1102 1541 est
1130 1488 1248 1556 ille,
1287 1487 1414 1556 ipse
1446 1490 1557 1540 est.
1591 1486 1653 1539 Si
1679 1502 1820 1540 vero
1845 1485 1934 1539 sic
1971 1485 2129 1538 illam

456 1576 648 1646 ipsam
705 1576 902 1628 Patris
951 1575 1272 1629 essentiam
1332 1576 1390 1627 in
1440 1590 1505 1629 se
1554 1577 1731 1628 totam
1772 1574 1966 1642 habet,
2015 1573 2128 1625 im-

455 1666 610 1718 mota
640 1663 738 1716 illa
786 1664 1047 1717 essentia
1080 1663 1206 1732 ipse
1247 1666 1358 1729 est,
1394 1678 1527 1716 cum
1564 1664 1621 1716 et
1658 1662 1849 1732 ipsius
1897 1661 2128 1730 simpli-

456 1754 605 1807 citas
634 1752 937 1805 individua
968 1755 1193 1821 partem
1225 1751 1523 1819 nesciens,
1557 1751 2017 1804 additamentum
2044 1765 2129 1804 re-

451 1844 620 1897 cuset
652 1857 664 1895 :
699 1841 758 1894 in
786 1841 946 1894 nullo
1004 1856 1258 1910 prorsus
1310 1840 1710 1894 essentialiter
1739 1837 1951 1893 differt.
1986 1838 2129 1892 Item

451 1930 635 2001 igitur
669 1930 903 1983 omnino
944 1929 1015 1983 ad
1046 1929 1365 1983 essentiam
1397 1928 1681 1999 quidquid
1713 1931 1805 1982 est
1834 1928 2027 1996 Pater,
2073 1931 2130 1981 et

458 2017 643 2071 Filius
676 2020 786 2071 est.

524 2106 619 2159 IV.
647 2105 865 2159 Eadem
885 2105 993 2159 tibi
1028 2106 1255 2159 ratione
1279 2105 1349 2159 de
1385 2107 1590 2159 saneto
1634 2119 1868 2175 quoque
1904 2104 2127 2175 Spiritu

459 2194 728 2249 satisfiat.
755 2193 864 2258 Qui
891 2195 1045 2248 enim
1076 2195 1205 2248 sine
1234 2197 1397 2263 parte
1420 2193 1491 2247 de
1510 2193 1813 2247 individua
1836 2197 1931 2265 est
1950 2194 2125 2247 subs-

459 2284 639 2338 tantia
680 2283 896 2350 Patris,
938 2299 1049 2337 una
1078 2286 1134 2337 et
1164 2283 1367 2337 eadem
1402 2298 1532 2337 cum
1583 2283 1759 2336 Patre
1796 2282 2128 2336 substantia

454 2374 576 2437 est;
615 2374 671 2425 et
688 2371 788 2441 qui
809 2374 973 2440 parte
1006 2386 1221 2425 carens
1255 2370 1326 2424 de
1356 2370 1659 2447 individua
1677 2372 1768 2423 est
1799 2368 2128 2423 substantia

461 2459 606 2525 Filii;
659 2475 772 2513 una
818 2463 874 2513 et
925 2460 1128 2513 eadem
1180 2475 1313 2513 cum
1344 2459 1491 2513 Filio
1536 2458 1868 2512 substantia
1897 2460 2009 2512 est.
2059 2458 2128 2511 Et

455 2563 588 2602 cum
616 2565 648 2601 a
684 2548 853 2601 Patre
878 2548 1052 2600 simul
1088 2549 1364 2617 procedat
1388 2551 1443 2601 et
1465 2547 1634 2615 Filio,
1658 2563 1774 2601 non
1812 2546 1943 2601 duae
1989 2549 2127 2600 sunt

456 2637 900 2707 processiones,
923 2636 1025 2689 sed
1053 2652 1164 2689 una
1187 2637 1517 2706 processio,
1543 2651 1652 2689 nec
1674 2636 1788 2689 duo
1812 2638 1951 2689 sunt
1990 2634 2126 2704 Spi-

449 2726 604 2780 ritus
636 2725 846 2792 sancti,
882 2726 988 2779 sed
1022 2741 1176 2778 unus
1218 2725 1472 2794 Spiritus
1504 2728 1772 2778 sanctus.
1815 2723 1960 2788 Quia
1992 2738 2126 2777 cum

454 2830 565 2868 nec
595 2813 726 2867 loco
775 2813 984 2882 divisa,
1035 2829 1143 2867 nec
1193 2817 1477 2882 tempore,
1513 2829 1627 2866 una
1676 2812 1752 2866 sit
1783 2827 2033 2882 prorsus
2069 2815 2126 2866 et

452 2902 660 2957 eadem
707 2901 899 2955 Patris
933 2905 989 2956 et
1035 2901 1167 2955 Filii
1195 2902 1545 2971 substantia,
1579 2902 1834 2971 Spiritus
1883 2904 2126 2955 sanctus

453 2990 629 3045 simul
661 2990 733 3044 ab
766 2993 1015 3061 utroque
1052 2990 1404 3059 procedens,
1455 2990 1661 3044 eodem
1690 2991 1821 3059 ipso
1862 2990 2021 3060 quod
2051 2990 2123 3043 ab

452 3095 571 3134 uno
591 3079 877 3148 procedit,
899 3079 1076 3133 simul
1100 3079 1253 3133 idem
1296 3079 1563 3148 procedit
1581 3080 1653 3133 ab
1678 3079 1880 3133 altero.
1908 3079 2033 3133 Hoc
2066 3080 2126 3131 in

455 3167 781 3240 Evangelio
827 3168 1137 3222 Dominum
1196 3168 1503 3223 docentem
1551 3168 1806 3235 attendo,
1858 3168 1959 3221 ubi
1997 3168 2124 3222 ait:

460 3255 601 3309 Cum
630 3256 865 3309 venerit
897 3254 1251 3309 Paracletus
1281 3271 1447 3327 quem
1494 3271 1602 3326 ego
1631 3256 1859 3308 mittam
1896 3254 2064 3310 vobis
2094 3271 2125 3309 a

450 3344 662 3399 Patre.
697 3344 825 3416 Ego
851 3344 1072 3397 mittam
1092 3360 1123 3397 a
1152 3344 1325 3398 Patre
1348 3344 1514 3413 dixit;
1544 3359 1610 3398 ac
1634 3345 1685 3398 si
1716 3344 1939 3398 diceret
1963 3360 1974 3398 :
1998 3344 2127 3398 Una

456 3436 547 3487 est
579 3432 712 3503 ejus
744 3433 1058 3503 processio
1109 3448 1140 3485 a
1172 3447 1265 3486 me
1309 3435 1363 3486 et
1393 3433 1584 3486 Patre.
1627 3432 1699 3486 Et
1739 3434 1909 3501 paulo
1942 3437 2077 3502 post
2111 3448 2123 3487 :

451 3520 562 3575 Ille
595 3537 705 3588 me,
743 3521 950 3591 inquit,
986 3519 1366 3608 clariﬁeabit,
1402 3520 1533 3591 quia
1584 3521 1657 3575 de
1687 3536 1814 3576 meo
1851 3522 2127 3608 accipiet,

453 3613 511 3663 et
544 3608 919 3662 annuntiabit
956 3607 1143 3661 vobis.
1182 3607 1385 3661 Omnia
1419 3625 1767 3681 quaecunque
1799 3611 1976 3665 habet
2011 3607 2122 3665 Paé

457 3701 571 3765 ter,
600 3711 728 3749 mea
752 3701 925 3761 sunt;
950 3701 1271 3767 propterea
1290 3697 1420 3751 dixi
1451 3699 1581 3769 quia
1613 3699 1686 3753 de
1707 3715 1835 3753 meo
1852 3700 2121 3771 accipiet,

455 3791 516 3839 et
548 3783 925 3838 annuntiabit
962 3784 1148 3839 vobis.
1182 3785 1242 3839 Id
1275 3788 1366 3839 est
1396 3787 1725 3841 substantia
1746 3804 1920 3859 quam
1951 3788 2126 3844 habet

456 3874 648 3937 Pater,
684 3875 739 3927 et
771 3889 898 3927 mea
928 3889 1043 3926 una
1076 3877 1166 3928 est
1194 3889 1208 3944 ;
1251 3877 1560 3945 propterea
1594 3876 1694 3946 qui
1725 3893 1799 3930 ex
1829 3876 2003 3931 nobis
2035 3880 2127 3932 est

457 3961 717 4032 Spiritus
753 3966 1018 4032 sanctus,
1055 3980 1184 4018 cum
1219 3965 1290 4019 de
1318 3965 1492 4020 Patre
1516 3969 1627 4036 est,
1652 3966 1843 4028 deme
1875 3970 1986 4021 est.
2020 3966 2127 4022 Est

455 4051 637 4123 igitur
678 4051 933 4121 Spiritus
979 4056 1222 4107 sanctus
1273 4070 1385 4108 una
1422 4054 1745 4126 eademque
1795 4055 2127 4110 substantia

456 4156 588 4195 cum
636 4141 809 4194 Patre
853 4145 908 4195 et
951 4141 1134 4211 Filio;
1185 4145 1280 4197 est
1322 4158 1477 4197 unus
1521 4143 1853 4214 utriusque,
1894 4159 2127 4215 unaque

454 4228 727 4299 ejusdem
758 4228 830 4282 ab
862 4231 1110 4299 utroque
1131 4231 1461 4300 processio.
1485 4229 1852 4301 Quapropter
1867 4231 1977 4285 tria
1999 4232 2129 4286 haec

452 4318 533 4372 ita
565 4318 624 4371 in
653 4333 770 4372 uno
802 4317 945 4387 Deo,
978 4317 1073 4372 vel
1096 4318 1171 4372 ita
1201 4335 1356 4374 unus
1380 4319 1540 4374 Deus
1571 4323 1728 4386 sunt,
1764 4323 1826 4374 ut
1854 4336 2032 4374 unum
2054 4323 2127 4376 ad

452 4407 711 4461 invicem
755 4407 886 4461 sine
938 4406 1058 4460 ulla
1105 4406 1381 4462 distantia
1431 4408 1529 4478 sit,
1579 4408 1861 4480 quidquid
1907 4424 2013 4479 per
2058 4425 2126 4465 se

456 4494 694 4566 singula
723 4495 1119 4549 essentialiter
1148 4498 1304 4550 sunt.

528 4584 597 4637 V.
622 4583 879 4638 Proinde
914 4583 1070 4654 quod
1107 4584 1395 4653 sapientia
1415 4584 1509 4639 vel
1550 4585 1737 4641 virtus
1766 4587 1960 4641 Patris
1992 4587 2130 4642 dici-

454 4675 554 4727 tur
578 4671 786 4741 Filius,
811 4672 1089 4742 quoniam
1112 4688 1321 4743 sapere
1354 4674 1445 4728 vel
1478 4690 1657 4743 posse
1693 4675 2012 4730 essentiale
2044 4675 2130 4730 illi

458 4764 573 4831 est,
606 4776 723 4816 non
743 4761 994 4831 qualitas
1032 4761 1296 4814 creditur
1318 4763 1534 4828 Patris,
1568 4779 1680 4833 qua
1708 4765 1881 4819 Pater
1914 4765 2127 4835 qualis,

459 4850 702 4920 sapiens
737 4848 1013 4903 videlicet
1062 4849 1274 4902 dicitur
1302 4854 1358 4903 et
1395 4850 1586 4919 fortis,
1622 4852 1727 4905 sed
1752 4854 1845 4905 est
1874 4852 2133 4921 perfecta

459 4937 748 5008 sapientia
785 4951 893 4991 sua
932 4937 1196 4992 etvirtus
1215 4954 1342 5007 sua,
1371 4938 1667 5009 singulas,
1692 4942 1754 4993 ut
1774 4941 1851 4992 ita
1883 4940 2133 4995 dixerim

455 5026 660 5093 Pater;
688 5026 951 5097 perfecta
980 5026 1271 5096 sapientia
1288 5028 1344 5080 et
1367 5027 1576 5095 virtus,
1603 5029 1878 5099 singulus
1907 5028 2129 5099 Filius;

456 5114 719 5184 perfecta
750 5114 1037 5185 sapientia
1069 5119 1123 5169 et
1159 5115 1372 5183 virtus,
1412 5115 1688 5187 singulus
1716 5118 1969 5185 Spiritus
2003 5135 2133 5172 san-

460 5206 591 5258 ctus
627 5219 639 5258 :
673 5208 729 5258 et
753 5204 931 5258 simul
963 5220 1079 5259 non
1106 5207 1229 5257 tres
1263 5204 1588 5275 sapientiae,
1615 5208 1712 5258 aut
1734 5206 2001 5275 virtutes,
2025 5208 2131 5262 sed

459 5307 574 5346 una
613 5292 920 5362 sapientia,
960 5297 1015 5347 et
1038 5308 1151 5347 una
1187 5292 1377 5346 virtus
1408 5296 1650 5362 :estque
1693 5292 1876 5349 Filius
1898 5296 2130 5365 sapien-

458 5379 539 5434 tia
582 5378 679 5455 de»
713 5381 1001 5450 sapientia
1046 5381 1242 5450 Patre,
1306 5382 1495 5435 virtus
1533 5382 1603 5436 de
1644 5382 1858 5437 virtute
1905 5384 2078 5438 Patre
2113 5402 2125 5440 :

462 5467 617 5523 sicut
634 5470 894 5523 essentia
916 5471 986 5524 de
1015 5470 1296 5540 essentia,
1320 5470 1437 5525 vita
1458 5471 1530 5527 de
1551 5472 1687 5542 vita,
1710 5472 1869 5527 Deus
1891 5472 1962 5527 de
1985 5473 2127 5545 Deo,

532 5682 649 5755 (11)
677 5680 779 5764 E_’x
808 5681 1023 5737 Patris
1045 5697 1251 5763 porro.
1292 5681 1567 5764 Ediderat
1594 5685 1889 5764 Acherius
1925 5701 1936 5740 :
1972 5686 2129 5742 nulla

455 5770 604 5829 pars
634 5758 727 5810 est
757 5773 775 5810 :
809 5768 940 5809 nam
964 5758 1222 5826 primum
1247 5770 1343 5826 pr.
1376 5758 1492 5811 inc.
1526 5763 1620 5811 est
1650 5776 1668 5812 :
1697 5773 1827 5813 nec.
1871 5798 1885 5813 .
1930 5798 1944 5813 .
1991 5800 2004 5815 .
2049 5800 2062 5816 .
2110 5800 2125 5817 .

2232 687 2292 741 in
2333 705 2509 743 carne
2541 693 2597 743 et
2625 689 2973 743 stultistiam
3017 689 3217 742 crucis
3251 686 3383 757 ejus
3415 702 3524 741 nos
3556 686 3798 753 inﬁrmi,
3853 690 3908 740 et

2235 778 2417 846 stulti,
2454 778 2639 832 fortes
2672 781 2728 832 et
2759 778 3046 847 sapientia
3073 777 3209 830 facti
3232 792 3477 846 sumus;
3505 779 3560 830 et
3592 776 3682 829 sic
3716 776 3907 829 factus

2236 869 2327 919 est
2357 866 2531 920 nobis
2562 868 2690 937 ipse
2723 883 2754 919 a
2786 867 2907 921 Deo
2939 866 3245 935 sapientia,
3268 864 3536 935 etgvirtus
3567 868 3625 918 et
3648 863 3906 934 justitia,

2234 957 2297 1007 ut
2323 970 2429 1023 per
2458 956 2650 1024 ipsius
2699 955 3091 1009 infirmitatem
3141 960 3197 1008 et
3225 959 3468 1009 mortem
3513 952 3825 1023 justificati
3857 959 3911 1006 et

2236 1044 2623 1111 corroborati,
2656 1044 2727 1097 ad
2759 1045 3242 1115 cognsscendum
3274 1059 3384 1113 per
3412 1043 3604 1112 ipsum
3635 1042 3907 1111 quando-

2235 1147 2347 1201 que
2370 1132 2601 1185 Patrem
2633 1133 3122 1186 convalescamus
3148 1151 3162 1197 ;
3198 1133 3326 1186 ideo
3359 1132 3513 1186 enim
3539 1130 3707 1201 juste
3735 1130 3909 1199 quasi

2236 1220 2572 1288 specialiter
2602 1221 2706 1274 Dei
2728 1220 3040 1292 justitiam,
3065 1224 3238 1291 atque
3270 1223 3546 1274 virtutem
3578 1224 3634 1273 et
3664 1219 3908 1288 sapien-

2233 1308 2370 1361 tiam
2401 1310 2766 1363 confitemur.

2306 1396 2402 1450 V'I.
2437 1396 2576 1450 Item
2610 1396 2865 1467 Spiritus
2899 1402 3143 1452 sanctus
3176 1413 3307 1450 cum
3348 1397 3541 1451 Patris
3576 1401 3631 1449 et
3662 1396 3800 1450 Filii
3831 1397 3912 1449 di-

2235 1484 2387 1538 citur
2416 1485 2692 1561 charitas,
2741 1486 2832 1539 vel
2865 1502 3051 1556 amor,
3086 1488 3182 1539 aut
3204 1487 3498 1554 voluntas,
3524 1501 3641 1539 non
3682 1485 3909 1539 idcirco

2235 1573 2542 1628 amborum
2589 1574 2841 1644 qualitas
2893 1575 3168 1642 creditur,
3219 1573 3394 1643 cujus
3439 1576 3626 1645 gratia
3673 1575 3909 1645 utrique

2234 1662 2464 1732 quales,
2514 1665 2779 1717 amantes
2828 1663 3103 1717 videlicet
3149 1664 3287 1731 sint,
3318 1666 3417 1716 aut
3468 1663 3765 1728 volentes,
3814 1666 3911 1716 aut

2235 1752 2392 1803 certe
2425 1751 2787 1820 spirituales,
2838 1752 2944 1804 sed
2977 1766 3111 1804 cum
3152 1751 3269 1805 sint
3299 1751 3473 1804 etiam
3517 1751 3749 1822 singuli
3786 1752 3908 1820 spi-

2232 1839 2382 1891 ritus
2440 1841 2899 1911 sanetusi(nam
2955 1843 3011 1892 et
3062 1840 3237 1893 Pater
3276 1842 3367 1892 est
3424 1840 3700 1909 spiritus,
3759 1840 3909 1893 sicut

2233 1927 2520 1996 scriptum
2550 1931 2641 1981 est
2674 1944 2685 1981 :
2722 1928 2883 1983 Deus
2915 1934 3006 1982 est
3036 1929 3288 1999 spiritus
3319 1944 3333 1982 :
3372 1930 3428 1981 et
3458 1927 3645 1981 Filius
3691 1943 3907 1981 secun-

2233 2014 2369 2067 dum
2400 2015 2784 2085 divinitatem)
2819 2017 3112 2086 spiritus),
3146 2020 3203 2070 et
3235 2018 3404 2071 Pater
3436 2019 3707 2081 sanctus,
3743 2019 3798 2071 et
3828 2015 3911 2069 Fi-

2158 2078 2203 2133 Β
2232 2103 2347 2157 lius
2379 2109 2643 2173 sanctus,
2679 2108 2735 2158 et
2764 2121 2880 2159 non
2918 2108 3040 2159 tres
3070 2104 3323 2174 Spiritus
3358 2106 3569 2171 sancti,
3606 2106 3713 2159 sed
3758 2120 3903 2159 unus

2231 2190 2491 2260 Spiritus
2514 2196 2779 2247 sanctus.
2811 2193 3036 2247 Etcum
3069 2194 3289 2265 singuli
3314 2193 3434 2246 sint
3463 2194 3755 2260 charitas,
3775 2194 3905 2263 quia

2232 2278 2393 2333 Dens
2422 2280 2691 2334 charitas
2723 2285 2833 2350 est,
2885 2285 2941 2336 et
2975 2282 3196 2353 singuli
3247 2296 3411 2335 amor
3460 2284 3561 2334 aut
3610 2281 3903 2349 voluntas,

2232 2383 2341 2421 nec
2376 2370 2567 2422 tamen
2602 2371 2722 2424 tres
2748 2369 3091 2439 charitates,
3126 2371 3217 2423 vel
3238 2385 3496 2437 amores,
3531 2370 3630 2423 vel
3655 2370 3911 2423 volunta-

2233 2460 2346 2525 tes,
2382 2458 2487 2511 sed
2509 2474 2623 2511 una
2653 2458 2933 2527 charitas,
2960 2475 3117 2512 unus
3146 2474 3333 2523 amor,
3364 2475 3481 2513 una
3512 2458 3820 2512 voluntas.
3852 2458 3911 2509 [l—

2234 2544 2355 2599 lum
2387 2550 2579 2601 tamen
2602 2547 2703 2617 qui
2733 2563 2804 2601 ex
2834 2547 3007 2601 Patre
3029 2548 3294 2617 procedit
3314 2552 3371 2602 et
3398 2547 3571 2615 Filio,
3602 2547 3912 2618 quasipro-

2236 2634 2362 2703 prie
2388 2634 2666 2703 Spiritum
2693 2638 2981 2704 sanctum,
3010 2636 3104 2690 vel
3128 2637 3597 2705 charitatem,vel
3627 2651 3909 2704 amorem,

2235 2723 2331 2776 vel
2360 2724 2719 2777 voluntatem
2761 2724 2955 2779 Patris
2988 2728 3044 2779 et
3076 2723 3206 2778 Filii
3248 2726 3535 2789 dicimus;
3572 2730 3636 2779 ut
3666 2742 3781 2795 per
3808 2725 3910 2777 hoc

2237 2811 2394 2880 quod
2425 2813 2582 2866 velut
2618 2828 2792 2866 suum
2822 2813 2999 2867 habet
3027 2814 3089 2866 in
3118 2815 3375 2883 nomine,
3407 2815 3568 2884 quod
3602 2828 3913 2868 commune

2235 2902 2328 2952 est
2357 2899 2431 2953 iis
2453 2915 2529 2954 ex
2556 2901 2773 2971 quibus
2803 2904 2895 2955 est
2919 2901 2977 2955 id
2994 2901 3342 2973 designetur
3362 2902 3916 2973 aliquatenus,!quia

2237 2987 2367 3056 ipse
2400 2988 2471 3043 ab
2502 2991 2753 3060 utroque
2785 2990 3072 3060 existens,
3109 2992 3440 3045 communis
3469 2994 3586 3059 est,
3613 2991 3915 3045 consubs-

2235 3076 2514 3147 tantialis,
2547 3082 2603 3141 et
2629 3094 2821 3133 nexus
2854 3079 3183 3133 amborum.

2310 3164 2434 3219 VII.
2468 3165 2551 3220 Ita
2578 3182 2711 3220 cum
2741 3171 2798 3220 et
2826 3168 3003 3221 Pater
3047 3169 3305 3223 essentia
3334 3171 3391 3222 et
3418 3168 3790 3237 principium
3822 3169 3914 3234 sit,

2240 3254 2297 3307 et
2326 3252 2513 3309 Filius
2532 3271 2700 3326 aeque
2731 3257 2992 3311 essentia
3035 3261 3093 3311 et
3121 3258 3472 3326 principium
3502 3258 3604 3324 sit,
3657 3256 3916 3326 Spiritus

2240 3357 2475 3413 quoque
2508 3347 2752 3399 sanctus
2775 3345 3158 3400 nihilominus
3182 3346 3442 3400 essentia
3472 3350 3531 3400 et
3557 3345 3914 3415 principium

2241 3431 2337 3498 sit,
2372 3446 2479 3485 nec
2509 3435 2631 3487 tres
2664 3435 2966 3504 essentiae,
2998 3437 3098 3488 aut
3146 3435 3257 3487 tria
3288 3434 3602 3503 principia,
3652 3434 3767 3487 sed
3810 3448 3913 3486 una

2240 3520 2501 3573 essentia
2532 3524 2589 3574 et
2617 3537 2796 3575 unum
2827 3523 3216 3593 principium;
3248 3524 3321 3577 de
3355 3524 3523 3577 Patre
3556 3527 3764 3576 tamen
3793 3523 3913 3576 haec

2242 3610 2413 3678 quasi
2444 3610 2678 3679 proprie
2711 3610 2983 3679 dicimus,
3017 3613 3078 3663 ut
3106 3625 3215 3680 per
3246 3610 3358 3665 hoc
3388 3613 3749 3665 noverimus
3787 3612 3913 3681 quia

2242 3696 2370 3766 ipse
2392 3698 2472 3751 ita
2502 3700 2614 3768 est,
2648 3701 2711 3752 ut
2741 3699 2817 3753 sit
2848 3716 2921 3753 ex
2953 3714 3019 3753 se
3053 3716 3064 3753 :
3097 3703 3152 3753 et
3185 3699 3273 3753 sic
3302 3699 3665 3769 principium
3700 3710 3812 3766 est,
3854 3703 3915 3752 ut

2241 3801 2359 3840 non
2410 3803 2482 3840 ex
2510 3787 2623 3840 alio
2680 3787 2759 3841 sit
2812 3787 3119 3858 principio,
3169 3790 3391 3841 tantum
3420 3804 3496 3842 ex
3527 3804 3623 3855 se,
3676 3794 3908 3843 caetera

2240 3890 2385 3929 vero
2407 3891 2681 3945 personae
2704 3890 2780 3930 ex
2807 3876 2957 3945 ipso.
2984 3877 3131 3930 Nam
3154 3876 3341 3931 Filius
3362 3877 3655 3947 quidquid
3679 3878 3911 3931 omnino

2241 3968 2352 4032 est,
2389 3979 2506 4018 non
2536 3980 2610 4018 ex
2638 3980 2726 4034 se,
2747 3965 2854 4019 sed
2886 3981 2961 4019 ex
2989 3966 3196 4034 Patre;
3230 3966 3366 4019 item
3383 3964 3648 4035 Spiritus
3672 3970 3913 4019 sanctus

2239 4067 2357 4106 non
2386 4068 2459 4107 ex
2493 4069 2581 4121 se,
2617 4054 2723 4108 sed
2754 4054 3040 4125 quidquid
3081 4054 3318 4108 omnino
3347 4058 3459 4122 est,
3490 4069 3566 4108 ex
3618 4056 3799 4109 Patre
3828 4053 3915 4107 Fi-

2240 4141 2438 4211 lioque
2470 4145 2583 4197 est.
2635 4142 2751 4197 Sed
2797 4141 2899 4214 [et]
2930 4146 2993 4197 ut
3025 4159 3100 4197 ex
3128 4142 3275 4197 Filio
3294 4144 3607 4213 °procedat
3636 4144 3913 4214 Spiritus,

2241 4245 2274 4283 a
2306 4230 2475 4285 Patre
2506 4232 2619 4287 hoc
2650 4232 2827 4287 habet
2856 4232 3065 4287 Filius.
3097 4232 3244 4286 Nam
3295 4233 3349 4285 si
3392 4232 3689 4302 quidquid
3724 4234 3912 4296 habet,

2241 4334 2315 4372 ex
2346 4319 2515 4374 Patre
2545 4321 2632 4374 illi
2660 4325 2782 4391 est;
2833 4324 2890 4376 et
2918 4322 2977 4375 id
3023 4337 3097 4375 ex
3132 4321 3305 4374 Patre
3359 4322 3698 4391 nascendo,
3745 4322 3914 4376 habet

2239 4423 2274 4461 a
2304 4409 2494 4480 Patre,
2542 4413 2604 4464 ut
2649 4425 2723 4464 ex
2749 4410 2880 4480 ipso
2921 4410 3000 4464 sit
3044 4409 3319 4480 Spiritus.
3371 4409 3636 4480 Spiritus
3680 4425 3915 4482 quoque

2160 4523 2209 4577 D
2241 4502 2484 4554 sanctus
2505 4499 2876 4569 procedendo
2898 4514 2934 4552 a
2955 4499 3147 4567 Patre,
3167 4499 3240 4553 ab
3263 4499 3392 4569 ipso
3414 4498 3596 4553 habet
3610 4503 3678 4554 ut
3698 4516 3776 4555 ex
3793 4502 3913 4570 ipso

2237 4588 2314 4642 ita
2342 4589 2437 4657 sit,
2471 4594 2534 4641 ut
2575 4588 2753 4643 simul
2787 4588 2961 4642 etiam
3013 4588 3229 4643 existat
3272 4604 3345 4642 ex
3390 4587 3564 4642 Filio.
3609 4588 3697 4643 Ita
3743 4590 3918 4661 igitur

2240 4680 2377 4732 sunt
2399 4676 2634 4749 singula
2653 4677 2932 4747 omnium,
2953 4680 3010 4731 et
3046 4678 3240 4731 omnia
3271 4676 3671 4748 singulorum,
3700 4684 3762 4733 et
3796 4694 3915 4732 om-

2237 4767 2333 4819 nia
2356 4783 2569 4836 unum;
2608 4769 2772 4821 certo
2798 4769 3015 4837 tamen,
3039 4771 3102 4821 ut
3135 4767 3279 4835 dixi,
3316 4766 3567 4820 rationis
3600 4769 3911 4837 mysterio,

2238 4854 2507 4924 quasdam
2531 4856 2701 4926 quasi
2731 4858 2971 4926 prOprie
2998 4856 3070 4911 de
3092 4857 3266 4909 Patre
3288 4855 3586 4923 dicuntur,
3613 4859 3679 4908 ut
3710 4871 3917 4909 essen-

2238 4944 2373 4997 tiale
2421 4945 2813 5014 principium;
2868 4945 3139 5017 qurrdam
3189 4945 3261 4999 de
3319 4944 3489 5013 Filio,
3549 4947 3618 4997 ut
3653 4944 3913 5013 justitia,

2236 5031 2448 5099 virtus,
2484 5033 2798 5103 sapientia;
2833 5034 3102 5104 quaedam
3131 5034 3203 5087 de
3233 5032 3455 5101 Spiritu
3486 5036 3724 5100 sancto,
3760 5032 3919 5085 velut

2239 5119 2351 5174 hoc
2383 5122 2537 5191 quod
2566 5122 2820 5192 Spiritus
2849 5126 3091 5177 sanctus
3128 5122 3360 5189 dicitur,
3404 5121 3561 5190 quod
3604 5136 3777 5175 amOr
3821 5119 3913 5173 vel

2239 5210 2519 5279 charitas,
2554 5212 2650 5266 vel
2681 5213 2951 5266 voluntas
2981 5212 3174 5266 Patris
3192 5210 3261 5265 'et
3309 5211 3439 5264 Filii
3487 5213 3867 5278 nuncupatur
3898 5225 3912 5260 :

2238 5302 2528 5369 quatenus
2576 5315 2681 5369 per
2723 5300 2854 5369 hoc,
2907 5301 3062 5354 sicut
3101 5300 3318 5353 dictum
3342 5298 3467 5369 :est,
3515 5313 3629 5351 non
3661 5312 3742 5351 ex
3774 5297 3914 5364 alio,

2239 5387 2345 5442 sed
2376 5404 2452 5442 ex
2481 5404 2547 5442 se
2571 5404 2709 5444 esse
2741 5389 3004 5454 Patrem;
3038 5404 3144 5458 per
3161 5388 3367 5441 Filium
3388 5402 3528 5440 vero
3560 5401 3672 5440 nos
3692 5384 3915 5457 justiﬁ-

2238 5482 2421 5548 catos,
2439 5478 2624 5533 fortes
2646 5478 2971 5550 doctosque
2992 5493 3131 5532 esse
3152 5492 3221 5531 ac
3244 5475 3479 5531 futuros
3493 5490 3652 5533 esse;
3677 5491 3713 5529 e
3741 5475 3914 5528 Patre

2234 5691 2258 5745 i
2298 5706 2364 5745 se
2395 5705 2516 5746 com
2559 5691 2733 5746 osuit.
2765 5691 2911 5746 Item
2942 5706 3050 5747 nec
3082 5733 3095 5745 .
3132 5730 3146 5745 .
3182 5732 3196 5745 .
3234 5733 3247 5746 .
3282 5696 3341 5748 et
3386 5690 3449 5746 in
3484 5689 3671 5747 Patre
3711 5694 3805 5747 est
3833 5702 3913 5745 ex

2234 5708 2463 5818 Igatris.
2494 5708 2694 5818 βω·νο
2726 5764 2971 5818 unitate.
3005 5766 3116 5818 etc.

2290 5761 2463 5820 atris.
2494 5761 2694 5819 Porro
2726 5764 2971 5835 unitate,
3005 5766 3116 5819 etc.
