4084 6186
153 273 312 337 1505

152 476 346 527 autem
375 476 430 527 et
461 473 608 528 Filio
640 473 918 542 Spiritum
949 477 1219 530 sanctum
1267 477 1654 531 communiter
1680 494 1819 548 pro-

160 562 371 616 cedere
400 562 823 633 intelligamus.

225 651 373 704 VIII.
405 650 568 705 Sicut
590 652 770 722 igitur
790 652 848 705 in
862 653 1121 706 essentia
1145 653 1639 723 majestatisidem
1652 659 1809 726 sunt,

153 755 284 793 cum
315 755 423 792 nec
455 740 571 793 loci
607 745 702 793 aut
736 741 1021 810 temporis
1050 742 1364 796 interstitio
1395 743 1808 815 sejungantur,

151 843 259 881 nec
277 832 395 881 tres
427 844 670 883 numero
694 830 992 898 potentiae,
1015 830 1122 883 sed
1141 846 1252 883 una
1272 832 1525 900 potentia
1542 850 1556 896 ;
1573 837 1633 886 ut
1656 849 1810 887 unus

149 920 425 986 Operator
473 917 590 969 sint
645 916 779 986 (12),
837 919 916 971 ita
946 919 1089 972 etin
1136 920 1493 988 operationis
1536 919 1807 976 effectum

148 1004 441 1072 differunt,
484 1005 620 1075 quia
664 1005 949 1060 Dominus
991 998 1195 1061 noster
1215 1008 1361 1061 dixit
1394 1024 1405 1061 :
1441 1010 1809 1082 Quaecunque

149 1094 304 1147 enim
339 1094 530 1148 Pater
566 1094 732 1163 facit,
766 1095 891 1149 [nec
923 1102 981 1150 et
1010 1096 1204 1150 Itilius
1231 1097 1518 1150 similiter
1552 1099 1718 1168 facit,
1753 1103 1809 1153 et

147 1198 263 1236 non
318 1183 430 1236 alia
485 1183 623 1253 quia
661 1199 776 1237 non
806 1186 999 1253 potest
1042 1184 1228 1238 Filius
1259 1202 1291 1237 a
1324 1201 1389 1238 se
1422 1185 1620 1240 facere
1651 1188 1812 1257 quid-

145 1286 341 1340 quam,
359 1271 473 1324 nisi
496 1273 651 1342 quod
673 1272 883 1328 viderit
899 1273 1130 1327 Patrem
1154 1273 1483 1330 facientem.
1499 1275 1658 1329 Idem
1672 1292 1808 1330 oon-

147 1364 468 1430 sequenter
496 1361 566 1414 de
580 1360 800 1430 Spiritu
823 1363 1134 1432 utriusque
1156 1362 1527 1417 sentiendum
1542 1364 1811 1418 estNam

144 1449 255 1503 etsi
280 1449 573 1503 hominem
599 1450 767 1504 solus
792 1450 978 1504 Filius
1012 1451 1217 1519 induit,
1250 1452 1448 1520 ipsum
1478 1455 1673 1507 tamen
1704 1454 1807 1508 ho-

144 1538 359 1591 minem
409 1542 581 1608 atque
610 1539 1034 1593 incarnationis
1073 1541 1423 1610 mysterium
1461 1543 1576 1595 tota
1610 1541 1807 1596 Triui-

141 1630 233 1680 tas
266 1626 424 1694 fecit,
456 1629 571 1680 tota
622 1642 756 1680 eum
787 1627 1042 1681 Trinitas
1084 1629 1155 1682 ad
1199 1631 1444 1683 mortem
1478 1630 1654 1699 dedit,
1688 1634 1807 1685 tota

141 1730 273 1769 eum
298 1715 554 1768 Trinitas
578 1716 976 1783 resuscitavit,
994 1719 1112 1770 tota
1138 1717 1431 1771 exaltavit.
1468 1718 1548 1772 Ita
1569 1735 1805 1789 quoque

1313 275 1723 339 EPISTOLA
1791 280 1898 341 AD
1943 279 2420 346 ERFASTUM.

3416 291 3577 356 1506

1924 482 2016 533 ter
2058 480 2282 552 singuli
2304 487 2465 553 sunt,
2501 485 2890 539 communiter
2919 488 3032 540 dici
3054 488 3125 540 de
3166 489 3464 558 omnibus,
3503 490 3595 544 id-

1928 568 2089 622 circo
2123 571 2522 625 essentialiter
2554 573 2695 641 dixi,
2722 574 2858 643 quia
2880 576 3036 645 quod
3050 576 3333 631 Patcraut
3354 577 3596 633 Genitor

1930 655 2170 725 dicitur,
2228 659 2366 712 item
2399 660 2556 729 quod
2589 660 2775 715 Filius
2809 665 2907 715 aut
2937 663 3215 733 Verbum,
3251 664 3344 719 vel
3401 666 3595 737 imago

1928 745 2296 815 nominatur;
2354 747 2446 800 vel
2478 749 2636 817 quod
2683 749 2937 818 Spiritus
2990 754 3234 805 sanctus
3267 754 3599 821 procedens

1934 832 2258 902 appellatur
2286 850 2404 889 non
2436 838 2768 891 secundum
2797 853 2863 892 se
2894 839 3297 910 intelligendas
3320 843 3598 898 essentiae

1930 921 2037 975 sed
2068 921 2466 977 distinctionis
2498 925 2591 978 vel
2647 925 2949 980 relationis
2996 943 3388 997 personarum
3417 946 3602 984 voca-

1930 1009 2067 1062 bula
2124 1014 2280 1064 sunt.
2321 1010 2610 1066 Caventes
2642 1014 2855 1067 etenim
2888 1015 3249 1070 confundere
3278 1032 3592 1089 personas,

1927 1097 2162 1151 Patrem
2191 1100 2348 1168 quod
2385 1116 2500 1153 non
2532 1116 2605 1154 ex
2636 1101 2748 1156 alio
2782 1102 2859 1155 sit
2885 1103 3382 1173 demonstrantes,
3415 1122 3598 1161 voca—

1924 1200 2058 1240 mus
2082 1186 2409 1258 ingenitum
2436 1205 2450 1257 ;
2475 1193 2531 1243 et
2560 1190 2715 1259 quod
2739 1206 2853 1244 non
2884 1193 3013 1246 sine
3034 1192 3180 1247 Filio
3205 1194 3595 1262 sit,vocamus

1923 1277 1998 1327 et.
2060 1276 2313 1329 Patrem.
2351 1276 2492 1330 ltem
2546 1278 2741 1331 Patris
2772 1278 2871 1332 illa
2896 1282 2953 1333 et
2983 1279 3298 1335 ineﬁ'abilis
3327 1282 3501 1351 visio,
3532 1284 3591 1337 in

1923 1378 2037 1432 qua
2067 1364 2334 1432 seipsum
2364 1366 2537 1419 Pater
2557 1365 2817 1420 intuetur
2845 1371 2902 1421 et
2924 1369 3137 1437 omnia,
3173 1369 3586 1442 splendorille,

1918 1450 2015 1504 illa
2033 1452 2153 1521 lux,
2173 1453 2308 1522 quia
2325 1468 2441 1507 non
2463 1469 2534 1507 ex
2556 1470 2644 1522 se,
2670 1455 2779 1508 sed
2801 1472 2871 1510 ex
2891 1456 3018 1511 solo
3037 1458 3210 1511 Patre
3232 1463 3341 1527 est,
3370 1459 3585 1514 dicitur

1917 1537 2124 1593 Filius.
2149 1539 2219 1593 Et
2249 1541 2523 1611 quoniam
2555 1557 2687 1611 nos,
2721 1546 2784 1597 ut
2812 1560 2919 1613 per
2941 1546 3253 1615 speculum
3281 1553 3337 1600 et
3365 1547 3580 1619 imagi-

1915 1642 2052 1680 nem
2084 1643 2252 1682 suam
2285 1630 2485 1697 (homo
2515 1631 2671 1684 enim
2700 1634 2904 1686 noster
2934 1633 3179 1688 interior
3206 1633 3343 1689 licet
3374 1635 3585 1690 obscu-

1914 1718 2024 1785 ret,
2054 1718 2252 1771 tamen
2288 1718 2391 1772 Dei
2416 1717 2612 1789 imago
2633 1720 2971 1789 est,)Deum
2990 1737 3234 1776 cernere
3264 1723 3574 1792 qualicun-

140 1806 195 1856 et
225 1818 431 1857 vocem
456 1804 633 1870 illam,
658 1820 763 1872 per
792 1821 965 1875 quam
996 1809 1052 1859 et
1082 1807 1249 1860 solus
1303 1807 1471 1860 Pater
1491 1808 1564 1861 ad
1595 1808 1806 1863 Filium
1832 1840 1880 1900 Β
1913 1819 2027 1873 que
2079 1805 2390 1875 aenigmate
2440 1807 2776 1861 valeamus:
2839 1810 3136 1878 quoniam,
3172 1810 3429 1879 inquam,
3465 1826 3574 1866 nos

140 1892 391 1962 loquens
422 1892 698 1946 innotuit:
744 1893 822 1946 Tu
845 1909 929 1958 es,
966 1893 1260 1964 inquiens,
1295 1894 1487 1948 Filius
1516 1912 1681 1950 meus
1710 1897 1804 1951 di-

140 1980 368 2043 lectus;
400 1982 456 2034 et
513 1981 845 2035 columbam
877 1982 1055 2051 illam,
1088 1983 1182 2036 vel
1213 1983 1450 2053 linguas
1480 1984 1710 2055 igneas,
1745 1986 1804 2039 in

140 2069 360 2139 quibus
383 2069 476 2122 vel
506 2086 690 2139 super
718 2070 1029 2124 Dominum
1072 2071 1441 2140 baptizatum,
1497 2073 1587 2126 vel
1622 2089 1804 2143 super

137 2157 269 2211 dies
325 2158 710 2213 Pentecostes
725 2159 981 2228 Spiritus
1001 2164 1245 2212 sanctus
1264 2161 1677 2229 apparuit,tota
1700 2163 1801 2215 uti-

133 2262 251 2316 que
281 2246 538 2300 Trinitas
585 2248 744 2301 t‘ecit.
788 2248 1288 2312 Quemadmodum
1320 2254 1375 2303 et
1407 2250 1501 2303 illa
1535 2268 1651 2304 vox
1680 2251 1804 2304 dis-

133 2334 383 2405 syllaba,
419 2351 549 2406 quae
565 2337 804 2389 etPater
819 2336 1060 2406 dicitur;
1082 2340 1138 2390 et
1159 2354 1277 2391 vox
1301 2338 1798 2409 trissyllaba,quae

136 2424 356 2477 dicitur
387 2423 605 2479 Filius:
644 2429 700 2479 et
757 2425 871 2480 duo
904 2426 1138 2479 nomina
1169 2441 1301 2495 quae
1333 2425 1585 2495 Spiritus
1620 2443 1795 2481 sanc—

131 2515 233 2566 tus
264 2513 652 2583 appellantur,
682 2517 738 2567 et
759 2513 1030 2583 similiter
1045 2514 1173 2567 aliae
1198 2530 1376 2568 voces
1394 2515 1795 2586 quamplures,

132 2602 273 2654 licet
325 2602 742 2671 prOprietatem
793 2600 1164 2672 singularum
1214 2618 1489 2656 seorsum
1522 2604 1799 2658 denotent

125 2692 188 2742 et
214 2690 440 2744 auditui
472 2691 792 2760 praeferant
817 2706 1227 2760 personarum,
1263 2707 1378 2744 non
1407 2695 1602 2746 tamen
1630 2692 1800 2746 aliter

127 2795 308 2847 quam
362 2778 455 2831 illa
507 2779 827 2850 dissyllaba
888 2796 1003 2834 vox
1052 2796 1184 2849 quae
1221 2779 1434 2832 dicitur
1472 2780 1651 2847 Deus,
1684 2783 1803 2835 tota

120 2868 351 2936 pariter
398 2868 747 2939 significans
797 2869 1169 2936 Trinitatem,
1227 2868 1405 2922 totius
1458 2872 1626 2944 certe.
1664 2872 1802 2923 sunt

124 2970 312 3026 opera
332 2956 654 3011 Trinitatis.
684 2955 1049 3029 Quapropter
1067 2956 1263 3024 etsiex
1276 2958 1562 3010 creaturis
1594 2958 1805 3028 aliquas

121 3045 202 3097 ad
258 3045 716 3099 declarationem
760 3045 1137 3117 singulorum
1177 3045 1419 3115 proprie
1447 3047 1802 3116 mysteriave

116 3135 424 3204 pertineat
480 3150 893 3204 personarum,
951 3133 1145 3204 palam
1174 3138 1370 3188 tamen
1401 3137 1493 3188 est
1525 3136 1802 3205 quoniam

118 3224 326 3292 Pater,
363 3226 418 3276 et
450 3222 655 3292 Filius,
703 3228 759 3277 et
808 3222 1064 3292 Spiritus
1097 3226 1344 3277 sanctus
1393 3224 1548 3277 sicut
1592 3240 1702 3278 nec
1744 3225 1802 3276 in

117 3311 483 3380 substantia,
517 3312 595 3364 ita
626 3327 734 3365 nec
757 3311 815 3364 in
845 3311 1040 3382 aliquo
1074 3327 1327 3381 prorsus
1362 3310 1656 3382 cujusque
1713 3313 1801 3366 rei

115 3400 472 3470 operatione
503 3400 876 3453 dissentiunt.
910 3400 1114 3453 Palam
1131 3399 1301 3453 etiam
1326 3402 1381 3453 et
1408 3399 1519 3453 hoc
1550 3403 1642 3454 est
1662 3401 1800 3470 quia

113 3491 183 3542 et
242 3489 500 3556 Patrem,
563 3491 618 3541 ot
678 3486 911 3557 Filium,
970 3492 1027 3541 et
1070 3487 1353 3557 Spiritum
1387 3490 1658 3542 sanctum
1685 3505 1799 3543 non

112 3577 317 3631 variis
351 3577 623 3647 corporis
654 3576 959 3643 sensibus,
987 3577 1094 3630 sed
1129 3592 1241 3629 una
1284 3577 1605 3647 eademque
1635 3593 1801 3647 purae

110 3667 347 3721 mentis
393 3665 779 3736 intelligentia
829 3669 885 3718 et
916 3664 1092 3717 simul
1126 3665 1609 3735 contemplamur,
1646 3666 1803 3720 sicut

108 3773 148 3809 a
189 3754 454 3809 Veritate
488 3755 617 3824 ipsa
657 3753 993 3821 didicimus,
1028 3768 1159 3824 quae
1191 3753 1305 3807 ait:
1348 3752 1457 3817 Qui
1487 3769 1580 3807 me
1618 3754 1796 3822 videt,

116 3844 303 3899 videt
335 3847 395 3897 et
426 3843 692 3897 Patrem.

201 3932 304 3985 ιχ.
340 3932 417 3985 Ut
447 3933 628 4003 igitur
660 3948 734 3985 ex
758 3931 852 3985 his
874 3930 1107 3985 dicendi
1134 3930 1309 3983 finem
1331 3929 1594 3984 breviter
1623 3930 1800 3984 facia-

100 4037 286 4090 mus,
348 4023 622 4091 quoniam
654 4036 740 4075 eae
773 4036 905 4091 quae
958 4021 1017 4073 in
1048 4018 1175 4072 sole
1207 4018 1518 4088 qualitates
1552 4022 1709 4086 sunt,
1745 4021 1802 4073 et

97 4112 196 4164 ab
223 4110 356 4179 ipso
381 4113 437 4162 et
468 4109 539 4163 ab
562 4110 815 4163 invicem
840 4107 1307 4162 substantialiter
1336 4106 1629 4176 differunt,
1662 4122 1798 4176 ope-

94 4199 296 4253 raudi
331 4214 562 4269 quoque
586 4198 810 4271 virtute.
831 4200 886 4250 et
919 4196 1245 4251 secundum
1268 4196 1481 4263 locum,
1507 4198 1562 4249 et
1585 4211 1800 4249 secun-

93 4291 267 4343 dum
300 4291 552 4355 tempus,
587 4287 943 4356 diversaque
976 4284 1247 4354 subjecta
1280 4284 1661 4351 dissentiunt,
1698 4301 1798 4337 va-

95 4378 358 4446 riisque
379 4376 658 4429 sensibus
686 4375 934 4439 haustae,
955 4373 1130 4444 longe
1159 4373 1378 4426 distare
1410 4372 1795 4441 comproban-

90 4471 243 4522 tur.
276 4464 539 4535 Cumque
569 4464 762 4518 Patris
799 4468 854 4516 et
885 4462 1199 4531 Sapientiae
1221 4464 1277 4515 et
1310 4461 1544 4514 Amoris
1576 4476 1689 4513 una
1722 4460 1799 4514 sit

1915 1908 2327 1964 quamcunque
2378 1911 2502 1948 rem
2561 1900 2752 1950 mente
2782 1897 3034 1951 videndo
3066 1898 3195 1952 sive
3228 1900 3386 1968 quod
3416 1903 3576 1954 extra

1912 1996 2025 2034 nos
2058 1983 2306 2051 est,sive
2338 1983 2529 2052 ipsam
2562 1988 2834 2052 mentem,
2859 1985 3173 2039 nobiscum
3193 1988 3578 2055 quodammo-

1913 2068 1986 2122 do
2008 2069 2081 2122 de
2111 2085 2176 2123 re
2206 2085 2381 2140 quam
2413 2072 3037 2143 cernimusloquimur,
3065 2074 3577 2146 eimilliamamque

1912 2154 2046 2226 ejus
2104 2159 2424 2229 imaginem
2483 2160 2676 2214 animo
2727 2160 3201 2231 conformamus;
3244 2163 3319 2216 ita
3353 2168 3413 2217 ut
3443 2180 3578 2218 cum

1915 2246 2295 2313 semetipsam
2343 2263 2511 2300 mens
2555 2251 2757 2301 nostra
2810 2248 3109 2319 intuendo,
3169 2252 3240 2304 de
3299 2267 3365 2304 se
3433 2253 3586 2321 apud

1919 2349 1987 2388 se
2084 2336 2434 2390 sententiam
2524 2338 2788 2391 veritatis
2861 2339 3109 2408 quadam
3206 2340 3584 2395 discussione

1922 2424 2276 2493 parturiens,
2337 2440 2493 2479 veras
2550 2426 2781 2479 tandem
2825 2426 3232 2497 intelligentiae
3262 2428 3453 2481 lucem
3484 2428 3581 2482 de-

1918 2512 2293 2581 prompserit,
2316 2511 2454 2582 jure
2486 2513 2740 2583 idipsum
2791 2515 2926 2568 veri
2962 2515 3300 2570 intellectus
3333 2532 3582 2570 acumen

1919 2604 1976 2653 et
2002 2602 2230 2668 partum
2254 2601 2628 2671 mentis,quia
2652 2618 2807 2656 exse
2830 2602 2942 2656 hoc
2964 2603 3094 2672 ipsa
3125 2604 3436 2674 peperit,et
3451 2620 3582 2659 ver-

1910 2688 2049 2741 bum
2081 2704 2195 2757 quo
2228 2689 2299 2742 de
2323 2705 2389 2742 se
2413 2690 2543 2758 ipsa
2573 2690 2943 2759 disseruit,et
2966 2692 3283 2763 imaginem
3304 2694 3398 2746 vel
3424 2693 3586 2746 simi-

1916 2775 2242 2844 litudinem,
2285 2778 2439 2847 quod
2471 2776 2600 2847 ipsa
2648 2779 2718 2832 de
2751 2780 2846 2832 sui
2877 2781 3367 2850 contemplatione
3397 2781 3580 2835 infor-

1913 2864 2112 2931 mavit,
2145 2864 2316 2918 liceat
2344 2866 2648 2935 appellari.
2674 2866 2862 2920 Simili
2900 2868 3094 2936 modo,
3129 2872 3188 2921 ut
3219 2884 3325 2938 per
3356 2869 3583 2939 ejus,ut

1909 2951 2049 3021 dixi,
2083 2953 2421 3023 imaginem,
2455 2954 2610 3024 quod
2642 2970 2853 3008 sumus
2891 2970 3025 3023 nos,
3053 2956 3238 3010 Deum
3270 2957 3582 3028 qualicun-

1910 3056 2024 3111 que
2055 3041 2369 3112 aenigmate
2400 3042 2728 3112 videamus,
2756 3045 2813 3096 et
2842 3044 2914 3096 de
2937 3045 3362 3112 temporalibus
3383 3047 3438 3100 si
3467 3062 3576 3099 au-

1914 3130 2145 3199 demus,
2176 3130 2293 3184 imo
2341 3131 2477 3200 quia
2534 3131 2610 3183 ita
2652 3131 2828 3185 nobis
2859 3132 3285 3201 temporalibus
3318 3134 3573 3203 expedit,

1908 3218 2439 3289 quomodocuuque
2463 3219 3571 3294 conjiciamusaeterna.Simili,inquam

1910 3306 2084 3359 modo
2105 3305 2458 3360 ineffabilem
2480 3308 2918 3376 illiuspaternaa
2936 3309 3188 3363 visionis
3209 3310 3399 3364 lucem
3422 3327 3579 3365 sem-

1913 3409 2019 3463 per
2047 3394 2118 3448 de
2146 3395 2338 3464 Patre,
2373 3411 2611 3465 semper
2639 3396 2792 3465 apud
2822 3397 3141 3463 Patrem,et
3169 3398 3229 3451 in
3261 3399 3431 3452 Patre
3455 3414 3573 3452 ma-

1914 3485 2168 3551 nentem,
2201 3498 2438 3552 semper
2460 3484 2694 3537 Patrem
2736 3484 3050 3555 videntem,
3088 3486 3346 3540 omnium
3369 3487 3577 3541 condi-

1911 3570 2138 3639 tricem,
2176 3572 2367 3626 Patris
2396 3572 2803 3627 revelatricem
2833 3577 2889 3627 et
2914 3574 3069 3629 idem
3101 3590 3240 3629 esse
3262 3576 3579 3629 cumPatre

1911 3660 2185 3728 quoniam
2219 3661 2290 3714 de
2324 3660 2494 3715 Patre
2522 3663 2759 3723 est.non
2790 3662 2860 3715 de
2885 3662 3089 3731 nihilo,
3122 3666 3179 3716 et
3211 3663 3579 3735 unigenitum

1913 3751 1969 3803 et
1996 3750 2265 3818 verbum,
2300 3753 2355 3802 ct
2396 3749 2735 3820 imaginem,
2791 3751 3352 3822 similitudinemque
3384 3752 3581 3807 Patris

1916 3838 2094 3891 corde
2143 3838 2461 3906 credimus,
2513 3842 2570 3892 et
2596 3842 2770 3907 prout
2798 3839 3134 3893 sufﬁcimus
3184 3841 3475 3894 sentimus
3504 3841 3578 3895 ad

1903 3924 2216 3995 justitiam,
2252 3940 2351 3979 ore
2385 3929 2578 3979 autem
2609 3926 2957 3980 conﬁtemur
2980 3928 3051 3980 ad
3082 3928 3353 3981 salutem.
3388 3928 3579 3998 Spiri-

1912 4016 2033 4067 tum
2064 4030 2204 4068 vero
2225 4016 2493 4069 sanctum
2516 4030 2625 4067 nec
2650 4014 2977 4085 ingenitum
3002 4015 3277 4085 dicimus,
3303 4017 3439 4086 quia
3459 4033 3578 4071 non

1911 4106 2003 4156 est
2032 4103 2103 4156 de
2151 4103 2350 4171 nullo;
2396 4117 2505 4156 nec
2553 4102 2835 4173 genitum,
2869 4102 3007 4172 quia
3035 4118 3153 4157 non
3183 4107 3274 4157 est
3303 4104 3373 4158 de
3408 4104 3577 4159 Patre

1913 4191 2039 4245 solo
2072 4192 2176 4245 sed
2225 4207 2257 4244 a
2285 4193 2455 4245 Patre
2497 4194 2552 4244 et
2586 4190 2733 4244 Filio
2764 4191 3201 4259 procedentem,
3238 4206 3355 4245 non
3384 4196 3578 4247 tamen

1908 4278 1981 4332 ab
2006 4283 2255 4350 utroque
2285 4282 2648 4347 nascentem,
2686 4280 2961 4349 quoniam
2999 4280 3220 4348 pariter
3250 4280 3579 4351 eodemque

1908 4368 2081 4422 modo
2141 4369 2393 4438 Spiritus
2426 4374 2514 4422 est
2546 4369 2874 4437 amborum,
2920 4383 3054 4422 cum
3083 4368 3282 4422 nullus
3314 4384 3573 4440 unquam

1906 4471 2154 4526 quorum
2186 4456 2406 4525 pariter
2437 4455 2761 4525 eodemque
2795 4456 2967 4510 modo
2998 4455 3190 4524 possit
3222 4471 3360 4510 esse
3412 4456 3577 4512 filius

87 4569 383 4627 prorsus
416 4552 737 4623 eademque
767 4550 1097 4606 substantia
1123 4565 1402 4620 ;cumque
1435 4549 1494 4602 in
1525 4550 1613 4602 eis
1635 4550 1796 4603 nulla
1820 4546 1863 4604 D
1905 4547 2157 4613 patrum.
2192 4543 2307 4598 Sed
2329 4558 2439 4597 nec
2470 4542 2718 4596 verbum
2748 4543 3083 4614 utriusque,
3114 4559 3223 4597 nec
3242 4543 3576 4617 imago,nec

86 4660 246 4699 non
295 4642 429 4695 dico
456 4641 712 4707 diversa,
747 4641 854 4694 sed
885 4654 958 4693 ne
991 4639 1104 4693 ulla
1136 4640 1309 4693 ctiam
1340 4638 1612 4709 qualitas,
1650 4637 1796 4691 nihil

84 4747 243 4805 que
301 4730 539 4784 omnino
600 4728 756 4783 aliud
802 4728 918 4782 nisi
976 4744 1089 4781 una
1122 4743 1269 4796 pura
1297 4727 1557 4781 essentia
1583 4726 1792 4780 debeat

85 4818 401 4891 cogitari,
462 4833 594 4871 cum
651 4817 855 4871 eadem
914 4817 1032 4870 sint
1062 4831 1265 4870 eorum
1298 4830 1558 4884 semper,
1592 4817 1647 4868 et
1670 4815 1796 4867 ubi-

79 4924 262 4983 que,
315 4910 371 4960 et
401 4907 460 4960 in
482 4907 757 4960 omnibus
788 4920 986 4975 opera,
1024 4919 1256 4974 unaque
1307 4903 1481 4957 simul
1513 4903 1798 4957 eteadem

77 4996 345 5055 mentis
400 4994 785 5065 intelligentia
842 4998 899 5047 et
947 4992 1419 5063 inseparabiliter
1466 4991 1796 5060 videantur,

74 5083 675 5144 mauisfestissimm
689 5082 936 5137 rationis
955 5082 1171 5136 indicio
1194 5081 1340 5134 satis
1361 5080 1544 5150 liquet
1566 5079 1797 5150 longis-

1908 4633 2231 4686 similitudo
2276 4632 2526 4700 dicitur;
2562 4632 2698 4702 quia
2753 4633 3026 4701 quamvis
3063 4636 3326 4687 amantes
3355 4633 3577 4705 aliquid

1906 4736 2067 4790 saepe
2124 4721 2266 4774 illud
2309 4721 2504 4775 animo
2562 4720 2862 4788 versandi,
2920 4721 3237 4776 nobiscum
3309 4722 3575 4777 dicamus

1907 4812 1964 4864 et
1979 4810 2373 4881 imaginemus
2394 4809 2778 4880 dicentesque
2799 4813 2855 4862 et
2871 4808 3265 4880 imaginantes
3283 4825 3571 4881 amemus,

1906 4898 2103 4952 dicere
2132 4902 2322 4953 tamen
2347 4901 2405 4952 et
2424 4898 2747 4969 imaginare
2779 4899 2838 4951 in
2868 4898 3044 4952 nobis
3061 4899 3295 4968 quidem
3317 4899 3570 4954 visionis

1906 4989 1997 5040 est
2028 4987 2282 5056 pr0prie,
2309 5002 2425 5041 non
2457 4986 3039 5040 amoris.Amandum
3088 4986 3302 5040 etenim
3336 4987 3571 5057 quodli-

1904 5075 2002 5129 bet
2034 5090 2139 5144 per
2168 5076 2660 5129 mentisintuitum
2687 5075 2827 5144 quid
2848 5078 2948 5129 aut
2976 5076 3147 5145 quale
3177 5074 3276 5143 sit,
3309 5075 3404 5128 vel
3426 5091 3569 5144 quo-

1905 5164 2080 5217 modo
2102 5179 2168 5218 se
2199 5164 2430 5233 habeat,
2465 5164 2700 5231 dicitur,
2741 5165 2819 5232 ut,
2852 5162 3093 5218 definito
3123 5162 3258 5231 hoc,
3286 5162 3412 5234 jam
3434 5180 3567 5219 cer-

73 5178 276 5233 sime
291 5172 463 5226 aliter
479 5172 796 5242 veriusque
818 5187 935 5225 non
955 5172 1147 5225 solum
1160 5185 1333 5240 quam
1348 5169 1407 5222 in
1425 5169 1550 5222 sole
1570 5166 1797 5237 est,sed

70 5278 306 5339 quam
343 5261 400 5314 in
432 5260 545 5314 ulla
578 5260 751 5313 etiam
777 5262 1041 5314 creatura
1068 5274 1205 5312 csse
1228 5258 1439 5327 possit,
1462 5256 1617 5309 illam
1636 5271 1797 5310 sum-

64 5368 234 5411 mm
268 5351 447 5419 atque
481 5349 799 5403 individuae
817 5348 1117 5402 Trinitatis
1141 5346 1470 5401 consistere
1492 5345 1792 5397 unitatem.

182 5438 436 5496 X.Sane
456 5454 589 5492 cum
620 5438 911 5492 dixissem
943 5452 1122 5506 supra
1148 5434 1434 5506 quidquid
1463 5432 1796 5503 essentiali-

1902 5253 2022 5305 tius
2052 5256 2297 5306 ametur.

1978 5341 2076 5394 XI.
2110 5340 2226 5395 Sed
2266 5356 2397 5412 quae
2427 5341 2621 5395 nostri
2650 5338 3008 5409 comparatio
3030 5338 3104 5393 ad
3133 5340 3519 5395 aeternitatem
3538 5343 3568 5395 ?

1904 5430 2031 5484 Hoc
2045 5432 2235 5484 autem
2254 5433 2569 5499 propterea
2584 5428 2716 5483 dico
2741 5432 2799 5482 ut
2816 5442 2937 5485 non
2975 5427 3197 5484 carnali
3230 5443 3418 5485 sensu
3434 5444 3568 5486 ver-

171 5700 316 5774 (12)
360 5699 649 5773 Operator
669 5699 813 5756 sint.
845 5698 1039 5772 Forte;
1070 5702 1128 5754 ut
1165 5711 1313 5753 unus
1327 5701 1607 5770 operatur
1630 5705 1789 5755 sunt.
1822 5699 1906 5756 ita
1938 5701 2085 5756 etin
2117 5702 2487 5774 operationis
2518 5699 2737 5761 effectu
2758 5715 2871 5758 non
2902 5699 3212 5761 durarunt.
