4084 6186
431 274 590 340 1507

1383 273 1871 340 GUITMUNDI
1909 270 2424 334 ARCHIEPISC
2460 267 2905 333 AVERSANI.

3699 267 3858 332 1508

437 478 647 532 borum
678 478 1090 548 proprietates,
1119 480 1182 531 ut
1212 477 1270 531 in
1290 476 1484 544 nobis,
1527 476 1603 529 ita
1635 474 1872 529 omnino
1906 474 1963 527 in
2005 473 2100 526 Di-
2129 453 2189 514 Α
2217 469 2794 540 accidentium,quod
2823 469 3023 524 itidem
3054 467 3247 524 absit!
3279 469 3624 524 necessario
3657 470 3889 524 dicere-

440 567 636 621 vinate
686 568 977 636 requiras.
1013 566 1237 636 Quippe
1293 566 1344 619 si
1378 565 1447 618 de
1471 565 1784 618 verborum
1819 563 2102 616 sensibus

442 671 590 726 agas
616 655 677 708 in
703 655 895 709 Patris
928 660 984 709 et
1015 654 1145 708 Filii
1165 655 1436 722 vocibus,
1472 656 1529 708 et
1549 653 1608 705 in
1634 652 1869 705 caeteris
1904 650 2102 704 relati-

443 744 556 812 vis,
581 759 715 797 cum
746 743 817 797 de
848 744 1187 797 hominibus
1209 743 1506 809 dicuntur,
1550 741 1821 811 quaedam
1842 741 2109 808 ipsorum

447 832 770 897 hominum,
789 832 1006 902 quibus
1026 832 1097 885 ad
1120 848 1187 885 se
1208 832 1566 898 referuntur,
1596 829 1952 883 accidentia:
1976 830 2114 881 item

449 921 512 975 in
546 920 869 992 generandi
892 924 948 974 et
990 920 1349 989 procedendi
1401 919 1604 987 verbo,
1640 922 1833 995 actum
1878 917 2116 986 passio-

448 1025 663 1067 nemve
675 1026 807 1063 cum
822 1009 1213 1064 declaratione
1236 1008 1520 1077 temporis
1541 1008 1812 1076 accipere
1829 1007 2113 1060 solemus.

452 1100 765 1154 zEternam
811 1113 988 1167 porro
1038 1098 1479 1168 generationem
1525 1095 1658 1149 Filii
1689 1095 1811 1163 Dei,
1859 1094 2119 1162 Spiritus

453 1188 646 1243 sancti
663 1186 1229 1256 processionem,sic
1252 1186 1640 1252 credimus,ut
1662 1200 1853 1254 neque
1867 1184 1948 1237 ibi
1967 1187 2120 1237 tem-

455 1291 788 1347 pus,neque
820 1278 1013 1329 actum
1046 1275 1410 1346 generantis,
1435 1278 1533 1327 aut
1552 1274 1888 1342 passionem
1915 1271 2118 1343 geniti,

458 1364 554 1418 vel
586 1359 1255 1433 procedentisSpiritus,
1290 1377 1480 1432 neque
1504 1362 1684 1415 ullum
1710 1360 2125 1430 deniqueacci-

457 1453 605 1507 dens
630 1453 844 1506 divinae
867 1452 1069 1505 inesse
1101 1452 1449 1505 substantiae
1475 1450 1818 1503 sentiamus.
1851 1449 1981 1501 Non
2008 1448 2124 1518 igi-

456 1546 555 1595 tur
585 1556 763 1610 supra
795 1540 1239 1594 distinctionum
1270 1541 1362 1593 vel
1394 1539 1739 1592 relationun:
1772 1538 1953 1591 verba
1984 1551 2124 1605 pro-

459 1630 586 1700 prio
619 1629 918 1682 Divinitati
949 1629 1330 1695 conveniunt,
1366 1644 1475 1681 nec
1508 1627 1746 1681 omnino
1786 1628 1845 1679 in
1876 1626 1998 1679 Deo
2029 1639 2126 1677 eo-

461 1719 594 1772 dem
619 1734 804 1771 sensu
838 1733 953 1787 quo
977 1722 1032 1770 et
1065 1718 1122 1770 in
1153 1718 1325 1770 nobis
1367 1717 1706 1786 accipienda
1750 1720 1907 1768 sunt.
1954 1712 2129 1766 Absit

460 1807 617 1861 enim
647 1810 709 1860 ut
739 1807 796 1859 in
824 1811 1042 1860 aeterna
1063 1806 1362 1872 Trinitate,
1399 1821 1513 1858 uno
1547 1805 1675 1859 solo
1711 1804 1851 1871 Deo,
1884 1806 2125 1871 propter

2220 564 2330 615 tur.
2375 560 2540 625 Quod
2571 560 2848 630 quoniam
2885 575 2918 612 a
2947 557 3281 612 Christiana
3300 559 3592 630 religione
3629 575 3888 629 prorsus

2216 648 3005 718 abhorrens,catholicaeque
3023 652 3115 701 est
3141 648 3372 701 veritati
3395 663 3625 701 summe
3656 652 3886 702 contra-

2218 740 2514 807 rium,non
2560 752 2704 808 ergo
2751 737 2811 791 in
2843 736 3222 806 omnipotenti
3264 739 3602 806 aeternaque
3644 742 3707 790 et
3736 737 3891 789 sim-

2219 829 2355 897 plici
2388 827 2690 895 Trinitate,
2715 826 2969 893 salva,ut
2998 825 3217 879 dictum
3249 824 3645 891 est,ineﬂ'abili
3675 824 3894 879 distin—

2221 916 2413 970 ctione
2429 913 3006 985 personarum,illius
3038 912 3360 966 accidentis
3382 912 3771 976 infectio,non
3804 914 3893 967 rei

2223 1005 2459 1059 omnino
2486 1003 2741 1074 alicujus
2772 1002 3046 1056 admistio
3077 1000 3173 1055 vel
3207 1001 3598 1071 interpositio,
3651 1004 3897 1056 nonnisi

2224 1110 2339 1148 una
2397 1093 2545 1162 sola,
2605 1092 2778 1146 unica
2824 1091 3076 1160 sincera,
3130 1091 3188 1144 et
3234 1090 3553 1160 purissima
3600 1091 3897 1145 Divinitas

2224 1184 2579 1253 requiratur.

2295 1272 2450 1325 XIV.
2482 1270 2768 1341 Quisquis
2799 1285 2942 1324 sane
2982 1270 3113 1323 hinc
3148 1268 3283 1324 fidei
3315 1269 3897 1338 processibusactus

2226 1365 2398 1431 prout
2420 1360 2677 1430 desuper
2703 1359 2895 1428 datur,
2919 1360 3040 1413 Deo
3067 1360 3191 1430 jam
3214 1376 3369 1413 nunc
3391 1374 3495 1429 pro
3515 1359 3745 1412 meritis
3760 1357 3901 1411 ﬁdei

2231 1448 2881 1517 retribuente,interiori
2903 1450 3076 1502 etiam
3107 1448 3360 1519 quodam
3389 1448 3904 1518 praedulcissimo-

2229 1555 2343 1609 que
2374 1539 2671 1609 igneoque
2692 1540 2748 1591 et
2768 1536 3170 1607 inexplicabili
3188 1538 3401 1592 mentis
3417 1536 3682 1607 attigerit
3696 1538 3902 1606 gustu,

2222 1627 2348 1698 jam
2380 1627 2753 1697 aliquatenus
2784 1630 2847 1680 ut
2876 1626 3052 1680 homo
3067 1626 3253 1679 Deum
3278 1641 3453 1679 suum
3470 1624 3763 1689 sentiens,
3782 1640 3903 1676 ma-

2233 1731 2351 1786 gno
2385 1731 2517 1769 cum
2554 1717 2812 1769 tremore
2854 1715 3125 1786 gaudeat,
3173 1717 3230 1768 et
3268 1730 3400 1768 cum
3431 1729 3651 1784 magno
3683 1712 3904 1783 gaudio

2236 1805 2670 1859 contremiscat.
2703 1804 2788 1857 Ita
2814 1806 3009 1857 tamen
3035 1803 3321 1872 epuletur,
3349 1805 3412 1857 ut
3440 1818 3558 1856 non
3584 1801 3711 1873 jam
3745 1802 3806 1853 in
3835 1817 3906 1854 eo

462 1895 780 1949 verborum
803 1900 1141 1949 nostrorum
1175 1896 1504 1965 angustias,
1539 1896 1671 1947 ante
1686 1907 1920 1949 omnem
1952 1906 2122 1943 crea-
2153 1882 2206 1944 Β
2235 1893 2826 1964 remanendumquod
2848 1893 3293 1963 invenerit;sed
3309 1897 3369 1947 ut
3391 1892 3505 1945 sibi
3522 1890 3910 1962 largiusape-

465 1987 657 2037 turam
706 1983 943 2053 aliquod
1002 1983 1300 2050 accidens,
1360 1987 1457 2035 aut
1486 1982 1662 2035 ullam
1711 1981 1947 2034 omnino
1976 1995 2126 2048 rem,

466 2071 832 2140 propter(13)
868 2071 1203 2139 simplicem
1228 2071 1598 2123 Divinitatem
1629 2070 1818 2124 fuisse
1841 2070 2130 2122 dicamus.

472 2160 649 2214 Nulla
698 2160 914 2229 quippe
964 2164 1235 2213 creatura
1287 2160 1607 2230 quamlibet
1666 2158 1943 2228 perfecta,
1979 2162 2033 2210 ot
2063 2157 2135 2210 ad

468 2249 794 2318 imaginem
831 2249 935 2301 Dei
967 2248 1768 2317 factn,plenissimam,utest,
1803 2246 2137 2316 exprimere

466 2337 563 2391 vel
621 2337 988 2406 aequiparare
1049 2337 1489 2390 similitudinem
1520 2336 1803 2405 praevalet
1834 2335 2133 2401 Crzetoris,

471 2427 691 2481 nedum
739 2440 807 2479 ea
866 2441 999 2495 quae
1056 2442 1203 2494 pene
1234 2426 1377 2479 nihil
1426 2430 1564 2479 sunt
1596 2425 1924 2479 mortalium
1958 2424 2137 2477 verba

470 2515 648 2583 illam,
710 2530 843 2583 quae
882 2530 1062 2583 supra
1094 2530 1325 2568 omnem
1358 2517 1642 2567 creatura
1694 2514 1885 2567 omnis
1918 2513 2139 2582 cogita-

468 2607 593 2657 tum
623 2600 904 2655 ineffabili
934 2602 1279 2671 prazeminet
1310 2602 1572 2668 veritate,
1609 2606 1874 2654 naturam
1908 2599 2136 2652 Divini-

470 2692 605 2745 tatis
635 2692 929 2760 explicare
963 2690 1288 2743 sufficeret.

546 2779 677 2833 XII.
714 2779 846 2833 Non
880 2779 1064 2850 igitur
1101 2779 1228 2832 haec
1258 2779 1329 2833 de
1364 2779 1482 2831 Deo
1514 2778 1737 2831 idcirco
1765 2777 2039 2843 dicimus,
2077 2780 2138 2830 ut

475 2868 536 2922 id
563 2869 734 2937 plane
764 2867 921 2937 quod
950 2868 1031 2921 ibi
1062 2872 1154 2921 est
1186 2867 1684 2936 explicemus,sed
1716 2865 2136 2936 qualibuscun-

477 2972 593 3028 que
636 2961 830 3011 tamen
851 2961 1025 3026 prout
1071 2972 1393 3025 possumus
1442 2955 1643 3009 verbis
1676 2957 1931 3026 agimus,
1967 2970 2037 3007 ne
2081 2954 2136 3007 id

478 3046 637 3116 quod
669 3062 743 3100 ex
798 3046 979 3100 verbo
1012 3045 1335 3099 Salvatoris
1368 3045 1698 3098 certissime
1731 3044 2051 3106 credimus;
2087 3046 2143 3097 et

477 3135 635 3206 quod
686 3135 784 3187 vix
832 3134 1259 3204 quantumlibet
1299 3137 1593 3187 attenuato
1637 3134 1869 3202 spiritu,
1902 3132 2141 3186 Christo

480 3222 774 3294 adjutore,
808 3239 912 3292 per
941 3224 1251 3293 aenigmata
1286 3226 1659 3293 praegustare
1691 3222 1978 3288 valemus,
2014 3236 2141 3274 om-

2236 1983 2440 2050 riatur,
2464 1981 2573 2052 'pie
2605 1997 2842 2051 semper
2871 1981 3214 2051 quaerendo,
3246 1979 3645 2053 desiderando
3660 1982 3718 2031 et
3735 1993 3910 2031 oran-

2237 2073 2309 2126 do
2367 2071 2621 2125 validius
2661 2071 2876 2140 pulset.
2907 2069 3203 2140 Scriptum
3224 2073 3313 2122 est
3351 2068 3547 2122 enim:
3585 2067 3733 2121 Cum
3760 2083 3908 2121 con-

2237 2159 2626 2214 summaverit
2647 2159 2834 2227 homo,
2863 2165 2999 2212 tunc
3018 2158 3248 2229 incipit.
3266 2157 3335 2211 Et
3368 2158 3616 2211 iterum:
3645 2155 3914 2220 Quaerite

2238 2249 2451 2303 faciem
2484 2248 2612 2317 eius
2641 2264 2895 2318 semper.
2917 2247 3027 2312 Qui
3043 2249 3237 2301 autem
3250 2246 3321 2300 ad
3339 2246 3452 2299 hoc
3470 2244 3781 2298 invalidus
3796 2249 3911 2309 est,

2239 2338 2314 2390 ita
2366 2343 2558 2390 tamen
2590 2351 2729 2390 esse
2777 2353 2893 2391 non
2936 2336 3181 2402 dubitet,
3234 2335 3304 2388 ad
3349 2335 3507 2405 quod
3543 2332 3916 2387 cernendum

2238 2426 2633 2497 postmodum,
2668 2426 2953 2494 patienter
2985 2424 3215 2478 interim
3245 2424 3381 2477 sinu
3413 2423 3553 2476 fidei
3595 2422 3913 2476 nutriatur.

2309 2514 2435 2568 XV.
2477 2515 2666 2568 Porro
2698 2515 2750 2567 si
2781 2514 2916 2583 quis
2948 2512 3290 2567 aaternitatis
3314 2512 3475 2565 malit
3493 2511 3801 2564 violentus
3826 2525 3917 2562 es-

2240 2603 2653 2672 sediscussor,
2696 2618 2807 2656 nec
2837 2602 3008 2655 facile
3040 2603 3226 2655 Deum
3256 2603 3353 2654 aut
3376 2601 3507 2653 sine
3540 2598 3920 2652 numerotri-

2238 2708 2398 2760 num,
2431 2697 2530 2746 aut
2560 2692 2619 2744 in
2640 2691 2917 2761 personis
2942 2691 3071 2744 sine
3101 2690 3576 2759 interpositione,
3596 2688 3699 2740 vel
3733 2686 3921 2740 admi—

2241 2785 2432 2838 stione
2464 2780 2718 2850 alicujus
2750 2781 2837 2835 rei
2867 2780 3228 2848 distinctum,
3275 2782 3373 2831 aut
3404 2777 3536 2831 sine
3567 2777 3923 2830 extensione

2242 2872 2444 2926 credat
2474 2873 2778 2935 aeternum,
2814 2869 2909 2922 vel
2940 2868 3070 2922 sine
3100 2869 3293 2921 locoet
3324 2867 3445 2920 situ
3477 2868 3678 2919 totum
3703 2864 3923 2934 ubique

2243 2962 2620 3030 praesentem,
2648 2959 2746 3012 vel
2777 2958 3013 3011 omnino
3055 2958 3185 3011 sine
3237 2955 3561 3026 quantitate
3610 2968 3922 3024 magnum,

2246 3052 2376 3105 sine
2404 3050 2680 3119 qualitate
2707 3047 2948 3113 bonum,
2983 3046 3113 3099 sine
3148 3047 3330 3112 motu,
3355 3044 3552 3097 omnia
3580 3043 3928 3109 facientem,

2249 3140 2379 3194 sine
2418 3138 2699 3207 passione
2732 3136 2922 3190 omnia
2955 3135 3367 3200 sustinentem,
3424 3132 3559 3186 sine
3609 3132 3929 3200 complexu

2253 3228 2445 3282 omnia
2477 3226 2891 3290 continentem,
2925 3224 3121 3277 audiat
3152 3224 3261 3276 iste
3283 3221 3442 3292 quod
3470 3220 3773 3289 scriptum
3806 3221 3926 3272 est:

480 3312 717 3366 nimodo
764 3313 1153 3381 comprimere
1214 3312 1447 3365 silentio
1499 3311 1826 3364 videamur.
1878 3309 2141 3378 Cumque
2174 3292 2227 3354 Ο
2254 3317 2348 3371 Nc
2380 3316 2694 3388 qumsicris
2723 3331 2848 3385 quae
2877 3312 3584 3379 ullra:esunt;eteaquaa
3609 3307 3770 3361 facta
3798 3309 3928 3360 sunt

480 3399 800 3455 ineﬂ'abilia
834 3405 1128 3470 utcunque
1164 3400 1275 3454 fari
1306 3401 1599 3469 cupimus,
1646 3399 2018 3468 aliquatenus
2040 3412 2145 3466 per

482 3489 612 3543 hinc
634 3491 814 3543 verba
846 3505 963 3543 non
994 3489 1265 3559 equidem
1297 3488 1623 3541 accidentia
1660 3488 1774 3541 ulla
1807 3487 2145 3556 purissimae

484 3578 839 3644 Divinitatis,
865 3578 973 3630 sed
993 3581 1165 3645 prout
1189 3577 1405 3646 eloquii
1438 3577 1676 3630 humani
1696 3576 1855 3629 velut
1873 3575 2147 3646 angustia

486 3665 598 3719 hoc
628 3665 784 3735 quod
806 3681 921 3718 non
952 3668 1042 3718 est
1072 3666 1249 3719 Pater
1278 3680 1351 3718 ex
1377 3666 1489 3718 alio
1512 3679 1620 3734 per
1649 3664 1761 3717 hoc
1793 3664 1948 3734 quod
1984 3665 2146 3734 inge-

490 3754 652 3806 nitus
711 3753 944 3820 dicitur,
1003 3768 1111 3807 nec
1145 3754 1272 3807 sine
1304 3769 1374 3808 eo
1405 3755 1504 3824 qui
1527 3770 1600 3808 ex
1622 3754 1751 3823 ipso
1784 3756 2007 3821 est,per
2037 3753 2147 3805 hoc

488 3841 647 3911 quod
679 3841 851 3895 Pater
876 3845 1154 3910 meatur;
1187 3846 1241 3896 et
1272 3843 1429 3913 quod
1459 3860 1575 3897 non
1613 3843 1690 3895 sit
1736 3842 1920 3896 Filius
1953 3857 2027 3895 ex
2058 3856 2143 3910 se,

489 3945 600 3984 nec
648 3931 725 3984 sit
764 3931 881 3984 nisi
934 3946 966 3983 a
1023 3932 1194 3985 Patre
1244 3947 1350 4001 per
1377 3947 1589 3985 nomen
1624 3930 1791 3984 Filii:
1827 3931 2149 3999 eodemque

489 4018 662 4073 modo
712 4019 866 4089 quod
925 4018 1181 4087 Spiritus
1239 4023 1484 4073 sanctus
1545 4035 1659 4073 non
1714 4034 1787 4072 ex
1818 4032 1905 4086 se,
1939 4016 2044 4070 sed
2078 4032 2152 4070 ex

492 4109 666 4161 Patre
696 4110 751 4161 et
780 4107 929 4161 Eilio
961 4108 1057 4173 sit,
1103 4122 1209 4176 per
1239 4108 1597 4177 procedendi
1632 4106 1967 4174 verbum,ut
1992 4121 2153 4174 pra:-

491 4196 712 4250 dictum
733 4199 843 4264 est,
878 4196 1246 4251 denotamus.

567 4286 719 4339 XIII.
757 4285 968 4338 Procul
1014 4286 1196 4355 igitur
1226 4286 1302 4338 sit
1332 4302 1362 4338 a
1414 4285 1552 4339 filiis
1576 4286 1797 4338 sanctae
1831 4287 1887 4337 et
1918 4284 2157 4338 univer-

495 4374 641 4430 salis
666 4374 952 4428 Ecclesiae
982 4378 1045 4428 ut
1071 4390 1175 4443 pro
1208 4373 1584 4429 distinctione
1604 4389 2162 4444 personarumquaa'

492 4462 762 4517 libetsibi
779 4463 1033 4516 carnalis
1047 4463 1239 4516 anima
1261 4463 1515 4533 alicujus
1534 4462 1617 4517 rei
1634 4463 1727 4515 hic
1742 4462 1898 4515 nulla
1920 4464 2158 4531 penitus

496 4551 812 4605 interstitia
851 4551 1054 4622 ﬁngat.
1090 4552 1238 4605 Nam
1289 4552 1339 4605 si
1372 4553 1482 4605 hoc
1514 4552 1574 4606 in
1605 4554 1823 4606 aeterna
1855 4551 2152 4617 Trinitate,

499 4640 655 4711 quod
685 4638 1450 4703 absitladmitteretur,cum
1481 4645 1615 4694 ante
1652 4656 1849 4693 rerum
1898 4639 2156 4693 omnium

2252 3407 2449 3475 potius
2481 3404 2824 3467 admiretur,
2858 3400 3328 3471 respondeatque
3352 3398 3469 3451 sibi
3518 3413 3640 3467 qua
3670 3395 3928 3465 potentia

2252 3495 2382 3548 haec
2404 3493 2600 3548 omnia
2636 3493 2707 3545 de
2725 3490 2909 3545 nihilo
2931 3490 3297 3559 prodierunt.
3314 3487 3450 3540 Non
3469 3487 3627 3540 enim
3654 3498 3925 3554 suaque

2252 3584 2411 3638 nulla
2442 3585 2583 3636 erat.
2618 3580 2678 3635 Si
2710 3595 2854 3650 ergo
2888 3579 2992 3632 Dei
3015 3577 3305 3648 quomodo
3324 3590 3540 3646 eaquae
3562 3574 3719 3627 nihil
3743 3572 3926 3627 omni—

2254 3690 2329 3727 no
2352 3674 2537 3739 erant,
2576 3670 2682 3723 Dei
2710 3668 3112 3738 praecipientis
3139 3670 3201 3719 ut
3221 3665 3432 3719 ﬁerent
3451 3663 3779 3733 imperium
3799 3676 3929 3731 per-

2255 3760 2617 3816 sensorunt‘?
2648 3759 2763 3812 Aut
2793 3760 2953 3811 certe
2984 3771 3116 3810 eum
3149 3769 3266 3807 non
3297 3768 3436 3807 esse
3468 3756 3523 3805 et
3555 3766 3707 3805 esse
3761 3750 3929 3804 simul

2255 3865 2374 3903 non
2389 3850 2846 3918 potuerunt,quo
2868 3845 3059 3898 medio
3073 3843 3144 3896 de
3166 3843 3350 3896 altero
3372 3840 3442 3893 ad
3465 3839 3727 3892 alterum
3743 3842 3925 3890 trans

2256 3938 2494 3992 ierunt?
2552 3940 2664 3989 Aut
2694 3934 2747 3988 si
2774 3934 3023 3987 forsitan
3062 3932 3133 3985 de
3175 3928 3377 3983 mundi
3403 3927 3708 3996 principio
3759 3940 3931 3995 agere

2229 4026 2468 4091 'renuit,
2501 4024 2636 4094 quia
2670 4022 2919 4076 necdum
2940 4025 3088 4087 erat,
3117 4019 3187 4073 de
3219 4016 3478 4087 singulis
3510 4031 3650 4085 quae
3670 4013 3933 4085 quotidie

2255 4117 2315 4170 in
2346 4117 2618 4184 promptu
2672 4111 2835 4175 ﬁunt,
2894 4112 3123 4178 quierat
3152 4110 3337 4172 ortus,
3377 4106 3709 4169 crementa,
3751 4104 3936 4155 varia-

2256 4202 2862 4271 tiones,defectusque
2895 4193 3415 4265 eorum,quomodo
3445 4195 3545 4245 aut
3576 4208 3693 4244 cur
3712 4192 3829 4245 hoc
3849 4188 3938 4242 vel

2262 4294 2358 4349 illo
2415 4292 2612 4362 potius
2643 4287 2816 4342 modo
2866 4285 3157 4347 eveniant,
3200 4283 3314 4335 alta
3344 4285 3541 4335 mente
3569 4280 3937 4340 consideret,

2261 4382 2427 4448 Quod
2459 4380 2512 4434 si
2542 4380 2689 4433 forte
2739 4377 2799 4430 in
2830 4374 3089 4429 minimis
3139 4370 3439 4426 subtiliter
3463 4367 3937 4440 pervestiganda

2265 4466 3026 4538 succumbit,cognovitque
3043 4461 3446 4530 experimento
3463 4473 3673 4511 veram
3696 4473 3843 4511 esse
3858 4472 3941 4510 sa—

2266 4556 2622 4629 pientissimi
2653 4552 2987 4607 Salomonis
3020 4548 3390 4612 sententiam,
3424 4546 3723 4599 dicentis:
3748 4545 3937 4599 Cunc-

2272 4655 2346 4703 ιω
2360 4662 2463 4702 res
2495 4641 2782 4700 difﬁciles
2804 4656 2930 4712 quae
2946 4640 3009 4693 in
3028 4638 3216 4692 terris
3244 4641 3401 4703 sunt,
3423 4640 3486 4689 et
3504 4650 3640 4705 qum
3670 4634 3739 4687 in
3766 4647 3940 4704 pros-

501 4728 976 4783 constitutionem
1009 4731 1367 4799 sempiterna
1400 4730 1475 4783 sit
1506 4729 1565 4782 in
1596 4729 1716 4783 Deo
1750 4728 1879 4782 haec
1901 4727 2155 4782 Trinitas
2181 4708 2238 4770 D
2261 4743 2437 4810 pacm
2465 4738 2622 4799 sunt,
2656 4708 2993 4785 invenimus
3024 4742 3149 4781 cum
3188 4724 3439 4785 labore;
3493 4738 3628 4793 qua?
3669 4740 3735 4775 ιη
3770 4720 3931 4775 caelis

499 4832 912 4888 personarum,
965 4817 1136 4884 falso,
1179 4818 1332 4887 quod
1369 4818 1575 4871 iterum
1608 4817 1780 4885 absit,
1816 4819 2158 4870 cunctarum

500 4922 701 4961 rerum
747 4908 964 4976 praeter
1012 4922 1077 4960 se
1128 4906 1321 4960 solum
1351 4922 1528 4959 unum
1560 4905 2065 4970 Deumconditrix,
2109 4908 2165 4958 et

501 4996 857 5069 principium
914 4996 1172 5049 Trinitas
1203 4995 1579 5063 crederetur;
1612 5010 1722 5049 nec
1746 4994 1869 5064 jam
1903 4993 2164 5047 Trinitas

500 5087 640 5157 jure
671 5086 779 5141 sed
808 5085 1175 5156 quaternitas
1200 5086 1301 5137 aut
1329 5084 1586 5154 quinitas
1610 5083 1844 5150 melius,
1877 5082 1992 5135 imo
2025 5095 2167 5135 vero

507 5175 759 5244 amplius
784 5173 956 5245 juxta
994 5188 1305 5227 numerum
1336 5188 1535 5227 rerum
1582 5171 2055 5242 interjacentium
2073 5169 2169 5224 vel

583 5312 694 5385 (‘13)
716 5314 995 5388 Propter.
1028 5316 1193 5387 Lego
1221 5319 1470 5392 praeter.

2271 4832 2407 4882 sunt
2439 4825 2569 4895 quis
2592 4818 2857 4887 scit,nisi
2886 4824 2946 4871 tu
2962 4816 3210 4871 dederis
3230 4813 3612 4883 sapientiam,
3640 4817 3705 4864 et
3766 4813 3941 4863 mise—

2270 4917 2364 4970 ris
2419 4916 2682 4967 sanctum
2716 4906 3006 4978 Spiritum
3038 4910 3193 4957 tuum
3208 4901 3281 4956 de
3309 4899 3684 4953 altissimis?
3714 4899 3943 4953 desinat

2272 5002 2548 5076 gigantes
2576 4994 2873 5069 protervia
2895 4992 3109 5047 coelum
3152 4993 3372 5059 petere,
3405 4990 3464 5041 et
3497 4986 3808 5041 credendo
3839 4986 3943 5038 hu—

2273 5093 2488 5148 militer
2515 5086 2692 5159 quod.
2740 5125 2753 5139 .
2798 5124 2812 5138 .
2857 5123 2871 5136 .
2919 5122 2930 5135 .
2976 5121 2989 5134 .
3034 5120 3047 5132 .
3093 5120 3107 5133 .
