4084 6186
1123 287 1445 353 ORATIO
1485 287 1600 349 AD
1647 288 2204 352 GUILLELMUM
2240 288 2711 363 CONQUEST.

3476 294 3630 358 1510

238 469 3645 504 m

1603 614 1749 686 GU
1760 614 2264 687 ITMUNDI

1122 768 2045 884 ARCHIEPISCOPI
2123 770 2740 888 AVERSANI

1620 970 2215 1101 ORATIO

627 1173 741 1242 Ad
781 1148 1243 1243 Guillelmum
1287 1174 1314 1241 Ι
1345 1172 1749 1261 Anglorum
1781 1195 2027 1263 regem
2058 1195 2224 1243 cum
2275 1186 2640 1249 recusaret
2676 1181 3175 1271 episcopatum

279 1364 592 1435 (Biblioth.
627 1363 796 1417 Patr.
829 1362 1033 1431 XVIII,
1066 1379 1201 1434 pag.
1244 1363 1370 1431 468,
1404 1379 1478 1418 ex
1507 1362 1787 1418 Orderico
1810 1363 2003 1433 Vitali,
2037 1365 2462 1422 ecclesiasticis
2491 1368 2773 1425 Historiae
2804 1371 2907 1426 lib.
2943 1390 2998 1440 v,
3035 1389 3101 1427 ca
3148 1416 3163 1444 ,
3198 1376 3284 1444 17,
3317 1375 3494 1447 cuius
3553 1384 3647 1435 est

279 1454 320 1490 ιο
353 1438 763 1501 argumentum
798 1450 809 1488 :
845 1435 933 1487 De
968 1433 1321 1488 Guitmundo
1351 1435 1630 1489 monacho
1651 1442 1713 1491 S.
1748 1434 2053 1499 Leufredi,
2091 1443 2149 1490 et
2189 1436 2318 1501 ejus
2348 1440 2424 1493 ad
2453 1456 2655 1501 regem
2699 1443 2936 1501 Anglia?
2970 1392 3345 1501 Guiﬁelmnm
3376 1449 3645 1501 oratione

205 1433 320 1513 hoc
353 1438 763 1513 argumentum
782 1450 818 1513 ἐ
845 1435 933 1513 De
968 1433 1321 1513 Guitmundo
1351 1435 1630 1513 monacho
1651 1442 1713 1491 S.
1748 1434 2053 1513 Leufredi,
2091 1436 2318 1513 e_t_ejus
2348 1440 2655 1513 adgregem
2699 1443 2936 1513 Anglia?
2970 1433 3084 1498 Gui

195 1505 625 1587 pulcperrimp:
657 1535 727 1586 -—_-
770 1505 1917 1587 Gpitngundusvenerabilismonacbus
1933 1505 2381 1587 'c'agnobiigqmd
2409 1505 2567 1564 Cru'x
2602 1505 2871 1587 Heltoriis
2904 1515 3146 1585 dicitur,
3200 1517 3299 1571 ubi
3342 1519 3642 1587 gloriosus

205 1575 517 1634 confessor
549 1575 782 1652 Christi
802 1576 1154 1652 Leui'redus
1171 1582 1428 1646 tempore
1458 1575 1805 1652 Hiideberti
1834 1581 1894 1630 et
1920 1575 2533 1652 Hilpericijuniorum
2563 1598 2770 1652 regum
2793 1586 3040 1640 Domino
3061 1575 3330 1642 feliciter
3342 1575 3416 1645 2'18
3432 1590 3637 1645 minis-

203 1656 407 1729 trasse
438 1648 613 1701 annis
640 1647 864 1731 legitur
887 1648 1102 1731 {regio
1119 1648 1299 1728 jussu
1328 1648 1660 1727 accersitus
1685 1647 2395 1731 pontumtra'psli'etavit,
2431 1659 2490 1705 et
2520 1647 2775 1708 oblatum
2808 1656 2930 1709 Sibi
2959 1674 3167 1731 arege
3202 1665 3261 1713 et
3284 1662 3644 1731 proceribus

204 1720 385 1799 regni
416 1734 560 1773 onus
591 1717 990 1799 ecclesiastici
1009 1718 1326 1799 regiminis
1356 1718 1587 1799 omnino
1617 1717 1978 1799 repudiavit.
2012 1718 2166 1796 Erat
2198 1722 2354 1799 enim
2383 1717 2513 1778 aevo
2540 1731 2808 1780 maturus
2828 1717 3257 1799 eitireligi'osus,
3284 1717 3359 1785 ac
3389 1733 3641 1786 scientia

203 1788 548 1870 litterarum
568 1788 1037 1870 eruditissimus,
1060 1788 1226 1870 cuius
1252 1789 1483 1870 ingenii
1505 1788 1860 1870 praeclarum
1891 1789 2189 1870 specimen
2213 1793 2530 1870 evidenter
2553 1802 2717 1865 patet
2748 1799 2809 1849 in
2840 1798 2999 1853 libro
3030 1788 3111 1852 De
3145 1788 3393 1870 corpore
3426 1807 3481 1856 et
3501 1818 3643 1856 san-

200 1863 383 1940 guine
414 1860 643 1914 Domini
673 1864 875 1914 contra
906 1858 1419 1940 Berengariiim,-et
1449 1858 1515 1940 in
1541 1859 1679 1912 aliis
1727 1858 2033 1940 opusculis
2048 1860 2257 1929 ipsius.
2289 1863 2403 1917 Hic
2433 1858 2630 1937 itaque
2663 1883 2794 1940 cum,
2820 1884 2851 1922 a
2883 1885 3031 1939 rege
3085 1858 3408 1940 rogaretur
3460 1879 3518 1926 ut
3578 1875 3639 1927 in

194 1930 417 2009 Anglia
447 1947 643 2009 secum
673 1937 1095 2009 moraretur_et
1123 1930 1578 2009 praestoiaretur
1636 1944 1953 2009 cengruum
2013 1934 2240 2000 tempus
2260 1949 2397 2009 eum
2435 1930 2842 2009 pro'movendi,
2875 1930 3072 1994 secum
3128 1930 3441 1998 subtiliter
3480 1943 3635 1998 deli-

190 2000 456 2073 beravit,
491 2004 699 2074 suique
722 2002 1025 2073 propositi
1061 2000 1252 2057 votum
1283 2001 1445 2056 aliud
1477 2016 1613 2056 esse
1645 2000 2088 2070 demonstrans,
2131 2004 2269 2075 regi
2296 2000 2609 2077 respondit
2643 2025 2654 2061 :
2689 2011 2708 2077 )

280 2268 477 2321 Multae
505 2282 702 2321 causa
733 2281 827 2320 me
856 2266 1148 2337 repellunt
1178 2267 1250 2320 ab
1282 2267 1694 2322 ecclesiastico
1715 2267 1873 2339 regi-
1899 2249 1950 2301 Α
1978 2267 2160 2338 Ergo,
2196 2268 2352 2338 quod
2376 2269 2764 2324 amicabiliter
2789 2271 3017 2342 loquar,
3051 2288 3165 2327 non
3199 2275 3641 2331 videaturama-

205 2356 383 2423 mine,
417 2372 565 2426 quas
581 2371 786 2409 omnes
801 2355 1140 2426 singulatim
1172 2357 1306 2411 nolo
1334 2371 1443 2410 nec
1472 2356 1640 2410 decet
1671 2356 1872 2425 expri-

201 2445 456 2499 mere.ln
478 2444 686 2514 primis
710 2444 1080 2498 inﬁrmitates
1102 2460 1287 2514 meas,
1312 2446 1531 2515 quibus
1548 2444 1871 2513 incorpore

203 2537 264 2587 et
288 2533 481 2587 anima
508 2534 886 2587 incessanter
904 2549 1159 2602 premor,
1187 2534 1522 2588 considero.
1547 2532 1773 2597 Quibus
1792 2533 1873 2586 di-

202 2623 456 2693 ligenter
490 2623 844 2691 perspectis,
878 2622 1144 2675 divinum
1188 2637 1436 2676 examen
1492 2623 1873 2676 vehementer

201 2711 582 2780 pertimesco,
608 2725 868 2764 mmrens
892 2711 1048 2781 quod
1082 2710 1141 2764 in
1173 2711 1264 2763 via
1298 2711 1404 2764 Dei
1426 2710 1685 2780 quotidie
1704 2711 1871 2764 labor

200 2803 260 2854 et
288 2815 321 2851 a
376 2800 617 2853 veritate
654 2799 885 2853 vacillo.
919 2799 1009 2867 Et,
1045 2799 1183 2852 dum
1215 2801 1504 2869 meipsum
1554 2800 1874 2853 salubriter

201 2888 497 2942 moderari
523 2903 773 2958 nequeo,
811 2888 1061 2958 qualiter
1090 2888 1338 2942 aliorum
1370 2889 1546 2942 vitam
1566 2888 1637 2941 ad
1662 2887 1872 2942 salutis

199 2977 361 3029 viam
376 2976 636 3047 dirigere
650 2976 818 3031 valeo
829 2976 1154 3031 ?Omnibus
1166 2976 1333 3047 vigili
1345 2981 1537 3030 mente
1557 2977 1875 3046 perlustra-

197 3066 426 3134 tis,non
447 3065 619 3119 video
637 3081 752 3135 qua
768 3066 901 3135 lege
924 3066 1181 3137 digniter
1201 3081 1468 3135 praeesse
1490 3065 1716 3119 valeam
1739 3065 1871 3118 illo-

193 3166 333 3207 rum
359 3169 547 3208 cuneo
576 3169 829 3223 quorum
870 3156 1192 3208 extraneos
1210 3168 1405 3208 mores
1436 3154 1872 3223 barbaramque

195 3243 556 3297 locutionem
571 3244 796 3312 nescio,
818 3258 1070 3314 quorum
1083 3247 1285 3312 patres
1304 3244 1641 3312 charosque
1660 3257 1869 3311 paren-

194 3335 293 3386 tes
317 3336 374 3385 et
405 3333 627 3386 amicos
651 3332 955 3386 occidistis
985 3332 1201 3403 gladio,
1226 3332 1317 3386 vel
1340 3330 1751 3385 exhaeredatos
1770 3347 1872 3399 op-

196 3421 459 3490 primitis
483 3421 717 3490 exsilio,
744 3420 834 3474 vel
850 3437 1111 3490 carcere,
1137 3422 1230 3476 vel
1254 3420 1513 3475 indebito
1534 3420 1872 3474 intolerabi-

1975 2372 2124 2421 rum;
2160 2356 2267 2410 sed
2287 2359 2370 2426 tu,
2400 2361 2645 2412 strenue
2673 2360 2974 2429 princeps,
3010 2363 3065 2414 et
3099 2363 3528 2419 commilitones
3558 2366 3642 2419 tui

1973 2446 2071 2515 qui
2095 2461 2278 2515 grave
2298 2450 2491 2499 tecum
2512 2447 3361 2519 inieruntpericulummostraa
3378 2453 3639 2508 admoni-

1970 2534 2148 2587 tionis
2169 2534 2428 2605 benigno
2462 2536 2642 2590 corde
2683 2538 2972 2607 suscipite
3002 2539 3519 2611 eloquium.0pera
3536 2543 3641 2596 Dei

1971 2623 2201 2677 cunctis
2217 2623 2429 2677 diebus
2449 2624 2584 2678 vitae
2610 2629 2829 2679 vestrae
2854 2628 3154 2698 sagaciter
3173 2629 3564 2698 considerate,
3582 2634 3640 2685 et
3730 2642 3737 2648 '

1962 2710 2188 2779 judicia
2207 2711 2360 2782 ejus,
2396 2729 2527 2782 quae
2560 2713 3182 2783 incomprehensibilia
3196 2721 3351 2788 sunt,
3368 2718 3428 2771 in
3446 2720 3637 2773 omni-

1970 2800 2084 2853 bus
2115 2802 2397 2869 operibus
2428 2795 2648 2855 vestris
2674 2802 2871 2856 timete
2898 2818 2911 2872 ;
2963 2806 3020 2857 et
3048 2804 3136 2858 sic
3169 2810 3429 2860 vestram
3457 2807 3638 2861 vitam

1972 2904 2141 2958 aequa
2188 2889 2353 2943 lance
2400 2891 2693 2944 moderari
2721 2891 2793 2945 ad
2825 2892 3183 2947 voluntatem
3223 2894 3331 2948 Dei
3359 2897 3642 2967 satagite,

1971 2979 2033 3028 ut
2086 2976 2216 3044 ipse
2248 2976 2486 3030 Arbiter
2518 2981 2777 3031 aeternus
2817 2978 2896 3032 sit
2951 2979 3262 3034 vobiscum
3319 2981 3379 3034 in
3432 2982 3637 3038 ultimo

1972 3064 2339 3119 discrimine.

2018 3153 2150 3207 Non
2162 3168 2264 3207 vos
2280 3153 2571 3223 decipiant
2583 3155 2917 3210 adulatores
2931 3172 3080 3211 vana
3094 3158 3543 3214 securitatemec
3556 3160 3643 3214 in-

1971 3242 2235 3296 solentes
2279 3258 2384 3311 pro
2427 3243 2709 3297 secundis
2751 3244 3063 3299 eventibus
3129 3248 3445 3316 praesentis
3501 3248 3637 3303 vitae

1971 3330 2389 3385 voslethaliter
2409 3332 2744 3386 obdormire
2767 3334 3129 3388 suadeantin
3153 3336 3447 3390 mundana
3466 3352 3638 3407 pros-

1972 3419 2314 3488 peritate.jSi
2328 3420 2767 3491 vicistiAnglos
2782 3422 2841 3474 in
2855 3424 3303 3493 congressione,
3322 3440 3505 3494 super
3523 3425 3637 3479 hoc

194 3510 362 3580 lique
395 3510 660 3564 servitio.
706 3508 1063 3563 Scrutamini
1106 3510 1468 3582 Scripturas,
1499 3516 1555 3566 et
1584 3514 1778 3572 videte
1819 3508 1871 3565 si
1900 3490 1948 3544 Β
1974 3508 2285 3577 superbire
2315 3508 2516 3574 nolite;
2540 3509 2647 3562 sed
2663 3509 2989 3578 spiritualis
3005 3512 3280 3582 nequitiis
3298 3514 3546 3583 gravius
3567 3529 3636 3568 ac

197 3614 319 3668 qua
334 3598 467 3668 lege
492 3598 759 3653 sancitur
776 3603 836 3652 ut
850 3598 1156 3653 Dominico
1175 3600 1347 3671 gregi
1364 3606 1567 3668 pastor
1587 3604 1659 3657 ab
1685 3605 1873 3660 inimi-

197 3688 294 3741 cis
308 3686 535 3741 electus
549 3687 839 3741 vio‘lenter
852 3688 1215 3756 imponatur?
1230 3688 1652 3745 Ecclesiastica
1665 3695 1872 3748 electio

194 3778 373 3846 prius
423 3776 597 3830 debet
655 3777 726 3829 ab
766 3776 914 3845 ipsis
935 3776 1225 3848 subjectis
1243 3778 1515 3833 fidelibus
1530 3796 1661 3834 cum
1681 3782 1874 3837 since-

194 3866 374 3920 ritate
410 3865 535 3919 ﬁeri
561 3907 574 3934 ,
600 3881 668 3919 ac
697 3866 1073 3935 postmodum
1095 3867 1509 3937 astipulatione
1544 3870 1786 3923 Patrum
1818 3876 1874 3926 et

195 3954 529 4008 amicorum
560 3955 635 4023 (si
677 3955 960 4009 canonica
992 3956 1106 4024 est)
1136 3960 1481 4011 reverenter
1513 3959 1869 4015 conﬁrmari.

195 4042 483 4112 Alioquin
514 4058 645 4096 cum
679 4043 961 4099 charitate
981 4044 1155 4099 debet
1173 4046 1490 4100 emendari.
1522 4046 1686 4111 Quod
1718 4049 1870 4103 bello

197 4135 257 4185 et
285 4129 574 4185 effusione
592 4132 752 4185 multi
772 4133 1006 4187 cruoris
1031 4133 1395 4188 truculenter
1424 4136 1724 4206 rapuistis,
1757 4153 1871 4208 qua

197 4220 438 4272 ratione
470 4219 612 4272 mihi
642 4220 894 4290 aliisque
940 4223 1441 4291 contemptoribus
1492 4225 1711 4291 mundi,
1771 4228 1870 4295 qui

197 4312 422 4378 sponte
452 4324 555 4377 pro
570 4306 809 4362 Christo
829 4310 1249 4364 nudatisumus
1268 4311 1682 4381 pr0priis,sine
1701 4315 1871 4384 culpa

198 4398 497 4467 impartiri
514 4398 816 4473 potestis?
843 4397 1151 4452 Generalis
1175 4401 1431 4453 omnium
1450 4401 1871 4473 religiosorum

195 4488 303 4541 lex
327 4490 420 4540 est
439 4501 471 4539 a
506 4486 727 4555 rapinis
747 4486 1068 4557 abstinere,
1102 4491 1159 4541 et
1189 4489 1259 4543 de
1277 4490 1476 4558 praeda
1500 4489 1750 4557 (etiamsi
1776 4493 1870 4545 of-

196 4576 415 4645 fertur)
434 4591 537 4645 pro
558 4575 806 4645 justiti-ae
835 4576 1211 4630 observantia
1230 4578 1383 4631 nolle
1416 4580 1700 4648 recipere.
1718 4580 1867 4634 Dicit

200 4665 365 4719 enim
381 4663 682 4733 Scriptura
704 4681 715 4717 ε
734 4663 1047 4738 Immolans
1063 4681 1140 4719 ex
1164 4667 1381 4738 iniquo,
1408 4668 1626 4723 oblatio
1640 4675 1732 4723 est
1750 4686 1870 4723 ma-

194 4751 399 4807 culata
413 4752 624 4819 (Eccli.
641 4754 866 4822 xxxrv).
896 4753 967 4807 Et
982 4754 1156 4822 paulo
1176 4760 1312 4824 post
1332 4771 1344 4809 :
1365 4754 1476 4819 Qui
1488 4756 1668 4812 offert
1690 4759 1872 4813 sacri-

191 4841 402 4897 ficium
433 4857 511 4897 ex
537 4841 873 4896 substantia
898 4859 1242 4913 pauperum,
1280 4847 1446 4914 quasi
1475 4846 1574 4915 qui
1607 4847 1871 4901 Victimat

185 4929 387 4985 ﬁlium
422 4930 482 4982 in
503 4936 817 5001 conspectu
832 4931 1030 5000 patris
1045 4932 1141 4984 sui
1161 4931 1386 5001 (Ibid).
1413 4933 1556 4987 Haec
1578 4938 1634 4988 et
1663 4933 1759 4988 his
1791 4936 1869 4989 si-

186 5018 364 5072 milia
382 5018 598 5072 divinaa
619 5019 772 5090 legis
795 5019 1088 5088 praaconia
1112 5023 1480 5089 pertractans
1510 5036 1865 5092 expavesco,

186 5110 259 5161 et
290 5109 468 5160 totam
501 5107 795 5178 Angliam,
827 5110 996 5178 quasi
1018 5108 1442 5179 amplissimam
1472 5111 1753 5179 praedam,
1784 5112 1879 5165 di-i

173 5197 207 5267 j
222 5194 739 5267 udico,ipsamque
753 5213 887 5250 cum
907 5198 1069 5269 gazis
1092 5198 1243 5267 suis,
1264 5198 1425 5252 velut
1448 5199 1643 5268 ignem
1658 5200 1869 5254 arden-

185 5294 321 5339 tem
355 5287 699 5356 contingere
732 5286 1001 5340 formido.
1025 5286 1095 5340 Et
1122 5289 1255 5357 quia
1280 5287 1618 5358 Deusjubet
1635 5290 1868 5359 utquis-

186 5387 322 5444 que
352 5375 691 5443 proximum
727 5375 931 5445 diligat
951 5376 1106 5429 sicut
1154 5377 1440 5446 seipsum,
1475 5377 1664 5431 dicam
1694 5378 1867 5432 vobis

188 5463 338 5517 sine
375 5462 510 5516 dolo
542 5462 599 5517 id
630 5464 785 5533 quod
817 5463 959 5517 mihi
991 5464 1222 5518 coalitus
1256 5467 1348 5519 est
1378 5465 1676 5539 indictum.
1700 5464 1866 5530 Quod

190 5551 352 5607 mihi
382 5552 521 5607 utile
554 5566 711 5620 reor,
776 5552 947 5607 vobis
996 5568 1231 5626 quoque
1279 5553 1537 5609 salutare
1586 5554 1859 5611 arbitror.

1974 3597 2372 3667 periculosius
2389 3601 2686 3651 certamen
2707 3600 2937 3653 cautius
2956 3600 3136 3671 agitet
3159 3601 3315 3670 quod
3333 3604 3520 3656 restat
3537 3602 3637 3656 ad-

1974 3685 2089 3738 huc
2112 3686 2441 3739 etimminet
2469 3687 2638 3741 vobis
2652 3688 3296 3758 quotidie.Mutationes
3318 3705 3637 3762 regnorum

1972 3773 2317 3843 frequenter
2341 3774 2509 3828 factae
2538 3776 2748 3829 suntin
2765 3776 2908 3830 orbe
2931 3780 3243 3846 terrarum;
3269 3779 3443 3833 sicuti
3464 3796 3637 3849 spar-

1974 3862 2086 3914 sim
2104 3862 2358 3932 legimus
2373 3864 2775 3931 multiplicium
2794 3881 2901 3934 per
2912 3881 3152 3934 campos
3174 3866 3636 3940 Scripturarum,

1977 3950 2194 4020 quibus
2220 3950 2551 4003 liberalium
2570 3967 2601 4003 a
2619 3951 2739 4005 Deo
2763 3952 3052 4022 impertita
3072 3958 3160 4008 est
3180 3956 3381 4009 notitia
3405 3957 3634 4011 littera-

1968 4056 2119 4094 rum.
2154 4039 2463 4109 Babylonii
2494 4039 2605 4093 sub
2628 4040 3187 4096 Nabuchodonosor
3204 4059 3347 4115 rege
3365 4044 3634 4099 Judaaam

1971 4132 2027 4184 et
2053 4128 2383 4200 [Egyptum
2414 4131 2470 4182 et
2500 4128 2809 4200 aliaregna
2841 4129 2957 4183 sibi
2979 4130 3227 4199 plurima
3242 4133 3629 4203 subegerunt,

1973 4219 2077 4273 sed
2110 4222 2242 4288 post
2270 4218 2641 4289 septuaginta
2659 4219 3127 4287 annosipsicum
3160 4220 3471 4274 Balthasar
3486 4236 3631 4293 rege

1973 4324 2082 4362 suo
2114 4324 2143 4361 a
2176 4307 2365 4361 Medis
2395 4312 2450 4361 et
2479 4306 2704 4374 Persis,
2736 4307 2954 4377 quibus
2985 4310 3281 4377 praeerant
3325 4309 3539 4364 Darius
3569 4312 3625 4364 et

1970 4396 2160 4467 Cyrus
2190 4411 2376 4465 nepos
2408 4395 2562 4466 ejus,
2586 4396 2725 4448 victi
2755 4397 2809 4449 et
2841 4395 3144 4466 subjugati
3177 4400 3333 4451 sunt.

2042 4484 2264 4539 Deinde
2300 4484 2412 4538 sub
2445 4484 2778 4537 Alexandro
2827 4483 3040 4555 Magno
3086 4484 3443 4540 Macedones
3491 4490 3627 4556 post

1968 4572 2074 4627 230
2101 4588 2287 4627 annos
2310 4573 2547 4626 Darium
2580 4587 2786 4644 regem
2815 4573 3133 4627 Persarum
3155 4589 3292 4628 cum
3310 4574 3510 4629 multis
3539 4575 3631 4630 le-

1972 4662 2249 4735 gionibus
2263 4661 2605 4715 devicerunt
2626 4677 2636 4714 :
2660 4664 2716 4714 et
2729 4661 3239 4731 ipsinihilominus
3256 4665 3392 4733 post
3411 4664 3632 4735 aliquot

1969 4767 2177 4819 annos,
2206 4750 2487 4804 Romanis
2518 4764 2626 4818 per
2655 4753 2837 4804 totum
2868 4751 3073 4805 orbem
3104 4751 3432 4823 phalanges
3484 4768 3629 4806 suas

1970 4838 2422 4905 destinantibus,
2472 4853 2606 4891 cum
2638 4838 2857 4892 Perseo
2907 4854 3050 4909 rege
3080 4855 3190 4894 suo
3222 4840 3436 4895 devicti
3468 4844 3625 4895 sunt.

1968 4928 2159 4983 Graeci
2176 4928 2289 4982 sub
2314 4927 2755 4997 Agamemnone
2774 4930 2829 4981 et
2844 4928 3155 4982 Palamede
3173 4928 3312 4997 Troj
3322 4944 3414 4982 am
3463 4928 3632 4984 obse-

1971 5018 2200 5083 derunt,
2234 5020 2290 5071 et
2324 5017 2616 5070 Priamum
2645 5031 2868 5087 regem,
2904 5015 3320 5071 Laomedontis
3352 5016 3537 5070 ﬁlium
3559 5032 3629 5071 ac

1970 5106 2193 5160 liberos
2224 5105 2379 5176 ejus,
2406 5105 2721 5158 Hectorem
2739 5107 2796 5157 et
2824 5104 3393 5170 Troilum,Paridem
3419 5109 3476 5159 et
3492 5105 3630 5159 Dei-

1968 5193 2859 5264 phobum,Amphimacliu;nque
2877 5193 3349 5261 trucidaverunt;
3368 5198 3426 5248 et
3454 5194 3633 5249 famo-

1969 5300 2102 5338 sum
2144 5283 2417 5355 Phrygiae
2448 5298 2699 5355 regnum
2738 5285 2875 5351 post
2904 5282 3224 5336 decennem
3255 5282 3629 5338 obsidionem

1968 5375 2197 5428 ﬂamma
2212 5376 2267 5426 et
2280 5372 2437 5426 ferro
2451 5370 2785 5441 dep0pulati
2797 5370 3629 5442 destruxerunt-Trojanorum

1969 5481 2080 5518 una
2112 5478 2251 5533 pars
2284 5460 2396 5515 sub
2415 5460 2610 5514 Ailnea
2661 5459 2811 5513 duce
2840 5473 3094 5530 regnum
3136 5459 3318 5514 Italia
3347 5459 3623 5527 obtinuit,

1971 5555 2081 5609 alia
2109 5567 2249 5624 pars
2273 5565 2406 5605 cum
2435 5551 2754 5619 Antenore,
2785 5547 3146 5622 perlongum
3172 5548 3284 5606 iter
3303 5564 3371 5603 ac
3388 5547 3626 5603 difﬁcile

3172 1447 3345 1499 [mum
3376 1449 3645 1505 oratione
3712 1508 3717 1513 ,
