4084 6186
419 299 573 359 1541
620 297 1105 360 GUITMUNDI
1136 296 1669 358 ARCHIEPISC.
1697 297 1808 358 AV
1822 297 2118 360 EBSANI
2134 295 2452 359 ORATIO
2478 296 2592 358 AD
2609 278 3171 361 GUILLELMUM
3186 297 3655 371 CONQUEST.
3707 300 3865 365 1512

419 496 658 549 Daciam
679 495 1043 566 adiit,ibique
1064 496 1264 549 sedem
1283 511 1513 565 ponens
1558 512 1749 565 usque
1780 496 1835 548 in
1853 495 2082 549 hodier-
2118 481 2146 538 κ
2195 496 2401 549 ﬁdeles
2417 499 2652 549 vestros
2666 496 3598 568 commendo.Nortmanniamque
3612 514 3750 552 cum
3767 515 3862 553 ve-

418 600 559 638 num
582 584 735 637 diem
759 583 1060 637 habitavit.
1101 585 1342 637 Romani
1370 600 1616 654 regnum
1647 584 2086 654 Hierosolymo-

425 687 578 740 rum,
601 672 754 742 quod
778 672 959 724 David
979 672 1192 741 aliique
1232 677 1501 741 potentes
1524 687 1916 725 successores
1949 671 2081 739 ejus

422 760 632 828 spoliis
649 761 1093 830 AIIOphylorum
1106 760 1513 829 ditaverant,et
1528 760 1793 813 subactis
1812 760 2085 813 barbaris

421 849 721 921 gentibus,
747 849 957 918 quain
981 850 1228 901 circuitu
1251 854 1433 915 erant,
1462 848 1943 914 sublimaverant,
1971 848 2083 901 sub

423 937 792 1005 Vespasiano
814 940 869 989 et
890 936 1018 989 Tito
1041 938 1543 1003 subverterunt,et
1579 938 1773 990 nobile
1805 937 2084 1005 templum

421 1028 557 1094 post
586 1024 791 1094 prima
822 1024 1228 1077 aditicationis
1252 1025 1385 1094 ejus
1404 1041 1592 1078 annos
1607 1026 1762 1079 mille
1786 1026 2080 1094 octoginta

422 1126 635 1165 novem
680 1112 1007 1177 diruerunt,
1044 1113 1277 1182 quando
1310 1114 1590 1167 undecies
1625 1118 1869 1167 centena
1902 1114 2080 1166 millia

419 1199 760 1254 Judaorum
795 1200 952 1253 ferro
976 1217 1082 1253 seu
1112 1201 1262 1255 fame
1295 1202 1614 1271 perierunt.
1652 1201 2078 1270 FranciGallis,

419 1289 680 1355 tempore
711 1286 1010 1340 Sunnonis
1034 1288 1225 1357 ducis,
1275 1290 1551 1342 associati
1588 1294 1743 1355 sunt,
1778 1292 1833 1341 et
1866 1290 2083 1341 lloma-

420 1389 628 1428 norum
652 1373 803 1445 jugo
865 1376 935 1429 dc
985 1377 1216 1429 cervice
1252 1392 1359 1429 sua
1393 1377 1639 1429 viriliter
1670 1392 1950 1443 excusso,
1984 1392 2084 1429 su-

420 1476 527 1531 per
560 1476 665 1515 eos
686 1478 938 1533 regnare
964 1468 1285 1533 cmperunt,
1314 1464 1486 1535 Angli
1509 1458 1796 1531 Saxones,
1833 1465 2083 1518 ducibus

424 1549 698 1621 Hengist.
723 1555 778 1603 et
801 1551 993 1604 Horsa
1018 1552 1361 1606 Britonibus
1383 1554 1502 1622 (qui
1528 1569 1683 1606 nune
1701 1552 1849 1606 Galii
1879 1568 2088 1607 vocan-

418 1640 535 1707 tur)
560 1638 867 1709 imperium
900 1641 1051 1694 dolis
1082 1644 1137 1694 et
1174 1640 1651 1711 fortitudinejam
1685 1642 1807 1695 fere
1841 1657 2086 1695 sexcen-

415 1726 494 1779 tis
524 1727 695 1780 annis
742 1728 1135 1782 abstulerunt.
1182 1729 1418 1796 Guinili,
1458 1731 1557 1799 qui
1587 1731 1657 1783 de
1698 1730 2086 1783 Scandinavia

418 1814 615 1868 insula
674 1818 835 1869 sorte
892 1816 1067 1886 ejecti
1128 1821 1287 1883 sunt,
1322 1820 1606 1887 regnante
1658 1818 1910 1871 Albuino
1947 1833 2087 1888 rege

419 1902 539 1956 ﬁlio
563 1903 1081 1973 Audonis,partem
1106 1905 1305 1974 Italia,
1333 1922 1463 1976 qua
1488 1923 1643 1959 nunc
1672 1906 2088 1977 Longobardia

423 1990 656 2057 dicitur,
690 1992 1055 2060 invaserunt,
1091 1997 1146 2045 et
1180 1995 1459 2047 ltomanis
1488 1994 1707 2047 diutius
1732 1995 2087 2047 resistentes

421 2093 579 2131 nunc
611 2094 801 2148 usque
859 2083 1190 2134 tenuerunt.
1249 2081 1466 2134 Omnes
1526 2082 1605 2149 hi,
1641 2098 1793 2151 quos
1842 2082 2086 2134 victoria

424 2171 745 2236 surgentes
775 2168 1015 2235 recolui,
1051 2169 1222 2237 paulo
1256 2175 1388 2238 post
1420 2171 1638 2223 misere
1664 2170 2090 2239 subjacuerunt
2122 2209 2127 2213 -

421 2254 722 2324 perniciei,
759 2256 1001 2326 parique
1034 2272 1166 2309 cum
1200 2258 1371 2310 victis
1430 2259 1775 2312 contritione
1811 2259 1971 2324 torti,
2005 2260 2085 2311 ir-

423 2342 888 2398 remediabiliter
915 2353 1156 2415 gemunt
1186 2347 1242 2398 in
1277 2347 1498 2399 cloacis
1531 2346 1727 2399 Erebi.
1764 2346 2084 2399 Normanni

422 2431 536 2484 sub
568 2432 811 2485 Potione
846 2432 993 2486 duce
1053 2434 1387 2487 Neustriam
1420 2435 1627 2488 Uarolo
1659 2434 1910 2503 simplici
1936 2436 2081 2487 sub-

422 2522 749 2587 traxerunt,
799 2520 1043 2591 jamque
1114 2523 1216 2575 190
1282 2525 1475 2590 annis,
1546 2524 2081 2577 contradicentibus

423 2606 628 2677 Gallis,
651 2613 858 2662 etcum
900 2611 1112 2664 bellico
1137 2613 1380 2665 tumultu
1408 2628 1567 2681 saepe
1591 2612 2083 2665 calumniantibus

422 2698 758 2751 tenuerunt.
799 2699 945 2762 Quid
977 2699 1047 2752 de
1078 2700 1317 2767 (lepidis
1354 2705 1407 2753 et
1449 2701 1769 2769 Wandalis,
1794 2700 1999 2753 Gothis
2030 2703 2086 2751 et

425 2784 657 2853 Turcis,
720 2786 953 2840 Hunnis
985 2793 1040 2841 et
1072 2788 1360 2842 Herulis?
1409 2790 1548 2859 quid
1595 2789 1665 2840 de
1712 2789 1845 2840 aliis
1880 2790 2086 2857 loquar

424 2872 727 2943 Barbaris,
773 2891 1022 2945 quorum
1081 2882 1326 2930 conatus
1383 2877 1453 2929 ad
1485 2878 1625 2930 nihil
1660 2881 1750 2930 est
1782 2876 1937 2929 aliud
1969 2876 2088 2929 nisi

423 2961 607 3017 furari
627 2967 684 3018 et
719 2980 923 3033 rapere
956 2971 1010 3019 et
1036 2967 1374 3020 conculcata
1416 2983 1556 3035 pace
1582 2966 1810 3037 jugiter
1840 2966 2035 3018 furere
2058 2966 2086 3017 ‘.’

425 3051 667 3106 Terram
689 3055 943 3121 turbant,
972 3054 1132 3108 ades
1165 3060 1564 3122 concremant,
1601 3056 1804 3108 orbem
1834 3057 2083 3107 vexant:

425 3156 570 3211 opes
601 3142 913 3212 dissipant,
949 3144 1220 3198 homines
1254 3144 1549 3215 jugulant,
1576 3144 1767 3197 omnia
1790 3142 2009 3196 foedant
2030 3145 2087 3195 et

423 3229 885 3300 inquietant.His
906 3237 1096 3303 itaque
1112 3235 1304 3303 signis
1325 3233 1521 3286 mundi
1542 3232 1910 3301 portenditur
1926 3230 2083 3299 linis,

425 3319 788 3390 sicutipsius
822 3323 1419 3390 patenteredocemur
1438 3337 1580 3374 voce
1602 3321 1876 3374 Veritatis
1909 3335 1920 3373 :
1958 3319 2086 3371 Ex-

425 3415 633 3479 surget
661 3426 810 3480 gens
834 3416 1037 3464 contra
1054 3418 1290 3481 gentem
1323 3418 1379 3464 et
1404 3426 1649 3480 regnum
1680 3410 1754 3463 ad
1766 3425 1975 3463 versus
1992 3424 2084 3461 re-

423 3506 686 3568 gnum,et
711 3505 1275 3553 eruntterrzcmotus
1291 3500 1491 3568 magni
1498 3514 1608 3567 per
1630 3498 1771 3563 loca,
1811 3502 1865 3551 et
1892 3498 2080 3567 pesti-

422 3584 618 3639 lentia
642 3591 700 3638 el
720 3586 908 3640 fames
929 3586 1141 3654 (Marc.
1168 3590 1309 3652 xm),
1344 3590 1721 3657 terroresque
1737 3587 1807 3639 de
1823 3586 1989 3654 calo,
2029 3588 2087 3639 et

427 3672 601 3743 signa
634 3689 844 3744 magna
875 3678 1065 3728 erunt.
1236 3674 1245 3684 ”

492 3761 772 3814 Cladibus
803 3762 1126 3816 innumeris
1149 3763 1429 3832 premitur
1452 3764 1538 3817 sic
1559 3762 1785 3834 jugiter
1818 3763 2001 3818 orbis.

496 3848 605 3901 His
624 3854 680 3902 et
698 3850 892 3903 multis
913 3850 1323 3921 hujuscemodi
1352 3852 1638 3905 rotatibus
1662 3853 1719 3904 in
1747 3850 1926 3905 rebus
1962 3852 2073 3904 hu-

422 3936 611 3989 manis
630 3936 880 3992 solerter
925 3940 1230 4008 inspectis,
1258 3955 1372 3992 non
1403 3939 1460 3992 in
1495 3954 1560 3993 se
1584 3940 1869 4009 glorietur
1891 3940 2080 3993 victor

422 4025 494 4079 de
524 4026 690 4079 ruina
712 4028 1024 4097 comparis,
1078 4029 1175 4098 qui
1207 4043 1316 4081 nec
1349 4030 1473 4096 ipse
1507 4030 1704 4094 stabit,
1739 4029 1853 4081 nisi
1886 4043 2078 4097 quan-

422 4114 1123 4185 tumjusseritdispositio
1140 4118 1972 4172 Conditoris.Gonversionem
1995 4117 2080 4170 lo-

422 4204 674 4258 cutionis
725 4220 871 4259 meae
915 4222 1070 4259 nunc
1121 4208 1191 4260 ad
1230 4211 1303 4273 te,
1341 4222 1373 4261 ο
1405 4222 1530 4274 rex,
1567 4206 1990 4275 faciam,quam
2021 4206 2080 4259 tu

423 4303 649 4363 (quaso
707 4294 833 4364 tibi)
883 4295 1219 4366 benigniter
1249 4296 1487 4349 haurias
1538 4301 1777 4365 propter
1836 4295 2084 4348 salutem

423 4386 722 4436 aternam.
753 4382 963 4436 Nullus
978 4388 1206 4452 patrum
1222 4387 1453 4436 tuorum
1469 4388 1600 4435 ante
1615 4386 1668 4436 te
1685 4383 1883 4453 regale
1908 4387 2086 4436 stem-

422 4486 516 4524 ma
540 4472 750 4541 gessit,
782 4487 890 4525 nec
924 4472 1297 4525 hareditario
1332 4472 1471 4542 jure
1504 4474 1727 4531 tantum
1758 4471 1942 4524 decus
1974 4470 2082 4523 tibi

2195 585 2317 636 stra
2341 583 2571 636 licentia
2591 582 2785 636 redire
2804 583 3138 652 dispono,et
3156 584 3410 651 opimam
3431 584 3664 655 Anglia
3689 601 3852 653 pra-

2202 670 2333 723 dam
2362 671 2723 724 amatoribus
2782 672 3003 737 mundi,
3057 672 3229 741 quasi
3276 672 3652 741 quisquilias,
3687 673 3867 725 derc-

2199 759 2419 829 linquo.
2464 759 2743 811 Liberam
2794 763 3192 828 paupertatem
3249 760 3466 813 Christi
3499 777 3651 825 amo,
3685 777 3866 831 quam

2201 848 2490 900 Antonius
2504 850 2561 901 et
2578 848 2933 901 Benedictus
2951 847 3260 917 amplexati
3285 854 3439 913 sunt,
3474 849 3668 919 magis
3686 864 3868 919 quam

2203 935 2437 988 divitias
2459 936 2681 1003 mundi,
2714 952 2864 1006 quas
2893 936 3118 991 Cresus
3141 940 3199 989 et
3227 935 3662 1005 Sardanapalus
3684 937 3868 989 nimis

2203 1027 2566 1091 amaverunt,
2603 1028 2658 1077 et
2690 1025 3065 1093 postmodum
3095 1024 3313 1078 misere
3334 1025 3868 1093 pereuntes,hosti-

2201 1112 2316 1165 bus
2348 1112 2476 1165 suis
2508 1112 2921 1166 deseruerunt.
2958 1112 3233 1166 Christus
3264 1113 3418 1166 enim
3434 1120 3638 1182 pastor
3667 1113 3866 1166 bonus

2202 1217 2291 1255 va
2322 1200 2603 1254 divitibus
2626 1200 2806 1270 hujus
2838 1201 3037 1254 mundi
3067 1202 3319 1254 minatur
3339 1202 3437 1271 qui
3459 1201 3866 1269 voluptatibus

2201 1288 2371 1341 vanis
2394 1292 2449 1341 et
2470 1289 2790 1356 superfluis
2812 1288 2907 1341 hic
2929 1288 3704 1358 perfruuntur;pauperibus
3723 1304 3868 1342 vero

2202 1376 2412 1445 spiritu
2442 1375 2726 1444 promittit
2773 1376 3200 1429 beatitudinem
3232 1375 3291 1429 in
3339 1392 3524 1446 regno
3556 1377 3865 1445 calorum,

2201 1479 2375 1533 quam
2406 1464 2579 1517 nobis
2600 1464 2696 1517 det
2728 1464 2857 1533 ipse
2889 1464 2983 1533 qui
3022 1464 3163 1517 vivit
3192 1468 3248 1518 et
3278 1468 3482 1535 regnat
3531 1480 3640 1533 per
3668 1465 3869 1518 omnia

2200 1552 2423 1605 saecula
2446 1552 2825 1606 saculorum.
2860 1554 3068 1606 Amen.

2270 1641 2610 1693 Admiratus
2641 1656 2748 1693 rex
2779 1657 2910 1694 cum
2932 1641 3285 1710 proceribus
3308 1642 3437 1695 suis
3460 1642 3719 1713 insignis
3744 1657 3870 1695 mo-

2200 1728 2373 1783 nachi
2406 1729 2817 1797 constantiam,
2843 1729 3094 1800 supplex
3128 1746 3196 1783 ac
3239 1730 3486 1784 devotus
3521 1730 3871 1800 impenditei

2146 1861 2157 1889 ί
2200 1818 2506 1883 decentem
2533 1819 2948 1886 reverentiam,
2985 1822 3042 1872 et
3062 1821 3463 1888 competenter
3485 1819 3863 1883 honoratum,

2124 1889 2128 1899 ’
2188 1905 2377 1975 jussit
2408 1922 2539 1959 eum
2569 1921 2834 1960 remeare
2862 1908 2923 1960 in
2955 1907 3314 1961 Neustriam.
3338 1908 3560 1978 Ibique,
3587 1923 3706 1977 quo
3737 1907 3867 1960 vel-

2196 1994 2295 2061 let,
2331 2010 2501 2047 suam
2528 1995 2863 2064 prastolari
2892 1997 3295 2064 prasentiam.
3329 1996 3607 2049 Auditum
3631 1999 3725 2048 est
3738 2011 3869 2064 pas~

2200 2083 2650 2153 sim,postquam
2673 2083 3070 2137 Guitmundus
3108 2084 3182 2137 ad
3207 2088 3372 2153 septa
3395 2084 3743 2138 monasterii
3774 2084 3869 2135 sui

2200 2172 2497 2234 remeavit,
2534 2171 2689 2240 quod
2707 2171 2836 2240 ipse
2859 2172 3262 2226 monachalem
3280 2173 3620 2242 pauperiem
3645 2172 3872 2225 divitiis

2202 2260 2619 2328 episcoporum
2676 2261 3091 2328 praposuerit,
3127 2266 3182 2313 et
3211 2261 3368 2331 quod
3399 2261 3709 2314 obtentum
3751 2261 3872 2312 An-

2202 2347 2339 2417 glia
2372 2347 2429 2399 in
2459 2348 2776 2415 prasentia
2805 2348 2970 2418 regis
3001 2352 3056 2401 et
3078 2349 3417 2417 optimatum
3437 2348 3571 2417 ejus
3601 2349 3873 2416 rapinam

2204 2435 2597 2503 appellaverit,
2621 2440 2677 2487 et
2697 2436 2853 2505 quod
2881 2451 3086 2489 omnes
3109 2436 3447 2504 episcopos,
3478 2436 3571 2487 vel
3593 2435 3872 2504 abbates,

2204 2523 2302 2591 qui
2334 2523 2670 2595 nolentibus
2703 2523 2914 2593 Anglis
2963 2526 3021 2576 in
3056 2523 3345 2577 Ecclesiis
3377 2524 3608 2594 Anglia
3642 2524 3880 2591 pralati

2200 2615 2356 2678 sunt,
2390 2611 2728 2679 rapacitatis
2757 2612 3084 2682 redarguit.
3132 2611 3324 2665 Verba
3356 2612 3538 2682 igitur
3566 2610 3729 2682 ejus,
3764 2628 3876 2680 per

2199 2699 2603 2769 Angliamlate
2636 2700 2934 2769 divulgata
2968 2702 3105 2752 sunt
3152 2704 3208 2753 et
3239 2700 3533 2753 subtiliter
3563 2701 3869 2766 ventilata,

2198 2786 2399 2840 multis
2423 2786 2871 2855 displicuerunt;
2906 2788 3006 2856 qui
3037 2803 3331 2857 sequaces
3362 2787 3496 2856 ejus
3529 2802 3674 2841 esse
3708 2802 3875 2856 sper-

2198 2878 2428 2943 nentes,
2463 2878 2668 2928 contra
2686 2890 2820 2928 eum
2851 2875 3279 2947 ingentilivore
3310 2878 3692 2929 exarserunt.
3745 2875 3876 2928 Non

2198 2964 2378 3016 multo
2411 2967 2564 3031 post,
2586 2963 2862 3017 defuncto
2886 2964 3114 3017 Joanne
3135 2964 3712 3035 Rothomagensium
3747 2966 3875 3032 epi-

2198 3067 2403 3121 scopo,
2440 3067 2544 3105 rex
2573 3057 2629 3105 et
2686 3051 2785 3104 alii
2840 3052 3044 3121 plures
3102 3052 3522 3106 Guitmundum
3562 3052 3636 3105 ad
3672 3052 3875 3106 archi-

2149 3210 2154 3215 h
2198 3141 2601 3209 episcopatum
2620 3139 2952 3211 elegerunt,
2986 3141 3093 3194 sed
3125 3141 3321 3195 amuli
3354 3140 3683 3210 ejus,quos
3717 3141 3875 3194 idem

2198 3229 2657 3298 vituperaverat,
2691 3244 2764 3282 ne
2795 3230 3191 3298 archiprasul
3224 3230 3409 3297 ﬁeret,
3444 3235 3734 3299 quantum
3763 3245 3871 3298 po-

2200 3320 2455 3385 tuerunt,
2493 3317 3159 3386 impedierunt.lntanto
3184 3333 3327 3371 vero
3376 3318 3519 3370 nihil
3571 3317 3873 3388 objicien-

2199 3406 2338 3459 dum
2369 3406 2739 3475 invenerunt,
2773 3407 2889 3459 nisi
2923 3407 3077 3477 quod
3128 3406 3285 3460 illius
3316 3409 3481 3460 esset
3510 3407 3871 3477 presbyteri.

2196 3493 2298 3546 llle
2329 3497 2522 3548 autem
2552 3494 2624 3547 ab
2658 3494 2812 3548 omni
2845 3495 3089 3547 avaritia
3121 3495 3360 3565 purgari
3392 3495 3701 3563 volens,et
3725 3496 3874 3548 inter

2198 3587 2437 3636 exteros
2458 3586 2802 3652 paupertate
2827 3583 3031 3652 premi,
3068 3598 3241 3653 quam
3268 3583 3420 3636 inter
3445 3598 3596 3637 suos
3623 3584 3867 3637 dissen-

2199 3672 2402 3725 siones
2426 3671 2629 3725 fovere
2655 3671 2902 3739 malens,
2924 3672 3249 3737 Odilonem,
3272 3673 3618 3725 monasterii
3635 3674 3737 3725 sui
3765 3673 3869 3725 ab-

2198 3760 2391 3813 batem
2441 3766 2813 3813 reverentem
2844 3760 3006 3828 adiit,
3041 3763 3097 3813 et
3126 3759 3425 3813 humiliter
3445 3760 3518 3811 ab
3552 3761 3653 3813 illo
3686 3761 3859 3813 licen-

2199 3849 2338 3902 tiam
2362 3848 2782 3918 peregrinandi
2816 3849 2975 3917 petiit
2997 3856 3049 3902 ct
3074 3850 3317 3918 accepit.
3357 3850 3542 3902 Porro
3558 3848 3870 3902 illiteratus

2200 3937 2386 3990 abbas
2406 3937 2595 3990 metiri
2611 3937 2914 3990 nesciebat
2932 3941 3187 4007 quantus
3219 3937 3526 4006 sapientia
3548 3937 3871 3991 thesaurus

2198 4025 2257 4078 in
2276 4025 2523 4094 praefato
2542 4025 2783 4078 doctore
2816 4026 3048 4079 latebat.
3088 4025 3225 4079 Ideo
3244 4025 3711 4079 desiderabilem
3744 4026 3871 4095 phi-

2198 4114 2513 4184 losophum
2545 4115 2617 4168 de
2650 4114 3008 4167 monasterio
3058 4129 3168 4167 suo
3202 4114 3370 4167 facile
3410 4114 3661 4177 dimisit;
3699 4130 3869 4184 quem

2197 4203 2526 4273 Gregorius
2546 4202 2645 4255 V11
2663 4218 2809 4272 papa
2828 4203 3158 4256 venientem
3171 4203 3243 4255 ad
3261 4218 3349 4271 se,
3371 4202 3645 4273 gaudens
3661 4218 3870 4256 susce-

2199 4294 2300 4361 pit,
2327 4291 2690 4346 cardinalem
2711 4291 2770 4345 S.
2808 4292 2878 4344 Ii.
2906 4290 2970 4344 E.
2995 4291 3281 4361 prafecit,
3316 4294 3372 4344 et
3404 4291 3694 4344 Urbanus
3730 4307 3869 4360 papa

2194 4381 2317 4451 jam
2350 4382 2656 4449 probatum
2691 4380 2748 4432 in
2779 4379 2978 4434 multis
3027 4380 3537 4449 metropolitanum
3573 4380 3867 4433 Adversis

2203 4469 2368 4523 urbis
2390 4470 2737 4522 solemniter
2754 4468 3066 4522 ordinavit.
3101 4468 3245 4522 Hac
3262 4468 3408 4521 urbs
3428 4471 3703 4532 tempore
3728 4469 3874 4522 Leo-

421 4562 710 4629 provenit,
736 4560 843 4613 sed
876 4562 1127 4631 gratuita
1163 4561 1475 4631 largitione
1506 4560 1925 4629 omnipotentis
1953 4558 2076 4626 Dei,
2111 4557 2152 4611 D
2197 4559 2292 4612 nis
2318 4558 2394 4611 IX
2418 4573 2603 4627 papa,
2628 4572 2659 4609 a
2680 4557 3086 4626 Nortmannis,
3110 4557 3210 4627 qui
3246 4557 3435 4625 primo
3469 4557 3751 4626 Apuliam
3781 4559 3869 4610 in-

422 4650 479 4702 et
495 4648 748 4702 amicitia
768 4648 1022 4703 Eduardi
1047 4650 1475 4721 consanguinei
1508 4650 1608 4702 tui.
1644 4648 1944 4720 Edgarus,
1978 4648 2078 4699 Al-

422 4736 598 4791 dinus
629 4738 845 4808 aliique
891 4739 1225 4807 complures
1258 4754 1330 4792 ex
1362 4740 1512 4792 linea
1538 4738 1759 4807 regalis
1790 4737 2083 4807 prosapia

425 4827 1073 4898 orti,secundumleges
1099 4827 1507 4892 Hebraeorum,
1533 4826 1895 4896 aliarumque
1930 4841 2079 4897 gen-

422 4915 567 4969 tium
597 4917 1050 4987 pr0pinquiores
1082 4920 1218 4969 sunt
1249 4916 1520 4970 haredes
1571 4914 1918 4967 diadematis
1966 4916 2084 4968 An-

426 5006 589 5076 glici.
614 5006 735 5059 Illis
757 5006 1033 5059 nimirum
1064 5006 1307 5058 remotis
1339 5019 1475 5057 sors
1496 5003 1597 5056 tibi
1631 5003 1815 5056 cessit
1844 5018 2085 5072 provec-

427 5096 741 5160 tionis,sed
760 5096 863 5149 Dei
879 5093 1170 5165 judicium
1193 5096 1408 5163 quanto
1427 5092 1737 5158 occultius,
1772 5094 1927 5145 tanto
1959 5094 2081 5145 ter-

431 5184 660 5239 ribilius
683 5186 945 5239 imminet
972 5184 1079 5238 tibi
1111 5183 1181 5236 ad
1213 5181 1572 5235 reddendam
1601 5182 1887 5234 rationem
1919 5196 2083 5233 com-

430 5272 636 5325 missa
652 5274 1046 5328 villicationis.
1072 5272 1212 5325 Hac
1236 5271 1492 5343 benigno
1519 5287 1593 5324 ex
1620 5269 1795 5323 corde
1818 5268 2086 5322 sublimi-

429 5360 531 5415 tati
561 5364 777 5414 vestra
806 5363 1039 5417 locutus
1097 5377 1250 5430 sum,
1314 5360 1611 5415 humiliter
1656 5358 1992 5428 deposcens
2024 5360 2087 5410 ut

428 5464 600 5505 mens
622 5450 818 5502 vestra
854 5465 1093 5519 semper
1113 5450 1190 5504 sit
1217 5466 1444 5504 memor
1465 5447 1947 5510 novissimorum;
1975 5460 2085 5499 nec

431 5554 539 5594 vos
569 5536 746 5591 nimis
776 5538 1036 5607 implicet
1077 5539 1443 5610 prosperitas
1473 5537 1876 5608 prasentium,
1912 5549 2089 5606 quam

429 5628 602 5701 sequi
631 5626 784 5682 solet
812 5625 1199 5681 intolerabilis
1234 5629 1421 5697 dolor,
1461 5630 1519 5681 et
1547 5627 1760 5698 ingens
1790 5625 1987 5680 luctus
2019 5639 2087 5678 ac

430 5718 650 5776 stridor
693 5715 974 5774 dentium.
1029 5714 1245 5773 Gratia
1275 5717 1381 5772 Dei
1410 5731 1520 5772 vos
1550 5719 1608 5772 et
1655 5715 1880 5771 amicos
1912 5717 2087 5787 atque

2199 4648 2527 4712 coluerunt,
2591 4638 2929 4699 constructa
2964 4649 3077 4713 est;
3117 4649 3174 4699 et
3201 4660 3234 4697 a
3286 4645 3594 4711 Romanis,
3630 4647 3772 4714 quia
3799 4646 3868 4697 ab

2197 4736 2473 4790 adversis
2504 4733 2621 4788 sibi
2643 4733 2896 4787 coetibus
2934 4733 3353 4800 adificabatur,
3388 4734 3688 4787 Adversis
3719 4735 3872 4786 dicta

2198 4828 2311 4879 est.
2365 4824 2508 4876 Haec
2563 4823 2763 4894 utique
2812 4822 3035 4876 divitiis
3093 4821 3387 4891 opulenta,
3421 4822 3868 4891 Cisalpinorum

2198 4916 2464 4983 prompta
2505 4912 2852 4965 strenuitate
2880 4910 3187 4979 bellicosa,
3222 4910 3497 4964 hostibus
3530 4911 3870 4975 metuenda,

2200 5002 2335 5056 fidis
2350 5001 2666 5055 clientibus
2678 5000 2980 5070 sociisque
2995 4998 3766 5054 colenda.Nortmannorum
3782 5014 3874 5066 op-

2201 5092 2358 5145 tione
2374 5091 2486 5144 soli
2509 5105 2674 5159 papa
2701 5092 3002 5160 gratanter
3017 5088 3234 5152 obedit;
3256 5104 3286 5140 a
3313 5103 3430 5157 quo
3445 5086 3767 5141 Guitmund
3777 5103 3870 5139 um

2204 5179 2531 5248 sophistam
2562 5178 2795 5248 mystici
2824 5177 3058 5231 decoris
3089 5177 3263 5246 pallio
3294 5176 3616 5247 insigniter
3633 5175 3867 5229 redimi-

2202 5271 2345 5334 tum,
2371 5268 2703 5336 pontificem
2724 5266 2969 5335 accepit.
3019 5265 3316 5318 Prafatus
3336 5264 3736 5333 archiprasul
3767 5279 3867 5317 ec-

2204 5356 2446 5411 clesiam
2503 5355 2621 5409 sibi
2676 5354 3054 5409 commissam
3096 5354 3196 5407 diu
3224 5354 3395 5421 rexit,
3428 5357 3487 5407 et
3517 5353 3867 5421 apostolicis

2200 5445 2535 5516 privilegiis
2557 5445 2631 5498 ab
2655 5445 2811 5499 omni
2836 5442 3168 5498 mortalium
3207 5442 3516 5497 exactione
3534 5441 3688 5495 liber
3707 5442 3871 5510 plau~

2200 5534 2298 5588 sit.
2329 5534 2568 5589 Plebem
2600 5533 2867 5587 studiose
2908 5532 3125 5602 docuit,
3158 5531 3387 5585 meritis
3410 5534 3469 5584 et
3497 5529 3871 5584 orationibus

2195 5624 2451 5694 protexit
2506 5625 2679 5693 atque
2729 5626 2865 5692 post
2920 5622 3138 5675 multos
3194 5635 3421 5692 agones
3477 5620 3535 5673 in
3584 5620 3865 5673 virtutum

2197 5712 2497 5768 exercitiis
2526 5711 2601 5767 ad
2632 5711 2944 5769 Dominum
2973 5708 3253 5782 perrexit.
