4084 6186
280 363 3696 410 m

1471 468 1659 510 CIRCA
1699 467 1930 509 ANNUM
1958 465 2184 511 DOMINI
2228 463 2499 506 MLXXIX.

1330 642 2658 813 EBRARDUS

738 922 1368 1011 WA’I‘INENSIS
1427 919 2026 1000 MONASTERII
2083 919 2639 997 CANONICUS
2697 919 3249 997 REGULARIS

856 1271 1939 1429 CHRONICON
2018 1272 3126 1431 WATINENSE

672 1559 889 1629 (Edidit
911 1560 1059 1613 Dom
1088 1558 1400 1628 MARTENE,
1435 1558 1772 1613 Thesaurus
1802 1557 2096 1629 anecdot.,
2125 1562 2263 1612 tom.
2297 1557 2397 1627 III,
2425 1557 2536 1612 col.
2560 1555 2684 1628 797,
2711 1573 2785 1612 ex
2809 1573 2918 1611 ms.
2954 1557 3265 1627 Dunensi.)

1111 1872 2256 1986 OBSERVATIONES
2340 1873 2902 1988 PBZEVIIE

327 2104 525 2156 Altera
553 2119 727 2173 quam
758 2104 828 2155 ad
862 2103 1242 2156 illustrandas
1282 2117 1380 2155 res
1416 2102 1691 2172 Belgicas
1739 2101 2143 2173 promisimus,
2181 2102 2464 2170 Historia,
2498 2104 2589 2156 est
2616 2102 2798 2156 breve
2829 2102 3164 2157 Chronicon
3193 2104 3538 2158 monasterii
3580 2119 3688 2161 seu

252 2172 669 2242 praepositu’rae
702 2174 1074 2227 Watinensis
1106 2175 1331 2228 ordinis
1362 2173 1421 2227 S.
1457 2174 1796 2243 Augustini,
1830 2176 2068 2227 auctore
2094 2172 2378 2240 Ebrardo,
2415 2173 2687 2241 ejusdem
2717 2174 2832 2226 loci
2861 2175 3143 2229 canonico
3167 2175 3446 2245 regulari,
3480 2174 3688 2231 Olfridi

253 2245 586 2299 fundatoris
618 2245 909 2314 discipulo
937 2261 1004 2297 ac
1034 2246 1280 2310 proinde
1313 2248 1459 2297 teste
1487 2244 1885 2316 oculatoLqui
1917 2260 2016 2297 res
2046 2250 2226 2316 prout
2248 2244 2474 2316 viderat
2496 2245 2737 2316 scriptis
2758 2246 3188 2316 commendavit
3214 2244 3426 2316 zicujus
3440 2248 3687 2315 proinde

248 2331 423 2388 Opus,
458 2317 570 2388 etsi
591 2316 791 2388 breve,
827 2332 944 2388 non
977 2321 1168 2369 tamen
1200 2316 1710 2388 contemnendum.
1744 2314 1816 2388 Et
1846 2318 2003 2388 c_erte
2035 2331 2166 2385 quae
2200 2314 2270 2388 de
2304 2314 2487 2368 Adela
2517 2315 2821 2388 comitissa
2855 2321 2909 2369 et
2930 2315 3202 2388 (Roberto
3234 2314 3683 2388 Frisio’comite,

249 2387 387 2455 ejus
414 2387 554 2454 filio,
576 2403 709 2457 qua)
733 2387 802 2440 de
836 2387 1112 2457 Drogone
1145 2390 1200 2440 et
1223 2386 1485 2440 Huberto
1518 2386 1816 2455 episcopis
1860 2385 2365 2457 Tarvanensibus,
2386 2401 2519 2457 qua;
2550 2386 2621 2438 de
2653 2385 2976 2457 Bel-gensis
3000 2386 3340 2440 monasterii
3373 2385 3686 2443 abbatibus

250 2458 450 2523 refert,
487 2455 677 2511 cuivis
709 2473 779 2512 eo
799 2455 1054 2528 gratidra
1089 2472 1419 2526 speramus,
1446 2472 1559 2526 quo
1585 2457 1886 2510 difﬁcilius
1918 2456 2055 2510 alibi
2088 2457 2332 2528 reperiri
2366 2456 2689 2528 credimus.
2709 2455 2851 2521 Quae
2870 2472 3014 2510 vero
3038 2457 3108 2511 de
3137 2457 3392 2528 antiquas
3422 2473 3490 2511 ac
3508 2459 3683 2513 nobi-

245 2528 325 2581 lis
359 2529 759 2601 Menapiorum
795 2526 1048 2601 civitatis
1072 2529 1387 2582 ruderibus
1404 2543 1469 2580 se
1487 2528 1713 2581 vidisse
1745 2531 2013 2599 testatur,
2037 2543 2105 2581 eo
2141 2526 2422 2598 majorem
2446 2527 2659 2581 debent
2680 2527 2920 2582 lectoris
2943 2526 3320 2583 attentionem
3342 2529 3681 2601 conciliare,

244 2600 403 2670 quod
436 2598 633 2654 Orosii
655 2600 989 2653 testimonio
1022 2601 1274 2653 maxime
1309 2602 1703 2653 consentanea
1736 2600 1873 2653 sint.

316 2671 502 2723 Porro
537 2671 721 2724 codex
757 2671 1076 2738 Dunensis,
1110 2686 1183 2723 ex
1205 2686 1320 2741 quo
1351 2671 1491 2723 illud
1524 2670 1974 2741 descripsimus,
2012 2670 2024 2720 i

2035 2668 2172 2721 llum
2198 2671 2594 2724 tantummodo
2629 2671 2868 2741 praefert
2900 2669 3149 2739 titulum,
3182 2670 3517 2725 Chronicon
3538 2642 3680 2726 Vmo-

243 2742 489 2794 nasterii
519 2742 917 2807 Guatinensis,
951 2746 1189 2795 auctore
1222 2740 1338 2794 non
1369 2741 1685 2809 nominato;
1712 2756 1914 2794 verum
1931 2740 2184 2812 Ebrardi
2214 2742 2617 2812 nomen,quod
2638 2740 2855 2811 primae
2885 2743 3119 2812 paginae
3151 2743 3424 2811 apposuit
3466 2758 3677 2797 manus

246 2812 563 2881 recentior,
598 2813 756 2865 illum
790 2814 946 2866 clare
978 2813 1277 2879 indicavit,
1304 2828 1477 2882 quem
1501 2813 1672 2865 etiam
1702 2827 1817 2865 non
1849 2811 2205 2881 ambigimus
2239 2811 2536 2865 auctorem
2568 2813 2759 2866 fuisse
2790 2811 3096 2882 sequentis
3128 2814 3396 2882 opusculi
3416 2814 3488 2868 de
3519 2815 3686 2869 mira-

244 2884 383 2937 culo
416 2884 572 2952 quod
607 2884 827 2955 Brugis
856 2884 1101 2953 contigit
1129 2899 1322 2937 annuo
1356 2883 1513 2950 1088,
1550 2899 1680 2936 cum
1714 2884 1772 2935 S.
1809 2883 2113 2955 Donatiani
2165 2883 2388 2955 meritis
2434 2884 2692 2955 paralysi
2741 2888 2983 2955 curatus
3029 2886 3121 2938 est
3150 2885 3478 2939 Tamardus
3509 2901 3683 2940 cano-

248 2955 427 3007 nicus
469 2953 768 3025 regularis
815 2954 1210 3021 Watinensis;
1262 2971 1395 3008 nam
1435 2956 1585 3008 idem
1619 2957 1867 3022 utroque
1898 2953 2168 3025 iniopere
2198 2954 2407 3021 stylus.
2441 2953 2826 3025 Illius‘autem
2859 2954 3121 3008 miraculi
3158 2956 3476 3009 meminere
3509 2958 3681 3011 etiam

236 3028 389 3077 Acta
424 3024 912 3098 tranSIationis_S.
950 3024 1260 3098 Donatiani
1292 3025 1711 3098 apudﬂSurium
1732 3024 2116 3098 “Octobris,
2151 3029 2206 3077 et
2239 3024 2550 3098 Hariulfus
2576 3026 2635 3077 in
2666 3025 2816 3098 libro
2850 3025 3269 3098 Miraculorum
3295 3026 3354 3079 S.
3396 3026 3676 3098 Richarii,

242 3112 376 3164 cap.
416 3094 464 3148 1.
492 3096 648 3168 apud
679 3096 1078 3168 Mabillonium
1111 3094 1341 3168 Saecqu
1379 3114 1410 3148 v
1446 3095 1857 3168 Benedictinm
1882 3094 2145 3163 Denique
2175 3096 2579 3168 perseveravit
2610 3096 2722 3149 sub
2755 3097 2960 3166 regula
2993 3098 3052 3150 S.
3088 3097 3407 3168 Augustini
3459 3094 3678 3152 nobilis

236 3167 636 3257 praepositum
665 3167 1029 3221 Watinensis
1060 3167 1131 3248 ad
1162 3183 1351 3257 usque
1373 3167 1739 3257 eiectionem
1769 3166 2150 3257 episcjopatgs
2169 3167 2671 3257 ‘Audom‘arensis,
2707 3183 2827 3257 quq
2845 3171 3106 3257 tempore
3122 3166 3358 3222 omnino
3388 3169 3679 3257 existincta

406 3238 693 3292 reditibus
725 3253 949 3292 mensae
980 3239 1305 3308 episcopali
1335 3238 1649 3307 attributis,
1685 3237 1784 3307 qui
1819 3236 2051 3289 tandem
2083 3237 2358 3292 Patribus
2390 3238 2602 3309 Anglis
2632 3236 2945 3293 Societatis
2972 3236 3124 3293 Jesu
3156 3243 3489 3294 cesserunt.

631 3496 1335 3613 GHRONICA
1408 3494 2262 3612 MONASTEBII
2344 3434 3283 3613 GUATINENSIS

312 3749 1030 3806 ExordiumGuatinensis
1047 3748 1548 3818 Ecclesiae,inqua
1563 3746 1674 3800 sub
1697 3746 1902 3818 regula
1932 3727 1984 3780 Α
2014 3746 2291 3816 Oppidum
2325 3747 2512 3801 fuisse
2556 3747 2954 3819 Menaporum,
3002 3750 3161 3821 quod
3192 3767 3348 3806 nunc
3380 3750 3661 3808 Guatinas

228 3839 542 3893 canonica:
569 3840 823 3909 unionis,
849 3843 1023 3908 prout
1039 3838 1293 3908 Spiritus
1315 3840 1558 3890 sanctus
1577 3835 1898 3904 dateloqui,

219 3930 416 4001 jussu
444 3933 562 3996 tuo,
598 3929 675 3982 mi
696 3932 879 3998 pater,
900 3942 1327 3999 aggressurus,
1352 3926 1541 3996 primo
1575 3924 1765 3994 ipsius
1787 3923 1903 3977 loci

226 4018 719 4086 descriptionem,
753 4018 1015 4071 secundo
1043 4021 1302 4071 veterum
1329 4015 1711 4069 historiarum
1730 4012 1904 4065 tradi-

224 4108 450 4174 tiones,
498 4123 606 4161 sou
649 4107 819 4161 etiam
853 4106 910 4159 id
941 4106 1098 4177 quod
1134 4106 1268 4158 visu
1326 4104 1416 4157 vel
1450 4104 1650 4157 auditu
1698 4102 1900 4155 verius

225 4199 599 4264 compertum
642 4196 910 4261 habetur,
970 4210 1193 4265 ponere
1223 4194 1479 4260 decrevi,
1522 4195 1601 4258 ut,
1636 4192 1770 4245 dum
1804 4206 1899 4245 res

219 4289 465 4351 tenues,
511 4286 560 4337 si
592 4300 744 4355 quos
776 4285 1043 4355 delectat,
1073 4285 1382 4352 audierint,
1443 4282 1733 4353 quomodo
1766 4297 1898 4335 car-

222 4373 377 4443 ptim
399 4373 469 4427 de
497 4374 774 4442 minimis,
810 4378 872 4427 ut
904 4376 1085 4442 aiunt,
1111 4374 1321 4427 atomis
1353 4374 1411 4425 in
1444 4372 1714 4441 corporis
1744 4386 1897 4424 mas-

227 4478 363 4515 sam
377 4462 573 4533 colligi
589 4463 1252 4534 succreverint,gratius
1269 4462 1530 4516 ordinem
1547 4460 1911 4526 narrationis.

222 4550 529 4620 arripiant,
568 4551 703 4621 quia
726 4552 1522 4619 diureticitaprodere,nova
1566 4550 1635 4603 de
1672 4548 1897 4602 veteri-

223 4640 347 4693 bus
392 4639 628 4707 cudere,
681 4640 752 4694 de
801 4641 974 4693 novis
1026 4641 1261 4710 antiqua
1303 4655 1599 4710 reparare,
1634 4654 1742 4691 nec
1780 4640 1897 4691 tam

225 4728 366 4781 ﬁcta
386 4743 559 4798 quam
586 4743 727 4782 vera
744 4732 800 4782 et
836 4728 1158 4782 indubitata
1177 4744 1271 4782 me
1291 4729 1441 4782 velle
1464 4730 1892 4798 cognoverunt,

226 4818 484 4870 miscere
504 4817 661 4869 enim
692 4816 1135 4870 vetustissimos
1149 4817 1402 4870 Batavos
1436 4834 1567 4870 cum
1582 4817 1895 4871 Guatinen-

224 4904 402 4957 sibus
433 4904 660 4974 opinor,
694 4906 829 4975 quia
856 4921 1107 4976 quorum
1140 4920 1498 4973 occupamus
1521 4906 1895 4974 locum,quo-

221 5008 357 5047 rum
378 4992 675 5047 destructa
691 4995 1178 5063 construimus,et
1201 4993 1463 5047 desolata
1477 4994 1890 5061 reformamus,

223 5082 439 5135 horum
472 5082 737 5152 profecto
757 5084 1105 5137 vocabulum
1133 5098 1249 5136 non
1274 5082 1894 5152 mutuatum,quamvis

218 5169 462 5224 levibus
485 5170 730 5241 syllabis
762 5176 1174 5241 permutatum,
1209 5173 1325 5225 imo
1353 5171 1488 5242 jure
1520 5171 1893 5225 haereditario

216 5259 625 5313 nanciscimur
656 5260 918 5314 obtinere
950 5256 1007 5313 id
1029 5260 1186 5331 quod
1217 5260 1293 5314 ita
1327 5276 1464 5315 esse
1516 5261 1574 5313 in
1622 5259 1894 5330 subjecta

213 5347 438 5418 pagina
494 5344 823 5417 promptius
870 5348 1195 5418 apparebit.
1247 5349 1418 5403 Nunc
1473 5354 1689 5417 autem,
1723 5352 1782 5402 ut
1820 5349 1891 5403 ad

218 5435 676 5506 percipientium
708 5437 945 5509 singula
978 5453 1110 5507 quae
1160 5438 1431 5492 molimur
1456 5438 1629 5491 latius
1678 5454 1887 5507 perve-

215 5525 386 5579 niant
415 5525 677 5594 obtutus,
712 5526 944 5579 dicendi
975 5526 1217 5580 limitem
1250 5526 1673 5598 ingrediamur.

293 5613 336 5667 Ι,
372 5613 458 5667 De
488 5614 608 5667 situ
664 5615 1033 5670 monasterii.
1067 5646 1136 5655 —
1168 5616 1661 5687 Antiquissimum
1712 5616 1892 5689 igitur

288 5702 370 5774 (1)
399 5703 492 5775 L.,
524 5704 732 5774 aperit.

505 5827 762 5886 Paraon.
796 5826 1050 5886 CXLIX.

1926 5139 1971 5191 B

2012 3837 2255 3888 vocatur
2277 3836 2367 3888 vel
2390 3835 2870 3903 Guatinum,nulli
2894 3839 2991 3908 qui
3007 3840 3335 3894 secundum
3353 3840 3675 3898 historicos

2012 3922 2280 3993 ejusdem
2316 3924 2454 3995 pagi
2478 3924 2729 3979 confinia
2749 3926 2840 3980 vel
2872 3928 3047 3981 situm
3071 3930 3353 3982 territorii
3384 3931 3548 3985 novit
3579 3934 3673 3986 est

2012 4012 2371 4083 ambiguum.
2406 4012 2567 4076 Quos
2599 4014 2771 4067 etiam
2802 4014 3180 4070 historiarum
3203 4017 3544 4088 cognitores
3566 4019 3679 4074 Ba-

2010 4103 2179 4155 tavos
2219 4101 2532 4171 appellant;
2563 4102 2636 4156 ob
2670 4102 2845 4173 cujus
2875 4103 3114 4175 insigne
3144 4106 3231 4158 rei
3279 4109 3377 4160 aut
3425 4111 3676 4162 eventus

2011 4189 2340 4259 auspicium
2372 4190 2698 4261 ignoratur.
2725 4190 2818 4244 Ait
2853 4192 3005 4245 enim
3030 4192 3100 4245 de
3127 4193 3312 4264 his‘in
3342 4194 3677 4250 Annalibus

2010 4278 2139 4331 suis
2170 4277 2420 4331 Orosius
2451 4278 2575 4348 (lib.
2597 4282 2657 4348 1),
2691 4279 2829 4333 dum
2850 4280 3116 4335 locorum
3153 4286 3325 4354 atque
3346 4282 3676 4339 insularum

2010 4367 2285 4421 diversos
2306 4368 2456 4421 situs
2475 4369 2840 4423 describeret
2861 4386 2906 4424 :u
2936 4371 3231 4425 Britannia
3248 4371 3463 4427 Oceani
3480 4373 3675 4428 insula

2010 4471 2113 4525 per
2142 4456 2456 4528 longumin
2477 4458 2718 4512 boream
2742 4460 3098 4531 extenditur,
3132 4478 3163 4514 a
3195 4462 3438 4517 meridie
3454 4462 3673 4519 Gallias

2008 4544 2201 4615 babet,
2238 4547 2413 4617 cujus
2442 4548 2774 4616 proximum
2805 4548 2967 4603 littus
2997 4552 3500 4607 transmeantibus
3525 4552 3673 4606 civi-

2006 4635 2352 4705 tasgapparet
2369 4636 2467 4705 (1),
2489 4653 2621 4707 quae
2640 4637 2854 4691 dicitur
2870 4639 3499 4710 Rutupi-portus,unde
3517 4640 3673 4697 haud

2005 4725 2212 4793 procul
2253 4742 2285 4778 a
2318 4724 2563 4779 Morinis
2592 4725 2652 4779 in
2682 4730 2883 4782 austro
2914 4729 3148 4799 positis,
3184 4729 3465 4800 Menapos
3497 4729 3673 4785 Bata-

2006 4829 2233 4883 vosque
2262 4817 2617 4884 prospectat.
2658 4839 2679 4862 ››
2721 4816 2889 4870 Unde
2922 4833 3054 4870 cum
3102 4819 3582 4890 Rutupi-portum
3612 4819 3674 4875 in

2005 4902 2327 4956 meridiana
2358 4901 2627 4973 ejusdem
2668 4904 2882 4960 insulae
2913 4906 3038 4976 ripa
3071 4907 3249 4962 situm
3301 4908 3668 4980 noverimus,

2004 5007 2112 5044 nec
2127 4993 2367 5060 minusga
2390 4992 2635 5046 Morinis
2650 4993 2933 5064 Menapos
2957 4995 3331 5067 Batavosque
3351 4997 3409 5050 in
3427 4998 3671 5052 boream

2004 5084 2330 5150 porrectos,
2365 5082 2569 5136 eodem
2590 5082 2733 5135 mari
2768 5083 3083 5153 dividente,
3105 5085 3164 5138 in
3192 5086 3670 5144 ulteriorilittore

2005 5170 2317 5239 contiguos
2351 5174 2730 5240 prospectum
2777 5173 2868 5226 sui
2928 5173 3000 5226 ad
3030 5174 3375 5229 alterutrum
3424 5175 3668 5249 habere,

2002 5273 2111 5310 nec
2135 5258 2377 5312 dubium
2395 5260 2789 5315 Guatinenses
2802 5277 2832 5314 a
2849 5262 3396 5335 scriptoribusjure
3414 5265 3669 5322 Batavos

2003 5347 2305 5416 appellari.
2341 5347 2487 5403 Illud
2510 5351 2682 5403 etiam
2707 5366 2908 5404 eorum
2931 5351 3250 5422 epitheton,
3275 5369 3392 5424 quo
3410 5356 3669 5426 genuina

2003 5436 2253 5506 quadam
2296 5436 2523 5492 feritate
2555 5438 2706 5493 inter
2736 5439 2881 5494 alias
2915 5442 3185 5496 nationes
3218 5441 3290 5497 ab
3321 5443 3667 5499 auctoribus

2001 5526 2179 5580 notati
2232 5526 2554 5595 clarebant,
2606 5528 2657 5581 si
2717 5532 3092 5584 transeamus
3123 5531 3340 5586 indicia
3373 5533 3662 5588 Romanae

2002 5615 2276 5671 vindictae
2322 5614 2591 5672 clamant.
2647 5617 2859 5674 Patent
2899 5619 3054 5673 enim
3102 5622 3312 5677 avulsa
3360 5635 3663 5677 murorum

3306 5832 3381 5895 48
