4134 6174
454 314 607 375 1515
1450 320 1831 382 EBRARDI
1870 322 2162 387 WATIN
2168 324 2276 386 EN
2284 325 2403 388 SIS
2450 326 2621 389 CAN
2625 328 2850 393 ONICI
3709 336 3873 398 1516

431 515 836 583 fundamenta,
870 516 1143 570 adificia
1169 521 1378 587 partim
1415 521 1625 591 diruta,
1652 524 1728 590 et,
1762 525 1825 575 ut
1846 526 2107 577 veterem
2144 512 2191 573 Α
2227 530 2455 594 portum
2500 526 2713 582 Oceani
2746 530 2879 600 sita,
2907 530 3264 585 Britanniam
3296 533 3606 587 Deirorum
3640 535 3904 588 insulam

427 606 663 659 ruinam
696 607 992 658 testantur
1045 607 1318 676 vestigia,
1352 616 1567 679 quanto
1599 610 1732 679 plus
1770 610 2004 665 fuerant
2035 613 2106 665 ti-
2225 619 2641 685 prOSpectans,
2692 617 2765 672 ab
2823 619 3168 673 occidentali
3212 625 3375 690 parte
3436 638 3615 692 supra
3674 623 3903 677 dictum

435 694 608 763 mori,
652 696 807 746 tanto
828 693 1131 746 crudelius
1152 695 1223 748 ab
1241 695 1606 750 adversariis
1657 702 1793 751 sunt
1815 700 2104 770 extirpati.

439 782 555 836 Sed
579 798 687 836 nec
724 782 916 835 adhuc
948 783 1160 837 divina
1191 785 1576 852 providentia
1608 788 1800 841 visum
1821 792 1912 842 est
1933 790 2109 843 suffe-

439 872 598 926 cisse
632 871 787 941 quod
820 871 1008 940 primo
1037 871 1133 925 illo
1149 874 1482 927 eversionis
1506 879 1818 944 momento,
1840 879 2109 948 reliquia-

444 976 577 1014 rum
608 976 750 1029 spes
789 961 861 1013 ad
911 976 1099 1029 usque
1142 961 1601 1017 internecionem
1633 967 1853 1019 nullam
1879 968 2108 1021 veniam

445 1049 612 1103 sit....
648 1049 790 1118 quin
821 1050 993 1102 etiam
1025 1050 1096 1101 al)
1138 1050 1270 1102 inde
1302 1066 1406 1119 per
1437 1054 1814 1108 succedentia
1845 1059 2108 1126 tempora

445 1139 518 1192 ad
551 1142 763 1192 tantam
798 1137 1193 1205 solitudinem,
1230 1141 1399 1209 quasi
1433 1141 1641 1195 civitas
1666 1158 1798 1212 qua
1830 1145 2106 1198 devasta-

445 1237 561 1297 tur,
591 1229 718 1297 ipsa
749 1242 1104 1280 marmorum
1136 1227 1461 1299 fragmenta
1486 1230 1797 1300 devenere,
1835 1236 1897 1286 ut
1928 1235 2108 1290 silve-

452 1322 609 1373 stres
642 1318 785 1370 ferae
833 1315 1202 1369 stabularent
1231 1316 1330 1370 ubi
1378 1318 1584 1372 deleta
1628 1320 1858 1389 domus,
1895 1324 1947 1375 si
1979 1341 2111 1394 qua

455 1406 917 1477 superfuissent,
954 1405 1191 1458 vivendi
1232 1411 1605 1461 monumenta
1644 1413 2114 1479 repararent.Sic

452 1495 651 1549 hostili
683 1494 956 1547 vastitate
971 1494 1141 1547 etiam
1172 1511 1279 1563 per
1297 1494 1631 1550 Christiana
1655 1501 1947 1554 curricula
1979 1518 2114 1555 con-

455 1588 750 1654 sumptus,
780 1587 937 1637 tanta
969 1586 1135 1636 atate
1160 1583 1328 1637 locus
1344 1588 1667 1653 permansit
1690 1604 1935 1658 vacuus,
1971 1591 2116 1645 nihil

452 1675 512 1728 in
541 1690 605 1726 se
640 1672 1021 1726 memorabile
1042 1673 1287 1742 habens,
1309 1678 1527 1742 prater
1557 1676 1836 1732 desolata
1869 1680 2116 1735 mansio-

454 1764 548 1817 nis
580 1765 952 1829 vetustatem,
973 1777 1105 1830 qua
1129 1767 1338 1815 cuncta
1355 1779 1831 1834 quaqueversum
1852 1767 2118 1823 obduxe-

455 1855 562 1919 rat,
586 1852 712 1906 sola
752 1853 975 1904 tantum
1004 1867 1135 1904 cum
1164 1851 1256 1904 sui
1276 1855 1536 1907 cantoris
1568 1855 1805 1925 tugurio
1838 1856 2115 1928 ecclesia,
2157 1887 2200 1944 Β

456 1955 638 2009 quam,
662 1952 892 1991 summo
920 1938 979 1989 in
1011 1938 1231 1991 vertice
1263 1940 1533 2008 gestabat
1561 1942 1936 2010 perspicuam
1969 1944 2121 1998 inter

454 2044 672 2097 vepres
722 2030 778 2080 ct
828 2027 1191 2096 serpentium
1246 2027 1526 2096 latebras,
1579 2030 1732 2084 inter
1790 2032 2022 2086 dumeta
2065 2037 2120 2088 et

458 2117 742 2187 querulos
757 2115 949 2168 avium
970 2130 1168 2169 ramos
1200 2116 1630 2172 viliadmodum
1664 2118 1883 2173 fabrica
1906 2122 2121 2190 promi-

458 2205 827 2259 nebat.Hanc
852 2204 1172 2257 missarum
1196 2205 1397 2259 audire
1421 2207 1709 2261 solemnia
1730 2209 1902 2262 valde
1923 2211 2119 2265 tenuis

459 2294 721 2348 fidelium
749 2294 1162 2363 frequentabat
1205 2297 1567 2365 conventus;
1615 2297 1715 2351 ubi
1761 2302 1817 2352 et
1846 2299 1975 2369 ipse
2009 2300 2119 2353 ali-

457 2385 691 2458 quando
729 2384 1009 2438 curialem
1030 2383 1220 2438 adhuc
1261 2386 1571 2455 strepitum
1597 2389 1767 2458 quasi
1800 2390 2119 2462 mimilogi-

459 2492 571 2543 na,
588 2475 723 2528 licet
741 2473 995 2527 clericus
1013 2473 1443 2538 ambiens,dum
1464 2476 1713 2531 necdum
1729 2481 1958 2547 tempus
1982 2480 2123 2535 visi-

459 2565 697 2620 tationis
728 2578 874 2617 meae
913 2578 1021 2616 seu
1053 2562 1373 2617 miserendi
1405 2563 1538 2636 ejus
1569 2568 1930 2637 advenisset,
1988 2586 2121 2623 cum

462 2654 736 2708 comitatu
780 2653 1090 2706 transitum
1141 2652 1338 2707 habui.
1392 2655 1627 2708 Memini
1670 2658 1725 2709 et
1780 2658 2124 2713 meminisse

457 2743 628 2814 juvat
650 2742 1021 2796 sedulitatem
1034 2741 1213 2813 digne
1232 2742 1483 2811 dicendi,
1508 2748 1645 2799 tunc
1676 2746 1756 2799 ibi
1786 2747 2124 2803 saderdotis

464 2831 662 2886 domui
688 2830 1027 2901 Alphumini
1051 2834 1264 2900 quanta
1296 2833 1703 2888 benevolentia
1732 2851 1843 2889 nos
1875 2837 2119 2905 accepit,

464 2937 637 2993 quam
661 2922 967 2974 strenuum
987 2920 1043 2973 in
1068 2920 1403 2975 famulando
1423 2923 1578 2976 circa
1595 2924 1767 2979 nobis
1781 2927 2126 2981 necessaria

464 3027 531 3067 se
564 3009 918 3064 exhibuerit.
944 3008 1526 3066 Videreshumilitate
1560 3013 1858 3067 serviendi
1897 3013 2127 3069 ofﬁcio-

465 3117 598 3157 sum
617 3100 898 3154 charitate
920 3100 1133 3168 virum,
1158 3115 1349 3171 neque
1388 3102 1765 3157 verecundia
1798 3104 2128 3159 urbanitate

467 3190 861 3258 sedentem,ut
874 3189 1046 3243 facile
1067 3189 1265 3244 divino
1280 3190 1543 3261 fquodam
1562 3193 1859 3265 praesagio
1878 3194 2130 3263 prophe-

466 3282 645 3336 ticum
669 3279 813 3333 illud
833 3279 1199 3349 pravideres
1227 3280 1286 3334 in
1307 3280 1481 3335 nobis
1515 3282 1924 3351 profuturum:
1954 3282 2126 3353 Ecce,

470 3387 635 3444 quam
664 3370 877 3424 bonum
893 3374 951 3422 et
974 3386 1139 3440 quam
1158 3370 1480 3441 jucundum
1513 3368 1788 3425 habitare
1810 3372 2040 3427 fratres
2069 3373 2131 3426 in

471 3457 673 3514 unum!
706 3457 873 3523 Quod
900 3474 1017 3511 non
1051 3461 1185 3528 post
1216 3458 1432 3513 multos
1463 3474 1652 3513 annos
1673 3460 1776 3513 Dei
1808 3461 2129 3530 providen-

468 3551 546 3601 tia
576 3547 805 3618 impleri
837 3547 1246 3618 contigit,dum
1269 3548 1477 3602 ambos
1501 3563 1610 3601 nos
1641 3564 1863 3619 sagena
1887 3566 2133 3605 conver-

468 3637 658 3690 sionis
680 3637 752 3689 ad
781 3637 1011 3705 portum
1043 3636 1314 3704 coenobii,
1340 3637 1497 3707 quod
1527 3640 1733 3707 postea
1764 3638 1906 3692 inibi
1928 3640 2130 3694 funda-

466 3730 591 3779 tum
621 3728 733 3792 est,
755 3724 949 3792 traxit,
984 3728 1045 3779 ut
1074 3726 1133 3778 in
1169 3726 1395 3795 eodem,
1428 3727 1583 3781 sicut
1610 3728 1985 3797 postmodum
2016 3730 2131 3783 cla-

468 3813 607 3881 ruit,
650 3811 877 3867 subiret
924 3813 1117 3867 locum
1151 3814 1479 3885 regiminis,
1542 3818 1599 3870 et
1641 3832 1752 3885 me,
1812 3818 1967 3888 quod
2000 3822 2132 3872 ante

466 3903 667 3957 multis
688 3902 845 3957 votis
880 3903 1162 3972 cupierat,
1193 3907 1329 3973 post
1352 3904 1485 3975 ejus
1516 3905 1831 3960 transitum
1860 3906 2130 3961 Ecclesia

468 3992 759 4062 reciperet
789 3990 1191 4045 Guatinensis.

536 4081 606 4135 II.
642 4080 785 4134 Loci
815 4080 1157 4151 descriptio.
1184 4110 1256 4118 —
1275 4080 1420 4134 Tum
1444 4096 1555 4152 ego
1582 4097 1733 4135 nova
1758 4098 1954 4136 rerum
1982 4083 2132 4137 facie

467 4170 764 4237 curiosus,
799 4184 931 4239 qua
954 4169 1013 4222 in
1028 4170 1185 4222 tanta
1209 4170 1379 4222 vallis
1399 4170 1777 4239 amplitudine
1810 4172 2002 4225 solers
2034 4188 2132 4225 an-

462 4260 762 4329 tiquorum
794 4274 937 4312 cura
984 4257 1197 4311 fuisset
1247 4258 1491 4328 aspicio,
1532 4260 1849 4313 miseratus
1904 4260 2119 4329 locum,

465 4349 785 4402 miseratus
818 4347 1130 4415 excidium,
1165 4346 1306 4400 nihil
1339 4347 1533 4401 minus
1560 4364 1734 4418 quam
1766 4348 1922 4419 quod
1953 4349 2127 4404 hodie

462 4437 736 4491 videmus
769 4435 1029 4489 futurum
1060 4436 1454 4505 aestimabam,
1489 4437 1806 4506 apparebat
1833 4440 2026 4491 tamen
2057 4453 2131 4492 ex

466 4526 626 4579 facili
657 4525 935 4595 quoniam
966 4524 1141 4578 fuerit
1174 4525 1302 4578 suis
1356 4525 1567 4579 diebus
1598 4526 1852 4593 celeber,
1906 4527 1966 4579 in
2012 4543 2127 4596 quo

460 4617 617 4669 tanta
631 4614 1053 4668 destructionis
1071 4614 1421 4667 monimenta
1437 4613 1625 4668 adhuc
1642 4615 2117 4669 reservabantur.

462 4703 613 4757 Nam
635 4705 849 4773 quanta
868 4701 1042 4756 fuerit
1066 4702 1363 4772 popularis
1385 4702 1732 4772 frequentia,
1753 4706 2128 4773 quantusque

461 4807 817 4860 concursus,
880 4791 1133 4860 publica
1192 4793 1365 4861 atque
1425 4792 1659 4862 regales
1707 4792 1820 4845 via
1856 4793 2130 4863 utrinque

460 4881 883 4937 convenientes
932 4881 1406 4949 pramonstrant.
1467 4880 1724 4943 Quarum
1782 4880 1879 4933 illa
1932 4897 2064 4951 qua
2097 4897 2129 4934 a

458 4970 673 5026 diffusa
705 4969 953 5025 orientis
984 4969 1156 5040 plaga
1188 4970 1257 5023 ad
1283 4985 1390 5022 nos
1410 4984 1601 5039 usque
1637 4969 1935 5039 dirigitur,
1961 4969 2127 5023 alveo

460 5061 883 5115 subterﬂuente
915 5059 1238 5124 clauditur;
1284 5059 1464 5112 altera
1510 5073 1648 5112 vero
1678 5073 1711 5110 a
1740 5058 1924 5127 pharo
1956 5058 2125 5111 altis-

459 5149 632 5218 simo,
657 5166 789 5219 quae
812 5150 1022 5203 domus
1043 5148 1180 5202 olim
1210 5148 1538 5217 specularia
1563 5147 1619 5199 in
1642 5147 1887 5200 hiberna
1916 5148 2127 5202 Roma-

458 5250 668 5290 norum
722 5238 1048 5307 dicebatur,
1112 5236 1394 5290 Bononia
1463 5251 1632 5290 muro
1690 5235 2009 5306 contigua,
2053 5237 2124 5291 ad

525 5466 602 5535 (‘2)
625 5466 865 5520 Cumba
891 5471 1239 5521 \wvzhulum
1263 5469 1660 5522 diversimode
1682 5485 1712 5521 a
1728 5467 2122 5535 scriptoribus

457 5538 666 5594 media
701 5538 891 5591 aetatis
923 5544 1238 5606 accipitur;
1265 5540 1578 5609 aliquando
1608 5556 1710 5609 pro
1736 5540 2118 5601 telouio,non-

453 5626 753 5680 nunquam
785 5625 893 5678 pro
926 5612 1132 5680 cymba
1168 5627 1274 5664 seu
1308 5612 1463 5677 navi,
1501 5612 1816 5680 aliquoties
1849 5624 1987 5662 vero
2014 5625 2122 5677 pro

448 5684 581 5735 loco
598 5681 847 5746 declivi;
884 5697 1015 5751 qua
1047 5684 1308 5749 acceptio
1344 5682 1478 5735 huic
1510 5683 1637 5734 loco
1671 5682 1901 5734 videtur
1930 5681 2121 5751 magis

446 5752 846 5808 accommoda.
878 5784 949 5793 —
1020 5752 1091 5806 Ni
1139 5754 1368 5823 legatur
1429 5752 1666 5824 tumbis,
1700 5753 1737 5806 i.
1773 5769 1824 5807 e.
1861 5752 2117 5805 tumulis.

2161 3245 2212 3305 C

2223 705 2490 758 eumdem
2527 708 2876 761 terminatur
2914 708 2970 761 in
3001 724 3269 774 amnem;
3306 726 3500 781 quem,
3536 712 3691 765 sicut
3724 717 3900 766 vetu-

2233 795 2402 846 statis
2434 794 2585 847 fama
2626 796 2917 865 loquitur,
2962 813 3068 867 per
3099 799 3302 852 ambas
3353 801 3638 855 vadosum
3676 805 3903 856 stratas

2237 881 2425 936 fuisse
2455 883 2788 938 accolarum
2830 889 3157 940 commenta
3202 887 3413 942 ferunt.
3444 888 3563 943 Sed
3593 890 3772 943 ﬁdem
3804 891 3903 945 his

2236 987 2352 1025 non
2382 972 2737 1041 praebentes,
2770 975 2961 1045 magis
2992 975 3104 1028 hoc
3135 976 3407 1030 admirari
3441 993 3616 1047 quam
3648 980 3901 1032 credere

2235 1060 2470 1124 volunt;
2505 1066 2595 1115 est
2612 1062 2766 1115 enim
2796 1078 3025 1134 magna
3046 1064 3541 1135 profunditatis,et
3560 1083 3677 1121 non
3704 1068 3900 1121 solum

2237 1164 2311 1202 ex
2327 1149 2420 1201 sui
2436 1149 2620 1203 altura
2642 1151 2941 1220 piscosam
2959 1154 3560 1210 circummancntibus
3575 1156 3900 1212 conferens

2232 1237 2667 1307 abundantiam,
2702 1256 2907 1294 verum
2939 1246 2994 1295 et
3019 1241 3275 1313 {navigio
3308 1244 3521 1297 habilis
3553 1245 3627 1299 ab
3662 1245 3898 1300 Oceano

2234 1326 2327 1379 cui
2360 1326 2558 1380 multis
2591 1328 2822 1382 ostiolis
2854 1328 3107 1396 {infusus
3151 1332 3458 1402 excipitur,
3492 1336 3614 1387 tum
3658 1334 3899 1389 diversa

2234 1430 2432 1468 rerum
2474 1417 2885 1487 mercimonia,
2918 1420 3041 1472 tum
3070 1419 3443 1474 multimodas
3476 1422 3548 1475 ad
3580 1421 3899 1477 fruendum

2231 1504 2524 1558 ministrat
2579 1511 2878 1575 capturas.
2933 1509 2983 1560 A
3040 1508 3216 1579 cujus
3274 1511 3561 1581 margine,
3619 1513 3899 1581 paulatim

2232 1597 2653 1649 succrescente
2686 1595 2918 1650 cumulo
2961 1597 3235 1651 clementi
3293 1600 3663 1669 proceritate,
3725 1617 3900 1655 mons

2232 1681 2518 1753 gignitur,
2569 1684 2668 1753 qui
2718 1685 2874 1738 sicut
2925 1688 3203 1741 continuo
3232 1688 3500 1755 Ideducta
3538 1688 3779 1757 planitie
3828 1690 3899 1743 ad

2234 1771 2621 1826 subsolanum
2654 1774 2936 1843 egeritur,
2972 1774 3048 1827 ita
3077 1790 3110 1827 a
3142 1776 3540 1844 septentrione
3564 1778 3622 1829 et
3654 1777 3900 1830 meridie

2234 1859 2634 1914 residentibus
2667 1861 2897 1915 cumbis
2928 1862 3005 1931 (“2)
3044 1863 3103 1916 in
3133 1863 3498 1918 altitudinem
3539 1866 3895 1919 cumulatur.

2238 1948 2595 2002 Nemoribus
2627 1950 2915 2013 consitus,
2940 1952 3182 2020 pascuis
3207 1952 3373 2021 uber,
3409 1953 3527 2006 vini
3559 1968 3678 2006 non
3711 1952 3897 2021 ferax,

2236 2052 2352 2107 quo
2385 2036 2513 2091 solo
2526 2037 2819 2092 beneficio
2836 2039 3037 2093 Gallos
3057 2039 3416 2093 admittimus
3432 2040 3903 2111 irrisores,quod

2238 2141 2419 2179 succo
2440 2141 2763 2196 granorum
2778 2127 3121 2182 fermentato
3147 2129 3411 2183 coctione
3425 2131 3902 2200 potamur,quasi

2238 2214 2488 2267 mitioris
2506 2214 2758 2285 liquoris
2772 2220 3011 2284 potores
3029 2217 3307 2270 innoxius
3320 2218 3451 2287 (sic)
3474 2218 3547 2271 ad
3560 2218 3668 2272 Dei
3687 2218 3895 2272 laudes

2239 2318 2354 2356 non
2371 2302 2671 2374 evigilent;
2687 2305 2963 2358 arborum
2980 2306 3401 2376 frugiferarum
3415 2307 3593 2360 simul
3608 2307 3903 2361 etdiversi

2240 2393 2482 2463 generis
2521 2393 2745 2446 olerum
2773 2394 2846 2447 ad
2883 2410 3057 2449 usum
3107 2395 3533 2465 famulantium,
3566 2396 3619 2449 si
3651 2396 3899 2463 colatur,

2241 2481 2385 2535 adeo
2400 2480 2611 2535 fertilis
2630 2485 2710 2550 ut,
2747 2484 2799 2537 si
2818 2483 2971 2537 nolis
2997 2499 3320 2553 procurare
3358 2484 3705 2553 utilia,velis
3727 2484 3906 2552 nolis,

2244 2570 2415 2640 quasi
2456 2570 2743 2624 desidiam
2785 2571 3139 2626 laboratoris
3188 2588 3480 2644 arguens,
3516 2574 3666 2627 miro
3706 2574 3905 2627 incre-

2245 2662 2438 2712 mento
2472 2660 2761 2730 germinet
2782 2659 3025 2715 inutilia.
3047 2662 3121 2714 At
3142 2666 3432 2732 praterea
3449 2665 3566 2716 tam
3587 2663 3909 2717 salubriter

2249 2748 2611 2817 spirantibus
2626 2750 2817 2803 ventis
2831 2750 3136 2821 expositus
3155 2755 3215 2805 ut
3230 2751 3432 2806 infecti
3444 2752 3909 2807 crassitudinem

2248 2837 2408 2890 aeris
2438 2836 2565 2890 sive
2578 2838 2945 2907 nebularum,
2971 2855 3120 2909 quas
3143 2840 3333 2893 isdem
3351 2840 3585 2893 exhalat
3610 2842 3902 2908 nocivam,

2244 2926 2448 2979 alveus
2481 2925 2786 2980 confluens
2815 2928 2876 2980 in
2905 2940 2971 2981 se
3002 2928 3303 2999 coagulari
3333 2944 3452 2983 non
3482 2930 3803 2998 permittat.

2313 3014 2485 3069 III.—
2517 3014 2587 3067 Et
2608 3015 2719 3069 hoc
2752 3031 2896 3070 sane
2916 3019 3169 3086 gratum,
3186 3020 3240 3070 et
3259 3016 3542 3070 imitabile
3567 3020 3744 3087 atque
3772 3018 3831 3071 in
3849 3032 3908 3071 re

2241 3103 2546 3158 insensata
2576 3105 2751 3175 quasi
2779 3104 2982 3158 vivum
3029 3105 3463 3159 documentum.
3500 3104 3698 3159 Innuit
3728 3107 3907 3173 enim,

2243 3194 2404 3247 velut
2433 3193 2631 3247 divino
2656 3193 2910 3264 quodam
2942 3193 3205 3260 oraculo,
3237 3194 3311 3248 ad
3329 3209 3701 3249 communem
3732 3196 3908 3248 vitam

2245 3284 2689 3349 concurrentes,
2723 3283 2817 3336 his
2854 3283 3056 3337 causis
3088 3284 3410 3353 propositis
3441 3282 3514 3336 ad
3562 3287 3907 3352 provectum

2244 3370 2461 3425 debere
2476 3370 2867 3439 informari,ut
2883 3386 3114 3425 summo
3143 3371 3416 3425 videlicet
3442 3372 3729 3425 exercitio
3744 3373 3903 3437 culti,

2243 3460 2315 3513 ad
2349 3463 2552 3514 sancta
2604 3461 2840 3514 vivendi
2883 3461 3076 3515 studia
3128 3460 3487 3528 laboremus,
3536 3475 3608 3513 ne
3647 3461 3907 3530 quando,

2248 3548 2405 3619 quod
2437 3546 2618 3603 absitl
2648 3549 2788 3604 boni
2808 3549 3094 3620 propositi
3118 3550 3338 3603 cultum
3357 3549 3731 3619 deserentes,
3749 3549 3906 3603 inde-

2250 3653 2423 3693 cores
2446 3640 2667 3692 nostra
2698 3638 3094 3708 professionis
3125 3641 3508 3708 prorumpant
3541 3638 3794 3701 abusus,
3811 3638 3907 3708 qui

2249 3727 2424 3780 vitam
2457 3728 2732 3781 eminenti
2764 3743 2903 3781 arce
2933 3728 3147 3781 mentis
3169 3727 3369 3797 cOpias
3384 3725 3571 3781 semel
3591 3727 3905 3798 congessi-

2246 3830 2401 3883 mus,
2436 3816 2535 3869 ubi
2565 3817 2887 3870 nebulosas
2919 3816 3127 3870 saculi
3172 3814 3361 3886 hujus
3401 3815 3644 3869 umbras
3677 3816 3808 3869 dies
3851 3816 3905 3867 in

2248 3904 2511 3958 occiduis
2552 3905 2871 3959 salubriter
2922 3904 3198 3974 aspirans
3247 3905 3307 3957 in
3346 3919 3625 3958 occasum
3677 3919 3906 3973 semper

2246 3991 2554 4063 demergit.
2592 3993 2850 4046 Umbras
2879 3992 3153 4060 dixerim,
3178 3994 3240 4045 ut
3269 3991 3506 4061 quidam
3523 3991 3703 4045 velox
3733 3991 3805 4045 ad
3828 3991 3905 4044 fu-

2248 4080 2497 4151 giendas
2530 4081 3580 4151 huiusmoditenebras,quacunque,
3608 4080 3775 4148 ait,in
3797 4081 3901 4133 hoc

2250 4171 2469 4223 saculo
2496 4186 2704 4241 magna
2723 4170 3014 4238 videntur,
3055 4170 3266 4223 umbra
3308 4168 3401 4221 vel
3453 4170 3687 4222 somnia
3730 4169 3904 4237 depu-

2244 4260 2415 4313 tanda
2443 4265 2599 4314 sunt.
2634 4260 3019 4314 Pulchritudo
3060 4259 3288 4313 scilicet
3317 4259 3899 4329 corporis,sapientia

2244 4348 2592 4416 litterarum,
2626 4350 2807 4403 robur
2846 4349 3262 4417 membrorum,
3298 4347 3501 4401 infula
3534 4348 3896 4418 dignitatum,

2246 4437 2414 4508 regni
2436 4438 2710 4507 potentia,
2745 4438 2871 4491 hac
2891 4438 2963 4491 ad
2986 4437 3480 4507 comparationem
3508 4435 3670 4489 illius
3705 4436 3899 4490 aeterni

2243 4524 2379 4594 diei,
2414 4526 2636 4579 umbra
2660 4530 2716 4579 et
2743 4526 2971 4580 somnia
2998 4525 3478 4597 comprobantur.

2318 4613 2489 4666 lV.—-
2516 4613 2706 4677 Quare
2736 4615 2885 4667 intra
2916 4617 3110 4667 castra
3142 4613 3449 4681 Ecclesia,
3472 4613 3533 4665 in
3569 4612 3772 4665 militia
3798 4627 3901 4665 no-

2243 4701 2419 4755 minis
2450 4702 2777 4770 apostolici,
2814 4703 2972 4773 quod
2991 4702 3178 4771 primo
3210 4701 3599 4770 procinctuin
3631 4705 3753 4754 toto
3786 4717 3900 4753 ma—

2244 4790 2433 4845 ritima
2464 4792 2709 4861 regione
2740 4806 2851 4845 nos
2874 4790 3096 4844 Christi
3126 4804 3421 4859 pauperes
3443 4788 3809 4857 (3)initiavit.
3832 4789 3905 4840 ita

2245 4879 2559 4932 vivendum
2584 4882 2695 4946 est,
2731 4884 2791 4933 ut
2820 4880 2998 4934 vincti
3032 4878 3335 4932 charitatis
3357 4877 3638 4945 vinculis,
3671 4893 3901 4947 prapa-

2243 4967 2353 5021 rati
2381 4967 2563 5037 pedes
2614 4968 2670 5021 in
2702 4967 3089 5039 Evangelium
3129 4967 3314 5035 pacis,
3366 4966 3573 5019 stricto
3623 4981 3901 5020 mucrone

2244 5057 2509 5125 spiritus,
2544 5056 2615 5108 ad
2673 5056 3055 5110 debellandas
3102 5070 3308 5109 aereas
3340 5056 3690 5123 potestates,
3754 5054 3900 5108 alios

2242 5145 2453 5199 blanda
2499 5144 2974 5213 commonitione,
3021 5144 3169 5197 alios
3225 5143 3433 5197 durius
3491 5143 3854 5210 increpando
3883 5185 3897 5210 ,

2236 5232 2503 5303 exemplo
2535 5234 2668 5287 vita
2699 5237 2756 5287 et
2786 5234 2967 5287 verbo
3026 5236 3202 5303 atque
3241 5232 3300 5285 in
3350 5231 3587 5285 civitate
3639 5246 3897 5284 comma-

2234 5322 2430 5392 nendi,
2463 5322 2523 5375 in
2556 5322 2712 5375 omni
2752 5323 2882 5376 loco
2912 5322 3105 5375 bonus
3136 5322 3282 5375 odor
3313 5320 3413 5373 Dei
3449 5333 3898 5388 semperemen-

2305 5464 2381 5525 (3‘)
2407 5464 2554 5517 Hinc
2578 5464 2824 5533 colliges
2843 5462 3186 5516 Watinense
3204 5461 3627 5516 monasterium
3647 5460 3895 5529 primum

2232 5536 2349 5588 illis
2374 5536 2429 5587 in
2446 5535 2793 5605 regionibus
2817 5534 3005 5587 fuisse
3030 5534 3255 5587 ordinis
3280 5533 3698 5586 canonicorum
3720 5548 3892 5654 regu-

2232 5608 2444 5654 larinm
2476 5608 2536 5654 S.
2573 5606 2908 5654 Augustini.
2950 5604 3049 5654 aui
3082 5621 3200 5654 non
3232 5605 3308 5654 ita
3338 5604 3567 5654 nridem
3602 5604 3659 5654 in
3692 5603 3800 5654 Gal
3826 5604 3892 5654 iis

2232 5608 2445 5659 larium
2476 5603 2536 5659 δέ
2573 5606 2908 5675 Augustini,
2950 5604 3049 5674 qui
3082 5621 3201 5659 non
3232 5605 3309 5657 ita
3338 5604 3567 5673 pridem
3602 5604 3659 5675 in
3692 5603 3893 5656 Galliis

2235 5678 2526 5747 originem
2560 5673 2859 5729 habuerat.
2896 5673 3062 5730 Unde
3094 5679 3149 5729 et
3176 5677 3347 5745 paulo
3382 5673 3696 5747 postinfra
3726 5676 3893 5726 inau-

2236 5744 2418 5803 ditam
2452 5747 2685 5803 ordinis
2714 5748 2984 5802 canonici
3013 5744 3335 5803 novitatem
3354 5744 3632 5818 appellat.
