  <div class='ocr_page' id='page_1' title='image "/cluster/home/n/w/nwhite01/storage/ocr_20150623/149/hvd.32044054760079/764.png"; bbox 0 0 4084 6186; ppageno 0'>
   <div class='ocr_carea' id='block_1_1' title="bbox 333 352 490 418">
    <p class='ocr_par' dir='ltr' id='par_1_1' title="bbox 333 352 490 418">
     <span class='ocr_line' id='line_1_1' title="bbox 333 352 490 418; baseline -0.025 0"><span class='ocrx_word' id='word_1_1' title='bbox 333 352 490 418; x_wconf 84' lang='lat'>1517</span> 
     </span>
    </p>
   </div>
   <div class='ocr_carea' id='block_1_2' title="bbox 1528 332 2594 403">
    <p class='ocr_par' dir='ltr' id='par_1_2' title="bbox 1528 332 2594 403">
     <span class='ocr_line' id='line_1_2' title="bbox 1528 332 2594 403; baseline -0.002 0"><span class='ocrx_word' id='word_1_2' title='bbox 1528 332 2026 403; x_wconf 86' lang='lat' dir='ltr'>CHRONICON</span> <span class='ocrx_word' id='word_1_3' title='bbox 2067 336 2465 399; x_wconf 88' lang='lat' dir='ltr'>WATINEN</span> <span class='ocrx_word' id='word_1_4' title='bbox 2476 337 2594 401; x_wconf 92' lang='lat' dir='ltr'>SE.</span> 
     </span>
    </p>
   </div>
   <div class='ocr_carea' id='block_1_3' title="bbox 3608 326 3762 392">
    <p class='ocr_par' dir='ltr' id='par_1_3' title="bbox 3608 326 3762 392">
     <span class='ocr_line' id='line_1_3' title="bbox 3608 326 3762 392; baseline 0.013 -2"><span class='ocrx_word' id='word_1_5' title='bbox 3608 326 3762 392; x_wconf 84' lang='lat'>1518</span> 
     </span>
    </p>
   </div>
   <div class='ocr_carea' id='block_1_4' title="bbox 320 522 1983 621">
    <p class='ocr_par' dir='ltr' id='par_1_4' title="bbox 320 541 1983 612">
     <span class='ocr_line' id='line_1_4' title="bbox 320 541 1983 612; baseline -0.009 -4"><span class='ocrx_word' id='word_1_6' title='bbox 320 553 606 609; x_wconf 90' lang='lat' dir='ltr'>datiorem</span> <span class='ocrx_word' id='word_1_7' title='bbox 648 549 826 603; x_wconf 89' lang='lat' dir='ltr'>vitam</span> <span class='ocrx_word' id='word_1_8' title='bbox 875 547 1152 602; x_wconf 90' lang='lat' dir='ltr'>omnibus</span> <span class='ocrx_word' id='word_1_9' title='bbox 1182 543 1506 612; x_wconf 83' lang='lat' dir='ltr'>offerendo,</span> <span class='ocrx_word' id='word_1_10' title='bbox 1541 559 1675 597; x_wconf 92' lang='lat' dir='ltr'>cum</span> <span class='ocrx_word' id='word_1_11' title='bbox 1716 543 1889 596; x_wconf 91' lang='lat' dir='ltr'>etiam</span> <span class='ocrx_word' id='word_1_12' title='bbox 1916 541 1983 594; x_wconf 88' lang='lat' dir='ltr'>iis</span> 
     </span>
    </p>
   </div>
   <div class='ocr_carea' id='block_1_5' title="bbox 2090 522 3754 621">
    <p class='ocr_par' dir='ltr' id='par_1_5' title="bbox 2092 548 3754 621">
     <span class='ocr_line' id='line_1_5' title="bbox 2092 548 3754 621; baseline 0 -18"><span class='ocrx_word' id='word_1_13' title='bbox 2092 550 2336 621; x_wconf 87' lang='lat' dir='ltr'>irrigata</span> <span class='ocrx_word' id='word_1_14' title='bbox 2367 551 2719 619; x_wconf 84' lang='lat' dir='ltr'>praeferens,</span> <span class='ocrx_word' id='word_1_15' title='bbox 2769 552 2826 604; x_wconf 90' lang='lat' dir='ltr'>in</span> <span class='ocrx_word' id='word_1_16' title='bbox 2869 550 3079 604; x_wconf 87' lang='lat' dir='ltr'>horum</span> <span class='ocrx_word' id='word_1_17' title='bbox 3114 548 3274 603; x_wconf 91' lang='lat' dir='ltr'>nullo</span> <span class='ocrx_word' id='word_1_18' title='bbox 3316 548 3533 602; x_wconf 85' lang='lat' dir='ltr'>mansit</span> <span class='ocrx_word' id='word_1_19' title='bbox 3578 548 3754 603; x_wconf 81' lang='lat' dir='ltr'>fixus.</span> 
     </span>
    </p>
   </div>
   <div class='ocr_carea' id='block_1_6' title="bbox 317 631 1990 709">
    <p class='ocr_par' dir='ltr' id='par_1_6' title="bbox 317 631 1990 709">
     <span class='ocr_line' id='line_1_6' title="bbox 317 631 1990 709; baseline -0.009 -12"><span class='ocrx_word' id='word_1_20' title='bbox 317 641 531 697; x_wconf 84' lang='lat' dir='ltr'>similia</span> <span class='ocrx_word' id='word_1_21' title='bbox 581 639 839 709; x_wconf 77' lang='lat' dir='ltr'>posteris</span> <span class='ocrx_word' id='word_1_22' title='bbox 872 637 943 690; x_wconf 91' lang='lat' dir='ltr'>ad</span> <span class='ocrx_word' id='word_1_23' title='bbox 981 636 1320 689; x_wconf 82' lang='lat' dir='ltr'>memoriam</span> <span class='ocrx_word' id='word_1_24' title='bbox 1355 631 1824 697; x_wconf 87' lang='lat' dir='ltr'>transmittendo,</span> <span class='ocrx_word' id='word_1_25' title='bbox 1876 646 1990 683; x_wconf 90' lang='lat' dir='ltr'>non</span> 
     </span>
    </p>
   </div>
   <div class='ocr_carea' id='block_1_7' title="bbox 319 718 1993 797">
    <p class='ocr_par' dir='ltr' id='par_1_7' title="bbox 319 718 1993 797">
     <span class='ocr_line' id='line_1_7' title="bbox 319 718 1993 797; baseline -0.01 -12"><span class='ocrx_word' id='word_1_26' title='bbox 319 732 511 785; x_wconf 92' lang='lat' dir='ltr'>solum</span> <span class='ocrx_word' id='word_1_27' title='bbox 531 729 644 781; x_wconf 82' lang='lat' dir='ltr'>diei</span> <span class='ocrx_word' id='word_1_28' title='bbox 668 744 680 795; x_wconf 82' lang='lat'><strong>;</strong></span> <span class='ocrx_word' id='word_1_29' title='bbox 710 726 814 781; x_wconf 91' lang='lat' dir='ltr'>sed</span> <span class='ocrx_word' id='word_1_30' title='bbox 830 728 969 797; x_wconf 83' lang='lat' dir='ltr'>jure</span> <span class='ocrx_word' id='word_1_31' title='bbox 994 722 1366 777; x_wconf 65' lang='lat' dir='ltr'>hmreditario</span> <span class='ocrx_word' id='word_1_32' title='bbox 1386 720 1608 787; x_wconf 80' lang='lat' dir='ltr'>Batavi,</span> <span class='ocrx_word' id='word_1_33' title='bbox 1634 718 1802 788; x_wconf 91' lang='lat' dir='ltr'>quasi</span> <span class='ocrx_word' id='word_1_34' title='bbox 1830 718 1993 771; x_wconf 79' lang='lat' dir='ltr'>beati</span> 
     </span>
    </p>
   </div>
   <div class='ocr_carea' id='block_1_8' title="bbox 317 805 1989 883">
    <p class='ocr_par' dir='ltr' id='par_1_8' title="bbox 317 805 1989 883">
     <span class='ocr_line' id='line_1_8' title="bbox 317 805 1989 883; baseline -0.008 -11"><span class='ocrx_word' id='word_1_35' title='bbox 317 820 417 873; x_wconf 83' lang='lat' dir='ltr'>avi</span> <span class='ocrx_word' id='word_1_36' title='bbox 448 817 789 871; x_wconf 61' lang='lat' dir='ltr'>haeredibus</span> <span class='ocrx_word' id='word_1_37' title='bbox 817 813 1129 883; x_wconf 65' lang='lat' dir='ltr'>primitivis</span> <span class='ocrx_word' id='word_1_38' title='bbox 1153 810 1495 880; x_wconf 79' lang='lat' dir='ltr'>apostolicae</span> <span class='ocrx_word' id='word_1_39' title='bbox 1519 805 1989 861; x_wconf 79' lang='lat' dir='ltr'>conversationis</span> 
     </span>
    </p>
   </div>
   <div class='ocr_carea' id='block_1_9' title="bbox 316 895 1989 975">
    <p class='ocr_par' dir='ltr' id='par_1_9' title="bbox 316 895 1989 975">
     <span class='ocr_line' id='line_1_9' title="bbox 316 895 1989 975; baseline -0.01 -13"><span class='ocrx_word' id='word_1_40' title='bbox 316 922 455 962; x_wconf 86' lang='lat' dir='ltr'>esse</span> <span class='ocrx_word' id='word_1_41' title='bbox 490 905 815 975; x_wconf 88' lang='lat' dir='ltr'>possimus.</span> <span class='ocrx_word' id='word_1_42' title='bbox 849 902 920 955; x_wconf 88' lang='lat' dir='ltr'>Et</span> <span class='ocrx_word' id='word_1_43' title='bbox 956 905 1018 954; x_wconf 92' lang='lat' dir='ltr'>ut</span> <span class='ocrx_word' id='word_1_44' title='bbox 1070 899 1449 963; x_wconf 80' lang='lat' dir='ltr'>scholastice,</span> <span class='ocrx_word' id='word_1_45' title='bbox 1498 895 1989 967; x_wconf 84' lang='lat' dir='ltr'>quemadmodum</span> 
     </span>
    </p>
   </div>
   <div class='ocr_carea' id='block_1_10' title="bbox 317 983 1989 1061">
    <p class='ocr_par' dir='ltr' id='par_1_10' title="bbox 317 983 1989 1061">
     <span class='ocr_line' id='line_1_10' title="bbox 317 983 1989 1061; baseline -0.009 -12"><span class='ocrx_word' id='word_1_46' title='bbox 317 995 469 1049; x_wconf 87' lang='lat' dir='ltr'>inter</span> <span class='ocrx_word' id='word_1_47' title='bbox 527 994 788 1047; x_wconf 85' lang='lat' dir='ltr'>scientes</span> <span class='ocrx_word' id='word_1_48' title='bbox 851 989 1279 1061; x_wconf 89' lang='lat' dir='ltr'>applaudendo,</span> <span class='ocrx_word' id='word_1_49' title='bbox 1339 986 1615 1057; x_wconf 84' lang='lat' dir='ltr'>quiddam</span> <span class='ocrx_word' id='word_1_50' title='bbox 1666 983 1989 1038; x_wconf 77' lang='lat' dir='ltr'>verisimile</span> 
     </span>
    </p>
   </div>
   <div class='ocr_carea' id='block_1_11' title="bbox 317 1071 1988 1149">
    <p class='ocr_par' dir='ltr' id='par_1_11' title="bbox 317 1071 1988 1149">
     <span class='ocr_line' id='line_1_11' title="bbox 317 1071 1988 1149; baseline -0.009 -12"><span class='ocrx_word' id='word_1_51' title='bbox 317 1081 710 1149; x_wconf 86' lang='lat' dir='ltr'>subinferam,</span> <span class='ocrx_word' id='word_1_52' title='bbox 761 1096 832 1134; x_wconf 91' lang='lat' dir='ltr'>ne</span> <span class='ocrx_word' id='word_1_53' title='bbox 864 1077 1154 1132; x_wconf 87' lang='lat' dir='ltr'>infertiles</span> <span class='ocrx_word' id='word_1_54' title='bbox 1188 1076 1300 1144; x_wconf 89' lang='lat' dir='ltr'>ipsi</span> <span class='ocrx_word' id='word_1_55' title='bbox 1348 1074 1596 1128; x_wconf 77' lang='lat' dir='ltr'>arbores</span> <span class='ocrx_word' id='word_1_56' title='bbox 1637 1073 1709 1125; x_wconf 89' lang='lat' dir='ltr'>ad</span> <span class='ocrx_word' id='word_1_57' title='bbox 1740 1071 1988 1125; x_wconf 89' lang='lat' dir='ltr'>aliorum</span> 
     </span>
    </p>
   </div>
   <div class='ocr_carea' id='block_1_12' title="bbox 318 1162 1988 1239">
    <p class='ocr_par' dir='ltr' id='par_1_12' title="bbox 318 1162 1988 1239">
     <span class='ocr_line' id='line_1_12' title="bbox 318 1162 1988 1239; baseline -0.008 -13"><span class='ocrx_word' id='word_1_58' title='bbox 318 1174 510 1227; x_wconf 90' lang='lat' dir='ltr'>simus</span> <span class='ocrx_word' id='word_1_59' title='bbox 536 1171 912 1239; x_wconf 80' lang='lat' dir='ltr'>provectum;</span> <span class='ocrx_word' id='word_1_60' title='bbox 933 1182 1043 1219; x_wconf 90' lang='lat' dir='ltr'>nos</span> <span class='ocrx_word' id='word_1_61' title='bbox 1066 1165 1268 1219; x_wconf 83' lang='lat' dir='ltr'>forsan</span> <span class='ocrx_word' id='word_1_62' title='bbox 1300 1163 1492 1217; x_wconf 88' lang='lat' dir='ltr'>adhuc</span> <span class='ocrx_word' id='word_1_63' title='bbox 1531 1162 1811 1215; x_wconf 89' lang='lat' dir='ltr'>absentes</span> <span class='ocrx_word' id='word_1_64' title='bbox 1841 1175 1988 1228; x_wconf 89' lang='lat' dir='ltr'>pen-</span> 
     </span>
    </p>
   </div>
   <div class='ocr_carea' id='block_1_13' title="bbox 315 1248 1985 1324">
    <p class='ocr_par' dir='ltr' id='par_1_13' title="bbox 315 1248 1985 1324">
     <span class='ocr_line' id='line_1_13' title="bbox 315 1248 1985 1324; baseline -0.008 -10"><span class='ocrx_word' id='word_1_65' title='bbox 315 1261 451 1315; x_wconf 91' lang='lat' dir='ltr'>dula</span> <span class='ocrx_word' id='word_1_66' title='bbox 470 1260 563 1313; x_wconf 89' lang='lat' dir='ltr'>his</span> <span class='ocrx_word' id='word_1_67' title='bbox 586 1258 904 1312; x_wconf 83' lang='lat' dir='ltr'>arboribus</span> <span class='ocrx_word' id='word_1_68' title='bbox 929 1270 1099 1324; x_wconf 89' lang='lat' dir='ltr'>poma</span> <span class='ocrx_word' id='word_1_69' title='bbox 1134 1254 1464 1320; x_wconf 89' lang='lat' dir='ltr'>manebant,</span> <span class='ocrx_word' id='word_1_70' title='bbox 1490 1250 1601 1321; x_wconf 88' lang='lat' dir='ltr'>ipsi</span> <span class='ocrx_word' id='word_1_71' title='bbox 1636 1265 1745 1303; x_wconf 90' lang='lat' dir='ltr'>nos</span> <span class='ocrx_word' id='word_1_72' title='bbox 1769 1248 1985 1319; x_wconf 84' lang='lat' dir='ltr'>fontes,</span> 
     </span>
    </p>
   </div>
   <div class='ocr_carea' id='block_1_14' title="bbox 315 1339 1768 1419">
    <p class='ocr_par' dir='ltr' id='par_1_14' title="bbox 315 1339 1768 1419">
     <span class='ocr_line' id='line_1_14' title="bbox 315 1339 1768 1419; baseline -0.008 -17"><span class='ocrx_word' id='word_1_73' title='bbox 315 1349 431 1419; x_wconf 91' lang='lat' dir='ltr'>ipsi</span> <span class='ocrx_word' id='word_1_74' title='bbox 463 1364 571 1402; x_wconf 90' lang='lat' dir='ltr'>nos</span> <span class='ocrx_word' id='word_1_75' title='bbox 608 1349 858 1412; x_wconf 79' lang='lat' dir='ltr'>montes,</span> <span class='ocrx_word' id='word_1_76' title='bbox 894 1345 1023 1414; x_wconf 89' lang='lat' dir='ltr'>ipsa</span> <span class='ocrx_word' id='word_1_77' title='bbox 1054 1343 1167 1396; x_wconf 91' lang='lat' dir='ltr'>hoc</span> <span class='ocrx_word' id='word_1_78' title='bbox 1200 1341 1441 1395; x_wconf 89' lang='lat' dir='ltr'>arbusta</span> <span class='ocrx_word' id='word_1_79' title='bbox 1472 1339 1768 1393; x_wconf 90' lang='lat' dir='ltr'>notabant.</span> 
     </span>
    </p>
   </div>
   <div class='ocr_carea' id='block_1_15' title="bbox 388 1425 1983 1491">
    <p class='ocr_par' dir='ltr' id='par_1_15' title="bbox 388 1425 1983 1491">
     <span class='ocr_line' id='line_1_15' title="bbox 388 1425 1983 1491; baseline -0.007 -2"><span class='ocrx_word' id='word_1_80' title='bbox 388 1437 460 1491; x_wconf 88' lang='lat' dir='ltr'>V.</span> <span class='ocrx_word' id='word_1_81' title='bbox 487 1437 569 1491; x_wconf 91' lang='lat' dir='ltr'>De</span> <span class='ocrx_word' id='word_1_82' title='bbox 592 1434 910 1489; x_wconf 75' lang='lat' dir='ltr'>fundatore</span> <span class='ocrx_word' id='word_1_83' title='bbox 942 1431 1193 1486; x_wconf 74' lang='lat' dir='ltr'>caenobii</span> <span class='ocrx_word' id='word_1_84' title='bbox 1235 1429 1626 1483; x_wconf 82' lang='lat' dir='ltr'>Watinensis.</span> <span class='ocrx_word' id='word_1_85' title='bbox 1643 1458 1709 1466; x_wconf 88' lang='lat'><strong><em>—</em></strong></span> <span class='ocrx_word' id='word_1_86' title='bbox 1727 1427 1857 1481; x_wconf 84' lang='lat' dir='ltr'>Jam</span> <span class='ocrx_word' id='word_1_87' title='bbox 1882 1425 1983 1478; x_wconf 88' lang='lat' dir='ltr'>ali-</span> 
     </span>
    </p>
   </div>
   <div class='ocr_carea' id='block_1_16' title="bbox 316 1515 1983 1597">
    <p class='ocr_par' dir='ltr' id='par_1_16' title="bbox 316 1515 1983 1597">
     <span class='ocr_line' id='line_1_16' title="bbox 316 1515 1983 1597; baseline -0.008 -16"><span class='ocrx_word' id='word_1_88' title='bbox 316 1524 660 1597; x_wconf 89' lang='lat' dir='ltr'>quantulum</span> <span class='ocrx_word' id='word_1_89' title='bbox 695 1521 1063 1594; x_wconf 82' lang='lat' dir='ltr'>digrediendi</span> <span class='ocrx_word' id='word_1_90' title='bbox 1097 1519 1233 1573; x_wconf 88' lang='lat' dir='ltr'>usui</span> <span class='ocrx_word' id='word_1_91' title='bbox 1255 1521 1457 1572; x_wconf 89' lang='lat' dir='ltr'>nostro</span> <span class='ocrx_word' id='word_1_92' title='bbox 1482 1518 1652 1587; x_wconf 87' lang='lat' dir='ltr'>prout</span> <span class='ocrx_word' id='word_1_93' title='bbox 1672 1515 1983 1568; x_wconf 84' lang='lat' dir='ltr'>videbatur</span> 
     </span>
    </p>
   </div>
   <div class='ocr_carea' id='block_1_17' title="bbox 318 1604 1987 1680">
    <p class='ocr_par' dir='ltr' id='par_1_17' title="bbox 318 1604 1987 1680">
     <span class='ocr_line' id='line_1_17' title="bbox 318 1604 1987 1680; baseline -0.008 -11"><span class='ocrx_word' id='word_1_94' title='bbox 318 1614 727 1669; x_wconf 88' lang='lat' dir='ltr'>necessarium</span> <span class='ocrx_word' id='word_1_95' title='bbox 744 1611 1057 1680; x_wconf 90' lang='lat' dir='ltr'>immorati,</span> <span class='ocrx_word' id='word_1_96' title='bbox 1080 1610 1273 1679; x_wconf 90' lang='lat' dir='ltr'>ipsum</span> <span class='ocrx_word' id='word_1_97' title='bbox 1293 1606 1546 1661; x_wconf 83' lang='lat' dir='ltr'>coenobii</span> <span class='ocrx_word' id='word_1_98' title='bbox 1572 1606 1763 1659; x_wconf 89' lang='lat' dir='ltr'>nostri</span> <span class='ocrx_word' id='word_1_99' title='bbox 1787 1604 1987 1658; x_wconf 81' lang='lat' dir='ltr'>funda-</span> 
     </span>
    </p>
   </div>
   <div class='ocr_carea' id='block_1_18' title="bbox 313 1693 1983 1773">
    <p class='ocr_par' dir='ltr' id='par_1_18' title="bbox 313 1693 1983 1773">
     <span class='ocr_line' id='line_1_18' title="bbox 313 1693 1983 1773; baseline -0.008 -16"><span class='ocrx_word' id='word_1_100' title='bbox 313 1706 522 1771; x_wconf 88' lang='lat' dir='ltr'>torem,</span> <span class='ocrx_word' id='word_1_101' title='bbox 547 1717 723 1773; x_wconf 89' lang='lat' dir='ltr'>quem</span> <span class='ocrx_word' id='word_1_102' title='bbox 737 1700 934 1753; x_wconf 89' lang='lat' dir='ltr'>divina</span> <span class='ocrx_word' id='word_1_103' title='bbox 957 1698 1355 1764; x_wconf 83' lang='lat' dir='ltr'>miseratione,</span> <span class='ocrx_word' id='word_1_104' title='bbox 1390 1696 1478 1748; x_wconf 70' lang='lat' dir='ltr'>sic</span> <span class='ocrx_word' id='word_1_105' title='bbox 1510 1697 1701 1747; x_wconf 89' lang='lat' dir='ltr'>actum</span> <span class='ocrx_word' id='word_1_106' title='bbox 1727 1693 1983 1746; x_wconf 87' lang='lat' dir='ltr'>arbitra-</span> 
     </span>
    </p>
   </div>
   <div class='ocr_carea' id='block_1_19' title="bbox 315 1783 1984 1860">
    <p class='ocr_par' dir='ltr' id='par_1_19' title="bbox 315 1783 1984 1860">
     <span class='ocr_line' id='line_1_19' title="bbox 315 1783 1984 1860; baseline -0.007 -14"><span class='ocrx_word' id='word_1_107' title='bbox 315 1808 465 1860; x_wconf 86' lang='lat' dir='ltr'>mur,</span> <span class='ocrx_word' id='word_1_108' title='bbox 494 1791 564 1844; x_wconf 91' lang='lat' dir='ltr'>ab</span> <span class='ocrx_word' id='word_1_109' title='bbox 580 1789 881 1844; x_wconf 85' lang='lat' dir='ltr'>orientalis</span> <span class='ocrx_word' id='word_1_110' title='bbox 896 1786 1186 1849; x_wconf 70' lang='lat' dir='ltr'>Flandriae</span> <span class='ocrx_word' id='word_1_111' title='bbox 1209 1785 1497 1856; x_wconf 87' lang='lat' dir='ltr'>partibus,</span> <span class='ocrx_word' id='word_1_112' title='bbox 1515 1783 1586 1836; x_wconf 91' lang='lat' dir='ltr'>ad</span> <span class='ocrx_word' id='word_1_113' title='bbox 1600 1787 1984 1835; x_wconf 87' lang='lat' dir='ltr'>memoratum</span> 
     </span>
    </p>
   </div>
   <div class='ocr_carea' id='block_1_20' title="bbox 314 1871 1983 1943">
    <p class='ocr_par' dir='ltr' id='par_1_20' title="bbox 314 1871 1983 1943">
     <span class='ocr_line' id='line_1_20' title="bbox 314 1871 1983 1943; baseline -0.008 -8"><span class='ocrx_word' id='word_1_114' title='bbox 314 1880 632 1935; x_wconf 86' lang='lat' dir='ltr'>destinavit</span> <span class='ocrx_word' id='word_1_115' title='bbox 663 1879 891 1931; x_wconf 76' lang='lat' dir='ltr'>mittere</span> <span class='ocrx_word' id='word_1_116' title='bbox 923 1877 1117 1929; x_wconf 91' lang='lat' dir='ltr'>locum</span> <span class='ocrx_word' id='word_1_117' title='bbox 1164 1875 1220 1927; x_wconf 88' lang='lat' dir='ltr'>in</span> <span class='ocrx_word' id='word_1_118' title='bbox 1253 1889 1402 1943; x_wconf 85' lang='lat' dir='ltr'>Opus</span> <span class='ocrx_word' id='word_1_119' title='bbox 1447 1872 1572 1938; x_wconf 90' lang='lat' dir='ltr'>Dei,</span> <span class='ocrx_word' id='word_1_120' title='bbox 1606 1872 1677 1924; x_wconf 88' lang='lat' dir='ltr'>ad</span> <span class='ocrx_word' id='word_1_121' title='bbox 1729 1871 1983 1924; x_wconf 90' lang='lat' dir='ltr'>medium</span> 
     </span>
    </p>
   </div>
   <div class='ocr_carea' id='block_1_21' title="bbox 313 1959 1981 2040">
    <p class='ocr_par' dir='ltr' id='par_1_21' title="bbox 313 1959 1981 2040">
     <span class='ocr_line' id='line_1_21' title="bbox 313 1959 1981 2040; baseline -0.008 -17"><span class='ocrx_word' id='word_1_122' title='bbox 313 1970 734 2040; x_wconf 81' lang='lat' dir='ltr'>producamus,</span> <span class='ocrx_word' id='word_1_123' title='bbox 789 1969 849 2019; x_wconf 89' lang='lat' dir='ltr'>ut</span> <span class='ocrx_word' id='word_1_124' title='bbox 892 1981 1006 2019; x_wconf 90' lang='lat' dir='ltr'>non</span> <span class='ocrx_word' id='word_1_125' title='bbox 1059 1964 1230 2017; x_wconf 92' lang='lat' dir='ltr'>modo</span> <span class='ocrx_word' id='word_1_126' title='bbox 1272 1962 1559 2016; x_wconf 82' lang='lat' dir='ltr'>exteriora</span> <span class='ocrx_word' id='word_1_127' title='bbox 1609 1959 1981 2013; x_wconf 85' lang='lat' dir='ltr'>fundamenta</span> 
     </span>
    </p>
   </div>
   <div class='ocr_carea' id='block_1_22' title="bbox 308 2048 1983 2129">
    <p class='ocr_par' dir='ltr' id='par_1_22' title="bbox 308 2048 1983 2129">
     <span class='ocr_line' id='line_1_22' title="bbox 308 2048 1983 2129; baseline -0.007 -17"><span class='ocrx_word' id='word_1_128' title='bbox 308 2058 523 2129; x_wconf 83' lang='lat' dir='ltr'>jaciat;</span> <span class='ocrx_word' id='word_1_129' title='bbox 555 2071 759 2109; x_wconf 88' lang='lat' dir='ltr'>verum</span> <span class='ocrx_word' id='word_1_130' title='bbox 791 2054 851 2107; x_wconf 91' lang='lat' dir='ltr'>in</span> <span class='ocrx_word' id='word_1_131' title='bbox 882 2053 1130 2107; x_wconf 65' lang='lat' dir='ltr'>aedificio</span> <span class='ocrx_word' id='word_1_132' title='bbox 1151 2049 1439 2121; x_wconf 89' lang='lat' dir='ltr'>spirituali</span> <span class='ocrx_word' id='word_1_133' title='bbox 1463 2050 1632 2102; x_wconf 90' lang='lat' dir='ltr'>vivos</span> <span class='ocrx_word' id='word_1_134' title='bbox 1664 2048 1983 2101; x_wconf 82' lang='lat' dir='ltr'>sanctuarii</span> 
     </span>
    </p>
   </div>
   <div class='ocr_carea' id='block_1_23' title="bbox 316 2137 1979 2216">
    <p class='ocr_par' dir='ltr' id='par_1_23' title="bbox 316 2137 1979 2216">
     <span class='ocr_line' id='line_1_23' title="bbox 316 2137 1979 2216; baseline -0.007 -15"><span class='ocrx_word' id='word_1_135' title='bbox 316 2146 566 2216; x_wconf 88' lang='lat' dir='ltr'>lapides,</span> <span class='ocrx_word' id='word_1_136' title='bbox 603 2147 664 2198; x_wconf 89' lang='lat' dir='ltr'>ut</span> <span class='ocrx_word' id='word_1_137' title='bbox 706 2142 947 2213; x_wconf 88' lang='lat' dir='ltr'>sapiens</span> <span class='ocrx_word' id='word_1_138' title='bbox 997 2141 1377 2206; x_wconf 83' lang='lat' dir='ltr'>architectus,</span> <span class='ocrx_word' id='word_1_139' title='bbox 1421 2137 1597 2207; x_wconf 89' lang='lat' dir='ltr'>polite</span> <span class='ocrx_word' id='word_1_140' title='bbox 1652 2138 1979 2206; x_wconf 88' lang='lat' dir='ltr'>componat.</span> 
     </span>
    </p>
   </div>
   <div class='ocr_carea' id='block_1_24' title="bbox 312 2223 1982 2303">
    <p class='ocr_par' dir='ltr' id='par_1_24' title="bbox 312 2223 1982 2303">
     <span class='ocr_line' id='line_1_24' title="bbox 312 2223 1982 2303; baseline -0.008 -14"><span class='ocrx_word' id='word_1_141' title='bbox 312 2235 454 2289; x_wconf 86' lang='lat' dir='ltr'>Erat</span> <span class='ocrx_word' id='word_1_142' title='bbox 484 2234 536 2286; x_wconf 88' lang='lat' dir='ltr'>is</span> <span class='ocrx_word' id='word_1_143' title='bbox 571 2232 873 2303; x_wconf 84' lang='lat' dir='ltr'>religiosae</span> <span class='ocrx_word' id='word_1_144' title='bbox 906 2230 1042 2283; x_wconf 77' lang='lat' dir='ltr'>vitae</span> <span class='ocrx_word' id='word_1_145' title='bbox 1078 2229 1352 2294; x_wconf 85' lang='lat' dir='ltr'>clericus,</span> <span class='ocrx_word' id='word_1_146' title='bbox 1387 2225 1592 2279; x_wconf 90' lang='lat' dir='ltr'>ordine</span> <span class='ocrx_word' id='word_1_147' title='bbox 1623 2223 1982 2278; x_wconf 86' lang='lat' dir='ltr'>sacerdotali</span> 
     </span>
    </p>
   </div>
   <div class='ocr_carea' id='block_1_25' title="bbox 315 2312 1983 2392">
    <p class='ocr_par' dir='ltr' id='par_1_25' title="bbox 315 2312 1983 2392">
     <span class='ocr_line' id='line_1_25' title="bbox 315 2312 1983 2392; baseline -0.008 -14"><span class='ocrx_word' id='word_1_148' title='bbox 315 2324 650 2389; x_wconf 89' lang='lat' dir='ltr'>decoratus,</span> <span class='ocrx_word' id='word_1_149' title='bbox 673 2321 890 2392; x_wconf 83' lang='lat' dir='ltr'>dignus</span> <span class='ocrx_word' id='word_1_150' title='bbox 910 2334 1025 2371; x_wconf 90' lang='lat' dir='ltr'>non</span> <span class='ocrx_word' id='word_1_151' title='bbox 1052 2316 1397 2385; x_wconf 80' lang='lat' dir='ltr'>simpliciter</span> <span class='ocrx_word' id='word_1_152' title='bbox 1414 2313 1527 2367; x_wconf 84' lang='lat' dir='ltr'>dici</span> <span class='ocrx_word' id='word_1_153' title='bbox 1546 2314 1797 2367; x_wconf 91' lang='lat' dir='ltr'>domnus</span> <span class='ocrx_word' id='word_1_154' title='bbox 1814 2312 1983 2366; x_wconf 88' lang='lat' dir='ltr'>Otfri-</span> 
     </span>
    </p>
   </div>
   <div class='ocr_carea' id='block_1_26' title="bbox 314 2404 1979 2479">
    <p class='ocr_par' dir='ltr' id='par_1_26' title="bbox 314 2404 1979 2479">
     <span class='ocr_line' id='line_1_26' title="bbox 314 2404 1979 2479; baseline -0.006 -13"><span class='ocrx_word' id='word_1_155' title='bbox 314 2413 452 2479; x_wconf 91' lang='lat' dir='ltr'>dus,</span> <span class='ocrx_word' id='word_1_156' title='bbox 486 2411 813 2464; x_wconf 89' lang='lat' dir='ltr'>litteratura</span> <span class='ocrx_word' id='word_1_157' title='bbox 840 2406 1115 2461; x_wconf 64' lang='lat' dir='ltr'>saeculari</span> <span class='ocrx_word' id='word_1_158' title='bbox 1144 2420 1213 2458; x_wconf 89' lang='lat' dir='ltr'>ac</span> <span class='ocrx_word' id='word_1_159' title='bbox 1249 2404 1581 2457; x_wconf 89' lang='lat' dir='ltr'>divinorum</span> <span class='ocrx_word' id='word_1_160' title='bbox 1610 2405 1727 2455; x_wconf 90' lang='lat' dir='ltr'>tam</span> <span class='ocrx_word' id='word_1_161' title='bbox 1758 2417 1979 2456; x_wconf 87' lang='lat' dir='ltr'>conve-</span> 
     </span>
    </p>
   </div>
   <div class='ocr_carea' id='block_1_27' title="bbox 312 2491 1980 2564">
    <p class='ocr_par' dir='ltr' id='par_1_27' title="bbox 312 2491 1980 2564">
     <span class='ocr_line' id='line_1_27' title="bbox 312 2491 1980 2564; baseline -0.007 -10"><span class='ocrx_word' id='word_1_162' title='bbox 312 2502 545 2554; x_wconf 88' lang='lat' dir='ltr'>nienter</span> <span class='ocrx_word' id='word_1_163' title='bbox 592 2499 942 2564; x_wconf 91' lang='lat' dir='ltr'>instructus,</span> <span class='ocrx_word' id='word_1_164' title='bbox 992 2500 1051 2548; x_wconf 89' lang='lat' dir='ltr'>ut</span> <span class='ocrx_word' id='word_1_165' title='bbox 1100 2496 1317 2564; x_wconf 83' lang='lat' dir='ltr'>praeter</span> <span class='ocrx_word' id='word_1_166' title='bbox 1363 2507 1513 2562; x_wconf 89' lang='lat' dir='ltr'>quos</span> <span class='ocrx_word' id='word_1_167' title='bbox 1565 2491 1980 2561; x_wconf 86' lang='lat' dir='ltr'>grammaticos</span> 
     </span>
    </p>
   </div>
   <div class='ocr_carea' id='block_1_28' title="bbox 311 2578 1981 2658">
    <p class='ocr_par' dir='ltr' id='par_1_28' title="bbox 311 2578 1981 2658">
     <span class='ocr_line' id='line_1_28' title="bbox 311 2578 1981 2658; baseline -0.007 -16"><span class='ocrx_word' id='word_1_168' title='bbox 311 2588 698 2658; x_wconf 87' lang='lat' dir='ltr'>appellamus,</span> <span class='ocrx_word' id='word_1_169' title='bbox 722 2588 777 2638; x_wconf 91' lang='lat' dir='ltr'>in</span> <span class='ocrx_word' id='word_1_170' title='bbox 809 2584 977 2639; x_wconf 90' lang='lat' dir='ltr'>libris</span> <span class='ocrx_word' id='word_1_171' title='bbox 1000 2583 1216 2637; x_wconf 89' lang='lat' dir='ltr'>divinis</span> <span class='ocrx_word' id='word_1_172' title='bbox 1240 2582 1311 2635; x_wconf 89' lang='lat' dir='ltr'>ab</span> <span class='ocrx_word' id='word_1_173' title='bbox 1344 2596 1413 2634; x_wconf 93' lang='lat' dir='ltr'>eo</span> <span class='ocrx_word' id='word_1_174' title='bbox 1445 2580 1596 2649; x_wconf 90' lang='lat' dir='ltr'>apud</span> <span class='ocrx_word' id='word_1_175' title='bbox 1628 2595 1738 2633; x_wconf 93' lang='lat' dir='ltr'>nos</span> <span class='ocrx_word' id='word_1_176' title='bbox 1756 2578 1981 2632; x_wconf 85' lang='lat' dir='ltr'>relictis</span> 
     </span>
    </p>
   </div>
   <div class='ocr_carea' id='block_1_29' title="bbox 312 2667 1982 2745">
    <p class='ocr_par' dir='ltr' id='par_1_29' title="bbox 312 2667 1982 2745">
     <span class='ocr_line' id='line_1_29' title="bbox 312 2667 1982 2745; baseline -0.007 -15"><span class='ocrx_word' id='word_1_177' title='bbox 312 2677 954 2745; x_wconf 90' lang='lat' dir='ltr'>luculenterappareat,</span> <span class='ocrx_word' id='word_1_178' title='bbox 983 2688 1156 2743; x_wconf 92' lang='lat' dir='ltr'>quam</span> <span class='ocrx_word' id='word_1_179' title='bbox 1181 2671 1438 2742; x_wconf 88' lang='lat' dir='ltr'>diligens</span> <span class='ocrx_word' id='word_1_180' title='bbox 1453 2684 1654 2722; x_wconf 92' lang='lat' dir='ltr'>eorum</span> <span class='ocrx_word' id='word_1_181' title='bbox 1688 2667 1982 2721; x_wconf 79' lang='lat' dir='ltr'>examina-</span> 
     </span>
    </p>
   </div>
   <div class='ocr_carea' id='block_1_30' title="bbox 312 2755 1982 2833">
    <p class='ocr_par' dir='ltr' id='par_1_30' title="bbox 312 2755 1982 2833">
     <span class='ocr_line' id='line_1_30' title="bbox 312 2755 1982 2833; baseline -0.007 -13"><span class='ocrx_word' id='word_1_182' title='bbox 312 2770 408 2820; x_wconf 85' lang='lat' dir='ltr'>tor</span> <span class='ocrx_word' id='word_1_183' title='bbox 439 2765 633 2833; x_wconf 89' lang='lat' dir='ltr'>fuerit,</span> <span class='ocrx_word' id='word_1_184' title='bbox 667 2764 804 2818; x_wconf 90' lang='lat' dir='ltr'>dum</span> <span class='ocrx_word' id='word_1_185' title='bbox 835 2763 989 2817; x_wconf 90' lang='lat' dir='ltr'>omni</span> <span class='ocrx_word' id='word_1_186' title='bbox 1036 2776 1141 2815; x_wconf 91' lang='lat' dir='ltr'>eos</span> <span class='ocrx_word' id='word_1_187' title='bbox 1189 2774 1406 2831; x_wconf 86' lang='lat' dir='ltr'>genere</span> <span class='ocrx_word' id='word_1_188' title='bbox 1439 2757 1879 2811; x_wconf 86' lang='lat' dir='ltr'>distinctionum</span> <span class='ocrx_word' id='word_1_189' title='bbox 1909 2755 1982 2809; x_wconf 90' lang='lat' dir='ltr'>ad</span> 
     </span>
    </p>
   </div>
   <div class='ocr_carea' id='block_1_31' title="bbox 312 2846 1981 2925">
    <p class='ocr_par' dir='ltr' id='par_1_31' title="bbox 312 2846 1981 2925">
     <span class='ocr_line' id='line_1_31' title="bbox 312 2846 1981 2925; baseline -0.007 -16"><span class='ocrx_word' id='word_1_190' title='bbox 312 2854 720 2925; x_wconf 81' lang='lat' dir='ltr'>intelligentiae</span> <span class='ocrx_word' id='word_1_191' title='bbox 769 2852 1130 2915; x_wconf 78' lang='lat' dir='ltr'>famulatum,</span> <span class='ocrx_word' id='word_1_192' title='bbox 1176 2850 1350 2918; x_wconf 88' lang='lat' dir='ltr'>prout</span> <span class='ocrx_word' id='word_1_193' title='bbox 1393 2848 1546 2901; x_wconf 89' lang='lat' dir='ltr'>inter</span> <span class='ocrx_word' id='word_1_194' title='bbox 1588 2846 1981 2899; x_wconf 85' lang='lat' dir='ltr'>scholasticos</span> 
     </span>
    </p>
   </div>
   <div class='ocr_carea' id='block_1_32' title="bbox 327 2935 1978 3012">
    <p class='ocr_par' dir='ltr' id='par_1_32' title="bbox 327 2935 1978 3012">
     <span class='ocr_line' id='line_1_32' title="bbox 327 2935 1978 3012; baseline -0.007 -15"><span class='ocrx_word' id='word_1_195' title='bbox 327 2943 399 2997; x_wconf 90' lang='lat' dir='ltr'>de</span> <span class='ocrx_word' id='word_1_196' title='bbox 459 2942 781 3012; x_wconf 84' lang='lat' dir='ltr'>Scripturis</span> <span class='ocrx_word' id='word_1_197' title='bbox 832 2941 1054 2994; x_wconf 86' lang='lat' dir='ltr'>sanctis</span> <span class='ocrx_word' id='word_1_198' title='bbox 1102 2937 1343 3006; x_wconf 86' lang='lat' dir='ltr'>audivit,</span> <span class='ocrx_word' id='word_1_199' title='bbox 1394 2936 1664 3008; x_wconf 83' lang='lat' dir='ltr'>gnaviter</span> <span class='ocrx_word' id='word_1_200' title='bbox 1706 2935 1978 3004; x_wconf 87' lang='lat' dir='ltr'>explevit.</span> 
     </span>
    </p>
   </div>
   <div class='ocr_carea' id='block_1_33' title="bbox 311 3022 1982 3099">
    <p class='ocr_par' dir='ltr' id='par_1_33' title="bbox 311 3022 1982 3099">
     <span class='ocr_line' id='line_1_33' title="bbox 311 3022 1982 3099; baseline -0.005 -14"><span class='ocrx_word' id='word_1_201' title='bbox 311 3031 432 3085; x_wconf 89' lang='lat' dir='ltr'>Sed</span> <span class='ocrx_word' id='word_1_202' title='bbox 466 3031 714 3085; x_wconf 85' lang='lat' dir='ltr'>forsitan</span> <span class='ocrx_word' id='word_1_203' title='bbox 758 3029 972 3099; x_wconf 87' lang='lat' dir='ltr'>aliquis</span> <span class='ocrx_word' id='word_1_204' title='bbox 1015 3031 1075 3080; x_wconf 92' lang='lat' dir='ltr'>tu</span> <span class='ocrx_word' id='word_1_205' title='bbox 1124 3026 1374 3095; x_wconf 90' lang='lat' dir='ltr'>cupidus</span> <span class='ocrx_word' id='word_1_206' title='bbox 1416 3024 1612 3077; x_wconf 88' lang='lat' dir='ltr'>dicere</span> <span class='ocrx_word' id='word_1_207' title='bbox 1657 3023 1749 3078; x_wconf 91' lang='lat' dir='ltr'>vel</span> <span class='ocrx_word' id='word_1_208' title='bbox 1781 3022 1982 3077; x_wconf 89' lang='lat' dir='ltr'>audire</span> 
     </span>
    </p>
   </div>
   <div class='ocr_carea' id='block_1_34' title="bbox 314 3113 1978 3191">
    <p class='ocr_par' dir='ltr' id='par_1_34' title="bbox 314 3113 1978 3191">
     <span class='ocr_line' id='line_1_34' title="bbox 314 3113 1978 3191; baseline -0.007 -17"><span class='ocrx_word' id='word_1_209' title='bbox 314 3120 457 3191; x_wconf 88' lang='lat' dir='ltr'>quid</span> <span class='ocrx_word' id='word_1_210' title='bbox 491 3120 647 3188; x_wconf 89' lang='lat' dir='ltr'>novi,</span> <span class='ocrx_word' id='word_1_211' title='bbox 699 3117 1061 3185; x_wconf 89' lang='lat' dir='ltr'>remordeas,</span> <span class='ocrx_word' id='word_1_212' title='bbox 1110 3119 1165 3169; x_wconf 93' lang='lat' dir='ltr'>et</span> <span class='ocrx_word' id='word_1_213' title='bbox 1194 3115 1349 3185; x_wconf 90' lang='lat' dir='ltr'>quod</span> <span class='ocrx_word' id='word_1_214' title='bbox 1388 3113 1642 3182; x_wconf 83' lang='lat' dir='ltr'>pinxerit</span> <span class='ocrx_word' id='word_1_215' title='bbox 1688 3127 1805 3165; x_wconf 91' lang='lat' dir='ltr'>non</span> <span class='ocrx_word' id='word_1_216' title='bbox 1850 3127 1978 3180; x_wconf 85' lang='lat' dir='ltr'>sua,</span> 
     </span>
    </p>
   </div>
   <div class='ocr_carea' id='block_1_35' title="bbox 313 3199 1978 3276">
    <p class='ocr_par' dir='ltr' id='par_1_35' title="bbox 313 3199 1978 3276">
     <span class='ocr_line' id='line_1_35' title="bbox 313 3199 1978 3276; baseline -0.005 -14"><span class='ocrx_word' id='word_1_217' title='bbox 313 3223 411 3262; x_wconf 87' lang='lat' dir='ltr'>me</span> <span class='ocrx_word' id='word_1_218' title='bbox 433 3208 657 3261; x_wconf 82' lang='lat' dir='ltr'>dixisse</span> <span class='ocrx_word' id='word_1_219' title='bbox 677 3206 1077 3276; x_wconf 76' lang='lat' dir='ltr'>reprehendas</span> <span class='ocrx_word' id='word_1_220' title='bbox 1113 3219 1124 3259; x_wconf 89' lang='lat'>:</span> <span class='ocrx_word' id='word_1_221' title='bbox 1157 3204 1413 3273; x_wconf 89' lang='lat' dir='ltr'>teipsum</span> <span class='ocrx_word' id='word_1_222' title='bbox 1444 3202 1501 3254; x_wconf 89' lang='lat' dir='ltr'>in</span> <span class='ocrx_word' id='word_1_223' title='bbox 1534 3201 1645 3254; x_wconf 87' lang='lat' dir='ltr'>hoc</span> <span class='ocrx_word' id='word_1_224' title='bbox 1668 3199 1978 3253; x_wconf 89' lang='lat' dir='ltr'>convenio.</span> 
     </span>
    </p>
   </div>
   <div class='ocr_carea' id='block_1_36' title="bbox 310 3288 1985 3365">
    <p class='ocr_par' dir='ltr' id='par_1_36' title="bbox 310 3288 1985 3365">
     <span class='ocr_line' id='line_1_36' title="bbox 310 3288 1985 3365; baseline -0.005 -16"><span class='ocrx_word' id='word_1_225' title='bbox 310 3296 465 3361; x_wconf 89' lang='lat' dir='ltr'>Quid</span> <span class='ocrx_word' id='word_1_226' title='bbox 498 3297 652 3350; x_wconf 89' lang='lat' dir='ltr'>enim</span> <span class='ocrx_word' id='word_1_227' title='bbox 684 3295 869 3349; x_wconf 91' lang='lat' dir='ltr'>habes</span> <span class='ocrx_word' id='word_1_228' title='bbox 901 3295 1056 3365; x_wconf 91' lang='lat' dir='ltr'>quod</span> <span class='ocrx_word' id='word_1_229' title='bbox 1086 3309 1204 3347; x_wconf 90' lang='lat' dir='ltr'>non</span> <span class='ocrx_word' id='word_1_230' title='bbox 1222 3291 1548 3360; x_wconf 78' lang='lat' dir='ltr'>accepisti?</span> <span class='ocrx_word' id='word_1_231' title='bbox 1579 3292 1676 3342; x_wconf 90' lang='lat' dir='ltr'>aut</span> <span class='ocrx_word' id='word_1_232' title='bbox 1707 3304 1822 3341; x_wconf 92' lang='lat' dir='ltr'>non</span> <span class='ocrx_word' id='word_1_233' title='bbox 1846 3288 1985 3342; x_wconf 89' lang='lat' dir='ltr'>sunt</span> 
     </span>
    </p>
   </div>
   <div class='ocr_carea' id='block_1_37' title="bbox 313 3371 2062 3457">
    <p class='ocr_par' dir='ltr' id='par_1_37' title="bbox 313 3371 2062 3457">
     <span class='ocr_line' id='line_1_37' title="bbox 313 3371 2062 3457; baseline -0.006 -18"><span class='ocrx_word' id='word_1_234' title='bbox 313 3385 636 3457; x_wconf 87' lang='lat' dir='ltr'>quaerenda</span> <span class='ocrx_word' id='word_1_235' title='bbox 667 3385 738 3437; x_wconf 88' lang='lat' dir='ltr'>ab</span> <span class='ocrx_word' id='word_1_236' title='bbox 772 3384 859 3438; x_wconf 89' lang='lat' dir='ltr'>eis</span> <span class='ocrx_word' id='word_1_237' title='bbox 904 3381 1249 3436; x_wconf 89' lang='lat' dir='ltr'>abscondita</span> <span class='ocrx_word' id='word_1_238' title='bbox 1280 3379 1712 3449; x_wconf 90' lang='lat' dir='ltr'>Scripturarum</span> <span class='ocrx_word' id='word_1_239' title='bbox 1745 3378 1845 3449; x_wconf 88' lang='lat' dir='ltr'>qui</span> <span class='ocrx_word' id='word_1_240' title='bbox 1875 3376 1982 3430; x_wconf 88' lang='lat' dir='ltr'>Dei</span> <span class='ocrx_word' id='word_1_241' title='bbox 2009 3371 2062 3435; x_wconf 74' lang='grc' dir='ltr'>Ο</span> 
     </span>
    </p>
   </div>
   <div class='ocr_carea' id='block_1_38' title="bbox 312 3466 1980 3536">
    <p class='ocr_par' dir='ltr' id='par_1_38' title="bbox 312 3466 1980 3536">
     <span class='ocr_line' id='line_1_38' title="bbox 312 3466 1980 3536; baseline -0.005 -10"><span class='ocrx_word' id='word_1_242' title='bbox 312 3474 671 3529; x_wconf 79' lang='lat' dir='ltr'>voluntatem</span> <span class='ocrx_word' id='word_1_243' title='bbox 688 3473 900 3526; x_wconf 89' lang='lat' dir='ltr'>mentis</span> <span class='ocrx_word' id='word_1_244' title='bbox 919 3471 1186 3525; x_wconf 87' lang='lat' dir='ltr'>acumine</span> <span class='ocrx_word' id='word_1_245' title='bbox 1209 3469 1462 3523; x_wconf 89' lang='lat' dir='ltr'>vicinius</span> <span class='ocrx_word' id='word_1_246' title='bbox 1486 3466 1980 3536; x_wconf 80' lang='lat' dir='ltr'>contemplantur‘?</span> 
     </span>
    </p>
   </div>
   <div class='ocr_carea' id='block_1_39' title="bbox 313 3556 1980 3631">
    <p class='ocr_par' dir='ltr' id='par_1_39' title="bbox 313 3556 1980 3631">
     <span class='ocr_line' id='line_1_39' title="bbox 313 3556 1980 3631; baseline -0.007 -13"><span class='ocrx_word' id='word_1_247' title='bbox 313 3579 391 3617; x_wconf 86' lang='lat' dir='ltr'>an</span> <span class='ocrx_word' id='word_1_248' title='bbox 438 3579 553 3617; x_wconf 89' lang='lat' dir='ltr'>non</span> <span class='ocrx_word' id='word_1_249' title='bbox 594 3578 797 3617; x_wconf 88' lang='lat' dir='ltr'>eorum</span> <span class='ocrx_word' id='word_1_250' title='bbox 848 3560 1149 3631; x_wconf 89' lang='lat' dir='ltr'>sequenda</span> <span class='ocrx_word' id='word_1_251' title='bbox 1193 3558 1465 3628; x_wconf 88' lang='lat' dir='ltr'>vestigia,</span> <span class='ocrx_word' id='word_1_252' title='bbox 1506 3557 1723 3627; x_wconf 88' lang='lat' dir='ltr'>quibus</span> <span class='ocrx_word' id='word_1_253' title='bbox 1782 3556 1980 3608; x_wconf 89' lang='lat' dir='ltr'>divina</span> 
     </span>
    </p>
   </div>
   <div class='ocr_carea' id='block_1_40' title="bbox 313 3643 1978 3708">
    <p class='ocr_par' dir='ltr' id='par_1_40' title="bbox 313 3643 1978 3708">
     <span class='ocr_line' id='line_1_40' title="bbox 313 3643 1978 3708; baseline -0.006 -2"><span class='ocrx_word' id='word_1_254' title='bbox 313 3652 652 3708; x_wconf 86' lang='lat' dir='ltr'>testimonia</span> <span class='ocrx_word' id='word_1_255' title='bbox 696 3644 1096 3704; x_wconf 85' lang='lat' dir='ltr'>scrutantibus</span> <span class='ocrx_word' id='word_1_256' title='bbox 1139 3648 1398 3701; x_wconf 88' lang='lat' dir='ltr'>revelata</span> <span class='ocrx_word' id='word_1_257' title='bbox 1446 3646 1630 3699; x_wconf 81' lang='lat' dir='ltr'>sunt?</span> <span class='ocrx_word' id='word_1_258' title='bbox 1674 3645 1805 3699; x_wconf 90' lang='lat' dir='ltr'>Non</span> <span class='ocrx_word' id='word_1_259' title='bbox 1847 3643 1978 3697; x_wconf 90' lang='lat' dir='ltr'>dico</span> 
     </span>
    </p>
   </div>
   <div class='ocr_carea' id='block_1_41' title="bbox 314 3732 1977 3812">
    <p class='ocr_par' dir='ltr' id='par_1_41' title="bbox 314 3732 1977 3812">
     <span class='ocr_line' id='line_1_41' title="bbox 314 3732 1977 3812; baseline -0.006 -18"><span class='ocrx_word' id='word_1_260' title='bbox 314 3740 475 3812; x_wconf 86' lang='lat' dir='ltr'>quod</span> <span class='ocrx_word' id='word_1_261' title='bbox 510 3740 811 3811; x_wconf 88' lang='lat' dir='ltr'>ingenium</span> <span class='ocrx_word' id='word_1_262' title='bbox 841 3740 1061 3791; x_wconf 90' lang='lat' dir='ltr'>tantum</span> <span class='ocrx_word' id='word_1_263' title='bbox 1094 3738 1221 3791; x_wconf 90' lang='lat' dir='ltr'>sine</span> <span class='ocrx_word' id='word_1_264' title='bbox 1252 3736 1493 3789; x_wconf 88' lang='lat' dir='ltr'>doctore</span> <span class='ocrx_word' id='word_1_265' title='bbox 1525 3750 1641 3788; x_wconf 93' lang='lat' dir='ltr'>non</span> <span class='ocrx_word' id='word_1_266' title='bbox 1674 3733 1752 3786; x_wconf 91' lang='lat' dir='ltr'>sit</span> <span class='ocrx_word' id='word_1_267' title='bbox 1783 3732 1977 3785; x_wconf 89' lang='lat' dir='ltr'>lauda-</span> 
     </span>
    </p>
   </div>
   <div class='ocr_carea' id='block_1_42' title="bbox 315 3820 1985 3899">
    <p class='ocr_par' dir='ltr' id='par_1_42' title="bbox 315 3820 1985 3899">
     <span class='ocr_line' id='line_1_42' title="bbox 315 3820 1985 3899; baseline -0.005 -16"><span class='ocrx_word' id='word_1_268' title='bbox 315 3830 468 3895; x_wconf 81' lang='lat' dir='ltr'>bile;</span> <span class='ocrx_word' id='word_1_269' title='bbox 519 3829 625 3883; x_wconf 89' lang='lat' dir='ltr'>sed</span> <span class='ocrx_word' id='word_1_270' title='bbox 676 3828 833 3899; x_wconf 89' lang='lat' dir='ltr'>quod</span> <span class='ocrx_word' id='word_1_271' title='bbox 884 3830 976 3881; x_wconf 90' lang='lat' dir='ltr'>est</span> <span class='ocrx_word' id='word_1_272' title='bbox 1020 3824 1428 3895; x_wconf 87' lang='lat' dir='ltr'>inspirationis</span> <span class='ocrx_word' id='word_1_273' title='bbox 1479 3826 1534 3876; x_wconf 91' lang='lat' dir='ltr'>et</span> <span class='ocrx_word' id='word_1_274' title='bbox 1580 3822 1830 3891; x_wconf 84' lang='lat' dir='ltr'>gratiae:</span> <span class='ocrx_word' id='word_1_275' title='bbox 1878 3820 1985 3874; x_wconf 92' lang='lat' dir='ltr'>sed</span> 
     </span>
    </p>
   </div>
   <div class='ocr_carea' id='block_1_43' title="bbox 316 3909 1984 3988">
    <p class='ocr_par' dir='ltr' id='par_1_43' title="bbox 316 3909 1984 3988">
     <span class='ocr_line' id='line_1_43' title="bbox 316 3909 1984 3988; baseline -0.007 -15"><span class='ocrx_word' id='word_1_276' title='bbox 316 3919 458 3973; x_wconf 89' lang='lat' dir='ltr'>dum</span> <span class='ocrx_word' id='word_1_277' title='bbox 489 3917 724 3988; x_wconf 89' lang='lat' dir='ltr'>quidam</span> <span class='ocrx_word' id='word_1_278' title='bbox 757 3917 925 3971; x_wconf 88' lang='lat' dir='ltr'>scioli</span> <span class='ocrx_word' id='word_1_279' title='bbox 959 3915 1237 3969; x_wconf 89' lang='lat' dir='ltr'>conclave</span> <span class='ocrx_word' id='word_1_280' title='bbox 1267 3912 1660 3983; x_wconf 59' lang='lat' dir='ltr'>philosophiae</span> <span class='ocrx_word' id='word_1_281' title='bbox 1690 3909 1862 3981; x_wconf 89' lang='lat' dir='ltr'>quasi</span> <span class='ocrx_word' id='word_1_282' title='bbox 1880 3925 1984 3979; x_wconf 91' lang='lat' dir='ltr'>per</span> 
     </span>
    </p>
   </div>
   <div class='ocr_carea' id='block_1_44' title="bbox 309 3997 1979 4072">
    <p class='ocr_par' dir='ltr' id='par_1_44' title="bbox 309 3997 1979 4072">
     <span class='ocr_line' id='line_1_44' title="bbox 309 3997 1979 4072; baseline -0.007 -12"><span class='ocrx_word' id='word_1_283' title='bbox 309 4007 500 4060; x_wconf 82' lang='lat' dir='ltr'>rimas</span> <span class='ocrx_word' id='word_1_284' title='bbox 532 4005 878 4058; x_wconf 84' lang='lat' dir='ltr'>tenuissima</span> <span class='ocrx_word' id='word_1_285' title='bbox 912 4004 1409 4072; x_wconf 86' lang='lat' dir='ltr'>introspexerunt,</span> <span class='ocrx_word' id='word_1_286' title='bbox 1442 3998 1853 4068; x_wconf 88' lang='lat' dir='ltr'>vilipendenda</span> <span class='ocrx_word' id='word_1_287' title='bbox 1888 3997 1979 4050; x_wconf 92' lang='lat' dir='ltr'>di-</span> 
     </span>
    </p>
   </div>
   <div class='ocr_carea' id='block_1_45' title="bbox 302 4088 1981 4166">
    <p class='ocr_par' dir='ltr' id='par_1_45' title="bbox 302 4088 1981 4166">
     <span class='ocr_line' id='line_1_45' title="bbox 302 4088 1981 4166; baseline -0.005 -19"><span class='ocrx_word' id='word_1_288' title='bbox 302 4094 583 4166; x_wconf 80' lang='lat' dir='ltr'>judicant</span> <span class='ocrx_word' id='word_1_289' title='bbox 610 4109 641 4146; x_wconf 89' lang='lat' dir='ltr'>a</span> <span class='ocrx_word' id='word_1_290' title='bbox 674 4093 1018 4147; x_wconf 90' lang='lat' dir='ltr'>doctoribus</span> <span class='ocrx_word' id='word_1_291' title='bbox 1061 4091 1324 4159; x_wconf 87' lang='lat' dir='ltr'>collecta,</span> <span class='ocrx_word' id='word_1_292' title='bbox 1360 4090 1475 4142; x_wconf 89' lang='lat' dir='ltr'>nisi</span> <span class='ocrx_word' id='word_1_293' title='bbox 1506 4088 1840 4141; x_wconf 82' lang='lat' dir='ltr'>academico</span> <span class='ocrx_word' id='word_1_294' title='bbox 1881 4102 1981 4139; x_wconf 93' lang='lat' dir='ltr'>sa-</span> 
     </span>
    </p>
   </div>
   <div class='ocr_carea' id='block_1_46' title="bbox 314 4176 1981 4253">
    <p class='ocr_par' dir='ltr' id='par_1_46' title="bbox 314 4176 1981 4253">
     <span class='ocr_line' id='line_1_46' title="bbox 314 4176 1981 4253; baseline -0.004 -17"><span class='ocrx_word' id='word_1_295' title='bbox 314 4198 463 4253; x_wconf 89' lang='lat' dir='ltr'>pore</span> <span class='ocrx_word' id='word_1_296' title='bbox 494 4183 707 4235; x_wconf 86' lang='lat' dir='ltr'>fuerint</span> <span class='ocrx_word' id='word_1_297' title='bbox 740 4182 988 4235; x_wconf 89' lang='lat' dir='ltr'>eondita.</span> <span class='ocrx_word' id='word_1_298' title='bbox 1021 4180 1181 4245; x_wconf 88' lang='lat' dir='ltr'>Quos</span> <span class='ocrx_word' id='word_1_299' title='bbox 1215 4179 1410 4248; x_wconf 87' lang='lat' dir='ltr'>potius</span> <span class='ocrx_word' id='word_1_300' title='bbox 1441 4178 1718 4232; x_wconf 79' lang='lat' dir='ltr'>ridendas</span> <span class='ocrx_word' id='word_1_301' title='bbox 1748 4176 1981 4230; x_wconf 88' lang='lat' dir='ltr'>addixe-</span> 
     </span>
    </p>
   </div>
   <div class='ocr_carea' id='block_1_47' title="bbox 313 4267 1984 4341">
    <p class='ocr_par' dir='ltr' id='par_1_47' title="bbox 313 4267 1984 4341">
     <span class='ocr_line' id='line_1_47' title="bbox 313 4267 1984 4341; baseline -0.004 -15"><span class='ocrx_word' id='word_1_302' title='bbox 313 4271 454 4337; x_wconf 81' lang='lat' dir='ltr'>rim,</span> <span class='ocrx_word' id='word_1_303' title='bbox 488 4271 585 4341; x_wconf 91' lang='lat' dir='ltr'>qui</span> <span class='ocrx_word' id='word_1_304' title='bbox 616 4287 720 4341; x_wconf 92' lang='lat' dir='ltr'>per</span> <span class='ocrx_word' id='word_1_305' title='bbox 750 4270 1173 4325; x_wconf 88' lang='lat' dir='ltr'>oblectamenta</span> <span class='ocrx_word' id='word_1_306' title='bbox 1204 4268 1453 4322; x_wconf 67' lang='lat' dir='ltr'>fallaciis</span> <span class='ocrx_word' id='word_1_307' title='bbox 1487 4267 1675 4338; x_wconf 75' lang='lat' dir='ltr'>magis</span> <span class='ocrx_word' id='word_1_308' title='bbox 1707 4267 1984 4335; x_wconf 91' lang='lat' dir='ltr'>appetunt</span> 
     </span>
    </p>
   </div>
   <div class='ocr_carea' id='block_1_48' title="bbox 316 4353 1983 4431">
    <p class='ocr_par' dir='ltr' id='par_1_48' title="bbox 316 4353 1983 4431">
     <span class='ocr_line' id='line_1_48' title="bbox 316 4353 1983 4431; baseline -0.004 -18"><span class='ocrx_word' id='word_1_309' title='bbox 316 4360 570 4431; x_wconf 78' lang='lat' dir='ltr'>garrire,</span> <span class='ocrx_word' id='word_1_310' title='bbox 606 4376 779 4431; x_wconf 91' lang='lat' dir='ltr'>quam</span> <span class='ocrx_word' id='word_1_311' title='bbox 807 4360 994 4412; x_wconf 87' lang='lat' dir='ltr'>sancti</span> <span class='ocrx_word' id='word_1_312' title='bbox 1024 4359 1279 4428; x_wconf 87' lang='lat' dir='ltr'>Spiritus</span> <span class='ocrx_word' id='word_1_313' title='bbox 1310 4357 1572 4428; x_wconf 86' lang='lat' dir='ltr'>organis,</span> <span class='ocrx_word' id='word_1_314' title='bbox 1601 4355 1863 4409; x_wconf 90' lang='lat' dir='ltr'>virorum</span> <span class='ocrx_word' id='word_1_315' title='bbox 1892 4353 1983 4407; x_wconf 91' lang='lat' dir='ltr'>vi-</span> 
     </span>
    </p>
   </div>
   <div class='ocr_carea' id='block_1_49' title="bbox 314 4445 1984 4509">
    <p class='ocr_par' dir='ltr' id='par_1_49' title="bbox 314 4445 1984 4509">
     <span class='ocr_line' id='line_1_49' title="bbox 314 4445 1984 4509; baseline -0.003 -7"><span class='ocrx_word' id='word_1_316' title='bbox 314 4449 535 4503; x_wconf 86' lang='lat' dir='ltr'>delicet</span> <span class='ocrx_word' id='word_1_317' title='bbox 561 4448 877 4502; x_wconf 88' lang='lat' dir='ltr'>illustrium</span> <span class='ocrx_word' id='word_1_318' title='bbox 899 4447 1265 4501; x_wconf 88' lang='lat' dir='ltr'>documentis</span> <span class='ocrx_word' id='word_1_319' title='bbox 1289 4445 1590 4499; x_wconf 89' lang='lat' dir='ltr'>obaudire.</span> <span class='ocrx_word' id='word_1_320' title='bbox 1624 4445 1813 4509; x_wconf 87' lang='lat' dir='ltr'>Quare</span> <span class='ocrx_word' id='word_1_321' title='bbox 1828 4446 1984 4497; x_wconf 89' lang='lat' dir='ltr'>tanto</span> 
     </span>
    </p>
   </div>
   <div class='ocr_carea' id='block_1_50' title="bbox 318 4532 1989 4607">
    <p class='ocr_par' dir='ltr' id='par_1_50' title="bbox 318 4532 1989 4607">
     <span class='ocr_line' id='line_1_50' title="bbox 318 4532 1989 4607; baseline -0.004 -16"><span class='ocrx_word' id='word_1_322' title='bbox 318 4536 655 4607; x_wconf 72' lang='lat' dir='ltr'>majoribus</span> <span class='ocrx_word' id='word_1_323' title='bbox 678 4553 811 4591; x_wconf 92' lang='lat' dir='ltr'>eum</span> <span class='ocrx_word' id='word_1_324' title='bbox 833 4536 1163 4606; x_wconf 67' lang='lat' dir='ltr'>disciplima</span> <span class='ocrx_word' id='word_1_325' title='bbox 1187 4536 1358 4589; x_wconf 86' lang='lat' dir='ltr'>bonis</span> <span class='ocrx_word' id='word_1_326' title='bbox 1377 4535 1530 4587; x_wconf 89' lang='lat' dir='ltr'>inter</span> <span class='ocrx_word' id='word_1_327' title='bbox 1550 4549 1660 4587; x_wconf 92' lang='lat' dir='ltr'>nos</span> <span class='ocrx_word' id='word_1_328' title='bbox 1684 4532 1818 4585; x_wconf 90' lang='lat' dir='ltr'>dum</span> <span class='ocrx_word' id='word_1_329' title='bbox 1844 4532 1989 4585; x_wconf 83' lang='lat' dir='ltr'>vixit</span> 
     </span>
    </p>
   </div>
   <div class='ocr_carea' id='block_1_51' title="bbox 315 4620 1988 4695">
    <p class='ocr_par' dir='ltr' id='par_1_51' title="bbox 315 4620 1988 4695">
     <span class='ocr_line' id='line_1_51' title="bbox 315 4620 1988 4695; baseline -0.005 -15"><span class='ocrx_word' id='word_1_330' title='bbox 315 4626 624 4680; x_wconf 85' lang='lat' dir='ltr'>abundare</span> <span class='ocrx_word' id='word_1_331' title='bbox 657 4626 932 4693; x_wconf 89' lang='lat' dir='ltr'>vidimus,</span> <span class='ocrx_word' id='word_1_332' title='bbox 966 4628 1183 4695; x_wconf 89' lang='lat' dir='ltr'>quanto</span> <span class='ocrx_word' id='word_1_333' title='bbox 1210 4639 1325 4677; x_wconf 90' lang='lat' dir='ltr'>non</span> <span class='ocrx_word' id='word_1_334' title='bbox 1358 4623 1591 4675; x_wconf 88' lang='lat' dir='ltr'>inventa</span> <span class='ocrx_word' id='word_1_335' title='bbox 1614 4625 1711 4674; x_wconf 88' lang='lat' dir='ltr'>aut</span> <span class='ocrx_word' id='word_1_336' title='bbox 1732 4620 1862 4674; x_wconf 84' lang='lat' dir='ltr'>ficta</span> <span class='ocrx_word' id='word_1_337' title='bbox 1883 4636 1988 4686; x_wconf 90' lang='lat' dir='ltr'>per</span> 
     </span>
    </p>
   </div>
   <div class='ocr_carea' id='block_1_52' title="bbox 2092 638 3758 710">
    <p class='ocr_par' dir='ltr' id='par_1_52' title="bbox 2092 638 3758 710">
     <span class='ocr_line' id='line_1_52' title="bbox 2092 638 3758 710; baseline -0.003 -15"><span class='ocrx_word' id='word_1_338' title='bbox 2092 640 2380 695; x_wconf 68' lang='lat' dir='ltr'>Caeterum</span> <span class='ocrx_word' id='word_1_339' title='bbox 2414 640 2818 709; x_wconf 88' lang='lat' dir='ltr'>opinatissima</span> <span class='ocrx_word' id='word_1_340' title='bbox 2853 656 3026 710; x_wconf 84' lang='lat' dir='ltr'>quam</span> <span class='ocrx_word' id='word_1_341' title='bbox 3061 639 3244 707; x_wconf 83' lang='lat' dir='ltr'>potuit</span> <span class='ocrx_word' id='word_1_342' title='bbox 3268 639 3566 692; x_wconf 81' lang='lat' dir='ltr'>canonicae</span> <span class='ocrx_word' id='word_1_343' title='bbox 3590 638 3758 691; x_wconf 84' lang='lat' dir='ltr'>insti-</span> 
     </span>
    </p>
   </div>
   <div class='ocr_carea' id='block_1_53' title="bbox 2093 728 3757 799">
    <p class='ocr_par' dir='ltr' id='par_1_53' title="bbox 2093 728 3757 799">
     <span class='ocr_line' id='line_1_53' title="bbox 2093 728 3757 799; baseline -0.001 -15"><span class='ocrx_word' id='word_1_344' title='bbox 2093 731 2332 784; x_wconf 91' lang='lat' dir='ltr'>tutionis</span> <span class='ocrx_word' id='word_1_345' title='bbox 2383 730 2772 799; x_wconf 70' lang='lat' dir='ltr'>undecunque</span> <span class='ocrx_word' id='word_1_346' title='bbox 2821 730 3098 796; x_wconf 87' lang='lat' dir='ltr'>decerpta</span> <span class='ocrx_word' id='word_1_347' title='bbox 3148 728 3361 781; x_wconf 88' lang='lat' dir='ltr'>mentis</span> <span class='ocrx_word' id='word_1_348' title='bbox 3397 728 3453 780; x_wconf 91' lang='lat' dir='ltr'>in</span> <span class='ocrx_word' id='word_1_349' title='bbox 3495 728 3757 783; x_wconf 86' lang='lat' dir='ltr'>alvcario</span> 
     </span>
    </p>
   </div>
   <div class='ocr_carea' id='block_1_54' title="bbox 2093 814 3758 888">
    <p class='ocr_par' dir='ltr' id='par_1_54' title="bbox 2093 814 3758 888">
     <span class='ocr_line' id='line_1_54' title="bbox 2093 814 3758 888; baseline -0.001 -16"><span class='ocrx_word' id='word_1_350' title='bbox 2093 819 2352 888; x_wconf 89' lang='lat' dir='ltr'>collegit,</span> <span class='ocrx_word' id='word_1_351' title='bbox 2405 820 2467 871; x_wconf 90' lang='lat' dir='ltr'>ut</span> <span class='ocrx_word' id='word_1_352' title='bbox 2495 818 2555 870; x_wconf 92' lang='lat' dir='ltr'>in</span> <span class='ocrx_word' id='word_1_353' title='bbox 2597 818 2876 871; x_wconf 91' lang='lat' dir='ltr'>horreum</span> <span class='ocrx_word' id='word_1_354' title='bbox 2925 818 3147 869; x_wconf 75' lang='lat' dir='ltr'>sanctae</span> <span class='ocrx_word' id='word_1_355' title='bbox 3197 814 3486 868; x_wconf 82' lang='lat' dir='ltr'>Ecclesiae</span> <span class='ocrx_word' id='word_1_356' title='bbox 3519 831 3758 870; x_wconf 87' lang='lat' dir='ltr'>messor</span> 
     </span>
    </p>
   </div>
   <div class='ocr_carea' id='block_1_55' title="bbox 2090 903 3757 975">
    <p class='ocr_par' dir='ltr' id='par_1_55' title="bbox 2090 903 3757 975">
     <span class='ocr_line' id='line_1_55' title="bbox 2090 903 3757 975; baseline -0.001 -15"><span class='ocrx_word' id='word_1_357' title='bbox 2090 908 2325 961; x_wconf 91' lang='lat' dir='ltr'>divinus</span> <span class='ocrx_word' id='word_1_358' title='bbox 2351 906 2667 972; x_wconf 89' lang='lat' dir='ltr'>conferret,</span> <span class='ocrx_word' id='word_1_359' title='bbox 2694 922 2825 975; x_wconf 86' lang='lat' dir='ltr'>quae</span> <span class='ocrx_word' id='word_1_360' title='bbox 2850 920 3052 958; x_wconf 72' lang='lat' dir='ltr'>secum</span> <span class='ocrx_word' id='word_1_361' title='bbox 3082 904 3138 958; x_wconf 88' lang='lat' dir='ltr'>in</span> <span class='ocrx_word' id='word_1_362' title='bbox 3170 904 3373 957; x_wconf 89' lang='lat' dir='ltr'>tritura</span> <span class='ocrx_word' id='word_1_363' title='bbox 3400 903 3757 959; x_wconf 90' lang='lat' dir='ltr'>laboraturis</span> 
     </span>
    </p>
   </div>
   <div class='ocr_carea' id='block_1_56' title="bbox 2091 995 3750 1070">
    <p class='ocr_par' dir='ltr' id='par_1_56' title="bbox 2091 995 3750 1070">
     <span class='ocr_line' id='line_1_56' title="bbox 2091 995 3750 1070; baseline -0.004 -17"><span class='ocrx_word' id='word_1_364' title='bbox 2091 1001 2257 1070; x_wconf 83' lang='lat' dir='ltr'>grato</span> <span class='ocrx_word' id='word_1_365' title='bbox 2288 1002 2460 1068; x_wconf 92' lang='lat' dir='ltr'>pastu</span> <span class='ocrx_word' id='word_1_366' title='bbox 2488 996 2710 1051; x_wconf 87' lang='lat' dir='ltr'>cibaria</span> <span class='ocrx_word' id='word_1_367' title='bbox 2740 996 3137 1065; x_wconf 88' lang='lat' dir='ltr'>dispensaret.</span> <span class='ocrx_word' id='word_1_368' title='bbox 3170 995 3431 1049; x_wconf 88' lang='lat' dir='ltr'>Veniens</span> <span class='ocrx_word' id='word_1_369' title='bbox 3463 996 3646 1066; x_wconf 82' lang='lat' dir='ltr'>igitur</span> <span class='ocrx_word' id='word_1_370' title='bbox 3676 995 3750 1048; x_wconf 90' lang='lat' dir='ltr'>ad</span> 
     </span>
    </p>
   </div>
   <div class='ocr_carea' id='block_1_57' title="bbox 2091 1084 3749 1157">
    <p class='ocr_par' dir='ltr' id='par_1_57' title="bbox 2091 1084 3749 1157">
     <span class='ocr_line' id='line_1_57' title="bbox 2091 1084 3749 1157; baseline -0.002 -15"><span class='ocrx_word' id='word_1_371' title='bbox 2091 1088 2451 1157; x_wconf 86' lang='lat' dir='ltr'>descriptum</span> <span class='ocrx_word' id='word_1_372' title='bbox 2482 1088 2695 1151; x_wconf 87' lang='lat' dir='ltr'>locum,</span> <span class='ocrx_word' id='word_1_373' title='bbox 2731 1086 2903 1155; x_wconf 90' lang='lat' dir='ltr'>quasi</span> <span class='ocrx_word' id='word_1_374' title='bbox 2945 1089 3183 1154; x_wconf 89' lang='lat' dir='ltr'>peracto</span> <span class='ocrx_word' id='word_1_375' title='bbox 3230 1084 3503 1138; x_wconf 89' lang='lat' dir='ltr'>currendi</span> <span class='ocrx_word' id='word_1_376' title='bbox 3538 1084 3749 1146; x_wconf 81' lang='lat' dir='ltr'>stadio.</span> 
     </span>
    </p>
   </div>
   <div class='ocr_carea' id='block_1_58' title="bbox 2094 1157 3758 1245">
    <p class='ocr_par' dir='ltr' id='par_1_58' title="bbox 2094 1157 3758 1245">
     <span class='ocr_line' id='line_1_58' title="bbox 2094 1157 3758 1245; baseline -0.004 -13"><span class='ocrx_word' id='word_1_377' title='bbox 2094 1178 2362 1232; x_wconf 88' lang='lat' dir='ltr'>bravium</span> <span class='ocrx_word' id='word_1_378' title='bbox 2408 1174 2625 1245; x_wconf 89' lang='lat' dir='ltr'>ugonis</span> <span class='ocrx_word' id='word_1_379' title='bbox 2671 1176 3024 1242; x_wconf 90' lang='lat' dir='ltr'>accepturus</span> <span class='ocrx_word' id='word_1_380' title='bbox 3067 1191 3078 1227; x_wconf 87' lang='lat'><strong>:</strong></span> <span class='ocrx_word' id='word_1_381' title='bbox 3124 1174 3423 1242; x_wconf 75' lang='lat' dir='ltr'>sperulata</span> <span class='ocrx_word' id='word_1_382' title='bbox 3472 1157 3758 1226; x_wconf 87' lang='lat' dir='ltr'>silvarum</span> 
     </span>
    </p>
   </div>
   <div class='ocr_carea' id='block_1_59' title="bbox 2095 1262 3756 1338">
    <p class='ocr_par' dir='ltr' id='par_1_59' title="bbox 2095 1262 3756 1338">
     <span class='ocr_line' id='line_1_59' title="bbox 2095 1262 3756 1338; baseline -0.005 -15"><span class='ocrx_word' id='word_1_383' title='bbox 2095 1267 2432 1338; x_wconf 87' lang='lat' dir='ltr'>solitudine,</span> <span class='ocrx_word' id='word_1_384' title='bbox 2464 1267 2660 1334; x_wconf 84' lang='lat' dir='ltr'>aptum</span> <span class='ocrx_word' id='word_1_385' title='bbox 2700 1265 2923 1335; x_wconf 87' lang='lat' dir='ltr'>private</span> <span class='ocrx_word' id='word_1_386' title='bbox 2966 1265 3201 1319; x_wconf 86' lang='lat' dir='ltr'>vivendi</span> <span class='ocrx_word' id='word_1_387' title='bbox 3235 1266 3305 1317; x_wconf 87' lang='lat' dir='ltr'>ab</span> <span class='ocrx_word' id='word_1_388' title='bbox 3344 1262 3756 1333; x_wconf 86' lang='lat' dir='ltr'>inopportuni-</span> 
     </span>
    </p>
   </div>
   <div class='ocr_carea' id='block_1_60' title="bbox 2090 1353 3752 1424">
    <p class='ocr_par' dir='ltr' id='par_1_60' title="bbox 2090 1353 3752 1424">
     <span class='ocr_line' id='line_1_60' title="bbox 2090 1353 3752 1424; baseline -0.003 -12"><span class='ocrx_word' id='word_1_389' title='bbox 2090 1361 2204 1412; x_wconf 84' lang='lat' dir='ltr'>tate</span> <span class='ocrx_word' id='word_1_390' title='bbox 2237 1356 2692 1411; x_wconf 87' lang='lat' dir='ltr'>discurrentium</span> <span class='ocrx_word' id='word_1_391' title='bbox 2732 1358 2897 1410; x_wconf 89' lang='lat' dir='ltr'>ratus</span> <span class='ocrx_word' id='word_1_392' title='bbox 2930 1356 3019 1408; x_wconf 81' lang='lat' dir='ltr'>est</span> <span class='ocrx_word' id='word_1_393' title='bbox 3051 1355 3168 1409; x_wconf 88' lang='lat' dir='ltr'>sibi</span> <span class='ocrx_word' id='word_1_394' title='bbox 3200 1356 3500 1424; x_wconf 80' lang='lat' dir='ltr'>reperisse</span> <span class='ocrx_word' id='word_1_395' title='bbox 3535 1353 3752 1407; x_wconf 79' lang='lat' dir='ltr'>latibu-</span> 
     </span>
    </p>
   </div>
   <div class='ocr_carea' id='block_1_61' title="bbox 2088 1443 3750 1515">
    <p class='ocr_par' dir='ltr' id='par_1_61' title="bbox 2088 1443 3750 1515">
     <span class='ocr_line' id='line_1_61' title="bbox 2088 1443 3750 1515; baseline -0.004 -14"><span class='ocrx_word' id='word_1_396' title='bbox 2088 1448 2228 1501; x_wconf 94' lang='lat' dir='ltr'>lum.</span> <span class='ocrx_word' id='word_1_397' title='bbox 2267 1446 2533 1515; x_wconf 80' lang='lat' dir='ltr'>Replicat</span> <span class='ocrx_word' id='word_1_398' title='bbox 2572 1448 2765 1499; x_wconf 85' lang='lat' dir='ltr'>tamen</span> <span class='ocrx_word' id='word_1_399' title='bbox 2796 1445 3039 1513; x_wconf 81' lang='lat' dir='ltr'>provide</span> <span class='ocrx_word' id='word_1_400' title='bbox 3083 1445 3269 1511; x_wconf 80' lang='lat' dir='ltr'>vices,</span> <span class='ocrx_word' id='word_1_401' title='bbox 3305 1444 3466 1498; x_wconf 85' lang='lat' dir='ltr'>velut</span> <span class='ocrx_word' id='word_1_402' title='bbox 3513 1443 3750 1513; x_wconf 82' lang='lat' dir='ltr'>perSpi-</span> 
     </span>
    </p>
   </div>
   <div class='ocr_carea' id='block_1_62' title="bbox 2087 1531 3752 1604">
    <p class='ocr_par' dir='ltr' id='par_1_62' title="bbox 2087 1531 3752 1604">
     <span class='ocr_line' id='line_1_62' title="bbox 2087 1531 3752 1604; baseline -0.003 -13"><span class='ocrx_word' id='word_1_403' title='bbox 2087 1554 2194 1591; x_wconf 86' lang='lat' dir='ltr'>cax</span> <span class='ocrx_word' id='word_1_404' title='bbox 2223 1537 2281 1591; x_wconf 90' lang='lat' dir='ltr'>in</span> <span class='ocrx_word' id='word_1_405' title='bbox 2316 1536 2574 1590; x_wconf 82' lang='lat' dir='ltr'>futurum</span> <span class='ocrx_word' id='word_1_406' title='bbox 2604 1535 2841 1588; x_wconf 90' lang='lat' dir='ltr'>vivendi</span> <span class='ocrx_word' id='word_1_407' title='bbox 2872 1535 3166 1603; x_wconf 84' lang='lat' dir='ltr'>provisor,</span> <span class='ocrx_word' id='word_1_408' title='bbox 3199 1537 3253 1589; x_wconf 89' lang='lat' dir='ltr'>et</span> <span class='ocrx_word' id='word_1_409' title='bbox 3286 1533 3453 1604; x_wconf 84' lang='lat' dir='ltr'>quasi</span> <span class='ocrx_word' id='word_1_410' title='bbox 3480 1533 3604 1586; x_wconf 90' lang='lat' dir='ltr'>ales</span> <span class='ocrx_word' id='word_1_411' title='bbox 3626 1531 3752 1602; x_wconf 80' lang='lat' dir='ltr'>jam</span> 
     </span>
    </p>
   </div>
   <div class='ocr_carea' id='block_1_63' title="bbox 2084 1622 3752 1695">
    <p class='ocr_par' dir='ltr' id='par_1_63' title="bbox 2084 1622 3752 1695">
     <span class='ocr_line' id='line_1_63' title="bbox 2084 1622 3752 1695; baseline -0.002 -17"><span class='ocrx_word' id='word_1_412' title='bbox 2084 1627 2277 1680; x_wconf 88' lang='lat' dir='ltr'>vicina</span> <span class='ocrx_word' id='word_1_413' title='bbox 2312 1626 2524 1695; x_wconf 90' lang='lat' dir='ltr'>partui,</span> <span class='ocrx_word' id='word_1_414' title='bbox 2567 1625 2667 1679; x_wconf 92' lang='lat' dir='ltr'>ubi</span> <span class='ocrx_word' id='word_1_415' title='bbox 2693 1627 2813 1678; x_wconf 89' lang='lat' dir='ltr'>tuta</span> <span class='ocrx_word' id='word_1_416' title='bbox 2851 1625 3062 1677; x_wconf 80' lang='lat' dir='ltr'>cubilia</span> <span class='ocrx_word' id='word_1_417' title='bbox 3108 1628 3285 1691; x_wconf 85' lang='lat' dir='ltr'>ponat</span> <span class='ocrx_word' id='word_1_418' title='bbox 3316 1622 3585 1689; x_wconf 79' lang='lat' dir='ltr'>sollicita,</span> <span class='ocrx_word' id='word_1_419' title='bbox 3613 1622 3752 1675; x_wconf 91' lang='lat' dir='ltr'>hinc</span> 
     </span>
    </p>
   </div>
   <div class='ocr_carea' id='block_1_64' title="bbox 2082 1712 3751 1784">
    <p class='ocr_par' dir='ltr' id='par_1_64' title="bbox 2082 1712 3751 1784">
     <span class='ocr_line' id='line_1_64' title="bbox 2082 1712 3751 1784; baseline -0.002 -15"><span class='ocrx_word' id='word_1_420' title='bbox 2082 1719 2392 1771; x_wconf 90' lang='lat' dir='ltr'>ventorum</span> <span class='ocrx_word' id='word_1_421' title='bbox 2422 1714 2711 1783; x_wconf 85' lang='lat' dir='ltr'>turbines,</span> <span class='ocrx_word' id='word_1_422' title='bbox 2739 1714 2873 1767; x_wconf 85' lang='lat' dir='ltr'>inde</span> <span class='ocrx_word' id='word_1_423' title='bbox 2903 1714 3217 1767; x_wconf 87' lang='lat' dir='ltr'>milvorum</span> <span class='ocrx_word' id='word_1_424' title='bbox 3252 1712 3751 1784; x_wconf 86' lang='lat' dir='ltr'>ingluviem,hinc</span> 
     </span>
    </p>
   </div>
   <div class='ocr_carea' id='block_1_65' title="bbox 2087 1801 3751 1875">
    <p class='ocr_par' dir='ltr' id='par_1_65' title="bbox 2087 1801 3751 1875">
     <span class='ocr_line' id='line_1_65' title="bbox 2087 1801 3751 1875; baseline -0.003 -16"><span class='ocrx_word' id='word_1_425' title='bbox 2087 1806 2317 1875; x_wconf 89' lang='lat' dir='ltr'>trepida</span> <span class='ocrx_word' id='word_1_426' title='bbox 2346 1803 2563 1875; x_wconf 75' lang='lat' dir='ltr'>cogitat</span> <span class='ocrx_word' id='word_1_427' title='bbox 2591 1820 2663 1857; x_wconf 87' lang='lat' dir='ltr'>an</span> <span class='ocrx_word' id='word_1_428' title='bbox 2697 1819 2879 1874; x_wconf 81' lang='lat' dir='ltr'>grues</span> <span class='ocrx_word' id='word_1_429' title='bbox 2909 1803 3141 1856; x_wconf 90' lang='lat' dir='ltr'>tandem</span> <span class='ocrx_word' id='word_1_430' title='bbox 3174 1803 3358 1856; x_wconf 88' lang='lat' dir='ltr'>ardua</span> <span class='ocrx_word' id='word_1_431' title='bbox 3390 1801 3659 1856; x_wconf 88' lang='lat' dir='ltr'>tremulis</span> <span class='ocrx_word' id='word_1_432' title='bbox 3691 1801 3751 1854; x_wconf 91' lang='lat' dir='ltr'>in</span> 
     </span>
    </p>
   </div>
   <div class='ocr_carea' id='block_1_66' title="bbox 2086 1891 3752 1962">
    <p class='ocr_par' dir='ltr' id='par_1_66' title="bbox 2086 1891 3752 1962">
     <span class='ocr_line' id='line_1_66' title="bbox 2086 1891 3752 1962; baseline -0.003 -14"><span class='ocrx_word' id='word_1_433' title='bbox 2086 1895 2269 1948; x_wconf 89' lang='lat' dir='ltr'>ramis</span> <span class='ocrx_word' id='word_1_434' title='bbox 2298 1894 2469 1947; x_wconf 81' lang='lat' dir='ltr'>anxie</span> <span class='ocrx_word' id='word_1_435' title='bbox 2500 1894 2691 1962; x_wconf 89' lang='lat' dir='ltr'>placet</span> <span class='ocrx_word' id='word_1_436' title='bbox 2737 1892 3002 1946; x_wconf 85' lang='lat' dir='ltr'>frondea.</span> <span class='ocrx_word' id='word_1_437' title='bbox 3045 1892 3125 1944; x_wconf 90' lang='lat' dir='ltr'>Ita</span> <span class='ocrx_word' id='word_1_438' title='bbox 3178 1892 3385 1945; x_wconf 82' lang='lat' dir='ltr'>crebra</span> <span class='ocrx_word' id='word_1_439' title='bbox 3416 1891 3752 1944; x_wconf 90' lang='lat' dir='ltr'>visitatione</span> 
     </span>
    </p>
   </div>
   <div class='ocr_carea' id='block_1_67' title="bbox 2087 1978 3753 2050">
    <p class='ocr_par' dir='ltr' id='par_1_67' title="bbox 2087 1978 3753 2050">
     <span class='ocr_line' id='line_1_67' title="bbox 2087 1978 3753 2050; baseline -0.003 -12"><span class='ocrx_word' id='word_1_440' title='bbox 2087 2001 2203 2038; x_wconf 90' lang='lat' dir='ltr'>non</span> <span class='ocrx_word' id='word_1_441' title='bbox 2237 1983 2420 2037; x_wconf 85' lang='lat' dir='ltr'>semel</span> <span class='ocrx_word' id='word_1_442' title='bbox 2451 1984 2548 2036; x_wconf 89' lang='lat' dir='ltr'>aut</span> <span class='ocrx_word' id='word_1_443' title='bbox 2575 1982 2670 2035; x_wconf 91' lang='lat' dir='ltr'>bis</span> <span class='ocrx_word' id='word_1_444' title='bbox 2702 1980 3003 2035; x_wconf 90' lang='lat' dir='ltr'>redeundo</span> <span class='ocrx_word' id='word_1_445' title='bbox 3046 1981 3316 2047; x_wconf 83' lang='lat' dir='ltr'>satiatus,</span> <span class='ocrx_word' id='word_1_446' title='bbox 3359 1996 3510 2050; x_wconf 92' lang='lat' dir='ltr'>quos</span> <span class='ocrx_word' id='word_1_447' title='bbox 3539 1979 3662 2049; x_wconf 85' lang='lat' dir='ltr'>jam</span> <span class='ocrx_word' id='word_1_448' title='bbox 3694 1978 3753 2033; x_wconf 89' lang='lat' dir='ltr'>in</span> 
     </span>
    </p>
   </div>
   <div class='ocr_carea' id='block_1_68' title="bbox 2088 2068 3754 2144">
    <p class='ocr_par' dir='ltr' id='par_1_68' title="bbox 2088 2068 3754 2144">
     <span class='ocr_line' id='line_1_68' title="bbox 2088 2068 3754 2144; baseline -0.003 -16"><span class='ocrx_word' id='word_1_449' title='bbox 2088 2089 2196 2144; x_wconf 90' lang='lat' dir='ltr'>spe</span> <span class='ocrx_word' id='word_1_450' title='bbox 2229 2072 2567 2143; x_wconf 88' lang='lat' dir='ltr'>parturiens</span> <span class='ocrx_word' id='word_1_451' title='bbox 2608 2071 2723 2125; x_wconf 89' lang='lat' dir='ltr'>sibi</span> <span class='ocrx_word' id='word_1_452' title='bbox 2774 2070 2986 2123; x_wconf 88' lang='lat' dir='ltr'>sociari</span> <span class='ocrx_word' id='word_1_453' title='bbox 3043 2069 3452 2137; x_wconf 82' lang='lat' dir='ltr'>meditabatur,</span> <span class='ocrx_word' id='word_1_454' title='bbox 3500 2068 3754 2123; x_wconf 79' lang='lat' dir='ltr'>filiorum</span> 
     </span>
    </p>
   </div>
   <div class='ocr_carea' id='block_1_69' title="bbox 2090 2158 3753 2227">
    <p class='ocr_par' dir='ltr' id='par_1_69' title="bbox 2090 2158 3753 2227">
     <span class='ocr_line' id='line_1_69' title="bbox 2090 2158 3753 2227; baseline -0.002 -11"><span class='ocrx_word' id='word_1_455' title='bbox 2090 2161 2530 2216; x_wconf 88' lang='lat' dir='ltr'>mansiunculas</span> <span class='ocrx_word' id='word_1_456' title='bbox 2551 2159 2757 2214; x_wconf 91' lang='lat' dir='ltr'>solerti</span> <span class='ocrx_word' id='word_1_457' title='bbox 2776 2159 3116 2213; x_wconf 86' lang='lat' dir='ltr'>curiositate</span> <span class='ocrx_word' id='word_1_458' title='bbox 3132 2158 3577 2227; x_wconf 90' lang='lat' dir='ltr'>providebat,ne</span> <span class='ocrx_word' id='word_1_459' title='bbox 3596 2159 3753 2212; x_wconf 88' lang='lat' dir='ltr'>tanta</span> 
     </span>
    </p>
   </div>
   <div class='ocr_carea' id='block_1_70' title="bbox 2084 2247 3511 2319">
    <p class='ocr_par' dir='ltr' id='par_1_70' title="bbox 2084 2247 3511 2319">
     <span class='ocr_line' id='line_1_70' title="bbox 2084 2247 3511 2319; baseline -0.004 -13"><span class='ocrx_word' id='word_1_460' title='bbox 2084 2252 2201 2306; x_wconf 91' lang='lat' dir='ltr'>loci</span> <span class='ocrx_word' id='word_1_461' title='bbox 2224 2250 2634 2305; x_wconf 81' lang='lat' dir='ltr'>commoditate</span> <span class='ocrx_word' id='word_1_462' title='bbox 2658 2247 3072 2319; x_wconf 85' lang='lat' dir='ltr'>quoquomodo</span> <span class='ocrx_word' id='word_1_463' title='bbox 3106 2247 3511 2301; x_wconf 83' lang='lat' dir='ltr'>frustraretur.</span> 
     </span>
    </p>
   </div>
   <div class='ocr_carea' id='block_1_71' title="bbox 2154 2334 3755 2405">
    <p class='ocr_par' dir='ltr' id='par_1_71' title="bbox 2154 2334 3755 2405">
     <span class='ocr_line' id='line_1_71' title="bbox 2154 2334 3755 2405; baseline -0.003 -11"><span class='ocrx_word' id='word_1_464' title='bbox 2154 2340 2273 2394; x_wconf 88' lang='lat' dir='ltr'>VII.</span> <span class='ocrx_word' id='word_1_465' title='bbox 2294 2341 2501 2394; x_wconf 84' lang='lat' dir='ltr'>Locum</span> <span class='ocrx_word' id='word_1_466' title='bbox 2526 2355 2557 2391; x_wconf 87' lang='lat' dir='ltr'>a</span> <span class='ocrx_word' id='word_1_467' title='bbox 2587 2337 2919 2403; x_wconf 76' lang='lat' dir='ltr'>Rergensis</span> <span class='ocrx_word' id='word_1_468' title='bbox 2951 2336 3302 2391; x_wconf 78' lang='lat' dir='ltr'>monasterii</span> <span class='ocrx_word' id='word_1_469' title='bbox 3314 2334 3463 2405; x_wconf 75' lang='lat' dir='ltr'>jugo</span> <span class='ocrx_word' id='word_1_470' title='bbox 3498 2334 3755 2390; x_wconf 78' lang='lat' dir='ltr'>liberari</span> 
     </span>
    </p>
   </div>
   <div class='ocr_carea' id='block_1_72' title="bbox 2088 2424 3753 2497">
    <p class='ocr_par' dir='ltr' id='par_1_72' title="bbox 2088 2424 3753 2497">
     <span class='ocr_line' id='line_1_72' title="bbox 2088 2424 3753 2497; baseline -0.002 -14"><span class='ocrx_word' id='word_1_471' title='bbox 2088 2435 2274 2484; x_wconf 83' lang='lat' dir='ltr'>curat.</span> <span class='ocrx_word' id='word_1_472' title='bbox 2298 2428 2497 2482; x_wconf 87' lang='lat' dir='ltr'>—Sed</span> <span class='ocrx_word' id='word_1_473' title='bbox 2535 2426 2669 2497; x_wconf 86' lang='lat' dir='ltr'>quia</span> <span class='ocrx_word' id='word_1_474' title='bbox 2705 2425 3031 2493; x_wconf 85' lang='lat' dir='ltr'>Bergensis</span> <span class='ocrx_word' id='word_1_475' title='bbox 3054 2424 3396 2478; x_wconf 90' lang='lat' dir='ltr'>monasterii</span> <span class='ocrx_word' id='word_1_476' title='bbox 3423 2424 3753 2479; x_wconf 88' lang='lat' dir='ltr'>membrum</span> 
     </span>
    </p>
   </div>
   <div class='ocr_carea' id='block_1_73' title="bbox 2087 2512 3752 2586">
    <p class='ocr_par' dir='ltr' id='par_1_73' title="bbox 2087 2512 3752 2586">
     <span class='ocr_line' id='line_1_73' title="bbox 2087 2512 3752 2586; baseline -0.002 -15"><span class='ocrx_word' id='word_1_477' title='bbox 2087 2518 2139 2571; x_wconf 90' lang='lat' dir='ltr'>id</span> <span class='ocrx_word' id='word_1_478' title='bbox 2157 2533 2296 2571; x_wconf 89' lang='lat' dir='ltr'>esse</span> <span class='ocrx_word' id='word_1_479' title='bbox 2309 2517 2525 2586; x_wconf 88' lang='lat' dir='ltr'>depreh</span> <span class='ocrx_word' id='word_1_480' title='bbox 2535 2514 2789 2579; x_wconf 89' lang='lat' dir='ltr'>endit,ad</span> <span class='ocrx_word' id='word_1_481' title='bbox 2806 2514 3116 2583; x_wconf 87' lang='lat' dir='ltr'>quemdam</span> <span class='ocrx_word' id='word_1_482' title='bbox 3130 2512 3414 2581; x_wconf 80' lang='lat' dir='ltr'>majorem</span> <span class='ocrx_word' id='word_1_483' title='bbox 3428 2513 3752 2583; x_wconf 61' lang='lat' dir='ltr'>provincia;</span> 
     </span>
    </p>
   </div>
   <div class='ocr_carea' id='block_1_74' title="bbox 2085 2602 3755 2674">
    <p class='ocr_par' dir='ltr' id='par_1_74' title="bbox 2085 2602 3755 2674">
     <span class='ocr_line' id='line_1_74' title="bbox 2085 2602 3755 2674; baseline -0.001 -15"><span class='ocrx_word' id='word_1_484' title='bbox 2085 2607 2296 2672; x_wconf 88' lang='lat' dir='ltr'>virum,</span> <span class='ocrx_word' id='word_1_485' title='bbox 2330 2604 2601 2674; x_wconf 89' lang='lat' dir='ltr'>principii</span> <span class='ocrx_word' id='word_1_486' title='bbox 2634 2604 2821 2657; x_wconf 89' lang='lat' dir='ltr'>nostri</span> <span class='ocrx_word' id='word_1_487' title='bbox 2873 2605 2929 2656; x_wconf 90' lang='lat' dir='ltr'>et</span> <span class='ocrx_word' id='word_1_488' title='bbox 2959 2618 3021 2655; x_wconf 92' lang='lat' dir='ltr'>re</span> <span class='ocrx_word' id='word_1_489' title='bbox 3064 2606 3118 2655; x_wconf 86' lang='lat' dir='ltr'>et.</span> <span class='ocrx_word' id='word_1_490' title='bbox 3150 2602 3384 2656; x_wconf 88' lang='lat' dir='ltr'>nomine</span> <span class='ocrx_word' id='word_1_491' title='bbox 3430 2602 3603 2673; x_wconf 88' lang='lat' dir='ltr'>quasi</span> <span class='ocrx_word' id='word_1_492' title='bbox 3651 2619 3755 2672; x_wconf 88' lang='lat' dir='ltr'>pa-</span> 
     </span>
    </p>
   </div>
   <div class='ocr_carea' id='block_1_75' title="bbox 2085 2690 3754 2762">
    <p class='ocr_par' dir='ltr' id='par_1_75' title="bbox 2085 2690 3754 2762">
     <span class='ocr_line' id='line_1_75' title="bbox 2085 2690 3754 2762; baseline -0.003 -12"><span class='ocrx_word' id='word_1_493' title='bbox 2085 2700 2229 2750; x_wconf 90' lang='lat' dir='ltr'>trem</span> <span class='ocrx_word' id='word_1_494' title='bbox 2282 2695 2350 2760; x_wconf 90' lang='lat' dir='ltr'>A,</span> <span class='ocrx_word' id='word_1_495' title='bbox 2401 2695 2495 2747; x_wconf 92' lang='lat' dir='ltr'>cui</span> <span class='ocrx_word' id='word_1_496' title='bbox 2541 2708 2707 2762; x_wconf 52' lang='lat' dir='ltr'>aeque</span> <span class='ocrx_word' id='word_1_497' title='bbox 2751 2692 3002 2746; x_wconf 85' lang='lat' dir='ltr'>honesta</span> <span class='ocrx_word' id='word_1_498' title='bbox 3037 2695 3160 2746; x_wconf 89' lang='lat' dir='ltr'>erat</span> <span class='ocrx_word' id='word_1_499' title='bbox 3208 2693 3494 2759; x_wconf 86' lang='lat' dir='ltr'>matrona,</span> <span class='ocrx_word' id='word_1_500' title='bbox 3536 2693 3591 2745; x_wconf 90' lang='lat' dir='ltr'>et</span> <span class='ocrx_word' id='word_1_501' title='bbox 3622 2690 3754 2745; x_wconf 53' lang='lat' dir='ltr'>haec</span> 
     </span>
    </p>
   </div>
   <div class='ocr_carea' id='block_1_76' title="bbox 2088 2769 3755 2851">
    <p class='ocr_par' dir='ltr' id='par_1_76' title="bbox 2088 2769 3755 2851">
     <span class='ocr_line' id='line_1_76' title="bbox 2088 2769 3755 2851; baseline -0.004 -10"><span class='ocrx_word' id='word_1_502' title='bbox 2088 2787 2308 2841; x_wconf 75' lang='lat' dir='ltr'>nostrae</span> <span class='ocrx_word' id='word_1_503' title='bbox 2335 2769 2675 2847; x_wconf 87' lang='lat' dir='ltr'>creationis,</span> <span class='ocrx_word' id='word_1_504' title='bbox 2709 2783 2769 2835; x_wconf 89' lang='lat' dir='ltr'>ut</span> <span class='ocrx_word' id='word_1_505' title='bbox 2817 2782 2891 2834; x_wconf 85' lang='lat' dir='ltr'>ita</span> <span class='ocrx_word' id='word_1_506' title='bbox 2922 2780 3133 2847; x_wconf 86' lang='lat' dir='ltr'>dicam,</span> <span class='ocrx_word' id='word_1_507' title='bbox 3187 2779 3437 2834; x_wconf 83' lang='lat' dir='ltr'>fecunda</span> <span class='ocrx_word' id='word_1_508' title='bbox 3472 2779 3755 2851; x_wconf 83' lang='lat' dir='ltr'>genitrix,</span> 
     </span>
    </p>
   </div>
   <div class='ocr_carea' id='block_1_77' title="bbox 2090 2869 3752 2942">
    <p class='ocr_par' dir='ltr' id='par_1_77' title="bbox 2090 2869 3752 2942">
     <span class='ocr_line' id='line_1_77' title="bbox 2090 2869 3752 2942; baseline -0.002 -14"><span class='ocrx_word' id='word_1_509' title='bbox 2090 2871 2670 2942; x_wconf 76' lang='lat' dir='ltr'>seilicethujusmodi</span> <span class='ocrx_word' id='word_1_510' title='bbox 2692 2870 3003 2924; x_wconf 89' lang='lat' dir='ltr'>concilium</span> <span class='ocrx_word' id='word_1_511' title='bbox 3018 2886 3204 2939; x_wconf 88' lang='lat' dir='ltr'>perse</span> <span class='ocrx_word' id='word_1_512' title='bbox 3221 2869 3375 2923; x_wconf 90' lang='lat' dir='ltr'>ferre</span> <span class='ocrx_word' id='word_1_513' title='bbox 3390 2886 3505 2923; x_wconf 91' lang='lat' dir='ltr'>non</span> <span class='ocrx_word' id='word_1_514' title='bbox 3519 2869 3752 2940; x_wconf 89' lang='lat' dir='ltr'>valens,</span> 
     </span>
    </p>
   </div>
   <div class='ocr_carea' id='block_1_78' title="bbox 2092 2958 3749 3031">
    <p class='ocr_par' dir='ltr' id='par_1_78' title="bbox 2092 2958 3749 3031">
     <span class='ocr_line' id='line_1_78' title="bbox 2092 2958 3749 3031; baseline -0.002 -14"><span class='ocrx_word' id='word_1_515' title='bbox 2092 2963 2310 3027; x_wconf 83' lang='lat' dir='ltr'>detulit,</span> <span class='ocrx_word' id='word_1_516' title='bbox 2336 2965 2388 3015; x_wconf 90' lang='lat' dir='ltr'>et</span> <span class='ocrx_word' id='word_1_517' title='bbox 2416 2961 2552 3031; x_wconf 91' lang='lat' dir='ltr'>quid</span> <span class='ocrx_word' id='word_1_518' title='bbox 2588 2962 2642 3013; x_wconf 89' lang='lat' dir='ltr'>in</span> <span class='ocrx_word' id='word_1_519' title='bbox 2669 2959 3130 3029; x_wconf 90' lang='lat' dir='ltr'>supradictatam</span> <span class='ocrx_word' id='word_1_520' title='bbox 3156 2959 3406 3028; x_wconf 85' lang='lat' dir='ltr'>angusta</span> <span class='ocrx_word' id='word_1_521' title='bbox 3430 2958 3565 3012; x_wconf 93' lang='lat' dir='ltr'>olim</span> <span class='ocrx_word' id='word_1_522' title='bbox 3586 2958 3749 3026; x_wconf 89' lang='lat' dir='ltr'>sede,</span> 
     </span>
    </p>
   </div>
   <div class='ocr_carea' id='block_1_79' title="bbox 2091 3047 3753 3117">
    <p class='ocr_par' dir='ltr' id='par_1_79' title="bbox 2091 3047 3753 3117">
     <span class='ocr_line' id='line_1_79' title="bbox 2091 3047 3753 3117; baseline -0.002 -11"><span class='ocrx_word' id='word_1_523' title='bbox 2091 3053 2141 3107; x_wconf 88' lang='lat' dir='ltr'>si</span> <span class='ocrx_word' id='word_1_524' title='bbox 2166 3052 2221 3104; x_wconf 93' lang='lat' dir='ltr'>in</span> <span class='ocrx_word' id='word_1_525' title='bbox 2250 3066 2357 3104; x_wconf 84' lang='lat' dir='ltr'>sua</span> <span class='ocrx_word' id='word_1_526' title='bbox 2389 3050 2644 3114; x_wconf 89' lang='lat' dir='ltr'>cederet,</span> <span class='ocrx_word' id='word_1_527' title='bbox 2690 3048 2815 3102; x_wconf 82' lang='lat' dir='ltr'>ﬁeri</span> <span class='ocrx_word' id='word_1_528' title='bbox 2858 3048 3248 3101; x_wconf 90' lang='lat' dir='ltr'>deliberasset</span> <span class='ocrx_word' id='word_1_529' title='bbox 3278 3047 3526 3117; x_wconf 89' lang='lat' dir='ltr'>aperuit.</span> <span class='ocrx_word' id='word_1_530' title='bbox 3561 3048 3753 3103; x_wconf 88' lang='lat' dir='ltr'>Parva</span> 
     </span>
    </p>
   </div>
   <div class='ocr_carea' id='block_1_80' title="bbox 2089 3134 3754 3206">
    <p class='ocr_par' dir='ltr' id='par_1_80' title="bbox 2089 3134 3754 3206">
     <span class='ocr_line' id='line_1_80' title="bbox 2089 3134 3754 3206; baseline -0.002 -12"><span class='ocrx_word' id='word_1_531' title='bbox 2089 3141 2299 3195; x_wconf 84' lang='lat' dir='ltr'>ﬁducia</span> <span class='ocrx_word' id='word_1_532' title='bbox 2330 3155 2401 3192; x_wconf 90' lang='lat' dir='ltr'>ne</span> <span class='ocrx_word' id='word_1_533' title='bbox 2432 3138 2487 3191; x_wconf 91' lang='lat' dir='ltr'>id</span> <span class='ocrx_word' id='word_1_534' title='bbox 2520 3140 2691 3206; x_wconf 89' lang='lat' dir='ltr'>putas</span> <span class='ocrx_word' id='word_1_535' title='bbox 2741 3152 2948 3204; x_wconf 91' lang='lat' dir='ltr'>ausus,</span> <span class='ocrx_word' id='word_1_536' title='bbox 2999 3137 3062 3189; x_wconf 88' lang='lat' dir='ltr'>ut</span> <span class='ocrx_word' id='word_1_537' title='bbox 3090 3134 3386 3189; x_wconf 89' lang='lat' dir='ltr'>hominem</span> <span class='ocrx_word' id='word_1_538' title='bbox 3419 3137 3590 3206; x_wconf 84' lang='lat' dir='ltr'>quasi</span> <span class='ocrx_word' id='word_1_539' title='bbox 3621 3136 3754 3190; x_wconf 91' lang='lat' dir='ltr'>bel-</span> 
     </span>
    </p>
   </div>
   <div class='ocr_carea' id='block_1_81' title="bbox 2086 3226 3753 3295">
    <p class='ocr_par' dir='ltr' id='par_1_81' title="bbox 2086 3226 3753 3295">
     <span class='ocr_line' id='line_1_81' title="bbox 2086 3226 3753 3295; baseline -0.002 -12"><span class='ocrx_word' id='word_1_540' title='bbox 2086 3231 2245 3284; x_wconf 89' lang='lat' dir='ltr'>luina</span> <span class='ocrx_word' id='word_1_541' title='bbox 2302 3227 2464 3282; x_wconf 86' lang='lat' dir='ltr'>rabie</span> <span class='ocrx_word' id='word_1_542' title='bbox 2521 3226 2910 3293; x_wconf 89' lang='lat' dir='ltr'>frendentem,</span> <span class='ocrx_word' id='word_1_543' title='bbox 2970 3226 3188 3295; x_wconf 89' lang='lat' dir='ltr'>ubique</span> <span class='ocrx_word' id='word_1_544' title='bbox 3266 3241 3537 3295; x_wconf 86' lang='lat' dir='ltr'>nequam,</span> <span class='ocrx_word' id='word_1_545' title='bbox 3601 3226 3753 3281; x_wconf 86' lang='lat' dir='ltr'>fama</span> 
     </span>
    </p>
   </div>
   <div class='ocr_carea' id='block_1_82' title="bbox 2087 3313 3747 3390">
    <p class='ocr_par' dir='ltr' id='par_1_82' title="bbox 2087 3313 3747 3390">
     <span class='ocr_line' id='line_1_82' title="bbox 2087 3313 3747 3390; baseline -0.003 -16"><span class='ocrx_word' id='word_1_546' title='bbox 2087 3319 2408 3390; x_wconf 85' lang='lat' dir='ltr'>cognitum,</span> <span class='ocrx_word' id='word_1_547' title='bbox 2443 3317 2677 3381; x_wconf 89' lang='lat' dir='ltr'>elatum,</span> <span class='ocrx_word' id='word_1_548' title='bbox 2728 3315 3202 3383; x_wconf 85' lang='lat' dir='ltr'>incompositum,</span> <span class='ocrx_word' id='word_1_549' title='bbox 3246 3314 3375 3369; x_wconf 90' lang='lat' dir='ltr'>sine</span> <span class='ocrx_word' id='word_1_550' title='bbox 3420 3313 3747 3385; x_wconf 79' lang='lat' dir='ltr'>affectione,</span> 
     </span>
    </p>
   </div>
   <div class='ocr_carea' id='block_1_83' title="bbox 2086 3403 3750 3479">
    <p class='ocr_par' dir='ltr' id='par_1_83' title="bbox 2086 3403 3750 3479">
     <span class='ocr_line' id='line_1_83' title="bbox 2086 3403 3750 3479; baseline -0.002 -18"><span class='ocrx_word' id='word_1_551' title='bbox 2086 3408 2326 3479; x_wconf 87' lang='lat' dir='ltr'>ignotus</span> <span class='ocrx_word' id='word_1_552' title='bbox 2358 3406 2625 3474; x_wconf 83' lang='lat' dir='ltr'>ignotum</span> <span class='ocrx_word' id='word_1_553' title='bbox 2654 3404 2887 3458; x_wconf 81' lang='lat' dir='ltr'>adiret?</span> <span class='ocrx_word' id='word_1_554' title='bbox 2918 3404 3006 3456; x_wconf 91' lang='lat' dir='ltr'>An</span> <span class='ocrx_word' id='word_1_555' title='bbox 3040 3403 3193 3473; x_wconf 87' lang='lat' dir='ltr'>quod</span> <span class='ocrx_word' id='word_1_556' title='bbox 3228 3418 3343 3457; x_wconf 91' lang='lat' dir='ltr'>non</span> <span class='ocrx_word' id='word_1_557' title='bbox 3376 3403 3659 3457; x_wconf 88' lang='lat' dir='ltr'>crederes</span> <span class='ocrx_word' id='word_1_558' title='bbox 3690 3403 3750 3458; x_wconf 89' lang='lat' dir='ltr'>in</span> 
     </span>
    </p>
   </div>
   <div class='ocr_carea' id='block_1_84' title="bbox 2085 3491 3748 3567">
    <p class='ocr_par' dir='ltr' id='par_1_84' title="bbox 2085 3491 3748 3567">
     <span class='ocr_line' id='line_1_84' title="bbox 2085 3491 3748 3567; baseline -0.002 -17"><span class='ocrx_word' id='word_1_559' title='bbox 2085 3496 2281 3567; x_wconf 86' lang='lat' dir='ltr'>aliquo</span> <span class='ocrx_word' id='word_1_560' title='bbox 2301 3497 2396 3548; x_wconf 88' lang='lat' dir='ltr'>aut</span> <span class='ocrx_word' id='word_1_561' title='bbox 2417 3495 2527 3547; x_wconf 88' lang='lat' dir='ltr'>alia</span> <span class='ocrx_word' id='word_1_562' title='bbox 2548 3492 2891 3562; x_wconf 82' lang='lat' dir='ltr'>hujusmodi</span> <span class='ocrx_word' id='word_1_563' title='bbox 2919 3491 3239 3561; x_wconf 89' lang='lat' dir='ltr'>parandum</span> <span class='ocrx_word' id='word_1_564' title='bbox 3260 3491 3362 3545; x_wconf 90' lang='lat' dir='ltr'>tibi</span> <span class='ocrx_word' id='word_1_565' title='bbox 3380 3508 3562 3561; x_wconf 90' lang='lat' dir='ltr'>posse</span> <span class='ocrx_word' id='word_1_566' title='bbox 3580 3508 3748 3547; x_wconf 90' lang='lat' dir='ltr'>man-</span> 
     </span>
    </p>
   </div>
   <div class='ocr_carea' id='block_1_85' title="bbox 2088 3580 3751 3650">
    <p class='ocr_par' dir='ltr' id='par_1_85' title="bbox 2088 3580 3751 3650">
     <span class='ocr_line' id='line_1_85' title="bbox 2088 3580 3751 3650; baseline -0.003 -10"><span class='ocrx_word' id='word_1_567' title='bbox 2088 3582 2712 3650; x_wconf 90' lang='lat' dir='ltr'>suescere,multorum</span> <span class='ocrx_word' id='word_1_568' title='bbox 2738 3580 2963 3636; x_wconf 86' lang='lat' dir='ltr'>catenis</span> <span class='ocrx_word' id='word_1_569' title='bbox 2982 3581 3345 3648; x_wconf 85' lang='lat' dir='ltr'>punitorem‘?</span> <span class='ocrx_word' id='word_1_570' title='bbox 3370 3580 3483 3635; x_wconf 84' lang='lat' dir='ltr'>Sed</span> <span class='ocrx_word' id='word_1_571' title='bbox 3500 3580 3751 3636; x_wconf 90' lang='lat' dir='ltr'>audebat</span> 
     </span>
    </p>
   </div>
   <div class='ocr_carea' id='block_1_86' title="bbox 2086 3669 3752 3743">
    <p class='ocr_par' dir='ltr' id='par_1_86' title="bbox 2086 3669 3752 3743">
     <span class='ocr_line' id='line_1_86' title="bbox 2086 3669 3752 3743; baseline -0.002 -16"><span class='ocrx_word' id='word_1_572' title='bbox 2086 3673 2292 3743; x_wconf 85' lang='lat' dir='ltr'>plane,</span> <span class='ocrx_word' id='word_1_573' title='bbox 2370 3675 2426 3726; x_wconf 91' lang='lat' dir='ltr'>et</span> <span class='ocrx_word' id='word_1_574' title='bbox 2482 3671 2692 3725; x_wconf 91' lang='lat' dir='ltr'>bonam</span> <span class='ocrx_word' id='word_1_575' title='bbox 2756 3670 3115 3724; x_wconf 89' lang='lat' dir='ltr'>voluntatem</span> <span class='ocrx_word' id='word_1_576' title='bbox 3172 3670 3426 3723; x_wconf 87' lang='lat' dir='ltr'>habebat</span> <span class='ocrx_word' id='word_1_577' title='bbox 3482 3669 3752 3724; x_wconf 88' lang='lat' dir='ltr'>timorem</span> 
     </span>
    </p>
   </div>
   <div class='ocr_carea' id='block_1_87' title="bbox 2090 3758 3749 3829">
    <p class='ocr_par' dir='ltr' id='par_1_87' title="bbox 2090 3758 3749 3829">
     <span class='ocr_line' id='line_1_87' title="bbox 2090 3758 3749 3829; baseline -0.001 -13"><span class='ocrx_word' id='word_1_578' title='bbox 2090 3762 2321 3816; x_wconf 91' lang='lat' dir='ltr'>Domini</span> <span class='ocrx_word' id='word_1_579' title='bbox 2354 3760 2688 3814; x_wconf 89' lang='lat' dir='ltr'>istiusmodi</span> <span class='ocrx_word' id='word_1_580' title='bbox 2733 3758 3073 3813; x_wconf 89' lang='lat' dir='ltr'>hominibus</span> <span class='ocrx_word' id='word_1_581' title='bbox 3106 3759 3379 3825; x_wconf 85' lang='lat' dir='ltr'>suadere,</span> <span class='ocrx_word' id='word_1_582' title='bbox 3428 3760 3749 3829; x_wconf 87' lang='lat' dir='ltr'>corripere,</span> 
     </span>
    </p>
   </div>
   <div class='ocr_carea' id='block_1_88' title="bbox 2090 3846 3752 3916">
    <p class='ocr_par' dir='ltr' id='par_1_88' title="bbox 2090 3846 3752 3916">
     <span class='ocr_line' id='line_1_88' title="bbox 2090 3846 3752 3916; baseline -0.001 -12"><span class='ocrx_word' id='word_1_583' title='bbox 2090 3852 2306 3905; x_wconf 90' lang='lat' dir='ltr'>docere</span> <span class='ocrx_word' id='word_1_584' title='bbox 2334 3850 2391 3902; x_wconf 92' lang='lat' dir='ltr'>in</span> <span class='ocrx_word' id='word_1_585' title='bbox 2427 3849 2582 3902; x_wconf 91' lang='lat' dir='ltr'>omni</span> <span class='ocrx_word' id='word_1_586' title='bbox 2617 3847 2902 3915; x_wconf 88' lang='lat' dir='ltr'>doctrina,</span> <span class='ocrx_word' id='word_1_587' title='bbox 2927 3846 3226 3916; x_wconf 85' lang='lat' dir='ltr'>perfectos</span> <span class='ocrx_word' id='word_1_588' title='bbox 3249 3848 3752 3913; x_wconf 87' lang='lat' dir='ltr'>reddere,utmiti-</span> 
     </span>
    </p>
   </div>
   <div class='ocr_carea' id='block_1_89' title="bbox 2091 3935 3753 4010">
    <p class='ocr_par' dir='ltr' id='par_1_89' title="bbox 2091 3935 3753 4010">
     <span class='ocr_line' id='line_1_89' title="bbox 2091 3935 3753 4010; baseline -0.001 -18"><span class='ocrx_word' id='word_1_589' title='bbox 2091 3939 2257 4010; x_wconf 84' lang='lat' dir='ltr'>garet</span> <span class='ocrx_word' id='word_1_590' title='bbox 2299 3954 2404 3991; x_wconf 89' lang='lat' dir='ltr'>eos</span> <span class='ocrx_word' id='word_1_591' title='bbox 2435 3954 2466 3990; x_wconf 89' lang='lat' dir='ltr'>a</span> <span class='ocrx_word' id='word_1_592' title='bbox 2496 3936 2707 3990; x_wconf 88' lang='lat' dir='ltr'>diebus</span> <span class='ocrx_word' id='word_1_593' title='bbox 2738 3935 2929 3988; x_wconf 90' lang='lat' dir='ltr'>malis.</span> <span class='ocrx_word' id='word_1_594' title='bbox 2985 3935 3145 3988; x_wconf 85' lang='lat' dir='ltr'>Juvit</span> <span class='ocrx_word' id='word_1_595' title='bbox 3194 3935 3252 3989; x_wconf 92' lang='lat' dir='ltr'>in</span> <span class='ocrx_word' id='word_1_596' title='bbox 3281 3936 3394 3989; x_wconf 84' lang='lat' dir='ltr'>hoc</span> <span class='ocrx_word' id='word_1_597' title='bbox 3426 3936 3620 4005; x_wconf 88' lang='lat' dir='ltr'>ipsum</span> <span class='ocrx_word' id='word_1_598' title='bbox 3651 3938 3753 4008; x_wconf 90' lang='lat' dir='ltr'>qui</span> 
     </span>
    </p>
   </div>
   <div class='ocr_carea' id='block_1_90' title="bbox 2090 4023 3750 4093">
    <p class='ocr_par' dir='ltr' id='par_1_90' title="bbox 2090 4023 3750 4093">
     <span class='ocr_line' id='line_1_90' title="bbox 2090 4023 3750 4093; baseline 0 -13"><span class='ocrx_word' id='word_1_599' title='bbox 2090 4026 2460 4080; x_wconf 80' lang='lat' dir='ltr'>maerentium</span> <span class='ocrx_word' id='word_1_600' title='bbox 2500 4024 2577 4093; x_wconf 86' lang='lat'>(5)</span> <span class='ocrx_word' id='word_1_601' title='bbox 2614 4024 2710 4077; x_wconf 88' lang='lat' dir='ltr'>dat</span> <span class='ocrx_word' id='word_1_602' title='bbox 2759 4024 2919 4077; x_wconf 89' lang='lat' dir='ltr'>Deus</span> <span class='ocrx_word' id='word_1_603' title='bbox 2952 4023 3247 4078; x_wconf 88' lang='lat' dir='ltr'>suscitare</span> <span class='ocrx_word' id='word_1_604' title='bbox 3278 4023 3461 4078; x_wconf 85' lang='lat' dir='ltr'>filium</span> <span class='ocrx_word' id='word_1_605' title='bbox 3494 4025 3750 4081; x_wconf 62' lang='lat' dir='ltr'>Abrahae</span> 
     </span>
    </p>
   </div>
   <div class='ocr_carea' id='block_1_91' title="bbox 2091 4110 3750 4186">
    <p class='ocr_par' dir='ltr' id='par_1_91' title="bbox 2091 4110 3750 4186">
     <span class='ocr_line' id='line_1_91' title="bbox 2091 4110 3750 4186; baseline 0 -17"><span class='ocrx_word' id='word_1_606' title='bbox 2091 4116 2261 4186; x_wconf 87' lang='lat' dir='ltr'>quasi</span> <span class='ocrx_word' id='word_1_607' title='bbox 2292 4115 2488 4167; x_wconf 90' lang='lat' dir='ltr'>vivum</span> <span class='ocrx_word' id='word_1_608' title='bbox 2521 4113 2592 4166; x_wconf 90' lang='lat' dir='ltr'>de</span> <span class='ocrx_word' id='word_1_609' title='bbox 2621 4112 2832 4181; x_wconf 89' lang='lat' dir='ltr'>lapide.</span> <span class='ocrx_word' id='word_1_610' title='bbox 2873 4111 3020 4163; x_wconf 88' lang='lat' dir='ltr'>Nam</span> <span class='ocrx_word' id='word_1_611' title='bbox 3064 4110 3201 4165; x_wconf 74' lang='lat' dir='ltr'>licet</span> <span class='ocrx_word' id='word_1_612' title='bbox 3248 4113 3485 4181; x_wconf 89' lang='lat' dir='ltr'>impune</span> <span class='ocrx_word' id='word_1_613' title='bbox 3534 4113 3750 4169; x_wconf 90' lang='lat' dir='ltr'>multos</span> 
     </span>
    </p>
   </div>
   <div class='ocr_carea' id='block_1_92' title="bbox 2092 4200 3749 4275">
    <p class='ocr_par' dir='ltr' id='par_1_92' title="bbox 2092 4200 3749 4275">
     <span class='ocr_line' id='line_1_92' title="bbox 2092 4200 3749 4275; baseline -0.001 -17"><span class='ocrx_word' id='word_1_614' title='bbox 2092 4204 2406 4275; x_wconf 81' lang='lat' dir='ltr'>exquisitis</span> <span class='ocrx_word' id='word_1_615' title='bbox 2450 4201 2688 4255; x_wconf 88' lang='lat' dir='ltr'>malitiis</span> <span class='ocrx_word' id='word_1_616' title='bbox 2729 4217 2803 4253; x_wconf 82' lang='lat' dir='ltr'>ex</span> <span class='ocrx_word' id='word_1_617' title='bbox 2848 4200 3274 4255; x_wconf 84' lang='lat' dir='ltr'>consuetudine</span> <span class='ocrx_word' id='word_1_618' title='bbox 3316 4201 3586 4257; x_wconf 89' lang='lat' dir='ltr'>nocendi.</span> <span class='ocrx_word' id='word_1_619' title='bbox 3621 4202 3749 4257; x_wconf 89' lang='lat' dir='ltr'>sine</span> 
     </span>
    </p>
   </div>
   <div class='ocr_carea' id='block_1_93' title="bbox 2090 4289 3749 4362">
    <p class='ocr_par' dir='ltr' id='par_1_93' title="bbox 2090 4289 3749 4362">
     <span class='ocr_line' id='line_1_93' title="bbox 2090 4289 3749 4362; baseline -0.002 -14"><span class='ocrx_word' id='word_1_620' title='bbox 2090 4292 2495 4348; x_wconf 90' lang='lat' dir='ltr'>misericordia</span> <span class='ocrx_word' id='word_1_621' title='bbox 2518 4306 2678 4360; x_wconf 68' lang='lat' dir='ltr'>saepe</span> <span class='ocrx_word' id='word_1_622' title='bbox 2702 4290 3030 4355; x_wconf 87' lang='lat' dir='ltr'>multasset,</span> <span class='ocrx_word' id='word_1_623' title='bbox 3057 4289 3163 4343; x_wconf 91' lang='lat' dir='ltr'>sed</span> <span class='ocrx_word' id='word_1_624' title='bbox 3186 4289 3243 4342; x_wconf 93' lang='lat' dir='ltr'>in</span> <span class='ocrx_word' id='word_1_625' title='bbox 3261 4289 3373 4343; x_wconf 83' lang='lat' dir='ltr'>hoc</span> <span class='ocrx_word' id='word_1_626' title='bbox 3396 4290 3749 4362; x_wconf 89' lang='lat' dir='ltr'>laudandus,</span> 
     </span>
    </p>
   </div>
   <div class='ocr_carea' id='block_1_94' title="bbox 2090 4378 3753 4454">
    <p class='ocr_par' dir='ltr' id='par_1_94' title="bbox 2090 4378 3753 4454">
     <span class='ocr_line' id='line_1_94' title="bbox 2090 4378 3753 4454; baseline -0.002 -17"><span class='ocrx_word' id='word_1_627' title='bbox 2090 4382 2245 4454; x_wconf 93' lang='lat' dir='ltr'>quod</span> <span class='ocrx_word' id='word_1_628' title='bbox 2266 4398 2395 4435; x_wconf 92' lang='lat' dir='ltr'>cum</span> <span class='ocrx_word' id='word_1_629' title='bbox 2419 4396 2615 4434; x_wconf 91' lang='lat' dir='ltr'>rarum</span> <span class='ocrx_word' id='word_1_630' title='bbox 2644 4379 2794 4433; x_wconf 89' lang='lat' dir='ltr'>vade</span> <span class='ocrx_word' id='word_1_631' title='bbox 2818 4379 2895 4431; x_wconf 91' lang='lat' dir='ltr'>sit</span> <span class='ocrx_word' id='word_1_632' title='bbox 2915 4379 3179 4448; x_wconf 88' lang='lat' dir='ltr'>cognitu,</span> <span class='ocrx_word' id='word_1_633' title='bbox 3202 4379 3271 4432; x_wconf 89' lang='lat' dir='ltr'>ad</span> <span class='ocrx_word' id='word_1_634' title='bbox 3299 4378 3355 4432; x_wconf 91' lang='lat' dir='ltr'>id</span> <span class='ocrx_word' id='word_1_635' title='bbox 3369 4394 3558 4448; x_wconf 92' lang='lat' dir='ltr'>usque</span> <span class='ocrx_word' id='word_1_636' title='bbox 3581 4379 3753 4435; x_wconf 89' lang='lat' dir='ltr'>alicui</span> 
     </span>
    </p>
   </div>
   <div class='ocr_carea' id='block_1_95' title="bbox 2090 4467 3751 4539">
    <p class='ocr_par' dir='ltr' id='par_1_95' title="bbox 2090 4467 3751 4539">
     <span class='ocr_line' id='line_1_95' title="bbox 2090 4467 3751 4539; baseline -0.002 -13"><span class='ocrx_word' id='word_1_637' title='bbox 2090 4487 2221 4526; x_wconf 90' lang='lat' dir='ltr'>eum</span> <span class='ocrx_word' id='word_1_638' title='bbox 2254 4470 2346 4524; x_wconf 89' lang='lat' dir='ltr'>vel</span> <span class='ocrx_word' id='word_1_639' title='bbox 2376 4468 2734 4524; x_wconf 89' lang='lat' dir='ltr'>necessitate</span> <span class='ocrx_word' id='word_1_640' title='bbox 2777 4468 3019 4535; x_wconf 87' lang='lat' dir='ltr'>patienti</span> <span class='ocrx_word' id='word_1_641' title='bbox 3051 4467 3110 4520; x_wconf 92' lang='lat' dir='ltr'>in</span> <span class='ocrx_word' id='word_1_642' title='bbox 3155 4467 3387 4522; x_wconf 90' lang='lat' dir='ltr'>modico</span> <span class='ocrx_word' id='word_1_643' title='bbox 3436 4468 3751 4539; x_wconf 88' lang='lat' dir='ltr'>aliquando</span> 
     </span>
    </p>
   </div>
   <div class='ocr_carea' id='block_1_96' title="bbox 2089 4556 3752 4627">
    <p class='ocr_par' dir='ltr' id='par_1_96' title="bbox 2089 4556 3752 4627">
     <span class='ocr_line' id='line_1_96' title="bbox 2089 4556 3752 4627; baseline -0.001 -13"><span class='ocrx_word' id='word_1_644' title='bbox 2089 4558 2488 4625; x_wconf 89' lang='lat' dir='ltr'>succurrisse,</span> <span class='ocrx_word' id='word_1_645' title='bbox 2537 4557 2885 4627; x_wconf 65' lang='lat' dir='ltr'>praadictum</span> <span class='ocrx_word' id='word_1_646' title='bbox 2938 4558 3160 4609; x_wconf 92' lang='lat' dir='ltr'>tantum</span> <span class='ocrx_word' id='word_1_647' title='bbox 3208 4556 3511 4627; x_wconf 89' lang='lat' dir='ltr'>religiosis</span> <span class='ocrx_word' id='word_1_648' title='bbox 3558 4558 3752 4612; x_wconf 90' lang='lat' dir='ltr'>virum</span> 
     </span>
    </p>
   </div>
   <div class='ocr_carea' id='block_1_97' title="bbox 2088 4644 3749 4718">
    <p class='ocr_par' dir='ltr' id='par_1_97' title="bbox 2088 4644 3749 4718">
     <span class='ocr_line' id='line_1_97' title="bbox 2088 4644 3749 4718; baseline 0 -17"><span class='ocrx_word' id='word_1_649' title='bbox 2088 4648 2278 4717; x_wconf 89' lang='lat' dir='ltr'>primo</span> <span class='ocrx_word' id='word_1_650' title='bbox 2319 4646 2474 4700; x_wconf 88' lang='lat' dir='ltr'>aditu</span> <span class='ocrx_word' id='word_1_651' title='bbox 2518 4645 2768 4699; x_wconf 87' lang='lat' dir='ltr'>honeste</span> <span class='ocrx_word' id='word_1_652' title='bbox 2813 4645 3097 4714; x_wconf 88' lang='lat' dir='ltr'>suscepit,</span> <span class='ocrx_word' id='word_1_653' title='bbox 3148 4644 3463 4717; x_wconf 86' lang='lat' dir='ltr'>diligenter</span> <span class='ocrx_word' id='word_1_654' title='bbox 3505 4646 3749 4718; x_wconf 87' lang='lat' dir='ltr'>audivit,</span> 
     </span>
    </p>
   </div>
   <div class='ocr_carea' id='block_1_98' title="bbox 314 4708 3750 4804">
    <p class='ocr_par' dir='ltr' id='par_1_98' title="bbox 314 4708 3750 4804">
     <span class='ocr_line' id='line_1_98' title="bbox 314 4708 3750 4804; baseline -0.003 -3"><span class='ocrx_word' id='word_1_655' title='bbox 314 4731 391 4771; x_wconf 68' lang='lat' dir='ltr'>se</span> <span class='ocrx_word' id='word_1_656' title='bbox 422 4715 674 4768; x_wconf 66' lang='lat' dir='ltr'>humana</span> <span class='ocrx_word' id='word_1_657' title='bbox 701 4729 1090 4804; x_wconf 33' lang='lat' dir='ltr'>persuasione</span> <span class='ocrx_word' id='word_1_658' title='bbox 1116 4708 1987 4804; x_wconf 43' lang='lat' dir='ltr'>morum-&quot;‘S“‘“&quot;j‘int‘},_l’9”‘a&#39;</span> <span class='ocrx_word' id='word_1_659' title='bbox 2014 4730 2067 4794; x_wconf 76' lang='grc' dir='ltr'><strong>Β</strong></span> <span class='ocrx_word' id='word_1_660' title='bbox 2088 4736 2407 4790; x_wconf 89' lang='lat' dir='ltr'>veneratus</span> <span class='ocrx_word' id='word_1_661' title='bbox 2444 4736 2555 4802; x_wconf 90' lang='lat' dir='ltr'>est,</span> <span class='ocrx_word' id='word_1_662' title='bbox 2590 4736 2647 4787; x_wconf 92' lang='lat' dir='ltr'>et</span> <span class='ocrx_word' id='word_1_663' title='bbox 2681 4732 2853 4787; x_wconf 90' lang='lat' dir='ltr'>nobis</span> <span class='ocrx_word' id='word_1_664' title='bbox 2886 4732 3077 4803; x_wconf 90' lang='lat' dir='ltr'>ipsius</span> <span class='ocrx_word' id='word_1_665' title='bbox 3117 4708 3346 4787; x_wconf 68' lang='lat' dir='ltr'>horiatu</span> <span class='ocrx_word' id='word_1_666' title='bbox 3383 4749 3503 4802; x_wconf 88' lang='lat' dir='ltr'>res,</span> <span class='ocrx_word' id='word_1_667' title='bbox 3536 4708 3750 4804; x_wconf 75' lang='lat' dir='ltr'>terras,</span> 
     </span>
    </p>
   </div>
   <div class='ocr_carea' id='block_1_99' title="bbox 311 4797 1985 4858">
    <p class='ocr_par' dir='ltr' id='par_1_99' title="bbox 311 4797 1985 4858">
     <span class='ocr_line' id='line_1_99' title="bbox 311 4797 1985 4858; baseline -0.003 -1"><span class='ocrx_word' id='word_1_668' title='bbox 311 4805 424 4858; x_wconf 88' lang='lat' dir='ltr'>vit.</span> <span class='ocrx_word' id='word_1_669' title='bbox 482 4804 699 4858; x_wconf 88' lang='lat' dir='ltr'>Verum</span> <span class='ocrx_word' id='word_1_670' title='bbox 759 4802 1087 4857; x_wconf 91' lang='lat' dir='ltr'>secundum</span> <span class='ocrx_word' id='word_1_671' title='bbox 1133 4800 1537 4854; x_wconf 85' lang='lat' dir='ltr'>auctoritatem</span> <span class='ocrx_word' id='word_1_672' title='bbox 1588 4797 1692 4853; x_wconf 89' lang='lat' dir='ltr'>SS.</span> <span class='ocrx_word' id='word_1_673' title='bbox 1746 4799 1985 4852; x_wconf 76' lang='lat' dir='ltr'>Patrum</span> 
     </span>
    </p>
   </div>
   <div class='ocr_carea' id='block_1_100' title="bbox 314 4891 1106 4964">
    <p class='ocr_par' dir='ltr' id='par_1_100' title="bbox 314 4891 1106 4964">
     <span class='ocr_line' id='line_1_100' title="bbox 314 4891 1106 4964; baseline -0.004 -18"><span class='ocrx_word' id='word_1_674' title='bbox 314 4892 608 4964; x_wconf 81' lang='lat' dir='ltr'>religiose</span> <span class='ocrx_word' id='word_1_675' title='bbox 640 4893 850 4945; x_wconf 91' lang='lat' dir='ltr'>vivens</span> <span class='ocrx_word' id='word_1_676' title='bbox 881 4891 1106 4945; x_wconf 89' lang='lat' dir='ltr'>enituit.</span> 
     </span>
    </p>
   </div>
   <div class='ocr_carea' id='block_1_101' title="bbox 397 4976 1985 5050">
    <p class='ocr_par' dir='ltr' id='par_1_101' title="bbox 397 4976 1985 5050">
     <span class='ocr_line' id='line_1_101' title="bbox 397 4976 1985 5050; baseline -0.003 -17"><span class='ocrx_word' id='word_1_677' title='bbox 397 4981 488 5034; x_wconf 84' lang='lat' dir='ltr'>Vl.</span> <span class='ocrx_word' id='word_1_678' title='bbox 525 4982 601 5035; x_wconf 93' lang='lat' dir='ltr'>Di</span> <span class='ocrx_word' id='word_1_679' title='bbox 612 4981 807 5035; x_wconf 82' lang='lat' dir='ltr'>versis</span> <span class='ocrx_word' id='word_1_680' title='bbox 819 4979 1102 5035; x_wconf 56' lang='lat' dir='ltr'>etenobiis</span> <span class='ocrx_word' id='word_1_681' title='bbox 1113 4978 1460 5050; x_wconf 79' lang='lat' dir='ltr'>peragratis</span> <span class='ocrx_word' id='word_1_682' title='bbox 1483 4976 1985 5047; x_wconf 71' lang='lat' dir='ltr'>lVatinumpraee-</span> 
     </span>
    </p>
   </div>
   <div class='ocr_carea' id='block_1_102' title="bbox 304 5066 1983 5143">
    <p class='ocr_par' dir='ltr' id='par_1_102' title="bbox 304 5066 1983 5143">
     <span class='ocr_line' id='line_1_102' title="bbox 304 5066 1983 5143; baseline -0.004 -16"><span class='ocrx_word' id='word_1_683' title='bbox 304 5069 1110 5143; x_wconf 77' lang='lat' dir='ltr'>legitfundator.—Acccdit</span> <span class='ocrx_word' id='word_1_684' title='bbox 1125 5068 1196 5120; x_wconf 89' lang='lat' dir='ltr'>ad</span> <span class='ocrx_word' id='word_1_685' title='bbox 1224 5067 1354 5134; x_wconf 88' lang='lat' dir='ltr'>hoc,</span> <span class='ocrx_word' id='word_1_686' title='bbox 1376 5066 1533 5136; x_wconf 89' lang='lat' dir='ltr'>quod</span> <span class='ocrx_word' id='word_1_687' title='bbox 1555 5066 1689 5120; x_wconf 64' lang='lat' dir='ltr'>vitae</span> <span class='ocrx_word' id='word_1_688' title='bbox 1712 5068 1983 5136; x_wconf 87' lang='lat' dir='ltr'>superio-</span> 
     </span>
    </p>
   </div>
   <div class='ocr_carea' id='block_1_103' title="bbox 306 5155 1987 5217">
    <p class='ocr_par' dir='ltr' id='par_1_103' title="bbox 306 5155 1987 5217">
     <span class='ocr_line' id='line_1_103' title="bbox 306 5155 1987 5217; baseline -0.005 0"><span class='ocrx_word' id='word_1_689' title='bbox 306 5161 411 5217; x_wconf 89' lang='lat' dir='ltr'>ris</span> <span class='ocrx_word' id='word_1_690' title='bbox 435 5176 631 5215; x_wconf 89' lang='lat' dir='ltr'>amore</span> <span class='ocrx_word' id='word_1_691' title='bbox 645 5161 880 5214; x_wconf 88' lang='lat' dir='ltr'>diversa</span> <span class='ocrx_word' id='word_1_692' title='bbox 900 5159 1323 5214; x_wconf 83' lang='lat' dir='ltr'>eoenobitarum</span> <span class='ocrx_word' id='word_1_693' title='bbox 1344 5156 1673 5209; x_wconf 82' lang='lat' dir='ltr'>habitacula</span> <span class='ocrx_word' id='word_1_694' title='bbox 1689 5155 1987 5209; x_wconf 89' lang='lat' dir='ltr'>laborioso</span> 
     </span>
    </p>
   </div>
   <div class='ocr_carea' id='block_1_104' title="bbox 310 5243 1987 5313">
    <p class='ocr_par' dir='ltr' id='par_1_104' title="bbox 310 5243 1987 5313">
     <span class='ocr_line' id='line_1_104' title="bbox 310 5243 1987 5313; baseline -0.006 -8"><span class='ocrx_word' id='word_1_695' title='bbox 310 5250 574 5305; x_wconf 88' lang='lat' dir='ltr'>circuitu</span> <span class='ocrx_word' id='word_1_696' title='bbox 609 5251 763 5303; x_wconf 89' lang='lat' dir='ltr'>sicut</span> <span class='ocrx_word' id='word_1_697' title='bbox 791 5250 880 5302; x_wconf 88' lang='lat' dir='ltr'>vir</span> <span class='ocrx_word' id='word_1_698' title='bbox 909 5246 1339 5302; x_wconf 89' lang='lat' dir='ltr'>desideriorum</span> <span class='ocrx_word' id='word_1_699' title='bbox 1384 5244 1694 5313; x_wconf 70' lang='lat' dir='ltr'>lustravnt;</span> <span class='ocrx_word' id='word_1_700' title='bbox 1736 5244 1841 5297; x_wconf 92' lang='lat' dir='ltr'>sed</span> <span class='ocrx_word' id='word_1_701' title='bbox 1875 5243 1987 5297; x_wconf 92' lang='lat' dir='ltr'>soli</span> 
     </span>
    </p>
   </div>
   <div class='ocr_carea' id='block_1_105' title="bbox 306 5332 1989 5405">
    <p class='ocr_par' dir='ltr' id='par_1_105' title="bbox 306 5332 1989 5405">
     <span class='ocr_line' id='line_1_105' title="bbox 306 5332 1989 5405; baseline -0.006 -11"><span class='ocrx_word' id='word_1_702' title='bbox 306 5339 575 5394; x_wconf 88' lang='lat' dir='ltr'>Guatino</span> <span class='ocrx_word' id='word_1_703' title='bbox 589 5336 1302 5405; x_wconf 83' lang='lat' dir='ltr'>specialiterdesignatus,</span> <span class='ocrx_word' id='word_1_704' title='bbox 1322 5335 1637 5403; x_wconf 76' lang='lat' dir='ltr'>opulentiae</span> <span class='ocrx_word' id='word_1_705' title='bbox 1654 5332 1989 5386; x_wconf 90' lang='lat' dir='ltr'>divitiarum</span> 
     </span>
    </p>
   </div>
   <div class='ocr_carea' id='block_1_106' title="bbox 303 5421 1988 5503">
    <p class='ocr_par' dir='ltr' id='par_1_106' title="bbox 303 5421 1988 5503">
     <span class='ocr_line' id='line_1_106' title="bbox 303 5421 1988 5503; baseline -0.008 -17"><span class='ocrx_word' id='word_1_706' title='bbox 303 5434 502 5503; x_wconf 80' lang='lat' dir='ltr'>atque</span> <span class='ocrx_word' id='word_1_707' title='bbox 531 5425 928 5481; x_wconf 70' lang='lat' dir='ltr'>suifarcinatis</span> <span class='ocrx_word' id='word_1_708' title='bbox 959 5424 1037 5494; x_wconf 75' lang='grc'>(4)</span> <span class='ocrx_word' id='word_1_709' title='bbox 1065 5422 1307 5477; x_wconf 76' lang='lat' dir='ltr'>ferculis</span> <span class='ocrx_word' id='word_1_710' title='bbox 1339 5422 1501 5477; x_wconf 86' lang='lat' dir='ltr'>olera</span> <span class='ocrx_word' id='word_1_711' title='bbox 1544 5426 1747 5476; x_wconf 88' lang='lat' dir='ltr'>nostra</span> <span class='ocrx_word' id='word_1_712' title='bbox 1787 5421 1988 5474; x_wconf 85' lang='lat' dir='ltr'>sobrie</span> 
     </span>
    </p>
   </div>
   <div class='ocr_carea' id='block_1_107' title="bbox 395 5565 1985 5643">
    <p class='ocr_par' dir='ltr' id='par_1_107' title="bbox 395 5565 1985 5643">
     <span class='ocr_line' id='line_1_107' title="bbox 395 5565 1985 5643; baseline -0.004 -19"><span class='ocrx_word' id='word_1_713' title='bbox 395 5575 474 5643; x_wconf 77' lang='lat'>(4)</span> <span class='ocrx_word' id='word_1_714' title='bbox 510 5568 659 5624; x_wconf 90' lang='lat' dir='ltr'>Hinc</span> <span class='ocrx_word' id='word_1_715' title='bbox 683 5567 932 5637; x_wconf 87' lang='lat' dir='ltr'>colliges</span> <span class='ocrx_word' id='word_1_716' title='bbox 963 5567 1282 5643; x_wconf 87' lang='lat' dir='ltr'>primorum</span> <span class='ocrx_word' id='word_1_717' title='bbox 1315 5566 1734 5643; x_wconf 74' lang='lat' dir='ltr'>canonicorum</span> <span class='ocrx_word' id='word_1_718' title='bbox 1754 5565 1985 5635; x_wconf 83' lang='lat' dir='ltr'>regula-</span> 
     </span>
    </p>
   </div>
   <div class='ocr_carea' id='block_1_108' title="bbox 292 5637 1987 5711">
    <p class='ocr_par' dir='ltr' id='par_1_108' title="bbox 292 5637 1987 5711">
     <span class='ocr_line' id='line_1_108' title="bbox 292 5637 1987 5711; baseline -0.004 -13"><span class='ocrx_word' id='word_1_719' title='bbox 292 5637 470 5711; x_wconf 67' lang='grc' dir='ltr'><strong>ιιίιιίὴ</strong></span> <span class='ocrx_word' id='word_1_720' title='bbox 484 5643 703 5700; x_wconf 90' lang='lat' dir='ltr'>victum</span> <span class='ocrx_word' id='word_1_721' title='bbox 721 5642 956 5695; x_wconf 89' lang='lat' dir='ltr'>omnino</span> <span class='ocrx_word' id='word_1_722' title='bbox 974 5641 1210 5711; x_wconf 79' lang='lat' dir='ltr'>tenuem</span> <span class='ocrx_word' id='word_1_723' title='bbox 1232 5637 1798 5711; x_wconf 78' lang='lat' dir='ltr'>exstitisse,eosque_</span> <span class='ocrx_word' id='word_1_724' title='bbox 1811 5637 1987 5711; x_wconf 80' lang='lat' dir='ltr'>absti-</span> 
     </span>
    </p>
   </div>
   <div class='ocr_carea' id='block_1_109' title="bbox 285 5708 1985 5784">
    <p class='ocr_par' dir='ltr' id='par_1_109' title="bbox 285 5708 1985 5784">
     <span class='ocr_line' id='line_1_109' title="bbox 285 5708 1985 5784; baseline -0.011 -4"><span class='ocrx_word' id='word_1_725' title='bbox 285 5708 572 5784; x_wconf 56' lang='lat' dir='ltr'>ﬁentiam</span> <span class='ocrx_word' id='word_1_726' title='bbox 597 5731 630 5771; x_wconf 85' lang='lat' dir='ltr'>a</span> <span class='ocrx_word' id='word_1_727' title='bbox 660 5713 941 5773; x_wconf 85' lang='lat' dir='ltr'>carnibus</span> <span class='ocrx_word' id='word_1_728' title='bbox 964 5710 1345 5775; x_wconf 84' lang='lat' dir='ltr'>observasse,</span> <span class='ocrx_word' id='word_1_729' title='bbox 1371 5709 1529 5783; x_wconf 88' lang='lat' dir='ltr'>quod</span> <span class='ocrx_word' id='word_1_730' title='bbox 1560 5715 1718 5767; x_wconf 88' lang='lat' dir='ltr'>certe</span> <span class='ocrx_word' id='word_1_731' title='bbox 1748 5708 1985 5763; x_wconf 89' lang='lat' dir='ltr'>aliunde</span> 
     </span>
    </p>
   </div>
   <div class='ocr_carea' id='block_1_110' title="bbox 2087 4822 3753 4893">
    <p class='ocr_par' dir='ltr' id='par_1_110' title="bbox 2087 4822 3753 4893">
     <span class='ocr_line' id='line_1_110' title="bbox 2087 4822 3753 4893; baseline 0.001 -16"><span class='ocrx_word' id='word_1_732' title='bbox 2087 4823 2418 4893; x_wconf 87' lang='lat' dir='ltr'>pecuniam,</span> <span class='ocrx_word' id='word_1_733' title='bbox 2460 4826 2823 4885; x_wconf 88' lang='lat' dir='ltr'>ornamenta,</span> <span class='ocrx_word' id='word_1_734' title='bbox 2856 4836 2930 4876; x_wconf 81' lang='lat' dir='ltr'>se</span> <span class='ocrx_word' id='word_1_735' title='bbox 2962 4822 3209 4891; x_wconf 88' lang='lat' dir='ltr'>insuper</span> <span class='ocrx_word' id='word_1_736' title='bbox 3248 4822 3440 4891; x_wconf 90' lang='lat' dir='ltr'>ipsum</span> <span class='ocrx_word' id='word_1_737' title='bbox 3471 4840 3594 4893; x_wconf 65' lang='lat' dir='ltr'>pris</span> <span class='ocrx_word' id='word_1_738' title='bbox 3624 4840 3753 4879; x_wconf 94' lang='lat' dir='ltr'>om-</span> 
     </span>
    </p>
   </div>
   <div class='ocr_carea' id='block_1_111' title="bbox 2086 4910 3754 4967">
    <p class='ocr_par' dir='ltr' id='par_1_111' title="bbox 2086 4910 3754 4967">
     <span class='ocr_line' id='line_1_111' title="bbox 2086 4910 3754 4967; baseline 0.001 -2"><span class='ocrx_word' id='word_1_739' title='bbox 2086 4913 2262 4965; x_wconf 89' lang='lat' dir='ltr'>nibus</span> <span class='ocrx_word' id='word_1_740' title='bbox 2292 4911 2361 4964; x_wconf 89' lang='lat' dir='ltr'>ad</span> <span class='ocrx_word' id='word_1_741' title='bbox 2396 4910 2773 4964; x_wconf 90' lang='lat' dir='ltr'>serviendum</span> <span class='ocrx_word' id='word_1_742' title='bbox 2814 4910 3143 4967; x_wconf 90' lang='lat' dir='ltr'>benevolus</span> <span class='ocrx_word' id='word_1_743' title='bbox 3178 4911 3461 4967; x_wconf 84' lang='lat' dir='ltr'>exhibuit.</span> <span class='ocrx_word' id='word_1_744' title='bbox 3505 4913 3754 4967; x_wconf 89' lang='lat' dir='ltr'>Tantum</span> 
     </span>
    </p>
   </div>
   <div class='ocr_carea' id='block_1_112' title="bbox 2088 4998 3755 5069">
    <p class='ocr_par' dir='ltr' id='par_1_112' title="bbox 2088 4998 3755 5069">
     <span class='ocr_line' id='line_1_112' title="bbox 2088 4998 3755 5069; baseline 0.002 -15"><span class='ocrx_word' id='word_1_745' title='bbox 2088 4999 2296 5055; x_wconf 90' lang='lat' dir='ltr'>Olfridi</span> <span class='ocrx_word' id='word_1_746' title='bbox 2326 4998 2462 5052; x_wconf 87' lang='lat' dir='ltr'>lima</span> <span class='ocrx_word' id='word_1_747' title='bbox 2498 4999 2793 5053; x_wconf 90' lang='lat' dir='ltr'>sermonis</span> <span class='ocrx_word' id='word_1_748' title='bbox 2825 4998 3060 5063; x_wconf 88' lang='lat' dir='ltr'>evaluit,</span> <span class='ocrx_word' id='word_1_749' title='bbox 3108 5015 3240 5069; x_wconf 74' lang='lat' dir='ltr'>quae</span> <span class='ocrx_word' id='word_1_750' title='bbox 3283 5001 3477 5054; x_wconf 90' lang='lat' dir='ltr'>mitem</span> <span class='ocrx_word' id='word_1_751' title='bbox 3500 5001 3571 5057; x_wconf 90' lang='lat' dir='ltr'>de</span> <span class='ocrx_word' id='word_1_752' title='bbox 3614 5019 3755 5057; x_wconf 89' lang='lat' dir='ltr'>cru-</span> 
     </span>
    </p>
   </div>
   <div class='ocr_carea' id='block_1_113' title="bbox 2093 5087 3753 5160">
    <p class='ocr_par' dir='ltr' id='par_1_113' title="bbox 2093 5087 3753 5160">
     <span class='ocr_line' id='line_1_113' title="bbox 2093 5087 3753 5160; baseline 0.001 -17"><span class='ocrx_word' id='word_1_753' title='bbox 2093 5089 2227 5151; x_wconf 86' lang='lat' dir='ltr'>deli,</span> <span class='ocrx_word' id='word_1_754' title='bbox 2255 5088 2325 5140; x_wconf 90' lang='lat' dir='ltr'>de</span> <span class='ocrx_word' id='word_1_755' title='bbox 2349 5087 2535 5140; x_wconf 87' lang='lat' dir='ltr'>inutili</span> <span class='ocrx_word' id='word_1_756' title='bbox 2566 5087 2876 5156; x_wconf 86' lang='lat' dir='ltr'>frugalem,</span> <span class='ocrx_word' id='word_1_757' title='bbox 2918 5088 3213 5157; x_wconf 86' lang='lat' dir='ltr'>increpata</span> <span class='ocrx_word' id='word_1_758' title='bbox 3247 5089 3461 5143; x_wconf 89' lang='lat' dir='ltr'>duritie</span> <span class='ocrx_word' id='word_1_759' title='bbox 3492 5092 3753 5160; x_wconf 80' lang='lat' dir='ltr'>pravita-</span> 
     </span>
    </p>
   </div>
   <div class='ocr_carea' id='block_1_114' title="bbox 2090 5176 3755 5250">
    <p class='ocr_par' dir='ltr' id='par_1_114' title="bbox 2090 5176 3755 5250">
     <span class='ocr_line' id='line_1_114' title="bbox 2090 5176 3755 5250; baseline 0.002 -20"><span class='ocrx_word' id='word_1_760' title='bbox 2090 5179 2203 5231; x_wconf 90' lang='lat' dir='ltr'>tem</span> <span class='ocrx_word' id='word_1_761' title='bbox 2228 5176 2491 5231; x_wconf 90' lang='lat' dir='ltr'>rodendo</span> <span class='ocrx_word' id='word_1_762' title='bbox 2527 5176 2801 5244; x_wconf 89' lang='lat' dir='ltr'>paulatim</span> <span class='ocrx_word' id='word_1_763' title='bbox 2827 5177 3256 5246; x_wconf 85' lang='lat' dir='ltr'>exsculpserat.</span> <span class='ocrx_word' id='word_1_764' title='bbox 3297 5177 3406 5231; x_wconf 90' lang='lat' dir='ltr'>Hic</span> <span class='ocrx_word' id='word_1_765' title='bbox 3443 5194 3587 5250; x_wconf 89' lang='lat' dir='ltr'>ergo</span> <span class='ocrx_word' id='word_1_766' title='bbox 3620 5196 3755 5235; x_wconf 87' lang='lat' dir='ltr'>cum</span> 
     </span>
    </p>
   </div>
   <div class='ocr_carea' id='block_1_115' title="bbox 2091 5264 3753 5339">
    <p class='ocr_par' dir='ltr' id='par_1_115' title="bbox 2091 5264 3753 5339">
     <span class='ocr_line' id='line_1_115' title="bbox 2091 5264 3753 5339; baseline 0.002 -19"><span class='ocrx_word' id='word_1_767' title='bbox 2091 5264 2225 5336; x_wconf 81' lang='lat' dir='ltr'>ejus</span> <span class='ocrx_word' id='word_1_768' title='bbox 2271 5264 2630 5319; x_wconf 90' lang='lat' dir='ltr'>desiderium</span> <span class='ocrx_word' id='word_1_769' title='bbox 2679 5265 3083 5333; x_wconf 75' lang='lat' dir='ltr'>cognovisset,</span> <span class='ocrx_word' id='word_1_770' title='bbox 3136 5276 3256 5319; x_wconf 83' lang='lat' dir='ltr'>tum</span> <span class='ocrx_word' id='word_1_771' title='bbox 3289 5265 3628 5323; x_wconf 89' lang='lat' dir='ltr'>imminente</span> <span class='ocrx_word' id='word_1_772' title='bbox 3676 5268 3753 5339; x_wconf 85' lang='lat'>(6)</span> 
     </span>
    </p>
   </div>
   <div class='ocr_carea' id='block_1_116' title="bbox 2089 5352 3752 5423">
    <p class='ocr_par' dir='ltr' id='par_1_116' title="bbox 2089 5352 3752 5423">
     <span class='ocr_line' id='line_1_116' title="bbox 2089 5352 3752 5423; baseline 0.002 -16"><span class='ocrx_word' id='word_1_773' title='bbox 2089 5353 2272 5422; x_wconf 89' lang='lat' dir='ltr'>proba</span> <span class='ocrx_word' id='word_1_774' title='bbox 2297 5352 2716 5423; x_wconf 83' lang='lat' dir='ltr'>conjuge,tum</span> <span class='ocrx_word' id='word_1_775' title='bbox 2741 5353 2996 5407; x_wconf 90' lang='lat' dir='ltr'>inaudita</span> <span class='ocrx_word' id='word_1_776' title='bbox 3033 5355 3299 5408; x_wconf 76' lang='lat' dir='ltr'>canonici</span> <span class='ocrx_word' id='word_1_777' title='bbox 3335 5357 3561 5411; x_wconf 89' lang='lat' dir='ltr'>ordinis</span> <span class='ocrx_word' id='word_1_778' title='bbox 3585 5358 3752 5411; x_wconf 87' lang='lat' dir='ltr'>novi-</span> 
     </span>
    </p>
   </div>
   <div class='ocr_carea' id='block_1_117' title="bbox 2090 5441 3748 5518">
    <p class='ocr_par' dir='ltr' id='par_1_117' title="bbox 2090 5441 3748 5518">
     <span class='ocr_line' id='line_1_117' title="bbox 2090 5441 3748 5518; baseline 0.002 -22"><span class='ocrx_word' id='word_1_779' title='bbox 2090 5446 2227 5509; x_wconf 87' lang='lat' dir='ltr'>tate,</span> <span class='ocrx_word' id='word_1_780' title='bbox 2254 5457 2427 5512; x_wconf 89' lang='lat' dir='ltr'>quem</span> <span class='ocrx_word' id='word_1_781' title='bbox 2441 5441 2865 5497; x_wconf 88' lang='lat' dir='ltr'>instituendum</span> <span class='ocrx_word' id='word_1_782' title='bbox 2879 5442 3019 5497; x_wconf 90' lang='lat' dir='ltr'>inibi</span> <span class='ocrx_word' id='word_1_783' title='bbox 3036 5443 3208 5513; x_wconf 89' lang='lat' dir='ltr'>paulo</span> <span class='ocrx_word' id='word_1_784' title='bbox 3222 5447 3354 5499; x_wconf 90' lang='lat' dir='ltr'>ante</span> <span class='ocrx_word' id='word_1_785' title='bbox 3370 5448 3748 5518; x_wconf 86' lang='lat' dir='ltr'>exposuerat,</span> 
     </span>
    </p>
   </div>
   <div class='ocr_carea' id='block_1_118' title="bbox 2086 5584 2516 5640">
    <p class='ocr_par' dir='ltr' id='par_1_118' title="bbox 2086 5584 2516 5640">
     <span class='ocr_line' id='line_1_118' title="bbox 2086 5584 2516 5640; baseline -0.007 0"><span class='ocrx_word' id='word_1_786' title='bbox 2086 5584 2235 5640; x_wconf 78' lang='lat' dir='ltr'>satis</span> <span class='ocrx_word' id='word_1_787' title='bbox 2266 5585 2516 5638; x_wconf 88' lang='lat' dir='ltr'>constat.</span> 
     </span>
    </p>
   </div>
   <div class='ocr_carea' id='block_1_119' title="bbox 2158 5653 2826 5721">
    <p class='ocr_par' dir='ltr' id='par_1_119' title="bbox 2158 5653 2826 5721">
     <span class='ocr_line' id='line_1_119' title="bbox 2158 5653 2826 5721; baseline 0 -12"><span class='ocrx_word' id='word_1_788' title='bbox 2158 5653 2236 5721; x_wconf 81' lang='lat'>(5)</span> <span class='ocrx_word' id='word_1_789' title='bbox 2266 5654 2439 5709; x_wconf 81' lang='lat' dir='ltr'>Adde</span> <span class='ocrx_word' id='word_1_790' title='bbox 2471 5654 2826 5709; x_wconf 88' lang='lat' dir='ltr'>consolator.</span> 
     </span>
    </p>
   </div>
   <div class='ocr_carea' id='block_1_120' title="bbox 2159 5724 2698 5797">
    <p class='ocr_par' dir='ltr' id='par_1_120' title="bbox 2159 5724 2698 5797">
     <span class='ocr_line' id='line_1_120' title="bbox 2159 5724 2698 5797; baseline 0 -17"><span class='ocrx_word' id='word_1_791' title='bbox 2159 5724 2237 5797; x_wconf 89' lang='lat'>(6)</span> <span class='ocrx_word' id='word_1_792' title='bbox 2268 5724 2359 5796; x_wconf 83' lang='lat' dir='ltr'>F.,</span> <span class='ocrx_word' id='word_1_793' title='bbox 2399 5726 2698 5781; x_wconf 87' lang='lat' dir='ltr'>innuente.</span> 
     </span>
    </p>
   </div>
  </div>
