4084 6186
404 328 565 390 1519

1444 332 1809 397 EBRARDI
1840 333 2130 397 WATIN
2136 334 2242 396 EN
2250 334 2369 397 SlS
2401 333 2570 396 CAN
2578 335 2688 396 ON
2695 335 2806 396 ICI

3656 337 3813 400 1520

399 538 583 590 totum
614 547 681 586 se
713 532 849 585 huie
881 531 1119 601 negotio
1150 532 1450 601 impendit,
1483 534 1640 603 quod
1670 521 1860 588 isdem
1893 535 2062 588 locus
2083 520 2136 588 Ᾱ
2177 536 2454 591 humilem
2497 541 2948 609 sustentaverat,
3000 541 3289 594 inﬁrmam
3332 541 3646 608 refecerat,
3692 556 3842 610 pan-

398 640 532 677 cum
564 622 774 676 annuis
797 620 1085 675 reditibus
1109 637 1260 691 quos
1286 622 1694 693 Bergensibus
1714 624 1946 677 solvere
1966 640 2060 677 so-

395 713 571 780 lebat,
615 710 867 765 libertati
901 710 1351 764 condonaretur.
1388 712 1555 775 Quod
1592 712 1701 765 hac
1736 712 2055 780 molitione,

400 802 555 854 sicut
580 802 705 855 erat
724 800 1097 869 ingeniosus,
1130 799 1523 853 admonitione
1560 800 1827 869 praedicti
1856 801 2055 870 provi-

398 891 558 947 soris
578 889 786 956 nostri,
823 888 1037 941 indicta
1069 887 1477 957 taciturnitate,
1514 894 1718 943 cautos
1751 889 1961 944 affecit.

472 979 617 1032 VIII.
652 978 972 1031 Hic/larius
1015 978 1330 1030 canonicus
1375 978 1779 1044 Morinensis,
1816 995 2060 1055 consen-

404 1069 591 1122 tiente
605 1065 1065 1137 epi500po,dedit
1084 1065 1275 1119 altare
1292 1066 1806 1137 Ledringelzen.—
1819 1068 1933 1121 Sed
1948 1084 2058 1122 nos

402 1158 695 1212 neminem
717 1156 895 1208 latere
920 1154 1329 1221 volentes,tam
1345 1154 1679 1208 nolentibus
1701 1156 2060 1227 scire,quam

403 1245 738 1301 volentibus
760 1243 1134 1296 innotescere
1160 1243 1526 1311 studeamus,
1557 1248 1636 1312 ut,
1656 1245 1809 1298 sicut
1826 1248 1961 1315 quis
1992 1247 2062 1301 de

402 1353 514 1407 qua
541 1335 615 1387 sit
633 1332 919 1386 oriundus
938 1331 1089 1385 linea
1115 1332 1295 1400 novit,
1316 1348 1389 1385 ne
1408 1332 1606 1385 itidem
1632 1334 1807 1404 cujus
1835 1335 1912 1388 sit
1943 1336 2063 1389 ori-

404 1426 563 1498 ginis
580 1423 938 1477 (luatinense
956 1421 1290 1474 ownobium
1314 1421 1416 1473 filii
1434 1422 1532 1490 qui
1552 1426 1872 1477 nascentur
1891 1423 2066 1494 igno-

407 1518 557 1569 rent.
578 1511 905 1582 Cujusdam
942 1525 1085 1580 ergo
1126 1510 1391 1563 Bicliarii
1423 1510 1493 1563 de
1517 1511 1819 1565 canonicis
1856 1512 1914 1565 S.
1951 1513 2065 1565 Ma-

405 1605 511 1659 rim
561 1599 925 1655 Morincnsis
977 1598 1157 1652 altare
1208 1598 1625 1669 Ledringehen
1664 1601 1817 1670 quod
1856 1601 2069 1656 usibus

406 1690 799 1757 deserviebat,
827 1687 1102 1741 cessione
1125 1688 1376 1756 ipsius,a
1397 1688 1586 1743 beatae
1608 1692 1908 1744 memoriae
1932 1694 2067 1745 tunc

409 1783 691 1850 episeopo
723 1778 1000 1847 Drogone
1048 1777 1261 1829 domno
1309 1775 1550 1831 Odfrido
1592 1780 1838 1833 concedi
1880 1780 2070 1834 laicus

2177 641 2384 679 nosam
2417 630 2778 682 ornamentis
2810 629 3085 698 speciose
3123 635 3476 699 compserat,
3513 630 3642 700 jam
3680 629 3843 681 adul-

2178 717 2293 767 tam
2339 719 2395 768 et
2449 732 2619 785 quam
2651 717 3090 786 producendam
3140 722 3271 773 ante
3318 733 3526 773 omnes
3574 719 3846 788 primitus

2182 802 2492 857 oblationis
2524 804 2656 857 dote
2687 804 2963 872 firmaret,

2254 910 2350 963 XI.
2380 909 2570 964 Varize
2592 912 2942 967 donationes
2974 913 3035 966 in
3054 914 3181 984 ipso
3206 914 3454 968 exordio
3479 912 3852 967 fundationis

2183 996 2374 1052 factae.
2399 1030 2470 1038 —
2500 1000 2665 1054 Tunc
2688 1003 2859 1055 etiam
2884 1004 3135 1056 domnus
3158 1002 3438 1059 Odfridus
3480 1003 3846 1072 praepositus

2184 1092 2390 1141 noster
2410 1088 2568 1142 dedit
2590 1089 2797 1159 viginti
2822 1106 3133 1145 mensuras
3152 1097 3325 1145 terrae
3348 1091 3408 1144 in
3443 1091 3583 1143 villa
3606 1091 3849 1143 Aissen-

2185 1176 2417 1246 gehem,
2446 1177 2778 1232 Itichardus
2802 1179 2877 1247 (9)
2900 1182 3221 1234 canonicus
3252 1183 3504 1250 quatuor
3526 1194 3847 1233 mensuras

2183 1264 2242 1317 in
2262 1264 2517 1335 Walins,
2538 1266 2867 1321 Bernoldus
2882 1269 3204 1322 canonicus
3229 1270 3285 1321 in
3304 1268 3627 1322 Petenham
3642 1268 3846 1321 decem

2186 1369 2520 1421 mensuras,
2547 1355 2877 1410 Bedbertus
2902 1358 3223 1411 canonicus
3245 1358 3304 1411 in
3325 1357 3651 1411 Petenham
3683 1356 3848 1426 quin-

2183 1457 2296 1511 que
2326 1457 2660 1512 mensuras,
2707 1445 3035 1499 Herbertus
3074 1446 3394 1500 canonicus
3424 1449 3482 1499 et
3515 1461 3846 1499 conversus

2181 1530 2241 1583 in
2292 1531 2514 1584 Sintina
2543 1533 2804 1587 sedecim
2835 1550 3168 1603 mensuras,
3204 1535 3537 1588 Tainardus
3569 1539 3624 1588 et
3670 1532 3850 1586 Ever-

2181 1619 2396 1673 boldus
2417 1622 2687 1675 canonici
2727 1622 2966 1693 triginta
2998 1622 3853 1691 mensuras,Alfunniuscano.

2183 1709 2354 1763 nicus
2377 1709 2580 1764 decem
2594 1726 2910 1765 mensuras
2926 1712 2983 1765 in
3010 1711 3669 1781 Brocsela,Radulphus
3684 1725 3862 1763 cano-

2182 1798 2353 1851 nicus
2379 1798 2580 1853 decem
2600 1815 2912 1855 mensuras
2933 1802 2989 1853 in
3013 1800 3265 1866 Sintina;
3291 1816 3544 1871 q-iarum
3568 1799 3852 1853 Richardi

406 1870 563 1925 idem
584 1867 866 1937 precibus
882 1865 1151 1919 obtinuit.
1182 1865 1348 1928 Quod
1374 1866 1525 1918 idem
1551 1882 1684 1919 cum
1706 1869 2071 1937 appendiciis

2196 1892 2435 1957 iuatuor
2449 1903 2758 1944 mensuras
2774 1892 2829 1943 et
2844 1890 3122 1944 Hernoldi
3137 1891 3560 1944 canonicorum
3574 1891 3631 1942 et
3647 1888 3851 1941 Aliun-

410 1960 540 2013 suis
572 1972 690 2010 non
721 1956 855 2024 post
887 1951 1100 2006 multos
1134 1953 1263 2006 dies
1313 1954 1646 2008 conditione
1686 1956 1819 2009 inde
1851 1973 2073 2011 conve-

414 2048 633 2112 niente,
678 2044 885 2097 eodem
932 2041 1215 2111 praedicto
1249 2043 1530 2112 episcopo
1575 2044 1889 2113 mediante,
1942 2062 2076 2100 cum

412 2134 642 2189 idoneis
674 2131 975 2202 personis,
1006 2129 1408 2200 Ermengerus
1440 2132 1625 2185 abbas
1666 2133 1991 2204 Bergensis
2022 2139 2078 2189 et

413 2221 683 2278 monachi
727 2220 861 2291 ejus
908 2220 966 2271 in
1006 2234 1155 2271 usus
1206 2222 1548 2273 monasterii
1579 2222 1693 2290 sui,
1734 2239 1839 2292 pro
1873 2223 2079 2278 Guati-

416 2311 589 2368 nensi
620 2308 890 2364 Ecclesia
922 2310 1141 2378 etquos
1171 2307 1423 2361 debebat
1453 2312 1751 2365 annuatim
1782 2312 2010 2368 solidos
2044 2331 2076 2369 a

414 2404 628 2456 domno
659 2398 901 2452 Odfrido
935 2396 1143 2449 abbate
1185 2400 1390 2451 nostro
1427 2397 1486 2450 in
1531 2399 1758 2453 cambio
1788 2404 2073 2474 suscepit,

413 2493 612 2561 utpote
644 2489 839 2542 statim
862 2488 1143 2555 deinceps
1168 2485 1507 2540 alterutrum
1528 2490 1742 2542 mutata
1765 2494 2078 2559 possessio

413 2583 701 2651 perpetua
732 2576 1047 2630 stabilitate
1080 2575 1175 2627 cui
1199 2575 1493 2630 cessisset
1524 2576 1661 2631 hinc
1693 2579 1786 2633 vel
1815 2580 1950 2635 inde
1983 2582 2079 2635 ﬁr-

415 2685 510 2724 ma
537 2669 887 2723 remaneret.
919 2665 1041 2717 Hoc
1096 2666 1172 2718 ita
1201 2665 1472 2735 synodali
1503 2668 1737 2735 publico
1788 2674 2081 2724 conventu

417 2758 690 2825 difﬁnito,
743 2755 996 2826 quisque
1042 2753 1157 2807 sibi
1208 2755 1352 2808 ratis
1411 2756 1569 2808 cesis
1631 2758 1887 2828 receptis
1937 2775 2082 2813 suas

419 2848 716 2902 dimceses
748 2846 1116 2898 commutatae
1151 2847 1307 2910 sunt,
1342 2845 1587 2913 proprio
1637 2861 1769 2899 cum
1810 2847 1945 2917 jure
1978 2865 2083 2902 so-

416 2935 534 2989 lide
566 2937 622 2987 et
652 2932 845 3004 quiete
877 2932 1240 3003 recognovit.
1262 2930 1359 2984 Sic
1389 2933 1715 2987 nuntiatum
1735 2936 1810 3003 (7)
1841 2951 1874 2989 a
1894 2937 2083 3006 primo

416 3023 661 3078 introitu
707 3020 1068 3091 praelationis
1118 3021 1177 3074 in
1220 3020 1564 3075 Guatinensi
1607 3021 1875 3077 Ecclesia
1915 3026 2084 3079 dom-

418 3130 557 3169 num
588 3112 893 3167 Odfridum
917 3110 1329 3181 cognovimus,
1365 3114 1420 3163 et
1452 3127 1524 3164 ne
1555 3112 1908 3166 occultatum
1938 3131 2079 3185 pos~

422 3204 567 3259 teris
597 3202 849 3270 excidat,
874 3198 1208 3254 testimonio
1242 3198 1344 3251 tali
1374 3199 1444 3252 ad
1478 3202 1918 3256 memorandum
1948 3220 2083 3258 sus-

422 3294 693 3347 citamus.

490 3382 588 3435 IX.
626 3378 915 3434 Odfridus
934 3378 1461 3448 discipulosprimo
1492 3386 1911 3451 congregat.—
1934 3382 2086 3437 Ven-

419 3474 543 3525 tum
574 3485 718 3539 ergo
744 3467 868 3539 jam
898 3471 1023 3521 erat
1056 3466 1127 3519 ad
1160 3466 1300 3519 ilum
1331 3482 1505 3534 quem
1552 3468 1703 3521 votis
1748 3468 1905 3523 mille
1936 3472 2086 3539 peti-

420 3564 546 3614 tum
584 3558 911 3627 ambigeret
940 3555 1018 3623 (8)
1050 3554 1276 3607 vidisse
1309 3554 1487 3621 diem,
1523 3559 1582 3607 ut
1616 3561 1783 3608 nacta
1818 3558 2089 3613 videlicet

424 3646 876 3716 Opportunitate,
911 3658 1044 3695 cum
1075 3642 1170 3695 his
1201 3657 1353 3711 quos
1390 3642 1547 3695 Deus
1578 3643 1650 3696 ad
1684 3643 1841 3698 hunc
1871 3648 2087 3715 quietis

422 3733 765 3790 monasterii
814 3734 1042 3801 portum
1089 3730 1406 3799 appelleret
1446 3733 1726 3785 canonice
1772 3749 2088 3790 conversa-

423 3826 605 3892 retur,
639 3822 711 3875 ab
746 3822 893 3875 urbe
933 3820 1397 3873 Tervanensium
1439 3820 1661 3875 directo
1694 3823 1900 3878 itinere
1929 3826 2086 3879 Gua-

423 3914 611 3968 tinum
649 3910 936 3981 pervenit,
980 3911 1035 3963 et
1080 3909 1402 3977 composita
1452 3925 1594 3978 pace
1628 3927 1759 3965 cum
1790 3912 1884 3966 his
1935 3931 2086 3983 quos

419 4002 664 4070 invenit,
725 4000 877 4054 facto
924 3999 1118 4067 etiam,
1172 4003 1345 4067 prout
1392 4015 1489 4051 res
1537 4006 1679 4069 erat,
1731 4002 2081 4071 inventario,

418 4091 617 4162 ipsum
642 4090 928 4143 hactenus
964 4094 1264 4141 cautorem
1296 4087 1567 4157 ejusdem
1599 4090 1870 4143 ecclesiae
1904 4107 2085 4146 vene-

418 4181 670 4235 randum
701 4178 1037 4232 sacerdotio
1067 4179 1257 4232 virum
1288 4193 1463 4247 quem
1493 4181 1699 4245 postea
1742 4179 1797 4231 in
1832 4195 1897 4231 ea
1930 4181 2085 4249 prio-

415 4285 562 4339 rem,
615 4271 678 4324 ut
726 4269 945 4322 dictum
991 4270 1101 4335 est,
1150 4266 1425 4329 vidimus,
1483 4266 1603 4319 Deo
1649 4268 1969 4322 mediatore
2028 4270 2085 4322 in

417 4359 478 4413 in
509 4375 691 4413 unum
721 4374 823 4411 cor
853 4361 910 4411 et
941 4358 1195 4410 animam
1238 4371 1413 4408 unam
1446 4356 1862 4425 conglutinans
1910 4374 2085 4428 regu-

412 4448 624 4502 lariter
653 4447 858 4500 vivere
890 4447 1086 4516 coepit.

491 4538 641 4591 X.—
670 4536 837 4588 Hanc
887 4534 1233 4606 religionem
1277 4533 1560 4603 praefatus
1608 4533 1704 4587 ille
1747 4534 1917 4588 bonae
1959 4535 2086 4604 ipse

418 4627 609 4682 laicus
641 4641 757 4679 non
788 4624 1163 4678 mediocriter
1209 4622 1590 4691 appretiatus,
1639 4638 1705 4675 se
1738 4640 1870 4675 cum
1904 4640 2087 4677 uxore

417 4732 527 4772 sua
545 4716 605 4769 in
628 4714 971 4769 societatem
994 4711 1176 4782 hujus
1201 4712 1579 4764 fraternitatis
1605 4711 1834 4781 suscipi
1864 4716 1917 4765 et
1941 4728 2085 4765 con-

414 4803 719 4860 numerari
739 4817 953 4873 magna
976 4816 1109 4854 cum
1146 4800 1523 4854 veneratione
1555 4800 1863 4869 postulans
1897 4801 2086 4870 impe-

413 4896 621 4960 travit;
646 4896 702 4948 et
718 4892 805 4947 sic
817 4895 876 4946 ut
900 4890 1288 4961 publicarum,
1314 4889 1531 4959 quibus
1553 4888 1864 4959 cingimur,
1888 4890 2081 4943 fores—

413 4986 558 5039 tium
573 4982 848 5040 ofﬁcialis
867 4980 1078 5043 erat,in
1092 4979 1342 5046 cellulis,
1362 4978 1617 5032 ofﬁcinis
1632 4993 1699 5030 ac
1719 4980 2081 5033 necessariis

418 5072 781 5127 fabricandis
816 5071 1019 5124 hilaris
1052 5069 1457 5122 machinarum
1488 5070 1542 5120 et
1576 5067 1869 5137 lignorum
1900 5068 2081 5121 admi-

409 5161 689 5216 nistrator
707 5162 1022 5232 diligenter
1038 5159 1132 5229 adj
1146 5159 1285 5211 uvit.
1299 5157 1378 5211 Eo
1408 5162 1671 5225 tempore
1696 5156 2082 5210 nihilominus

411 5249 571 5303 idem
602 5252 692 5303 vir
721 5250 930 5305 obtulit
960 5248 1352 5320 quadraginta
1385 5250 1515 5300 octo
1552 5261 1865 5299 mensuras
1910 5250 2082 5299 terrae

416 5337 590 5391 cultae
622 5337 681 5390 in
714 5339 1029 5391 meridiana
1062 5342 1223 5408 parte
1249 5337 1360 5390 sub
1398 5339 1591 5390 monte
1615 5335 1815 5400 Ualeti,
1847 5335 1915 5387 ad
1942 5351 2083 5388 sus-

414 5426 794 5481 tentationem
812 5426 1097 5479 Ecclesia)
1114 5427 1422 5487 nostrae,in
1440 5425 1899 5493 redemptionem
1915 5440 2081 5477 suam

410 5523 614 5574 etsuze
658 5514 1111 5581 collatcraiis,ut
1134 5532 1307 5585 quam
1340 5515 1497 5568 velut
1530 5514 1857 5583 expositam
1895 5513 2082 5565 nutri-

411 5610 530 5663 tius
563 5624 596 5661 a
636 5603 863 5675 princio
906 5604 1052 5657 colle
1093 5610 1235 5673 erat,
1276 5604 1604 5675 neglectam
1643 5604 2076 5672 composuerat,

486 5715 565 5785 (Ἴ)
597 5713 688 5783 F.,
724 5711 1036 5785 initiatum.

492 5781 568 5859 (8)
597 5781 680 5842 1d
696 5789 811 5856 est,
835 5781 1141 5838 ambierat.

2183 1976 2239 2031 ni
2256 1977 2458 2030 decem
2472 1979 2843 2033 vendidimus
2858 1983 3095 2049 propter
3107 1979 3564 2049 comparandum
3575 1976 3848 2030 allodium

2185 2066 2433 2119 Joannis
2450 2067 2943 2136 Atrebatensis,et
2956 2070 3109 2122 sicut
3123 2069 3180 2121 in
3195 2068 3587 2139 sequentibus
3601 2066 3848 2132 dicetur,

2186 2154 2245 2207 in
2277 2155 2580 2209 meliorem
2628 2157 3080 2225 possessionem
3119 2157 3633 2211 commutavimus.
3685 2154 3853 2207 Dedit

2188 2246 2393 2310 postea
2457 2243 2752 2299 Rodulfus
2807 2261 3139 2299 conversus
3198 2246 3480 2299 tredecim
3537 2259 3852 2299 mensuras

2192 2333 2365 2384 terrae
2398 2335 2453 2385 et
2484 2334 2751 2402 seipsum
2784 2334 3069 2389 Ecclesiae
3110 2339 3332 2390 nostrae
3364 2351 3498 2388 cum
3536 2338 3657 2388 tota
3689 2349 3853 2386 man-

2192 2420 2359 2474 sione
2408 2420 2467 2474 in
2498 2421 2634 2475 villa
2674 2422 3013 2492 Ledersela,
3073 2424 3341 2478 Gihbodo
3384 2424 3558 2477 miles
3607 2423 3681 2476 de
3719 2421 3854 2476 Fle-

2192 2512 2360 2562 terne
2387 2509 2594 2580 viginti
2627 2525 2942 2564 mensuras
2974 2512 3032 2564 in
3058 2512 3196 2565 villa
3227 2512 3623 2583 Thiggabust.

2262 2616 2389 2671 XII.
2407 2617 2597 2672 Adela
2618 2617 2918 2672 comitissa
2942 2617 3152 2673 Fland.
3174 2636 3299 2673 cum
3313 2621 3525 2673 comite
3545 2618 3860 2673 Flandrize

2192 2705 2456 2761 Roberto
2480 2705 2732 2761 Frisone
2754 2709 2943 2761 omnia
2972 2706 3298 2777 conﬁrmat,
3325 2707 3559 2780 aliaque
3580 2709 3734 2762 dona
3765 2724 3859 2762 su-

2184 2795 2483 2866 pradictis
2496 2795 2721 2865 adjicit.
2734 2794 3116 2850 Confirmatio
3128 2797 3425 2868 Drogonis
3438 2799 3707 2868 episcom’
3729 2798 3860 2851 Tar-

2199 2884 2573 2938 vanensis.—
2601 2884 2671 2937 Et
2686 2901 2759 2939 ne
2781 2886 2853 2938 ad
2872 2887 3124 2955 incoepta
3148 2885 3440 2957 majorum
3464 2903 3857 2957 personarum

2191 2972 2429 3027 deesset
2487 2974 2781 3043 dignitas,
2849 2974 2921 3027 ad
2972 2975 3441 3029 confirmandum
3489 2977 3859 3030 comitissam

2192 3062 2485 3116 Flandriae
2525 3063 2767 3116 Adelam
2800 3062 3075 3117 videlicet
3124 3064 3387 3117 Balduini
3438 3066 3676 3119 comitis
3710 3066 3859 3136 apud

2191 3151 2448 3206 Insulam
2481 3152 2693 3221 sepulti
2724 3152 2959 3205 viduam
2992 3152 3151 3222 adiit,
3201 3154 3342 3223 quid
3390 3153 3668 3223 fecisset,
3724 3156 3856 3226 quid

2120 3241 2366 3318 cvellet
2399 3241 2703 3294 intimavit.
2738 3241 2839 3293 Illa
2878 3245 3092 3309 autem,
3126 3245 3187 3296 ut
3230 3245 3357 3296 erat
3394 3243 3751 3297 indeﬁciens
3790 3245 3858 3297 ad

2192 3330 2453 3383 melioris
2477 3330 2611 3383 vitae
2636 3333 2974 3399 provectum
2998 3331 3575 3399 eonsolatrixﬁlium
3587 3334 3858 3387 comitem

2191 3419 2464 3472 videlicet
2483 3419 2802 3473 Robertum
2817 3424 3206 3489 cognomento
3221 3419 3537 3474 Grisonem
3552 3436 3585 3474 e
3605 3422 3856 3492 vestigio

2195 3508 2488 3575 convenit,
2507 3508 2721 3560 bonum
2741 3523 2878 3561 esse
2898 3510 2954 3561 et
2971 3508 3209 3561 salubre
3239 3509 3292 3562 si
3315 3508 3669 3579 hujusmodi
3690 3511 3856 3565 bene-

2196 3596 2528 3651 volentibus
2544 3597 2887 3650 conversari
2900 3596 3120 3666 aliquid
3136 3598 3860 3653 attribueretumefficacis-

2197 3686 2345 3739 sime
2378 3686 2586 3752 suasit,
2609 3702 2717 3739 nec
2739 3689 2871 3739 ante
2892 3685 3066 3739 desiit
3086 3702 3259 3756 quam
3290 3687 3712 3742 dominicalem
3736 3705 3855 3741 cur-

2196 3778 2312 3828 tem
2363 3774 2596 3828 nomine
2646 3773 3031 3846 Ballenherge
3064 3775 3134 3828 ad
3167 3775 3595 3830 occidentalem
3628 3779 3857 3848 plagam

2196 3863 2376 3917 Caleti
2408 3863 2622 3916 montis
2645 3862 2815 3933 juxta
2846 3863 3101 3918 rivulum
3148 3865 3385 3932 Penam,
3421 3882 3555 3920 cum
3588 3868 3858 3921 omnibus

2199 3953 2562 4024 appendiciis
2602 3954 3003 4023 integerrime,
3052 3954 3295 4024 insuper
3342 3960 3396 4008 et
3445 3955 3601 4009 duas
3648 3956 3860 4027 garbas

2197 4043 2377 4096 totius
2406 4043 2703 4112 parochiae
2742 4043 3142 4111 Guatinensis,
3186 4059 3293 4098 nec
3343 4060 3462 4098 non
3510 4045 3573 4098 in
3616 4045 3857 4099 circuitu

2199 4134 2330 4186 atrii
2363 4132 2431 4185 ad
2463 4132 2871 4201 applicandum
2904 4132 3149 4185 curtulia
3169 4133 3594 4187 etmansiones
3616 4140 3863 4205 quatuor

2197 4222 2517 4276 diurniales
2548 4226 2724 4275 terrae
2745 4220 3049 4289 ﬁscalinae,
3083 4222 3141 4274 in
3162 4221 3583 4276 remissionem
3603 4230 3864 4292 peccate-

2196 4327 2324 4364 rum
2358 4327 2621 4373 suorum,
2662 4311 2781 4364 Deo
2812 4314 2867 4363 et
2897 4310 3121 4364 sanctis
3154 4311 3224 4364 ad
3267 4312 3696 4365 continentiam
3726 4311 3862 4365 inibi

2195 4401 2603 4467 servientium,
2631 4405 2853 4453 nostrae
2872 4399 3215 4454 Guatinensi
3240 4399 3525 4453 Ecclesia:
3541 4401 3723 4454 ambo
3742 4417 3862 4469 per-

2192 4490 2503 4559 petualiter
2551 4488 2843 4543 oll‘errent.
2902 4491 3113 4543 Actum
3164 4489 3218 4542 in
3268 4488 3407 4541 villa
3464 4488 3667 4543 Sithiu
3718 4488 3862 4559 apud

2194 4579 2528 4633 coenobium
2552 4578 2611 4633 S.
2640 4578 2880 4647 Bertini,
2911 4582 3083 4649 atque
3109 4576 3260 4631 idem
3289 4579 3345 4631 in
3370 4578 3604 4647 synodo
3641 4578 3861 4631 Tarva-

2194 4669 2364 4722 nensi
2386 4669 2620 4736 publico
2641 4684 2955 4735 consessu,
2973 4668 3202 4721 idoneis
3223 4667 3557 4720 astantibus
3584 4668 3863 4735 personis

2195 4773 2326 4811 cum
2342 4758 2546 4811 eadem
2560 4758 2813 4812 ecclesia
2840 4760 3040 4812 nostra
3060 4758 3484 4810 intestamento
3512 4755 3862 4825 episcopali,

2197 4846 2686 4916 quemadmodum
2719 4846 2873 4900 scire
2907 4846 3242 4900 volentibus
3272 4847 3449 4914 patet,
3483 4844 3747 4898 libertati
3779 4845 3863 4896 in-

2197 4935 2497 4989 convulsae
2517 4936 2628 4990 sub
2642 4934 3053 5005 astipulationc
3068 4933 3861 5002 confirmatum;przesidente

2199 5026 2791 5095 Drogoncepiscopo,
2814 5040 2964 5077 anno
2996 5022 3425 5077 Incarnationis
3447 5022 3681 5076 Domini
3712 5020 3858 5087 1073,

2197 5114 2515 5167 indictione
2546 5129 2602 5177 Χ,
2635 5114 2801 5165 sexto
2834 5110 2972 5164 Idus
3004 5110 3185 5173 Junii,
3220 5113 3387 5163 sexta
3420 5109 3589 5163 feria.

2266 5240 2417 5294 XIII.
2440 5238 2631 5292 Adela
2646 5236 2947 5291 comitissa
2970 5235 3322 5289 monasterii
3350 5234 3736 5286 fundamenta
3762 5250 3857 5303 po-

2196 5328 2667 5381 suit.--Necdum
2681 5325 2875 5378 animo
2891 5325 3036 5376 satis
3053 5323 3291 5377 dederat
3306 5321 3522 5375 femina
3537 5322 3774 5375 ccelitus
3788 5323 3861 5374 in-

2193 5417 2421 5486 spirita,
2456 5416 2571 5469 imo
2605 5414 2918 5468 Guatinum
2965 5411 3143 5478 venit,
3197 5418 3253 5464 et
3296 5412 3471 5480 quasi
3501 5427 3617 5462 una
3648 5411 3720 5464 de
3754 5410 3855 5461 mi-

2193 5505 2440 5559 noribus
2468 5503 2669 5557 humili
2697 5500 2985 5555 subsellio
3010 5516 3139 5552 cum
3164 5498 3560 5552 caementariis
3583 5514 3651 5549 ac
3673 5498 3859 5550 fosso-

2196 5596 2363 5648 ribus
2390 5594 2550 5661 Operi
2578 5593 2900 5659 immorata,
2935 5590 3046 5644 sub
3070 5589 3204 5642 divo
3228 5589 3378 5641 solis
3402 5588 3656 5656 patiens,
3677 5586 3855 5639 sancti

2262 5702 2339 5772 (9)
2373 5702 2427 5753 Is
2448 5701 2779 5772 lticliardus
2805 5713 2942 5772 esse
2966 5695 3546 5772 vide_tur_canonicu_s
3574 5695 3856 5764 Moripen-

2191 5767 2299 5845 sis,
2322 5767 2426 5846 qui
2446 5771 2574 5844 jam
2604 5771 2844 5828 dederat
2872 5770 3056 5825 altare
3087 5769 3158 5825 de
3189 5767 3659 5841 Ledringehem.
