4084 6186
340 324 500 391 1523

1344 321 1725 382 EBRARDI
1752 319 2282 383 WATINENSIS
2333 320 2757 383 CANONICI.

3603 319 3756 385 1524

343 522 562 577 iterum
578 521 780 576 eadem
818 519 1144 574 confirmat.
1165 519 1377 584 —Quo
1394 519 1567 587 facto,
1602 518 1875 590 sequenti
1898 518 2013 584 die,
2048 502 2097 553 Α
2128 520 2310 589 pedes
2327 520 2737 577 allabebantur
2755 539 2769 587 ;
2802 524 2925 575 tum
2946 521 3121 575 etiam
3151 539 3181 575 a
3217 525 3367 576 tecto
3399 538 3506 592 per
3535 522 3786 594 tegulas,

352 610 411 665 id
441 614 532 665 est
558 609 729 663 tertia
788 608 933 662 feria
964 609 1022 661 in
1078 610 1450 675 Pentecoste,
1503 608 1784 661 dilatione
1842 606 2017 661 unius

347 700 541 753 noctis
574 698 801 766 mediae,
844 698 1004 751 venit
1049 697 1329 764 Joannes,
1365 701 1420 749 et
1472 695 1653 765 hujus
1684 695 2016 749 traditionis

344 787 633 858 majorem
663 786 855 840 adhuc
886 786 1061 839 fidem
1094 785 1380 849 facturus,
1406 784 1691 854 quidquid
1726 784 1939 854 Bergis
1959 784 2018 836 in

348 891 648 930 concessu
670 875 962 945 judicum,
995 874 1055 927 in
1087 873 1276 927 oculis
1299 872 1787 943 jurisperitorum
1842 875 1896 924 et
1926 876 2016 925 te-

347 966 527 1019 stium
571 963 747 1029 dono,
776 963 1172 1031 stipulatione,
1224 965 1371 1024 rato,
1423 962 1721 1030 promisso
1760 976 1828 1013 ac
1874 960 2017 1013 ﬁde-

342 1052 622 1124 jussione
637 1052 1064 1121 fecerat,totum
1080 1050 1329 1119 repetito
1344 1050 1549 1103 ordine
1570 1049 1689 1103 Deo
1709 1053 1764 1102 et
1792 1048 2017 1102 sanctis

349 1141 485 1213 ejus
510 1142 754 1195 Nicolao
779 1145 834 1193 et
861 1139 1136 1193 ltichario
1157 1138 1268 1207 (11)
1290 1139 1361 1192 ad
1386 1153 1559 1191 usum
1579 1136 2017 1191 ecclesiaeGua-

348 1231 603 1286 tinensis
618 1229 946 1284 benevolus
969 1228 1028 1281 in
1047 1227 1217 1281 altari
1238 1225 2017 1291 renovavit,obtulit,manu-

346 1317 643 1374 misit.Cn1i
659 1317 938 1371 secundae
953 1316 1246 1370 traditioni
1256 1315 1497 1385 juvenis
1514 1329 1711 1367 comes
1723 1314 2018 1368 Robertus

348 1408 507 1462 filius
523 1408 758 1461 comitis
786 1406 1032 1460 Roberti
1053 1404 1325 1459 Frisonis
1346 1404 1417 1457 ad
1442 1404 1554 1457 hoc
1578 1420 1609 1455 a
1626 1406 1788 1472 patre
1803 1406 1858 1456 et
1887 1402 2018 1455 avia

350 1496 613 1551 directus
633 1495 917 1562 interfuit,
940 1493 1169 1547 etsicut
1192 1492 1451 1545 scientes
1472 1493 1550 1545 uti
1586 1491 1841 1562 legibus,
1874 1506 2016 1543 cau-

348 1587 467 1641 tius
495 1585 885 1652 dictaverunt,
924 1581 1196 1635 videlicet
1227 1582 1467 1649 donum,
1501 1580 1935 1650 stipulationes,
1961 1582 2017 1632 et

351 1680 565 1729 caztera
614 1690 745 1743 quae
782 1674 839 1726 in
889 1671 1235 1741 hujusmodi
1280 1670 1407 1723 fieri
1439 1669 1866 1739 competebant,
1902 1672 2018 1721 tam

342 1762 524 1834 jussu
541 1779 715 1833 quam
739 1762 865 1815 vice
889 1760 1072 1829 patris
1097 1758 1286 1829 adjus
1326 1758 1600 1812 ecclesiae
1637 1761 1860 1812 nostrae
1891 1756 2015 1809 vin-

350 1852 557 1906 dicans
591 1851 876 1919 suscepit.

2124 611 2246 662 tum
2268 608 2731 678 perimpluvium
2767 610 2957 678 ipsius
2972 611 3195 681 tugurii
3215 616 3399 665 semet
3422 612 3661 681 penduli
3697 627 3789 665 ca-

2123 697 2342 766 pitibus
2379 697 2639 752 inversis
2670 699 3137 768 praecipitabant,
3183 699 3509 754 domestica
3538 700 3788 770 quadam

2122 786 2516 840 familiaritate
2567 787 2818 841 lectulos
2875 788 3264 857 quorumdam
3291 789 3703 853 escenderent,
3738 794 3791 843 et

2123 864 2276 928 facto
2306 874 2592 930 foramine
2624 876 2683 929 in
2715 875 2919 929 orbem
2947 878 3097 929 intra
3126 880 3328 931 vestes
3361 893 3428 931 se
3452 878 3565 930 sibi
3602 878 3790 947 impli-

2123 967 2344 1017 carent.
2410 964 2524 1016 Ubi
2558 964 2609 1016 si
2663 964 2895 1034 quando
2942 965 3407 1034 reperiebantur,
3468 981 3583 1019 non
3616 967 3791 1036 quasi

2123 1052 2478 1120 deprehensi
2508 1053 2766 1107 latebras
2798 1054 3162 1123 quaerebant,
3201 1055 3308 1107 sed
3338 1054 3499 1109 velut
3535 1054 3792 1108 officiosi

2125 1142 2410 1194 servitute
2432 1144 2709 1210 parentes
2727 1142 2798 1195 de
2830 1144 3046 1195 mutato
3080 1142 3208 1195 loco
3253 1158 3328 1196 ex
3373 1142 3557 1197 latere
3578 1144 3651 1197 ad
3684 1143 3795 1196 lio-

2126 1245 2252 1282 ram
2287 1229 2495 1300 majori
2531 1229 2740 1284 cedere
2773 1230 3142 1284 videbantur.
3176 1230 3587 1286 Observabant
3617 1233 3791 1287 etiam

2124 1318 2429 1371 reficiendi
2461 1320 2711 1386 tempus,
2764 1333 2836 1371 ne
2868 1318 2961 1372 vel
2992 1320 3300 1387 prandium
3330 1322 3423 1375 vel
3456 1336 3624 1374 coena
3656 1323 3788 1375 sine

2124 1405 2357 1459 illorum
2389 1406 2698 1476 participio
2730 1407 3026 1473 transiret,
3047 1408 3148 1478 qui
3179 1408 3368 1479 ipsam
3400 1425 3667 1463 mensam
3688 1410 3791 1462 ali-

2124 1495 2541 1565 quando,sicut
2564 1495 3038 1564 docti,scandere
3055 1497 3357 1566 parabant,
3374 1498 3493 1551 nisi
3514 1498 3791 1553 violentia

2124 1587 2221 1636 aut
2238 1584 2482 1637 incusso
2505 1588 2728 1638 terrore
2750 1586 3203 1639 arcerentur.lta
3227 1586 3355 1640 dies
3378 1587 3789 1657 deimprovisa

2123 1688 2327 1725 eorum
2375 1673 2775 1743 ingressione,
2812 1674 2909 1727 ubi
2967 1674 3165 1728 minus
3195 1675 3411 1730 adesse
3441 1677 3797 1745 putabantur

2128 1760 2730 1828 formidolosi,noctes
2750 1778 2890 1815 vero
2910 1765 3147 1817 omnino
3175 1768 3474 1834 suapectae
3498 1765 3797 1819 duceban-

2122 1852 2233 1903 tur.
2260 1849 2405 1913 Quia
2430 1850 2583 1902 enim
2632 1850 2761 1904 haac
2806 1851 3054 1921 reptilia,
3102 1857 3329 1921 prouta
3368 1853 3793 1919 referentibus,

424 1941 707 1995 XV111-—
739 1939 835 1992 Sic
857 1936 1175 1991 Guatensis
1194 1935 1451 1989 ecclesia
1472 1934 1747 1987 8110dium
1766 1932 2013 1988 Joannis
2046 1963 2093 2016 Β
2124 1938 2370 2008 quitalia
2388 1943 2696 2005 noverunt,
2719 1940 3046 2010 contigisse
3061 1940 3564 2010 innotuit,apertis
3583 1942 3793 1996 oribus

352 2028 785 2094 Atrebatensis,
812 2026 967 2096 quod
986 2024 1358 2095 injamdictis
1372 2023 1671 2094 parochiis
1703 2022 2015 2092 possidere

347 2118 792 2185 videbatur,per
812 2114 1335 2184 saepenominatam
1366 2112 1644 2166 feminam
1674 2111 2012 2180 acquisivit,

350 2223 456 2279 pro
475 2221 590 2277 quo
614 2220 719 2274 per
737 2205 1049 2257 continuos
1072 2217 1283 2255 novem
1305 2216 1493 2254 annos
1513 2200 1641 2253 sine
1662 2198 2016 2252 remissione

349 2296 737 2368 praescriptas
769 2293 972 2345 decem
1030 2290 1216 2344 libras
1249 2290 1321 2343 ad
1370 2290 1596 2343 libitum
1655 2288 2016 2357 accipientes

349 2384 811 2440 numeravimus.
848 2381 1086 2433 Decimo
1111 2382 1300 2433 autem
1335 2394 1487 2431 anno
1520 2393 1651 2430 cum
1682 2376 1849 2446 prius
1867 2390 2020 2429 uxor

348 2473 485 2546 ejus
519 2472 794 2526 defuncta
812 2472 995 2537 esset,
1026 2469 1227 2537 etipse
1248 2467 1595 2520 interfectus
1620 2469 1730 2533 est,
1766 2464 1872 2518 sed
1887 2468 2019 2518 ante

350 2563 563 2617 solutis
594 2560 752 2613 illius
784 2559 919 2612 anni
953 2574 985 2611 ο
1017 2558 1227 2625 scutis,
1263 2557 1442 2609 debiti
1488 2554 1678 2608 nostri
1735 2555 2016 2624 quinque,

350 2652 488 2723 quia
519 2651 590 2704 de
621 2648 887 2703 decentis
945 2646 1080 2717 plus
1122 2646 1318 2698 minus
1369 2644 1542 2697 libris
1589 2644 1641 2695 si
1672 2658 1704 2695 a
1735 2642 2020 2711 principio

351 2738 767 2795 conventionis
786 2752 852 2788 ac
870 2736 1152 2803 deinceps
1172 2750 1279 2803 per
1313 2733 1583 2804 singulos
1606 2746 1812 2799 annos,
1846 2734 1906 2783 ut
1927 2746 2023 2784 no-

349 2828 630 2895 tavimus,
658 2828 986 2894 computes,
1010 2824 1356 2876 constitisse
1381 2821 1555 2875 nobis
1571 2820 1810 2874 easdem
1832 2824 2020 2872 terras

352 2919 485 2972 ante
510 2920 754 2969 mortem
777 2913 1024 2967 Joannis
1061 2912 1350 2979 invenies,
1374 2912 1425 2963 si
1448 2910 1519 2963 ad
1543 2909 1767 2978 primas
1792 2911 2023 2961 centum

346 3005 536 3063 libras
549 3003 757 3059 novies
771 3001 1169 3057 decemlibras
1183 3001 1513 3069 supputatis
1527 2996 1778 3053 etsemel
1792 3000 2024 3051 centum

352 3096 561 3151 solidis
580 3094 639 3147 in
663 3094 773 3146 hac
796 3091 1234 3160 conscriptione
1258 3089 1533 3142 facillime
1561 3093 1758 3141 taxare
1774 3085 2017 3155 poteris.

350 3185 585 3251 Quaeita
608 3182 784 3251 scire,
820 3185 879 3234 ut
901 3196 1082 3250 supra
1104 3180 1435 3249 posuimus,
1491 3192 1627 3231 reor
1658 3191 1775 3230 non
1806 3174 2014 3241 oberit,

349 3275 466 3328 imo
490 3276 698 3342 etpost
719 3270 905 3325 exilio
928 3270 1021 3322 die
1052 3268 1314 3323 eamdem
1347 3266 1796 3336 possessionem
1829 3263 2017 3318 solide
2044 3306 2085 3359 Ο

350 3367 408 3419 et
433 3363 625 3433 quiete
658 3360 1052 3415 nostenuisse
1084 3357 1235 3427 apud
1269 3356 1605 3410 memoriam
1639 3358 2015 3423 posterorum

352 3452 594 3507 multum
630 3465 810 3503 nosse
841 3448 1123 3518 proderit.

423 3541 583 3594 XIX.
606 3539 799 3592 Variis
814 3536 1251 3591 calamitatibus
1271 3534 1588 3588 turbantur
1615 3532 2015 3586 Watinenses.

353 3630 475 3681 -Η
488 3626 785 3698 ujusmodi
802 3628 1022 3678 nostrze
1036 3624 1308 3676 ecclesiae
1327 3624 1643 3690 provectus
1659 3637 1811 3691 quos
1830 3620 2021 3674 hacte-

352 3734 467 3774 nus
480 3716 907 3782 notavimus,ne
921 3710 1331 3767 beneficiisDei
1346 3712 1401 3763 in
1411 3712 1562 3781 grati
1575 3724 2021 3777 essemussem-

352 3806 662 3877 pcraliqm
689 3802 1073 3856 amaritudine
1096 3802 1589 3871 aspergebantur,
1622 3815 1695 3854 ne
1725 3798 1816 3853 vel
1851 3798 2019 3851 inini-

354 3910 516 3948 mum
548 3897 897 3946 nasceretur
946 3890 1337 3955 commodum,
1386 3889 1541 3959 quod
1572 3905 1687 3942 non
1719 3888 1911 3958 aliqua
1944 3904 2017 3941 ex

352 3987 521 4055 parte
542 3982 716 4036 nobis
739 3982 903 4035 ﬁeret
924 3980 1438 4034 incommodatum.
1465 3979 1660 4032 Primo
1710 3978 1865 4031 enim
1887 3993 2016 4030 om-

354 4074 854 4141 nium,postquam
876 4071 1065 4124 anima
1090 4085 1201 4123 una
1222 4073 1277 4123 et
1299 4084 1402 4122 cor
1423 4085 1599 4121 unum
1617 4069 1674 4120 in
1703 4067 1821 4120 Deo
1841 4067 2014 4121 nobis

353 4178 492 4218 esse
512 4165 785 4230 caeperat,
819 4160 1094 4213 unitatem
1126 4158 1372 4227 spiritus
1422 4156 1810 4211 dissentionis
1852 4171 2013 4227 aegre

348 4252 571 4321 ferens,
624 4250 760 4320 quia
793 4252 1017 4302 mutare
1072 4246 1396 4317 cogebatur
1452 4245 1792 4315 hospitium,
1829 4246 2013 4298 amica

348 4357 475 4395 suae
498 4339 726 4393 fraudis
745 4336 986 4391 vascula
1011 4340 1320 4406 serpentes
1339 4334 1512 4389 nobis
1535 4334 2013 4405 dereliquit;quo-

348 4445 481 4484 rum
513 4431 626 4482 tum
682 4428 989 4481 innumera
1043 4434 1166 4479 erat
1222 4428 1352 4478 ante
1403 4439 1513 4478 nos
1544 4424 1602 4476 in
1644 4422 1739 4476 his
1765 4421 2011 4476 sedibus

346 4517 656 4573 multitudo
676 4519 738 4571 ut
768 4531 899 4569 cum
922 4514 1325 4569 mansionario
1367 4513 1622 4584 ejustem
1668 4512 1818 4580 atrii,
1852 4514 2012 4565 ante-

346 4608 523 4663 rioris
548 4605 774 4659 scilicet
812 4603 1084 4658 ecclesiae
1116 4608 1374 4669 cantore,
1428 4600 1541 4655 sub
1574 4600 1778 4654 eadem
1810 4601 2012 4654 casula
2042 4581 2090 4634 D

344 4696 638 4769 gregatim
656 4693 1006 4748 habitarent.
1024 4691 1091 4745 Et
1110 4692 1379 4761 quamvis
1397 4690 1692 4743 neminem
1706 4690 2010 4743 morsibus

342 4787 628 4841 laederent
646 4783 987 4846 venenosis,
1014 4785 1206 4834 tamen
1238 4779 1648 4847 tractibus(t‘2)
1681 4778 2009 4831 mansium-

343 4877 510 4932 culas
527 4880 701 4945 atque
725 4871 1034 4927 ustensilia
1059 4885 1308 4941 quasque
1331 4868 1869 4937 polluebant,quem
1893 4870 2011 4921 tan-

341 4966 474 5021 dem
487 4968 602 5019 tam
622 4961 946 5016 imminenti
963 4959 1334 5031 grassatione
1354 4960 1491 5011 sunt
1509 4956 1788 5028 aggressi
1809 4960 1868 5009 ut
1888 4973 2008 5025 prae

342 5054 518 5109 nimia
566 5051 1000 5123 importunitate
1034 5048 1311 5102 deserere
1343 5047 1536 5101 locum
1569 5045 2004 5115 compellerent.

342 5145 400 5197 et
421 5142 788 5195 mansionem
822 5143 1064 5193 mutare.
1087 5138 1335 5191 Videres
1388 5136 1563 5201 enim,
1598 5140 1660 5188 ut
1690 5134 2004 5203 affirmant,

340 5229 420 5283 ita
449 5234 812 5298 mansuetos,
846 5234 906 5282 ut
936 5228 1035 5299 qui
1068 5226 1317 5281 naturali
1350 5224 1662 5279 formidine
1717 5222 2006 5277 humanos

341 5315 604 5372 solerent
627 5316 814 5371 vitare
847 5333 1160 5385 occursus,
1191 5320 1409 5385 praeter
1437 5314 1494 5367 id
1526 5312 1681 5383 quod
1705 5312 2003 5365 multoties

341 5402 609 5458 immissa
642 5403 846 5457 nescio
878 5421 991 5474 qua
1035 5404 1299 5472 audacia,
1362 5402 1512 5455 inter
1561 5399 2005 5454 consedentium

413 5544 528 5613 (11)
550 5542 892 5597 Monasterii
922 5546 1204 5612 patronis.
1242 5544 1388 5597 Nam
1412 5543 1598 5613 prima
1633 5541 2006 5596 VVatinensis

338 5614 610 5673 Ecclesia
728 5613 1010 5669 Richario
1032 5619 1376 5669 consecrata
1398 5614 1532 5683 fuit,
1560 5615 2007 5669 cuiconstructo

302 5770 313 5777 ἦ
338 5686 633 5762 caenobio,
658 5688 715 5744 et
735 5684 974 5758 antiqua
995 5688 1325 5741 restaurata
1347 5685 1621 5759 ecclesia,
1642 5686 1702 5743 S.
1723 5685 2007 5741 Nicolaus

2122 2026 2532 2080 dormientium
2570 2027 2762 2081 solent
2800 2028 3090 2095 insidiari,
3126 2034 3187 2083 ut
3216 2031 3410 2085 sicubi
3442 2031 3595 2093 laxa,
3638 2032 3796 2085 sicut

2122 2115 2425 2183 ﬁt,solutis
2462 2131 2677 2185 sopore
2717 2116 3004 2171 membris
3040 2118 3511 2188 observaverint,
3539 2136 3793 2191 corpora

2125 2203 2377 2256 humana
2426 2204 2852 2274 ingrediantur,
2909 2206 3010 2259 vix
3067 2207 3214 2261 satis
3275 2211 3461 2261 tutum
3491 2214 3621 2263 erat
3654 2210 3796 2264 dor-

2126 2292 2293 2357 mire,
2330 2292 2444 2345 nisi
2478 2292 2806 2347 mundioris
2856 2293 3110 2364 alicujus
3142 2295 3388 2349 brandei
3422 2297 3666 2367 glomus
3700 2314 3799 2353 ora

2125 2381 2432 2450 compilata
2463 2384 2561 2435 aut
2590 2380 2775 2435 facies
2806 2381 3094 2437 velamine
3127 2383 3513 2439 obvolvisset.
3546 2387 3808 2457 Siquan-

2124 2469 2198 2523 do
2229 2484 2392 2537 vero,
2433 2469 2590 2539 quod
2622 2486 2693 2523 ex
2725 2472 2930 2524 natura
2960 2471 3077 2539 pati
3108 2488 3228 2526 non
3258 2478 3531 2542 possunt,
3568 2475 3799 2547 frigore

2124 2561 2221 2611 aut
2252 2558 2407 2611 aeris
2436 2557 2627 2628 aliqua
2659 2558 3131 2614 incommoditate
3189 2578 3220 2614 a
3282 2563 3543 2617 latebras
3598 2565 3802 2619 redire

2127 2646 2892 2715 compellebantur,videres
2907 2649 3055 2702 alios
3070 2650 3219 2717 palis
3239 2666 3307 2703 ac
3330 2652 3608 2722 sudibus,
3645 2654 3800 2708 alios

2127 2735 2368 2804 perticis
2401 2753 2468 2789 ac
2500 2736 2793 2805 lapidibus
2824 2740 3081 2791 armatos
3130 2739 3469 2808 exploratas
3512 2745 3802 2797 tavernas

2130 2824 2425 2891 obsidere,
2462 2827 2518 2878 et
2548 2840 2678 2877 cum
2708 2826 2965 2895 desuper
2994 2827 3065 2880 ab
3115 2827 3248 2881 aliis
3297 2828 3369 2882 de
3400 2832 3804 2901 sterquiliniis

2130 2914 2885 2985 comprimerentur,egredi
2904 2914 3120 2985 ablaliis
3135 2919 3363 2986 excepti
3376 2918 3636 2973 diversis
3654 2937 3812 2975 mor-

2127 3002 2286 3056 tibus
2319 3002 2870 3056 exterminarentur.
2897 3002 3011 3056 Sed
3047 3019 3180 3057 cum
3208 3020 3318 3059 nos
3344 3006 3503 3060 Deus
3538 3008 3612 3060 ad
3644 3008 3803 3063 hanc

2126 3090 2541 3146 habitationem
2556 3090 2653 3145 lue
2673 3088 2970 3145 mortifera
2995 3090 3196 3147 forsan
3216 3095 3662 3166 extergendam,
3686 3098 3804 3152 imo

2125 3180 2198 3234 ad
2229 3196 2355 3234 suae
2387 3181 2712 3233 mansionis
2760 3183 3131 3249 receptacula
3162 3182 3220 3236 in
3252 3184 3427 3238 nobis
3458 3185 3804 3240 mandanda

2124 3273 2537 3337 eonvocasset,
2564 3268 2903 3339 hujusmodi
2919 3273 3188 3338 portenta
3202 3273 3373 3325 etiam
3390 3273 3635 3327 claustri
3654 3291 3803 3329 nos-

2122 3358 2198 3411 tri
2218 3358 2627 3428 pcnetraliaita
2646 3358 2851 3427 pervio
2885 3358 3055 3428 lapsu
3078 3359 3391 3430 aliquando
3409 3364 3805 3431 permeabant

2122 3447 2407 3501 utsedilia
2432 3446 2676 3500 fratrum
2712 3448 2935 3517 saepius
2967 3453 3343 3518 occuparent,
3388 3453 3804 3521 promptuaria

2124 3534 2537 3605 irrumperent,
2568 3535 2697 3589 vias
2727 3536 3241 3591 deambulantibus
3272 3537 3620 3609 frequenter
3637 3542 3805 3611 sepi-

2125 3627 2273 3678 rent.

2198 3712 2401 3766 XX.—
2424 3710 2561 3765 Erat
2586 3715 2724 3766 tunc
2739 3710 2986 3783 juvenis
3008 3712 3247 3784 quidam
3269 3714 3422 3769 inter
3442 3731 3554 3770 nos
3586 3716 3803 3787 frater,

2125 3800 2776 3869 divino,credo,impetu
2795 3802 3028 3855 caeteris
3044 3802 3346 3873 audacior,
3379 3805 3480 3874 qui
3504 3812 3805 3878 quotquot

2125 3889 2613 3958 offendebat,aliis
2633 3905 2741 3958 pro
2765 3890 2894 3944 solo
2911 3891 3044 3944 visu
3062 3893 3460 3960 pavitantibus
3479 3895 3807 3951 immiseri-

2124 3979 2381 4033 corditer
2399 3978 2698 4033 multabat.
2722 3979 2806 4033 De
2828 3994 2943 4050 quo
2966 3980 3103 4050 quia
3123 3996 3221 4035 res
3237 3981 3315 4035 ita
3331 3997 3398 4035 se
3416 3981 3803 4052 offert,joco~

2122 4082 2253 4120 sum
2287 4067 2646 4136 triumphum
2697 4067 2876 4121 simul
2905 4083 2974 4121 ac
3004 4070 3383 4123 memorabile
3415 4087 3639 4140 ponere
3682 4090 3802 4127 non

2119 4155 2192 4210 ab
2225 4156 2466 4224 reduxi,
2487 4158 2549 4209 ut
2569 4156 2707 4210 dum
2729 4159 2873 4210 aetas
2905 4155 3109 4227 junior
3147 4160 3477 4212 constantia
3507 4160 3807 4230 simplici-

2121 4245 2257 4299 tatis
2289 4245 2540 4314 qualiter
2566 4245 2821 4314 impulsa
2849 4245 3056 4299 nescio
3089 4245 3228 4316 quid
3260 4246 3487 4317 fecerit,
3523 4265 3801 4320 majores

2119 4333 2429 4401 audierint,
2498 4333 2634 4388 fidei
2688 4333 2863 4388 tutela
2920 4334 3317 4389 indubitanter
3373 4338 3581 4391 armati
3651 4339 3803 4409 quid

2120 4421 2234 4492 ipsi
2268 4422 2326 4475 in
2356 4437 2425 4476 eo
2463 4422 2561 4492 qui
2594 4423 2690 4476 dat
2719 4427 3071 4493 potestatem
3101 4424 3365 4477 calcandi
3397 4440 3583 4495 supra
3615 4443 3799 4482 scor-

2118 4512 2327 4580 piones
2364 4514 2420 4565 et
2443 4514 2755 4579 serpentes
2795 4526 3162 4581 praesumare
3201 4512 3454 4579 valeant,
3488 4530 3607 4568 non
3637 4532 3798 4571 cun-

2118 4599 2485 4654 ctentur.Hic
2507 4600 2660 4654 enim
2678 4600 2816 4654 dum
2849 4600 2996 4655 forte
3015 4600 3291 4670 quiddam
3322 4603 3524 4672 operis
3558 4602 3799 4659 habens

2118 4688 2177 4741 in
2209 4688 2487 4758 claustro,
2523 4688 2616 4743 die
2647 4689 2920 4760 quadam,
2954 4690 3212 4758 sederet,
3247 4707 3321 4745 ex
3343 4691 3676 4761 improviso
3711 4695 3803 4748 in-

2120 4777 2311 4831 solitm
2335 4777 3071 4848 magnitudinis,quantum
3098 4779 3170 4833 ad
3203 4780 3413 4834 solitos
3433 4781 3798 4847 videri,ante

2118 4866 2300 4936 pedes
2324 4866 2456 4936 ejus
2483 4881 2731 4936 serpens
2754 4866 3018 4935 allapsus
3042 4870 3153 4922 est.
3186 4866 3369 4932 Quem
3387 4884 3544 4937 cum,
3566 4871 3793 4939 pallen-

2117 4956 2274 5009 tibus
2296 4954 2448 5023 aliis,
2477 4959 2798 5025 reptantem
2817 4955 3197 5025 advertisset,
3231 4958 3425 5011 statim
3458 4958 3597 5013 licet
3628 4961 3799 5014 iner-

2116 5045 2229 5098 mis
2261 5060 2329 5098 co
2366 5045 2615 5114 spiritus
2650 5044 2867 5113 impetu
2896 5059 3013 5115 quo
3035 5045 3265 5100 solebat
3285 5046 3478 5100 fidens
3504 5049 3794 5119 aggredi-

2115 5138 2228 5203 tur,
2264 5137 2319 5187 et
2351 5133 2605 5186 medium
2662 5133 2816 5187 nuda
2869 5148 3045 5187 manu
3096 5137 3415 5203 arreptum,
3468 5136 3796 5207 rigentem,

2114 5221 2513 5292 quasitelum,
2549 5223 2813 5291 vibrans,
2849 5221 3103 5285 solidum
3144 5225 3451 5293 parietem,
3487 5226 3588 5294 qui
3612 5241 3683 5279 ex
3718 5226 3805 5279 la-

2113 5315 2235 5366 tere
2251 5310 2573 5365 stabatictu
2595 5314 2710 5363 tam
2734 5310 3413 5365 facilitransverberavit
3442 5328 3512 5367 ac
3546 5314 3602 5366 si
3640 5314 3799 5368 mis-

2116 5400 2225 5454 sile
2244 5399 2479 5470 aliquod
2502 5415 2606 5469 pro
2629 5402 2906 5469 serpente
2921 5398 3193 5470 jecisset.
3211 5400 3301 5454 Ad
3322 5401 3508 5472 hujus
3526 5400 3667 5457 facti
3687 5418 3792 5457 re-

2113 5544 2397 5614 patronus
2429 5540 2888 5614 alteraccessit,

2184 5613 2299 5685 (t2)
2326 5614 2416 5685 L.,
2454 5612 2729 5669 tactibus.
