4084 6186
264 315 430 379 1525

1475 311 1967 376 CHRONICON
2006 312 2518 376 WATINENSE

3518 314 3679 374 1526

243 510 528 568 lationem
561 514 700 567 dum
731 529 845 585 ego
872 515 1237 586 requirerem
1267 515 1407 585 quid
1438 515 1508 568 de
1533 514 1632 568 illo
1657 530 1767 568 suo
1784 513 1921 566 vivo
1956 497 2012 559 Α
2043 512 2312 583 sagittas,
2346 512 2578 567 aliunde
2611 512 3068 581 consumpturas
3100 512 3293 566 omnia
3323 514 3590 566 ﬂammas
3627 513 3702 566 ti-

240 601 446 670 jaculo
478 603 689 657 deinde
721 603 986 671 fecisset,
1020 603 1325 672 respondit
1346 603 1537 656 tandiu
1554 604 1611 655 in
1633 602 1910 672 perfosso

241 690 470 758 pariete
504 691 640 744 hinc
662 694 837 761 atque
860 692 994 745 inde
1014 691 1588 761 pependisse,donec
1618 691 1914 745 subsecu-

253 780 354 831 tus
387 781 443 832 et
472 779 558 833 rei
581 777 853 833 effectum
882 780 1140 835 disceret
1168 784 1224 834 et
1252 781 1507 834 bestiam
1536 781 1912 834 interimeret.

244 867 451 921 Mirari
483 884 650 939 ergo,
685 872 859 938 prout
887 870 1129 940 dignum
1161 870 1542 923 admiratione
1587 869 1908 934 videbatur,

242 957 436 1027 coepi;
470 957 568 1010 ille
600 960 793 1010 autem
838 958 1224 1011 nihilominus
1256 957 1548 1012 afﬁrmare
1590 961 1645 1011 et
1677 974 1748 1011 ne
1779 958 1913 1027 qui-

243 1044 380 1099 dem
439 1044 738 1099 minimam
796 1049 1131 1116 aperturam
1162 1047 1409 1101 antehac
1457 1047 1516 1099 in
1567 1062 1634 1100 ea
1668 1047 1911 1116 parietis

238 1136 409 1203 parte
459 1146 570 1204 qua
619 1149 873 1205 serpens
906 1136 1223 1190 transierat
1252 1136 1441 1190 fuisse
1472 1135 1909 1205 perfectissime

236 1222 551 1291 probatum
574 1222 792 1277 habere
823 1225 1149 1278 asserebat.
1198 1224 1451 1293 Insuper
1480 1239 1597 1278 non
1627 1227 1717 1278 rei
1769 1224 1904 1288 ﬁde,

237 1310 350 1363 sed
371 1325 445 1364 ne
476 1311 611 1380 quis
644 1311 847 1366 forsan
877 1312 1081 1365 virtuti
1110 1313 1221 1366 tale
1252 1313 1390 1382 quid
1414 1313 1778 1382 incomperta
1801 1312 1906 1365 dif-

241 1398 560 1454 famatione
593 1400 956 1464 attribueret,
995 1401 1285 1471 quosdam
1306 1400 1489 1471 hujus
1513 1416 1653 1455 esse
1674 1400 1914 1471 generis

241 1486 547 1556 colubros,
585 1503 838 1558 quorum
870 1488 1020 1543 facie
1049 1493 1345 1559 praeacuta
1394 1490 1590 1561 lignea
1642 1489 1921 1560 quaelibet

244 1576 558 1645 maceries,
594 1576 649 1630 si
671 1576 808 1647 quis
838 1579 1109 1647 tentaret,
1143 1578 1373 1648 absque
1403 1578 1747 1632 difﬁcultate
1780 1581 1913 1632 actu

242 1664 845 1736 transﬁgeretur.Sed
877 1681 990 1736 ego
1011 1666 1468 1720 inverecundius
1491 1666 1913 1720 historicorum

244 1752 795 1824 disertissimis,qui
817 1754 1021 1824 Libyas
1053 1757 1273 1808 tantum
1306 1754 1613 1809 siticulosa
1644 1755 1911 1827 regione,

241 1844 343 1895 aut
371 1841 608 1896 Arabiae
630 1842 913 1897 divitibus
949 1844 1111 1897 arvis
1132 1843 1288 1897 hunc
1309 1858 1482 1913 quem
1514 1843 1716 1897 dicunt
1747 1843 1913 1915 jacu-

2040 603 2367 656 mebamus.

2109 690 2510 745 XXIII.—Sed
2530 690 2812 760 periculis
2833 689 3049 744 futuris
3067 691 3359 759 praescius
3380 691 3541 745 Deus
3560 707 3705 760 prte-

2038 780 2379 834 munitionis
2412 780 2680 850 clypeum
2707 778 2944 850 objecit,
2976 795 3068 847 ne,
3101 779 3408 848 siquando
3440 780 3701 848 peccatis

2039 868 2414 940 exigentibus
2446 869 2810 941 ingruerant,
2844 868 3013 921 locus
3033 868 3223 921 omnis
3244 869 3372 922 sine
3392 884 3497 936 spe
3528 868 3699 921 deso-

2038 958 2432 1012 laretur.Nam
2463 957 2708 1028 egregio
2742 956 3009 1026 concepit
3039 957 3230 1010 animo
3263 957 3546 1026 praedicta
3575 958 3699 1010 vir-

2031 1046 2174 1098 tutis
2226 1048 2441 1099 Γειῖιὲιιει
2492 1047 2733 1100 Romam
2778 1046 2847 1098 ad
2890 1044 3088 1097 limina
3120 1044 3425 1098 beatorum
3456 1047 3700 1114 aposto-

2029 1132 2219 1188 lorum
2276 1134 2433 1187 Petri
2492 1138 2547 1187 et
2598 1133 2759 1187 Pauli
2792 1149 3137 1203 properare,
3185 1134 3241 1185 in
3274 1149 3389 1203 quo
3422 1134 3699 1188 comitatu

2027 1222 2374 1291 praedictum
2396 1223 2782 1292 praepositum
2807 1227 3080 1276 nostrum
3128 1222 3242 1275 sibi
3303 1223 3563 1289 socians,
3618 1223 3691 1275 ad

2022 1309 2210 1365 beatae
2242 1312 2540 1365 memoriae
2600 1311 2954 1382 Gregorium
2995 1311 3093 1363 VII
3124 1310 3420 1380 perduxit.
3472 1312 3522 1364 A
3578 1328 3693 1381 quo

2035 1400 2227 1453 oblata
2276 1401 2552 1455 cessione
2573 1401 2973 1455 Tarvanensis
2995 1392 3280 1470 episcopi,
3313 1399 3698 1470 privilegium

2034 1489 2223 1542 sancti
2255 1488 2412 1542 Petri
2444 1489 2516 1542 ad
2548 1489 3048 1543 conﬁrmationem
3063 1488 3336 1541 ecclesiae
3361 1491 3696 1542 nostraeso-

2032 1576 2303 1631 lemniter
2367 1578 2562 1632 datum
2621 1578 2905 1647 suscepit,
2940 1579 2998 1630 et
3026 1576 3278 1631 feliciter
3298 1577 3428 1631 iens
3460 1593 3527 1631 ac
3562 1577 3693 1631 feli-

2028 1666 2173 1720 citer
2203 1666 2461 1735 rediens,
2497 1667 2569 1720 ad
2598 1681 2709 1721 nos
2741 1681 2933 1736 usque
2962 1666 3255 1735 perduxit.

2101 1755 2385 1809 XXIV.—
2404 1755 2512 1809 His
2532 1755 2817 1809 Romanis
2832 1755 3044 1824 Opibus
3063 1755 3224 1809 ditati
3246 1755 3567 1826 quietiores
3588 1758 3693 1810 de~

2029 1858 2171 1914 gere
2202 1844 2575 1912 putabamus,
2614 1859 2746 1897 cum
2795 1843 2865 1896 ad
2891 1842 3274 1897 offensionem
3300 1860 3470 1898 suam
3498 1847 3692 1900 omnia

413 1893 441 1894 κέ
637 1893 906 1897 μηήῄ
1317 1893 1482 1913 ὴι--η-
1521 1893 1713 1897 ---ν---
1747 1893 1887 1915 οη-
2029 1893 2165 1914 οη-
2203 1893 2575 1912 rma—mu“.
2899 1893 3273 1897 νμηηηπνη-
3301 1893 3470 1898 πτη-
3504 1893 3687 1900 ν------ς

248 1930 372 1983 lum
402 1930 619 1985 morari
649 1934 988 2000 serpentem
1023 1932 1432 2000 opinantur,ad
1491 1932 1666 2003 cujus
1688 1931 1914 2003 jactum
1945 1893 1993 1957 Β
2028 1932 2152 1986 ﬁeri
2176 1934 2538 2001 reputantes,
2560 1932 2733 2001 quasi
2753 1946 2967 2002 agmen
2984 1932 3310 1985 aculeatum
3333 1936 3687 2004 exasperati,

243 2019 386 2073 dum
441 2019 738 2088 irascitur,
792 2036 908 2075 non
967 2037 1265 2075 armorum
1312 2036 1456 2074 vasa
1485 2021 1734 2075 salutem
1764 2022 1915 2076 tueri

240 2107 498 2175 valeant,
532 2109 726 2178 magis
759 2109 1131 2163 crediderim.
1175 2110 1337 2164 Istud
1369 2113 1587 2179 autum,
1621 2109 1916 2181 quaslibet

243 2197 557 2266 opiniones
588 2197 974 2263 machinatur,
1013 2214 1163 2269 quas
1212 2199 1306 2252 vel
1367 2200 1789 2253 excusationes
1843 2200 1914 2253 ad

242 2301 362 2339 non
398 2286 756 2341 credendum
782 2287 1130 2356 praetendat,
1163 2287 1401 2342 nonnisi
1431 2288 1646 2342 divinae
1679 2288 1914 2342 virtutis

240 2374 528 2429 indicium
561 2380 617 2429 et
648 2376 943 2430 occultum
977 2375 1155 2430 futuri
1183 2375 1440 2446 alicujus
1472 2375 1745 2430 beneﬁcii
1765 2392 1915 2445 prae-

244 2465 484 2534 sagium
514 2464 786 2519 dixerim.
822 2464 966 2519 Haec
997 2481 1113 2518 non
1136 2480 1229 2518 me
1249 2464 1609 2536 conﬁngere,
1635 2465 1914 2535 quemad-

244 2552 483 2607 modum
513 2553 761 2624 graphio
795 2553 1254 2620 committuntur,
1290 2554 1603 2624 quisquam
1636 2554 1914 2623 praejudi-

245 2641 507 2709 cet,dum
537 2642 608 2695 ab
641 2656 847 2696 eorum
902 2642 1078 2696 labiis
1108 2644 1445 2713 exceperim
1476 2643 1693 2713 quibus
1734 2646 1791 2697 et
1821 2642 1913 2695 vi-

247 2728 426 2784 dendi
456 2733 630 2801 atque
657 2730 954 2786 interesse
986 2730 1237 2786 facultas
1268 2730 1613 2802 frequenter
1646 2732 1912 2801 pavitan-

241 2819 408 2872 tibus
440 2817 566 2873 fuit.

319 2907 473 2961 XXI.
503 2937 572 2948 --
591 2907 831 2962 Addidit
859 2908 954 2962 hic
985 2909 1164 2963 totius
1194 2908 1517 2980 iniquitatis
1552 2910 1913 2964 seminarum

251 2996 526 3051 diabolus
574 2997 930 3051 tentationes
985 2996 1303 3051 adversum
1359 3013 1491 3067 nos,
1532 2998 1722 3052 adhuc
1753 3014 1912 3053 arma

247 3100 624 3140 commovere
646 3088 702 3139 et
731 3086 991 3155 peccatis
1021 3087 1246 3140 nostris
1270 3086 1646 3157 exigentibus
1665 3089 1912 3157 permis-

244 3173 569 3229 sus.Facto
600 3175 862 3228 soricum
886 3190 1076 3247 grege
1108 3191 1315 3230 omnes
1338 3175 1707 3230 ofﬁcinarum
1747 3194 1913 3230 man-

2026 2021 2227 2075 acrius
2258 2020 2432 2075 nobis
2453 2020 2781 2074 adversarii
2811 2020 3148 2090 insurgunt.
3182 2021 3305 2074 Nec
3337 2021 3484 2074 clam
3513 2022 3693 2074 muri-

2028 2109 2180 2163 culis
2210 2125 2317 2178 per
2345 2125 2412 2164 se
2443 2109 2817 2164 conferentes
2868 2111 3056 2178 capita
3089 2109 3233 2163 cleri
3281 2112 3454 2180 atque
3493 2110 3690 2181 ipsum

2027 2198 2371 2268 epis00pum
2421 2199 2734 2266 concitant,
2784 2198 3186 2251 auctoritatem
3246 2198 3469 2269 ligandi
3518 2201 3693 2269 atque

2027 2286 2295 2341 solvendi
2356 2287 2621 2341 Romano
2652 2286 2971 2341 libellatico
2999 2287 3386 2356 praepositum
3418 2291 3687 2342 nostrum

2029 2375 2375 2444 suscepisse
2418 2378 2719 2442 accusant,
2755 2374 3421 2445 hujusmodiprivilegio
3453 2374 3691 2430 siccor-

2028 2465 2367 2519 roboratum
2424 2464 2502 2517 sit
2555 2463 2659 2533 jus
2716 2463 3053 2533 episcopale
3085 2464 3333 2532 destrui,
3365 2464 3437 2518 de
3469 2467 3688 2518 caetero

2028 2554 2157 2608 solo
2205 2554 2441 2606 nomine
2499 2554 2842 2622 episcopum
2878 2552 3545 2619 militare,(luatinenses
3577 2554 3690 2607 im-

2025 2657 2255 2713 perare,
2312 2657 2538 2696 summa
2572 2642 2705 2695 imis
2755 2642 3123 2710 commutari,
3177 2643 3419 2696 inversa
3470 2644 3689 2721 omnia,

2028 2734 2200 2799 caput
2230 2732 2287 2784 in
2320 2730 2584 2799 caudam,
2612 2730 2779 2799 nihil
2816 2729 2941 2799 jam
2974 2730 3187 2784 deesse
3227 2734 3443 2800 praeter
3470 2732 3689 2785 infulas

2025 2820 2615 2891 episcopales,actum
2631 2834 2767 2872 esse
2790 2819 2906 2872 nisi
2934 2819 3244 2872 Guatinum
3264 2819 3527 2874 funditus
3543 2836 3690 2875 con-

2026 2909 2198 2975 cidat,
2226 2910 2282 2962 et
2304 2908 2358 2961 id
2392 2923 2583 2979 genus
2615 2909 2868 2976 plurima
2899 2924 3032 2977 qute
3065 2908 3239 2961 etiam
3271 2911 3687 2964 sanctissimas

2024 2996 2512 3067 mentesjustitiaa
2536 3012 2696 3049 arma
2714 2998 3015 3065 corripere
3048 3012 3262 3068 cogere
3283 3002 3552 3067 possent,
3586 3001 3688 3053 do-

2024 3101 2134 3140 nec
2162 3090 2394 3155 sumpta
2426 3086 2824 3153 occasione,et
2847 3085 2985 3139 clcri
3006 3090 3316 3154 conventu,
3338 3090 3688 3156 praesentari

2024 3174 2403 3245 privilegium
2462 3175 2711 3228 mandat.
2776 3174 3069 3241 Defertur,
3123 3174 3359 3245 legitur,
3418 3179 3473 3230 et
3526 3177 3687 3231 velut

243 3262 554 3317 siunculas
590 3278 778 3334 usque
807 3263 954 3318 adeo
972 3264 1304 3318 vehementi
1323 3266 1454 3318 tabe
1473 3266 1910 3320 commaculans
1937 3248 1993 3314 ο
2024 3263 2418 3317 adulterinum
2449 3280 2581 3317 cum
2613 3263 2888 3317 violentia
2922 3267 3093 3333 atque
3117 3262 3351 3333 injuria,
3385 3264 3513 3318 sine
3526 3264 3682 3335 jure,

239 3351 466 3419 infecit,
504 3354 582 3421 ut,
615 3355 836 3421 praeter
867 3354 1022 3422 quod
1054 3353 1227 3407 solito
1278 3369 1421 3408 casu
1462 3357 1684 3408 natura
1715 3356 1911 3409 mandi

244 3444 494 3510 poterat,
527 3440 813 3495 lectorum
861 3442 1101 3507 sternia,
1138 3444 1359 3512 vestes,
1394 3444 1760 3514 manutergia
1782 3486 1795 3512 ,
1831 3445 1910 3498 al-

244 3530 393 3582 taris
451 3529 660 3598 pallas,
706 3529 894 3584 libros
926 3530 1161 3584 divinos
1205 3530 1433 3601 absque
1465 3532 1582 3586 ullo
1611 3537 1907 3604 respectu,

244 3620 535 3688 praeterea
565 3634 730 3681 vasa,
766 3619 983 3673 calices
1023 3619 1534 3692 ligneos,pyxides
1564 3638 1781 3691 panum
1810 3639 1911 3677 sa-

245 3706 703 3761 criﬁcandorum
734 3722 867 3761 cum
888 3708 1041 3777 ipsis
1064 3710 1315 3778 panibus
1363 3711 1912 3766 immisericorditer

243 3795 621 3865 deroderent,
656 3797 714 3850 et
740 3796 861 3866 vix,
894 3801 956 3851 ut
982 3798 1319 3868 timebatur,
1362 3799 1434 3853 ab
1466 3800 1739 3854 humanis
1774 3817 1909 3854 car-

245 3884 431 3938 nibus
466 3888 876 3954 temperarent.
910 3886 1025 3940 Sed
1048 3886 1248 3941 forsan
1279 3888 1337 3941 in
1370 3888 1484 3943 hoc
1512 3889 1781 3958 proxime
1805 3890 1910 3944 im-

246 3973 483 4027 minens
517 3974 893 4029 adversitatis
925 3976 1309 4045 portendebat
1336 3977 1677 4045 indiculum,
1695 3982 1755 4032 ut
1778 3996 1909 4033 cum

245 4062 684 4117 immundorum
717 4064 1054 4118 animalium
1082 4065 1320 4119 lacerati
1352 4066 1627 4121 dentibus
1677 4069 1911 4123 evasis-

248 4166 478 4220 semus,
514 4152 863 4206 mundorum
896 4154 1238 4208 attrectandi
1280 4155 1601 4225 morsibus,
1637 4158 1914 4227 quemad-

247 4239 492 4294 modum
521 4240 788 4312 contigit,
822 4241 1254 4312 deputaremur.

323 4328 505 4382 XXII.
544 4359 612 4368 —
643 4329 792 4383 Nam
831 4330 968 4385 huic
1001 4333 1298 4386 successit
1336 4333 1707 4391 incommodo
1736 4338 1917 4391 totius

244 4417 375 4472 fere
407 4417 727 4486 provinciae
760 4422 962 4473 contra
992 4436 1122 4491 nos,
1156 4422 1405 4476 maxime
1435 4426 1627 4477 autem
1661 4425 1918 4480 clerico-

242 4521 400 4573 rum,
429 4507 679 4561 conﬂata
712 4509 996 4578 suspicio,
1033 4510 1190 4580 quod
1223 4511 1629 4566 mandatorum
1649 4514 1924 4582 apostoli-

2025 3353 2153 3406 sine
2202 3352 2428 3423 judicio
2489 3352 2758 3418 trahitur,
2803 3353 3043 3422 rapitur,
3104 3356 3159 3406 et
3187 3354 3247 3405 in
3278 3354 3529 3408 armario
3559 3356 3685 3423 epi-

2026 3442 2193 3511 scopi
2224 3441 2564 3494 recluditur.
2604 3442 2871 3495 Latorem
2929 3445 3122 3495 autem
3153 3442 3536 3510 przepositum
3574 3459 3683 3497 no-

2026 3534 2210 3585 strum
2243 3530 2614 3584 contumeliis
2644 3529 2936 3596 affectum,
2971 3530 3100 3583 sine
3126 3532 3356 3585 ratione
3389 3532 3687 3600 exspolia-

2025 3623 2167 3687 tum,
2201 3636 2273 3673 ne
2304 3620 2539 3690 quidem
2591 3620 2838 3673 ulterius
2870 3619 2996 3689 jam
3037 3619 3525 3689 convincendum,
3579 3622 3687 3675 sed

2024 3708 2504 3780 proutconfusus
2518 3709 2801 3762 tumultus
2822 3708 3220 3762 acclamabant
3239 3709 3367 3763 sine
3388 3710 3686 3765 auditione

2027 3799 2360 3853 damnatum
2396 3797 2768 3850 dimiserunt.

2100 3887 2257 3940 XXV
2269 3927 2279 3938 .
2304 3916 2375 3924 —
2406 3886 2652 3956 Singula
2666 3885 2803 3955 quid
2825 3901 2975 3955 opus
2990 3890 3082 3940 est
3098 3892 3365 3943 retexere
3385 3891 3413 3943 ‘?
3434 3905 3586 3960 quos
3609 3889 3688 3944 lu-

2029 3982 2180 4045 ctus,
2231 3992 2380 4046 quas
2412 3975 2786 4045 ignominias,
2820 3992 2951 4044 quae
2986 3977 3322 4046 opprobria,
3351 3993 3500 4048 quas
3521 3979 3690 4032 inve-

2031 4067 2279 4133 ctiones,
2314 4080 2463 4135 quas
2496 4065 3003 4133 comminationes,
3036 4069 3319 4136 terrores,
3353 4067 3691 4122 derisiones

2033 4154 2263 4209 interim
2310 4158 2513 4207 nostra
2559 4152 2826 4206 Ecclesia
2878 4153 3090 4220 tulerit,
3146 4155 3282 4208 dum
3327 4171 3436 4208 suo
3506 4156 3693 4225 capite

2033 4244 2247 4298 nudata
2274 4285 2287 4313 ,
2376 4243 2675 4297 viduitatis
2711 4243 2980 4297 vestibus
3011 4244 3258 4310 amicta,
3288 4244 3684 4298 restitutionis

2030 4336 2263 4403 tempus
2278 4332 2678 4403 exspectabat.
2698 4332 3129 4386 Consolabatur
3148 4335 3341 4385 tamen
3360 4333 3419 4385 in
3442 4332 3696 4386 ﬁliorum

2033 4425 2130 4492 qui
2161 4422 2386 4475 residui
2417 4425 2583 4474 erant
2612 4422 2960 4489 constantia,
2995 4422 3130 4491 quia
3150 4422 3394 4475 viriliter
3423 4421 3696 4475 omnibus

2033 4527 2164 4581 quae
2197 4510 2533 4564 acciderant
2562 4510 2919 4577 infortuniis,
2973 4511 3273 4564 canonicae
3303 4511 3439 4564 vitae
3471 4526 3502 4563 a
3532 4509 3698 4580 regia

255 4610 464 4648 eorum
523 4595 657 4663 plus
713 4597 1087 4653 aemulatores
1130 4615 1253 4668 prae
1287 4601 1521 4654 caeteris
1551 4601 1919 4671 videbamur,
1947 4605 1999 4665 ο
2034 4601 2127 4652 via
2159 4615 2272 4653 non
2302 4599 2729 4667 cxorbitabant,
2766 4600 2873 4653 sed
2904 4614 3009 4669 pro
3033 4599 3255 4668 scipsis
3278 4601 3335 4653 et
3364 4600 3495 4653 loco
3524 4613 3701 4669 agen-

251 4682 537 4737 videlicet
567 4684 639 4736 de
670 4700 788 4738 non
819 4686 1221 4757 suscipiendis
1261 4690 1335 4742 ad
1365 4689 1584 4743 missas
1617 4690 1919 4745 faciendas

250 4772 528 4826 uxoratis
562 4773 993 4845 sacerdotibus,
1028 4775 1477 4832 deincestuosis
1491 4781 1548 4832 et
1569 4778 1921 4835 Simoniacis

254 4860 542 4928 vitandis,
581 4864 702 4915 tum
720 4861 893 4915 etiam
915 4863 986 4917 de
1003 4863 1136 4917 aliis
1156 4866 1428 4935 capitulis
1453 4883 1585 4937 quae
1609 4869 1665 4921 in
1684 4869 1922 4924 decreto

250 4947 530 5019 Gregorii
567 4965 734 5019 papae
767 4950 870 5002 VII
899 4951 1343 5023 distinguuntur
1375 4957 1709 5025 servandis,
1746 4962 1922 5029 atque

253 5037 334 5092 ob
348 5037 463 5090 hoc
482 5037 640 5091 velut
656 5039 992 5116 incentores
1010 5040 1192 5112 hujus
1216 5044 1624 5097 commotionis
1644 5047 1922 5100 domuum

253 5125 567 5180 Odfridum
599 5127 772 5196 odiis,
793 5129 1129 5197 opprobriis
1157 5147 1224 5184 ac
1237 5131 1749 5187 maledictionibus
1772 5136 1925 5189 inse-

253 5216 587 5282 ctabantur,
623 5219 685 5269 ut
714 5220 932 5286 praeter
952 5217 1049 5271 illa
1082 5235 1214 5289 quae
1237 5220 1456 5291 ubique
1484 5221 1926 5279 disseminando

255 5303 508 5357 verbum
541 5304 647 5358 Dei
680 5304 824 5359 foris
853 5306 1185 5376 patiebatur
1217 5309 1504 5378 convicia,
1558 5314 1928 5381 comprovin-

263 5392 448 5446 ciales
480 5394 536 5447 et
577 5394 777 5447 clerici
826 5396 1005 5450 vicini
1036 5396 1255 5467 caedes,
1312 5399 1601 5467 incendia,
1645 5404 1929 5456 extermi-

259 5481 426 5536 nium
458 5481 695 5536 exitiale
727 5484 989 5551 quotidie
1020 5486 1177 5540 domi
1206 5487 1382 5541 nobis
1400 5489 1926 5547 comminabantur.

257 5569 346 5625 Ila
392 5570 540 5626 foris
593 5587 831 5644 pugnae,
895 5573 1054 5629 intus
1084 5576 1351 5644 timores,
1385 5577 1484 5631 vix
1513 5578 1706 5648 aliqua
1735 5582 1932 5636 securi

253 5660 412 5720 inter
445 5661 761 5719 vivendum
792 5663 1137 5739 hora.Hinc,
1190 5668 1249 5721 ut
1295 5666 1476 5739 aiunt,
1510 5666 1759 5742 lapides.
1793 5670 1929 5729 inde

2037 4693 2147 4758 tes,
2181 4688 2326 4741 nihil
2358 4687 2792 4756 impossibilius
2825 4704 2999 4758 quam
3035 4689 3295 4741 Romano
3325 4688 3562 4742 decreto
3594 4702 3701 4739 su-

2040 4776 2406 4848 perordinari
2436 4791 2617 4845 posse
2657 4776 3018 4845 judicantes,
3080 4777 3401 4847 resumptis
3447 4777 3700 4841 viribus,

2042 4882 2148 4937 per
2176 4866 2413 4935 seipsds
2437 4866 2780 4935 episcopum
2811 4867 3044 4933 adeunt,
3061 4865 3702 4937 rogant,expostulent,

2046 4958 2338 5022 incusant,
2373 4970 2480 5008 cur
2521 4954 2750 5007 scilicet
2799 4953 3215 5009 Guatinensem
3250 4954 3579 5008 I‘Jcclesiam
3610 4954 3703 5007 lu-

2047 5044 2237 5098 dibrio
2285 5043 2564 5110 habitam,
2601 5043 2729 5096 sine
2760 5041 2893 5113 lege
2924 5042 3201 5112 fecisset;
3235 5059 3342 5097 cur
3370 5042 3708 5113 iniquorum

2046 5132 2475 5187 machinatione
2498 5132 2809 5185 destruere
2828 5131 3129 5186 moliretur
3141 5132 3297 5202 quod
3318 5133 3445 5201 ipse
3463 5131 3711 5187 fecisset

2046 5222 2397 5292 prvnlegium
2417 5222 2571 5292 quod
2586 5221 3363 5275 abstulissetGuatinensem
3383 5220 3712 5274 Ecclesium

2046 5326 2122 5365 ex
2144 5310 2361 5365 furtiva
2391 5309 2774 5380 usurpatione
2807 5324 2922 5362 non
2952 5310 3711 5379 prmsumpsisseﬁatorem

2045 5400 2237 5455 adhuc
2287 5400 2513 5467 vivere,
2547 5413 2655 5451 nec
2684 5397 3112 5451 emendandum
3144 5413 3281 5451 esse
3314 5399 3470 5468 quod
3503 5415 3576 5452 ex
3608 5414 3715 5451 sua

2045 5488 2408 5545 conscientia
2421 5490 2477 5541 et
2492 5487 2767 5540 cessione
2785 5486 3029 5541 Romani
3044 5487 3340 5557 pontiﬁcis
3354 5488 3715 5557 permissum

2046 5581 2196 5648 erat,
2232 5576 2455 5631 nullius
2489 5575 2844 5647 objectionis
2871 5576 3175 5630 convictos
3194 5576 3589 5643 accusatione,
3627 5574 3712 5628 si-

2042 5667 2396 5725 mulationes
2426 5680 2566 5721 reos
2589 5664 2778 5721 factos
2800 5680 2918 5720 non
2939 5666 3332 5736 attestatione,
3358 5669 3424 5720 ut
3445 5664 3497 5719 si
3518 5662 3715 5737 culpa-
