4084 6186
457 284 613 348 1527

1459 278 1833 343 EBRARDI
1875 276 2401 339 WATINENSIS
2450 276 2870 339 CANONICI.

3673 284 3793 348 1528

450 478 631 536 bilem
688 480 986 534 discutere
1041 476 1509 546 vellet,seipsum
1544 476 1603 530 in
1635 492 1813 530 causa
1845 490 1983 531 esse
2014 475 2113 544 qui
2137 462 2198 527 Α
2234 472 2674 542 impellebatur,
2699 489 2809 528 nos
2850 473 3218 544 injuriasset.
3252 474 3324 528 Et
3354 475 3569 545 quidem
3609 478 3816 537 Romana

450 569 799 641 injuriasset
820 584 936 623 non
959 567 1291 637 injuriatos,
1328 582 1395 620 se
1424 566 1689 618 invenire
1729 565 2108 634 puniendum,

448 659 688 730 punitos
722 661 912 711 autem
946 655 1358 726 impuniendos
1395 671 1406 708 :
1441 654 1700 723 placeret
1741 654 1973 707 tandem
2005 654 2111 706 ab-

449 747 563 803 lata
587 747 858 816 reddere,
892 745 1255 815 exspoliatos
1287 744 1543 812 receptis
1570 742 1828 812 propriis
1871 741 2111 812 jurisdi-

449 838 643 892 ctione
673 838 734 890 in
764 851 874 890 sua
904 834 1237 901 restituere,
1267 836 1427 903 patre
1467 831 1714 902 turpiter
1739 832 1979 901 repulso
2012 838 2107 901 pu-

447 926 723 998 pillorum
755 939 953 978 causae
986 939 1101 975 non
1133 921 1394 975 obviare.
1428 919 1716 990 Satisjam
1730 920 2110 990 etplusquam

449 1015 597 1069 satis
626 1013 1022 1084 malignorum
1052 1010 1332 1080 superbia
1371 1013 1427 1064 et
1456 1010 1879 1063 obtrectatione
1907 1008 2110 1061 Gnati-

450 1118 678 1158 nenses
695 1105 851 1156 terra
865 1100 1130 1169 marique
1153 1097 1342 1152 fuisse
1366 1098 1725 1167 decantatos,
1742 1095 1865 1167 jam
1884 1097 2115 1150 invidos

446 1191 522 1248 ad
546 1191 842 1247 cumulum
865 1193 1196 1261 grassatos,
1229 1188 1306 1240 nil
1330 1191 1554 1241 restare
1573 1187 1699 1256 spei
1728 1188 1787 1240 in
1810 1190 2111 1256 posterum

445 1283 663 1353 praeter
678 1279 934 1333 miserisa
957 1282 1014 1332 et
1028 1277 1374 1347 plorationis
1392 1275 1671 1346 elogium.
1695 1275 1812 1329 Sed
1830 1291 1898 1329 eo
1918 1280 2110 1329 tamen

447 1369 706 1423 miseros
727 1366 1157 1439 apudjudicem
1180 1365 1646 1420 miserabiliores
1666 1364 1723 1417 in
1754 1364 1909 1418 omni
1930 1380 2110 1418 causa

447 1457 665 1513 debere
721 1456 870 1526 fieri,
930 1471 1046 1526 quo
1077 1455 1149 1508 ab
1183 1454 1414 1509 aemulis
1446 1454 1883 1524 opprimuntur;
1917 1456 2108 1507 tamen

447 1561 628 1616 super
649 1544 841 1600 omnia
856 1542 1232 1614 cogitandum
1251 1542 1406 1613 quod
1420 1543 1479 1595 in
1496 1542 1726 1595 divinas
1744 1542 1911 1613 leges
1935 1541 2110 1611 impie

444 1635 682 1705 impune
711 1648 890 1705 agere
907 1632 1007 1686 diu
1025 1647 1142 1686 non
1167 1630 1540 1685 cedatur.Sin
1559 1633 1749 1684 autem
1774 1630 2111 1684 Neroniana

444 1726 709 1793 tempora
741 1722 833 1775 his
864 1736 1046 1791 posse
1077 1721 1370 1787 convinci,
1405 1735 1537 1790 quae
1569 1719 1705 1772 licet
1737 1719 1973 1772 Petrum
2003 1718 2110 1772 ab-

445 1812 868 1882 sumpsissent,
894 1809 1000 1864 sed
1026 1814 1217 1863 tamen
1250 1808 1422 1861 fidem
1448 1808 1607 1861 illius
1638 1807 1750 1861 sub
1775 1808 2111 1861 testimonio
2142 1841 2189 1903 Β

444 1916 817 1957 reservasse.
852 1899 1023 1952 Nunc
1054 1913 1197 1953 vero
1228 1897 1286 1950 in
1318 1897 1427 1950 hac
1462 1912 1659 1950 rerum
1684 1896 2111 1965 intemperie,si

444 1991 641 2045 tenuis
663 1987 971 2059 iujustitise
1002 1986 1168 2040 frena
1208 1985 1645 2055 laxentur,quid
1667 1985 1821 2038 aliud
1845 1984 2111 2038 nisiﬁdei

443 2080 625 2135 totius
657 2077 1031 2131 fundamenta
1054 2074 1532 2145 collidere,atque
1582 2074 1710 2142 ipsa
1734 2073 1989 2127 Veritate
2011 2089 2108 2127 re-

446 2169 758 2225 clamante:
799 2165 929 2236 Ego
948 2179 1056 2235 pro
1081 2169 1138 2217 te
1159 2163 1390 2234 rogavi,
1410 2162 1617 2230 Petre,
1653 2168 1711 2216 ut
1746 2179 1855 2216 non
1870 2161 2109 2216 deﬁciat

443 2257 598 2312 ﬁdes
631 2262 745 2322 tua,
771 2269 903 2325 quae
935 2253 1258 2307 infidelium
1287 2252 1629 2306 intemerata
1651 2252 1887 2322 reliquit
1909 2250 2110 2319 impie-

442 2349 555 2416 tas,
589 2343 862 2416 ejusdem
903 2342 1078 2413 cujus
1108 2358 1224 2396 non
1257 2341 1487 2395 desinet
1518 2340 1666 2394 fides
1700 2344 1904 2394 contra
1938 2339 2109 2393 Veri-

441 2437 620 2490 tatem
652 2435 825 2488 etiam
857 2435 1205 2486 testamenta
1235 2430 1478 2485 delere?

517 2522 730 2578 XXVI.
761 2552 831 2561 —
861 2521 1147 2574 Intererat
1166 2519 1302 2573 huic
1326 2519 1688 2573 altercationi
1714 2519 1869 2572 filius
1887 2520 2110 2572 sanctae

446 2614 731 2669 Romanis
780 2610 1067 2664 Ecclesiae
1100 2609 1164 2662 L.
1199 2608 1395 2663 Sancti
1426 2607 1894 2662 Audomarensis
1936 2622 2109 2661 cano-

444 2702 638 2771 nicus,
670 2715 845 2771 quem
875 2699 934 2752 in
965 2713 1138 2752 sacro
1168 2697 1380 2767 palatio
1433 2712 1564 2750 cum
1590 2696 1950 2751 venurandte
1983 2711 2107 2749 me-

443 2790 648 2846 moriae
678 2788 967 2858 Gregorio
1000 2786 1098 2840 VlI
1130 2801 1246 2840 non
1278 2800 1461 2855 parvo
1496 2789 1757 2854 tempore
1789 2800 2112 2839 commora-

444 2882 566 2936 tum
589 2876 1018 2945 etnovimus,et
1041 2875 1347 2944 splendide
1366 2873 1803 2944 peregrinatum
1828 2873 2104 2927 vidimus.

442 2967 554 3034 Qui
587 2965 908 3022 Romuleos
939 2965 1140 3035 apices
1156 2968 1416 3018 reserata
1439 2963 1641 3017 charta
1655 2963 1835 3016 veluti
1855 2962 2108 3017 familia-

442 3057 527 3112 ris
557 3056 895 3128 aliquandiu
939 3054 1339 3108 collectaneus
1380 3042 1675 3106 acumine
1700 3051 1934 3105 clariori
1965 3050 2108 3121 quid

447 3147 813 3201 continerent
859 3144 1124 3212 intuitus,
1160 3146 1282 3196 rata
1314 3143 1791 3211 interpretatione
1824 3141 1953 3195 sine
1986 3141 2106 3194 dif-

445 3234 700 3290 ﬁcultate
727 3232 990 3301 resolvit,
1024 3235 1080 3287 et
1111 3204 1801 3301 oppilatorefragantium
1829 3245 1928 3284 ore
1946 3229 2105 3284 Gua-
2140 3204 2189 3269 ο

443 3324 662 3379 tinensi
678 3323 962 3377 Ecclesiae
984 3322 1203 3375 cultum
1221 3320 1595 3390 privilegium
1619 3320 1856 3391 resigna
1868 3319 1912 3371 ri
1930 3319 2108 3372 abun-

445 3413 605 3468 danti
635 3413 859 3466 ratione
910 3411 1184 3465 convicit.
1218 3410 1315 3463 Sic
1347 3410 1528 3479 igitur
1560 3410 1813 3461 restituti
1841 3424 1909 3461 ac
1940 3411 2104 3478 grate

444 3502 872 3574 postliminium
904 3500 1156 3567 reversi,
1187 3499 1469 3567 deinceps
1499 3497 1692 3566 aliqua
1710 3498 2109 3566 inquietudine

442 3592 772 3646 libertatem
829 3592 1091 3643 nostram
1148 3604 1179 3641 a
1240 3587 1470 3640 nemine
1502 3587 1856 3640 rescivimus
1888 3602 2107 3657 caupo-

443 3680 593 3735 nari.

514 3765 754 3821 XXVII.
830 3764 1261 3820 Watinensium
1310 3765 1370 3818 in
1430 3764 1711 3819 adversis
1758 3766 2105 3821 moderatio.

441 3856 640 3927 Drogo
673 3856 977 3926 episcopus
1017 3854 1421 3908 Tervanensis
1441 3861 1716 3909 moritur.
1749 3886 1821 3894 —-—
1854 3855 1933 3908 Ea
1956 3858 2105 3909 tem-

444 3948 694 4015 pestate,
731 3960 863 3998 cum
895 3944 953 3997 in
982 3943 1188 3999 Galliis
1218 3960 1323 4014 per
1345 3944 1616 4008 diversas
1648 3945 1825 3999 sedes
1857 3945 2106 4015 plurima

443 4033 691 4088 concilia
720 4033 1183 4100 celebrarentur,
1222 4035 1278 4086 et
1306 4033 1377 4086 ab
1416 4033 1666 4104 llugone
1700 4033 1903 4087 Diensi
1927 4049 2104 4087 sane-

440 4125 515 4177 tae
576 4122 856 4177 Romanae
917 4121 1203 4175 Ecclesiae
1261 4122 1456 4193 legato
1490 4122 1668 4176 multa
1726 4122 2103 4193 corrigeren-

438 4216 553 4283 tur,
590 4212 785 4266 clerus
820 4211 1176 4265 Morinensis
1225 4227 1332 4281 per
1372 4211 1807 4280 simplicitatem
1838 4212 2105 4281 episcopi

437 4301 625 4369 senis,
685 4304 808 4354 tum
862 4300 921 4353 in
970 4300 1165 4368 nobis,
1228 4304 1346 4354 tum
1381 4301 1438 4353 in
1488 4300 1642 4368 aliis,
1691 4316 1798 4369 pro
1828 4301 2103 4370 qualitate

435 4389 721 4460 temporis
753 4389 832 4443 ita
878 4389 1115 4459 impune
1164 4388 1510 4443 delirabant.
1545 4390 1609 4443 In
1641 4389 1753 4443 hoc
1783 4392 1975 4443 tamen
2009 4406 2104 4443 co-

370 4474 379 4475 ί
435 4494 646 4533 namur
721 4493 849 4533 eos-
887 4493 1197 4547 excusare,
1269 4478 1427 4549 quod
1477 4494 1609 4532 cum
1673 4478 1851 4533 multo
1909 4479 2104 4534 minus

2234 563 2438 632 pietas.
2494 564 2591 616 cui
2616 563 2674 615 in
2721 563 2927 617 eodem
2973 564 3460 632 assentiabamus,
3486 581 3601 635 quae
3627 583 3814 638 semper

2237 651 2573 705 laborantes
2612 653 3040 706 misericordiae
3091 652 3315 723 gremio
3367 654 3642 722 suscipere
3698 658 3814 713 solet

2236 742 2426 795 virum
2480 742 2655 794 habet
2704 743 2861 795 velut
2904 743 3210 796 emeritum
3262 758 3453 810 suum,
3507 746 3733 813 quamvis
3771 747 3814 800 in

2236 830 2535 900 aliquibus
2570 833 2783 884 statum
2806 830 3152 899 reipublicae
3176 830 3598 884 labefactantem
3610 836 3816 887 materne

2236 920 2584 987 sustinebat,
2611 920 2745 990 quia
2787 920 3221 989 simplicitatem
3252 936 3383 973 cum
3416 924 3681 975 senectute
3715 938 3818 990 pen-

2235 1025 2399 1077 sans,
2434 1012 2590 1063 tanto
2625 1024 2731 1076 pro
2764 1023 2832 1062 eo
2872 1009 3181 1063 sollicitior
3212 1012 3385 1078 atque
3444 1008 3668 1063 timidior
3692 1011 3820 1065 vide-

2235 1098 2654 1168 batur,quanto
2679 1097 2925 1152 scientia
2948 1113 3014 1151 ac
3034 1098 3393 1151 discretione
3410 1099 3672 1152 excedens
3687 1101 3817 1154 morti

2236 1187 2735 1253 vicinior,dierum
2768 1186 2977 1256 plenus
2995 1185 3254 1256 quotidie
3276 1186 3819 1242 efﬁciebatur.Etenim

2236 1292 2352 1330 non
2387 1277 2564 1330 multo
2613 1278 2747 1345 post
2797 1276 2926 1346 ipse
2956 1274 3301 1345 defungitur
3330 1291 3481 1329 anno
3511 1275 3818 1345 episcopatus

2238 1366 2332 1419 sui
2363 1365 2882 1435 quinquagesimo.

2305 1453 2572 1507 XXVIII.
2605 1453 2912 1507 Habertus
2942 1453 3399 1507 archidiaconus
3435 1454 3687 1508 succedit.
3708 1456 3818 1509 —In

2237 1542 2411 1613 cujus
2427 1542 2631 1596 sedem
2651 1542 2951 1596 Hubertus
2967 1542 3237 1613 ejusdem
3252 1541 3535 1597 Ecclesiae
3547 1543 3819 1599 arrhidiaco

2235 1649 2348 1685 nus
2402 1632 2781 1701 subrogatur,
2817 1631 2913 1684 vir
2941 1631 3232 1702 elegantis
3282 1632 3542 1686 scientias
3570 1648 3629 1685 ac
3654 1633 3820 1703 dignus

2235 1721 2573 1787 dominio,si
2604 1720 2741 1788 sibi,
2777 1723 2836 1774 ut
2864 1720 3047 1790 aiunt,
3092 1720 3381 1773 dominari
3416 1721 3698 1789 potuisset:
3724 1737 3823 1791 qua

2236 1826 2334 1864 res
2364 1810 2680 1879 plerosque
2711 1808 3050 1863 multotiens
3064 1809 3137 1862 ad
3161 1824 3350 1879 usque
3373 1810 3708 1863 interniciem
3723 1827 3824 1864 con-

2236 1898 2383 1952 fudit
2429 1902 2718 1968 potentes.
2771 1897 2879 1962 Qui
2929 1899 3327 1952 sacerdotium
3357 1899 3615 1967 adeptus,
3643 1914 3749 1953 cum
3772 1899 3823 1953 ad

2235 1988 2648 2043 continentiam
2666 1986 2949 2041 Ecclesiae
2981 2003 3108 2040 suae
3125 1988 3549 2056 possessiones
3576 1991 3627 2041 et
3651 1989 3824 2056 altaria,

2233 2077 2291 2131 in
2314 2077 2532 2147 quibus
2577 2092 2709 2130 cum
2740 2074 2970 2129 defecto
3002 2075 3457 2145 praedecessore
3488 2081 3539 2129 et
3567 2077 3677 2146 ipsa
3702 2075 3825 2129 defe-

2235 2166 2476 2233 fecerat,
2511 2169 2751 2218 strenue
2800 2163 3115 2231 conferret,
3151 2167 3208 2218 et
3236 2166 3411 2234 quasi
3445 2165 3732 2218 redivivam
3756 2181 3827 2218 re-

2237 2256 2492 2309 formare
2537 2254 2895 2323 disponeret,
2939 2253 3110 2307 bonae
3166 2253 3294 2321 spei
3323 2253 3479 2323 apud
3509 2253 3686 2323 plures
3725 2268 3827 2306 esse

2237 2348 2515 2413 coeperat,
2541 2344 2697 2413 quod
2727 2342 2944 2396 utiliter
2968 2342 3415 2412 episcopalibus
3446 2342 3706 2396 reditibus
3730 2357 3832 2411 pro-

2236 2433 2493 2486 videret:
2521 2432 2673 2485 unde
2697 2432 2751 2485 si
2781 2432 2852 2484 ab
2877 2446 2947 2485 eo
2978 2430 3185 2485 collata
3206 2435 3449 2484 servata
3470 2430 3832 2485 remansissent

2239 2522 2445 2576 felices
2477 2536 2669 2590 usque
2690 2520 2866 2574 hodie
2897 2535 3293 2574 successores
3308 2519 3836 2589 praedicaremusepi-

2236 2626 2476 2680 scepos,
2510 2610 2610 2680 qui
2642 2608 2795 2663 unde
2816 2609 3115 2663 alerentur
3144 2624 3260 2662 non
3291 2613 3655 2680 egerent,nec
3674 2608 3837 2661 distra-

2238 2699 2519 2753 herentur
2566 2702 2769 2751 contra
2799 2698 3079 2767 Spiritum
3110 2701 3381 2752 sanctum
3414 2697 3628 2752 venalia
3654 2700 3834 2751 sancto-

2237 2804 2368 2841 rum
2398 2787 2663 2841 locorum
2694 2787 3040 2856 patrocinia,
3075 2803 3206 2857 quae
3238 2803 3343 2857 per
3373 2786 3677 2841 Simoniam
3702 2786 3834 2857 igno-

2235 2876 2458 2931 bilibus
2490 2876 2809 2929 commissa
2839 2876 3139 2945 personis,
3190 2875 3263 2928 ad
3292 2875 3622 2929 miseranda
3648 2870 3834 2927 vivendi

2237 2966 2594 3021 commercia
2630 2965 2759 3018 suis
2808 2963 3191 3018 mercenariis
3226 2962 3638 3035 suffragantur.

2306 3056 2515 3109 XXIX.
2553 3052 2843 3118 Quomodo
2872 3069 2939 3107 se
2966 3053 3230 3123 gesserit
3253 3053 3315 3105 in
3334 3054 3673 3125 episcOpatu.
3693 3049 3837 3101 —Ta-

2234 3146 2393 3199 libus
2425 3134 2617 3197 autem
2652 3143 2837 3195 initiis
2861 3142 2914 3195 si
2945 3142 3333 3211 reliqua,dum
3359 3142 3542 3196 fuitin
3570 3138 3836 3211 episcopio,

2237 3251 2342 3305 pro
2357 3238 2620 3303 tempore
2634 3233 2784 3286 locis
2807 3234 2863 3285 et
2875 3231 3151 3301 personis
3166 3231 3583 3285 convenienter
3593 3229 3838 3297 adaequas-

2238 3327 2348 3393 set,
2384 3324 2578 3376 minus
2610 3322 2948 3389 infortunia,
2984 3319 3120 3389 plus
3150 3319 3386 3374 decoris
3424 3320 3728 3373 habuisset.
3751 3314 3837 3369 Sed

2236 3414 2373 3466 dum
2397 3413 2455 3465 in
2469 3410 2811 3466 ordinandis
2829 3409 3205 3480 quibusdam,
3229 3409 3343 3463 sibi
3367 3411 3672 3463 contentus
3690 3404 3838 3473 magis

2236 3501 2487 3557 libertati
2518 3501 2723 3571 gratiae
2756 3515 2869 3569 qua
2899 3515 2965 3553 se
2996 3501 3326 3568 promotum
3347 3493 3839 3567 ﬁdebat,quamdis-

2237 3590 2482 3647 cretioni
2507 3589 3141 3651 attenderet,damnose
3171 3587 3503 3658 magisterii
3550 3586 3751 3638 clavum
3773 3594 3837 3633 ie-

2239 3697 2409 3755 gens,
2441 3681 2500 3734 in
2529 3679 2769 3733 altiores
2800 3693 3091 3748 personas
3138 3677 3404 3748 impegit.
3439 3674 3583 3729 Nam
3624 3669 3840 3744 pluribus

2237 3772 2370 3826 aliis
2400 3770 2618 3841 quibus
2643 3767 2941 3823 confidere
2991 3769 3200 3836 posset
3230 3769 3362 3820 ante
3398 3763 3662 3835 abjectis,
3692 3761 3839 3829 ipsum

2237 3861 2565 3932 principem
2596 3858 2777 3912 totius
2807 3855 3100 3910 Flandriae
3131 3855 3362 3910 tandem
3383 3855 3500 3909 hac
3528 3853 3597 3907 de
3626 3864 3776 3905 causa
3798 3846 3839 3898 in

2238 3948 2558 4019 perniciem
2592 3948 2685 4001 sui
2709 3946 3045 4000 commovit.
3078 3940 3224 3996 Cum
3253 3944 3413 3997 enim
3443 3943 3502 3996 in
3524 3938 3748 3995 concilio
3767 3935 3840 3988 Pi—

2237 4037 2499 4092 ctavensi
2531 4035 2783 4107 quodam
2814 4050 2847 4087 a
2886 4033 3099 4088 domno
3132 4033 3385 4103 Hugone
3421 4032 3673 4084 Romano
3693 4023 3839 4095 legato

2238 4127 2303 4181 E.
2325 4126 2510 4180 abbas
2534 4123 2861 4196 Bergensis
2875 4121 3131 4176 coenobii
3163 4120 3476 4189 depositus
3528 4112 3839 4176 rediisset,et

2236 4215 2505 4269 monachi
2529 4214 2787 4284 benigne
2818 4210 3113 4265 licentiam
3141 4225 3174 4263 a
3204 4209 3475 4279 principe
3502 4202 3837 4274 accepissent,

2235 4307 2361 4358 orta
2390 4302 2788 4370 dissensione,
2841 4303 3014 4370 atque
3046 4298 3145 4352 diu
3177 4297 3375 4351 habita
3415 4297 3567 4349 inter
3593 4308 3689 4347 eos
3717 4302 3840 4359 qua:-

2234 4395 2446 4463 stione,
2482 4392 2556 4447 ob
2588 4390 2868 4445 invidiam
2898 4386 3259 4443 ascendendi
3290 4387 3350 4440 in
3380 4399 3563 4439 unum
3584 4376 3839 4436 convenire

2232 4500 2349 4538 non
2390 4484 2724 4551 potuerunt.
2760 4478 2847 4532 Ad
2881 4477 3037 4549 quod
3069 4474 3469 4530 definiendum
3502 4473 3842 4526 Viennensem

437 4582 613 4638 quam
641 4567 1030 4638 quorumdam
1060 4567 1346 4637 poscebat
1366 4567 1563 4621 invida
1597 4568 1910 4639 suggestio
1943 4574 2100 4639 pate-
2125 4570 2180 4633 D
2235 4571 2747 4641 archiepiscopum
2782 4567 2999 4637 W.qui
3023 4565 3400 4621 fortediebus
3417 4563 3539 4616 illis
3555 4555 3838 4617 advenerat,

435 4657 896 4725 remur,animus
928 4672 1133 4711 eorum
1158 4657 1257 4710 vix
1287 4673 1318 4710 a
1349 4657 1542 4726 nobis,
1586 4658 1749 4711 salva
1779 4658 2104 4727 episcOpali

432 4745 784 4815 reverentia,
835 4746 897 4799 in
953 4749 1155 4800 nostra
1211 4745 1559 4799 defensione
1590 4747 1863 4800 recessit.
1898 4747 2011 4799 Sed
2040 4747 2099 4799 in

432 4834 528 4889 his
585 4835 862 4890 omnibus
895 4851 1028 4906 quaa
1076 4834 1240 4903 pacis
1272 4835 1372 4887 alii
1403 4849 1739 4899 eversores,
1776 4838 1950 4905 atque
2005 4835 2102 4889 alii

433 4926 859 4997 suggerebant,
930 4925 1108 4995 digna
1179 4923 1416 4995 quidem
1490 4924 2004 4979 animadversione
2046 4926 2098 4978 si

428 5014 639 5069 ulcisci
694 5014 766 5068 de
811 5029 924 5068 nos
984 5012 1357 5082 pulsantibus
1418 5012 1728 5081 vellemus,
1802 5029 2097 5083 nunquam

431 5107 743 5173 propterea
775 5104 1148 5158 venerandos
1209 5117 1389 5155 canos
1420 5105 1536 5154 tam
1578 5104 1787 5157 annosi
1821 5104 2098 5157 sacerdo-

431 5191 509 5247 tis
557 5191 926 5261 offendimus,
951 5208 1060 5246 nec
1089 5193 1148 5247 in
1204 5195 1360 5245 tanta
1427 5192 1658 5245 levitate
1709 5208 1933 5245 morum
2006 5194 2097 5247 vel

432 5280 682 5334 concilia
736 5283 1189 5351 appellavimus,
1242 5280 1334 5335 vel
1364 5281 1717 5334 sententiam
1751 5281 1808 5334 in
1842 5297 1974 5335 eum
2000 5282 2098 5353 ja-

434 5368 743 5423 culandam
821 5371 1017 5440 aliqua
1098 5369 1397 5441 protervia
1474 5372 1837 5424 censuimus.
1914 5371 2097 5426 Tanta

428 5457 881 5512 mansuetudine
913 5460 1364 5514 commotionem
1387 5462 1649 5513 nostram
1686 5460 1745 5512 in
1770 5460 2098 5515 nobismet-

424 5547 577 5618 ipsis
602 5546 914 5618 fregimus,
941 5547 1237 5602 cuminter
1253 5547 1606 5618 multiplices
1632 5549 1906 5619 querelas
1921 5554 2098 5621 atque

422 5635 826 5708 impetentium
846 5636 1272 5707 perversitates
1294 5641 1466 5709 prout
1482 5636 1555 5691 ab
1580 5637 1858 5693 osoribus
1870 5640 2096 5695 nostris

2235 4661 2332 4731 qui
2365 4659 2615 4713 caenobii
2629 4655 3040 4711 Cluniacensis
3064 4655 3215 4708 inter
3227 4654 3567 4723 praecipuos
3586 4646 3842 4719 regulares

2228 4749 2581 4815 habebatur,
2614 4746 2897 4816 princeps
2913 4744 3214 4812 accivit,ut
3243 4741 3439 4812 ipsius
3462 4737 3843 4816 consilioqueln

2229 4838 2529 4893 destitutae
2571 4814 2864 4889 ecclesiae
2913 4835 3141 4904 patrem
3189 4831 3602 4894 constitueret,
3637 4814 3845 4895 regulari

2230 4930 2467 4982 decreto
2496 4925 2902 4995 investigaret.

2298 5014 2689 5069 XXX.Prior
2709 4993 3070 5066 Watinensis
3083 5008 3422 5080 eligendum
3440 5002 3701 5079 suggerit
3718 4993 3848 5054 inab-

2223 5106 2419 5160 batem
2457 5104 2823 5174 Bergensem
2867 5101 2984 5155 Ad.
3019 5098 3357 5153 monachum
3379 5095 3445 5150 S.
3486 5092 3722 5166 Agerici
3742 5085 3845 5137 Vir-

2224 5186 2360 5249 dun.
2392 5222 2461 5232 —
2491 5192 2554 5244 In
2574 5207 2688 5261 quo
2723 5192 3015 5244 conventu
3068 5188 3231 5257 prior
3280 5189 3492 5240 noster
3546 5184 3602 5237 in
3644 5176 3847 5234 medium

2222 5285 2533 5356 suggessit
2558 5279 2950 5334 Virdunensis
2974 5277 3335 5333 monasterii
3356 5275 3421 5329 S.
3448 5272 3641 5345 Ayrici
3671 5266 3764 5356 sub
3782 5276 3847 5315 re-

2221 5353 2368 5446 gul—av
2388 5371 2576 5425 sancti
2598 5369 2896 5423 Benedicti
2925 5367 3213 5439 religiose
3263 5364 3701 5434 disciplinatum
3725 5353 3847 5447 doni-

2219 5445 2357 5518 num
2394 5460 2499 5515 Ad.
2526 5456 2637 5524 (l3)
2659 5457 2944 5528 proximis
2967 5456 3176 5509 diebus
3209 5458 3399 5508 notos
3433 5448 3657 5506 visendi
3681 5445 3844 5516 gratia:

2218 5554 2276 5606 in
2307 5548 2707 5606 diversorium
2738 5545 3010 5602 ecclesiae
3040 5548 3262 5600 nostra;
3293 5542 3651 5605 declinasse,
3670 5533 3738 5589 ibi
3751 5541 3843 5583 m0-

497 5802 611 5875 (‘13)
648 5803 713 5860 In
740 5803 899 5863 serie
957 5801 1233 5860 abbatum
1284 5803 1645 5879 Bergenium
1701 5805 1898 5865 nullus
1943 5813 2063 5886 est,
2112 5809 2292 5889 cujus
2333 5822 2552 5869 nomen
2589 5805 2669 5864 ita
2702 5801 2979 5880 incipait,
3034 5801 3142 5860 sed
3188 5799 3559 5878 Ermengero
3586 5786 3847 5869 subjicitur
