4084 6186
254 316 408 382 1529

1420 308 1917 372 CHRONICON
1957 307 2495 371 WATINENSE.

3516 315 3670 381 1530

217 519 355 586 rari,
384 535 415 572 a
448 518 569 571 Deo
602 517 773 587 quasi
805 515 1257 570 transmissum:
1294 515 1345 568 si
1360 514 1516 568 hunc
1538 527 1889 584 promovere
1923 511 1968 564 Α
1998 513 2171 567 matis
2202 514 2441 568 invexit.
2467 513 2592 567 Nec
2621 513 2765 567 illud
2806 513 3041 583 quidem
3074 514 3259 568 semel
3285 516 3383 567 aut
3416 513 3532 583 bis,
3556 529 3667 567 ve-

218 608 497 678 placeret,
525 611 709 660 tutum
742 605 889 674 fore,
915 620 1024 659 nec
1055 619 1235 673 posse
1268 603 1591 673 desperare
1623 603 1693 657 de
1715 602 1889 656 bonae

214 698 352 750 vitm
383 700 664 765 provectu
697 696 809 749 sub
842 695 963 763 illo,
998 694 1097 764 qui
1126 697 1241 747 tam
1269 694 1515 747 honesta
1563 708 1888 746 conversa-

216 785 378 838 tione
410 799 527 837 non
590 783 759 852 parvi
820 783 1105 850 temporis
1141 782 1469 850 dispendio,
1518 780 1783 833 distriete
1831 779 1889 832 in

217 872 568 926 monachico
591 872 793 925 habitu
823 871 1277 941 philosophatus
1297 873 1440 924 erat.
1456 869 1543 923 Ad
1565 869 1691 922 bene
1707 882 1888 940 grave

214 960 548 1031 periculum
581 960 907 1029 imminere,
951 961 1006 1014 si
1035 960 1374 1014 nolentibus
1425 958 1781 1029 regulariter
1812 958 1891 1010 vi-

216 1066 378 1118 vere,
414 1050 803 1104 consentiret:
841 1048 1274 1103 communicare
1307 1048 1566 1117 peccatis
1594 1046 1890 1113 alienis,si

217 1138 477 1193 rebelles
510 1140 567 1192 et
598 1139 1003 1192 contentiosos
1035 1154 1107 1191 ex
1138 1138 1425 1191 sententia
1451 1152 1557 1189 sua
1575 1150 1755 1206 agere
1771 1151 1889 1188 non

218 1226 589 1296 reprimeret,
623 1226 926 1297 negotium
939 1225 1064 1296 jam
1081 1226 1318 1293 adesse,
1335 1224 1673 1290 devenisse,
1690 1223 1891 1292 provi-

215 1316 383 1370 deret
413 1331 485 1370 ne
517 1316 686 1370 locus
703 1316 833 1369 sine
854 1317 1083 1369 rectore
1108 1315 1520 1369 detrimentum
1544 1313 1885 1372 sustineret,

216 1408 274 1458 et
306 1408 367 1459 ut
398 1420 570 1459 sacer
600 1405 742 1458 ordo
773 1405 874 1474 qui
904 1404 1059 1474 apud
1084 1403 1220 1457 illos
1234 1401 1695 1473 deperisset,vel
1714 1401 1888 1454 modo

218 1509 359 1549 sero
390 1509 498 1564 per
524 1494 857 1565 regularem
879 1494 1117 1548 rediret.
1390 1495 1394 1499 ’

290 1581 513 1634 XXXI.
547 1580 914 1635 Electionem
946 1580 1232 1652 approbat
1245 1581 1529 1651 princeps
1557 1577 1890 1633 Flandren-

215 1670 326 1723 sis.
362 1700 431 1708 —
459 1670 746 1739 Princeps
777 1685 919 1724 vero
952 1670 1197 1723 rationis
1218 1670 1387 1723 valde
1404 1684 1616 1737 capax,
1652 1671 1772 1721 tum
1787 1683 1889 1721 au-

217 1757 487 1812 ctoritate
516 1757 970 1828 archiepiscopi,
1002 1760 1123 1812 tum
1156 1758 1662 1812 etiamcomitissa'
1682 1755 1886 1810 matris

1999 618 2125 655 rum
2157 603 2492 673 ubicunque
2525 604 2825 656 solemnes
2857 619 3035 673 agere
3054 603 3281 657 solebat
3310 602 3564 672 litanias,
3599 606 3661 656 ut

1997 692 2168 761 quasi
2196 693 2497 762 multiplici
2533 692 2812 746 seandalo
2846 694 3144 747 memoria
3187 694 3480 763 principis
3508 691 3668 763 quod

1991 781 2216 835 fecerat
2260 781 2714 849 commendaret,
2749 798 2923 851 quam
2960 783 3049 835 eis
3091 783 3380 836 indixerat
3429 798 3664 837 excom-

1995 870 2409 924 municationis
2442 871 2742 923 vinculum
2775 872 3242 940 rememorando,
3269 873 3341 925 ad
3365 872 3664 925 infamiam

1996 973 2198 1011 eorum
2232 958 2587 1012 notiﬁcabat.

2065 1046 2336 1100 XXXIV.
2388 1047 2634 1101 Electus
2683 1063 2826 1118 ergo
2873 1064 2904 1100 θ
2931 1048 3203 1119 principe
3254 1050 3379 1120 ipso
3433 1048 3663 1121 Hugom

1997 1137 2209 1191 Diensi
2239 1137 2509 1207 episcOpo
2529 1137 2769 1190 sistitur
2795 1137 3257 1192 benedicendus.
3287 1169 3356 1177 —
3378 1138 3663 1208 Princeps

1995 1241 2136 1280 vero
2171 1226 2241 1279 ad
2265 1230 2467 1280 nutum
2497 1226 2829 1279 Salomonis
2861 1227 3101 1295 sapiens
3133 1226 3328 1281 differt
3367 1228 3661 1298 spiritum,

1997 1317 2053 1369 et
2075 1314 2415 1368 reservatin
2448 1318 2772 1383 posterum.
2804 1314 3124 1385 Injuriatus
3155 1317 3359 1371 verbis
3388 1333 3506 1372 non
3528 1317 3665 1372 obs-

1999 1404 2233 1473 trepuit;
2264 1403 2369 1458 sed
2394 1406 2457 1457 ut
2492 1404 2729 1472 dicitur,
2754 1404 2828 1458 ad
2843 1405 2993 1475 quod
3006 1405 3350 1459 intenderis
3364 1407 3664 1476 ingenium

1998 1497 2061 1546 nt
2081 1493 2234 1546 valet.
2248 1490 2436 1557 (Sall).
2454 1491 2642 1545 Etiam
2656 1492 2797 1545 nihil
2815 1493 3181 1562 propositum
3212 1493 3513 1566 differens,
3532 1511 3665 1550 cum

1996 1581 2364 1636 solemnitate
2409 1581 2628 1635 decreti
2660 1583 2715 1635 et
2764 1582 3023 1635 omnium
3060 1582 3482 1651 postulantium
3516 1586 3664 1640 sub-

1995 1670 2418 1740 seriptionibus
2452 1670 2811 1734 roboratum,
2844 1672 2900 1723 et
2931 1685 3037 1724 sua
3068 1671 3258 1739 ipsius
3288 1673 3504 1744 pagina
3525 1690 3657 1743 pro-

2002 1761 2308 1829 sequente,
2343 1773 2453 1812 nec
2483 1774 2600 1812 non
2631 1760 2686 1812 et
2702 1758 3151 1828 archiepiscopo
3186 1760 3507 1815 Viennensi
3530 1777 3669 1831 pro-

217 1846 356 1916 ejus
378 1862 655 1914 assensu,
688 1847 768 1900 ita
800 1847 927 1901 fieri
970 1847 1245 1917 praebuit,
1280 1847 1334 1900 si
1380 1846 1578 1900 divelli
1609 1862 1642 1898 a
1679 1860 1885 1899 mona-
1914 1856 1962 1911 Β
1998 1848 2145 1917 priis
2176 1847 2443 1916 apicibus
2477 1852 2858 1916 consonante,
2893 1848 3141 1901 electum
3160 1850 3432 1904 eumdem
3451 1851 3667 1909 domno

217 1936 403 1989 sterio
435 1936 527 1989 sui
553 1935 786 1989 abbatis
819 1937 1093 1990 cessione
1110 1936 1423 2004 potuisset.
1457 1934 1887 1988 Monachisau-

214 2025 339 2077 tem
368 2039 441 2077 ex
471 2024 666 2095 aliqua
696 2028 863 2094 parte
894 2025 955 2078 in
987 2024 1382 2079 obstinatione
1401 2024 1884 2093 persistentibus,

219 2113 321 2166 alii
344 2112 566 2166 saniori
583 2114 798 2167 mentis
815 2112 1046 2181 intuitu,
1070 2112 1320 2168 salutem
1343 2128 1513 2167 suam
1535 2112 1889 2167 cumtimore

222 2201 331 2255 Dei
345 2201 808 2266 considerantes,
830 2202 1134 2273 adjustam
1154 2202 1510 2256 voluntatem
1530 2205 1585 2256 et
1598 2202 1889 2273 principis

219 2290 583 2360 petitionem,
643 2293 867 2344 remoto
922 2290 1140 2359 studio,
1186 2291 1304 2345 imo
1343 2306 1664 2360 consensu,
1716 2294 1888 2347 talem

220 2378 339 2432 sibi
370 2378 811 2448 praeficiendum
834 2379 1219 2449 expetierunt.
1239 2380 1435 2451 Hujus
1468 2397 1610 2451 ergo
1625 2382 1892 2451 postula-

223 2467 402 2521 tionis
433 2467 653 2520 directa
684 2468 967 2522 relatione
981 2468 1054 2521 ad
1068 2470 1290 2538 patrem
1312 2471 1653 2523 monasterii
1684 2470 1742 2524 S.
1770 2471 1892 2541 Ay-

218 2555 333 2608 rici
382 2555 815 2624 Verdunensis,
878 2556 975 2626 qui
1021 2557 1195 2611 missi
1235 2556 1465 2612 fuerant
1514 2574 1547 2611 a
1603 2560 1890 2630 principe,

222 2644 548 2713 redierunt,
583 2645 921 2699 cessionem
953 2645 1134 2700 nullis
1193 2644 1726 2701 intercessionibus
1775 2648 1896 2703 sibi

222 2733 383 2802 fieri,
427 2734 543 2787 nisi
575 2734 756 2788 frater
785 2734 859 2788 ad
890 2734 1215 2788 claustrum
1242 2734 1528 2789 obediens
1550 2736 1752 2790 redeat
1781 2737 1893 2791 sub

221 2823 597 2877 attestatione
628 2823 912 2878 referunt.
945 2823 1128 2887 Quem
1161 2839 1293 2877 cum
1324 2823 1459 2878 item
1475 2840 1544 2878 eo
1559 2840 1749 2895 usque
1763 2840 1897 2894 per-

221 2914 354 2966 acta
384 2912 678 2983 legatione
710 2913 992 2983 princeps
1024 2913 1306 2967 canonice
1353 2914 1708 2984 recepisset,
1752 2914 1898 2968 Ber-

224 3001 401 3073 gensi
434 3001 703 3055 coenobio
736 3006 959 3056 remota
1012 3002 1171 3056 omni
1202 3017 1335 3072 quae
1364 3018 1541 3056 manu
1585 3003 1733 3057 laica
1770 3004 1900 3057 ﬁeri

225 3091 404 3159 solet,
436 3090 805 3159 promotionc
825 3106 1093 3161 praeesse
1127 3092 1445 3146 concessit.

2003 1936 2238 2006 Hugoni
2271 1936 2474 1989 Diensi
2507 1936 2894 1989 ordinandum
2925 1936 3055 1989 sine
3088 1937 3364 1992 dilatione
3394 1941 3668 1996 ccenobio

2000 2024 2291 2095 Bergensi
2316 2024 2547 2078 direxit.
2584 2024 2690 2078 Cui
2710 2025 2941 2095 roganti
2958 2028 3250 2094 quatenus
3269 2026 3668 2098 alligationem

1999 2113 2267 2183 episcopi
2298 2113 2697 2167 Tervanensis
2718 2114 3194 2183 sibiresolveret,
3220 2115 3539 2171 cardinalis
3556 2117 3671 2173 tale

1995 2200 2183 2255 fertur
2216 2201 2458 2255 dedisse
2481 2216 2864 2271 responsum:
2905 2225 2925 2251 α
2964 2203 3162 2256 Debeo
3178 2219 3433 2273 pensare
3470 2206 3669 2276 potius

2004 2290 2126 2344 llati
2161 2305 2403 2344 causam
2422 2290 2710 2357 criminis,
2743 2305 2918 2359 quam
2951 2290 3233 2345 ultionem
3263 2292 3509 2362 injustaa
3538 2295 3670 2347 ani-

1996 2378 2453 2447 madversionis,
2505 2394 2612 2432 nec
2645 2379 2762 2432 ullo
2813 2378 2984 2432 modo
3033 2380 3186 2448 apud
3235 2381 3431 2449 ipsum
3470 2382 3667 2437 valere

2000 2468 2346 2521 sententiam
2391 2467 2897 2536 praecipitationis,
2932 2468 3032 2537 qui
3061 2469 3223 2522 novit
3248 2469 3449 2524 intime
3478 2487 3669 2541 quan-

1998 2562 2120 2611 tum
2150 2556 2447 2609 discernat
2478 2555 2609 2608 ﬁcta
2645 2556 2934 2609 damnatio
2968 2559 3263 2627 pastoris;
3297 2558 3518 2613 idcirco
3552 2575 3670 2614 non

2001 2660 2138 2699 esse
2152 2645 2394 2716 dignum
2417 2643 2974 2714 absolutione,quod
2995 2661 3107 2700 non
3137 2648 3513 2702 commiserat
3527 2664 3671 2718 qua-

1999 2733 2134 2787 litas
2165 2734 2375 2803 culpae,
2410 2733 2607 2787 valere
2629 2733 2698 2787 .in
2732 2748 2895 2803 pace,
2920 2749 3029 2787 nec
3059 2734 3308 2791 ulterius
3328 2752 3395 2791 se
3425 2737 3668 2792 credere

2004 2821 2295 2891 privatum
2323 2821 2647 2890 apostolica
2681 2823 3112 2877 communione.
3152 2843 3174 2873 υ

2072 2911 2309 2965 XXXV.
2329 2910 2755 2965 Benedictione
2769 2918 3007 2982 accepta
3019 2912 3259 2967 Romam
3266 2912 3674 2984 proﬁciscitur

2005 3016 2035 3053 a
2066 3015 2288 3054 summo
2314 2998 2593 3070 pontiﬁce
2614 2999 3069 3054 confirmandus.
3094 3032 3165 3039 —
3192 3000 3254 3054 Si
3273 3017 3416 3072 ergo
3430 3007 3672 3072 accepta

2004 3089 2430 3156 benedictione,
2484 3104 2616 3142 cum
2670 3089 2741 3142 ad
2787 3089 3113 3159 principem
3163 3093 3398 3159 peracto
3430 3091 3669 3162 negotio

297 3178 1732 3252 XXXII.Flectumconsecrarerenuitepiscopus
1754 3182 1900 3237 Ter-
1934 3178 2412 3270 Crepedassent,
2465 3178 2766 3232 Huhertus
2819 3177 3217 3233 Tervanensis
3276 3180 3347 3233 ab
3396 3195 3465 3235 eo
3512 3180 3670 3251 quod

228 3268 531 3322 vanensis.
565 3299 633 3307 —
665 3269 947 3323 Adierant
969 3269 1204 3323 interim
1235 3270 1472 3339 quidam
1499 3311 1512 3324 .
1535 3311 1547 3324 .
1570 3312 1583 3324 .
1623 3272 1894 3325 monachi

226 3357 480 3411 Huberti
511 3358 913 3413 Tervanensis
958 3360 1229 3428 episcopi
1284 3359 1573 3429 notitiam,
1616 3360 1715 3430 qui
1746 3361 1900 3415 sicut

222 3446 345 3515 ipsi
374 3447 496 3518 legi
516 3447 618 3500 Dei
642 3448 897 3519 subjecti
915 3447 1434 3517 ﬁeritimebant,ita
1461 3449 1618 3503 illius
1642 3451 1900 3504 animum

224 3535 587 3605 repellentes
617 3537 689 3591 ab
720 3537 1038 3592 intentione
1061 3538 1369 3608 principis,
1394 3541 1456 3593 ut
1486 3540 1899 3610 quoquomodo

227 3624 389 3694 quod
421 3624 733 3679 liberatum
766 3630 891 3680 erat
944 3629 1307 3697 cessaretur,
1343 3628 1613 3681 subdolis
1645 3629 1900 3684 molitio-

227 3713 410 3766 nibus
460 3714 790 3769 obstabant.
843 3714 1105 3780 Quorum
1148 3716 1643 3786 persuasionibus
1698 3731 1901 3771 aurem

228 3804 463 3872 patens,
498 3819 615 3857 non
644 3807 838 3857 tamen
868 3820 938 3858 eo
992 3806 1148 3875 quod
1182 3808 1386 3860 contra
1416 3792 1710 3875 justitiam
1741 3821 1901 3875 quae-

230 3890 479 3960 sierant,
513 3908 645 3946 cum
695 3893 1010 3962 plurimum
1069 3894 1388 3949 artiﬁciose
1418 3897 1766 3963 tentassent,
1813 3895 1903 3949 eis

230 3978 484 4049 profuit;
519 3982 791 4051 quoniam
830 3984 1131 4053 praedictae
1154 3986 1434 4039 matronae
1466 4001 1533 4039 ac
1564 3984 1903 4055 filiiprinci-

232 4069 413 4138 pis,si
446 4072 538 4125 vel
571 4072 684 4125 soli
712 4071 828 4126 sibi
859 4074 1195 4143 epiSCOpari
1226 4072 1904 4142 didicisset,inimicitias

233 4162 620 4229 comparavit.
655 4161 801 4214 Nam
849 4178 982 4216 cum
1025 4163 1237 4232 reliqui
1284 4163 1535 4218 fratrum
1579 4165 1905 4218 secundum

234 4251 467 4305 saneita
491 4265 782 4304 canonum
811 4251 881 4304 ad
914 4252 1308 4321 pontiﬁcalem
1342 4253 1543 4308 sedem
1559 4269 1909 4309 consecran-

232 4340 378 4412 dum
411 4338 661 4412 electum
691 4356 863 4394 suum
915 4341 1292 4408 obtulissent,
1327 4343 1455 4412 ipse
1503 4344 1715 4412 renuit,
1750 4346 1807 4397 et
1834 4358 1907 4396 ne

2004 3266 2195 3320 fuerat
2226 3282 2343 3321 non
2367 3269 2623 3321 mutatus
2646 3268 2704 3320 in
2744 3283 2850 3321 sua
2884 3268 3172 3321 sententia
3202 3268 3578 3339 perdurabat,
3612 3273 3675 3325 et

2006 3371 2157 3425 quos
2187 3358 2355 3409 antea
2386 3356 2636 3410 necdum
2654 3358 2997 3411 auctoritate
3021 3361 3189 3411 cauta
3210 3359 3492 3425 ﬁrmatos,
3515 3374 3673 3413 com-

2007 3444 2281 3498 munione
2310 3445 2665 3513 privaverat,
2696 3447 2868 3499 etiam
2916 3462 3073 3500 nunc
3102 3447 3490 3500 anathematis
3522 3462 3671 3518 ruga

2006 3535 2244 3603 propter
2275 3534 2366 3587 sui
2388 3533 2730 3604 despectum
2749 3534 2945 3589 acrius
2965 3536 3219 3590 notabat.
3238 3535 3460 3590 Videns
3479 3539 3672 3590 autem

2006 3623 2285 3692 princeps
2317 3622 2388 3676 ad
2422 3623 2902 3694 ingratitudinem
2932 3640 3101 3679 suam
3132 3639 3256 3678 rem
3276 3624 3468 3694 magis
3505 3639 3669 3679 com-

2009 3714 2252 3781 moveri,
2289 3713 2584 3785 cogitabat
2613 3713 2906 3783 quomodo
2940 3713 3212 3767 ecclesiae
3246 3712 3415 3767 fieret
3436 3713 3675 3767 consul-

2006 3805 2148 3869 tum,
2184 3818 2256 3856 ne
2288 3802 2360 3856 de
2390 3803 2676 3856 beneficio
2701 3803 3087 3856 ecclesiarum
3120 3817 3269 3871 quas
3292 3802 3350 3856 in
3372 3802 3674 3873 episcopio

2006 3891 2210 3960 plures
2232 3890 2491 3958 tenebat,
2524 3889 2781 3960 alicujus
2813 3890 3134 3944 amissione
3163 3906 3269 3960 pro
3287 3891 3399 3945 hac
3416 3892 3674 3945 vindicta

2010 3981 2337 4035 incurreret
2366 3979 2662 4033 damnum.
2695 3979 2964 4032 Accitum
2995 3979 3176 4049 igitur
3205 3979 3271 4032 L.
3315 3979 3676 4035 Sithiensem

2012 4069 2380 4137 canonicum,
2407 4068 2527 4139 qui,
2561 4073 2622 4121 ut
2643 4066 2768 4137 jam
2799 4066 3016 4121 dictum
3048 4072 3159 4135 est,
3184 4068 3243 4120 in
3267 4083 3440 4122 sacro
3460 4068 3674 4137 palatio

2010 4159 2164 4213 inter
2195 4157 2415 4227 primos
2448 4162 2623 4211 notus
2654 4158 2800 4225 erat,
2834 4158 3006 4225 atque
3036 4156 3303 4210 nuntium
3346 4156 3462 4211 sibi
3503 4156 3680 4227 quasi

2012 4263 2122 4302 suo
2154 4247 2487 4316 responsali
2514 4246 2782 4300 eumdem
2815 4245 3085 4299 abbatem
3114 4245 3357 4298 Romam
3390 4245 3502 4299 sub
3518 4245 3674 4299 cele-

2012 4337 2182 4390 ritate
2215 4336 2403 4403 mittit,
2438 4338 2494 4389 et
2516 4352 2547 4389 a
2579 4336 2794 4390 domno
2824 4333 3110 4405 Gregorio
3150 4349 3299 4404 papa
3330 4333 3520 4388 eidem
3552 4350 3676 4389 coe-

231 4408 793 4482 sibisuffragantem
810 4408 1908 4485 ecclesiamtaliselectusopprimeret,
1938 4456 1987 4510 Ι)
2013 4426 2190 4480 nobio
2242 4424 2648 4479 ﬁrmissimum
2696 4422 3071 4494 privilegium
3116 4425 3321 4477 contra
3351 4438 3558 4478 omnes
3596 4423 3678 4476 im

232 4499 397 4571 quod
427 4514 576 4553 suus
608 4515 723 4554 non
758 4504 939 4570 esset,
972 4500 1108 4555 viva
1137 4517 1285 4556 voce
1315 4502 1636 4557 interdixit.

306 4588 579 4643 XXXIII.
610 4589 692 4642 Et
716 4591 980 4660 priorem
1012 4608 1138 4645 cum
1158 4592 1284 4662 ipso
1315 4591 1503 4647 electo
1516 4593 1911 4647 excommuni-

232 4684 354 4733 εει.
386 4708 458 4716 —
486 4676 583 4731 Sic
629 4678 969 4748 imperfecto
1030 4697 1134 4749 pro
1180 4697 1295 4751 quo
1345 4681 1530 4736 ierant
1560 4682 1799 4752 negotio
1839 4683 1911 4737 ad

234 4767 653 4821 contumeliam
686 4768 989 4838 principis,
1024 4770 1317 4839 turpitera
1349 4771 1624 4825 sessione
1643 4788 1750 4825 sua
1782 4771 1909 4826 vel-

233 4858 303 4910 ut
338 4871 601 4926 nugaces
632 4857 850 4927 abegit,
883 4873 950 4911 ac
982 4858 1209 4913 derisui
1259 4860 1492 4913 habitos
1547 4861 1740 4915 redire
1772 4878 1910 4929 per-

236 4945 424 4999 misit.
472 4944 595 4998 Nec
634 4946 826 5000 adhuc
861 4947 1099 5016 quidem
1144 4964 1405 5018 pensans
1458 4949 1615 5019 quod
1665 4952 1910 5005 eatenus

236 5034 528 5088 animisni
563 5038 779 5088 motum
801 5037 918 5088 tam
949 5037 1384 5091 inconsiderate
1417 5037 1634 5093 fuisset
1664 5053 1912 5093 exsecu-

236 5126 360 5191 tus,
394 5123 510 5192 ipsi
540 5122 725 5177 electo
786 5124 960 5177 simul
993 5128 1048 5178 et
1081 5126 1269 5195 priori
1316 5130 1523 5181 nostro
1558 5127 1658 5197 qui
1708 5143 1911 5181 secum

236 5214 507 5279 venerat,
543 5212 695 5282 quod
725 5213 810 5266 rei
843 5212 1023 5284 hujus
1055 5214 1430 5269 consiliarius
1455 5216 1782 5284 videbatur,
1807 5232 1911 5285 pro

239 5300 657 5355 benedictione
675 5317 847 5372 quam
862 5302 1170 5372 petierant,
1187 5302 1658 5359 maledictionem
1675 5306 1915 5359 anathe-

242 5451 691 5527 Manassestde
722 5469 838 5524 quo
868 5453 927 5508 in
969 5454 1328 5527 Necrologio
1360 5454 1419 5527 Sit
1470 5456 1729 5527 Agirici:
1769 5456 1916 5511 obiit

256 5523 303 5598 V
307 5523 422 5598 cal.
431 5523 582 5598 .‘l_laii
595 5524 691 5577 Ma
700 5523 1105 5598 nassesabbas
1120 5523 1916 5598 emnbbiiBerg'ensisQuem

245 5595 421 5649 etiam
436 5594 806 5667 Ermengero
828 5597 1025 5651 abbati
1040 5596 1350 5652 suffectum
1369 5594 1559 5652 fuisse
1573 5600 1916 5655 auctoritate

244 5666 505 5740 comitis,
540 5666 716 5740 cujus
736 5670 863 5724 erat
893 5670 1399 5745 consanguineus,
1418 5670 1629 5726 scribit
1653 5671 1915 5731 Joannes

2014 4514 2335 4568 missiones
2366 4518 2422 4568 et
2452 4513 2727 4584 angarias
2759 4512 3108 4582 impetravit,
3170 4512 3327 4582 quod
3357 4528 3473 4567 non
3496 4510 3677 4566 multo

2013 4607 2149 4675 post
2179 4603 2448 4657 incendio
2481 4619 2612 4657 cum
2660 4604 2790 4671 ipsa
2821 4602 3076 4655 ecclesia
3114 4600 3391 4655 Simoniae
3421 4600 3680 4655 intrandi

2014 4695 2255 4749 limitem
2288 4692 2707 4747 miserabiliter
2723 4690 3028 4761 patefecit;
3050 4690 3155 4745 sed
3178 4691 3314 4761 quia
3335 4690 3491 4761 quod
3521 4691 3580 4744 id
3601 4690 3679 4744 ita

2015 4783 2279 4839 evenerit
2308 4782 2655 4852 compendio
2684 4780 3011 4851 perstringi
3051 4796 3167 4835 non
3215 4780 3420 4849 potuit,
3466 4795 3575 4834 nec
3604 4780 3678 4833 ad

2016 4888 2287 4943 praesens
2300 4871 2597 4944 negotium
2616 4870 2885 4941 pertinet,
2913 4869 3124 4923 melius
3138 4869 3271 4923 inde
3291 4868 3682 4938 superseden-

2016 4962 2153 5017 dum
2186 4962 2311 5016 fore
2342 4964 2526 5030 ratus,
2552 4960 2906 5029 dispositum
2939 4957 3291 5012 narrationis
3333 4956 3677 5029 aggredior.

2086 5051 2353 5105 XXXVI.
2392 5050 2613 5105 Gravis
2644 5050 2806 5116 im‘er
2829 5048 3159 5119 principem
3191 5044 3680 5100 F1andr.etTer-

2023 5158 2152 5195 van.
2189 5141 2522 5210 episcOpnm
2555 5137 2877 5192 discordia.
2909 5167 2981 5174 ——
3012 5136 3119 5189 His
3151 5134 3343 5189 adhuc
3375 5135 3679 5190 Hubertus

2017 5229 2422 5283 Tervanensis
2453 5245 2485 5281 a
2510 5229 2770 5282 Romana
2788 5224 3058 5280 Ecclesia
3078 5225 3343 5294 repudiis
3376 5241 3493 5279 non
3516 5239 3681 5279 coer-

2020 5319 2333 5385 citus,cum
2366 5321 2421 5370 et
2451 5316 2738 5384 abbatem,
2764 5318 2827 5368 ut
2858 5313 3075 5368 dictum
3108 5315 3219 5382 est,
3253 5312 3585 5368 ordinatum
3613 5328 3683 5368 ac

2022 5471 2249 5539 Iperius
2307 5482 2506 5537 supra.
2560 5467 2756 5539 Itaque
2814 5468 2914 5520 aut
2982 5464 3268 5539 memoria
3325 5464 3682 5539 lapsus_est

2022 5533 2226 5623 auctor
2255 5533 2816 5611 sive-amanuensis,
2852 5540 2950 5593 aut
2985 5536 3299 5593 Manasses
3331 5533 3446 5593 duo
3477 5533 3682 5590 habuit

2021 5629 2274 5670 nomina.
