4084 6186
487 310 641 372 1531

464 505 841 578 privilegium
874 502 990 557 sibi
1021 502 1316 555 firmatum
1345 498 1600 569 videret;
1635 515 1768 554 cum
1798 500 1969 553 etiam
1989 515 2124 553 cas-

464 601 649 652 satam
706 592 1121 664 obligationem
1179 589 1585 658 anathematis,
1645 604 1818 659 quam
1876 588 1991 642 sibi
2048 605 2116 642 ac

463 686 646 757 priori
694 685 898 737 nostro
952 681 1264 747 indixerat,
1307 678 1690 731 nihilominus
1748 677 2122 748 intelligeret,

464 775 601 847 quid
633 776 852 845 ageret,
888 786 1003 841 quo
1034 785 1100 823 se
1122 771 1398 835 verteret,
1436 767 1644 820 anxius
1689 782 1906 834 pavore
1942 766 2126 819 dissi-

466 864 750 925 mulabat;
784 863 859 928 et,
880 858 1152 931 quamvis
1185 857 1421 911 sibimet
1443 858 1864 924 suspectus,ne
1896 853 2125 908 adaﬁ‘e-

464 955 621 1006 etum
651 950 738 1005 rei
761 949 1143 1020 pertingeret,
1175 947 1359 999 semel
1391 949 1583 998 tamen
1614 945 1931 1014 incoeptum
1962 944 2127 997 inve-

465 1040 724 1095 recunda
754 1036 1145 1092 eumulatione
1176 1034 1445 1105 urgebat.
1481 1033 1598 1087 Sed
1624 1036 1679 1086 et
1708 1032 1984 1103 princeps
2014 1031 2125 1085 hac

466 1129 671 1184 eadem
698 1126 771 1181 ab
804 1126 891 1180 eis
924 1124 1235 1179 occasione
1255 1126 1553 1192 suscepta,
1579 1123 1680 1192 qui
1711 1121 1781 1175 ad
1796 1120 2124 1175 cardinales

468 1222 524 1274 et
553 1219 797 1271 Romam
823 1215 1031 1283 ierant,
1056 1214 1173 1268 sibi
1203 1228 1320 1266 non
1351 1212 1642 1282 prodesse
1660 1209 1959 1281 judicans,
1993 1225 2126 1281 qua:

465 1307 583 1360 illis
613 1304 921 1358 interdicta
965 1319 1082 1357 non
1114 1302 1337 1370 eberat,
1390 1300 1860 1372 communionem
1910 1297 2042 1369 ejus
2072 1301 2129 1352 et

462 1410 570 1466 per
590 1409 657 1449 se
689 1395 745 1448 et
772 1407 878 1462 per
907 1388 1462 1462 responsaleslsuos
1491 1388 1845 1443 unanimiter
1864 1387 2125 1442 declina-

462 1484 580 1552 bat,
601 1486 775 1551 atque
788 1481 898 1534 hac
915 1480 985 1534 de
999 1496 1176 1534 causa
1195 1479 1403 1550 majori
1418 1478 1552 1533 odio
1576 1478 1832 1547 priorem
1858 1479 2127 1529 nostrum

464 1570 899 1626 insectabatur:
934 1568 1093 1640 quod
1114 1568 1341 1621 initium
1369 1568 1549 1621 totius
1593 1565 1921 1634 absumptae
1962 1564 2127 1634 pacis

464 1660 617 1714 inter
635 1675 700 1712 se
731 1674 798 1712 ac
825 1657 1151 1728 principem
1182 1656 1253 1710 ab
1284 1656 1414 1724 ipso
1448 1655 1714 1708 crevisse
1746 1654 1908 1707 illum
1938 1653 2127 1707 nutri-

467 1753 727 1803 mentum
749 1746 1088 1815 discordiae,
1122 1745 1352 1800 obicem
1383 1742 1905 1810 reconciliationis,
1954 1746 2127 1812 atque

466 1835 910 1908 depositoribus
934 1835 1063 1889 suis
1087 1833 1428 1901 conspirare
1461 1832 1833 1885 causabatur.
1879 1830 2128 1884 Tantum

464 1927 537 1980 ad
559 1926 672 1979 hoc
704 1924 941 1978 invidiae
964 1922 1217 1991 pondus,
1248 1920 1422 1974 nobis
1437 1919 1927 1988 superinducens,
1945 1934 2126 1989 quan-

465 2015 775 2084 docunque
806 2027 1062 2082 unquam
1103 2010 1517 2064 observatione
1565 2011 1811 2078 poterat,
1855 2008 2127 2063 ecclesiae

465 2104 687 2157 nostra:
720 2100 977 2171 quotidie
1026 2115 1152 2153 suae
1184 2097 1573 2167 improbitatis
1618 2096 1955 2151 intentabat.
2001 2097 2126 2151 Nos

465 2194 661 2246 autem
688 2191 927 2244 econtra
941 2187 1030 2240 vel
1048 2187 1320 2239 minimas
1338 2187 1689 2239 occasiones
1703 2185 1953 2240 nocendi
1969 2186 2128 2239 omni

468 2279 713 2347 cautela,
746 2292 819 2331 ne
842 2275 1057 2331 alicubi
1079 2275 1436 2344 adhaereret,
1466 2274 1937 2344 amputabamus,
1970 2279 2033 2328 ut
2053 2289 2127 2328 ne

463 2368 699 2439 quidem
722 2366 905 2437 priori
928 2368 1154 2434 nostro,
1188 2364 1344 2434 quod
1376 2363 1449 2417 ab
1499 2363 1595 2417 illo
1626 2363 1973 2417 interdictus
2006 2366 2130 2416 erat

465 2458 596 2512 sine
628 2472 829 2527 causa,
865 2470 996 2510 cum
1018 2456 1212 2508 tamen
1243 2453 1489 2507 honeste
1521 2452 1579 2506 id
1608 2452 1833 2521 liceret,
1861 2467 2127 2506 commu-

463 2547 661 2600 nicare
671 2561 820 2599 mus.

532 2633 1015 2688 XXXVII.Prior
1026 2632 1102 2687 ad
1112 2630 1436 2686 sedandum
1450 2630 1778 2701 episcopum
1794 2629 2126 2700 prioratum

462 2730 670 2796 sponte
688 2723 945 2777 abdicat.
961 2720 1156 2775 —Sed
1171 2720 1309 2774 dum
1326 2719 1641 2773 adversum
1662 2720 1919 2772 animum
1941 2718 2122 2788 illius,

462 2829 581 2868 non
595 2810 949 2881 obsequium
969 2825 1084 2864 non
1098 2808 1363 2863 officiosa
1381 2808 1708 2878 frequentia
1722 2808 1881 2860 nulla
1890 2807 2124 2861 tandem

459 2901 607 2956 ratio
638 2901 811 2955 nobis
841 2899 1087 2952 delinire
1109 2898 1357 2967 valeret;
1377 2896 1706 2950 veritineid
1726 2897 1876 2950 idem
1896 2912 2122 2966 paucu-

461 2992 583 3045 lum
596 2989 750 3061 quod
765 2988 983 3042 habere
996 2986 1343 3041 videbamur
1362 2986 1423 3038 in
1433 2986 1631 3056 aliquo
1644 2985 2124 3039 damnifiCaretur

460 3081 576 3148 vel,
607 3078 766 3150 quod
796 3076 1147 3148 majuserat,
1175 3074 1269 3129 his
1284 3074 1681 3128 simultatibus
1700 3073 1867 3128 locus
1886 3075 2123 3129 omnino

459 3168 849 3236 desolaretur,
885 3164 1180 3220 communi
1199 3164 1468 3218 consulto
1487 3164 1545 3216 in
1577 3162 1688 3217 hoc
1711 3164 2119 3233 convenimus,

459 3254 1109 3330 quatenus,secundum
1127 3253 1440 3307 consilium
1459 3251 1657 3306 domni
1670 3251 1945 3323 Gregorii
1958 3268 2123 3323 papas

460 3346 754 3417 VII,prior
782 3348 987 3401 noster
1014 3342 1418 3414 praelationem
1447 3341 1840 3411 redderet,ne,
1879 3341 1933 3395 si
1951 3343 2123 3396 resin

456 3435 944 3508 perniciosiorem
967 3436 1190 3504 partem
1218 3431 1503 3500 tenderet,
1538 3430 1630 3484 vel
1656 3430 2019 3485 dissidentes
2048 3431 2123 3485 ad

456 3524 711 3579 invicem
741 3523 999 3593 majores
1030 3534 1304 3591 personae
1336 3517 1828 3588 eonfcederarent,
1850 3535 1960 3574 nos
1992 3519 2119 3574 dis-

456 3613 716 3668 simulati
746 3613 1156 3682 plecteremur,
1200 3609 1355 3680 quod
1379 3617 1622 3664 eatenus
1645 3610 1796 3663 inter
1818 3623 1885 3662 se
1906 3609 2118 3664 divites

457 3701 723 3771 improbe
755 3700 1129 3753 délirassent.
1165 3698 1459 3753 lndixerat
1487 3699 1641 3752 enim
1670 3698 1988 3771 jamdictus
2028 3699 2121 3753 vir

455 3788 880 3856 memorabilis,
914 3791 1035 3842 tum
1075 3788 1272 3843 audito
1304 3788 1543 3842 introitu
1573 3788 1729 3842 illius
1761 3793 1934 3860 atque
1956 3788 2116 3844 ordi-

456 3894 550 3947 ne,
582 3878 656 3932 ad
676 3894 787 3932 nos
841 3877 1142 3932 nuntiandi
1173 3879 1527 3948 scriptorum
1559 3884 1803 3934 suorum
1841 3880 2115 3950 paginam

454 3968 775 4038 apostolica
800 3967 1067 4022 libertate
1098 3966 1432 4021 roboratam
1462 3969 1733 4023 ecclesiae
1766 3972 1985 4024 nostrae
2016 3970 2115 4024 de-

453 4058 697 4129 legaret,
740 4060 1032 4128 quatenus
1083 4055 1444 4128 suffragante
1493 4073 1560 4112 se
1591 4058 1744 4129 apud
1773 4062 2113 4114 memoriam

453 4148 874 4219 apostolorum,
907 4147 978 4201 ad
1014 4149 1246 4217 tempus
1276 4148 1590 4202 ecclesiam
1648 4151 1900 4220 regeret,
1934 4151 2113 4220 utque

449 4239 734 4291 rationem
762 4237 879 4291 dati
927 4239 983 4291 et
1012 4238 1234 4306 accepti
1290 4253 1395 4307 pro
1426 4254 1493 4292 ea
1538 4238 1775 4291 omnino
1824 4253 2112 4294 excusare

450 4342 567 4381 non
598 4330 841 4396 poterat,
872 4326 1009 4380 dum
1030 4327 1300 4380 idoneam
1319 4341 1637 4396 personam
1667 4328 1827 4381 Deus
1857 4327 1988 4382 loco
2022 4330 2113 4382 at-

453 4416 753 4486 tribueret,
779 4432 911 4487 quae
934 4419 1138 4485 posset
1158 4431 1357 4470 curam
1369 4432 1602 4471 omnem
1624 4432 1822 4488 agere,
1844 4417 2111 4487 deposito

450 4504 739 4576 regimine
771 4505 921 4559 hanc
954 4505 1013 4558 in
1043 4521 1153 4559 suo
1179 4505 1309 4559 loco
1343 4505 1677 4577 subrogare
1696 4521 1813 4559 non
1831 4505 2109 4559 differret:

448 4592 578 4663 ipse
608 4597 800 4648 autem
835 4609 1056 4647 vacans
1095 4610 1128 4647 a
1170 4593 1529 4663 praelationis
1571 4595 1813 4664 honore,
1862 4594 1916 4648 ei
1937 4610 2112 4666 quem

450 4697 560 4736 sua
600 4685 657 4736 et
705 4682 952 4736 fratrum
984 4683 1268 4737 electione
1319 4684 1666 4754 praeficeret,
1708 4700 1814 4753 pro
1845 4685 2113 4755 omnipo-

446 4771 626 4825 tentis
658 4771 766 4825 Dei
793 4771 1002 4824 timore
1034 4772 1379 4842 suppositus
1411 4775 1468 4827 et
1498 4773 1782 4827 obediens
1814 4773 1871 4826 in
1904 4774 2111 4828 eodem

454 4861 661 4915 ordine
691 4863 1081 4931 permaneret.

518 4949 834 5004 XXXVIII.
870 4948 1019 5021 Eius
1046 4950 1375 5005 cessionem
1397 4951 1716 5006 admittere
1746 4950 1953 5006 differt
1983 4952 2108 5022 epi-

448 5054 677 5110 scOpus.
708 5069 781 5079 —-
808 5038 919 5103 Qui
948 5038 1221 5094 videlicet
1250 5041 1462 5096 timore
1493 5041 1712 5111 cordis,
1747 5042 1818 5096 de
1876 5042 2110 5096 nomine

448 5126 693 5182 honoris
725 5127 921 5183 afferri
952 5144 1070 5183 non
1099 5132 1403 5200 appetens,
1437 5131 1727 5199 privatum
1756 5131 2112 5185 vocabulum

449 5230 679 5269 summa
700 5233 833 5271 cum
856 5218 1165 5273 devotione
1198 5234 1264 5272 se
1282 5219 1433 5273 velle
1457 5220 1659 5273 subire
1677 5220 1898 5289 annuit,
1933 5223 2106 5290 atque

449 5319 690 5359 causam
736 5307 982 5375 periculi
1042 5308 1400 5362 imminentis
1449 5310 1730 5377 amoveri,
1790 5309 1861 5364 de
1907 5309 2108 5379 seipse

517 5445 824 5521 (14)_Obiit
850 5455 1044 5521 autem
1087 5449 1373 5506 Olfridusi
1400 5450 1703 5520 [Gandavi,
1751 5452 2022 5521 sepultus
2051 5450 2112 5505 in

443 5518 829 5579 Blandinensi
863 5518 921 5574 S.
968 5523 1131 5576 Petri
1183 5518 1561 5587 monasterio,
1611 5527 1673 5577 ut
1692 5518 1991 5578 discimus
2041 5538 2113 5576 ex

443 5592 695 5653 Hariulii
718 5590 870 5665 libro
904 5592 987 5647 De
1006 5594 1324 5665 miraculis
1354 5595 1415 5649 S.
1462 5594 1723 5649 Richarii
1765 5610 1892 5665 cap.
1928 5595 1977 5649 1.
2011 5594 2113 5649 ubi

443 5667 658 5727 dicitur
694 5663 791 5723 Vir
819 5662 1255 5739 sanctissimus,
1268 5665 1645 5740 referturque
1663 5665 1736 5722 de
1751 5662 1910 5723 illius
1923 5666 2113 5741 gloria

1498 298 1872 364 EBRARDI
1918 298 2457 364 WATINENSIS
2504 300 2908 364 CANONICI

3710 312 3827 374 1532

2157 484 2193 540 ’κ
2236 499 2423 567 aiens,
2450 500 2883 572 benignissime
2914 502 3199 558 decrevit.
3234 504 3420 559 Missa
3448 506 3615 577 igitur
3640 511 3829 581 scriptis

2238 589 2630 657 postulatione
2686 590 2758 643 ad
2809 592 3078 646 eumdem
3129 593 3579 665 Tervanensem,
3625 603 3672 652 et
3702 601 3831 671 juxta

2238 677 2403 731 datas
2436 678 2703 732 inducias
2735 695 2767 732 a
2801 680 3011 734 domno
3030 680 3317 753 Gregorio
3330 699 3497 753 papa,
3519 701 3583 739 eo
3600 689 3830 758 regimine

2238 771 2571 835 recusante,
2605 768 2742 821 dum
2774 768 2903 823 loco
2935 768 3092 824 illius
3133 771 3309 824 alium
3340 772 3658 843 eligendum
3696 779 3832 832 nobis

2241 855 2548 923 praaﬁeere
2579 859 2935 925 peteremus,
2970 873 3077 928 pro
3108 860 3405 914 voluntate
3432 877 3539 915 sua
3567 862 3771 933 distulit,
3790 871 3831 920 et

2240 943 2312 996 ad
2360 943 2566 997 horam
2624 945 2896 999 ecclesiae
2932 948 3287 1001 renuntianti
3331 949 3629 1005 consulere
3670 953 3830 1009 noluit.

2239 1030 2495 1086 Cuvebat
2522 1033 2676 1086 enim
2707 1034 2766 1087 in
2798 1034 2929 1102 hoc,
2963 1051 3035 1090 ne
3067 1037 3241 1106 quasi
3290 1042 3492 1092 contra
3520 1038 3828 1106 fornicarios,

2240 1120 2509 1174 eumdem
2541 1121 2758 1192 quibus
2789 1123 2918 1193 ipse
2949 1125 3426 1194 patrocinabatur
3454 1127 3771 1184 infestiorem
3792 1139 3831 1185 et

2236 1209 2612 1263 audaciorem
2644 1212 2938 1279 redderet,
2962 1215 3014 1266 si
3035 1213 3369 1269 absolutum
3389 1215 3727 1286 subjectione
3750 1236 3833 1275 asc

2236 1302 2589 1367 removeret,
2625 1315 2777 1371 quos
2808 1302 3105 1357 multoties
3137 1304 3512 1359 continentiae
3532 1305 3643 1360 zelo
3671 1322 3831 1362 severa

2245 1388 2617 1457 correptione
2649 1389 3012 1444 confuderat.

2313 1476 2580 1530 XXXIX.
2609 1477 2879 1549 Eligitur
2908 1494 3094 1534 novus
3115 1480 3306 1551 prior.
3338 1466 3409 1520 4-
3435 1480 3558 1545 Qua
3599 1482 3834 1537 dilationis

2242 1579 2421 1617 causa
2443 1567 2697 1636 cognita,
2728 1566 2806 1618 nil
2839 1567 2988 1620 ultra
3020 1569 3317 1637 remorati,
3349 1570 3595 1623 electum
3624 1576 3837 1626 nostrum

2234 1652 2523 1721 fecimus;
2558 1657 2769 1708 etcum
2803 1655 2930 1709 sedi
2955 1656 3272 1724 pontificali
3295 1659 3491 1727 ipsum
3521 1659 3839 1728 prim-noster

2236 1741 2572 1810 obtulisset,
2596 1743 2997 1812 praelationem
3031 1745 3301 1811 reddidit,
3334 1750 3391 1799 et
3420 1746 3654 1800 electam
3669 1764 3836 1817 perso-

2148 1851 2198 1915 B
2235 1845 2369 1882 nam
2418 1830 2654 1884 sibimet
2702 1832 2982 1885 incolumi
3011 1835 3073 1886 ut
3103 1834 3453 1890 succederet
3492 1836 3640 1890 omni
3674 1837 3836 1907 digna-

2230 1919 2388 1973 tione
2420 1920 2821 1989 praeordinare
2852 1919 3011 1991 fecit,
3046 1937 3184 1976 sese
3216 1922 3275 1976 in
3322 1923 3545 1978 Christi
3573 1925 3837 1995 discipula-

2231 2010 2353 2061 tum
2387 2008 2440 2061 ei
2471 2009 2626 2062 omni
2659 2008 2988 2062 obedientia
3019 2009 3297 2081 subjecit.
3331 2012 3459 2066 Nos
3505 2029 3636 2067 vero
3670 2016 3834 2067 tantam

2234 2095 2579 2150 humilitatis
2613 2098 2859 2169 gratiam
2888 2099 2947 2151 in
2980 2113 3050 2152 eo
3078 2101 3360 2167 venerati,
3386 2101 3573 2155 Deum
3602 2102 3837 2172 gloriﬁca-

2235 2185 2466 2255 bamus,
2518 2186 2653 2256 quia
2710 2186 2868 2240 sicut
2893 2187 2953 2240 in
2983 2186 3333 2242 allevatione
3383 2190 3707 2243 monasterii
3743 2191 3841 2243 sine

2239 2275 2388 2329 falsa
2419 2274 2608 2346 gloria
2652 2274 2972 2329 subnixum
3010 2292 3117 2346 per
3142 2277 3346 2347 plures
3404 2293 3593 2332 annos
3620 2279 3840 2341 vidimus;

2234 2362 2315 2415 ita
2332 2364 2461 2416 sine
2491 2378 2745 2418 moerere
2776 2363 3029 2433 depositi
3051 2363 3326 2418 culminis
3349 2367 3566 2419 mentis
3593 2367 3844 2420 rectitudi-

2235 2466 2371 2505 nem
2419 2452 2826 2521 aequanimiter
2881 2453 3203 2507 retinuisse
3261 2455 3663 2525 cognovimus.
3707 2454 3846 2522 Nam,

2236 2540 2391 2594 sicut
2403 2544 2573 2594 antea
2586 2540 3457 2613 communelegumem,fercula
3477 2560 3589 2598 non
3602 2544 3844 2615 digniora,

2235 2643 2353 2683 non
2383 2629 2772 2700 archipisces,
2793 2645 2909 2684 non
2932 2630 3356 2702 archigallinaa,
3382 2648 3503 2686 non
3536 2632 3848 2686 ambitiosior

2234 2718 2443 2786 vestis,
2477 2733 2596 2772 non
2629 2723 2850 2773 stratus
2877 2718 3129 2788 mollior,
3164 2718 3351 2774 fulcra
3379 2737 3500 2776 non
3532 2721 3845 2775 altiusstrata

2235 2807 2491 2859 animum
2551 2807 2906 2877 extulerant;
2949 2808 3028 2861 ita
3066 2824 3184 2862 non
3231 2811 3593 2865 amissorum
3636 2810 3845 2879 suspiria

2235 2895 2701 2963 commovebant,
2744 2897 2880 2967 quia
2911 2898 3104 2951 omnia
3135 2898 3347 2968 aequali
3380 2900 3685 2953 nobiscum
3714 2914 3845 2953 men-

2234 3000 2395 3054 sura,
2430 2987 2493 3038 ut
2524 2985 2686 3054 prior
2717 2984 2805 3038 sic
2836 2989 2893 3039 et
2919 2985 3185 3056 privatus
3217 2988 3479 3057 quandiu
3502 2989 3654 3057 vixit,
3681 2992 3845 3057 postea

2233 3075 2473 3143 recepit.

2302 3163 2427 3216 XL.
2467 3192 2537 3202 —
2589 3163 2850 3234 Reliquit
2904 3163 3058 3218 hanc
3105 3166 3552 3220 memorabilem
3608 3166 3844 3220 hactenus

2231 3253 2382 3325 apud
2404 3267 2516 3307 nos
2546 3252 2967 3306 moderationis
2989 3252 3257 3324 formam,
3294 3254 3516 3325 duplici
3548 3256 3751 3309 scilicet
3776 3270 3846 3308 or-

2230 3343 2386 3397 dinis
2418 3341 2726 3396 dulcedine
2754 3341 3165 3412 conditam,uti
3186 3359 3260 3398 ne
3279 3344 3335 3396 in
3365 3344 3845 3417 magisteriigradu

2231 3433 2302 3487 ab
2333 3431 2498 3486 initio
2528 3431 3483 3504 quamquamelevetdignitas,vel
3501 3432 3844 3504 subjectionis

2230 3521 2289 3575 in
2339 3525 2495 3575 statu
2518 3523 2795 3591 positum,
2855 3522 3199 3577 ascendenti
3229 3523 3549 3593 cupiditate
3596 3522 3846 3577 humilitas

2230 3615 2457 3684 gravet.
2490 3611 2686 3665 Voluit
2732 3612 2887 3666 enim
2918 3612 3008 3667 sic
3053 3627 3323 3682 praeesse
3371 3614 3513 3667 dum
3556 3612 3783 3683 praefuit.
3803 3614 3849 3663 ut

2229 3704 2509 3773 quantum
2540 3699 2731 3771 gradu
2762 3701 3035 3770 superior
3070 3702 3389 3772 apparebat
3409 3703 3473 3755 in
3519 3702 3729 3766 ordine,
3750 3705 3847 3753 tan-

2229 3793 2351 3844 tum
2383 3789 2478 3843 sui
2527 3789 2873 3859 despectum
2928 3793 3163 3860 gereret
3215 3791 3275 3843 in
3325 3790 3669 3844 humilitate.
3700 3793 3847 3858 Atque

2227 3879 2361 3935 ideo
2417 3878 2645 3949 absque
2699 3878 3100 3949 indignatione
3150 3880 3405 3934 subesse
3456 3881 3660 3950 potuit,
3714 3892 3847 3949 quem

2225 3968 2400 4040 paulo
2450 3972 2582 4022 ante
2630 3969 2689 4021 in
2725 3967 2950 4023 honore
2998 3968 3258 4038 positum
3305 3971 3526 4024 mentis
3567 3970 3727 4023 elatio
3761 3980 3846 4019 non

2227 4066 2440 4133 evexit,
2486 4064 2623 4134 quia
2652 4060 2803 4115 unde
2835 4060 3022 4131 major
3061 4060 3122 4113 in
3144 4059 3425 4131 dignitate
3459 4075 3531 4113 se
3554 4057 3747 4113 eiferre
3773 4069 3851 4110 no-

2227 4155 2351 4225 luit,
2372 4154 2505 4208 inde
2536 4153 2860 4206 minoratus
2890 4151 2951 4203 in
2993 4150 3295 4203 moderata
3339 4149 3758 4204 consuetudine
3776 4159 3847 4197 re-

2226 4257 2493 4309 manens,
2528 4238 2860 4309 discipulus
2893 4252 3031 4291 esse
3063 4252 3182 4290 non
3212 4236 3589 4305 contempsit.

2292 4330 2442 4385 XLI.
2477 4360 2546 4369 —
2579 4327 2752 4382 Rexit
2801 4330 2994 4381 autem
3050 4326 3364 4379 ecclesiam
3408 4325 3486 4378 ab
3520 4341 3591 4379 eo
3620 4339 3727 4395 quo
3754 4334 3846 4374 eam

2224 4420 2493 4474 fundavit
2521 4433 2673 4472 anno
2705 4416 2804 4487 qui
2834 4420 2926 4470 est
2953 4416 3026 4470 ab
3056 4415 3464 4470 Incarnatione
3497 4413 3715 4467 Christi
3744 4405 3847 4463 107?.

2223 4512 2448 4579 septem
2481 4506 2993 4575 annis,mensibus
3026 4504 3397 4574 octo,diebus
3430 4520 3568 4573 sex,
3593 4504 3652 4555 in
3677 4499 3848 4571 quibus

2143 4574 2197 4638 D
2222 4601 2470 4668 quantas
2502 4595 2833 4650 invidorum
2847 4595 3232 4665 pervasiones
3248 4593 3707 4661 sustinuerit,ex
3726 4590 3849 4658 parte

2222 4686 2611 4758 digessimus,
2643 4684 2780 4755 quia
2811 4683 3028 4755 quibus
3056 4683 3115 4736 in
3144 4682 3485 4753 quotidiano
3513 4696 3662 4750 pene
3679 4674 3847 4732 discri-

2224 4776 2378 4830 mine
2410 4772 2952 4844 perturbationibus
2985 4774 3226 4843 propter
3255 4770 3437 4825 divini
3468 4769 3639 4824 verbi
3664 4767 3855 4833 dispen-

2233 4864 2521 4919 sationem
2554 4864 2631 4917 sit
2660 4862 2888 4931 allisus,
2920 4861 3212 4932 prolixum
3264 4863 3469 4914 notare
3500 4859 3781 4913 duximus.
3807 4852 3852 4903 In

2228 4968 2343 5024 quo
2366 4953 2833 5023 ipsiustempore
2848 4950 3124 5022 quae)on
3148 4953 3351 5004 nostro
3374 4964 3484 5019 per
3528 4945 3853 5018 largitionem

2232 5042 2347 5096 sint
2387 5041 2637 5109 donatae,
2658 5039 3183 5110 percompendium
3205 5041 3396 5092 terras
3417 5043 3690 5107 repetere
3710 5029 3851 5091 nolui.

2232 5135 2292 5185 ut
2320 5129 2649 5185 fastidiosis
2678 5128 2904 5198 absque
2935 5128 3277 5199 gravamine
3294 5127 3370 5180 sit
3393 5114 3853 5197 cognitum,quod

2232 5221 2302 5274 de
2342 5218 2633 5288 superiori
2669 5219 2916 5270 tractatu
2946 5214 3671 5288 singulisexceptionibus
3699 5205 3857 5278 requi-

2230 5324 2362 5364 rere
2390 5308 2558 5362 ﬁeret
2586 5321 2907 5362 onerosum
2936 5305 3069 5377 (14).

2149 3209 2206 3280 c

2223 5450 2526 5506 revelatio.
2541 5448 2973 5504 Successorem
2986 5461 3129 5502 vero
3150 5446 3354 5501 habuit
3370 5444 3727 5499 Bernoldum
3738 5450 3857 5515 pret:

2221 5524 2499 5594 positum,
2535 5521 2631 5592 qui
2663 5536 2816 5594 anno
2868 5519 3003 5594 1087
3036 5518 3297 5594 interfuit
3348 5516 3662 5587 exsequiis
3704 5511 3855 5594 sancti

2220 5583 2449 5649 Ἀναυιῆ
2462 5583 2923 5647 Suessionensis
2957 5608 2988 5646 e
3033 5591 3242 5660 iseOpi,
3294 5604 3468 5660 quem
3522 5583 3597 5643 ue
3628 5583 3856 5659 eumdem

2220 5680 2359 5719 esse
2377 5665 2586 5719 oninor
2603 5680 2736 5719 cum
2750 5609 3053 5719 Bernamfo
3072 5663 3393 5719 praeposito
3417 5606 3856 5719 VtaatinensiﬁlIn

2219 5680 2359 5723 esse
2377 5665 2586 5737 epinor
2603 5680 2736 5722 cum
2750 5662 3053 5721 Bernardo
3072 5663 3393 5737 praeposito
3417 5662 3857 5727 Watinensi,qm
