4084 6186
181 329 336 392 1533

191 509 2132 532 Μ

1366 330 1863 395 CHRONICON
1907 333 2134 396 WATI
2145 335 2411 399 NENSE

1574 654 2215 770 PR/EFATIO

3440 346 3596 408 1534

2149 514 3609 552 ξ

536 881 610 940 In
641 877 1031 944 miraculum
1080 881 1159 941 de
1190 881 1475 963 quodam
1504 882 1813 944 canonico
1862 882 2257 945 Guatinensz'
2274 906 2401 967 per
2432 886 2502 947 5.
2563 887 3011 953 Donatianum
3046 900 3297 957 curato.

249 1203 390 1258 Cum
422 1204 482 1258 in
508 1203 744 1274 antiqua
775 1202 1139 1256 Morinorum
1162 1200 1308 1255 urbe
1336 1203 1469 1254 ante
1491 1198 1603 1253 hos
1621 1214 1844 1269 paucos
1874 1197 1925 1250 A
1952 1200 2187 1267 publica
2216 1201 2377 1271 apud
2430 1206 2485 1258 te
2535 1207 2866 1262 emersione
2913 1212 3148 1279 prodire
3206 1217 3615 1288 c0gnoverint,

178 1294 411 1363 elapsos
461 1292 590 1347 dies
630 1307 736 1362 pro
782 1292 983 1345 causis
1040 1289 1357 1360 pastoralis
1402 1288 1840 1357 sollicitudinis,

178 1382 395 1453 praesul
428 1381 784 1449 venerande,
843 1380 1219 1446 devenisses,
1253 1382 1330 1446 et,
1374 1395 1405 1431 a
1433 1378 1669 1449 publico
1702 1377 1845 1430 cleri

176 1470 491 1541 populique
524 1473 819 1525 conventu
852 1467 1547 1522 adventustuicelebrata
1567 1466 1842 1521 solemni-

175 1559 308 1613 tatis
362 1559 763 1627 susceptione,
812 1557 965 1610 inter
1007 1556 1156 1610 alios
1204 1571 1297 1609 me
1354 1554 1839 1627 recognovisses,

176 1648 451 1701 anteriori
508 1646 923 1709 familiaritate,
960 1662 1075 1716 qua
1104 1660 1289 1713 penes
1324 1646 1377 1698 te
1421 1644 1634 1698 solitus
1683 1659 1841 1697 eram

177 1736 379 1790 haberi
408 1738 602 1801 notus,
636 1735 894 1806 benigne
955 1733 1235 1802 invitasti,
1297 1734 1510 1787 statum
1561 1748 1753 1785 meum
1787 1734 1844 1785 et

175 1824 313 1894 quid
347 1824 429 1877 ibi
460 1838 699 1894 agerem
732 1822 1073 1893 diligentius
1131 1820 1458 1891 requisisti.
1492 1819 1674 1884 Quem
1707 1835 1841 1873 cum

174 1909 1149 1981 tibiexposuissem,videlicetjam
1173 1908 1568 1963 saecularibus
1591 1908 1840 1978 impedi-

176 2000 385 2055 mentis
416 2003 675 2069 exutum,
694 2000 765 2053 ad
801 1998 1133 2070 regularem
1150 2001 1207 2053 et
1232 1997 1614 2066 apostolicam
1639 1997 1836 2067 vitam,

176 2090 270 2143 cui
305 2089 660 2144 sufficientia
693 2089 851 2143 Deus
899 2089 1010 2155 est,
1058 2087 1117 2139 in
1167 2086 1436 2140 cmnobio
1493 2084 1841 2140 Guatinensi

174 2178 482 2239 transisse,
522 2179 752 2248 gratum
775 2193 843 2230 ac
859 2179 1101 2246 paterae
1132 2174 1436 2243 accepisti,
1469 2189 1538 2228 ac
1568 2174 1839 2243 proposi-

177 2272 294 2321 tum
325 2266 687 2333 collaudans,
723 2264 1148 2319 exhortationis
1172 2263 1427 2317 fomento
1450 2278 1542 2315 me
1561 2262 1837 2315 vacillan-

174 2359 288 2409 tem
324 2354 602 2409 refecisti.
657 2355 805 2408 Tum
836 2353 894 2406 in
941 2367 1216 2406 sermone
1268 2352 1582 2419 communi,
1635 2350 1736 2421 qui
1766 2351 1839 2405 de

171 2444 441 2497 ecclesiae
490 2446 711 2497 nostra:
762 2442 1176 2496 conferebatur
1225 2440 1652 2505 consolatione,
1686 2439 1837 2494 inci—

1953 1303 2103 1358 quas
2134 1293 2304 1359 putas
2324 1292 2669 1360 calumnias,
2688 1312 2837 1366 quas
2860 1300 3109 1353 nocendi
3135 1304 3484 1358 occasiones
3498 1322 3617 1360 non

1955 1381 2343 1434 connectent?
2367 1380 2579 1435 Nocuit
2611 1383 2749 1437 olim
2780 1388 2931 1456 apud
2966 1389 3195 1459 aliquos
3227 1392 3367 1444 mihi
3392 1395 3616 1464 tuaqua

1953 1470 2182 1534 compte
2215 1467 2453 1522 fruebar
2474 1470 2695 1541 notitia,
2732 1489 2983 1544 quorum
3016 1476 3171 1532 foeda
3203 1479 3517 1548 cupiditate
3548 1499 3615 1536 ac

1951 1554 2200 1609 dolenda
2223 1572 2452 1611 morum
2484 1562 2858 1631 corruptione
2903 1564 3039 1618 dum
3086 1568 3370 1622 moliebar
3396 1572 3615 1639 utpur-

1950 1647 2192 1714 geretur
2220 1644 2511 1715 Ecclesia,
2548 1648 2803 1704 Zenonis
2835 1653 3143 1721 tormento,
3167 1656 3429 1710 Platonis
3462 1658 3615 1711 invi-

1949 1731 2063 1801 dia,
2125 1732 2389 1787 Socratis
2448 1751 2675 1791 veneno
2736 1754 2884 1808 pene
2934 1740 3288 1797 interieram.
3349 1745 3613 1800 Necdum

1949 1821 2119 1874 etiam
2154 1822 2507 1877 exhaustum
2548 1825 2605 1878 in
2639 1830 2802 1895 parte
2822 1844 3050 1899 vereor,
3095 1831 3388 1901 siquidem
3421 1835 3614 1888 eradi-

1948 1909 2069 1961 cari
2128 1916 2387 1979 cmperat
2432 1913 2705 1968 absentia
2760 1932 2910 1986 mea,
2983 1920 3276 1973 aconitum
3344 1923 3610 1979 redivivo

1947 1998 2236 2068 germine,
2272 2000 2322 2053 si
2349 2017 2700 2072 apparuere,
2724 2009 2989 2059 resumat
3010 2006 3452 2064 incrementum.
3484 2012 3612 2066 Non

1948 2086 2232 2155 mentior;
2268 2103 2423 2158 nego
2455 2089 2609 2143 enim
2635 2091 2818 2145 ullum
2850 2109 2988 2147 esse
3020 2095 3259 2167 bonum,
3297 2102 3358 2152 ut
3388 2100 3465 2152 ait
3482 2100 3615 2171 qui-

1947 2173 2081 2226 dam
2113 2176 2540 2247 sapiens,quod
2575 2184 2783 2233 noceat
2800 2181 3264 2247 habenti.Quare
3286 2187 3613 2258 satietates,

1946 2260 2227 2331 honores,
2254 2265 2491 2318 divitias
2510 2267 2727 2332 varias,
2764 2269 3447 2345 fortunaajucunditates,
3465 2292 3615 2347 quas

1946 2351 2225 2405 mortales
2258 2353 2548 2409 mirantur
2577 2355 2636 2408 in
2674 2357 3131 2427 mundo,paueis
3164 2376 3231 2413 ae
3265 2363 3614 2419 modiﬁcatis

1947 2441 2464 2496 sanetzebjcclesiaz
2479 2443 2855 2498 sufﬁcientiis
2872 2446 3144 2500 inferiora
3169 2464 3308 2504 esse
3324 2452 3614 2507 contendo

171 2532 308 2586 disti
355 2533 413 2585 in
470 2532 751 2586 miracula
793 2531 1063 2602 quadam
1118 2531 1175 2583 in
1236 2546 1303 2583 ea
1362 2531 1647 2584 relatione
1704 2545 1836 2600 quae
1874 2526 2108 2582 BSicut
2140 2529 3171 2601 enimomnempossidetdivitiarum
3199 2537 3614 2594 abundantiam

168 2636 358 2691 nuper
383 2621 442 2673 in
475 2636 540 2674 ea
574 2620 733 2674 Deus
766 2620 892 2673 fieri
922 2619 1109 2673 voluit
1134 2619 1449 2672 multorum
1467 2619 1837 2689 congratula-

170 2710 364 2778 tione;
396 2726 527 2780 quae
560 2710 752 2777 etiam,
775 2713 836 2763 ut
865 2724 996 2762 mos
1032 2710 1122 2761 est
1155 2707 1619 2776 sapientisbona
1651 2708 1836 2761 semel

169 2799 363 2852 audita
418 2800 621 2853 verius
682 2799 1001 2869 inquirere,
1044 2813 1076 2849 a
1107 2797 1279 2850 Patre
1332 2796 1672 2849 monasterii
1722 2798 1835 2849 mei

167 2887 554 2957 quipraesens
587 2890 714 2942 erat
734 2887 941 2942 eodem
971 2902 1087 2956 quo
1120 2888 1284 2939 erant
1317 2885 1520 2939 ordine
1573 2887 1698 2938 acta
1731 2901 1834 2939 co-

168 2976 448 3047 gnovisti.
467 2976 513 3028 A
538 2993 628 3030 me
644 2980 704 3030 ut
726 2992 794 3030 ea
808 2974 1133 3031 scribendo
1149 2974 1505 3044 digererem,
1522 2973 1837 3028 admodum

165 3064 377 3119 devota
403 3065 798 3134 postulatione
831 3063 1175 3134 exegisti,ut
1204 3061 1360 3132 quod
1392 3078 1497 3132 per
1527 3062 1836 3117 sanctissi-

163 3168 322 3206 mum
372 3152 781 3207 confessorem
812 3152 1033 3207 Christi
1087 3150 1475 3205 Donatianum
1526 3153 1833 3220 patronum

161 3246 436 3295 nostrum
468 3241 618 3296 facta
660 3245 1071 3296 summotenus
1108 3240 1411 3312 attigeras,
1448 3239 1702 3294 haberes
1733 3239 1834 3293 ubi

160 3330 307 3384 tanti
338 3331 814 3400 prmdecessoris
844 3330 929 3384 tui
970 3330 1145 3399 signa
1188 3328 1704 3399 relegens,merita
1735 3344 1833 3382 re-

159 3422 477 3490 tractares,
517 3423 772 3490 quantus
803 3418 955 3489 apud
988 3419 1169 3472 Deum
1202 3417 1278 3471 sit
1298 3417 1834 3488 recoleres,quate-

158 3523 277 3562 nus
311 3509 368 3561 in
398 3523 505 3561 sua
528 3509 835 3578 metropoli
865 3524 932 3562 ac
955 3507 1098 3562 sede
1131 3510 1184 3560 te
1242 3521 1663 3561 successorem
1687 3507 1832 3561 diri-

157 3600 353 3668 geret,
399 3604 452 3651 te
512 3600 809 3666 pastorem
860 3613 993 3651 cum
1042 3600 1141 3651 tuo
1190 3611 1397 3668 grege,
1455 3595 1571 3650 imo
1630 3598 1685 3650 et
1721 3613 1832 3652 suo

159 3701 398 3740 summo
423 3687 643 3755 pastori
676 3686 1107 3740 reconciliaret.

236 3774 365 3828 Hoc
395 3789 507 3845 ego
526 3778 641 3828 tam
663 3774 1047 3845 praicordiale
1068 3773 1432 3828 desiderium
1451 3772 1829 3843 exosculans,

154 3878 277 3917 non
320 3863 497 3917 habui
531 3864 845 3917 consilium
875 3862 1185 3930 renitendi,
1221 3877 1292 3915 ne
1325 3861 1475 3931 apici
1497 3864 1655 3916 tanto
1671 3861 1832 3915 vide-

152 3954 327 4006 retur
360 3950 576 4022 injuria
610 3952 770 4020 fieri;
803 3951 909 4005 sed
950 3950 1086 4019 levi,
1126 3952 1189 4003 ut
1217 3950 1297 4015 fit,
1337 3965 1656 4019 puerorum
1686 3948 1831 4004 affe-

153 4044 277 4109 ctu,
304 4041 403 4110 qui
437 4040 573 4094 dum
603 4040 947 4109 parentibus
980 4039 1156 4093 liceat
1174 4054 1525 4107 commeare,
1559 4038 1829 4111 longiora

150 4128 394 4182 itineris
427 4129 614 4198 spatia
648 4129 909 4182 faciliora
941 4128 1303 4197 promittunt,
1337 4127 1514 4181 annui
1545 4127 1829 4182 voluntati

154 4221 297 4271 tum.
334 4216 398 4270 In
449 4233 565 4288 quo
596 4217 733 4271 dum
785 4217 1088 4271 efﬁcacem
1120 4216 1392 4281 mandati,
1443 4216 1579 4270 licet
1607 4216 1825 4270 inculto

148 4321 436 4360 sermone
470 4306 955 4375 s:1sceperis,non
988 4321 1055 4359 ea
1083 4304 1460 4375 tamenquasi
1491 4303 1824 4359 alleviatum

149 4394 273 4449 hoc
308 4394 472 4448 fasce
502 4397 557 4448 te
615 4394 964 4464 subtrahas;
1016 4393 1171 4465 quia,
1225 4394 1440 4464 siqua,
1474 4393 1612 4448 dum
1658 4393 1826 4465 lege-

146 4484 250 4551 rit,
314 4500 459 4537 aura
513 4483 943 4538 contrarietatis
993 4482 1302 4550 efflaverit,
1364 4482 1508 4536 illud
1552 4482 1826 4536 nimirum

146 4572 594 4644 apologeticum
624 4572 767 4626 mihi
791 4572 1128 4643 praetendas
1162 4571 1358 4626 domni
1391 4571 1832 4642 archiepiscopi

146 4662 480 4715 Bernensis
504 4662 751 4733 remigio
781 4677 874 4716 me
906 4660 1207 4732 navigare,
1239 4676 1355 4714 non
1378 4677 1528 4715 meo.
1562 4660 1828 4715 Sicenim

136 4751 207 4803 in
250 4766 439 4803 causa
469 4765 699 4804 mecum
730 4751 871 4817 eris,
907 4751 1045 4804 dum
1076 4765 1189 4821 ego
1212 4750 1442 4803 inﬁrma
1468 4750 1668 4820 cperis
1688 4766 1826 4820 per-

133 4840 449 4909 ventione,
484 4843 545 4893 tu
576 4842 769 4893 autem
791 4837 1073 4909 jussione
1105 4838 1560 4908 periclitaberis.

217 4926 373 4992 Quia
432 4942 577 4998 ergo
634 4926 985 4982 delitescere
1035 4927 1368 4997 cupientem
1403 4927 1476 4980 ad
1525 4927 1824 4996 publicum

133 5017 362 5089 egredi
392 5017 749 5087 prmcepisti,
784 5017 965 5087 hujus
985 5015 1644 5085 opusculirecitatoreio
1665 5032 1731 5070 ea
1762 5020 1822 5070 tu

1947 2618 2040 2670 cui
2070 2617 2295 2672 sufficit
2324 2618 2597 2675 Christus
2621 2625 2677 2675 et
2706 2622 2996 2693 Ecclesia,
3058 2624 3133 2678 ita
3165 2626 3344 2682 credo
3379 2644 3617 2699 semper

1945 2709 2239 2776 egentem,
2274 2722 2449 2777 quem
2474 2709 2695 2763 extollit
2716 2710 2988 2765 diabolus
3020 2715 3076 2767 et
3094 2717 3361 2783 pecunia.
3389 2717 3614 2772 Harum

1945 2809 2058 2864 ego
2090 2797 2163 2864 te,
2210 2796 2344 2865 quia
2374 2812 2513 2850 vere
2546 2790 2880 2852 divitiarum
2911 2799 3252 2857 dilectorem
3271 2805 3616 2878 considero,

1943 2881 2082 2935 dum
2112 2882 2295 2954 hujus
2318 2886 2508 2938 sancti
2527 2886 2805 2940 virtutum
2836 2888 3102 2944 thesauri
3132 2894 3392 2948 conchas
3417 2899 3612 2950 tecum

1944 2973 2432 3027 communicando
2465 2990 2774 3044 compono,
2798 2991 2908 3030 nec
2939 2977 3248 3035 discernas
3280 2998 3313 3035 a
3344 2998 3461 3053 quo
3495 2999 3612 3039 uno

1945 3060 2415 3115 administratore
2450 3064 2770 3133 suscipias,
2798 3065 2989 3119 solum
3021 3067 3077 3120 id
3100 3070 3256 3138 quod
3284 3072 3535 3143 porrigit
3554 3072 3613 3127 in

1944 3151 1999 3203 te
2018 3148 2426 3221 habeas,quod
2461 3152 2668 3221 sapido
2700 3157 2879 3223 gustu
2938 3156 3148 3210 mentis
3170 3157 3454 3214 interiora
3475 3175 3615 3216 con-

1941 3237 2156 3308 tingat;
2189 3239 2249 3291 in
2280 3254 2417 3308 quo,
2461 3239 2599 3293 dum
2648 3242 2801 3295 sinis
2860 3244 3141 3313 parvulos
3178 3247 3250 3299 ad
3283 3251 3337 3302 te
3384 3250 3609 3322 venire,

1942 3326 2229 3380 mandatis
2260 3343 2368 3395 per
2399 3327 2781 3400 Evangelium
2807 3330 3152 3388 humilitatis
3176 3334 3425 3391 formam
3447 3338 3613 3392 exhi-

1940 3413 2070 3483 bes,
2129 3417 2186 3468 et
2241 3415 2589 3486 locupletem
2630 3417 2690 3471 in
2746 3434 2852 3489 spe
2912 3421 3241 3491 scientiam,
3300 3427 3475 3495 quasi
3516 3428 3610 3482 vir

1942 3502 2394 3573 desideriorum,
2426 3506 2687 3560 diversis
2736 3510 3020 3564 mercium
3058 3511 3507 3570 oblectamentis
3538 3532 3608 3572 eo

1942 3591 2257 3647 fecundius
2315 3594 2474 3648 intus
2525 3596 2791 3651 eumulas
2857 3612 2973 3667 quo
3032 3598 3161 3654 sine
3218 3616 3610 3670 personarum

1942 3683 2282 3751 acceptione
2304 3683 2441 3753 quid
2466 3684 2721 3755 quisque
2744 3685 2882 3740 boni
2905 3687 3149 3757 deferat,
3178 3688 3608 3749 indiﬂ'erentius

1860 3774 1904 3830 C
1940 3785 2181 3839 pensas.
2216 3770 2358 3834 Quaa
2390 3788 2523 3825 cum
2555 3773 2631 3825 ita
2662 3774 2799 3844 sint,
2834 3775 3038 3829 eadem
3070 3778 3242 3831 etiam
3276 3782 3608 3837 constantia

1940 3858 1999 3909 in
2023 3859 2139 3911 tuis
2171 3859 2422 3930 agendis
2456 3864 2508 3913 te
2537 3876 2604 3915 ac
2627 3864 2725 3915 tua
2753 3862 3044 3930 disponis,
3072 3865 3298 3936 dum,ut
3320 3870 3432 3924 alia
3448 3888 3606 3940 prte-

1938 3947 2272 4017 termittam,
2321 3950 2452 4001 ante
2484 3964 2635 4019 quos
2682 3949 2787 4003 tibi
2833 3951 3261 4009 collimitaneos
3306 3960 3602 4031 novimus,

1941 4034 2232 4090 adversus
2264 4038 2465 4091 matris
2497 4037 2784 4091 Ecclesiae
2816 4038 3108 4110 inimicos,
3145 4043 3217 4096 ad
3247 4044 3604 4103 destructio-

1942 4138 2075 4177 nem
2106 4125 2490 4179 munitionum
2522 4126 2770 4180 validior
2797 4128 2954 4182 aries
2975 4131 3602 4204 assurgis,surgentcs

1941 4212 2322 4282 tempestates
2354 4214 2501 4268 alias
2524 4216 2691 4269 verbi
2712 4217 2967 4271 tonitruo
2989 4217 3272 4288 dissipas,
3296 4221 3443 4275 alias
3465 4239 3600 4293 pro-

1944 4302 2125 4357 cellas
2156 4302 2454 4357 turbinum
2485 4304 2684 4372 sedas,
2719 4308 2927 4375 etquae
2959 4307 3295 4363 obnubilata
3311 4310 3405 4364 vel
3435 4311 3600 4383 igno-

1940 4393 2129 4446 rantia
2162 4407 2271 4446 seu
2301 4394 2530 4447 erroris
2561 4393 3052 4449 tenebrisalicubi
3075 4394 3344 4467 offendis,
3366 4398 3601 4455 detersa

1940 4481 2192 4552 caligine
2224 4482 2292 4535 ad
2340 4482 2608 4552 regulam
2665 4481 3067 4554 intelligentiaa
3103 4484 3384 4542 doctrinm
3424 4504 3600 4545 manu

1938 4570 2196 4624 reducis.
2232 4569 2372 4624 Inde
2404 4571 2498 4623 illa
2522 4570 2595 4624 ab
2627 4570 2863 4625 ineunte
2901 4572 3035 4627 fidei
3068 4575 3334 4645 germine
3362 4592 3600 4648 semper

1937 4658 2220 4730 gloriosa,
2272 4658 2465 4713 adhuc
2495 4659 2668 4713 etiam
2700 4675 2879 4730 nunc,
2925 4663 2981 4715 te
3027 4664 3306 4734 praesule,
3364 4669 3422 4720 et
3448 4682 3511 4721 re
3541 4669 3599 4723 et

1936 4748 2135 4817 specie
2184 4748 2360 4817 clara,
2425 4749 2743 4803 Remorum
2804 4752 3144 4821 metropolis
3202 4753 3291 4807 sic
3337 4756 3593 4827 excellit,

1934 4836 2220 4907 magistra
2263 4836 2496 4891 urbium
2553 4838 2862 4907 regiminis
2898 4840 3221 4910 altitudine,
3268 4842 3342 4896 ita
3402 4846 3459 4898 et
3503 4861 3595 4899 re-

1934 4926 2118 4979 ctoris
2148 4930 2204 4980 et
2235 4926 2637 4980 decentissimi
2670 4928 2814 4981 cleri
2849 4944 3075 4983 summa
3118 4931 3427 5001 religione,
3461 4950 3593 5004 quin

1932 5017 2215 5085 quotquot
2246 5015 2403 5068 circa
2434 5014 2607 5069 fidem
2656 5016 3078 5088 naufragantes
3123 5021 3360 5089 reperit,
3393 5024 3455 5075 ut
3484 5038 3592 5076 ex-

132 5107 286 5178 lege
321 5108 750 5179 egognoscas,ut
767 5106 917 5179 apud
941 5104 1619 5179 im_probos_mores,dum
1635 5105 1825 5179 laces-
1853 5095 1902 5149 Ι)
1930 5107 2157 5172 pertum
2190 5103 2250 5156 in
2278 5103 2478 5157 multis
2509 5104 2780 5171 habetur,
2812 5111 2910 5160 aut
2940 5122 2971 5159 a
3003 5123 3070 5161 se
3104 5107 3287 5179 fugat,
3322 5111 3421 5163 aut
3447 5126 3592 5166 con-

127 5176 306 5232 sit'us
340 5176 539 5244 fuerit,
564 5178 737 5230 etiam
769 5177 895 5245 ipso
926 5176 1232 5230 defendas.
1252 5176 1399 5229 Nam
1429 5180 1567 5229 sunt
1595 5176 1819 5246 plures,

121 5281 403 5338 quorum
428 5266 787 5319 Donatianus
820 5269 876 5319 et
895 5265 1052 5319 Deus
1075 5264 1173 5319 ﬁat
1199 5267 1380 5320 sortis
1405 5269 1744 5319 sanctorum
1764 5265 1821 5319 in

1928 5193 2123 5247 vertit.
2156 5191 2302 5246 Cum
2333 5209 2477 5261 ergo
2502 5197 2617 5246 tam
2649 5194 2826 5266 rigidi
2855 5195 3084 5249 honesti
3119 5196 3589 5255 sintservatores

1932 5282 2250 5336 Remorum
2282 5282 2531 5351 indoles,
2587 5288 2805 5337 tremor
2834 5284 3052 5337 invadit
3088 5301 3404 5355 pauperem
3437 5288 3590 5344 cala-

114 5355 391 5424 lumine:
448 5355 547 5425 (1lli
604 5369 741 5409 mox
771 5356 830 5408 υί
862 5369 894 5407 θ
955 5352 1217 5421 latebris,
1272 5370 1421 5425 quas
1478 5353 1652 5425 θιθεί,
1704 5358 1821 5407 tam
1928 5386 2085 5425 mum
2110 5372 2427 5442 quidquam
2460 5372 2843 5426 conscribere
2876 5373 3032 5444 quod
3065 5352 3258 5428 veniat
3287 5375 3588 5431 interTul-

110 5511 292 5552 anno
329 5494 467 5550 1092
501 5495 763 5550 interfuit
795 5495 1045 5550 concilio
1081 5496 1380 5564 Remensi,
1408 5496 1508 5550 ubi
1534 5496 1818 5551 mendose

122 5569 370 5623 dicitur
413 5568 774 5638 praepositus
830 5567 1230 5635 Warancnsis,
1283 5568 1353 5622 de
1388 5583 1528 5638 quo
1558 5568 1819 5622 Joannes

117 5639 383 5711 Iperius
416 5637 477 5692 in
506 5638 899 5711 ChronicoiS.
927 5638 1151 5711 Bertini
1180 5654 1306 5711 cap.
1338 5637 1407 5693 39
1432 5637 1643 5711 etcum
1672 5638 1819 5711 Ber-

115 5709 328 5772 lioldo
359 5711 685 5787 praposito
744 5710 1140 5783 Watinensis,
1181 5710 1284 5785 qui
1312 5725 1465 5768 anno
1509 5709 1650 5767 1114
1678 5710 1821 5768 sub-

1928 5513 2170 5583 scripsit
2201 5513 2418 5586 chartae
2450 5513 2840 5586 Clarembaldi
2885 5515 2955 5569 de
2986 5516 3483 5586 possessionibus
3513 5518 3585 5575 de

1927 5585 2333 5663 Leustingben
2348 5584 2704 5663 monasterio
2717 5584 2776 5663 S_.
2788 5584 3020 5663 pertini
3036 5589 3582 5663 concessis,tom....

1926 5659 2262 5713 nostrorum
2293 5657 2549 5729 Anecd.,
2580 5671 2717 5732 pag.
2752 5656 2874 5716 134.
