4084 6186
421 311 447 371 1
461 312 579 375 535

418 514 573 568 liana
628 506 899 565 facundia
940 504 1240 558 t‘lorentes.
1302 497 1419 552 Sed
1469 494 1606 566 quia
1661 507 1775 546 non
1833 489 2090 543 difﬁteor
2121 468 2167 521 Α

424 616 659 673 aequum
709 613 848 652 esse
904 592 1135 649 servire
1172 586 1521 659 majoribus,
1556 583 1626 635 ad
1671 582 1873 634 nutum
1926 580 2089 631 tuum

425 667 835 763 qualecunque
874 684 1078 738 defero
1129 679 1437 746 scriptum,
1467 673 1697 726 illorum
1743 667 2090 722 tradendum

425 780 697 835 manibus
748 774 849 845 qui
908 773 1125 842 quanto
1175 770 1311 821 sunt
1368 760 1606 833 ingenio
1665 755 2087 823 sublimiores,

425 872 583 924 tanto
598 863 960 937 quibuslibet
975 861 1031 912 in
1047 856 1291 912 casibus
1305 848 1756 920 vereorjudicio
1783 844 2088 898 certiores.

427 958 618 1023 Quare
639 968 812 1025 quem
846 948 1132 1020 sapientia
1159 943 1344 1011 verbi,
1370 940 1682 994 venustate
1700 932 1955 1000 dicendi,
1977 945 2093 984 non

432 1047 656 1111 colore,
700 1040 797 1095 vel
847 1053 1047 1105 causa,
1083 1034 1174 1088 vel
1208 1029 1448 1085 materia
1496 1023 1776 1081 sribenda
1826 1025 1921 1075 tua
1968 1034 2096 1071 me-

433 1136 625 1190 diante
654 1127 973 1202 praesentia
1022 1121 1409 1183 commendet,
1443 1120 1506 1171 ut
1537 1113 1694 1185 quod
1723 1110 1810 1165 rei
1853 1107 2096 1161 veritate

433 1224 649 1279 almum
671 1222 781 1287 est,
816 1234 846 1270 a
868 1216 1038 1285 culpa
1068 1212 1163 1266 sui
1197 1208 1573 1273 necessitate,
1607 1202 1743 1272 quia
1773 1197 1952 1253 taceri
1982 1211 2099 1248 non

434 1311 653 1381 debuit,
704 1283 861 1380 quod
901 1283 1208 1376 peccatum
1251 1301 1343 1353 est
1367 1310 1482 1350 non
1514 1289 1788 1348 excludat
1827 1303 1859 1340 a
1901 1283 2097 1338 venia.

444 1505 759 1523 -—~——-

1432 288 1818 357 EBRARDI
1859 276 2398 350 WATINENS‘IS
2443 268 2849 337 CANONICI

766 1475 2190 1516 ~_____________._____———-—

3687 249 3824 312 1436

2198 483 2448 548 Insuper
2477 476 2533 529 et
2563 473 2798 545 gratum
2849 465 3023 521 debet
3051 458 3235 529 accipi
3271 457 3342 511 de
3398 453 3556 508 tanto
3613 451 3838 521 patrono

2199 585 2348 625 nova
2379 567 2554 636 signa
2571 561 2644 614 ad
2661 551 3174 613 rememorandum
3192 546 3437 611 referre,
3461 539 3641 610 cujus
3660 538 3711 591 si
3731 553 3845 608 quae

2202 659 2369 713 fuere
2402 656 2603 708 forsan
2634 637 3250 709 vetustatetemporis,
3271 649 3404 689 cum
3448 629 3692 700 penoria
3711 630 3853 679 nota-

2204 748 2446 809 riorum,
2480 745 2601 795 tum
2647 737 2839 803 etiam,
2910 729 3069 802 quod
3127 725 3361 780 facilius
3404 718 3617 783 credo,
3680 716 3850 784 ipsius

2203 833 2439 889 armarit
2470 825 2743 882 ecclesiae
2764 822 2855 875 cui
2880 816 3172 889 praasides
3205 808 3608 867 devastatione
3632 804 3851 872 antiqua

2203 923 2453 994 periere.
2490 914 2713 971 Deinde
2732 927 2863 966 cum
2895 907 3056 962 servi
3080 902 3335 958 dominis
3357 941 3370 966 ,
3406 901 3505 951 aut
3536 895 3639 948 filii
3671 906 3856 962 paren-

2204 979 2364 1066 tibus
2397 1004 2818 1067 thesaurizant,
2855 992 3402 1062 sitlicetcxiguum,
3428 986 3571 1039 libet
3593 981 3760 1047 exile,
3788 979 3843 1030 li-

2210 1103 2301 1155 cet
2331 1097 2618 1152 rusticum
2649 1090 2808 1163 quod
2842 1084 3110 1150 afferunt,
3144 1078 3316 1150 quasi
3340 1073 3636 1147 primitias
3656 1067 3855 1139 proprii

2210 1190 2438 1243 fructus
2472 1161 2786 1252 accipiunt,
2823 1177 2959 1230 dum
2990 1174 3051 1225 hi
3091 1169 3311 1241 quibus
3344 1161 3713 1219 contulerunt
3741 1173 3854 1210 mu-

2211 1281 2368 1333 tuam
2388 1274 2581 1329 vicem
2612 1264 2921 1324 beneficiis
2952 1258 3315 1331 impendunt.

1736 1609 2561 1732 MIBACULUM

514 1877 615 1932 DE
642 1870 957 1942 QUODAM
987 1859 1457 1923 GUATINENSI
1498 1849 1896 1910 RELIGIOSO
1927 1845 2080 1900 PER
2110 1842 2171 1898 S.
2206 1835 2606 1894 DONATIUM
2643 1834 2741 1887 AB
2762 1822 3269 1885 ASGRITUDINE
3297 1821 3448 1878 SUA
3481 1813 3773 1874 SANATO

520 2128 802 2185 Mil-acula
815 2125 1175 2190 sanctorum,
1197 2113 1520 2189 quibusve]
1544 2103 1839 2178 corporali
1854 2114 2115 2173 praesen-

2238 2113 2475 2167 identes
2506 2108 2578 2162 ab
2611 2106 2710 2161 illo
2741 2102 2950 2159 donari
2978 2113 3225 2154 munera
3251 2096 3475 2165 linguae
3516 2091 3617 2161 qui
3645 2089 3869 2158 linguas

449 2222 527 2276 tia
551 2221 609 2274 in
629 2217 847 2272 mundo
879 2210 1219 2277 claruerint,
1255 2205 1347 2259 vel
1378 2204 1474 2256 his
1498 2196 1780 2255 aerumnis
1821 2187 2120 2257 absumpti

452 2309 606 2381 apud
638 2322 781 2362 ossa
812 2320 921 2358 sua
941 2305 996 2355 et
1009 2296 1324 2353 memorias
1355 2289 1615 2363 quotidie
1638 2277 2120 2350 redeunt,quales

454 2373 510 2454 et
538 2397 655 2469 ipsi
677 2396 813 2448 vitae
835 2392 1044 2445 merito
1074 2386 1315 2441 fuerunt
1343 2380 1517 2436 nobis
1548 2373 1890 2440 indieant,et
1908 2381 2120 2437 super-

453 2503 545 2541 nae
576 2484 782 2556 patriae
821 2482 880 2534 in
920 2493 1096 2550 quam
1127 2471 1485 2537 transierunt
1516 2467 1588 2519 ad
1621 2476 1875 2533 superna
1908 2455 2123 2529 gaudia

456 2574 739 2647 capienda
769 2586 880 2625 nos
913 2567 1178 2622 invitant.
1212 2562 1431 2615 Vivunt
1464 2557 1618 2611 enim
1648 2553 1750 2619 ibi,
1785 2550 1920 2620 quia
1940 2544 2121 2600 felici—

454 2670 545 2721 ter
575 2664 800 2729 vivunt,
834 2658 990 2729 quia,
1042 2667 1339 2707 mansurae
1395 2643 1729 2701 Jerusalem
1780 2638 1903 2710 jam
1960 2635 2125 2689 cives

460 2752 670 2820 effecti,
689 2723 1377 2818 sic'hujushabitationis
1400 2751 1533 2807 quae
1557 2729 1922 2786 dissolvetur
1934 2723 2126 2778 adhuc

463 2844 729 2912 hospites
743 2817 1072 2905 visitant,ut
1093 2830 1165 2885 ab
1182 2830 1279 2883 illa
1309 2828 1367 2880 in
1380 2840 1495 2896 qua
1512 2837 1653 2875 vere
1672 2817 1937 2872 innititur
1957 2826 2127 2867 man-

461 2933 651 3000 sione,
713 2939 1013 2996 nunquam
1075 2919 1373 2975 voluntate
1447 2911 1742 2967 recedant.
1799 2900 2129 2987 Ostendunt

462 2980 651 3000 ~-'—"l
713 2980 748 2983 "
764 2980 803 2982 ⁷⁷⁷
855 2980 875 2996 ι

462 3026 618 3082 enim
645 3024 702 3077 et
727 3032 909 3090 posse
930 3014 1245 3083 impetrare
1268 3005 1425 3078 quod
1439 3003 1748 3074 rogantur,
1769 2980 2129 3063 dumipostu-

462 3118 577 3171 lata
607 3110 1101 3176 conferunt,quaa,
1125 3099 1243 3154 nisi
1272 3096 1522 3151 feliciter
1538 3091 1616 3145 ibi
1638 3082 2008 3153 viverent,ad
2024 3097 2130 3135 eos

465 3199 908 3273 suspirantibus
930 3193 1151 3247 donare
1166 3204 1285 3243 non
1298 3178 1677 3239 valerent.Ex
1708 3192 1821 3247 qua
1835 3168 2133 3227 communi

465 3291 813 3364 angelorum
831 3286 887 3338 et
914 3281 1221 3336 hominum
1247 3274 1428 3342 curia,
1455 3286 1587 3341 quae
1616 3281 1728 3320 una
1751 3279 1855 3334 per
1878 3257 2135 3328 ad0ptio-

2225 2202 2321 2255 dat
2350 2201 2410 2254 in
2438 2211 2702 2252 munere.

2302 2322 2409 2377 Est
2438 2335 2582 2391 ergo
2613 2330 2806 2388 pagus
2827 2314 2977 2368 inter
2999 2308 3243 2382 Legiam
3264 2304 3508 2360 fluvium
3541 2304 3597 2355 et
3628 2296 3875 2353 Flandri-

2226 2426 2448 2467 nenses
2492 2407 2842 2470 maritimos,
2876 2400 3144 2469 Menapia
3204 2394 3678 2467 cognominatus,
3712 2386 3878 2456 cujus

2227 2500 2435 2556 incolae
2449 2495 2712 2571 generali
2736 2490 3022 2547 vocabulo
3037 2488 3109 2542 ab
3126 2479 3633 2553 historiographis
3660 2472 3879 2543 Mcnapi

2228 2588 2716 2647 denominantur;
2749 2596 2900 2654 gens
2933 2577 3170 2648 antiqua
3203 2577 3258 2628 et
3288 2586 3524 2641 aspera,
3548 2582 3681 2638 qua
3710 2581 3743 2617 a
3772 2565 3882 2616 Ro-

2228 2680 2420 2735 manis
2452 2677 2647 2745 etiam,
2682 2676 2745 2725 ut
2777 2674 3038 2724 veterum
3070 2665 3319 2718 historia
3352 2657 3640 2725 meminit,
3675 2651 3886 2709 domari

2230 2784 2349 2823 non
2378 2765 2583 2836 potuit.
2619 2762 2764 2815 Haec
2811 2774 2930 2813 non
2960 2754 3253 2826 reperitur
3304 2750 3495 2803 alieno
3527 2747 3724 2814 aliquo
3757 2757 3889 2794 san-

2232 2831 2411 2929 guine
2460 2852 2714 2919 inducta,
2748 2848 2856 2903 sed
2902 2862 3034 2917 quae
3066 2844 3185 2896 illis
3229 2839 3408 2894 sedes
3453 2835 3662 2891 eadem
3698 2834 3785 2885 est
3839 2831 3890 2881 et

2234 2946 2427 3017 origo.
2463 2943 2558 3011 Hi,
2606 2936 2954 2994 fortissimis
2987 2950 3054 2987 ac
3083 2930 3331 2985 muratis
3356 2924 3592 2995 oppidis
3622 2923 3775 2975 inter
3829 2932 3889 2970 se

2236 3035 2374 3089 olim
2406 3031 2603 3099 divisi,
2637 3040 2946 3082 commune
2968 3019 3388 3076 dominativum
3420 3014 3560 3084 pagi
3592 3007 3891 3081 propriisa

2222 3121 2525 3193 principio
2556 3119 2615 3172 in
2645 3116 2879 3170 Caletos
2911 3116 2967 3166 et
2980 3112 3234 3164 Batavos
3256 3102 3636 3160 subdivisere
3651 3095 3895 3150 vocabu-

2235 3190 2332 3267 lis.
2369 3210 2513 3281 Pagi
2543 3210 2740 3261 autem
2770 3202 2961 3273 ipsius
2991 3196 3297 3269 longitudo
3343 3193 3417 3247 ab
3448 3192 3676 3245 oriente
3707 3190 3891 3240 exten-

2238 3302 2412 3368 ditur,
2447 3273 2619 3369 atque
2666 3294 2738 3348 ab
2798 3290 3101 3345 occidente
3148 3284 3334 3339 Enula
3370 3279 3649 3334 videlicet
3703 3273 3891 3339 ﬂuvio,

464 3355 598 3437 nem
621 3379 747 3450 jam
778 3377 869 3430 est
899 3370 1053 3425 facta
1081 3364 1441 3437 respublica,
1466 3375 1577 3414 rex
1605 3355 1901 3421 Christus,
1924 3362 2129 3420 praesu-

466 3472 615 3527 dens
641 3464 897 3527 singulis
922 3460 1321 3527 quibusquam
1354 3448 1653 3522 gentibus,
1675 3459 1785 3497 sua
1806 3440 1915 3493 Dei
1932 3434 2129 3491 suffra-

2240 3392 2415 3446 ﬁnem
2446 3385 2795 3454 excipiente,
2826 3378 3175 3433 terminatur
3200 3393 3213 3439 ;
3234 3391 3266 3427 a
3286 3372 3463 3443 cujus
3482 3366 3753 3437 margine
3774 3378 3897 3433 pau-

2238 3480 2397 3527 latim
2411 3475 2833 3527 succrescente
2850 3467 3071 3523 tumulo
3086 3461 3357 3519 clementi
3371 3458 3729 3527 proceritate
3740 3465 3892 3505 mons

507 3486 615 3526 ens
641 3464 897 3537 singulis
922 3460 1321 3531 quibusquam
1354 3451 1653 3522 gentibus,
1675 3459 1785 3497 sua
1807 3451 1915 3493 Uei
1932 3451 2135 3491 sunra-
2324 3480 2334 3491 ,
2583 3451 2599 3454 -
3343 3461 3354 3471 _
3591 3458 3600 3467 ,

1490 3536 1495 3537 κ
1579 3535 1590 3537 -
1676 3534 1685 3537 -
1824 3528 1858 3537 ..
2238 3475 2833 3535 latimsuccrescente
2850 3467 3071 3523 tumulo
3086 3460 3892 3530 clementiproceritatemons

403 3597 409 3604 υ
471 3560 586 3631 gia,
618 3561 682 3611 ut
711 3528 1119 3622 corpus—ejus,
1152 3542 1310 3615 quod
1339 3542 1431 3594 est
1456 3534 1747 3601 Ecclesia,
1780 3528 1979 3598 utique
2002 3539 2133 3594 per-

471 3646 685 3718 vigiles
712 3641 927 3696 habeat
984 3617 1110 3689 Suae
1140 3623 1639 3702 peregrinationis
1696 3617 2001 3684 excubias,
2062 3628 2135 3667 ne

471 3731 789 3790 invidentis
825 3724 1046 3780 inimici
1076 3738 1180 3792 per
1200 3710 1832 3773 incautelamincurrnt
1863 3703 2133 3773 insidias,

469 3840 577 3896 per
606 3822 717 3875 hos
747 3820 1035 3882 rectores,
1082 3807 1408 3865 secundum
1440 3800 1742 3874 prophetae
1773 3794 2133 3861 vaticinium,

471 3882 717 3984 requirit
740 3922 884 3962 oves
907 3918 1069 3967 suas,
1097 3902 1159 3955 ut
1175 3896 1331 3969 quod
1352 3893 1448 3965 abj
1463 3894 1657 3947 ectum’
1678 3884 1853 3941 fuerit
1871 3882 2133 3950 reducat,

470 3972 628 4074 quod
659 3995 1024 4051 confractum
1063 3987 1240 4042 fuerit
1261 3984 1480 4054 alliget,
1517 3978 1674 4051 quod
1692 3974 1989 4029 inﬁrmum
2007 3972 2139 4027 fue-

470 4061 545 4146 rit
579 4087 839 4154 reducat,
892 4080 1047 4152 quod
1089 4078 1310 4149 pingue
1368 4076 1424 4127 et
1468 4072 1618 4125 forte
1679 4061 1991 4122 custodiat.
2054 4069 2141 4125 Ex

470 4178 691 4250 quibus
721 4189 901 4229 unum
932 4173 1003 4225 de
1026 4166 1226 4221 multis
1250 4182 1402 4236 quos
1426 4162 1685 4219 diversis
1698 4161 1928 4215 artibus
1944 4159 2143 4212 mirifi-

474 4269 628 4323 eavit
683 4265 1090 4332 Donatianum,
1142 4258 1374 4314 ﬁdelem
1433 4254 1639 4327 gregis
1688 4250 2138 4320 praeambulum,

473 4357 646 4425 cavit,
679 4354 986 4409 emeritum
1017 4366 1145 4405 suae
1203 4349 1423 4402 domus
1472 4340 1934 4397 mansionarium
1965 4337 2142 4393 nobis

476 4444 721 4500 marinis
751 4442 1051 4513 plebibus,
1089 4436 1533 4492 sanctissimum
1555 4428 1964 4486 confessorem
1994 4426 2148 4480 dele-

479 4536 639 4607 gavit
678 4532 1092 4597 Donationum,
1136 4527 1371 4581 ﬁdelem
1438 4521 1647 4594 gregis
1696 4516 2143 4589 prmambulum,

2241 3569 2525 3643 gignitur,
2560 3567 2617 3618 et
2635 3562 2806 3632 plano
2840 3557 3095 3612 deductu
3124 3552 3195 3606 ad
3221 3548 3614 3605 subsolanum
3640 3546 3891 3614 egestus,

2242 3676 2274 3713 a
2311 3654 2711 3727 septentrione
2744 3665 2812 3704 ac
2843 3644 3088 3700 meridie
3119 3638 3521 3696 residentibus
3574 3632 3809 3686 cumbis
3845 3629 3890 3679 in

2243 3744 2606 3801 altitudinem
2620 3738 2969 3794 cumulatur.
2988 3730 3348 3787 Nemoribus
3367 3717 3896 3790 consitus,pascuis

2245 3838 2411 3905 uber,
2446 3834 2673 3887 olerum
2703 3825 2922 3882 diversi
2956 3820 3198 3895 generis
3221 3818 3366 3872 adeo
3391 3815 3580 3879 ferax,
3607 3816 3675 3864 ut
3688 3810 3743 3864 si
3766 3806 3897 3862 nolis

2244 3936 2564 3996 procurare
2594 3917 2779 3985 utilia,
2811 3914 2961 3968 velis
2994 3910 3169 3964 nolis.
3209 3906 3378 3977 quasi
3410 3901 3707 3956 desidiam
3756 3897 3899 3950 labo-

2248 4013 2460 4069 ratoris
2482 4022 2766 4081 arguens,
2786 4004 2936 4058 miro
2960 3998 3323 4054 incremento
3346 3991 3645 4064 germinet
3669 3985 3897 4049 inutilia,

2245 4104 2544 4157 Praeterea
2573 4101 2689 4152 tam
2720 4092 3039 4149 salubriter
3059 4086 3295 4141 flatibus
3326 4083 3643 4137 ventorum
3678 4073 3899 4145 exposi-

2246 4194 2344 4246 tus
2357 4194 2419 4245 ut
2432 4188 2588 4243 aeris
2605 4183 2805 4239 infecti
2829 4198 2937 4236 seu
2951 4177 3301 4233 nebularum
3315 4183 3602 4241 aquarum
3624 4166 3898 4219 confluen-

2249 4283 2393 4336 tium
2408 4278 2599 4333 isdem
2631 4274 2838 4328 alveus
2864 4267 3119 4334 exhalat,
3155 4264 3213 4317 in
3228 4278 3295 4316 se
3313 4256 3777 4314 crassitudinem
3794 4267 3903 4306 coa-

2252 4368 2443 4442 gulari
2486 4381 2605 4420 non
2650 4361 2965 4433 permittat.
3027 4356 3281 4425 Apparet
3338 4361 3575 4420 quoque
3636 4360 3727 4398 ex
3770 4338 3904 4395 facili

2252 4433 2465 4533 quanta
2495 4453 2693 4528 populi
2744 4446 3076 4519 frequentia
3124 4443 3253 4497 suis
3294 4439 3505 4494 diebus
3540 4434 3729 4488 fuerit
3756 4433 3902 4485 locus

2165 4591 2175 4597 -
2254 4524 2787 4616 celeber,adquem
2818 4536 3071 4608 publicae
3103 4535 3276 4602 atque
3307 4526 3545 4598 regales
3572 4524 3694 4577 viae
3714 4533 3902 4576 conve-

479 4623 772 4696 frugalem
803 4614 1878 4710 nutritium,votorumsusceptorem,
1902 4609 2147 4663 hilarem
2175 4655 2226 4710 Β
2255 4609 2706 4692 Πίθηιθε’θάὴῖω
2728 4623 3280 4699 prmmonstmntur;
3306 4629 3556 4687 quarum
3594 4612 3698 4665 ma
3737 4623 3857 4681 qua
3880 4620 3907 4657 ⁸

479 4716 540 4769 in
585 4712 861 4769 omnibus
910 4708 1191 4776 datorem,
1245 4700 1491 4757 medelae
1540 4702 1775 4772 largum
1826 4699 2149 4753 curationis

482 4806 774 4871 sanctum,
811 4798 1020 4853 salutis
1053 4796 1345 4850 diuturnae
1385 4794 1635 4846 tutorem
1680 4788 2146 4843 sanctissimum.

482 4893 590 4959 Qui
623 4907 741 4946 non
766 4888 938 4943 modo
968 4886 1069 4941 ubi
1100 4882 1460 4939 venerabilis
1494 4880 1763 4951 corporis
1795 4878 1987 4947 ipsius
2018 4877 2150 4931 the-

486 4997 703 5037 saurus
736 4979 1059 5034 honoratur
1084 4972 1399 5028 virtutibus
1421 4972 1715 5035 coruscat,
1750 4983 1955 5021 verum
1978 4967 2150 5019 etiam

487 5074 651 5126 extra
709 5065 989 5124 territorii
1054 5064 1147 5119 sui
1196 5062 1414 5115 limites
1478 5057 1775 5112 multoties
1833 5055 2151 5108 miraculo-

490 5174 622 5212 rum
677 5158 870 5230 signis
925 5153 1209 5222 innotuit;
1264 5166 1397 5221 quae
1465 5163 1581 5202 non
1636 5149 1754 5200 tam
1796 5144 2152 5212 scriptorum

490 5247 687 5316 inepia
718 5263 891 5317 quam
936 5261 1045 5299 sua
1108 5256 1343 5310 semper
1398 5252 1636 5304 curans,
1696 5250 1812 5288 non
1844 5249 1977 5303 quae
2008 5232 2154 5286 Jesu

492 5335 731 5398 Christi,
767 5338 998 5388 terrena
1043 5328 1380 5386 sollicitudo
1426 5325 1827 5397 negligentius
1857 5321 2155 5377 oblivione

494 5423 730 5480 delevit.
792 5422 873 5476 De
933 5422 1148 5492 quibus
1211 5415 1613 5473 memorabilia
1673 5411 1942 5483 quaedam
2002 5409 2154 5463 dono

497 5513 688 5570 sancti
720 5510 976 5582 Spiritus
1007 5510 1309 5565 notiﬁcare
1334 5503 1735 5574 suscepimus,
1756 5515 1890 5571 quae
1922 5500 1983 5553 in
2004 5497 2154 5553 Gua-

494 5603 715 5661 tinensi
760 5601 965 5656 nostra
1009 5598 1263 5652 ecclesia
1328 5597 1463 5649 ante
1513 5592 1625 5647 hoc
1682 5588 2000 5645 triennium
2053 5601 2161 5657 per

499 5694 773 5753 eumdem
810 5692 1127 5766 patronum
1154 5687 1428 5741 nostrum
1463 5684 1691 5755 patrata
1746 5677 2160 5753 cognovimus,

2255 4728 2327 4782 ab
2380 4723 2682 4780 occidente
2710 4696 2772 4771 in
2802 4716 3038 4786 portum
3067 4708 3283 4763 Oceani
3314 4704 3690 4759 terminatur.
3728 4699 3789 4752 In
3816 4696 3910 4749 hoc

2257 4813 2470 4870 diﬂ'usa
2500 4810 2721 4865 oriente
2744 4818 2934 4874 usque
2955 4800 3029 4854 ad
3045 4814 3157 4853 nos
3180 4791 3660 4865 dirigitur,alveo
3685 4787 3910 4842 subter—

2258 4905 2472 4959 l'luente
2487 4893 2985 4964 clauditur,altera
3003 4903 3144 4942 vero
3160 4883 3523 4938 Britanniam
3542 4880 3914 4948 prospectans

2258 5008 2402 5064 ergo
2434 4991 2631 5044 monte
2661 4981 3045 5040 historiarum
3071 4971 3410 5030 testimonio
3442 4967 3748 5040 quondam
3772 4965 3913 5017 Batao

2262 5096 2468 5137 verum
2496 5076 2745 5141 colonia,
2788 5070 2963 5125 modo
2994 5080 3133 5119 vere
3150 5058 3534 5119 Guatinensis
3568 5060 3779 5109 nostra
3823 5052 3911 5103 sita

2261 5176 2354 5227 est
2384 5167 2659 5232 ecclesia,
2695 5180 2726 5216 a
2757 5161 2884 5214 viro
2927 5156 3179 5228 quodam
3211 5150 3499 5221 religioso
3545 5144 3795 5199 Odt'rido
3823 5154 3911 5194 no-

2263 5262 2440 5327 mine,
2467 5274 2499 5311 a
2523 5255 2720 5310 radice
2751 5249 3009 5304 fundata.
3042 5242 3229 5313 Cujus
3260 5241 3434 5294 bonae
3459 5228 3914 5290 conversationis

2269 5365 2442 5422 quam
2472 5347 2532 5399 in
2580 5342 2678 5395 illa
2721 5333 3119 5409 promulgavit
3166 5328 3396 5384 initium
3464 5325 3620 5377 inter
3654 5321 3837 5375 duros
3872 5318 3915 5368 et

2270 5437 2525 5495 incultos
2558 5430 2829 5486 homines
2851 5423 3051 5479 multis
3066 5419 3225 5475 dedit
3241 5416 3574 5471 animarum
3596 5416 3916 5483 provectum

2273 5530 2422 5584 Nam
2436 5539 2568 5580 cum
2581 5521 2770 5593 primo
2784 5516 2877 5571 sui
2899 5511 3187 5567 adventus
3201 5511 3467 5575 tempore
3480 5504 3684 5558 locum
3696 5496 3915 5555 vidith

2271 5582 2621 5685 solitarium,
2645 5600 3137 5683 quemadmodum
3161 5597 3262 5653 diu
3280 5593 3695 5652 desideratum
3723 5582 3914 5653 dilexit,
