4084 6186
239 326 439 436 153θ“

1397 363 1889 429 CHRONICON
1932 363 2225 426 WATIN
2232 363 2332 426 EN
2344 361 2463 426 SE.

3504 361 3659 424 1538

213 570 270 623 et
317 567 695 623 ecclesiolam
744 582 918 637 quam
972 566 1126 619 inter
1162 579 1379 635 vepres
1439 579 1507 617 ac
1565 566 1876 633 serpentes
1905 546 1965 607 Α
1993 562 2067 617 ad
2105 562 2387 616 verticem
2447 561 2725 616 dimidius
2773 562 3078 615 emarcuit.
3127 561 3264 615 Erat
3317 562 3654 616 miseranda

214 658 435 711 vilibus
455 656 729 711 tabulatis
752 656 1030 709 intextam
1055 653 1297 722 invenit,
1332 669 1446 707 non
1469 655 1604 722 post
1633 653 1878 705 multum

213 745 656 815 episcopalibus
678 744 866 815 gestis
881 742 1145 810 suscepit
1159 741 1510 796 clericorum
1524 740 1877 794 habitatione

212 835 485 903 instituit,
518 836 574 887 ct
614 832 943 886 secundum
974 831 1240 902 regulam
1264 830 1375 883 sub
1400 829 1624 883 sanctis
1647 831 1875 897 aposto-

210 923 288 976 lis
325 923 704 976 constitutam
761 921 962 974 vivere
1012 918 1203 988 caepit.
1266 918 1356 971 Ad
1396 933 1572 988 quem
1610 932 1744 970 cum
1782 915 1882 969 alii

212 1012 383 1067 vocis
398 1012 655 1065 novitate
674 1008 1048 1079 permoti,alii
1062 1022 1203 1061 vero
1244 1007 1557 1061 devotione
1574 1009 1630 1061 et
1651 1005 1881 1059 occulto

211 1101 425 1171 gratia:
463 1099 754 1153 beneﬁcio
818 1097 1090 1167 inspirati
1137 1096 1518 1163 conﬂuerent,
1572 1110 1646 1148 ex
1700 1108 1880 1163 parvo

208 1188 503 1258 principio
537 1203 603 1240 re
633 1188 693 1240 in
723 1187 852 1240 dies
871 1188 1203 1254 crescente,
1229 1185 1571 1253 ampliorem
1592 1182 1879 1251 fundavit,

210 1280 388 1347 atque
416 1277 487 1330 ad
512 1276 662 1331 bene
685 1275 920 1328 vivendi
955 1273 1321 1344 propositum
1347 1272 1736 1343 plurimorum
1761 1271 1884 1323 ani-

212 1381 341 1419 mos
370 1366 653 1434 incitavit,
687 1363 1277 1418 utetcommunivitaa
1292 1377 1358 1416 se
1378 1362 1632 1415 libentes
1652 1362 1883 1415 contra-

211 1454 440 1524 derent,
476 1455 650 1524 atque
682 1454 942 1506 omnium
975 1468 1107 1522 quas
1137 1452 1195 1504 in
1228 1451 1451 1505 saeculo
1483 1450 1700 1504 habere
1724 1449 1884 1503 vide-

205 1543 426 1597 bantur
454 1543 879 1611 renuntiantes,
919 1540 1223 1595 Christum
1258 1539 1561 1594 haaredem
1598 1538 1879 1592 facerent.

212 1631 374 1685 Inter
429 1646 580 1702 quos
640 1630 1043 1685 convicaneus
1104 1628 1363 1699 quidam,
1398 1629 1470 1681 H.
1511 1629 1767 1697 nomine,
1792 1629 1885 1682 vir

213 1720 431 1787 fidelis,
466 1724 603 1773 tunc
637 1718 810 1773 etiam
838 1718 991 1773 duos
1006 1717 1161 1771 filios
1177 1717 1458 1787 parvulos
1477 1718 1881 1787 obtulit,atque

212 1809 326 1863 sub
359 1807 586 1879 regulae
601 1806 752 1878 jugo
774 1806 1063 1877 praedicto
1082 1806 1377 1860 sacerdoti
1394 1805 1751 1860 erudiendos
1770 1809 1886 1859 tra-

1992 652 2179 706 facies
2197 651 2568 721 prmferentis
2610 652 2809 705 vivum
2851 666 2982 704 cum
3018 654 3268 705 mortuo.
3297 650 3442 705 Cum
3461 652 3653 705 adhuc

1989 744 2107 795 tota
2135 741 2406 809 corporis
2436 741 2588 795 mole
2609 740 3273 810 superstite,sinislrum
3301 741 3454 794 latus
3476 757 3646 797 omne

1988 829 2224 882 tulisset
2252 829 2477 898 passio,
2496 844 2563 881 ac
2595 828 2766 881 vivos
2786 831 2951 881 artus
2981 843 3121 896 pars
3148 831 3375 881 mortua
3407 828 3522 882 sibi
3551 829 3649 882 de-

1986 920 2255 987 putasset
2310 916 2528 972 ofﬁcio.
2562 917 2630 971 Et
2663 917 2799 988 quia
2831 918 3031 986 seipse
3064 932 3268 970 carere
3307 916 3472 971 salus
3536 934 3653 972 non

1990 1006 2372 1077 erat,pondns
2418 1007 2727 1061 taediosum
2760 1006 2949 1060 oculis
2981 1006 3242 1060 omnium
3273 1006 3647 1076 praeferebat,

1991 1096 2147 1166 quod
2170 1096 2230 1148 in
2253 1111 2322 1149 eo
2348 1110 2421 1149 ne
2444 1086 2680 1149 omnino
2710 1095 3062 1164 deperisset,
3083 1096 3327 1149 morbus
3361 1096 3489 1166 ipse
3514 1098 3657 1152 soli-

1990 1184 2466 1238 daret.Jacebant
2483 1184 2854 1238 aministerio
2880 1198 3061 1237 vacua
3090 1184 3367 1255 languida
3388 1186 3654 1241 membra

1991 1276 2045 1326 et
2077 1272 2453 1343 superficiem
2484 1273 2668 1326 solam
2701 1272 2939 1327 humani
2973 1274 3245 1342 corporis
3276 1273 3652 1346 exhibebant,

1991 1362 2153 1416 nullo
2193 1363 2333 1417 usui
2361 1378 2644 1434 congrua.
2668 1361 2976 1435 Siquando
3004 1365 3217 1431 autem,
3244 1362 3317 1416 ad
3357 1364 3654 1419 modicum

1992 1451 2248 1506 remissa
2278 1452 2579 1522 passione,
2605 1451 2675 1504 ad
2706 1451 3020 1505 ecclesiam
3042 1457 3140 1504 aut
3157 1450 3373 1505 alicubi
3395 1452 3652 1506 eundum

1992 1545 2136 1611 erat,
2167 1541 2377 1596 baculo
2392 1541 2764 1610 sustollente,
2795 1541 2993 1594 vivum
3019 1539 3271 1594 cadaver
3288 1539 3556 1611 segniter
3585 1557 3654 1595 ac

1992 1629 2736 1702 fatigabilitertripodabat,
2771 1632 2870 1683 aut
2901 1629 3146 1683 absente
3181 1630 3427 1684 custode
3461 1646 3527 1684 se
3544 1631 3651 1684 ali-

1991 1720 2225 1791 quando
2274 1721 2469 1773 minus
2517 1734 2661 1774 sane
2710 1719 2781 1773 ad
2813 1718 3000 1773 aliena
3038 1719 3331 1789 movebat,
3365 1719 3649 1773 miserum

1990 1809 2286 1863 hominem
2319 1808 2615 1862 multoties
2644 1809 2705 1862 in
2736 1808 2942 1878 reptile
2962 1808 3657 1878 quoddamtransforma-

213 1897 380 1950 didit.
412 1895 572 1960 Quos
607 1896 706 1949 ille
743 1895 1085 1964 suscipiens
1144 1899 1386 1964 paterne
1414 1895 1674 1962 nutrivit,
1709 1897 1882 1965 atque
1918 1905 1962 1963 B
1990 1897 2345 1967 bat.Lingua
2375 1897 2503 1951 sine
2536 1896 2732 1951 ofﬁcio
2766 1897 3010 1965 erat,vel
3032 1897 3241 1967 siquid
3272 1897 3654 1951 balbutiendo

213 1986 351 2039 vitae
410 1985 616 2038 merito
668 1984 781 2038 sub
813 1986 1018 2038 sancta
1059 1984 1341 2038 societate
1374 1983 1680 2054 degentes,
1708 1987 1882 2052 prout

213 2078 360 2127 aetas
390 2073 487 2127 illa
517 2072 768 2142 sinebat,
804 2073 917 2127 sub
961 2072 1155 2127 sacris
1208 2072 1517 2126 ordinibus
1550 2072 1879 2125 servituros

209 2162 523 2231 promovit.
559 2162 645 2215 De
667 2177 921 2232 quorum
953 2177 1091 2229 uno,
1123 2161 1410 2215 Tamardo
1433 2161 1690 2230 nomine,
1723 2161 1878 2214 rela-

209 2253 374 2305 tione
402 2250 688 2319 praeclara
738 2266 843 2320 per
890 2250 949 2304 S.
1000 2250 1389 2304 Donatianum
1434 2250 1595 2304 Deus
1626 2249 1882 2304 ostendit

216 2340 506 2394 miracula
535 2340 751 2393 virtute
784 2339 1031 2411 fulgida,
1066 2339 1326 2393 claritate
1347 2339 1682 2408 perspicua,
1714 2339 1775 2392 in
1813 2354 1881 2392 se

207 2429 559 2499 probabilia,
594 2428 768 2482 alieni
799 2428 1121 2482 testimonii
1169 2444 1289 2484 non
1347 2428 1602 2498 egentia.
1648 2428 1718 2482 Et
1745 2429 1881 2499 quia

209 2520 643 2573 conversantes
672 2532 705 2570 a
726 2517 1015 2585 principio
1039 2517 1300 2587 quotidie
1327 2516 1423 2569 illa
1444 2516 1881 2587 videmus,qu0-

207 2606 355 2660 tidie
386 2606 573 2659 oculis
605 2606 949 2675 aspicimus,
971 2605 1229 2676 quotidie
1254 2605 1526 2659 manibus
1549 2608 1880 2659 contrecta-

209 2711 370 2763 mus,
400 2695 673 2749 volumus
722 2694 895 2749 etiam
944 2709 1216 2764 quosque
1235 2694 1441 2748 fideles
1471 2709 1539 2748 ea
1571 2694 1883 2748 nobiscum

207 2782 513 2850 admirari,
546 2781 859 2836 nobiscum
887 2781 1181 2850 venerari,
1217 2784 1292 2849 et,
1325 2780 1587 2835 licetnon
1605 2795 1880 2849 prmsen-

208 2874 327 2939 tes,
361 2870 454 2924 vel
484 2870 542 2923 in
561 2871 673 2924 hoc
704 2871 926 2941 scripto
944 2869 1268 2925 nobiscum
1283 2869 1881 2940 contueri.Hicigitur

208 2975 348 3014 cum
398 2960 691 3013 novennis
728 2959 1095 3030 juveuculus
1126 2974 1158 3012 a
1189 2959 1533 3028 parentibus
1581 2959 1642 3011 in
1673 2958 1882 3012 eodem

208 3049 575 3102 monasterio
618 3051 782 3103 esset
829 3048 1083 3118 oblatus,
1133 3049 1194 3101 in
1223 3048 1323 3101 illa
1352 3051 1557 3101 sancta
1594 3048 1880 3101 societate

206 3153 322 3208 pro
357 3137 595 3191 modulo
625 3152 734 3191 suo
753 3131 1197 3206 sub'disciplina
1217 3137 1496 3206 pastorali
1525 3136 1881 3207 regulariter

206 3230 309 3281 est
361 3228 772 3295 conversatus,
832 3229 1140 3296 promptus
1185 3226 1526 3280 obedienter
1554 3225 1880 3279 domestica

205 3314 497 3386 implebat
525 3314 740 3383 ofﬁcia,
774 3319 830 3368 et
851 3316 924 3369 ad
952 3318 1158 3369 nutum
1180 3315 1475 3369 monentis
1509 3314 1698 3368 facilis
1735 3328 1878 3383 ope-

206 3405 456 3460 rebatur
484 3403 852 3475 injuncta.Et
883 3405 953 3457 ad
985 3405 1143 3475 quod
1172 3405 1510 3474 provectior
1538 3406 1683 3457 aetas
1715 3417 1879 3456 com-

205 3496 423 3564 petens
482 3508 659 3564 agere
707 3508 825 3546 non
882 3495 1128 3562 poterat,
1188 3497 1251 3546 ut
1279 3492 1647 3546 consuetudo
1678 3494 1788 3559 est,
1822 3491 1880 3543 in

206 3583 389 3637 domo
422 3582 526 3635 Dei
558 3581 1134 3635 minoresinstruere
1164 3581 1222 3634 in
1254 3582 1415 3635 sorte
1433 3596 1541 3633 sua
1565 3595 1697 3634 cum
1729 3594 1881 3633 coae-

204 3671 404 3725 taneis
446 3670 736 3724 veniebat.
782 3670 1012 3742 Agebat
1066 3670 1153 3724 sic
1186 3671 1298 3723 sub
1340 3669 1715 3723 scholaribus
1748 3668 1882 3722 altis

203 3765 450 3829 tempus
481 3758 792 3828 prolixius,
845 3766 900 3813 et
930 3759 1002 3812 ad
1033 3760 1192 3830 quod
1230 3758 1647 3812 instituebatur
1683 3757 1880 3827 provi-

203 3850 408 3904 dentia
444 3849 547 3901 Dei
591 3848 652 3901 in
710 3848 839 3902 dies
884 3848 1231 3917 proficiebat
1260 3848 1320 3900 in
1354 3847 1584 3914 melius,
1612 3849 1669 3899 et
1698 3845 1878 3914 pube-

208 3941 481 3992 scentem
506 3940 734 3991 aetatem
754 3936 866 3990 sub
899 3936 1189 3990 custodiis
1215 3935 1584 4006 transigebat
1602 3933 1882 4005 regulari-

203 4028 349 4081 bus.
405 4025 772 4095 lntelligebat
805 4024 929 4095 jam
982 4028 1123 4079 tunc
1178 4027 1363 4079 tutam
1408 4024 1563 4077 viam
1596 4039 1734 4077 esse
1766 4022 1879 4076 sub

204 4114 579 4177 ductoribus,
616 4117 800 4168 tutam
836 4114 991 4167 viam
1021 4114 1222 4168 vivere
1256 4114 1368 4167 sub
1399 4114 1759 4181 rectoribus,
1785 4116 1880 4166 tu-

205 4209 336 4258 tum
370 4202 642 4256 laborare
667 4218 803 4256 cum
869 4201 1214 4272 hujusmodi
1265 4202 1726 4256 laboratoribus.
1762 4200 1880 4254 Sed

210 4292 333 4345 sub
367 4291 576 4344 intuitu
608 4292 907 4344 cernentis
929 4290 1545 4362 cunctajudicis,quid
1570 4294 1753 4344 tutum
1782 4290 1881 4343 aut

206 4380 334 4435 sibi
358 4380 663 4433 confidens
694 4395 833 4434 esse
865 4382 1082 4450 queat?
1108 4381 1246 4450 quid
1273 4380 1543 4449 Opiﬁcem
1562 4379 1656 4433 sui
1679 4380 1876 4448 operis

1991 1986 2320 2055 dilatrabat,
2363 1986 2554 2039 aliena
2585 1985 2657 2039 ab
2679 1985 2999 2051 intellectu,
3032 2002 3100 2039 ac
3134 1986 3263 2039 sine
3288 2001 3477 2040 sensu
3516 2002 3655 2055 per-

1990 2074 2538 2145 sonabat.Longum
2560 2075 2652 2126 est
2682 2088 3008 2127 memorare
3031 2088 3137 2143 per
3168 2073 3440 2144 singulas
3470 2073 3654 2127 mise-

1991 2163 2196 2233 rias,et
2212 2180 2360 2234 quas
2380 2169 2495 2217 tam
2514 2164 2638 2217 dira
2656 2164 2859 2232 passio
2874 2163 3025 2217 sol-et
3046 2162 3302 2216 excitare
3327 2162 3653 2216 molestias.

1991 2252 2141 2305 Nam
2165 2252 2293 2306 dies
2321 2253 2451 2306 sine
2496 2252 2712 2321 quiete,
2746 2254 2951 2305 noctes
2981 2251 3455 2320 insomnes,dum
3479 2268 3510 2303 a
3540 2250 3657 2303 fra-

1988 2341 2181 2395 tribus
2214 2341 2623 2408 continuatas;
2681 2356 2747 2394 ac
2807 2341 3030 2411 majora
3072 2340 3270 2393 recolo
3310 2338 3655 2408 specialius,

1991 2447 2232 2486 narrare
2264 2430 2489 2484 minora
2506 2428 2937 2499 praetereo.Sed
2956 2444 3135 2482 unum
3150 2429 3297 2482 satis
3318 2428 3647 2481 mirandum

1990 2536 2142 2590 pono
2162 2520 2315 2590 quod
2333 2522 2556 2589 partem
2571 2518 2764 2572 vivam
2778 2518 3046 2586 corporis
3060 2516 3649 2587 quamfpraenortuam

1989 2609 2292 2664 trahebat:
2328 2611 2485 2663 tanta
2503 2608 2802 2677 passionis
2841 2604 3181 2678 adjumento
3213 2607 3421 2660 collata
3451 2607 3642 2660 virtus

1992 2700 2312 2754 roborabat
2344 2701 2541 2752 utnon
2565 2698 2756 2750 solum
2779 2711 2894 2750 non
2920 2696 3217 2765 deficeret,
3237 2695 3513 2766 sedquod
3532 2694 3655 2748 lan-

1990 2789 2309 2858 guentibus
2349 2786 2620 2841 accidere
2651 2801 2769 2840 non
2801 2786 2970 2854 solet,
2998 2785 3231 2839 duobus
3250 2785 3548 2839 auttribus
3568 2799 3657 2838 re-

1988 2877 2309 2932 tinentibus
2341 2877 2655 2947 aliquando
2695 2876 2986 2929 valentior
3025 2875 3364 2928 obsisteret.
3398 2874 3504 2938 Qui
3539 2875 3653 2926 tam

1987 2966 2411 3021 indomitabilis
2445 2966 2617 3037 vigor
2630 2981 2739 3020 nec
2758 2968 2889 3019 ante
2911 2965 3251 3035 passionem
3272 2979 3528 3035 unquam
3550 2980 3652 3017 ex-

1987 3057 2154 3125 stitit,
2188 3071 2299 3110 nec
2332 3057 2579 3110 sanitate
2601 3057 2837 3125 recepta
2867 3055 3115 3109 ulterius
3148 3054 3207 3107 in
3239 3069 3308 3108 co
3343 3053 3644 3107 remansit.

2056 3147 2319 3216 Cumque
2351 3145 2478 3198 fere
2501 3160 2605 3215 per
2644 3144 2962 3199 triennium
2996 3143 3339 3215 bujusmodi
3369 3143 3645 3213 martyria

1985 3235 2183 3289 dilatio
2223 3234 2618 3303 protenderet,
2653 3248 2761 3287 nec
2783 3233 2906 3303 jam
2946 3248 3113 3303 spem
3141 3232 3526 3302 recuperandi
3560 3230 3653 3284 ul-

1982 3325 2098 3377 lam
2124 3325 2444 3377 inveterata
2474 3323 2665 3385 morbi
2695 3320 2924 3376 affectio
2942 3322 3326 3392 promitteret,
3361 3322 3421 3375 in
3454 3338 3648 3377 reme—

1984 3416 2108 3467 rata
2127 3429 2363 3482 semper
2386 3429 2516 3467 cum
2536 3412 2648 3466 ﬁde
2673 3411 3110 3481 postulantibus
3134 3411 3329 3465 divina
3349 3411 3653 3466 miseratio

1986 3502 2254 3571 adfuit,et
2285 3503 2661 3556 diuturnitate
2692 3501 3026 3555 afﬂictuma
3057 3501 3427 3571 beneplacito
3457 3506 3651 3556 tamen

1988 3607 2099 3647 suo
2130 3608 2247 3645 non
2277 3591 2625 3645 derelictum
2656 3590 2846 3645 fuisse
2862 3590 3312 3644 demonstravit.
3340 3590 3488 3643 Nam
3511 3606 3646 3644 cum

1987 3681 2046 3735 S.
2087 3680 2315 3734 Nicolai
2348 3680 2533 3735 Patris
2564 3680 2756 3734 nostri
2778 3679 3229 3733 anniversarius
3249 3679 3459 3733 natalis
3483 3679 3656 3734 adve-

1985 3771 2194 3838 nisset,
2227 3786 2296 3823 ac
2329 3769 2782 3840 frequentiorob
2806 3768 2939 3839 ejus
2965 3770 3307 3823 memoriam
3327 3769 3400 3822 ad
3420 3784 3531 3823 nos
3550 3785 3655 3839 po-

1985 3860 2161 3929 pulus
2194 3860 2536 3923 conflueret,
2565 3858 2724 3911 idem
2758 3858 3214 3928 frater,quadam
3246 3859 3304 3910 in
3338 3873 3405 3911 se
3436 3858 3650 3913 mentis

1986 3949 2281 4002 alacritate
2314 3949 2465 4002 inter
2495 3949 2623 4017 ipsa
2666 3946 2897 4017 flagella
2955 3948 3198 4011 tractus,
3259 3948 3652 4001 commonitus

1982 4037 2145 4106 petiit
2167 4040 2459 4106 quatenus
2475 4034 2767 4089 communi
2788 4034 3209 4104 laetitiaa,quam
3234 4034 3649 4089 celebrandam

1983 4129 2392 4194 noverat,cum
2417 4123 2648 4177 caeteris
2678 4122 2959 4176 fratribus
3002 4123 3650 4177 interesset.Deductus

1982 4216 2176 4269 autem
2209 4214 2279 4268 ad
2305 4213 2541 4285 vigilias
2561 4213 2772 4282 noctis,
2798 4212 3058 4266 officium
3074 4212 3343 4265 lectionis
3362 4212 3521 4283 quod
3534 4212 3651 4266 sibi

1983 4305 2162 4358 licere
2193 4305 2611 4372 postulaverat,
2646 4303 2897 4357 devotus
2926 4300 3209 4370 explevit:
3233 4300 3338 4354 sed
3371 4300 3653 4355 invaletu-

1985 4394 2179 4447 dinem
2212 4409 2328 4447 non
2348 4392 2709 4460 ferens,ante
2724 4389 3471 4460 alios,ﬁnitislaudibus,ad
3491 4393 3648 4443 stra-

203 4470 584 4539 aliquatenus
615 4470 828 4522 lateat?
857 4469 997 4539 (ἰυίά
1028 4469 1207 4521 (“Vini
1241 4469 1479 4522 luminis
1502 4484 1750 4523 acumen
1785 4467 1876 4522 ef‘
1903 4515 1957 4575 D
1985 4485 2105 4535 tum
2135 4482 2446 4536 rediit.Vix
2476 4482 2613 4535 dum
2659 4480 3011 4534 tenuissimo
3043 4494 3258 4548 sopore
3288 4479 3648 4549 solvitur,ut,

202 4559 445 4629 fugiat?
468 4557 639 4611 Nulla
672 4560 997 4625 transeunt,
1027 4557 1185 4610 nulla
1216 4558 1765 4625 succedunt,omuia
1792 4557 1877 4609 vi—

204 4649 329 4717 det,
364 4646 556 4701 omnia
586 4649 871 4716 penetrat,
929 4650 1230 4700 scrutatur
1260 4647 1472 4714 omnia,
1500 4646 1726 4717 judicat
1756 4662 1877 4700 om-

203 4737 329 4804 nia,
376 4750 567 4806 neque
618 4751 768 4805 opus
815 4735 994 4789 habet
1030 4738 1090 4788 ut
1122 4735 1236 4789 sibi
1270 4736 1405 4806 quis
1427 4736 1582 4790 dicat
1610 4736 1872 4790 testimo-

202 4826 375 4879 nium
402 4824 474 4878 de
504 4825 761 4893 homine,
794 4825 924 4894 ipse
955 4825 1119 4878 novit
1152 4826 1293 4895 quid
1312 4825 1389 4878 sit
1412 4825 1469 4877 in
1486 4825 1877 4893 homine,ipse

203 4914 387 4969 etiam
420 4914 479 4967 in
512 4913 623 4967 hoc
676 4914 894 4967 famulo
926 4928 1037 4967 suo
1075 4913 1358 4966 invisibili
1392 4914 1618 4983 judicio
1650 4914 1874 4983 forsan,

203 5004 442 5057 sciebat
459 5003 754 5056 occultum
776 5002 929 5072 quod
961 5002 1433 5056 misericorditer
1462 4994 1656 5070 puniri
1670 5002 1872 5071 voluit,

201 5108 281 5147 ne
309 5092 589 5146 transiret
609 5091 859 5144 inultum
883 5095 981 5144 aut
1011 5091 1065 5144 si
1094 5092 1332 5161 proprio
1364 5096 1528 5144 reatu
1546 5091 1740 5161 puniri
1760 5107 1876 5144 non

201 5182 434 5248 debuit,
470 5180 840 5234 salutiferum
869 5182 928 5233 in
958 5180 1345 5251 eojudicium
1376 5183 1597 5234 nostra:
1628 5195 1876 5249 corrup-

200 5271 391 5325 tionis
423 5269 651 5323 indixit.

283 5359 435 5411 Nam
467 5359 740 5426 decursa,
774 5361 837 5412 ut
865 5356 1083 5413 dictum
1115 5361 1224 5423 est,
1279 5358 1490 5412 minori
1534 5361 1723 5425 aetate,
1750 5358 1877 5430 jam

206 5448 684 5521 grandiusculus
716 5447 1153 5518 eminebat,jam
1184 5449 1428 5502 calentis
1460 5448 1875 5502 adolescentiae

202 5537 497 5592 terminos
542 5537 832 5608 attigerat,
887 5553 1021 5590 cum
1063 5537 1426 5607 acutissima,
1462 5553 1637 5607 quam
1686 5538 1878 5592 Graeci

200 5627 532 5697 paralysim
552 5629 785 5695 vocant,
819 5627 1100 5695 passione
1132 5626 1483 5696 dissolutus,
1505 5627 1876 5692 decubuit,ac

205 5716 613 5770 membrorum
630 5715 904 5770 destituta
927 5731 1275 5789 compage,a
1294 5716 1490 5786 planta
1500 5717 1671 5789 pedis
1684 5732 1875 5789 usque

1985 4572 2477 4642 quemadmodum
2502 4571 2630 4623 ﬁeri
2650 4570 2819 4637 solet,
2839 4568 3008 4623 facile
3042 4568 3341 4622 dormiens
3365 4568 3562 4638 potius
3593 4570 3649 4623 te

1986 4661 2235 4731 vigilare
2269 4660 2647 4725 credas,cum
2678 4674 2815 4713 ecce
2841 4659 3036 4712 subita
3056 4657 3189 4711 luce
3220 4657 3413 4712 cubile
3442 4658 3501 4711 in
3534 4673 3649 4728 quo

1978 4748 2215 4819 jacebat
2247 4765 2417 4803 omne
2447 4749 2842 4818 perfunditur,
2885 4748 2943 4800 in
2979 4763 3092 4817 qua
3126 4748 3474 4819 magniﬁcos
3498 4746 3649 4801 duos

1985 4841 2146 4893 viros
2166 4839 2236 4892 ad
2269 4854 2335 4893 se
2365 4839 2568 4893 venire
2600 4838 2671 4892 de
2704 4837 3028 4907 improviso
3062 4838 3459 4906 conspicatur,
3495 4852 3647 4906 quos

1983 4929 2249 4983 officiosa
2284 4928 2593 4982 sedulitate
2625 4927 2827 4981 senior
2856 4926 3093 4998 quidam
3115 4925 3461 4995 prmcedens
3475 4925 3653 4995 quasi

1982 5016 2368 5088 obsequentis
2391 5018 2580 5070 vicem
2611 5021 2744 5071 ante
2786 5020 3004 5070 tantam
3035 5015 3378 5085 dignitatem
3435 5029 3647 5085 gerere

1981 5106 2307 5160 videbatur.
2344 5107 2461 5175 Ipsi
2512 5110 2703 5160 autem
2744 5105 3058 5159 admodum
3092 5103 3324 5157 decenti
3366 5102 3642 5174 gravium

1980 5210 2373 5264 personarum
2415 5196 2655 5249 incessu
2699 5194 2835 5247 hinc
2877 5193 3008 5247 inde
3039 5208 3187 5262 pone
3218 5191 3642 5263 sequebantur.

1982 5284 2249 5337 Territus
2282 5284 2518 5353 inopino
2567 5284 2785 5337 lumine
2828 5284 3025 5350 frater,
3079 5284 3252 5352 atque
3285 5280 3481 5335 inviso
3512 5286 3646 5336 ante

1982 5373 2090 5426 has
2122 5374 2344 5427 formas
2378 5377 2550 5443 atque
2584 5372 2819 5426 habitus
2852 5371 3085 5443 fulgore
3114 5373 3273 5424 totus
3306 5372 3648 5424 concutitur

1960 5466 2038 5515 *et
2092 5463 2372 5532 quidnam
2430 5462 2697 5515 incertus
2755 5461 2995 5528 faceret,
3044 5460 3230 5514 solam
3254 5475 3461 5515 eorum
3493 5474 3644 5530 quos

1981 5552 2307 5620 aspiciebat
2337 5552 2716 5619 praesentiam
2737 5552 3025 5605 tremulus
3044 5549 3527 5604 admirabatusz
3555 5564 3648 5601 au-

1980 5643 2098 5693 tem
2130 5640 2230 5709 qui
2259 5655 2364 5692 eos
2395 5639 2718 5707 antecebat,
2775 5640 2946 5709 quasi
3005 5638 3316 5693 familiaris
3372 5638 3642 5691 visitator

1962 5728 2225 5799 \propius
2275 5728 2588 5799 accedens,
2620 5727 2835 5783 lectulo
2867 5728 3068 5799 astitit,
3103 5729 3159 5784 et
3187 5724 3526 5799 aliquandiu
3554 5726 3644 5778 ta.
