4084 6186
280 307 432 370 1541

1484 307 1977 372 CHRONICON
2006 308 2505 375 WATINENSE

3543 316 3703 384 1542

254 510 643 579 ergo,sancte
663 508 788 577 Dei,
810 511 871 562 ut
892 525 1126 564 manum
1170 510 1229 563 in
1263 509 1504 581 tuajam
1540 511 1817 581 recipias,
1857 513 1914 565 et
1946 492 2005 554 Α
2040 512 2231 566 torem
2250 512 2481 567 felicem
2501 528 2616 568 non
2639 514 2776 568 licet
2796 496 3165 584 arbitremur,
3193 515 3427 587 fratres,
3464 519 3700 575 oraculo

253 602 523 651 sanatum
579 600 892 667 postquam
937 599 1009 652 ad
1056 601 1113 653 te
1157 600 1405 667 venerit,
1451 600 1521 652 ad
1573 615 1680 653 sua
1712 600 1917 654 remit-

251 688 365 739 tas.
394 687 598 739 ltestat
630 690 690 739 ut
740 686 971 740 vivitica
1028 704 1203 741 manu
1263 692 1627 742 contractum
1682 692 1917 760 tangas,

253 777 313 827 et
341 774 414 828 ad
446 774 793 844 portandum
846 775 939 828 sui
988 779 1343 845 portatorem
1404 777 1608 831 facias.
1670 776 1921 847 Suscipe

254 877 404 934 ergo
463 863 705 933 grabato
790 863 1256 931 decumbentem,
1317 870 1372 920 et
1428 866 1668 937 resigna
1748 867 1920 920 nobis

251 966 373 1005 non
397 954 457 1004 ut
478 951 630 1006 solet
648 951 1064 1007 miserabiliter
1082 954 1491 1023 tripodantem.
1509 954 1579 1008 Et
1596 955 1922 1024 apprehen-

253 1055 382 1093 sam
399 1039 655 1110 jacentis
678 1056 913 1094 manum
933 1042 1259 1097 morbidam
1273 1044 1473 1097 senior
1491 1044 1714 1097 dextrae
1730 1044 1920 1098 sancti

251 1128 528 1197 inseruit,
560 1144 812 1199 eumque
862 1131 974 1183 sub
1033 1130 1378 1202 hujusmodi
1409 1132 1609 1186 verbis
1641 1132 1919 1187 attentius

252 1217 705 1271 commendavit.
742 1219 981 1287 Accipe,
1019 1218 1229 1289 inquit,
1263 1235 1296 1273 o
1345 1223 1549 1274 sancte
1592 1220 1717 1289 Dei,
1762 1221 1919 1275 hunc

251 1306 602 1359 canonicum
644 1322 750 1375 pro
786 1306 884 1360 illo
910 1322 1028 1362 uno
1059 1308 1130 1362 de
1152 1310 1291 1377 tuis,
1324 1324 1497 1379 quem
1528 1310 1635 1364 tibi
1657 1310 1916 1379 nomino,

252 1393 360 1463 qui
385 1394 499 1447 nisi
524 1394 806 1448 velociter
826 1395 1003 1448 vitam
1021 1398 1366 1464 correxerit,
1395 1397 1519 1468 jam
1548 1399 1608 1451 in
1641 1399 1747 1454 Dei
1768 1414 1918 1468 prae-

252 1482 446 1536 sentia
490 1483 879 1537 damnandum
922 1485 1202 1554 praedico.
1236 1486 1282 1539 Ο
1312 1487 1552 1541 altitudo
1585 1487 1918 1541 divitiarum

250 1571 684 1626 misericordia
704 1571 842 1626 Dei!
873 1573 1092 1645 dignus
1124 1578 1308 1629 morte
1359 1591 1476 1630 non
1506 1577 1775 1644 moritur,
1808 1592 1919 1645 pu-

250 1659 529 1729 niendus,
556 1661 801 1730 punitati
823 1662 1210 1728 subtrahitur;
1231 1667 1506 1733 peccator
1527 1680 1643 1718 non
1668 1665 1915 1735 judicio,

252 1748 361 1801 sed
396 1751 619 1805 terrore
652 1749 966 1819 multatur;
1016 1767 1293 1820 premens
1325 1752 1734 1807 misericordia
1759 1752 1918 1823 judi-

252 1838 409 1892 cium
430 1841 774 1906 remoratur,
798 1839 1073 1908 panditur
1102 1841 1196 1893 via
1232 1842 1527 1910 peccatori
1561 1844 1622 1895 ut
1651 1857 1683 1894 a
1712 1841 1916 1911 pravis

250 1927 483 1980 actibus
516 1930 913 1997 convertatur,
949 1929 1152 1983 dilatio
1185 1929 1500 1999 paenitendi
1533 1930 1911 2000 promittitur,

251 2015 377 2069 etei
398 2015 742 2084 proponitur
758 2016 857 2085 qui
888 2031 1004 2070 non
1035 2020 1316 2087 meretur,
1338 2034 1503 2087 spem
1527 2018 1914 2088 recuperandi

249 2103 528 2175 patientia
558 2105 802 2172 nuntiat,
829 2109 884 2158 et
905 2104 987 2158 illi
1027 2104 1275 2159 offertur
1320 2108 1418 2176 qui
1442 2122 1557 2161 non
1590 2110 1911 2177 exspectat.

254 2192 418 2246 Reus
451 2208 523 2246 ex
549 2193 784 2246 nomine
802 2193 861 2246 in
885 2197 1223 2248 sanctorum
1247 2195 1656 2250 conventiculo
1671 2196 1914 2249 denota-

250 2284 367 2349 tur,
402 2296 576 2351 quem
632 2280 823 2335 fidelis
884 2282 1117 2336 auditor
1167 2283 1469 2353 publicare
1519 2283 1808 2352 formidat,
1840 2299 1916 2337 ne

252 2367 541 2421 malorum
572 2369 855 2423 concione
885 2369 1296 2425 confundatur.
1354 2370 1538 2434 Quam
1567 2386 1711 2440 pura
1741 2385 1915 2425 reve-

252 2456 393 2511 latio
424 2458 554 2511 sine
586 2457 896 2511 convicio?
923 2474 1098 2528 quam
1128 2458 1447 2513 affectuose
1494 2459 1753 2512 visitatio
1784 2460 1914 2513 sine

254 2544 610 2615 opprobrio!
672 2562 843 2617 quam
876 2547 1068 2601 dulcis
1115 2547 1433 2601 admonitio
1464 2548 1592 2601 sine
1635 2546 1910 2617 imperio!

254 2650 418 2688 reum
451 2634 822 2689 comminatio
856 2637 1125 2707 castigat,
1187 2652 1305 2690 non
1362 2653 1554 2705 poena.
1588 2636 1914 2692 Conversio

254 2724 680 2792 proponiturin
712 2724 988 2793 vindicta,
1022 2727 1079 2779 et
1099 2724 1216 2779 nisi
1239 2724 1631 2779 conditionem
1645 2727 1918 2780 dissimu-

251 2811 462 2865 laverit
497 2813 853 2882 corrigendi,
887 2829 1025 2867 vera
1059 2814 1347 2867 certitudo
1397 2814 1643 2868 docetur
1674 2818 1912 2869 senten-

252 2901 391 2953 tiam
411 2900 715 2955 evadendi.
732 2900 883 2965 Quin
901 2902 1072 2956 etiam
1091 2905 1147 2956 et
1168 2902 1347 2956 ﬁdum
1388 2907 1595 2971 pectus
1631 2904 1915 2958 auditoris

252 2989 513 3043 additum
533 2989 700 3058 celat,
748 3006 820 3044 ne
843 2990 1025 3044 divini
1047 2992 1261 3045 secreti
1279 2990 1916 3062 proditorjudicandus

253 3078 487 3132 existat.
522 3078 781 3148 Simplex
800 3077 1030 3134 affectio
1053 3080 1433 3135 conscientiae
1459 3081 1706 3150 trepidat
1728 3082 1916 3136 denu-

252 3167 395 3221 dare
419 3168 641 3222 crimen
660 3168 867 3238 culpae.
903 3168 1020 3223 Sed
1041 3170 1324 3239 nunquid,
1350 3168 1554 3239 frater,
1587 3170 1665 3225 ita
1684 3172 1918 3226 sincere

254 3257 595 3311 discernis?
623 3258 887 3328 nunquid
933 3258 1312 3313 conscientiae
1345 3260 1565 3313 bonum
1594 3261 1831 3329 amittis,
1868 3261 1920 3315 si

2034 599 2232 655 divino
2262 603 2674 671 praemonitum
2730 603 2964 657 felicem
3019 606 3536 674 transgreSsorem
3581 610 3699 661 tam

2032 688 2262 743 idoneis
2298 691 2553 744 testibus
2593 692 3084 762 convincendum,
3128 694 3226 763 qui
3257 699 3391 747 ante
3424 694 3607 749 Deum
3640 697 3699 751 in

2034 793 2211 830 causa
2234 779 2488 848 positus,
2506 783 2729 833 reatum
2763 784 2899 850 post
2925 781 3383 836 admonitionem
3404 785 3699 840 occultare

2031 865 2276 933 timebit,
2310 882 2483 936 quem
2535 867 2821 921 hactenus
2869 868 2939 922 de
2973 885 3039 923 se
3099 869 3369 924 confiteri
3420 872 3512 925 vel
3557 890 3696 927 eru-

2031 953 2157 1007 buit
2185 953 2279 1007 vel
2311 956 2713 1025 contempsit?
2760 956 3018 1011 Felicem
3063 958 3254 1029 plane,
3298 978 3406 1016 nec
3449 963 3698 1017 inﬁciari

2029 1043 2262 1110 poterit,
2295 1044 2436 1113 quin
2468 1045 2639 1098 etiam
2674 1044 2865 1115 ipsum
2900 1046 3112 1100 similis
3172 1051 3534 1123 negligentia
3566 1066 3700 1106 cum

2032 1129 2213 1184 David
2238 1135 2441 1186 sancto
2464 1134 2748 1202 propheta
2796 1137 3109 1204 componit.
3146 1138 3247 1192 Ille
3274 1156 3525 1211 namque
3576 1142 3698 1195 Deo

2031 1218 2378 1274 satisfacere
2398 1221 2467 1274 de
2490 1237 2740 1291 pervasa
2765 1222 2924 1277 Uriae
2957 1240 3139 1279 uxore
3165 1230 3370 1299 voluit,
3388 1231 3499 1284 iste
3513 1246 3703 1301 sponw

2029 1322 2154 1360 sam
2179 1305 2402 1361 Christi
2424 1324 2596 1379 quam
2621 1311 2678 1362 in
2703 1326 2769 1364 se
2813 1311 3069 1381 fcedavit,
3115 1315 3494 1372 confessione
3528 1335 3699 1372 mun-

2030 1394 2169 1449 dare
2194 1398 2545 1466 contempsit
2580 1414 2591 1451 :
2628 1399 2723 1452 ille
2768 1401 3150 1456 commissum
3204 1404 3489 1476 ﬂagitium
3528 1405 3698 1477 justo

2030 1483 2262 1537 silentio
2286 1486 2517 1539 cautius
2539 1487 2815 1543 occulere
2839 1491 3086 1559 curavit,
3107 1492 3220 1547 iste
3250 1509 3322 1547 ne
3345 1495 3558 1549 animm
3577 1496 3698 1550 vul-

2030 1588 2145 1625 nus
2170 1578 2497 1643 appareret,
2533 1577 2914 1631 conscientiae
2971 1581 3232 1635 tenebris
3261 1582 3598 1652 obvolutus,
3633 1585 3693 1638 in

2031 1661 2222 1715 lucem
2245 1664 2446 1717 venire
2465 1664 2688 1727 vitavit;
2715 1665 2813 1719 ille
2831 1667 3163 1722 innocentis
3179 1669 3559 1726 homicidium
3584 1673 3699 1726 cal-

2029 1749 2144 1803 lida
2177 1752 2606 1807 machinatione
2621 1756 2972 1825 composuit,
2999 1757 3111 1811 iste
3145 1759 3500 1815 indesinenti
3524 1763 3699 1833 plaga

2031 1838 2297 1908 seipsum
2318 1844 2525 1909 petens
2555 1844 2860 1897 conamine
2893 1860 3008 1915 quo
3042 1846 3223 1900 valuit
3255 1849 3514 1918 quotidie
3548 1850 3697 1904 mori

2032 1926 2346 1997 disposuit;
2367 1928 2463 1982 ille
2479 1929 2549 1983 de
2564 1930 2934 1986 manifestato
2958 1934 3186 1989 scelere
3208 1936 3511 2005 prOphetae
3530 1954 3696 2007 para-

2030 2016 2164 2070 bola
2205 2017 2594 2086 convincitur,
2629 2018 2742 2072 istc
2774 2024 3116 2075 sanctorum
3165 2023 3224 2076 in
3255 2025 3549 2079 audientia
3580 2026 3697 2080 nisi

2031 2105 2253 2158 reverti
2276 2105 2546 2174 voluerit,
2576 2107 2871 2163 auditione
2893 2109 3042 2162 mala
3073 2110 3439 2167 damnandus
3470 2114 3695 2169 addici-

2030 2194 2142 2246 tur.
2176 2194 2362 2246 Ambo
2395 2209 2539 2265 ergo
2564 2198 2893 2264 patratores
2925 2197 3133 2263 illiciti;
3170 2200 3275 2255 sed
3310 2202 3406 2255 ille
3442 2203 3695 2257 convicti

2030 2282 2316 2351 criminis,
2342 2283 2455 2336 iste
2477 2284 2712 2349 occulti;
2745 2285 2917 2339 ambo
2950 2288 3357 2342 misericordia
3381 2290 3485 2343 Dei
3508 2290 3695 2362 indigi

2030 2373 2086 2423 et
2104 2370 2310 2440 gratia:
2332 2386 2482 2440 aqua
2497 2371 2855 2441 ceciderunt,
2872 2379 3119 2445 egentes
3160 2377 3694 2432 reconciliari.Non

2029 2472 2172 2529 ergo
2192 2459 2381 2530 magis
2397 2458 2824 2514 abominandus
2837 2466 3112 2531 peccator
3125 2464 3695 2537 iste,quiadignitate

2028 2548 2237 2615 minor,
2283 2548 2397 2601 imo
2456 2549 2874 2604 venerabiliter
2902 2550 2960 2604 in
2992 2550 3181 2605 forma
3238 2554 3451 2624 cuique
3501 2555 3695 2626 magis

2028 2636 2493 2705 anteponendus,
2521 2637 2655 2707 quia
2680 2654 2810 2691 cum
2845 2640 3031 2710 regali
3066 2639 3375 2711 majestate
3399 2644 3491 2695 sui
3511 2643 3694 2697 voluit

2030 2739 2168 2778 esse
2194 2728 2520 2778 corrector.
2558 2726 2778 2780 Retulit
2811 2743 3063 2799 namque
3086 2729 3240 2783 idem
3261 2730 3441 2785 frater
3460 2732 3633 2786 nobis
3664 2749 3695 2785 a

2031 2828 2097 2867 se
2121 2816 2320 2880 postea
2338 2815 2755 2868 commonitum
2778 2818 2909 2870 ante
2929 2820 3175 2871 mortem
3213 2835 3382 2872 suam
3413 2820 3694 2875 attentius

2029 2900 2102 2954 ad
2132 2901 2383 2955 lamenta
2413 2902 2602 2956 fuisse
2635 2919 3014 2959 conversum.

2102 2989 2330 3043 Interea
2361 2990 2607 3044 coelicus
2638 2991 2735 3045 ille
2756 2996 3089 3052 conventus
3114 2994 3388 3063 solvitur,
3412 2998 3469 3051 et
3490 2997 3695 3051 relicto

2030 3079 2279 3148 quicum
2306 3094 2375 3133 eo
2407 3082 2646 3133 venerat
2665 3081 2922 3149 seniore,
2959 3086 3202 3137 sanctus
3225 3086 3471 3154 uterque
3495 3085 3694 3139 diver-

2030 3167 2186 3221 titur.
2204 3167 2414 3221 Senior
2436 3172 2627 3221 autem
2651 3169 3067 3224 sollicitudinis
3090 3171 3365 3225 instantia
3380 3172 3569 3227 adhuc
3584 3173 3697 3227 alia

2031 3255 2300 3326 quaedam
2322 3257 2643 3310 domestica
2664 3257 3064 3326 disposituras
3084 3261 3142 3312 in
3166 3260 3293 3329 ipso
3316 3261 3533 3317 lumine
3556 3262 3697 3316 sub-

254 3346 412 3399 hunc
428 3346 740 3416 quiperire
763 3347 1129 3413 desiderat,a
1151 3348 1359 3417 laqueo
1378 3349 1726 3416 proditionis
1757 3365 1921 3404 aver—
1954 3381 2005 3441 C
2033 3344 2197 3441 stitit,
2233 3348 2405 3441 atque
2427 3344 2791 3441 discipulum
2822 3346 2971 3441 quid
2994 3348 3292 3441 deinceps
3304 3353 3531 3441 ageret,
3569 3351 3699 3404 dili-

214 3502 221 3508 ‘
257 3436 367 3489 tis?
388 3436 485 3488 aut
506 3435 558 3487 si
577 3435 793 3489 nemini
832 3436 969 3489 licet
990 3436 1150 3506 loqui
1191 3452 1469 3490 arcanum
1501 3439 1658 3508 quod
1678 3439 1918 3508 novisti,

256 3523 351 3577 vel
374 3523 628 3578 illicerte
650 3524 784 3577 licet
804 3524 876 3577 de
908 3539 1023 3595 quo
1049 3525 1347 3579 audivisti.
1394 3526 1517 3580 Nec
1540 3528 1695 3581 enim
1723 3528 1922 3582 beato-

258 3628 389 3666 rum
410 3613 725 3683 spirituum
758 3613 907 3667 ﬁdes
938 3614 1231 3684 arguitur,
1265 3614 1323 3666 in
1353 3629 1469 3683 quo
1482 3615 1783 3685 prophetae
1803 3617 1921 3686 spi-

259 3701 408 3755 ritus
427 3702 861 3771 comprobatur.
886 3702 979 3755 Ait
1012 3703 1201 3767 enim;
1224 3702 1294 3757 Si
1325 3717 1437 3756 non
1467 3705 1748 3757 annuntia
1762 3706 1923 3759 veris

260 3791 459 3861 iniquo
476 3792 849 3861 iniquitatem
867 3792 1408 3863 suam,sanguinem
1430 3792 1619 3862 ipsius
1644 3792 1719 3846 de
1749 3809 1921 3847 manu

259 3885 356 3933 tua
384 3880 704 3950 requiram.
730 3879 800 3933 Et
832 3883 1057 3934 certum
1087 3879 1524 3951 objurgationis
1556 3882 1792 3935 modum
1826 3882 1921 3935 dat

255 3967 769 4039 Evangelium,ubi
793 3971 1132 4037 peccantem
1161 3969 1461 4038 corripere
1483 3970 1749 4039 praecipit
1770 3970 1924 4025 inter

255 4060 312 4111 te
332 4057 600 4126 etipsum
621 4058 834 4111 solum.
856 4057 925 4110 Et
947 4058 1272 4126 Apostolus
1298 4074 1309 4112 :
1338 4057 1600 4122 Peribit,
1636 4060 1841 4129 inquit,
1863 4060 1923 4112 in

257 4151 354 4199 tua
368 4145 732 4200 conscientia
744 4146 942 4200 frater
950 4146 1185 4218 prdquo
1215 4146 1495 4201 Christus
1517 4152 1779 4201 mortuus
1808 4154 1918 4202 est.

254 4233 426 4289 Certe
485 4235 802 4289 crudelitas
847 4251 964 4289 non
996 4238 1107 4303 est,
1143 4235 1196 4289 si
1228 4235 1418 4289 solum
1452 4237 1562 4290 soli
1595 4236 1917 4303 confiteris,

254 4324 372 4377 imo
396 4324 586 4395 magis
604 4326 891 4379 innocens
914 4339 1030 4377 non
1066 4324 1205 4391 eris,
1232 4325 1286 4377 si
1318 4324 1551 4377 fratrem
1577 4340 1750 4394 quem
1788 4341 1922 4379 cor-

252 4412 521 4481 ripiendo
558 4413 773 4467 lucrari
813 4414 1055 4482 poteris,
1109 4412 1355 4466 tacendo
1384 4412 1578 4481 perire
1605 4414 1918 4481 permittis.

251 4500 545 4555 Caeterum
592 4502 808 4570 replica
841 4504 1275 4572 consequenter
1332 4517 1464 4571 quae
1501 4501 1603 4554 tibi
1636 4501 1791 4555 dicta
1830 4506 1921 4557 est

254 4590 668 4658 conditionem,
702 4592 757 4644 et
788 4590 988 4659 utique
1022 4590 1291 4643 invenies
1322 4589 1752 4643 emendationis
1782 4592 1917 4645 vita:

252 4678 801 4747 commonitionem;
832 4679 1091 4749 alioquin
1123 4694 1461 4732 eversorem
1496 4679 1751 4732 mandati
1773 4680 1916 4749 teip-

251 4782 385 4820 sum
409 4766 740 4834 constituis,
763 4767 815 4819 si
850 4766 1071 4820 ferrum
1100 4782 1215 4836 quo
1249 4767 1546 4836 putridum
1568 4767 1783 4821 vulnus
1816 4784 1915 4822 se-

252 4854 375 4909 cari
407 4860 618 4924 potest,
669 4855 1071 4909 subtrahendo
1111 4855 1451 4909 abscondis.
1501 4856 1738 4909 Festina
1770 4871 1914 4928 ergo

249 4942 466 4996 lucrari
485 4943 738 4997 animam
762 4944 1047 5013 fratris,si
1067 4944 1333 4998 converti
1351 4943 1586 5012 feceris,
1617 4959 1721 5011 pro
1754 4950 1913 5000 certo

248 5047 389 5086 reus
409 5047 523 5085 non
556 5033 683 5099 erit,
720 5033 856 5102 quia
888 5033 1172 5102 scriptum
1206 5035 1297 5086 est
1330 5048 1341 5086 :
1376 5031 1539 5085 Muta
1577 5032 1909 5102 imperium,

248 5126 308 5174 et
323 5137 435 5174 non
464 5121 601 5174 erit.
631 5120 1040 5175 Fraterautem
1062 5122 1135 5174 ad
1166 5121 1371 5176 horam
1405 5121 1559 5175 hunc
1592 5122 1772 5174 taceri
1804 5138 1912 5176 vo-

246 5209 369 5270 luit,
406 5208 539 5279 quia
573 5209 645 5263 de
697 5211 899 5279 seipso
933 5210 1074 5279 quid
1106 5209 1485 5264 revelationis
1517 5210 1914 5280 compleretur

243 5298 459 5352 tacitus
487 5299 872 5367 exspectavit,
923 5302 978 5353 et
1023 5299 1514 5368 quemadmodum
1573 5302 1913 5353 sanctorum

243 5387 672 5441 consecrctalis
717 5387 825 5441 fuit
857 5388 913 5440 in
946 5388 1255 5456 audiendo,
1308 5388 1385 5441 ita
1435 5403 1670 5459 quoque
1704 5392 1912 5443 cautus

242 5491 409 5529 reum
441 5491 558 5529 non
582 5476 840 5545 prodidit
884 5477 1235 5545 detegendo;
1298 5478 1433 5546 quia
1478 5477 1620 5529 nulli
1654 5493 1911 5548 unquam

241 5564 341 5633 qui
371 5568 534 5618 esset
558 5565 821 5618 indicare
879 5565 1079 5631 voluit,
1150 5568 1367 5634 praeter
1416 5566 1685 5619 eumdem
1716 5566 1911 5634 ipsum

243 5668 419 5726 quem
432 5652 711 5707 revelatio
728 5652 1170 5709 denotavit.Sed
1200 5654 1465 5727 nunquid
1515 5654 1672 5709 hunc
1702 5670 1909 5726 pecca-

2034 3434 2194 3503 genti
2227 3433 2556 3487 eruditione
2587 3434 2839 3503 amplius
2881 3435 3237 3490 informavit.
3273 3437 3451 3502 Vade,
3488 3438 3695 3509 inquit,

2035 3522 2118 3575 ﬁli
2149 3522 2218 3575 ad
2250 3521 2463 3575 fratres
2490 3526 2749 3592 nostros,
2785 3526 2841 3577 et
2872 3525 3237 3579 cambarium
3287 3542 3491 3581 eorum
3524 3532 3692 3582 ante-

2035 3611 2147 3664 hoc
2169 3611 2647 3681 aliquodtcmpus
2667 3613 2847 3666 rebus
2872 3612 3145 3668 humanis
3178 3618 3513 3686 exemptum
3543 3617 3699 3671 into-

2033 3701 2357 3755 lerabiliter
2386 3703 2634 3756 cruciari
2670 3703 2888 3770 nuntia,
2925 3704 3029 3757 sed
3062 3719 3267 3758 eorum
3307 3706 3609 3775 precibus,
3644 3705 3698 3760 si

2033 3789 2385 3843 unanimiter
2406 3806 2510 3859 pro
2534 3791 2631 3843 illo
2684 3792 2934 3861 egerint,
2968 3808 3001 3845 a
3035 3793 3153 3846 Deo
3181 3794 3240 3846 in
3261 3793 3430 3847 brevi
3476 3810 3699 3850 conce-

2037 3877 2793 3931 dendumtldelitcrindica.
2830 3878 2899 3931 Et
2933 3895 3026 3947 ne,
3051 3882 3308 3950 inquies,
3334 3882 3604 3937 diffidant
3624 3884 3698 3938 de

2029 3966 2222 4034 venia,
2257 3966 2392 4036 quia
2424 3981 2530 4035 per
2560 3981 2665 4020 eos
2697 3967 3020 4020 redimetur
3066 3984 3172 4036 pro
3228 3972 3389 4023 certo
3445 3987 3474 4023 a
3505 3988 3698 4041 pmna.

2032 4054 2231 4107 Addas
2278 4055 2450 4108 etiam
2508 4055 2626 4108 tuis
2657 4055 3093 4109 assertionibus
3127 4072 3198 4110 ne
3231 4058 3703 4114 anniversarium

2031 4144 2305 4215 Gregorii
2336 4159 2501 4214 papae
2525 4143 2760 4213 septimi
2778 4143 2849 4197 de
2883 4149 3099 4198 caetero
3113 4145 3476 4217 negligentia
3508 4150 3697 4201 trans-

2034 4237 2186 4300 eant,
2223 4232 2328 4286 scd
2359 4233 2528 4286 anuis
2551 4232 2810 4303 singulis
2843 4232 3064 4287 celebri
3099 4234 3388 4304 obsequio
3422 4234 3699 4289 solemni-

2032 4325 2121 4375 ter
2160 4321 2436 4389 ambiant,
2470 4322 2605 4392 quia
2645 4321 2960 4375 ecclesiam
2983 4326 3245 4376 nostram
3269 4322 3444 4393 signo
3476 4327 3532 4377 et
3553 4339 3696 4394 apo-

2033 4410 2243 4464 stolico
2276 4410 2514 4463 decreto
2538 4411 2809 4478 firmavit,
2841 4414 2897 4464 et
2916 4415 3077 4464 recte
3116 4411 3354 4464 vivendi
3374 4411 3529 4464 viam
3550 4412 3609 4465 in
3631 4428 3699 4467 ea

2032 4498 2205 4552 nobis
2224 4503 2464 4568 paterna
2484 4498 2792 4552 traditione
2815 4498 3403 4569 promulgavit.Quod
3421 4500 3472 4553 si
3487 4500 3696 4555 devote

2032 4587 2326 4657 complere
2350 4587 2786 4653 voluerint,non
2808 4587 3049 4640 frustari
3074 4588 3546 4642 remuneratione
3568 4590 3697 4643 sine

2030 4676 2207 4730 dubio
2240 4675 2521 4738 afﬁrmes;
2547 4675 2683 4745 quia
2706 4675 2796 4728 vir
2817 4678 3060 4728 sanctus
3080 4678 3171 4729 est
3191 4681 3249 4730 et
3264 4677 3463 4748 magni
3481 4677 3695 4743 meriti,

2031 4770 2087 4820 et
2106 4767 2164 4820 in
2189 4766 2365 4819 multa
2418 4766 2742 4836 gratiarum
2771 4764 3001 4818 actione
3027 4764 3186 4818 Deus
3217 4765 3505 4834 suscipiet
3540 4766 3696 4835 quod

2031 4856 2245 4909 mando
2276 4870 2379 4923 pro
2403 4870 2471 4908 eo
2504 4854 2651 4908 fieri.
2691 4853 2770 4906 Ita
2785 4857 3192 4907 consummata
3209 4854 3439 4907 visione
3456 4857 3697 4908 sancto-

1944 4921 1997 4980 D
2031 4961 2161 4997 rum
2194 4921 2502 4998 comitatus
2538 4942 2792 5013 vestigia
2824 4942 3026 4995 senior
3054 4956 3289 5011 quoque
3324 4942 3605 5011 abcessit,
3640 4945 3699 4997 et

2031 5032 2270 5086 fratrem
2300 5049 2424 5102 prae
2456 5032 2732 5103 angustia
2764 5031 3012 5100 spiritus
3046 5030 3227 5083 multo
3287 5029 3507 5084 sudore
3539 5031 3700 5085 velut

2028 5137 2177 5190 aqua
2201 5120 2505 5189 perfusum
2553 5118 2884 5189 dereliquit.
2910 5118 3021 5171 Vix
3050 5116 3206 5170 enim
3257 5132 3409 5170 onus
3442 5118 3695 5173 visionis

2024 5212 2264 5278 propter
2282 5209 2371 5263 sui
2393 5208 2695 5262 difficult!
2730 5227 2795 5260 an
2817 5206 3116 5275 sustinuit,
3138 5206 3244 5259 sed
3268 5221 3383 5259 non
3400 5210 3512 5260 tam
3538 5208 3693 5278 quod

2025 5299 2084 5351 in
2109 5303 2351 5368 stupore
2384 5296 2595 5350 mentis
2619 5295 2926 5363 vidit,licet
2943 5309 3091 5364 pene
3119 5296 3546 5349 exaestuantem
3578 5298 3694 5351 ter-

2024 5388 2160 5454 ruit,
2191 5403 2364 5458 quam
2385 5386 2588 5439 odoris
2611 5385 2905 5456 fragantia
2941 5386 3115 5454 atque
3152 5383 3507 5454 recipiendae
3532 5385 3689 5438 sani-

2023 5477 2294 5547 tatisjam
2329 5477 2383 5528 in
2408 5491 2513 5545 spe
2561 5475 2746 5543 gratia
2792 5472 3214 5527 delectabiliter
3244 5472 3479 5527 refovit.
3514 5472 3684 5526 Nunc

2023 5582 2154 5636 age,
2180 5566 2379 5632 frater,
2415 5564 2550 5617 tolle
2578 5560 3158 5633 moras,quidjaces?
3190 5578 3394 5633 surge,
3432 5575 3685 5614 conven-

2020 5658 2142 5709 tum
2178 5653 2295 5724 adi,
2329 5653 2597 5709 mandata
2616 5652 2865 5721 complc.
2898 5650 3143 5706 Oratore
3158 5666 3267 5723 pro
3285 5655 3342 5705 te
3372 5664 3489 5704 non
3509 5662 3683 5721 eges,
