4084 6186
432 294 592 357 1543

1438 294 1818 357 EBRARDI
1874 294 2403 357 VVATINENSIS
2450 293 2851 357 CANONICI

3693 296 3858 357 1544

404 494 558 564 quod
583 498 773 549 mente
790 495 1133 565 habes,ipse
1156 499 1324 564 prout
1350 495 1514 550 vales
1538 511 1644 564 pro
1675 496 1729 548 te
1761 494 2028 564 loquaris
2054 509 2067 562 ;
2095 481 2451 547 Dliberalis
2471 493 2708 564 quidam
2731 493 2802 547 de
2829 492 3114 547 fratribus
3145 493 3407 563 hospitio
3442 495 3731 565 suscepit,
3766 494 3876 549 sed

405 582 533 652 ipse
575 587 629 636 te
669 586 723 637 et
771 584 910 653 quid
959 585 1157 637 vidisti
1202 600 1485 654 exponas;
1532 585 1680 652 ipse,
1716 583 2069 637 nemocnini

404 672 608 726 verius
633 675 825 742 potest
845 689 1021 743 quam
1038 676 1118 741 tu,
1147 675 1280 726 veni
1302 674 1655 739 inmedium,
1683 672 1849 742 prodi
1874 674 1933 724 in
1964 688 2068 741 pu-

398 759 639 814 blicum.
662 761 795 815 Non
824 777 974 831 opus
1011 764 1103 815 est
1127 762 1342 831 multis,
1374 762 1648 816 benevoli
1669 765 1806 815 sunt
1836 761 2066 815 audito-

400 862 537 902 res:
574 847 789 902 fratres
847 851 1001 903 enim
1043 855 1201 918 sunt,
1254 851 1476 919 szepius
1522 849 1856 903 miserando
1908 849 1978 902 de
2010 853 2064 903 te

399 935 973 1008 planxerunt,elogio
998 940 1220 1008 saepius
1242 944 1354 992 tuae
1372 939 1726 992 infirmitatis
1745 938 2063 993 affectuose

400 1027 697 1095 compassi
722 1030 858 1079 sunt
902 1027 1159 1090 vinculo,
1200 1028 1416 1081 habent
1435 1030 1626 1081 tecum
1651 1027 1813 1096 ﬁere,
1848 1027 2063 1081 habent

397 1114 592 1167 tecum
622 1114 907 1184 gaudere,
942 1131 1047 1184 pro
1080 1116 1288 1184 placito
1322 1117 1619 1170 silentium
1652 1117 1927 1183 indicent,
1963 1133 2059 1169 au~

398 1201 523 1256 dire
544 1205 598 1256 te
621 1208 881 1271 current,
908 1205 1143 1257 discere
1161 1221 1191 1256 a
1223 1208 1277 1257 te
1297 1205 2062 1274 desiderabunt,intentique

399 1305 500 1344 ora
528 1291 833 1345 tenebunt.
868 1292 1477 1363 Impeditamlinguam
1499 1294 1703 1360 habes,
1737 1310 1808 1347 ne
1831 1294 2055 1363 timeas,

398 1379 511 1432 sub
542 1379 779 1451 dialogo
812 1381 953 1434 nihil
984 1397 1150 1452 ages,
1199 1383 1629 1452 quaestionibus
1687 1398 1801 1435 non
1832 1398 2060 1452 expun-

397 1467 849 1538 geris,spatium
866 1469 1139 1540 loquendi
1166 1488 1297 1524 cum
1315 1471 1402 1524 eis
1427 1487 1541 1525 non
1564 1471 1947 1540 permutabis,
1966 1486 2059 1525 so-

393 1555 511 1609 lam
544 1556 767 1611 habeas
800 1574 1005 1612 vocem
1037 1560 1331 1628 narrandi,
1366 1576 1483 1615 non
1514 1559 1933 1629 respondendi.
1970 1560 2061 1613 In-

396 1644 673 1714 gredere,
727 1646 986 1717 inquam,
1037 1664 1373 1702 sermonem
1432 1649 1632 1717 edoce,
1687 1648 2060 1701 miseriarum

395 1734 625 1785 tuarum
644 1732 817 1787 tinem
832 1736 1035 1803 edoce,
1060 1737 1365 1805 SOSpitatis
1386 1737 1858 1807 redintegrandze
1887 1737 2059 1791 tidem

394 1821 809 1919 denuda,quod
835 1825 1035 1878 vidisti
1059 1827 1352 1879 somnium
1372 1842 1478 1895 per
1497 1827 1652 1897 quod
1672 1825 2061 1880 denodabitur
2091 1855 2147 1919 Β

392 1912 507 1964 tuae
552 1911 973 1966 invaletudinis
1016 1915 1317 1967 vinculum
1360 1914 1609 1982 denuda,
1664 1915 1944 1968 mirandae
1976 1914 2057 1965 di-

394 2000 796 2068 spensationis
844 2003 1229 2071 promissum,
1290 2003 1687 2056 indubitandae
1738 2002 2058 2055 curationis

394 2087 874 2157 emolumentum,
920 2094 977 2143 et
1034 2091 1404 2144 affirmavere
1460 2091 1838 2145 revelationis
1899 2091 1956 2143 in
2006 2094 2058 2143 te

392 2178 761 2244 proventum.
788 2178 1005 2232 Tecum
1039 2185 1403 2250 cognoscant
1426 2181 1743 2233 certionem
1763 2179 2058 2233 ministro-

391 2279 520 2316 rum
539 2265 893 2335 cmlestium,
928 2268 1165 2321 audiant
1187 2269 1321 2339 quis
1343 2272 1396 2322 te
1421 2268 1707 2337 suscepit,
1744 2268 2053 2337 medicum,

390 2352 626 2407 audiant
669 2354 997 2409 efﬁcacium
1048 2357 1433 2410 antidotorum
1470 2356 1919 2427 pigmentarium
1950 2355 2048 2410 ubi

392 2442 717 2496 mansionis
766 2444 939 2498 habet
983 2446 1196 2513 locum,
1234 2446 1448 2516 Brugis
1500 2446 1731 2498 notiiica
1763 2450 2043 2513 castrum,

388 2545 505 2600 quo
527 2546 659 2585 cum
680 2534 1047 2603 perveneris,
1064 2539 1326 2602 paratum
1347 2535 1613 2587 invenias
1628 2534 2043 2587 diversorium.

388 2617 722 2687 Specialius
742 2622 903 2690 aperi
920 2622 1073 2675 diem
1101 2623 1567 2691 determinatam,
1605 2626 1809 2693 parent
1839 2638 2048 2690 expen-

388 2722 510 2775 sas,
538 2710 672 2777 quia
706 2709 860 2778 apud
892 2714 1159 2763 sanctum
1191 2712 1575 2765 llonatianum
1608 2716 1703 2764 tua
1740 2712 1816 2765 sit
1847 2715 2047 2781 parata

388 2795 905 2866 sanitas,profecto
930 2803 990 2852 ut
1018 2803 1072 2852 te
1106 2799 1284 2853 velint
1304 2801 1628 2854 sanandum
1645 2801 2050 2854 deducendum

388 2883 461 2935 ad
510 2882 664 2938 hunc
714 2888 1121 2959 evangelicum
1182 2888 1588 2958 stabularium,
1633 2904 1741 2942 nec
1798 2890 2049 2958 amplius

386 2972 679 3040 patiantur
704 2974 979 3044 debilem,
1013 2977 1148 3045 quia
1181 2977 1309 3030 sine
1341 2978 1518 3030 dubio
1546 2978 1739 3046 ipsum
1771 2978 1858 3031 sis
1886 2978 2048 3030 habi-

386 3062 554 3116 turus
573 3063 1207 3135 curatorem.Adjungc
1231 3081 1463 3135 quoque
1497 3065 1569 3118 ad
1596 3066 1775 3136 hujus
1799 3067 2049 3119 sanctis-

387 3149 906 3205 simiconfessoris
925 3155 1309 3222 praeconium,
1343 3155 1499 3224 quod
1536 3155 1593 3207 in
1625 3155 1785 3208 calce
1816 3156 2048 3208 revela-

384 3236 563 3291 tionis
596 3242 688 3293 est
719 3213 1031 3306 annexdm,
1075 3244 1209 3313 quia
1242 3213 1322 3296 illi
1349 3213 1483 3314 jure
1539 3244 1838 3298 videbitur
1886 3244 2047 3298 attri-
2084 3213 2140 3280 ο

383 3325 682 3381 buendum
715 3331 873 3399 quod
923 3346 956 3383 a
988 3347 1053 3385 se
1086 3334 1396 3386 comitante
1455 3333 1770 3386 salubriter
1800 3333 1923 3386 ﬁeri
1956 3337 2047 3387 est

381 3417 809 3483 przemonitum.

470 3504 583 3551 Jam
605 3504 683 3552 sol
710 3508 994 3569 astrigeras
1016 3521 1177 3556 cursu
1199 3510 1509 3569 properabat
1539 3510 1601 3558 ad
1631 3524 1799 3567 arces,

473 3584 537 3629 Et
568 3597 720 3632 rosea
753 3585 930 3633 stellas
956 3588 1181 3636 cmcabat
1216 3588 1334 3636 luna
1366 3591 1614 3638 minores.

379 3677 510 3715 eum
526 3662 755 3717 alienus
772 3666 950 3719 frater
962 3668 1156 3736 quiete
1173 3670 1591 3738 percellitur,et
1610 3688 1674 3726 se
1699 3674 1891 3743 magis
1916 3689 2041 3727 cer-

378 3752 500 3803 tum
522 3750 750 3806 vidisse
784 3756 1084 3809 cmlicolas
1108 3773 1279 3828 quam
1311 3759 1605 3815 dormisse
1640 3762 1902 3816 miratur.
1932 3764 2036 3826 Qui

378 3838 575 3892 statim
590 3840 862 3897 ordinere
883 3851 1236 3915 computato,
1261 3849 1332 3901 ad
1361 3850 1799 3904 confessionem
1836 3866 2041 3905 eorum

376 3942 509 3997 quae
527 3928 753 3985 viderat
772 3933 831 3985 in
851 3949 1144 3989 consessu
1180 3936 1422 3991 fratrum
1447 3955 1619 4008 quam
1644 3940 2038 4008 citiusperve-

374 4017 643 4089 nitatque
659 4021 938 4077 mirantes
963 4041 1084 4094 pra“:
1108 4026 1323 4095 gaudio
1340 4031 1395 4080 et
1417 4027 1486 4079 dc
1520 4029 1813 4097 promissa
1844 4030 2032 4082 salute

372 4105 696 4163 alacriores
713 4112 1127 4182 reddidit,etde
1142 4116 1368 4169 caelesti
1384 4116 1712 4171 visitatione
1727 4118 1907 4171 lociin
1921 4134 2036 4171 ma-

372 4209 548 4263 gnam
562 4213 729 4267 spem
744 4202 1146 4256 unanimiores
1162 4206 1551 4259 excitavit.l<‘it
1576 4207 1804 4259 interim
1825 4212 2032 4276 prmte-

371 4284 534 4339 riens
550 4287 843 4344 decursus
862 4292 1144 4361 temporis
1164 4293 1414 4364 longior,
1432 4298 1602 4364 atque
1618 4296 1897 4349 salutaris
1924 4303 2036 4351 ter-

370 4373 826 4445 minus,quando
842 4395 907 4432 se
923 4381 1109 4433 nostri
1123 4382 1193 4434 Sa
1206 4382 1444 4435 lvatoris
1460 4384 1730 4438 nativitas
1744 4386 2032 4441 acceleret

370 4462 831 4531 cupientianimo
850 4471 1454 4537 praeoptaturSalutat
1473 4475 1733 4543 quotidie
1747 4475 2035 4531 adventus

2184 582 2316 652 ejus
2335 599 2575 636 causam
2601 598 2741 635 cum
2771 583 3133 652 praepositus
3157 584 3574 653 cognovisset,
3591 586 3792 637 statim
3813 587 3873 637 in

2182 671 2354 725 domo
2388 687 2495 724 sua
2519 671 2916 726 diversorium
2932 671 3152 725 habere
3176 672 3691 739 concessit.Unde,
3714 674 3862 743 quia

2184 760 2439 814 ecclesia
2462 761 2738 831 contigua
2752 764 2934 828 esset,
2955 763 3087 813 ante
3107 764 3376 813 sanctum
3398 761 3611 830 deponi
3630 761 3864 831 potuis-

2188 854 2297 917 set,
2331 854 2387 903 et
2417 850 2704 903 ordinatis
2737 849 2807 902 ad
2840 848 2973 918 ejus
3003 849 3335 903 custodiam
3357 849 3867 916 ofﬁciis,idoneas

2189 954 2481 1009 personas
2500 954 2632 992 cum
2650 954 2720 993 eo
2745 939 2815 992 de
2836 937 3122 991 fratribus
3140 936 3242 1008 qui
3263 939 3421 992 omni
3442 939 3867 993 benevolentia

2190 1028 2430 1081 aderant
2450 1029 2559 1096 eis,
2580 1030 2636 1082 et
2658 1026 3126 1081 commendatum
3155 1025 3486 1097 dereliquit.
3520 1027 3653 1096 Ipse
3686 1027 3866 1081 solli-

2189 1117 2342 1172 citus
2372 1116 2444 1169 ad
2474 1117 2587 1169 alia
2617 1116 2917 1170 tractanda
2973 1115 3211 1186 longius
3269 1115 3427 1168 abiit.
3463 1114 3573 1183 En,
3607 1121 3859 1186 patrone

2183 1208 2408 1274 sancte,
2444 1208 2580 1258 tuus
2612 1204 2884 1257 infirmus
2921 1203 3206 1257 collectus
3228 1206 3341 1269 est,
3368 1219 3507 1257 cura
3538 1203 3858 1274 hospitalis

2184 1294 2379 1348 habita
2412 1292 2605 1347 omnis
2635 1295 2840 1344 auctor
2868 1291 3153 1361 quiescat.
3186 1289 3457 1360 Sedjam,
3480 1290 3678 1357 frater,
3712 1293 3861 1361 quid

2185 1381 2536 1436 remoram-is?
2557 1380 2694 1451 quid
2718 1380 2789 1433 ad
2810 1379 3116 1433 stationem
3137 1378 3413 1431 indictam
3436 1379 3685 1433 venisti?
3701 1379 3859 1443 Quia

2180 1468 2802 1540 Donatianimagnatis
2826 1467 3089 1522 calcatis
3106 1466 3179 1520 ad
3211 1467 3434 1520 curiam
3452 1468 3706 1536 intrasti,
3741 1468 3861 1521 ob-

2174 1559 2399 1613 tutibus
2422 1558 2556 1629 ejus
2576 1562 2629 1612 te
2652 1559 2950 1628 praesenta
2972 1571 3145 1627 quem
3179 1555 3509 1626 requisisti,
3528 1558 3665 1626 quia
3680 1558 3867 1610 terri-

2176 1649 2311 1703 torii
2342 1648 2491 1702 fines
2523 1648 2714 1717 ipsius
2733 1646 3000 1717 attigisti,
3035 1644 3106 1698 ad
3138 1645 3219 1698 tui
3242 1646 3708 1715 recognitionem
3743 1662 3850 1700 ex-

2174 1737 2286 1792 cita
2309 1752 2486 1807 quem
2523 1735 2718 1790 adisti.
2762 1734 2920 1788 Vade
2952 1734 3153 1804 igitur,
3191 1734 3327 1803 quia
3364 1735 3603 1787 venisse
3639 1739 3692 1788 te
3724 1751 3850 1788 non

2174 1826 2423 1897 ignorat,
2452 1825 2559 1879 sed
2590 1824 2661 1877 ad
2694 1840 2759 1878 se
2793 1827 2853 1877 ut
2884 1823 3090 1875 venias
3116 1821 3243 1891 jam
3273 1825 3599 1892 exspectat,
3632 1822 3853 1876 faciem

2172 1919 2330 1968 tuam
2369 1915 2493 1985 jam
2524 1913 2865 1984 praenoscit;
2896 1911 3003 1967 sed
3045 1911 3443 1982 requirendus
3473 1917 3567 1966 est
3600 1916 3854 1966 sanctus

2172 2003 2272 2057 ubi
2307 2003 2646 2073 requiescit.
2683 2002 2865 2069 Vade,
2902 2001 3161 2071 inquam,
3195 2003 3251 2054 et
3279 2003 3592 2069 prosterne
3642 2016 3849 2054 coram

2174 2106 2243 2145 eo
2260 2092 2683 2145 misericordiae
2704 2090 3183 2161 clamorem,quia
3201 2092 3430 2160 gratum
3444 2089 3848 2158 proculdubio

2174 2180 2398 2234 senties
2426 2180 2889 2250 propitiatorem.
2915 2178 3178 2232 Dulcedo
3218 2194 3471 2248 namque
3520 2193 3849 2247 pauperum

2175 2270 2267 2321 est
2294 2268 2407 2322 iste
2440 2271 2705 2338 sanctus,
2731 2268 2908 2322 crede
2926 2268 3062 2338 quia
3079 2267 3230 2321 bene
3253 2267 3499 2335 venisti;
3532 2266 3660 2335 plus
3692 2282 3851 2319 con-

2176 2358 2397 2410 solator
2430 2357 2787 2411 miserorum
2836 2360 2946 2426 est,
2980 2356 3210 2409 confide
3241 2356 3378 2425 quia
3406 2355 3554 2409 bene
3587 2356 3850 2422 venisti;

2174 2442 2451 2499 fortitudo
2473 2446 2748 2500 debilium
2766 2444 3219 2514 est,confortare
3233 2444 3368 2514 quia
3386 2443 3536 2497 bene
3579 2444 3839 2507 venisti;

2174 2538 2486 2604 susceptor
2509 2538 2645 2589 tuus
2675 2534 2866 2587 fidelis
2899 2536 3008 2600 est,
3044 2548 3187 2603 ergo
3240 2533 3390 2585 bene
3449 2532 3678 2586 venisti.
3718 2532 3847 2588 Per

2173 2624 2367 2692 ipsum
2417 2624 2572 2678 enim
2623 2624 2679 2676 in
2709 2627 2765 2676 te
2812 2621 3150 2691 implebitur
3192 2621 3336 2675 illud
3379 2621 3789 2690 propheticum
3826 2640 3842 2677 :

2182 2713 2336 2767 Tunc
2366 2712 2599 2766 scilicet
2656 2710 2897 2765 claudus
2954 2710 3122 2781 quasi
3149 2725 3386 2778 cervus,
3421 2716 3479 2764 et
3506 2708 3663 2763 clara
3710 2712 3845 2765 erit

2169 2801 2368 2873 lingua
2397 2806 2706 2854 mutorum.

2238 2889 3071 2960 Cumquejam,consummata
3085 2886 3841 2957 vespertinalisynaxi,uox

2166 2979 2470 3032 imminere
2503 2978 2786 3047 coepisset
2816 2978 2962 3045 (erat
2992 2976 3147 3030 enim
3178 2992 3311 3046 quae
3341 2976 3601 3044 proxima
3628 2976 3837 3029 Domi--

2164 3067 2331 3120 nicas
2361 3066 2597 3138 vigilias
2629 3064 3052 3134 antecedebat),
3087 3065 3399 3118 ecclesiam
3422 3064 3576 3131 adiit,
3630 3064 3837 3135 ibique

2163 3155 2479 3225 aliquandu
2524 3158 2808 3221 moratus,
2836 3154 2971 3207 dum
3005 3153 3331 3207 orationum
3354 3154 3486 3206 vota
3520 3154 3834 3222 persolvit,

2163 3248 2278 3297 tam
2298 3244 2492 3297 subita
2511 3243 2908 3297 concussione
2929 3242 3157 3296 viribus
3171 3241 3616 3311 deﬁcit,ut,dum
3630 3242 3835 3297 redire

2162 3336 2415 3401 pararet,
2448 3348 2554 3402 per
2583 3348 2648 3386 se
2673 3332 2832 3386 nullo
2852 3331 3024 3385 modo
3050 3330 3417 3401 praevaleret.
3451 3329 3539 3383 Ex
3573 3330 3832 3400 quodam

2163 3422 2319 3474 enim
2339 3422 2583 3475 horrore
2616 3420 2996 3489 superinfuso
3020 3423 3080 3474 ut
3110 3423 3241 3473 ante
3273 3423 3543 3473 sanctum
3572 3419 3690 3473 hic.
3709 3461 3724 3472 .
3748 3461 3761 3473 .
3780 3464 3794 3473 .
3814 3463 3827 3473 .

2163 3513 2346 3563 aestus
2376 3510 2565 3563 latens
2596 3526 2703 3578 per
2734 3509 2847 3562 ima
2878 3510 3177 3563 viscerum
3210 3509 3403 3562 statim
3435 3508 3714 3575 cucurrit,
3756 3525 3826 3561 ac

2162 3598 2371 3652 deinde
2402 3599 2471 3651 ad
2502 3598 2793 3652 exteriora
2834 3601 3212 3668 pervagatus,
3274 3597 3511 3667 singula
3558 3597 3826 3651 membra

2163 3687 2387 3741 sensim
2421 3702 2661 3755 carpere
2708 3687 2911 3755 coepit;
2972 3686 3122 3739 unde
3179 3688 3360 3739 totum
3392 3702 3612 3755 corpus
3645 3686 3825 3739 simul

2160 3775 2575 3844 copiosissima
2599 3774 2838 3828 sudoris
2862 3775 3201 3828 inundantia
3224 3775 3587 3843 permanavit
3620 3791 3632 3827 :
3667 3776 3824 3844 quod

2159 3864 2330 3917 etiam
2348 3867 2482 3933 post
2514 3864 2828 3916 sanitatem
2850 3869 3146 3931 receptam
3175 3862 3373 3915 multis
3392 3862 3603 3915 diebus
3635 3863 3690 3914 in
3723 3879 3823 3915 re-

2157 3954 2434 4021 cuperato
2457 3951 2637 4005 latere
2658 3951 2869 4005 siccari
2893 3967 3010 4004 non
3050 3953 3326 4020 potuerit.
3377 3950 3595 4004 Tortus
3626 3956 3822 4004 autem

2159 4041 2661 4111 aliquandiu,dum
2677 4042 3117 4094 accrescentem
3144 4038 3529 4093 defectionem
3554 4055 3670 4092 non
3688 4039 3820 4092 suf-

2157 4128 2748 4196 ferre,ministrorum
2768 4129 3043 4182 manibus
3061 4128 3133 4181 ad
3156 4127 3432 4182 lectulum
3462 4127 3535 4181 ab
3564 4128 3819 4181 ecclesia

2156 4221 2488 4287 reportatus
2539 4220 2649 4271 est.
2684 4214 2931 4271 Videres
2978 4219 3117 4269 tunc
3172 4216 3466 4269 hominem
3499 4216 3757 4269 diversis
3787 4232 3820 4268 a

2154 4306 2432 4359 fratribus
2463 4306 2814 4377 augustiari,
2877 4305 3124 4359 occultis
3157 4305 3506 4373 quibusdam
3541 4304 3816 4374 fatigabi-

2150 4394 2283 4448 liter
2300 4394 2798 4465 suggestionibus
2822 4392 2937 4447 huc
2970 4393 3224 4463 illucque
3242 4392 3492 4461 versari,
3522 4392 3662 4445 nihil
3688 4394 3815 4445 sta-

2148 4483 2436 4551 bile,nihil
2490 4487 2713 4537 certum
2762 4497 3123 4553 agere,nunc
3167 4483 3361 4553 aptius
3396 4480 3623 4550 jacere,
3658 4497 3809 4534 nune

370 4550 545 4619 diem,
582 4553 794 4607 salutat
837 4554 1048 4611 futurae
1101 4559 1369 4612 sanitatis
1404 4561 1806 4629 sponsionem,
1842 4564 2033 4617 solum
2064 4571 2123 4637 ο
2147 4550 2356 4626 sedere
2381 4572 2747 4626 commodius
2774 4550 2926 4640 {sed
2956 4585 3066 4624 nec
3094 4550 3264 4623 locus
3293 4570 3364 4623 ad
3394 4570 3668 4640 quietem,
3701 4585 3811 4624 nec

368 4644 572 4693 sancta
604 4643 778 4695 statio
808 4645 1018 4710 veniat,
1046 4645 1169 4716 jam
1212 4664 1461 4703 securus
1494 4652 1769 4721 loquitur.
1806 4653 1869 4707 In
1901 4670 2034 4708 con-

368 4729 617 4782 scientia
640 4730 711 4784 de
744 4747 852 4785 sua
885 4735 1137 4788 statione
1169 4752 1235 4790 se
1273 4737 1477 4807 jactat,
1526 4740 1860 4795 dilationem
1894 4760 2027 4813 pas-

365 4817 555 4871 sionis
587 4818 877 4874 diuturnae
935 4838 1050 4877 non
1085 4829 1311 4893 reputat
1371 4827 1631 4883 lucescat
1680 4830 1806 4885 dies
1856 4849 2030 4902 quam

365 4904 635 4977 Virginis
667 4909 866 4978 proles
919 4913 976 4964 et
1020 4912 1173 4965 idem
1232 4913 1415 4969 Filius
1450 4917 1553 4971 Dei
1600 4923 1813 4974 sacrat.
1848 4920 2030 4975 Nihili

365 4996 565 5061 pendit
612 4998 876 5053 membra
935 5015 1151 5070 corpus
1206 5008 1426 5058 tortura
1476 5013 1856 5079 contractum,
1890 5010 2027 5064 dum

368 5085 696 5140 sustinetur
724 5088 852 5142 dies
876 5089 1130 5158 pollicita
1159 5109 1290 5162 quae
1316 5097 1585 5150 restituet
1608 5102 1888 5166 erectum,
1922 5101 2029 5154 sed

368 5172 527 5223 venit
557 5175 627 5227 ad
657 5183 856 5233 votum
888 5181 1128 5251 tardior,
1152 5187 1206 5236 et
1230 5199 1326 5253 qui
1348 5185 1683 5240 alimentum
1698 5188 2028 5243 ministerio

366 5265 719 5333 remoratur,
752 5267 998 5323 inhianti
1030 5272 1387 5341 suspirantis
1420 5275 1717 5330 desiderio
1740 5279 2029 5345 praeveni-

367 5349 481 5400 tur.
506 5348 763 5406 Tandcm
779 5372 921 5412 vero
942 5358 1124 5430 jussu
1149 5363 1373 5430 praelati
1396 5379 1465 5417 ac
1496 5364 1743 5419 fratrum
1779 5366 2029 5421 consilio

364 5442 565 5507 parata
625 5440 1009 5515 profectione,
1062 5450 1173 5504 iter
1229 5455 1484 5520 optatum
1546 5455 1812 5523 arripuit,
1856 5457 2028 5525 atque

366 5525 601 5598 Brugas
620 5533 884 5585 castrum
919 5536 990 5588 ad
1013 5537 1205 5592 locum
1229 5542 1418 5595 sancti
1443 5542 1638 5597 triduo
1661 5547 1793 5598 ante
1824 5544 2029 5599 Natale

368 5615 604 5677 Domini
632 5618 815 5675 multo
865 5622 1083 5680 sudore
1112 5632 1399 5697 pervenit.
1428 5630 1611 5697 Quem
1638 5634 1827 5703 prima
1859 5634 2029 5688 nocte

2146 4662 2335 4715 lectus
2354 4661 2425 4714 ad
2449 4661 2713 4731 requiem
2730 4658 3152 4714 tentationibus
3173 4661 3256 4711 tot
3273 4658 3519 4729 fatigata
3551 4659 3809 4712 membra

2152 4750 2577 4818 commodabat,
2602 4751 2758 4802 itaut
2786 4764 2895 4802 nec
2932 4748 3333 4802 excruciatum
3376 4748 3701 4812 doloribus,
3736 4763 3805 4799 ne

2148 4837 2372 4892 furiose
2392 4836 2903 4909 ageret,custodes
2918 4835 3261 4906 aliquandiu
3275 4835 3807 4889 formidarent.Nec

2146 4929 2340 4980 tamen
2367 4926 2437 4979 ad
2470 4930 2586 4978 tam
2616 4925 2819 4979 varios
2869 4929 3064 4979 motus
3114 4925 3330 4995 quibus
3369 4925 3621 4977 humana
3650 4940 3802 4977 com-

2147 5030 2333 5085 pages
2367 5015 2426 5067 in
2475 5030 2541 5068 se
2582 5013 3014 5068 reformabatur
3059 5014 3197 5067 victi
3239 5013 3470 5081 cedere,
3505 5014 3619 5066 imo
3650 5028 3798 5065 nunc

2143 5100 2401 5155 fomenta
2420 5100 2720 5154 caloribus
2740 5100 3041 5167 adhibere,
3070 5115 3225 5153 nunc
3255 5099 3328 5151 ad
3361 5098 3798 5153 refocillandum

2138 5189 2236 5242 vix
2260 5189 2396 5242 dum
2429 5188 2723 5242 anhelanti
2746 5188 2970 5259 frigora
3007 5189 3367 5253 ministrare,
3400 5187 3706 5252 interdum,
3732 5186 3801 5238 ad

2139 5278 2330 5331 aliena
2353 5281 2659 5331 conantem
2683 5280 2922 5331 strenue
2961 5277 3259 5341 cohibere,
3292 5278 3444 5330 inter
3471 5278 3660 5330 omnia
3690 5276 3800 5329 mi-

2140 5367 2264 5420 rari
2287 5369 2501 5419 tantam
2525 5365 2920 5420 valetudinem
2951 5367 3010 5419 in
3038 5382 3157 5421 non
3186 5365 3439 5420 valente.
3474 5367 3620 5420 Tum
3650 5367 3797 5419 inte-

2138 5456 2250 5508 rim
2270 5455 2421 5508 latus
2441 5455 2582 5508 illud
2626 5456 2883 5525 quandiu
2907 5454 3494 5525 stolidumjacuerat,
3526 5456 3796 5524 paulatim

2138 5545 2341 5615 rigore
2365 5544 2555 5598 soluto
2580 5545 2791 5613 calere,
2826 5545 3054 5599 crebris
3091 5546 3403 5600 momentis
3444 5546 3795 5616 subrepente

2140 5632 2348 5704 vigore
2364 5632 2948 5704 titillare,nervorum
2978 5634 3384 5690 connexiones
3412 5634 3489 5690 ad
3508 5651 3657 5690 usus
3685 5637 3796 5705 pri-
