4070 6326
1242 337 1949 454 TRADITIO
2021 340 2876 434 CATHOLICA.

1485 537 1914 604 SECULUM
1940 541 2118 604 XIV.
2162 539 2442 605 ANNUS
2477 540 2652 604 1350.

1659 861 2476 992 ELENCHUS

559 1090 1063 1155 sucronuu
1089 1092 1206 1155 £1-
1235 1092 1623 1157 ormum
1663 1093 1821 1170 QUI
1869 1094 1970 1154 ns
2007 1093 2166 1154 Hor

1946 1094 1970 1153 I
2007 1093 2194 1154 H00
2232 1094 2491 1154 TOMO
2546 1097 2835 1160 CXLIX
2879 1093 3553 1157 CONTINBN'I‘UB.

1819 1273 2028 1297 ε-ῇ

2035 1272 2303 1299 ..ιι--ι

1519 1438 2016 1504 NICEPHORUS
2065 1439 2494 1503 GREGORAS.

430 1562 794 1643 Byzantium
823 1561 1118 1624 Historim
1145 1559 1294 1622 libri
1329 1576 1736 1623 xxv-xxxv“.

589 1665 946 1726 Nrcernom
981 1660 1306 1724 Ganeo“:
1351 1677 1610 1724 SCRIPTA
1664 1676 1803 1723 sua
1839 1679 2016 1724 vanu
2057 1675 2448 1724 ABGUMENTI.

433 1768 802 1847 Martyrium
833 1767 894 1827 S.
943 1765 1190 1830 Codrati
1223 1771 1286 1828 et
1333 1765 1662 1828 Sociorum
1697 1761 1980 1826 Corinthi
2023 1763 2093 1824 in
2129 1764 2598 1844 Pel0ponneso.

429 1875 679 1939 Scholia
731 1873 800 1937 in
857 1872 1088 1936 librum
1143 1869 1392 1950 Synesii
1444 1873 1538 1933 De
1593 1868 1964 1943 insomniis,
2004 1868 2112 1949 qui
2154 1876 2350 1932 exstat
2398 1869 2466 1932 in
2512 1877 2687 1936 tomo
2736 1879 2952 1940 nostro
2985 1877 3197 1953 LXVI,

506 1977 628 2038 col.
672 1973 842 2042 1281.

427 2085 798 2154 Fragmenta
839 2093 918 2141 ex
971 2075 1311 2153 Nicephori
1375 2073 1635 2152 Dialogo
1689 2073 1792 2136 cui
1841 2071 2112 2136 titulus:
2165 2073 2569 2150 Florentius,
2613 2065 2696 2138 ex
2743 2075 3024 2142 editione
3065 2080 3198 2142 Val.

505 2191 748 2254 Parisot
779 2191 844 2251 in
885 2185 1308 2252 Cantacuzéns
1349 2184 1582 2246 homme
1626 2183 1841 2246 d'Etat
1879 2192 1938 2245 et
1993 2183 2326 2246 historien.

429 2292 1097 2370 NicephoriGregorm
1127 2289 1426 2370 Epistolaa
1457 2307 1584 2350 xvr.
1640 2290 1802 2366 {Viri
1843 2289 2016 2350 docti
2052 2289 2278 2350 Scinas
2321 2295 2378 2347 et
2427 2288 2828 2351 Mustoxides
2861 2290 2926 2350 in
2959 2291 3206 2371 Sylloge

508 2399 970 2459 Anecdotorum
1009 2395 1276 2458 Venetiis
1319 2411 1482 2454 anno
1516 2395 1670 2455 1817
1702 2393 1994 2471 Gregorw
2041 2392 2200 2454 alias
2239 2390 2536 2469 epistolas
2579 2412 2693 2454 sea:
2743 2393 3114 2465 ediderunt;
3146 2407 3212 2459 at

507 2499 890 2563 collectionis
929 2499 1112 2560 istius
1145 2494 1610 2575 exemplaribus
1647 2495 1931 2557 omnibus
1971 2497 2041 2557 in
2088 2495 2408 2558 Orientem
2447 2497 2860 2572 transmissis,
2893 2501 3031 2578 jam
3071 2498 3211 2560 nul-

512 2602 625 2666 libi
651 2604 717 2664 in
740 2601 1034 2681 partibus
1074 2600 1312 2662 nostris
1351 2606 1666 2677 comparet
1703 2607 1758 2658 et
1795 2597 2000 2660 adhuc
2033 2617 2104 2658 ea
2133 2598 2460 2676 caremus.)

589 2707 917 2768 OPUSCULA
971 2721 1190 2764 penu.

429 2807 734 2885 Prologus
775 2804 1272 2869 encomiasticus
1304 2805 1373 2864 in
1412 2803 1762 2882 Odyssean)
1798 2804 2075 2868 breviter
2107 2805 2544 2886 perstringens
2575 2806 2882 2888 poematis
2920 2805 3222 2872 indolem.

430 2908 686 2972 Moralis
727 2905 1042 2970 enarratio
1075 2903 1663 2985 peregrinationum
1698 2906 1963 2985 Ulyssis.

987 3071 1210 3135 NILUS
1242 3071 1660 3134 CABASILAS
1692 3072 2446 3138 THESSALONICENSIS
2483 3073 3075 3139 METROPOLITA.

431 3205 676 3268 Notitia
707 3224 788 3267 ex
835 3204 1060 3266 Leonis
1103 3202 1324 3266 Allatii
1357 3201 1650 3264 Diatriba
1702 3204 1775 3264 de
1825 3204 2017 3268 Nilis.

432 3307 515 3368 De
565 3307 772 3368 causis
811 3305 1280 3369 dissensionum
1313 3309 1378 3369 in
1420 3307 1698 3369 Ecclesia
1730 3314 1790 3367 et
1842 3307 1922 3368 de
1971 3308 2239 3386 primatu
2280 3309 2481 3386 Papae.

428 3411 694 3469 Joannis
730 3407 1017 3470 Matthoei
1061 3407 1495 3487 Caryophylli,
1556 3407 2018 3487 archiepiscopi
2057 3409 2406 3471 Iconiensis
2435 3456 2450 3482 ,
2507 3409 2874 3488 Confutatio
2909 3411 3085 3488 Nili,
3127 3412 3212 3474 ad

517 3512 834 3574 Urbanum
886 3515 1049 3577 VIII
1076 3513 1444 3592 Pontiﬁcem
1476 3513 1848 3574 Maximum.

430 3613 804 3678 Encomium
843 3612 1132 3692 Gregorii
1184 3611 1472 3674 Palamaa.

811 3790 1286 3853 THEODORUS
1345 3789 1910 3867 MELITENIOTA,
1965 3789 2702 3873 MAGNﬁﬁgECCLESIJE
2755 3788 3287 3856 SACELLARIUS.

435 3923 683 3985 Notitia
717 3940 796 3983 ea:
825 3920 1028 3982 Leone
1066 3918 1300 3982 Allatio
1358 3919 1432 3982 de
1478 3921 1840 3984 Theodoris.

433 4023 721 4084 Editoris
753 4022 1020 4084 Romani
1052 4022 1363 4084 Monitum
1399 4023 1471 4085 in
1515 4022 1744 4085 Ethica
1771 4025 2113 4103 sequentia.

435 4127 649 4188 Ethice
703 4139 1072 4186 sermonum
1113 4124 1178 4186 in
1209 4122 1578 4200 Evangelia.

430 4226 520 4286 Ex
548 4223 708 4284 libro
746 4222 824 4282 de
856 4220 1263 4282 astronomia.

1639 4327 2036 4391 GEORGIUS
2087 4328 2455 4392 LAPITHA.

427 4458 674 4523 Notitia
708 4478 788 4521 ea:
817 4459 1021 4523 Leone
1073 4457 1307 4522 Aliatio
1355 4458 1430 4520 de
1480 4457 1794 4538 Georgiis.

431 4562 726 4639 Epistula;
758 4569 884 4622 tres
914 4562 991 4623 ad
1047 4557 1478 4640 Nicephorum
1525 4561 1892 4637 Gregoram.

427 4667 688 4728 Carmen
728 4665 985 4741 morale,
1028 4682 1110 4746 ex
1141 4665 1417 4728 editione
1446 4665 1578 4726 Car.
1612 4662 1933 4726 Benedicti
1969 4661 2164 4723 Hasii.

1817 4791 2275 4854 ANONYMUS.

425 4926 758 5004 Catalogus
787 4926 1095 4988 librorum
1137 4921 1506 4985 monasterii
1539 4919 1760 4982 insulm
1799 4920 2021 4993 Patmi,
2049 4917 2281 4982 saeculo
2315 4918 2476 4981 XIV.

427 5029 632 5093 Index
658 5027 1016 5090 Graecitatis
1061 5024 1144 5086 ad
1180 5023 1523 5102 Nicephori
1564 5023 1858 5100 Gregorar
1903 5021 2253 5083 Historiam
2307 5019 2746 5099 Byzantinam.

627 5135 964 5194 ADDENDA.

429 5232 766 5314 Nicepliori
798 5233 1095 5310 Gregorm
1120 5230 1430 5294 Allocutio
1460 5231 1540 5294 ad
1571 5229 2002 5291 Andronicum
2035 5227 2490 5306 Palaaologum,
2521 5242 2662 5288 cum
2695 5223 2892 5286 victor
2922 5215 3234 5283 rediisset.

507 5343 594 5402 Ex
634 5341 1103 5419 Programmate
1127 5337 1504 5403 Academico
1535 5337 1603 5399 Li
1617 5335 1848 5417 psiensi
1881 5337 1963 5399 ad
2001 5351 2241 5400 annum
2281 5333 2435 5395 1865
2464 5333 2818 5412 proposito.

2145 5682 2488 5693 —_—————-

2382 5721 2619 5780 Parisiis.
2650 5752 2718 5764 —
2749 5721 2824 5776 Ex
2859 5719 3023 5789 Typis
3053 5714 3192 5772 J.-P.
3227 5712 3458 5770 MIGNE.

3559 1780 3675 1842 503

3566 1984 3674 2047 521

3557 2190 3677 2252 6&3

3563 2604 3682 2667 647

3559 2807 3679 2869 663

3557 2912 3679 2974 667

3565 3214 3679 3275 671

3566 3313 3680 3375 683

3565 3522 3683 3585 729

3572 3622 3682 3687 877

3565 3923 3683 3986 877

3565 4023 3680 4084 881

3564 4122 3684 4183 883

3564 4219 3676 4281 987

3525 4455 3554 4513 1
3569 4449 3684 4514 005

3528 4546 3679 4610 1009

3518 4652 3676 4714 1009

3525 4901 3676 4966 101ι7

3523 5006 3673 5067 1051

3523 5313 3680 5379 1067
