4070 6326
477 353 537 420 il
1672 363 2086 424 NICEPHORI
2126 366 2503 427 GREGORrE
3635 364 3702 429 12

469 472 587 518 tum
621 463 848 520 Tarsum
879 481 990 535 prae
1021 465 1232 522 caneris
1261 468 1555 537 egregiam,
1595 467 1688 522 ubi
1718 469 1882 523 etiam
1919 469 2017 523 Ani

2135 473 2312 526 ὀπίσω
2350 473 2528 526 ἀπιὼν
2562 474 2620 536 ἐς
2652 472 2928 540 Κιλικίαν,
2951 474 3154 539 θέσεως
3199 473 3429 545 ἔχουσαν
3461 471 3696 542 εὐφυῶς,

464 557 690 612 πιίοοιιίαξ
729 558 1035 626 patriarcha
1069 559 1393 630 plerumque
1427 559 1612 614 sedem
1646 575 1799 615 suam
1840 561 2017 616 habet.

2139 561 2397 632 πλείστην
2421 581 2479 616 τε
2522 563 2637 634 ἅμα
2662 567 2756 618 καὶ
2793 565 2914 619 λίαν
2945 565 3112 620 οὖσαν
3149 565 3446 634 εὐδαίμονα
3491 564 3700 634 χώραν.

465 646 607 701 .lluic
635 649 782 702 enim
815 649 937 703 urbi
978 665 1104 704 cum
1135 651 1254 705 aliae
1305 651 1652 706 amaznitates
1681 660 1847 723 atque
1878 668 2017 707 com-

2137 651 2264 704 ἔνθα
2305 652 2368 721 δὴ
2402 653 2493 704 καὶ
2543 653 2764 716 πολλαῖς
2819 655 3071 724 ἐνέτυχον
3105 655 3198 708 καὶ
3237 655 3428 716 ἄλλαις
3473 653 3700 722 πλησιο-

470 737 628 791 moda
659 749 977 808 suppetunt,
1019 750 1128 795 tum
1175 741 1396 811 Cydnus
1431 741 1630 796 ﬂumen
1665 743 1882 812 placide
1911 758 2017 798 ean

2134 742 2335 813 χώροις
2381 745 2642 814 ἀλλήλαις
2690 745 2912 798 πόλεσιν
2959 745 3214 813 ἀγαθαῖς,
3271 747 3340 815 τῇ
3396 743 3598 814 Ταρσῷ
3645 742 3703 796 δὲ

467 829 576 898 2ο
597 830 992 898 prmterﬂuens,
1016 832 1068 886 in
1093 849 1203 902 quo
1230 833 1456 888 ﬂumine
1474 834 1782 888 Alexander
1804 835 2017 906 Magnus

2138 835 2374 904 μάλιστα
2424 837 2636 902 πασῶν,
2759 839 2855 891 καὶ
2892 839 3208 909 πατριάρχῃ
3243 838 3322 906 τῷ
3366 833 3702 905 ’Δντιοχείας

468 922 586 974 solo
615 923 730 990 ejus
755 932 980 991 aspectu
1011 923 1314 994 cupiditate
1362 923 1622 980 incensus
1663 939 1786 981 sese
1816 926 2017 981 lavasse

2132 927 2499 983 ἐνδιαιτᾶσθαι
2536 930 2603 981 τά
2629 929 2799 982 πολλά
2827 929 3187 999 περιγίνεται.
3225 928 3307 980 Τά
3342 944 3397 979 τε
3430 925 3540 994 γὰρ
3568 924 3702 977 ἄλλα

466 1010 692 1064 dicitur.
885 1073 888 1076 ,
2133 1019 2414 1089 περίεστιν
2475 1023 2612 1090 αὐτῇ
2663 1020 2901 1086 τάγαθὰ,
2947 1021 3042 1072 καὶ
3103 1019 3310 1080 Κύδνος
3372 1019 3402 1070 ό
3459 1014 3703 1081 ποταμὸς

465 1102 642 1170 ἡσυχῆ
676 1105 1043 1180 παραρρέων,
1077 1105 1134 1158 ἐν
1283 1106 1375 1160 καὶ
1427 1107 1773 1178 Ἀλέξανδρόν
1830 1123 1993 1177 φασιν
2031 1107 2235 1164 ἐκεῖνον
2290 1112 2381 1164 τὸν
2437 1114 2631 1182 μέγαν,
2680 1115 2760 1176 εἰς
2825 1111 3122 1179 ἐπ.θυμίαν
3155 1116 3217 1164 ἐκ
3247 1110 3416 1180 μόνης
3444 1107 3543 1178 τῆς
3575 1106 3701 1169 θέας

465 1193 783 1261 ἐληλυθότα,
817 1197 1134 1253 λούσασθαι.

534 1284 596 1338 ll.
623 1287 757 1340 Cum
776 1303 904 1342 vero
923 1289 1010 1344 ille
1030 1290 1342 1369 hujusmodi
1362 1291 1515 1361 plura
1537 1292 1742 1349 referre
1761 1293 1894 1347 mihi
1919 1294 2017 1349 vel-

2203 1288 2278 1346 B’.
2319 1291 2557 1343 Ἐκεῖνον
2583 1291 2630 1342 δ’
2675 1291 2754 1344 ἔτι
2791 1291 2882 1342 καί
2933 1290 3103 1342 πλείω
3152 1288 3377 1342 τοιαῦτα
3430 1291 3700 1356 συνείρειν

465 1377 558 1439 let,
583 1377 840 1444 equidem
867 1394 994 1432 eum
1024 1381 1384 1448 prohibebam
1413 1391 1466 1436 et
1495 1383 1834 1438 narrationis
1859 1383 2017 1451 hujus

2131 1381 2454 1471 ξουλόμενον
2492 1383 2666 1450 ἔγωγε
2712 1381 2975 1449 ἐπισχὼν,
3003 1383 3098 1433 καὶ
3140 1379 3200 1432 τὸ
3247 1385 3347 1448 τῆς
3391 1381 3698 1451 διηγήσεως

465 1469 884 1522 continuatione
917 1471 1086 1525 incisa
1118 1474 1185 1526 ab
1216 1487 1283 1526 eo
1314 1473 1563 1541 petebam
1587 1515 1602 1540 ,
1631 1479 1690 1528 ut
1721 1475 1787 1529 ad
1818 1489 2028 1530 sermo-

461 1575 588 1614 nem
617 1575 873 1618 reversus
899 1564 1261 1632 responderet
1290 1565 1423 1618 mihi
1454 1567 1814 1635 interroganti
1839 1566 1906 1619 de
1933 1580 2027 1634 pa-

466 1648 724 1701 triarchis
753 1657 808 1701 ct
842 1649 1122 1718 episcopis
1142 1691 1156 1714 ,
1188 1651 1284 1719 qui
1316 1651 1436 1704 illas
1466 1651 1784 1720 provincias
1811 1651 2024 1705 ratione

461 1739 734 1793 sanctiore
773 1740 1118 1809 gubernandi
1159 1753 1325 1810 atque
1365 1742 1790 1798 administrandi
1823 1757 2024 1796 munus

2127 1468 2308 1540 τεμὼν
2335 1473 2580 1540 συνεχές,
2612 1472 2904 1528 ἀναλαϐεῖν
2939 1471 3030 1526 τὸν
3061 1471 3217 1538 λόγον
3252 1473 3505 1524 ἐκέλευον
3533 1468 3692 1534 αὖθις

2134 1563 2233 1614 καὶ
2286 1561 2629 1631 ἀνερωτῶντί
2677 1578 2769 1631 μοι
2817 1561 3209 1631 ἀποκρίνεσθαι
3250 1563 3604 1631 πατριαρχῶν
3635 1577 3696 1614 τε

2129 1651 2258 1719 πέρι
2307 1651 2402 1704 καὶ
2441 1651 2777 1715 ἐπισκόπων,
2809 1648 2924 1704 ὅσοι
2965 1650 3170 1702 διέπειν
3214 1653 3308 1703 καὶ
3345 1650 3567 1703 διοικεῖν
3595 1651 3695 1712 τάς

2131 1743 2400 1814 ἐπαρχίας
2451 1741 2667 1803 ἐκείνας
2725 1741 2821 1794 τὸν
2881 1739 3170 1812 ἱερώτερον
3223 1741 3414 1810 ἔλαχον
3463 1742 3692 1812 τρόπον.

461 1829 642 1883 sortiti
681 1840 887 1884 essent.
932 1831 1147 1885 [lomini
1188 1842 1372 1886 autem
1401 1833 1562 1888 valde
1595 1833 1930 1887 oblivionem
1965 1833 2017 1886 in

2126 1835 2234 1888 Καὶ⁴
2262 1834 2594 1904 ἐμεμφόμην
2620 1833 2878 1894 ἐπιεικῶς
2900 1833 2998 1901 τῆς
3030 1832 3202 1900 λήθης
3248 1834 3339 1886 τὸν
3386 1833 3577 1904 ἄνδρα,
3608 1836 3690 1887 ὃτι

460 1921 817 1988 opprobrium
855 1922 1030 1986 verti,
1065 1922 1210 1992 quod
1249 1937 1337 1978 res
1372 1923 1594 1993 quidem
1630 1937 1739 1980 non
1775 1924 1850 1979 ita
1885 1922 2022 1978 mihi

461 2011 650 2063 auditu
703 2013 1046 2066 necessarias
1095 2027 1320 2067 narrare
1366 2022 1475 2067 tam
1521 2014 1686 2068 enixe
1734 2014 2020 2076 studeret,

461 2103 778 2156 memoriam
808 2112 989 2156 autem
1023 2118 1212 2157 earum
1250 2120 1430 2159 rerum
1453 2144 1468 2169 ,
1499 2121 1624 2175 qua:
1653 2105 1814 2160 nobis
1845 2105 2018 2158 maxi-

457 2207 546 2246 me
573 2195 972 2263 eognoscendae
1005 2204 1191 2250 essent
1221 2203 1277 2251 et
1307 2211 1443 2265 quas
1481 2197 1700 2266 pietatis
1731 2211 1894 2251 causa
1923 2209 2022 2249 vc-

457 2297 619 2350 s-pera
657 2292 714 2337 et
751 2298 910 2340 mane
945 2291 1005 2337 et
1036 2283 1265 2337 meridie
1299 2283 1493 2338 audire
1522 2283 1741 2338 dulcius
1769 2281 1902 2337 mihi
1933 2283 2018 2335 vi-

458 2375 682 2429 deretur
717 2390 882 2443 quam
921 2375 966 2430 si
1009 2375 1236 2430 Croesus
1267 2374 1453 2446 Lydus
1483 2374 1604 2428 auri
1641 2374 1773 2427 mihi
1806 2373 2022 2428 modios

453 2465 773 2536 largiretur,
790 2465 1069 2520 oblivione
1091 2464 1524 2535 prolundissima
1544 2464 1840 2529 obruisset,
1861 2463 2018 2533 quasi

460 2575 569 2612 non
612 2557 729 2628 ipse
765 2566 912 2612 esset
951 2557 1034 2622 is,
1074 2558 1168 2626 qui
1211 2555 1430 2612 initium
1469 2570 1694 2610 suarum
1743 2555 2021 2609 narratio-

456 2665 590 2703 num
638 2648 707 2703 ab
745 2647 1004 2702 Ecclesia:
1054 2647 1356 2717 naufragiis
1405 2645 1681 2710 duxisset,
1727 2644 1872 2714 quod
1919 2659 2020 2713 pro

457 2741 651 2810 patriis
683 2740 968 2810 religionis
1003 2739 1273 2794 institutis
1307 2738 1540 2793 Palama:
1571 2753 1712 2793 nova
1751 2746 1916 2807 atque
1957 2737 2021 2791 il—
2050 2789 2052 2791 ,

457 2832 700 2901 legitima
751 2832 1006 2900 dogmata
1058 2831 1302 2899 irrepere
1349 2829 1580 2885 vidisset
1625 2828 1792 2898 idque
1838 2828 2017 2898 ipsum

452 2938 556 2992 pro
597 2935 760 2976 causa
801 2920 1181 2976 conversionis
1220 2935 1404 2974 rerum
1444 2919 1789 2989 publicarum
1827 2918 1883 2972 in
1925 2919 2020 2974 de-

457 3015 716 3068 teriorem
760 3011 1132 3067 conditionem
1173 3027 1395 3082 suaeque
1441 3011 1823 3066 involuntaria
1877 3010 2020 3080 fugat

453 3105 759 3163 habuisset.
815 3105 1119 3169 Quamnam
1168 3118 1298 3158 vero
1336 3104 1532 3168 aliam,
1575 3102 1831 3172 inquam,
1871 3101 2016 3170 opti-

457 3213 543 3250 mc
599 3195 902 3250 amicorum
960 3192 1364 3264 Agathangelc,
1416 3193 1658 3248 debebas
1712 3192 2016 3262 colligere?

454 3298 618 3352 quam
670 3283 832 3337 aliam
877 3281 1248 3336 narrationem
1302 3281 1404 3336 hac
1437 3282 1540 3350 21
1575 3282 2016 3350 praestantiorem

454 3385 622 3442 atque
675 3374 1060 3442 pretiosiorem
1103 3372 1332 3442 putabas
1371 3373 1506 3426 mihi
1546 3373 1892 3427 extrinsecus
1935 3370 2017 3425 af-

457 3467 602 3520 ferre
653 3465 855 3535 posse?
893 3464 1037 3532 quod
1093 3464 1240 3518 aliud
1292 3463 1670 3542 pulcherrima:
1721 3457 2019 3532 voluptatis

455 3557 836 3624 :ltljtltltcnlllm
883 3555 1087 3610 nostris
1125 3555 1482 3624 popularibus
1520 3555 1884 3609 orthodoxam
1924 3554 2015 3608 hic

455 3648 615 3701 li-Jcm
651 3647 979 3702 tuentibus?
1020 3647 1122 3712 Qui
1167 3647 1389 3716 quidem
1433 3647 1616 3701 cuncti
1653 3647 2016 3702 vehementer

454 3738 680 3808 cupiant
703 3738 844 3793 scire
866 3780 880 3801 ,
909 3738 1186 3807 quomodo
1218 3747 1380 3792 tantae
1413 3737 1741 3792 calamitatis
1763 3775 1779 3803 ,
1812 3745 2015 3806 quanta

455 3831 550 3885 Dei
577 3831 819 3885 Ecclesia
847 3830 1043 3884 amicta
1066 3838 1184 3895 est,
1213 3829 1351 3884 fama
1379 3829 1598 3884 illorum
1627 3830 1797 3884 animi
1829 3829 2015 3884 aﬂ‘ecti

453 3921 662 3976 fuerint
695 3937 817 3974 eum
843 3920 1060 3990 scriptis
1095 3921 1420 3976 monstrosis
1455 3921 1530 3986 ii,
1563 3921 1657 3990 qui
1689 3930 1803 3975 tum
1836 3921 2015 3975 donti-

455 4021 746 4080 nabantur.
775 4021 893 4088 pios
917 4018 1171 4073 homines
1195 4027 1310 4071 toto
1333 4017 1469 4072 orbe
1493 4026 1762 4070 terrarum
1787 4015 1840 4071 in
1867 4015 2015 4069 frau-

455 4113 577 4166 dem
613 4111 875 4164 inducere
906 4111 1288 4164 adniterentur
1311 4108 1670 4176 omniumque
1696 4109 2012 4162 societatem

451 4211 613 4271 atque
647 4216 979 4266 consensum
1011 4199 1168 4268 quasi
1215 4209 1481 4267 tropzeum
1522 4196 1798 4267 quoddam
1849 4207 2013 4252 tantae

452 4293 821 4358 improbitatis
853 4291 957 4346 sibi
993 4305 1187 4360 parare
1220 4289 1512 4343 ambitiose
1545 4290 1852 4342 studerent.

447 4371 458 4379 ’
520 4382 614 4434 lll.
645 4380 799 4444 Quod
832 4394 957 4432 cum
993 4393 1094 4448 ego
1123 4378 1381 4432 dixissem
1406 4416 1421 4439 ,
1451 4377 1859 4446 Agatbangelus
1890 4391 2009 4432 ser—

2125 1926 2233 1978 τῶν
2262 1925 2337 1997 μὴ
2370 1926 2510 1980 πάνυ
2535 1943 2586 1977 τι
2615 1925 2933 1992 ἀναγκαίων
2961 1923 3137 1993 ἔμοιγ’
3170 1923 3390 1976 ἀκούειν
3422 1925 3481 1976 ἐν
3517 1941 3689 1992 φρον-

2123 2015 2228 2068 τίδι
2277 2014 2645 2084 ποιησάμενος
2687 2015 2753 2082 τῇ
2803 2013 3034 2086 μεγίστῃ
3065 2013 3340 2078 διεξιέναι,
3369 2007 3442 2066 ὧν
3472 2015 3604 2082 ἡμῖν
3631 2013 3690 2075 ἐς

2123 2106 2191 2160 τὰ
2224 2106 2445 2175 μάλισθ’
2493 2105 2705 2176 ὑπῆρχε
2749 2103 3046 2173 μανθάνειν
3091 2105 3329 2175 ἀνάγκη,
3372 2108 3466 2160 καὶ
3494 2099 3569 2160 ὧν
3597 2106 3689 2157 εὑ-

2125 2196 2337 2260 σεϐείας
2389 2197 2552 2248 ἕνεκα
2593 2195 2832 2263 ἑσπέρας
2874 2197 2967 2248 καὶ
3030 2195 3176 2264 πρωῒ
3209 2197 3303 2249 καὶ
3334 2196 3689 2266 μεσημϐρίας

2122 2287 2341 2340 ἀκούειν
2379 2286 2530 2357 ἥδιον
2574 2285 2750 2350 ἔδοξεν
2790 2285 2856 2339 ἄν
2903 2303 2994 2355 μοι
3041 2286 3073 2357 ἢ
3119 2287 3355 2357 Κροίσου
3388 2287 3483 2340 τοῦ
3512 2288 3686 2340 Λυδοῦ

2079 2393 2086 2396 ”
2120 2379 2336 2450 χρυσῶν
2372 2396 2460 2447 μοι
2491 2381 2735 2450 χοίνικας
2781 2379 3178 2448 παρεχομένου,
3213 2380 3422 2434 τούτων
3453 2380 3498 2435 δ’
3526 2380 3688 2444 αὐτὸς

2119 2470 2218 2539 τήν
2273 2470 2494 2539 μνήμην
2546 2469 2716 2539 λήθης
2767 2471 3002 2540 μακροῖς
3065 2464 3337 2540 πυθμέσιν
3389 2471 3683 2544 ἐκάλυψεν,

2119 2558 2310 2629 ῶσπερ
2338 2559 2404 2614 ἂν
2432 2560 2482 2612 εἰ
2525 2559 2600 2629 μὴ
2631 2560 2794 2623 αὐτὸς
2821 2555 2890 2630 ἦν
2911 2560 2941 2614 ό
2973 2561 3236 2632 προοίμια
3265 2561 3375 2617 τῶν
3410 2563 3687 2634 σφετέρων

2119 2649 2420 2719 πεπραχὼς
2462 2647 2768 2720 διηγήσεων
2815 2649 2884 2702 τὰ
2934 2649 3033 2720 τῆς
3062 2649 3393 2720 Ἐκκλησίας
3425 2651 3683 2717 ναυάγια,

2117 2741 2199 2794 ὅτι
2228 2741 2335 2794 τῶν
2364 2739 2606 2808 πατρίων
2632 2739 2878 2810 νομίμων
2916 2741 3016 2812 τῆς
3045 2742 3324 2806 εὐσεϐείας
3354 2743 3685 2813 ἐπίπροσθεν

2117 2833 2186 2886 τὰ
2236 2830 2330 2884 τοῦ
2391 2831 2629 2901 Παλαμᾶ
2686 2831 2851 2885 καινά
2898 2848 2958 2885 τε
3001 2834 3095 2885 καὶ
3132 2831 3194 2903 [ί.
3224 2833 3293 2888 99
3333 2831 3387 2904 b]
3439 2832 3681 2903 Εκθεσμα

2118 2923 2517 2994 παρεισρέοντα
2593 2920 2890 2990 πεφώρακε
2969 2921 3251 2992 δόγματα,
3315 2925 3412 2977 καὶ
3478 2923 3680 2995 ταύτην

2119 3013 2374 3076 ἐπιεικῶς
2425 3013 2608 3066 αἰτίαν
2658 3011 2948 3082 τιθέμενος
2995 3013 3097 3082 τῆς
3146 3031 3204 3068 τε
3250 3015 3360 3070 τῶν
3392 3017 3685 3071 πολιτικῶν

2121 3108 2211 3160 ἐπὶ
2241 3106 2300 3160 τὸ
2336 3107 2520 3176 χεῖρον
2569 3105 2917 3175 πραγμάτων
2944 3106 3263 3178 ἀνατροπῆς
3293 3109 3386 3162 καὶ
3439 3111 3556 3178 ἅμα
3584 3115 3684 3182 τῆς

2120 3199 2368 3252 ἐντεῦθεν
2425 3197 2684 3252 ἀκουσίου
2738 3197 2916 3268 φυγῆς
2972 3199 3192 3255 ἐαυτοῦ.
3246 3202 3352 3253 Καὶ
3403 3203 3523 3256 τίνα
3572 3205 3682 3274 γάρ

2118 3291 2287 3361 ἀλλην
2324 3292 2491 3362 ἐχρῆν
2537 3307 2596 3344 σε
2635 3293 2962 3358 συναγαγεῖν
3016 3293 3279 3362 ίστορίαν,
3315 3293 3558 3362 βέλτιστε
3593 3297 3682 3366 φί-

2118 3383 2246 3447 λων,
2263 3383 2522 3450 ἔφασκον,
2563 3382 2934 3449 Ἀγαθάγγελε
2961 3400 2975 3447 ;
3007 3383 3140 3435 Τίνα
3172 3383 3219 3436 δ’
3252 3384 3418 3454 ἄλλην
3448 3387 3680 3456 κρείττω

2118 3475 2211 3525 καὶ
2238 3473 2570 3544 τιμιωτέραν
2598 3473 2804 3548 ταύτης
2839 3474 3024 3544 ᾠήθης
3057 3476 3180 3543 ἐμοὶ
3215 3479 3429 3545 κομιεῖν
3454 3479 3674 3546 ἀφήγη-

2121 3579 2206 3617 σιν
2245 3563 2463 3630 ἔξωθεν,
2517 3565 2610 3617 καὶ
2655 3566 2769 3636 ἅμα
2815 3566 2923 3617 τῶν
2965 3565 3257 3635 ὀρθοδόξων
3284 3569 3398 3630 τοῖς
3435 3568 3682 3621 ἐνταυθοῖ

2120 3652 2457 3722 πατριώταις
2523 3655 2717 3724 ἡδονῆς
2783 3655 2881 3724 τῆς
2953 3655 3240 3724 βελτίστης
3298 3658 3506 3725 ἐφόδια,
3559 3659 3679 3714 λίαν

2118 3742 2428 3814 ἐφιεμένοις
2472 3745 2640 3799 ἅπασι
2695 3747 2886 3816 μαθεῖν
2932 3746 3078 3810 ὅπως
3126 3748 3414 3809 κάκείνους
3445 3751 3481 3818 ὴ
3519 3753 3677 3820 φήμη

2118 3837 2227 3889 τῶν
2259 3830 2358 3890 ὧδε
2391 3837 2685 3907 συμφορῶν
2722 3837 2819 3906 τῆς
2851 3837 2945 3891 τοῦ
2988 3838 3122 3891 Θεοῦ
3167 3840 3413 3910 διέθηκεν
3442 3842 3675 3912 Ἐκκλη-

2120 3928 2261 3992 σίας,
2291 3930 2529 3999 γραφαῖς
2559 3929 2888 3998 τερατώδεσι
2920 3931 3028 3983 τῶν
3063 3931 3293 3984 ἐνταῦθα
3322 3933 3674 3987 δυναστευόν-

2116 4033 2222 4068 των
2269 4017 2395 4078 τοὺς
2429 4015 2678 4086 πανταχῆ
2728 4018 2828 4086 τῆς
2876 4018 3203 4088 οἰκουμένης
3250 4019 3496 4083 εὐσεϐεῖς
3531 4023 3677 4075 ἐπει-

2116 4108 2364 4176 γομένων
2394 4108 2690 4178 ἐξαπατᾷν,
2724 4110 2821 4162 καὶ
2852 4109 3302 4178 φιλονεικούντωι
3333 4111 3432 4182 τὴν
3460 4129 3672 4166 παντα-

2119 4197 2276 4266 χόθεν
2326 4197 2604 4266 ἑταιρείαν
2651 4215 2712 4250 τε
2774 4204 2866 4253 καὶ
2922 4199 3214 4270 ὁμολογίαν
3266 4201 3368 4272 τῆς
3419 4204 3676 4275 τοιαύτης

2117 4289 2316 4351 κακίας
2348 4287 2458 4342 οἷόν
2485 4307 2539 4344 τι
2571 4291 2913 4360 καρποῦσθαι
2942 4293 3222 4362 τρόπαιον;

2188 4378 2262 4434 Γ¹.
2291 4380 2460 4433 Ταῦτ’
2500 4382 2634 4451 ἐμοῦ
2668 4399 2731 4451 γε
2762 4383 3073 4448 διεξιόντος,
3115 4384 3402 4439 ὑπολαϐὼν
3440 4387 3468 4439 ό
3513 4387 3675 4458 Ἀγα-

453 4487 668 4526 monem
695 4471 975 4539 excipiens
1026 4486 1039 4520 :
1065 4469 1218 4530 Mihi,
1243 4468 1442 4536 inquit,
1473 4467 1668 4521 melius
1697 4468 1871 4523 visum
1899 4477 2006 4530 est,

2121 4472 2407 4541 θὰγγελος,
2433 4472 2586 4542 Ἐμοὶ
2603 4475 2657 4526 δέ
2683 4474 2910 4543 βέλτιον,
2940 4475 3130 4544 ἔφησε,
3154 4477 3420 4545 δέδοκται,
3442 4479 3560 4532 θεία
3585 4499 3676 4551 μοι

452 4563 757 4618 odivinum
807 4561 1010 4628 caput!
1053 4561 1109 4613 in
1154 4559 1261 4612 ﬁne
1324 4559 1484 4630 hujus
1539 4559 1870 4614 narrationis
1924 4561 2016 4615 iila

451 4653 678 4710 seorsim
703 4661 1032 4721 pertractare
1054 4659 1218 4718 atque
1252 4651 1532 4719 persequi,
1559 4649 1651 4703 ubi
1684 4651 1818 4704 nihil
1858 4665 2017 4719 pror-

453 4764 582 4809 sus,
632 4745 776 4814 quod
829 4758 920 4797 res
963 4739 1300 4795 confundere
1331 4750 1494 4808 atque
1532 4741 1756 4796 turbare
1799 4751 2014 4810 posset,

452 4837 888 4894 subaudiendum
932 4842 1115 4898 esset;
1151 4848 1259 4901 qua
1295 4832 1516 4900 quidem
1562 4833 1616 4885 in
1665 4849 1722 4887 re
1772 4834 1852 4887 sic
1902 4833 2014 4887 lere

453 4927 789 4989 statuebam,
830 4923 1112 4976 historiam
1148 4922 1514 4975 universalem
1549 4929 1607 4976 et
1645 4922 1966 4976 saecularem
1997 4961 2012 4985 ,

445 5028 515 5072 nt
560 5016 804 5072 breviter
846 5015 1057 5076 dicam,
1099 5011 1323 5066 dilIerre
1372 5013 1440 5065 ab
1487 5012 1718 5066 historia
1751 5011 2012 5066 ecclesia-

453 5110 590 5163 stica
623 5117 679 5163 et
713 5107 999 5173 utriusque
1026 5103 1458 5171 descriptionem
1487 5103 1822 5168 peculiarem
1849 5111 2013 5171 atque

450 5209 760 5270 separatam
816 5211 972 5261 esse,
1033 5205 1322 5262 utramque
1380 5194 1632 5248 diversas
1691 5193 2013 5262 plerumque

455 5309 575 5352 res,
609 5304 717 5342 non
747 5286 965 5341 easdem
999 5284 1313 5353 complecti.
1345 5284 1480 5339 Cum
1513 5293 1694 5338 autem
1730 5293 1786 5336 tu
1831 5283 2015 5352 dupli-

445 5398 569 5437 cem
598 5380 838 5433 laborem
874 5393 974 5446 pro
1005 5375 1238 5445 simplici
1271 5375 1324 5428 in
1357 5383 1408 5428 te
1435 5375 1714 5441 suscipere
1748 5375 2012 5443 volucris,

451 5482 507 5525 ct
553 5487 674 5540 (pne
719 5452 912 5524 eodem
961 5480 1206 5535 tempore
1254 5467 1307 5519 in
1360 5477 1592 5535 utroque
1641 5482 1840 5535 genere
1886 5483 2014 5522 eve-

459 5562 630 5623 niant,
677 5573 788 5611 uno
843 5557 1313 5625 comprehendere
1377 5557 1654 5610 volumine
1714 5557 2014 5610 constitue-

455 5653 529 5702 ris
552 5691 565 5713 ,
601 5667 667 5704 ne
697 5665 796 5717 ego
821 5649 1042 5718 quidem
1075 5648 1184 5701 ullo
1217 5655 1373 5716 pacto
1406 5663 1493 5702 res
1524 5647 1716 5701 eodem
1745 5649 2013 5716 temporis

454 5743 630 5807 spatio
657 5752 836 5810 gestas
862 5740 1200 5807 conjunctim
1229 5738 1482 5807 persequi
1517 5737 1882 5794 dubitaverim
1904 5780 1918 5806 ,
1953 5751 2011 5794 ut

2119 4564 2350 4633 κεφαλὴ,
2387 4565 2744 4628 τελευτῶντός
2796 4583 2886 4635 μοι
2923 4567 3073 4619 τοῦδε
3121 4566 3216 4620 τοῦ
3273 4570 3432 4638 λόγου
3474 4571 3678 4636 διεξελ-

2118 4653 2231 4707 θεῖν
2270 4654 2430 4716 εύθὺς
2482 4654 2810 4707 ἀπολαϐόντι
2855 4655 3026 4724 χωρὶς
3069 4658 3273 4724 ἐκεῖνα,
3313 4659 3539 4729 μηδενδς
3582 4663 3676 4719 τοῦ

2120 4749 2342 4818 συγχεῖν
2386 4747 2684 4814 δυναμένου
2732 4749 2915 4814 σφίσιν
2966 4747 3101 4810 ὅλως
3141 4754 3674 4818 συνυπακουομὲνου,

2116 4836 2260 4898 ὅπως
2292 4837 2409 4888 ποτ’
2436 4837 2527 4887 ἐπὶ
2556 4835 2680 4888 νοῦν
2702 4836 2946 4905 εἰληφότι
2985 4837 3262 4891 διεστάναι
3290 4839 3398 4895 τῶν
3440 4842 3673 4895 καθόλου

2121 4929 2212 4977 καὶ
2238 4927 2518 4993 κοσμικῶν
2544 4926 2728 4989 ἁπλῶς
2759 4929 2932 4980 εἰπεῖν
2961 4928 3029 4981 τὰ
3063 4930 3161 4999 τῆς
3207 4931 3670 5003 ἐκκλησιαστικῆς

2128 5015 2413 5084 Ἱστορίας,
2447 5019 2540 5068 καὶ
2568 5017 2705 5070 ἰδίαν
2728 5018 2826 5087 μὲν
2855 5015 2994 5072 εἰναι
3016 5023 3240 5091 ταυτηνὶ
3269 5028 3672 5093 πραγματείαν,

2119 5107 2256 5160 ἰδίαν
2287 5107 2331 5159 δ’
2381 5109 2617 5176 ἐκείνην,
2652 5113 2744 5160 καὶ
2778 5109 2949 5163 ἀλλων
2977 5111 3244 5181 ἑκατέραν
3287 5112 3361 5176 ὡς
3398 5114 3465 5166 τὰ
3506 5115 3676 5169 πολλά

2115 5198 2207 5250 καὶ
2235 5197 2293 5249 οὐ
2319 5197 2426 5248 τῶν
2453 5196 2652 5251 αὐτῶν.
2698 5200 2853 5250 Ἐπεὶ
2889 5201 2946 5252 δέ
2977 5204 3042 5253 σὺ
3082 5202 3308 5256 διπλοῦν
3337 5205 3454 5258 ἀνθ’
3500 5206 3674 5259 ἁπλοῦ

2114 5286 2204 5336 τὸν
2253 5285 2412 5338 πόνον
2463 5286 2812 5354 ἀναδέχεσθαι
2859 5287 3025 5351 εἵλου,
3076 5291 3170 5343 καὶ
3209 5290 3246 5344 ἃ
3289 5293 3380 5344 τὸν
3423 5293 3584 5346 αὑτὸν
3618 5297 3676 5346 ἐν

2115 5377 2396 5444 ἑκατέροις
2445 5379 2749 5446 συμπίπτει
2797 5381 3042 5446 γίνεσθαι
3105 5383 3295 5450 χρόνον
3357 5384 3523 5452 βίϐλῳ
3579 5389 3676 5456 μιᾷ

2117 5465 2419 5519 συντιθέναι
2457 5484 2539 5520 σοι
2579 5468 2844 5532 δέδοκται,
2881 5471 2980 5522 οὐκ
3019 5471 3082 5524 ἂν
3111 5473 3221 5525 οὐδ’
3259 5473 3419 5537 αὐτὸς
3465 5475 3674 5544 οὐδαμῆ

2115 5575 2177 5625 γε
2231 5559 2525 5629 ὀκνήσαιμι
2579 5561 2648 5616 τὰ
2710 5565 2810 5630 τῆς
2860 5563 3030 5634 αὐτῆς
3081 5565 3140 5616 ἐν
3197 5569 3376 5637 ταυτῴ
3427 5570 3677 5637 περιόδου

2114 5648 2368 5711 διεξιέναι
2419 5651 2743 5722 συλλήϐδην,
2771 5656 2894 5708 ἐπεὶ
2925 5659 3018 5707 καὶ
3061 5657 3262 5725 τρόπον
3308 5659 3494 5728 ἕτερον
3544 5663 3680 5730 πρό-

2115 5755 2273 5808 τερον
2313 5741 2613 5810 (εἰρήσεται
2643 5746 2746 5815 γὰρ
2791 5746 3041 5816 τάληθὲς)
3073 5748 3311 5814 ἐδεδίειν,
3344 5753 3485 5823 μάλα
3517 5754 3678 5817 αὐτὸς
