4070 6326
360 378 424 446 I3
1326 384 1774 449 BYZANTIN/E
1812 384 1907 446 H11

2010 385 2199 446 )RI.E
2242 387 2389 448 LIB.
2433 388 2605 452 XXV.
3540 389 3609 455 14

354 490 576 555 ἐκείνως
598 491 879 560 διεξιέναι,
918 493 1011 547 καὶ
1046 494 1290 565 μιγνύων
1338 500 1451 561 τοῖς
1479 500 1709 554 τοιοῖσδε
1750 500 1816 554 τὰ
1855 499 1907 569 μὶ

2036 500 2131 569 qui
2164 502 2276 573 jam
2313 510 2510 567 antea,
2547 511 2608 557 ut
2642 518 2836 559 verum
2876 504 2975 559 tibi
3012 504 3229 571 dicam,
3263 521 3349 561 res
3384 506 3487 561 ista
3520 522 3612 561 ra.

353 583 528 638 τοιάδε
575 584 675 653 τὴν
712 584 812 655 σὴν
860 586 1031 658 ἀκοὴν
1078 591 1421 657 ἀποκναίειν,
1453 590 1551 644 καὶ
1599 590 1776 646 ταῦτα
1829 590 1925 644 νῦν

350 673 495 727 οὕτω
542 674 735 744 λύπης
782 677 998 747 ἔχοντος
1049 680 1248 744 άλλως,
1289 684 1380 736 ὅτε
1427 683 1665 752 μάλιστα
1702 682 1924 739 πάντων

350 763 548 818 ἅπαντ’
591 765 776 819 ἐκεῖνα
835 768 1057 839 μνήμης
1107 771 1329 841 ἀπάτης
1387 769 1581 824 ὄπισθε
1647 769 1924 823 ποιεῖσθαι

348 855 449 907 οὐκ
504 856 654 908 ἐστιν
708 857 830 909 ὅθεν
888 857 950 911 οὓ
1015 861 1108 914 καὶ
1144 862 1291 925 ὅπως
1339 860 1401 914 οὒ
1453 860 1811 932 βεϐούλημαι,
1843 855 1925 924 οἷς

350 946 550 1016 βάρους
584 948 905 1004 ίνέστακται
940 954 1217 1024 πρόφασις
1263 953 1514 1007 ὁπωσοῦν
1555 956 1649 1008 καὶ
1678 954 1921 1009 ὁθενοῦν.

346 1038 462 1090 Νῦν
511 1039 557 1091 δ’
612 1041 801 1110 ἐπειδὴ
844 1042 926 1095 σοί
976 1061 1040 1112 γε
1090 1044 1240 1098 τοῦθ’
1290 1045 1441 1116 ἥδιον
1496 1046 1708 1101 ἐκείνου
1741 1045 1925 1116 πολλῷ

349 1130 608 1197 μανθάνω
667 1131 877 1197 δοκεῖν,
933 1135 1175 1205 ἄσμενος
1247 1136 1405 1205 κάγὼ
1469 1137 1656 1191 λοιπὸν
1722 1136 1924 1194 αὐτίκα

349 1222 491 1289 μάλα
518 1222 617 1291 τὴν
639 1224 738 1292 σὴν
759 1224 857 1294 τῆς
892 1226 1034 1297 ἐμῆς
1067 1227 1479 1299 ἀνθαιρήσομαι
1508 1228 1923 1299 βούλησιν.·Καὶ

343 1315 396 1366 τί
433 1313 541 1383 γὰρ
567 1313 697 1367 ἀλλο
723 1315 831 1369 τῶν
859 1317 1038 1371 ἄλλων
1065 1318 1273 1385 δόξειεν
1314 1314 1381 1375 αὖ
1426 1320 1923 1393 εὐδαιμονέστερον

344 1402 531 1471 ἔμοιγε
570 1403 667 1456 νῦν
704 1403 738 1473 ἢ
790 1403 875 1457 σοί
933 1421 995 1473 γε
1041 1406 1111 1459 τά
1160 1405 1390 1461 τοιαῦτα
1430 1406 1762 1477 χαρίζεσθαι
1811 1408 1924 1459 τῶν

342 1493 720 1564 διηγημάτων,
747 1487 823 1549 ὧν
853 1497 977 1566 ἐμοὶ
1006 1498 1108 1568 μὲν
1143 1500 1277 1570 ῥᾷον
1304 1499 1478 1565 οὐδὲν,
1512 1499 1596 1552 σοὶ
1624 1498 1680 1553 δὲ
1714 1500 1923 1569 βέλτιον

339 1587 490 1642 οὐδέν
514 1610 530 1655 ς

409 1680 485 1737 Δ’.
558 1682 723 1736 Ἀλλά
789 1683 898 1752 γὰρ
948 1684 977 1736 ὁ
1030 1683 1249 1753 ἑταῖρος
1319 1686 1456 1755 ἡμῖν
1519 1686 1922 1756 Ἀγαθάγγελος

337 1772 561 1826 τοιαῦτα
610 1774 710 1842 μὲν
752 1774 895 1845 ὑπὲρ
942 1769 1018 1828 ῶν
1078 1776 1426 1845 σεσιώπηκεν
1491 1778 1917 1847 άπολελόγηται,

2031 591 2179 646 tione
2197 593 2303 662 22
2316 609 2594 663 exponere
2619 595 2778 651 valde
2802 596 3013 651 veritus
3034 597 3158 661 sim,
3180 613 3247 653 ne
3267 598 3606 653 diversarum

2029 697 2214 738 rerum
2262 686 2735 755 conglutinatione
2794 696 2916 744 tuas
2963 705 3128 745 aures
3206 690 3611 756 obtunderem,

2027 778 2286 849 satisjam
2325 779 2674 835 contristatas
2692 781 2781 835 ubi
2816 780 3073 849 maxime,
3116 781 3485 853 quodcunque
3522 783 3609 837 vel

2027 870 2267 929 minima:
2294 872 2561 927 molestiae
2583 888 2912 943 quacunque
2934 889 3000 929 ex
3027 888 3194 929 causa
3222 873 3466 929 eﬂiciens
3485 888 3609 929 esse

2027 970 2250 1031 posset,
2300 962 2355 1017 id
2407 964 2476 1018 ab
2520 965 2672 1018 omni
2728 965 3268 1021 commemoratione
3315 966 3608 1036 sejungere

2031 1069 2139 1109 non
2172 1055 2327 1125 potui
2371 1071 2480 1110 non
2533 1055 2587 1110 in
2636 1056 2882 1111 animum
2930 1056 3215 1111 inducere.
3268 1056 3427 1111 Nunc
3476 1071 3609 1110 vero

2028 1159 2154 1200 cum
2191 1144 2289 1200 tibi
2335 1146 2508 1201 multo
2547 1147 2759 1216 gratius
2789 1147 2894 1202 hac
2925 1147 3142 1203 ratione
3169 1164 3337 1217 quam
3366 1149 3481 1211 illa,
3516 1161 3605 1202 res

2025 1250 2291 1291 enarrare
2320 1236 2498 1292 videri
2533 1239 2887 1308 cognoverim
2911 1279 2926 1304 ,
2988 1240 3249 1296 lubenter
3282 1241 3395 1311 jam
3448 1250 3601 1295 tuum

2024 1327 2317 1382 consilium
2355 1344 2478 1384 meo
2512 1340 2872 1400 anteponam.
2908 1332 3051 1398 Quid
3089 1332 3247 1387 enim
3280 1329 3429 1387 aliud
3464 1331 3601 1386 mihi

2027 1434 2178 1474 nunc
2225 1422 2579 1488 praestantius
2625 1422 2801 1477 videri
2856 1432 3071 1493 potest,
3117 1438 3283 1493 quam
3331 1425 3467 1479 tales
3503 1424 3605 1478 tibi

2028 1508 2382 1564 narrationes
2406 1526 2713 1579 proponere
2734 1553 2749 1580 ,
2782 1514 2983 1583 quibus
3011 1515 3151 1571 nihil
3183 1515 3320 1572 mihi
3352 1515 3604 1583 facilius,

2031 1597 2133 1652 tibi
2170 1599 2308 1653 nihil
2346 1601 2543 1656 melius
2579 1611 2684 1657 est.

2099 1690 2188 1746 lV.
2223 1692 2350 1748 Hine
2377 1694 2544 1764 igitur
2569 1705 2928 1767 posteaquam
2954 1700 3365 1773 Agathangelus
3384 1704 3601 1760 amicus

2029 1783 2099 1839 de
2126 1785 2194 1841 iis
2215 1801 2340 1857 quae
2364 1788 2585 1844 silentio
2611 1793 2920 1860 transisset,
2947 1796 3013 1849 ad
3041 1811 3194 1850 suam
3218 1797 3598 1854 defensioaem

336 1865 565 1919 τοιαῦτα
607 1866 666 1919 δὲ
721 1867 862 1937 ὑπὲρ
895 1861 972 1921 ὧν
1003 1867 1280 1937 φθέγξαιτ’
1321 1868 1389 1922 ἂν
1436 1871 1517 1933 είς
1564 1846 1907 1942 τούπιδνῗτῆί

2026 1880 2278 1946 protulit,
2304 1879 2373 1935 de
2399 1881 2469 1937 iis
2488 1898 2609 1953 quae
2630 1884 2683 1939 in
2705 1889 2957 1955 sequenti
2982 1892 3302 1947 narratione
3327 1893 3605 1952 relaturus

337 1957 645 2027 διηγήσεως
671 1958 1069 2029 ἐπηγγέλλετο,
1106 1960 1216 2013 τῶν
1247 1961 1347 2028 μὲν
1381 1961 1668 2032 προτέρων
1700 1963 1917 2032 σμικρά

336 2049 822 2118 ἐπαναλαμϐάνειν
849 2051 937 2104 διὰ
964 2052 1025 2105 τὸ
1054 2053 1154 2124 ήδη
1197 2053 1452 2123 εἰρῆσθαι
1478 2053 1549 2107 τὲ
1580 2053 1776 2119 πλείω,
1799 2058 1915 2118 τοῖς

335 2142 383 2194 δ’
424 2142 638 2195 ἐπιοῦσι
691 2142 801 2196 τῶν
858 2146 1175 2214 ἀναγκαίων
1249 2146 1414 2215 μηδὲν
1482 2146 1917 2216 ὑπισχνούμενος

335 2236 722 2304 παραλείπειν.
762 2236 1039 2307 Ἐντυχεῖν
1073 2238 1173 2307 μὲν
1214 2233 1309 2291 οὖν
1352 2237 1508 2305 ἔλεγε
1541 2237 1773 2290 καὶτῶν
1821 2254 1918 2306 με-

341 2328 657 2397 ρικωτέρων
702 2330 1020 2383 ἐπισκόπων
1067 2329 1184 2382 ὅσοι
1224 2330 1345 2384 καθ’
1386 2330 1453 2394 ἃς
1487 2329 1651 2391 αὐτὸς
1699 2329 1914 2400 περιῄει

335 2420 530 2488 κώμας
590 2422 687 2475 καὶ
733 2421 919 2484 πόλεις
971 2422 1271 2493 ἐτύγχανον
1321 2422 1495 2489 ὄντες,
1553 2423 1803 2493 ἐντυχεῖν
1855 2422 1913 2477 δὲ

238 2572 241 2575 Α
335 2507 399 2581 [ί.
435 2509 537 2564 {UO
564 2508 624 2581 α]
683 2510 920 2579 μάλιστα
952 2511 1015 2581 δὴ
1057 2514 1426 2583 πατριάρχαις
1469 2513 1673 2579 αὐτοῖς,
1709 2514 1912 2584 Γρηγο-

336 2604 437 2671 ρίῳ
468 2620 526 2655 τε
550 2603 753 2675 δηλαδὴ
800 2604 877 2671 τῷ
914 2603 1321 2673 Ἀλεξανδρείας
1356 2605 1451 2658 καὶ
1493 2605 1743 2676 Ἰγνατίῳ
1787 2606 1910 2659 Ἀνο

331 2694 594 2764 τιοχείας,
648 2696 746 2748 καὶ
804 2694 977 2766 τρίτῳ
1027 2694 1087 2758 ὃς
1145 2696 1278 2765 πρὶν
1338 2696 1371 2766 ἢ
1428 2696 1685 2766 Λάζαρον
1745 2698 1909 2767 τῆτες

332 2787 514 2838 ἐκεῖσε
579 2785 833 2854 ἀφῖχθαι,
876 2784 969 2838 τὸν
1037 2785 1443 2857 πατριαρχικὺν
1507 2785 1908 2856 Ἰεροσολύμων

330 2876 501 2928 διεῖπε
540 2877 763 2946 θρόνονο
791 2878 853 2930 τὸ
877 2878 986 2945 γάρ
1019 2876 1100 2930 τοί
1126 2895 1190 2945 γε
1216 2878 1389 2946 ὄνομα
1426 2876 1676 2948 ἐλελήθει
1708 2896 1776 2948 με
1808 2879 1906 2931 τοῦ

328 2967 541 3037 ἀνδρός.
579 2968 852 3037 Ἑντυχείν
890 2966 936 3020 δ’
980 2967 1075 3021 οὖν
1118 2971 1177 3022 ἐν
1226 2968 1505 3039 διαφόροις
1540 2969 1716 3023 ἄλλοτ’
1761 2970 1907 3040 ἄλλῳ

328 3059 441 3119 τοῖς
473 3057 679 3121 τόποις,
711 3057 837 3110 ἔνθα
895 3059 991 3112 καὶ
1042 3059 1140 3128 τὴν
1197 3058 1409 3113 δίαιταν
1461 3059 1695 3123 ἕκαστος
1749 3059 1906 3131 ἔτυχε

328 3150 629 3221 τηνικαῦτα
680 3153 1024 3219 ποιούμενος.
1071 3152 1182 3203 Καὶ
1224 3153 1295 3204 τὰ
1347 3149 1450 3221 μὲν
1501 3152 1696 3221 πρῶτά
1739 3168 1909 3222 φησιν

329 3243 691 3307 ἐπιτωθαζειν
741 3243 989 3305 ἐκείνους
1040 3243 1136 3295 καὶ
1195 3242 1653 3313 διαλοιδορεῖσθαί
1700 3246 1771 3310 οί,
1813 3248 1909 3301 καὶ

327 3331 442 3389 οἷον
495 3338 942 3408 εἰρωνευομένοις
1016 3337 1253 3390 ἐοικέναι
1330 3341 1426 3392 καὶ
1486 3338 1906 3409 ἀποσειομένοις

326 3430 633 3501 ὁλοσχερῶς
685 3431 785 3498 τὴν
836 3428 1002 3481 αὐτοῦ
1040 3430 1432 3499 συνδιαίτησιν,
1474 3428 1583 3500 ἰδίᾳ
1634 3430 1733 3499 μὲν
1770 3431 1905 3483 ἐκα-

329 3543 477 3591 στον,
531 3525 619 3577 ἐπ’
672 3522 793 3592 ίσης
856 3522 903 3576 δ’
960 3522 1148 3592 ὥσπερ
1199 3523 1263 3574 ἐκ
1318 3520 1500 3575 κοινοῦ
1558 3522 1904 3592 συνθήματος

326 3618 573 3679 ἅπαντας
621 3614 710 3669 διά
756 3614 847 3667 τὸν
902 3613 995 3667 τοῦ
1033 3613 1263 3682 πατρίου
1321 3614 1594 3683 δόγματος
1649 3613 1903 3666 ἐντεῦθεν

328 3707 570 3777 ῥαγέντα
597 3705 860 3758 κλύδωνα.
894 3703 1083 3767 Οὕτως
1118 3703 1284 3768 ὀξέως
1324 3704 1634 3772 ἐπέδραμεν
1667 3705 1699 3774 ἡ
1741 3704 1900 3774 φήμη

329 3802 542 3869 ῥυεῖσα,
580 3796 832 3866 καθάπερ
857 3794 1049 3865 ἀγρίου
1077 3794 1213 3865 πνοή
1251 3812 1335 3858 τις
1365 3794 1588 3865 ἀνέμου,
1624 3795 1902 3864 Αἴγυπτόν

326 3905 386 3941 τε
422 3887 741 3957 καὶἜυρίαν
788 3885 884 3938 καὶ
923 3885 1177 3938 Κιλικίαν
1233 3883 1327 3937 καὶ
1378 3886 1561 3938 πᾶσαν
1596 3885 1777 3937 εἰπεῖν
1823 3885 1904 3936 oi-

327 3981 622 4049 κουμένην,
685 3978 930 4047 ὅπουπερ
987 3977 1054 4029 ἂν
1095 3975 1440 4046 Χριστιανῶν
1480 3974 1696 4045 λάχοιεν
1735 3973 1900 4044 δῆμοι

326 4070 425 4139 τὴν
463 4068 677 4138 οίκησιν
711 4066 945 4136 ἔχοντες,
982 4062 1088 4118 τῶν
1130 4062 1226 4116 τοῦ
1276 4064 1513 4134 Παλαμᾶ
1560 4064 1901 4133 παρανόμων

328 4163 421 4214 καὶ
442 4160 611 4213 νόθων
641 4158 946 4228 δογμάτων,
979 4158 1075 4209 καὶ
1097 4154 1293 4220 οὕτως,
1324 4156 1608 4226 ἀνώνυμος
1639 4155 1716 4213 ὢν
1744 4158 1772 4210 ὁ
1804 4176 1901 4211 τα-

326 4253 605 4322 λαίπωρος
653 4251 942 4322 πρότερον,
996 4248 1282 4318 διαϐόητος
1320 4247 1412 4299 ἐπὶ
1456 4248 1625 4316 κακίᾳ
1672 4248 1899 4316 γέγονεν

325 4351 594 4420 ὕστερονο
643 4350 812 4402 ποιεῖν
855 4346 963 4416 γάρ
1008 4362 1143 4413 φησι
1194 4340 1556 4412 περιϐοήτους
1606 4343 1668 4395 ού
1714 4342 1900 4408 δεξιὰν

326 4444 526 4511 πρᾶξιν
572 4441 755 4510 μόνον,
795 4438 933 4492 ἀλλὰ
974 4437 1068 4491 καὶ
1115 4435 1313 4489 κακίαν
1351 4433 1594 4488 νικῶσαν
1646 4436 1897 4505 πονηρῶν

323 4533 698 4602 εὐδοκίμησιν.

396 4628 474 4680 Ε’.
515 4625 668 4678 Ἐπεὶ
689 4622 738 4677 δ’
764 4621 1167 4689 ἀναλαμϐάνων
1200 4618 1410 4673 ἀνωθεν
1454 4622 1660 4683 ἐκεῖνος
1689 4620 1897 4674 ἕκαστα

322 4719 460 4791 διῄει
508 4716 763 4778 ἑκάστοις
807 4711 1133 4782 ἑκασταχοῦ,
1164 4711 1232 4763 τά
1274 4727 1334 4764 τε
1383 4711 1521 4765 ἄλλα
1569 4714 1661 4763 καὶ
1691 4713 1765 4775 ὡς
1799 4713 1897 4780 τὴν

322 4812 492 4879 αὐτὴν
537 4811 632 4862 καὶ
684 4806 847 4870 αὐτὸς
901 4806 985 4874 εῐη
1042 4804 1398 4874 περιθάλπων
1435 4804 1664 4874 γνώμη-ν
1710 4806 1898 4869 αὐτοῖς

322 4903 603 4965 εὐσεϐείας
658 4902 845 4962 ἓνεκα,
880 4900 974 4952 καὶ
1029 4897 1102 4960 ὡς
1155 4896 1243 4950 διὰ
1298 4897 1390 4951 τὸν
1444 4897 1687 4950 τοιοῦτον
1735 4897 1897 4966 ζῆλον

323 4996 499 5065 φυγὰς
532 4993 631 5063 τῆς
664 4992 922 5060 πατρίδος
971 4990 1203 5056 γένοιτο,
1240 4990 1332 5041 καὶ
1358 4987 1433 5051 ὡς
1469 4988 1498 5039 ὁ
1526 4987 1766 5049 τοιοῦτος
1801 4989 1891 5042 ἐν·

323 5088 512 5141 τεῦθεν
555 5086 795 5139 ἐλαύνων
826 5081 1025 5152 τρόπος
1068 5082 1127 5143 ἐς
1163 5080 1290 5141 τοὺς
1336 5080 1525 5149 ἀήθεις
1557 5078 1709 5150 αύτῷ
1751 5079 1893 5132 πλα-

324 5181 516 5234 νᾶτθαι
555 5179 778 5249 δράσειε
821 5176 1040 5238 τόπους,
1074 5202 1143 5211 —
1172 5172 1295 5226 ἐπεὶ
1351 5168 1447 5226 οὖν
1486 5173 1660 5227 ταῦτά
1704 5190 1763 5227 τε
1798 5175 1894 5226 καὶ

325 5272 456 5325 ἄλλα
486 5270 660 5331 ἀλλοις
692 5266 894 5336 ὁμοίως
920 5265 1145 5319 διετέλει
1179 5264 1370 5332 λέγων,
1400 5266 1574 5318 ὁπόσα
1606 5267 1757 5335 κοινῇ
1795 5266 1893 5319 καὶ

325 5362 445 5416 καθ’
476 5362 680 5413 ἕκαστα
705 5359 920 5426 βέϐαιον
953 5356 1159 5410 ἀπασιν
1199 5356 1484 5419 εὐσεϐείας
1518 5357 1685 5410 αὐτὸν
1725 5356 1893 5425 ἐγνώ-

326 5454 472 5523 ριζεν
500 5450 758 5520 ἀθλητὴν,
788 5444 856 5519 ἦν
884 5447 1060 5510 οὐδεὶς
1083 5446 1196 5500 οὗθ’
1311 5449 1386 5519 μὴ
1412 5448 1511 5518 τῆς
1553 5451 1680 5519 πρὶν
1712 5450 1893 5519 αίερνι-

230 5544 237 5549 ’
321 5543 432 5594 δίου
465 5540 830 5609 σκληρότητος
863 5537 1182 5607 μετέμελεν,
1220 5536 1333 5589 οὗθ’
1380 5536 1437 5601 ὃς
1477 5537 1579 5590 ούκ
1610 5538 1891 5607 ἠσπάζετό

319 5649 379 5684 τε
410 5633 505 5683 καὶ
538 5629 1000 5699 άντεςσιλοτιμεῖτό
1025 5630 1074 5681 oi
1113 5630 1207 5680 καὶ
1235 5628 1304 5680 τὰ
1345 5630 1512 5682 πιστά
1543 5630 1639 5699 τῆς
1670 5634 1797 5700 περ).
1831 5632 1892 5684 τὸ

323 5725 482 5787 σέϐας
537 5723 769 5794 ἀληθοῦς
824 5723 1076 5793 ὁμονοίας
1124 5724 1437 5791 περιφανῶς
1481 5723 1775 5788 ἀντεδίδου,
1816 5725 1891 5789 ὡς

323 5818 622 5885 τηνικαῦτα
679 5816 770 5870 καὶ
826 5816 915 5869 τὸν
982 5815 1317 5885 Ἀντιοχείας
1363 5814 1639 5887 ἔγγραφον
1694 5816 1889 5870 ἑαυτοῦ

2020 1979 2198 2035 esset,
2230 1972 2511 2041 professus
2538 1985 2643 2041 est,
2672 1992 2732 2033 se
2763 1995 2937 2049 pauca
2974 1991 3186 2038 tantum
3218 1982 3287 2040 ex
3319 1988 3603 2057 prioribus

2026 2072 2383 2132 recepturum
2411 2080 2535 2122 esse
2571 2080 2864 2139 prepterea
2895 2075 3043 2143 quod
3082 2079 3344 2149 majorem
3384 2091 3599 2151 partem

2020 2151 2130 2222 jam
2172 2158 2552 2224 exposuisset,
2590 2161 2791 2219 deinde
2831 2182 2964 2221 vero
3004 2169 3177 2232 nihil,
3217 2174 3364 2241 quod
3406 2192 3598 2233 ncces-

2021 2244 2227 2299 sarium
2261 2255 2444 2315 esset,
2479 2265 2537 2305 se
2568 2254 2905 2310 omissurum
2944 2260 3218 2328 promisit.
3256 2264 3599 2325 Convenisse

2022 2334 2191 2404 igitur
2226 2352 2284 2392 se
2322 2340 2545 2399 dicebat
2593 2355 2795 2414 prmter
2847 2352 3211 2420 particulares
3256 2361 3589 2432 episcopos,

2016 2441 2156 2525 quos
2184 2428 2504 2525 insingulis
2532 2437 2670 2492 vicis
2698 2441 3039 2515 urbibusque
3064 2448 3417 2517 offendisset,
3449 2428 3593 2525 pra:-

2019 2519 2213 2611 sertim
2244 2521 2393 2611 ipsos
2421 2527 2794 2596 patriarchas,
2828 2532 3191 2606 Gregorium,
3219 2519 3591 2611 patriam-bam

2024 2605 2401 2702 Alexandriae,
2448 2614 2715 2685 lgnatium
2757 2605 3098 2691 Antiochire,
3146 2605 3368 2687 tertium
3419 2651 3547 2691 eum
3576 2679 3590 2702 .

2017 2698 2112 2768 qui
2158 2699 2558 2776 Hierosolymis
2610 2713 3048 2776 patriarchicum
3100 2722 3299 2777 solium
3349 2698 3595 2784 obtinuit

2015 2800 2144 2847 ante
2195 2793 2502 2864 Lazarum,
2553 2801 2647 2869 qui
2700 2802 2805 2859 hoc
2848 2822 2995 2862 anno
3048 2826 3116 2865 eo
3152 2814 3342 2881 venit;
3387 2834 3586 2876 nomen

2013 2894 2197 2941 autem
2245 2887 2348 2943 viri
2392 2905 2478 2946 me
2517 2894 2686 2963 fugit.’
2718 2895 3057 2957 Convenisse
3096 2920 3154 2959 se
3197 2906 3365 2977 igitur
3415 2913 3586 2968 alium

2012 2977 2119 3047 23
2169 2978 2277 3034 alio
2320 2981 2476 3049 loco,
2527 2984 2621 3040 ubi
2667 3002 2823 3043 suam
2872 2992 3103 3065 quisque
3151 3006 3282 3054 tunc
3326 3005 3586 3073 temporis

2010 3069 2194 3125 sedem
2234 3071 2457 3129 ﬁxisset.
2500 3076 2677 3147 Atque
2714 3081 2951 3150 primum
2986 3088 3207 3157 quidem
3247 3094 3324 3148 ait
3361 3069 3587 3154 se-con-

1931 3181 1977 3244 α
2013 3162 2170 3218 viciis
2200 3173 2255 3218 et
2283 3167 2573 3224 calumniis
2596 3171 2664 3225 ab
2696 3172 2808 3228 illis
2839 3178 3170 3248 exagitatam
3203 3199 3356 3252 esse;
3398 3205 3494 3244 eos
3532 3202 3586 3246 et

2011 3255 2253 3324 singulos
2287 3268 2342 3313 et
2371 3271 2600 3317 cunctos
2635 3267 2838 3333 pariter
2875 3270 3043 3325 veluti
3075 3288 3141 3328 ex
3173 3279 3477 3348 composito
3510 3284 3585 3337 ir-

2011 3343 2307 3400 ridentium
2338 3362 2396 3403 se
2428 3363 2692 3421 suamque
2722 3357 3036 3415 societatem
3072 3343 3583 3432 penitus-aversan-

2011 3435 2144 3535 I_ium
2174 3452 2285 3535 pra:
2313 3453 2371 3494 se
2401 3442 2589 3499 tulisse
2617 3448 2854 3515 speciem
2885 3465 3105 3522 pmpter
3130 3460 3289 3525 patrii
3311 3462 3583 3535 dogmatis

2007 3526 2204 3625 iluctus
2243 3530 2331 3585 hic
2366 3542 2609 3590 coortos.
2646 3538 2784 3593 Tum
2820 3547 3020 3600 acriter
3051 3564 3206 3617 saevae
3242 3526 3581 3625 tempestatis

2006 3617 2180 3718 instar
2212 3620 2538 3696 Egyptum,
2573 3628 2783 3701 Syriam
2807 3675 2821 3700 ,
2853 3636 3096 3694 Ciliciam
3138 3617 3421 3718 totumque
3462 3651 3579 3709 fere

2005 3710 2197 3766 orbem
2242 3723 2549 3786 terrarum,
2589 3721 2681 3775 ubi
2719 3722 3163 3787 Christianorum
3199 3710 3384 3806 pepuli
3423 3742 3581 3798 sedes

2005 3804 2185 3859 sortiti
2234 3816 2395 3872 sunt,
2449 3815 2690 3879 pervasit
2723 3815 2865 3873 fama
2904 3804 3219 3889 spuriorum
3266 3804 3320 3885 et
3360 3831 3580 3905 illegiti-

2004 3910 2220 3951 morum
2272 3898 2502 3955 Palamze
2541 3903 2887 3974 dogmatum,
2926 3927 3035 3980 quo
3089 3916 3290 3973 factum
3345 3898 3482 3990 est:
3519 3940 3581 3985 ut

2003 3987 2170 4043 miser
2204 3989 2341 4058 iste,
2377 3993 2471 4062 qui
2514 4006 2675 4051 antea
2715 4000 2983 4058 obscurus
3027 4016 3181 4075 erat,
3227 3987 3577 4084 improbitate

1997 4080 2108 4153 jam
2159 4081 2393 4155 inclytus
2441 4102 2564 4145 esse
2611 4091 2895 4162 inciperet.
2940 4096 3179 4156 Gloriam
3232 4080 3419 4176 enim,
3491 4113 3577 4168 in-

2002 4175 2151 4244 quit,
2194 4191 2302 4233 non
2350 4179 2527 4234 solum
2570 4182 2763 4240 dextro
2808 4197 2973 4259 atque
3025 4194 3280 4263 prudenti
3329 4175 3577 4262 facinore

2001 4267 2250 4335 acquiri,
2286 4269 2381 4325 sed
2416 4272 2580 4326 etiam
2617 4276 2883 4333 malorum
2925 4284 3280 4355 improbitate
3314 4276 3605 4353 virtutem,

2002 4367 2315 4425 superante.

2071 4620 2144 4728 νζ
2167 4624 2304 4728 Cum
2342 4638 2525 4686 autem
2561 4633 2651 4689 ille
2700 4636 2868 4694 rebus
2900 4640 3068 4699 altius
3108 4651 3355 4717 repetitis
3380 4655 3575 4728 singu-

1999 4715 2068 4771 lis
2100 4716 2314 4788 singula
2349 4722 2583 4780 referret
2621 4727 2674 4781 in
2711 4728 3011 4802 primisque
3045 4736 3112 4792 iis
3136 4715 3438 4808 exponeret
3462 4715 3568 4812 ,vse

1998 4809 2274 4876 eamdem,
2307 4828 2470 4881 quam
2504 4816 2630 4886 ipsi,
2674 4823 3009 4879 sententiam
3039 4826 3317 4887 ferventer
3353 4809 3573 4904 pietatis

1999 4913 2162 4953 causa
2194 4902 2450 4971 amplectl
2493 4914 2549 4959 et
2579 4907 2648 4961 ob
2694 4909 2872 4979 ipsum
2911 4914 3016 4970 hoc
3068 4918 3270 4977 ardens
3327 4902 3569 4983 studium

1998 5001 2273 5047 extorrem
2307 5008 2335 5048 a
2372 4995 2546 5065 patria
2596 5000 2777 5057 vivere
2804 5019 2877 5073 ac.
2898 5006 2991 5060 tali
3037 4996 3313 5069 s‘entiendi
3358 5020 3570 5074 ratione

1995 5358 2280 5429 religionis
2342 5378 2805 5436 propugnatorem
2843 5374 3132 5446 probavit,
3194 5384 3560 5453 tum'quidem

1993 5464 2157 5503 nemo
2190 5460 2331 5518 erat,
2358 5471 2523 5523 quem
2549 5474 2659 5512 non
2693 5470 2896 5517 temere
2924 5476 3083 5522 antea
3110 5482 3387 5542 concepta:
3408 5491 3565 5532 3081‘—

1992 5541 2183 5597 bitatis
2231 5547 2562 5614 paeniteret,
2614 5552 2723 5624 24
2758 5570 2942 5623 nemo,
2998 5562 3132 5630 quin
3170 5541 3404 5634 benigne
3439 5584 3565 5626 eum

1992 5637 2273 5705 exciperet
2325 5649 2382 5693 et
2444 5646 2697 5709 certatim
2740 5648 3047 5707 honoraret
3105 5670 3167 5710 ac
3225 5671 3370 5711 verse
3438 5662 3568 5716 fidei

1992 5728 2303 5783 concordia:
2351 5732 2637 5791 manifesta
2698 5740 2924 5810 pignora
2971 5743 3146 5799 daret.
3205 5746 3346 5803 Tum
3398 5751 3566 5809 etiam

1992 5818 2298 5875 Antiochia:
2363 5826 2681 5893 patriarcha
2724 5834 2989 5903 scriptum
3038 5846 3246 5893 tomum
3300 5842 3565 5911 protulit,
