4070 6326
455 381 514 439 li}
1653 359 2068 422 ΝΠῈΡΠΟΙΠ
2107 359 2484 420 GBEGOILE
3619 347 3682 410 16

449 498 540 560 qui
571 493 987 548 consensionem
1022 487 1346 542 orthodoxa:
1380 494 1433 538 et
1459 483 1769 539 communis
1810 491 2012 534 nostra:

2132 483 2470 546 προενεγκεῖν
2508 479 2697 550 τόμον,
2745 475 3040 548 ὁμολογίαν
3104 472 3203 542 μὲν
3247 469 3346 537 τῆς
3401 467 3683 539 ὀρθοὸέξου

451 587 574 638 tidci
607 581 945 642 continebat,
977 580 1248 633 Palamam
1285 589 1417 629 vero
1465 583 1524 627 ut
1578 573 1764 642 Spuria
1791 579 1846 624 et
1884 585 2010 638 pro-

450 679 568 730 t'ana
595 677 846 744 dogmata
875 671 1224 724 inducentem
1256 683 1320 722 ex
1351 665 1444 719 Dei
1475 663 1716 717 Ecclesia
1751 659 2012 730 cjicicbat

449 799 518 808 --
551 779 754 820 tomum
789 763 1003 817 scilicet
1046 760 1224 823 illum,
1249 771 1412 826 quent
1447 761 1855 824 composuerat,
1885 765 2009 804 cum

452 858 696 929 Byzantii
721 855 941 909 audiret
967 863 1022 906 et
1046 852 1330 921 adjuvaret
1356 847 1619 900 Joannem
1643 843 2010 913 patriarcltam

452 946 1012 1017 eiusqueepiscopos.
1048 941 1142 1009 qui
1170 939 1486 1008 aliquandiu
1521 936 1842 1005 superiores
1857 940 2014 986 erant

453 1042 520 1092 ob
555 1038 801 1092 veritatis
823 1035 964 1098 vim,
995 1047 1158 1102 quant
1195 1030 1569 1084 defendebant
1599 1035 1655 1080 et
1699 1025 1845 1094 qttod
1902 1038 2012 1076 non

455 1133 681 1190 aderat,
741 1127 834 1196 qui
883 1125 952 1180 iis
979 1139 1037 1178 sc
1071 1131 1399 1192 opponeret,
1435 1119 1891 1176 Cautacuzenus,
1945 1127 2014 1167 eo

456 1217 711 1272 nimirum
753 1225 1018 1282 tempore,
1041 1225 1162 1280 quo
1186 1219 1401 1278 pestem
1436 1207 1596 1260 ista-tn
1631 1205 1684 1258 in
1715 1219 1854 1272 puro
1882 1217 2015 1268 agro

455 1312 692 1380 primunt
723 1311 1166 1361 succrescentcm
1209 1317 1348 1355 «eum
1390 1301 1507 1368 ipso
1539 1297 1782 1368 germine
1811 1295 2014 1350 exstir-

457 1401 686 1470 pandam
719 1411 838 1450 esse
867 1396 1148 1449 decretum
1181 1401 1286 1446 est.
1321 1391 1432 1444 lloc
1461 1399 1606 1442 temo
1635 1386 1856 1440 evoluto
1879 1399 2014 1437 eum

457 1495 532 1546 ait
579 1488 884 1543 ostendisse
929 1487 1097 1540 etiant
1155 1481 1592 1550 subscriptiones
1639 1477 2017 1532 unanimitatis

455 1584 698 1636 omnium
739 1578 884 1631 illius
937 1573 1236 1643 provincia:
1274 1572 1660 1639 episcoporum
1701 1576 1754 1620 et
1787 1565 2013 1633 presby-

433 1682 700 1726 terorum
736 1675 896 1735 atque
921 1663 1151 1716 aliorum
1175 1660 1600 1714 lectissimorum
1633 1656 1898 1718 virorum,
1921 1653 2013 1722 qui

457 1765 510 1815 in
541 1763 731 1815 eadem
757 1754 1036 1812 sententia
1070 1760 1304 1807 starent.

2115 570 2208 621 καὶ
2251 570 2435 637 κοινῆς
2487 571 2644 642 ἡμῶν
2696 569 2889 638 ἔχοντα
2946 567 3205 627 πίστεως,
3243 563 3575 630 ἐκτέμνοντα
3627 559 3685 610 δέ

2115 661 2385 730 Παλαμᾶν
2439 663 2538 732 τῆς
2587 660 2679 714 τοῦ
2733 660 2868 714 Θεοῦ
2909 657 3234 728 Ἐκκλησίας
3287 655 3362 717 ὡς
3414 653 3544 706 νόθα
3595 651 3686 704 καὶ

2115 749 2320 820 βέϐηλα
2349 751 2748 822 παρεισάγοντα
2779 751 3045 819 δόγματα,
3064 748 3232 816 τόμον
3257 747 3465 798 ἐκεῖνον
3485 741 3688 813 δηλαδὴ

2113 843 2172 895 ὃν
2202 846 2258 894 ἐν
2285 843 2565 914 Βυζαντίῳ
2599 846 2942 913 συνετετάχει
2981 839 3173 910 παρὼν
3205 839 3299 892 καὶ
3329 835 3547 889 ἀκούων
3593 835 3686 885 καὶ

2117 931 2621 999 συναγωνιζόμενος
2664 922 2886 1000 Ἰωάίνῇ
2911 927 2988 998 τῷ
3015 927 3332 996 πατριάρχῃ
3361 924 3453 977 καὶ
3481 925 3594 984 τοῖς
3625 936 3688 987 γε

2115 1019 2252 1090 ἀμφ’
2279 1020 2439 1073 αὐτὸν
2476 1019 2822 1080 ἐπισκόποις,
2856 1015 2916 1068 τὸ
2969 1015 3174 1084 ἰσχύειν
3223 1016 3406 1083 ἔχουσι
3450 1013 3586 1073 τέως
3629 1010 3690 1062 ἐκ

2114 1128 2176 1165 τε
2206 1111 2304 1177 τῆς
2334 1109 2592 1178 ἀληθείας
2627 1109 2692 1161 ἐκ
2721 1125 2778 1160 τε
2819 1107 2913 1159 τοῦ
2949 1105 3023 1176 μὴ
3053 1107 3307 1174 παρεῖναι
3333 1104 3426 1155 τὸν
3453 1102 3692 1155 ἀντιϐαί-

2117 1215 2274 1250 νοντα
2297 1195 2766 1263 Καντακουζηνον,
2786 1197 2872 1246 ἣτε
2901 1193 2966 1258 δὴ
2995 1193 3089 1244 καὶ¹
3121 1191 3338 1262 πρῶτον
3369 1191 3692 1256 ἐπιφυεῖσαν

2117 1290 2195 1359 τῷ
2239 1287 2463 1358 καθαρῷ
2486 1286 2622 1356 ληίῳ
2647 1285 2744 1356 τὴν
2767 1286 2922 1338 νόσον
2955 1283 3170 1350 ἐκείνην
3200 1281 3258 1344 ἐξ
3307 1279 3476 1348 αὐτῆς
3543 1278 3688 1341 ἔδοξε

2117 1383 2352 1451 τέμνειν,
2385 1381 2458 1442 ὡς
2483 1380 2656 1444 ἔλεγε,
2689 1377 2944 1448 βλάστης.
2974 1375 3175 1428 Τοῦτόν
3209 1391 3368 1444 φησιν
3400 1371 3693 1424 ἁνελίττειν

2117 1487 2175 1522 τε
2199 1473 2425 1531 ἐκεῖνον,
2453 1471 2546 1521 καὶ
2583 1469 2698 1536 ἅμα
2729 1467 2828 1528 τὰς
2858 1465 3178 1534 ὑπογραφάς
3207 1463 3300 1530 τῆς
3321 1461 3695 1531 ὁμοφροσύνης

2118 1560 2381 1614 δεικνύειν
2410 1562 2517 1612 τῶν
2561 1561 2675 1611 ὅσοι
2710 1557 2808 1625 τῆς
2837 1556 3106 1625 ἐπαρχίας
3160 1555 3370 1606 ἐκείνου
3402 1551 3698 1620 τυγχάνου-

2121 1670 2206 1706 σιν
2255 1652 2408 1714 ὄντες
2457 1653 2744 1704 ἐπίσκοποι
2779 1648 2876 1701 καὶ
2905 1645 3284 1716 πρεσϐύτεροι,
3315 1645 3409 1696 καὶ
3447 1647 3558 1697 ὅσοι
3590 1643 3697 1695 τῶν

2119 1743 2290 1803 ἄλλως
2320 1743 2558 1811 λογάδων
2583 1741 2682 1803 τὰς
2702 1738 2926 1810 γνώμας
2943 1734 3091 1809 ¹ἦσαν
3137 1737 3504 1804 συγκείμενοι.

527 1851 616 1906 Vl.
651 1847 852 1902 Eodem
889 1861 1054 1900 sensu
1097 1840 1364 1912 praeditos
1397 1847 1455 1892 et
1483 1833 1826 1891 Alexandrina
1880 1846 2018 1902 prat-

2195 1838 2286 1901 G’.
2321 1835 2384 1906 |f.
2415 1833 2516 1886 1.00
2547 1832 2598 1904 ὁ]
2631 1834 2851 1894 Τούτοις
2891 1831 3185 1900 ὁμόφρονος
3220 1830 3308 1880 καὶ
3333 1827 3426 1880 τοῦ
3443 1825 3700 1894 τῆςἊλε-

451 1945 628 1998 sulent
665 1943 792 1994 cuin
840 1935 1098 1990 omnibus
1128 1931 1396 2001 episcopis
1431 1928 1479 1982 ei
1516 1926 1751 1982 subditis
1779 1933 1834 1979 et
1868 1939 2018 1988 eum,

447 2037 550 2106 qui
592 2045 702 2086 tum
751 2027 1252 2096 Hierosolymorum
1287 2020 1632 2090 gubernabat
1683 2013 2020 2079 Eeelesiam,

458 2143 515 2180 se
563 2129 856 2190 «expertum
902 2133 1023 2170 esse
1067 2115 1207 2166 dixit
1255 2121 1424 2179 atque
1471 2109 1696 2163 omnino
1747 2106 2020 2160 neminem

455 2215 658 2276 fuisse,
689 2209 780 2262 cui
816 2221 923 2260 nott
975 2199 1334 2272 reprehensio
1381 2197 1828 2268 Byzantinornnt,
1871 2191 2018 2263 quod

461 2306 513 2354 itt
543 2301 713 2354 rebus
743 2307 848 2350 tam
879 2293 1326 2346 .inttnutabilibus
1367 2296 1514 2341 tanta
1549 2287 1766 2339 levitate
1795 2295 1980 2340 essent
2003 2323 2020 2350 ,

462 2393 636 2446 inore
669 2401 884 2454 semper
917 2383 1128 2436 fuisset.
1151 2377 1492 2433 A-le-xandrim
1525 2385 1702 2429 autem
1733 2377 2020 2444 prmsulent

461 2481 566 2551 25
603 2478 758 2532 valde
788 2473 1166 2529 admirabatur
1201 2469 1270 2522 ob
1308 2467 1570 2522 naturalis
1603 2467 1908 2536 prudentiae
1929 2481 2023 2520 co-

465 2576 604 2644 piam
653 2587 773 2624 cum
811 2567 1078 2639 gravitate
1113 2573 1278 2633 atque
1312 2561 1618 2616 constantia
1652 2561 2022 2629 coniunctam,

455 2674 526 2718 ut
565 2679 670 2715 non
697 2659 850 2713 facile
891 2657 958 2710 ad
999 2654 1439 2724 intempestivam
1489 2651 1844 2704 ambitionent
1877 2665 2026 2703 cont-

451 2755 785 2824 pelleretur,
819 2762 998 2819 neque
1029 2761 1160 2801 vero
1197 2744 1266 2798 ad
1319 2743 1514 2796 rudem
1545 2742 1837 2810 quamdam
1867 2752 2027 2809 atque

433 2847 726 2900 'incultam
759 2839 1188 2896 taciturnitatem
1231 2844 1454 2905 propter
1483 2847 1734 2900 magnam
1757 2832 2027 2886 inscitiam

467 2933 856 2995 descenderet,
894 2929 988 2984 sed
1022 2941 1205 2981 rerum
1239 2913 1340 2979 usu
1398 2924 1644 2977 [irritatus
1699 2923 2032 2976 convenien-

461 3030 599 3081 tiam
634 3022 922 3093 quamdam
961 3017 1254 3072 admodum
1297 3016 1550 3070 decoram
1599 3029 1706 3084 prae
1747 3029 1804 3068 se
1841 3013 2028 3067 ferret.

470 3117 700 3172 Maxime
729 3128 878 3178 vero,
913 3125 1042 3166 cum
1079 3109 1244 3180 hujus
1295 3109 1398 3161 viri
1431 3106 1762 3160 mentioncnt
1807 3106 2030 3168 faceret,

471 3213 576 3265 hoc
618 3211 821 3263 dictum
856 3205 976 3276 ejus
1003 3201 1380 3257 admirabatur
1430 3217 1444 3253 :
1498 3201 1682 3254 multis
1717 3199 2033 3253 hominibus

475 3304 654 3372 iisque
694 3299 895 3372 alioqui
925 3313 1031 3349 non
1064 3293 1608 3362 imprudentiSsintis,
1635 3292 1778 3360 quod
1811 3307 1868 3344 se
1891 3292 2032 3345 scire

477 3371 904 3447 arbitrarentur,
937 3385 988 3437 id
1023 3385 1222 3452 ipsum,
1261 3381 1558 3449 quominus
1599 3381 1824 3442 scirent,
1856 3381 2030 3449 impe-

475 3479 723 3533 dimento
769 3490 928 3536 esse;
963 3471 1068 3524 hoc
1114 3470 1335 3538 quidem
1375 3469 1500 3521 leve
1547 3467 1753 3532 videri,
1793 3477 2031 3520 attamen

477 3582 668 3638 magna
727 3563 1072 3618 incommoda
1121 3569 1177 3614 et
1227 3558 1460 3614 urbibus
1484 3567 1538 3611 et
1575 3559 1831 3612 domibus
1861 3559 2032 3614 faces-

475 3672 596 3712 sere
620 3669 783 3725 posse
816 3651 985 3706 veluti
1041 3665 1072 3704 e
1127 3649 1423 3704 seintillula
1467 3659 1743 3713 exortum,
1780 3656 1905 3718 qua:
1945 3650 2031 3702 in-

475 3746 672 3800 cendio
713 3757 885 3811 usque
926 3739 1284 3793 insolentiore
1319 3737 1654 3792 exsuscitato
1679 3754 1786 3790 non
1817 3738 2036 3792 desine-

478 3846 560 3890 ret
591 3834 774 3888 omnia
805 3833 1133 3899 tiu-pascere,
1179 3827 1343 3882 simul
1390 3839 1556 3897 atque
1612 3829 1852 3882 materia:
1885 3830 2034 3899 larga

467 3926 630 3995 copia
661 3923 816 3977 facile
875 3921 1278 3974 nutrimentum
1328 3918 1780 3974 subministraret
1813 3937 1825 3974 :
1863 3920 1990 3974 lude
2017 3960 2032 3985 ,

477 4018 675 4086 inquit,
713 4016 916 4091 regula:
946 4023 1109 4081 atque
1149 4025 1355 4065 norma:
1385 4025 1416 4064 a
1451 4010 1702 4079 patribus
1723 4011 2037 4066 constitutae

475 4110 848 4182 disjiciuntur,
905 4107 1050 4175 leges
1077 4103 1464 4172 proculcantur
1494 4101 1739 4168 nihilque
1786 4111 1872 4156 est
1908 4102 2035 4156 boni

478 4214 642 4272 atque
673 4200 917 4262 honesti,
949 4197 1095 4266 quod
1119 4211 1220 4249 suo
1250 4203 1391 4248 statu
1425 4208 1650 4248 manere
1677 4192 1867 4262 possit,
1901 4193 2036 4246 nihil

2122 1925 2400 1994 ξανδρείας
2417 1925 2570 1992 ἔλεγε
2589 1925 2861 1994 πεπειρᾶσ
2876 1923 2964 1976 θαι
2987 1923 3246 1994 προέδρου
3271 1919 3365 1972 σύν
3382 1936 3444 1986 γε
3475 1920 3582 1980 τοῖς
3606 1916 3698 1970 ὑπ’

2121 2017 2269 2086 αὺτῷ
2311 2017 2658 2069 παντάπασιν
2685 2014 3025 2078 ἐπισκόποις,
3051 2015 3146 2066 καλ⁵
3181 2014 3296 2080 ἅμα
3321 2011 3410 2064 τοῦ
3443 2009 3698 2079 τηνικαῦ-

2123 2125 2190 2160 τα
2233 2105 2329 2176 τὴν
2358 2107 2466 2158 τῶν
2495 2105 2882 2176 Ἱεροσολύμων
2912 2103 3234 2174 Ἐκκλησίαν
3268 2103 3559 2164 διέποντος.
3591 2101 3700 2154 Καὶ

2121 2197 2305 2259 ἁπλῶς
2343 2196 2578 2264 ἔφασκεν
2611 2192 2748 2249 εἶναι
2794 2198 2995 2266 μηδένα
3026 2189 3070 2264 ᾧ
3098 2197 3158 2248 τὺ
3189 2196 3443 2265 ἐπιτιμᾷν
3499 2193 3700 2257 Βυζαν-

2121 2288 2252 2347 τίοις
2276 2289 2370 2356 τῆς
2397 2290 2453 2336 ἐν
2482 2290 2588 2350 τοῖς
2607 2287 2778 2350 οὕτως
2811 2288 3080 2354 ἀκινήτοις
3099 2285 3344 2347 εὐκολίας
3371 2285 3468 2338 οὐκ
3493 2281 3560 2356 ἦν
3596 2284 3699 2335 ἀνὰ

2125 2377 2318 2448 στόμα.
2353 2380 2454 2430 Τὸν
2488 2379 2532 2430 δ’
2576 2378 2980 2448 Ἀλεξανδρείας
3007 2379 3098 2430 καὶ
3127 2379 3226 2446 τῆς
3260 2377 3492 2446 φυσικῆς
3537 2373 3696 2428 ἐθαύ-

2128 2473 2262 2540 μαζε
2297 2471 2439 2539 μάλα
2475 2471 2764 2532 συνέσεω;,
2803 2469 3037 2538 βεϐηκὸς
3066 2469 3296 2538 ἐχούσης
3322 2468 3380 2518 τὸ
3415 2467 3696 2536 ἐμϐριθὲς,

2127 2563 2221 2614 καὶ
2273 2561 2395 2614 οὕτε
2449 2565 2581 2628 πρὸς
2627 2564 2834 2629 ἀωρίαν
2883 2561 3193 2630 φιλοτιμίας
3249 2559 3447 2630 ῥᾳδίως
3481 2560 3696 2612 ἐλαυνό-

2131 2672 2312 2724 μενον,
2333 2653 2456 2706 οΰτε
2492 2657 2599 2722 μὴν
2630 2654 2764 2722 πρὸς
2793 2652 3066 2722 ἰδιωτικὴν
3093 2653 3336 2719 ἀφωνίαν
3367 2649 3429 2714 ἐξ
3457 2651 3696 2719 ἀμαθίας

2132 2749 2350 2817 μακρᾶς
2386 2745 2831 2812 συστελλόμενον,
2872 2744 3010 2797 ἀλλὰ
3051 2745 3381 2814 πρακτικαῖς
3411 2745 3608 2810 ὁρμαῖς
3637 2745 3693 2804 ἐς

2129 2838 2190 2890 τὸ
2225 2838 2364 2889 πάνυ
2400 2855 2451 2888 τι
2489 2836 2724 2905 ἐμμελὲς
2771 2835 2986 2902 εὐφυῶς
3019 2851 3134 2896 πως
3181 2833 3692 2905 ἀναρρωννύμενον.

2132 2930 2213 2983 Τά
2243 2930 2290 2982 τ’
2312 2929 2406 2982 οῦν
2433 2927 2569 2980 ἄλλα
2598 2928 2822 2996 τάνδρὸς
2846 2926 3124 2996 ἐθαύμαζε
3163 2927 3510 2997 μεμνημένος
3558 2925 3698 2977 ἐκεί-

2131 3039 2246 3084 νου,
2287 3025 2382 3074 καὶ
2440 3021 2523 3074 ὅτι
2572 3021 2632 3074 τδ
2690 3019 2898 3073 οἴεσθαι
2934 3019 3132 3072 εἰδέναι
3185 3018 3403 3081 πολλοῖς
3450 3019 3544 3071 καὶ
3588 3017 3696 3070 τῶν

2133 3112 2284 3164 οὐδὲν
2322 3111 2582 3181 ἰσχόντων
2619 3112 2749 3179 προς
2795 3127 2858 3178 γε
2895 3111 2955 3162 τὺ
2985 3110 3182 3163 εἰδέναι
3221 3111 3470 3178 γίνεσθαι
3525 3113 3698 3180 ἐμπο·

2131 3205 2238 3258 δὼν
2287 3204 2463 3272 ἐλεγε,
2498 3205 2591 3256 καὶ
2631 3203 2778 3255 τοῦτ’
2823 3199 2959 3254 εἶναι
3011 3204 3230 3266 πάντως
3274 3203 3302 3255 ὃ
3335 3207 3530 3272 μικρὸν
3561 3201 3700 3256 εἶναι

2133 3295 2325 3352 δοκοῦν
2390 3294 2602 3362 μεγάλα
2663 3293 2758 3344 καὶ
2823 3294 3010 3355 πόλεις
3077 3295 3170 3346 καὶ
3224 3295 3408 3356 οἴκους
3473 3295 3698 3348 δύναται

2139 3389 2416 3456 βλάπτειν,
2454 3386 2526 3446 ὡς
2573 3387 2635 3436 ἐκ
2685 3383 2912 3452 βραχέος
2962 3385 3256 3454 σπινθῆρος
3287 3387 3610 3456 ἀρχόμενον,
3640 3387 3699 3440 οὗ

2135 3483 2194 3532 το
2241 3479 2538 3548 νεμόμενον
2575 3477 2672 3528 οὐκ
2711 3477 2774 3528 ἅν
2809 3493 2936 3527 ποτε
2987 3475 3144 3547 σταίη
3189 3479 3288 3545 τῆς
3325 3479 3410 3530 ἀεὶ
3442 3496 3698 3548 νεωτερι-

2136 3572 2334 3640 ζούεης
2369 3569 2560 3637 φλογὸς
2594 3568 2945 3638 κινουμένης,
2979 3569 3142 3620 ὁπότε
3175 3569 3452 3639 τραπέζης
3494 3573 3704 3640 ῥᾳστώ-

2136 3679 2235 3731 νην
2273 3665 2306 3730 ὴ
2338 3662 2434 3729 τῆς
2470 3661 2603 3729 ὕλης
2636 3660 2819 3712 δίδωσι
2868 3659 3214 3712 πολυτέλεια.
3263 3659 3546 3713 Ἐντεῦθεν
3577 3661 3701 3730 ὅρια

2141 3751 2456 3822 ῥιπτοῦνται
2493 3751 2740 3819 πατρίων
2765 3749 3028 3814 κανόνων,
3057 3749 3352 3803 πατοῦνται
3391 3753 3588 3819 θεσμὰ,
3609 3754 3703 3806 xii.

2137 3846 2237 3897 οὐκ
2265 3843 2409 3896 ἐστιν
2435 3841 2584 3894 οὐδὲν
2618 3840 2725 3893 τῶν
2749 3839 2930 3893 καλῶν
2965 3841 2992 3894 ὂ
3021 3840 3243 3896 δύναται
3290 3843 3473 3910 μένειν
3507 3843 3701 3908 ἑστὼς,

2137 3939 2232 3987 καὶ
2262 3935 2329 3988 αὖ
2363 3935 2462 3987 οὐκ
2491 3934 2637 3986 ἐστιν
2663 3933 2816 3985 οὐδὲν
2843 3932 2950 3986 τῶν
2981 3934 3168 3986 κακῶν
3189 3934 3217 3986 ὃ
3249 3936 3323 4005 μὴ
3354 3935 3574 3988 δύναται
3606 3937 3702 4004 τὴν

2137 4025 2397 4094 ἀλήθειαν
2453 4025 2818 4095 ἐξορχεῖσθαι.
2851 4025 3135 4094 Μοναρχία
3185 4025 3284 4092 μὲν
3335 4021 3430 4078 οὖν
3473 4027 3704 4093 οἰήσεως

2138 4117 2430 4186 αὐτονομίᾳ.
2479 4119 2933 4187 στρατηγουμένη
2983 4119 3076 4168 καὶ
3117 4117 3342 4186 γνώμης
3369 4119 3580 4187 ὀρέξεσι
3610 4118 3702 4187 δηο

2143 4207 2544 4277 μαγωγουμένη
2567 4207 2619 4258 τί
2647 4206 2746 4275 μὲν
2773 4207 2838 4260 ἂν
2871 4207 2978 4258 τῶν
3006 4207 3356 4274 ὑγιαινόντων
3386 4211 3704 4278 ἐργάσαιτο,

477 4293 607 4346 mali
656 4300 820 4360 atque
867 4277 1112 4355 improbi
1154 4285 1300 4355 quod
1331 4283 1615 4338 veritatem
1649 4283 1911 4336 insultare
1943 4300 2029 4336 tte-

2139 4295 2278 4355 τίνος
2301 4292 2346 4345 δ’
2365 4293 2640 4362 ἀπὸσχοιτ⁹
2667 4295 2731 4347 ἂν
2764 4297 2868 4348 τῶν
2899 4297 3252 4364 ἐρεθιςόντων
3281 4297 3374 4348 ἐπὶ
3404 4277 3472 4350 τὰ
3499 4297 3702 4366 χείρω;

478 4393 664 4454 queat.
717 4383 962 4449 Regnum
1007 4377 1175 4447 igitur
1202 4375 1480 4444 opinionis
1515 4375 1738 4428 licentia
1771 4374 2039 4443 guberna-

483 4482 594 4524 tum
625 4477 678 4521 ct
710 4465 926 4520 arbitrii
967 4464 1290 4518 libidinibus
1319 4465 1582 4534 agitatum
1613 4464 1744 4532 quid
1785 4463 1928 4533 frugi
1955 4464 2038 4517 fa-

482 4559 634 4615 ciet?
665 4573 771 4626 qua
817 4571 876 4609 re
923 4555 1252 4619 abstinebit,
1290 4569 1410 4622 quae
1458 4554 1525 4607 ad
1569 4555 1755 4625 pejora
1811 4556 2040 4610 incitare

468 4650 678 4722 εροεεὶιῖ
695 4657 903 4702 tantum
929 4647 1101 4708 abest,
1123 4645 1314 4699 uttalis
1331 4645 1524 4699 civitas
1545 4647 1690 4700 salva
1710 4655 1871 4716 atque
1895 4648 2045 4701 inco-

464 4743 645 4797 .lumis
671 4755 792 4794 esse
825 4737 1093 4808 possit,ut
1121 4736 1290 4790 veluti
1309 4737 1475 4791 ‘navis
1513 4739 1633 4791 sine
1655 4740 2040 4807 gubernatore

465 4838 648 4890 tmaris
677 4831 1089 4902 tempestatibus
1108 4829 1172 4883 in
1194 4837 1433 4884 extrema
1456 4829 1773 4884 discrimina
1791 4832 2046 4900 ,ιιι-ιιεοίρί-

493 4936 656 4984 tetur.
681 4925 805 4979 Haec
825 4938 962 4978 vero
981 4921 1205 4992 propria
1223 4929 1306 4974 est
1325 4919 1566 4974 conditio
1584 4920 1822 4976 civitatis
1839 4922 2046 4992 Byzan-

467 5021 615 5076 .tina:
636 5017 762 5073 inde
784 5029 958 5084 usque
983 5027 1058 5069 ex
1074 5011 1454 5082 superioribus
1471 5013 1828 5082 temporibus.
1859 5011 2046 5083 Neque

474 5125 617 5166 vero
633 5107 909 5176 .bane26
929 5105 1466 5173 sortentsintpliciter
1487 5105 1876 5173 reprehensam
1903 5108 2044 5172 volo,

489 5205 584 5259 sed
614 5202 954 5272 quodetiam
980 5213 1099 5252 eam
1134 5197 1204 5250 ob
1232 5211 1475 5259 cansam,
1503 5198 1548 5252 si
1577 5198 1792 5266 longius
1827 5201 2049 5268 respici-

492 5307 770 5357 mus,.non
799 5287 980 5342 modo
1019 5287 1363 5356 publicarum
1401 5303 1580 5339 rerum
1617 5289 1886 5356 plurimas
1908 5291 2050 5344 cala-

479 5385 706 5439 mitates
731 5379 1058 5450 reperimus,
1085 5377 1178 5430 sed
1209 5377 1454 5428 omnium
1485 5377 1715 5428 maxima
1759 5377 2050 5448 ipsiuspiae

491 5476 743 5534 Ecclesiae
787 5471 1102 5526 infortunia.
1157 5471 1267 5523 Aut
1313 5471 1456 5523 enim
1509 5467 1751 5538 Byzantii
1809 5469 1945 5523 mala
1975 5471 2053 5539 gi-

482 5580 734 5641 gnuntur
789 5573 956 5632 atque
1015 5561 1142 5614 inde
1192 5564 1345 5628 quasi
1405 5561 1458 5613 in
1494 5577 1727 5629 prottunt
1778 5561 2051 5614 clIluentia

482 5655 972 5717 calamitosissimis
996 5653 1158 5707 rebus
1181 5655 1343 5705 etiam
1379 5654 1614 5722 reliquas
1641 5653 1798 5706 facile
1825 5653 2051 5720 implent

486 5751 676 5818 urbes,
693 5759 786 5803 aut
811 5746 1031 5802 aliunde
1065 5743 1300 5798 obscure
1327 5754 1382 5797 et
1411 5745 1776 5798 adumbratim
1804 5745 1948 5797 illata
1974 5744 2046 5798 ibi

2143 4383 2344 4438 Πολλοῦ
2391 4383 2540 4449 μέντ’
2590 4385 2656 4437 ἂν
2708 4384 2918 4453 δεήσειε
2959 4384 3230 4448 σώζεσθαι
3280 4387 3378 4458 τὴν
3433 4389 3706 4454 πολιτείαν

2141 4475 2373 4545 ἐκείνην,
2404 4477 2496 4525 καὶ
2531 4473 2605 4544 μὴ
2655 4474 2904 4544 καθάπερ
2944 4475 3313 4546 ἀκυϐέρνητον
3363 4479 3545 4531 πλοῖον
3593 4481 3708 4533 δια-

2142 4566 2378 4628 ποντίοις
2428 4565 2658 4634 χειμῶσι
2727 4565 2862 4634 πρὸς
2923 4568 3046 4628 τοὺς
3109 4569 3376 4637 ἐσχάτους
3428 4571 3708 4634 κινδύνους

2143 4656 2482 4721 ἐλαύνεσθαι,
2514 4655 2670 4710 τοῦτο
2721 4657 2784 4726 δὴ
2809 4657 2871 4708 τὸ
2911 4659 3011 4728 τῆς
3039 4659 3352 4724 Βυζαντίων
3399 4663 3531 4716 ίδιον
3571 4665 3710 4718 ἄνω-

2145 4749 2235 4801 θεν
2261 4748 2335 4811 ὡς
2369 4749 2435 4800 τὰ
2459 4747 2627 4800 πολλὰ,
2654 4747 2948 4812 πολιτείας.
2985 4751 3094 4804 Καὶ
3123 4753 3222 4804 οὐκ
3253 4752 3494 4816 ὀνειδίζω
3537 4755 3709 4823 λέγων

2145 4843 2243 4900 τὰς
2284 4839 2454 4908 τύχας
2491 4838 2698 4904 ἁπλῶς,
2746 4839 2862 4893 ἀλλ’
2905 4841 2986 4892 ὅτι
3028 4840 3114 4892 διὰ
3154 4841 3311 4894 τοῦτο
3357 4845 3448 4896 καὶ
3493 4846 3710 4908 πλείους

2147 4931 2472 4994 σκοποῦντες
2501 4929 2708 4983 ἄνωθεν
2731 4931 3058 4999 εὑρίσκομεν
3085 4934 3264 4986 ἐκεῖσε
3301 4935 3374 5004 μὴ
3407 4935 3569 5002 μόνον
3605 4935 3710 4988 τῶν

2146 5021 2419 5093 δημοσίων
2477 5023 2835 5090 πραγμάτων,
2881 5023 2960 5076 ὅτι
2995 5023 3070 5093 μὴ
3113 5025 3290 5093 πολλῴ
3321 5043 3382 5093 γε
3406 5027 3576 5096 δήπου
3608 5029 3710 5097 μά-

2148 5115 2304 5168 λιστα
2336 5117 2436 5184 τῆς
2476 5115 2729 5176 εὐσεϐοῦς
2775 5115 3100 5184 Ἐκκλησίας
3143 5117 3210 5170 τὰ
3244 5119 3598 5190 ὀλισθήματα.
3642 5121 3712 5172 Ἢ

2151 5204 2260 5274 γὰρ
2293 5205 2407 5256 ἐκεῖ
2441 5204 2536 5274 τὴν
2587 5204 2798 5268 γένεσιν
2839 5205 2976 5275 ἴσχει
3020 5207 3088 5258 τὰ
3137 5207 3328 5278 χείρω,
3360 5195 3611 5263 κάκεῖθεν
3639 5213 3711 5274 ὡς

2151 5293 2242 5345 ἐπὶ
2268 5291 2506 5359 πρανοῦς
2560 5292 2882 5360 ἐπιρρέοντα
2942 5298 3196 5362 πονηρῶν
3257 5298 3312 5356 ἐς
3360 5297 3425 5346 τὰ
3482 5299 3714 5365 prii-tau

2154 5382 2494 5452 πραγμάτων
2537 5385 2628 5434 καὶ
2670 5388 2765 5446 τὰς
2797 5384 2960 5446 ἄλλας
2989 5385 3187 5454 ῥᾳδίως
3240 5389 3590 5458 ἐμπίμπλησι
3621 5393 3706 5443 πί-

2154 5475 2305 5538 λεις⁶
2354 5475 2384 5545 ἢ
2433 5476 2526 5527 καὶ
2579 5475 2801 5528 ἄλλοθέν
2856 5478 3020 5528 ποθεν
3072 5481 3314 5541 σκιωδῶς
3369 5483 3718 5550 ἐπεισκωμά-

2159 5583 2326 5616 σαντα
2364 5566 2460 5634 τὴν
2493 5564 2602 5634 πῆξ
2629 5585 2654 5617 ν
2679 5567 2863 5619 αὐτόθι
2907 5573 3283 5638 μονιμιυτέραν
3326 5571 3589 5640 λαμϐάνει
3624 5577 3717 5629 καὶ

2157 5651 2414 5722 δημόειον
2452 5652 2540 5704 τὸν
2583 5657 2973 5726 χρι-ιματισμὶν
2999 5658 3338 5710 ἀναδείκνυσι
3373 5663 3468 5730 τῆς
3498 5663 3714 5727 κακίας.

2156 5748 2246 5799 Διό
2277 5766 2365 5817 μοι
2395 5748 2694 5818 θαυμάζειν
2728 5751 3024 5820 περίεστιν,
3069 5751 3242 5813 ούκ,εί
3283 5754 3471 5822 γέγονέ
3515 5771 3566 5807 τι
3610 5771 3716 5810 πα-
