4070 6326
358 372 415 433 Π
1295 376 1728 439 ΒΥΖΑΝΤῙΝιίΕ
1770 381 1814 436 ll
1832 379 1938 436 lST

2037 379 2146 435 ιικιι
2187 380 2327 440 LIB.
2372 382 2544 439 xxv.
3451 348 3453 350 ’
3514 379 3577 440 13

354 487 593 554 ράλογον,
629 487 747 540 ἀλλ’
782 490 829 541 εί
858 491 934 558 μή
966 489 1072 542 πᾶν
1101 490 1218 542 ἐκεῖ
1238 491 1299 543 τδ
1337 493 1622 562 γινόμενόν
1654 495 1768 546 ἐστι
1807 511 1909 547 πα-

2037 497 2430 550 ‘undamenrum
2477 495 2685 549 ﬁrmius
2738 493 3136 548 uaneiscuotur
3174 501 3228 546 et
3274 494 3450 561 palam
3482 483 3582 547 imi

353 571 592 640 ράλογον.
625 575 814 644 Ἡμεῖς
850 577 894 628 δ’
924 577 1174 630 ἐνταυθοῖ
1199 580 1337 647 μήτε
1372 581 1605 649 περισσὰ
1637 583 1698 633 τδ
1729 584 1908 648 ποιρά-

351 680 458 715 παν
487 662 780 732 ζητοῦντες
833 665 1153 734 σοφίζεσθαι
1198 670 1339 723 κατά
1394 687 1458 737 γε
1509 670 1608 741 τὴν
1646 673 1908 742 περιττὴν
1948 671 1954 676 ’

351 755 439 807 καὶ
491 753 741 824 εὖτεχνον
796 758 1003 828 ταύτην
1054 759 1270 828 σοφίαν,
1325 761 1452 830 μήθ’
1515 763 1743 824 ἑαυτοὺς
1803 764 1910 814 τῶν

351 845 510 899 θείων
558 847 758 914 μᾶλλον
783 849 1024 902 δικαιοῦν
1057 849 1304 919 πατρίων
1353 850 1910 920 διαπληκτιζομένους

355 939 413 990 ἐν
464 935 529 1007 [ί.
562 937 654 991 101
718 937 773 1009 ιι]
808 939 1110 1003 διαλέξεσιν
1165 941 1378 1010 ἄμετρα
1446 942 1537 993 τὸν
1600 943 1912 1013 καινότερον

351 1027 569 1093 τρόπον,
600 1029 734 1082 ἀλλὰ
790 1032 904 1092 τοῖς
970 1031 1070 1100 μὲν
1121 1031 1330 1084 ἄνωθεν
1387 1032 1446 1084 εὖ
1508 1034 1912 1104 γεγραμμένοις

354 1119 681 1186 ἐμμένοντες
731 1121 988 1191 δόγμασι,
1033 1124 1100 1175 τὰ
1164 1123 1222 1176 δὲ
1279 1125 1549 1190 σιγηθέντ’
1609 1127 1916 1190 ὰναξαίνειν

356 1207 576 1279 μηδαμῆ
608 1211 868 1278 μηδαμῶς
896 1214 1174 1278 ἀξιοῦντες
1222 1216 1341 1282 μηδ’
1374 1215 1632 1269 ἀναλύειν
1661 1216 1915 1286 ἀκαίροις

353 1301 647 1368 πειρᾶσθαι
712 1303 1116 1370 συλλογισμοῖς.
1167 1308 1330 1374 ἡμεῖς
1382 1324 1441 1359 τε
1485 1308 1534 1360 οἰ
1601 1310 1915 1375 ποιμαίνειν

355 1389 538 1442 ἐνθάδε
574 1390 828 1458 λαχόντες
857 1396 1246 1461 πνευματικῶς
1292 1396 1383 1448 τὸν
1421 1399 1632 1466 μακρὶν
1661 1399 1918 1466 ὀδεύομεν

355 1480 502 1548 βὲον,
565 1482 659 1534 καὶ
711 1483 772 1534 τὸ
825 1487 1191 1552 πνευματικδν
1249 1487 1407 1554 ἡμῶν
1465 1488 1661 1556 ὁμοίως
1712 1489 1922 1556 ἄγομεν

354 1573 605 1636 ποίμνιον
622 1575 726 1627 ὑπὸ
755 1575 1062 1648 κυϐερνήτῃ
1085 1577 1160 1647 τῷ
1189 1579 1333 1647 μόνῳ
1358 1579 1574 1632 πάντων
1601 1579 1920 1650 δημιουργῷ

357 1665 450 1715 καὶ
502 1664 641 1732 Θεῷ,
709 1667 997 1728 πολυυεῒας
1048 1669 1104 1720 δὲ
1173 1670 1268 1722 καὶ
1325 1671 1515 1733 ἀθεῖας
1565 1670 1917 1740 Παλαμικὰς,

359 1754 560 1822 μᾶλλον
585 1755 628 1806 δ’
671 1757 936 1825 ένσάρκου
985 1761 1298 1827 οἰκονομίας
1349 1761 1628 1829 ἀθέτησιν.
1650 1761 1850 1813 ταυτὸν
1877 1761 1924 1814 δ’

355 1849 530 1898 εἰπεῖν
563 1823 891 1916 Ἐκκλησίας
929 1850 1146 1919 ἀπάσης
1172 1823 1447 1916 καθάπαξ
1473 1823 1782 1920 ανατροπὴν
1809 1851 1918 1904 οὔτ’
1958 1823 1998 1874 Β

356 1937 656 2006 ἐδεξάμεθα
685 1939 807 1994 οὗτε
842 1943 948 2010 μὴν
977 1942 1254 2010 δεξαίμεθ’
1303 1943 1366 1996 ἄν
1418 1960 1570 2005 ποτε,
1612 1943 1714 1996 κᾶν
1740 1943 1924 2011 ἐχθροὶ

362 2031 547 2100 μυρίοι
597 2033 809 2099 μυρίων
859 2031 1173 2102 ἔμπροσθεν
1220 2033 1408 2086 ίστῶσι
1454 2034 1700 2087 θανάτων
1750 2033 1924 2101 σκεύη

360 2125 453 2175 καὶ
512 2125 902 2193 μηχανήματα,
945 2125 1080 2178 ἀλλὰ
1127 2127 1219 2177 καὶ
1279 2127 1440 2178 αὑτὸν
1493 2125 1786 2191 Παλαμᾶν,
1832 2125 1926 2176 καὶ

359 2217 473 2266 ὅσοι
504 2215 674 2267 ταυτα
708 2215 997 2284 φρονοῦσιν
1021 2215 1188 2282 αὐτῷ,
1233 2215 1372 2284 μετὰ
1409 2215 1520 2266 τῶν
1543 2215 1710 2266 αὐτοῦ
1754 2213 1924 2264 τοιού-

359 2323 467 2357 των
515 2305 822 2373 δογμάτων,
853 2299 928 2357 ὧν
985 2305 1080 2358 καὶ
1127 2307 1288 2374 ἡμεῖς
1350 2305 1496 2366 ὅπως
1550 2303 1668 2356 ποτ’
1723 2303 1781 2353 έν
1834 2301 1930 2371 θέᾳ

361 2396 728 2465 κατέστημεν,
760 2398 834 2461 τῷ
873 2395 1078 2467 αἰωνίῳ
1125 2395 1575 2464 παραπέμπομεν
1621 2393 1930 2460 ἀναθέματί

361 2503 421 2537 τε
477 2487 577 2539 καὶ
607 2489 760 2559 πυρί.
819 2489 1038 2541 Τούτων
1089 2488 1134 2541 δ’
1183 2489 1382 2558 ἀκριϐῆ
1437 2488 1536 2556 τὴν
1591 2485 1930 2555 παράστασιν

363 2578 507 2647 ἔχεις
534 2597 594 2632 τε
626 2585 714 2633 καί
751 2580 893 2644 ἕξεις
931 2581 1116 2643 αὐτὸς,
1148 2579 1300 2632 διιὼν
1341 2581 1439 2641 τὰς
1483 2577 1717 2631 ἐνταῦθα
1747 2579 1930 2637 πόλεις

363 2674 456 2725 καὶ
498 2673 682 2744 χώρας
717 2675 991 2740 Αἰγύπτου
1025 2677 1120 2726 καὶ
1165 2673 1440 2742 Ἀραϐίας,
1464 2673 1716 2738 Φοινίκης
1746 2688 1806 2722 τε
1839 2674 1933 2723 καὶ

363 2767 588 2836 Συρίας,
622 2769 715 2819 καὶ
749 2768 848 2819 ὅσα
885 2767 1012 2835 περὶ
1035 2767 1236 2828 ταύτας
1271 2763 1481 2816 οἰκοῦσι
1511 2764 1643 2832 γένη
1673 2764 1933 2832 Χριστια-

365 2861 497 2925 νῶν,
545 2861 693 2922 ὅπως
758 2863 816 2913 ὲν
879 2859 1027 2927 μέσῳ
1089 2856 1196 2910 τῶν
1225 2855 1440 2910 ἁσεὸὦν
1496 2855 1594 2908 καὶ
1645 2855 1933 2924 ἀκάθαρτα

366 2951 524 3020 χείλη
554 2951 785 3020 ἑχόντων
810 2948 1106 3009 οἰκοῦντες,
1138 2947 1235 2998 καὶ
1266 2944 1570 3015 ἀλλοτρίοις
1591 2942 1934 3006 δουλεύοντες

366 3044 577 3107 ὅπλοις,
624 3043 773 3109 ὅμως
819 3044 885 3110 τῇ
926 3040 1036 3092 τῶν
1085 3035 1188 3092 ὦδε
1229 3037 1573 3106 στοιχοῦντες
1623 3035 1934 3088 ἐπισκόπων

367 3131 692 3200 διδασκαλίᾳ
713 3131 774 3183 τὸ
801 3130 1026 3198 πάτριον
1059 3127 1221 3189 σέϐας
1254 3127 1342 3179 ἀεὶ
1371 3127 1481 3186 τοῖς
1514 3125 1680 3193 ἱεροῖς
1710 3123 1936 3192 νέμουσι

369 3226 629 3294 δόγμασι.
681 3222 1031 3291 Μηκύνοιμεν
1069 3220 1118 3274 δ’
1173 3220 1264 3282 ἂν,
1320 3217 1371 3270 εἰ
1427 3217 1606 3283 λέγειν
1655 3215 1937 3283 ἐθέλοιμεν

373 3318 598 3371 ἅπαντα
659 3315 855 3383 ἑφεξῆς
906 3315 1005 3366 ὅσα
1053 3329 1111 3364 τε
1163 3314 1190 3364 ό
1231 3311 1372 3372 θεῖος
1413 3309 1623 3369 ἐκεῖνος
1673 3305 1811 3375 ἀνὴρ
1850 3305 1936 3358 ἐπ’

375 3408 513 3478 ἐμοῦ
551 3407 770 3476 διεξῄει,
798 3406 893 3458 καὶ
915 3405 1014 3459 ὅσα
1044 3403 1192 3458 ἄλλοι
1237 3401 1411 3463 ἄλλως
1445 3393 1650 3467 ἀλλαχῆ
1679 3397 1774 3457 καὶ
1803 3412 1939 3448 παν-

376 3500 538 3568 ταχῆ,
570 3501 666 3568 τῆς
691 3497 883 3566 ὁμοίας
917 3495 1148 3565 ἐχόμενα
1179 3491 1382 3556 τάξεώς
1425 3507 1482 3543 τε
1516 3491 1610 3542 καὶ
1633 3487 1938 3548 εὐλαϐείας.

2012 588 2347 658 probitatem
2379 589 2535 656 quasi
2571 587 2772 639 vividis
2802 585 3079 639 coloribus
3115 585 3357 638 indutam
3393 593 3579 640 osten-

2010 681 2167 735 dunt.
2192 680 2373 745 Quare
2417 679 2548 732 mihi
2586 679 2772 732 mirari
2807 677 2955 729 subit
2997 693 3101 728 non
3135 677 3177 730 si
3222 676 3352 744 quid
3388 676 3460 729 ibi
3493 693 3580 729 ra-

2012 771 2148 825 tioni
2197 772 2598 826 inconveniens
2650 769 2876 834 incidat,
2921 769 3014 822 sed
3069 769 3112 822 si
3148 769 3580 836 nou,quidquid

2011 866 2246 933 geritur,
2276 880 2306 917 a
2359 865 2568 917 ratione
2600 862 2913 916 abhorreat.
2949 861 3060 914 Nos
3107 870 3290 915 autem
3325 861 3416 914 hic
3438 903 3452 926 ,
3486 862 3580 929 qui

2013 971 2120 1010 non
2139 969 2598 1024 supervacaneam
2615 955 2772 1008 istam
2795 960 2851 1007 et
2878 952 3227 1006 artiﬁciosam
3253 951 3583 1021 sapientiam

2015 1047 2213 1102 sectari
2242 1048 2296 1100 in
2319 1047 2504 1100 animo
2535 1047 2802 1100 habemus
2836 1059 2940 1098 nec
2981 1043 3280 1098 rhetoricis
3303 1043 3586 1097 subtilita-

2018 1137 2164 1192 tibus
2183 1137 2368 1191 divina
2386 1153 2510 1190 cum
2534 1136 2776 1206 profanis
2794 1135 3260 1190 conl'undentibus
3275 1135 3585 1195 studemus,
3646 1163 3653 1170 -

2015 1227 2178 1295 hujus
2204 1227 2468 1295 temporis
2488 1226 2543 1280 in
2575 1227 2844 1294 dogmatis
2860 1225 3170 1294 antiquitus
3194 1224 3335 1278 bene
3365 1224 3587 1294 scriptis

2016 1331 2454 1388 permaneamus,
2481 1332 2660 1386 neque
2677 1331 2797 1384 qua:
2822 1315 3040 1370 silentio
3065 1315 3303 1370 involuta
3323 1325 3472 1380 sunt,
3502 1331 3589 1368 re-

2017 1409 2218 1464 fricare
2235 1417 2330 1463 aut
2364 1409 2570 1477 ineptis
2607 1406 3120 1461 ratiocinationibus
3139 1406 3395 1474 expedire
3425 1421 3589 1460 cone-

2019 1513 2167 1562 mur,
2194 1515 2318 1564 nos,
2355 1499 2506 1562 dico,
2533 1499 2735 1568 quibus
2773 1499 2863 1552 hic
2892 1505 3173 1568 pastorum
3208 1511 3407 1550 munus
3446 1496 3589 1550 obti-

2021 1590 2100 1660 git
2131 1590 2329 1658 spiritu
2362 1590 2525 1643 aliter
2554 1591 2770 1658 longam
2803 1590 2970 1642 vitam
2992 1588 3244 1658 (legimus
3287 1595 3342 1641 et
3371 1603 3588 1656 gregem

2023 1687 2270 1733 nostrum
2301 1679 2642 1747 spiritualem
2678 1678 2872 1732 eodem
2905 1677 3066 1731 modo
3095 1677 3333 1746 reglmus
3363 1680 3466 1730 sub
3496 1693 3592 1745 gu-

2026 1767 2340 1829 beruatore,
2375 1767 2750 1822 universitatis
2799 1782 2985 1822 rerum
3045 1767 3162 1820 solo
3193 1765 3389 1834 opiﬁce
3429 1775 3597 1833 atque

2029 1857 2156 1922 Deo,
2183 1859 2605 1928 polytheismum
2639 1867 2820 1912 autem
2859 1867 2916 1912 et
2961 1857 3290 1911 atheismum
3336 1859 3588 1918 Palatnzr,

2026 1947 2198 2014 magis
2222 1961 2355 1999 vero
2410 1947 2832 2002 exstinctionem
2898 1947 3144 2018 mysterii
3200 1947 3593 2000 incarnationis

2027 2034 2148 2099 Dei,
2169 2035 2254 2088 vel
2278 2035 2424 2103 quod
2448 2036 2590 2089 idem
2616 2044 2719 2096 est,
2749 2036 2919 2089 totius
2950 2035 3204 2090 Ecclesiae
3221 2035 3435 2103 planam
3465 2051 3593 2085 rou-

2027 2122 2346 2175 versiouem
2403 2139 2513 2175 non
2574 2123 2928 2191 probavimus
2973 2138 3152 2192 neque
3198 2139 3438 2190 unquam
3489 2123 3602 2190 27

2029 2211 2410 2280 probabimus,
2455 2213 2497 2264 si
2535 2213 2700 2265 etiam
2731 2212 2968 2266 hostium
3003 2212 3420 2266 innumerabilis
3455 2213 3598 2265 und-

2031 2304 2209 2358 titudo
2234 2305 2608 2372 quarumlibet
2666 2305 2926 2358 mortium
2984 2306 3345 2359 instrumenta
3379 2314 3433 2358 et
3487 2320 3596 2356 ma-

2031 2395 2230 2456 chinas,
2251 2395 2410 2448 nobis
2435 2397 2748 2463 protendat,
2802 2396 2894 2449 sed
2931 2405 2986 2450 et
3021 2391 3200 2465 ipsu'm
3241 2395 3511 2448 Palan'am
3544 2405 3609 2448 et

2032 2485 2126 2552 qui
2167 2501 2291 2537 cum
2328 2500 2394 2536 eo
2420 2485 2667 2537 sentiunt
2696 2500 2819 2536 cum
2853 2485 3127 2552 dogmatis.
3171 2485 3306 2546 suis,
3339 2501 3458 2550 quae
3499 2502 3597 2538 nos

2031 2591 2250 2643 quoque
2303 2575 2525 2642 quando
2566 2575 2841 2638 vidimus,
2874 2557 3502 2630 :eteruarexsecrationi
3545 2587 3600 2629 et

2034 2666 2142 2735 igni
2180 2666 2523 2719 mandamus.
2582 2665 2791 2719 l-lorum
2827 2665 3120 2738 verborum
3141 2679 3395 2721 accurata
3426 2667 3594 2720 docu»

2035 2766 2217 2811 menta
2253 2758 2469 2811 invenis
2494 2768 2656 2825 atque
2689 2759 2970 2821 invenies,
3020 2759 3065 2812 si
3113 2759 3281 2812 urbes
3313 2770 3475 2828 atque
3511 2775 3594 2811 re-

2033 2846 2224 2915 gioues
2239 2845 2454 2914 Aﬁgypti
2481 2855 2534 2900 et
2557 2846 2791 2907 Arabia-3,
2811 2846 3108 2901 Phceuiciaa
3135 2857 3189 2901 et.
3217 2846 3384 2916 Syrize
3407 2858 3461 2901 et
3479 2864 3611 2916 qua}

2035 2935 2092 2988 in
2121 2934 2186 2988 iis
2205 2934 2448 2988 incolunt
2466 2945 2654 3004 gentes
2682 2934 3424 3005 Christianorumperagrare
3443 2937 3608 3001 velis,

2036 3021 2156 3095 qua:
2197 3042 2506 3095 quanquam
2550 3027 2796 3079 habitant
2841 3027 2986 3079 inter
3031 3027 3229 3094 impios
3271 3008 3594 3095 impuroque

1964 3155 2009 3213 c
2037 3133 2134 3172 ore
2179 3118 2436 3187 pra-(litos
2489 3127 2651 3186 atque
2694 3117 2888 3171 alienis
2927 3117 3091 3171 armis
3132 3117 3388 3186 subjectae
3431 3127 3595 3177 sunt.

2043 3216 2224 3262 tamen
2287 3209 2595 3263 doctrinam
2649 3209 2839 3262 talium
2909 3209 3292 3277 episcoporum
3369 3223 3606 3277 sequen—

2045 3311 2149 3365 tes,
2194 3300 2556 3354 reverentiam
2607 3317 2640 3354 θ
2696 3299 2946 3368 patrihus
3009 3300 3262 3353 traditam
3330 3317 3613 3368 nunquam

2043 3409 2151 3448 non
2209 3392 2414 3445 sanctis
2470 3391 2780 3445 attribuunt
2859 3391 3144 3460 dogmatis.
3212 3390 3453 3458 Longum
3501 3400 3602 3448 est.

2044 3483 2226 3537 omnia
2274 3483 2544 3535 'enarrare
2629 3497 2750 3550 qua:
2803 3481 3025 3536 divinus
3082 3481 3170 3534 ille
3239 3481 3322 3533 vir
3394 3496 3608 3534 mecum

372 3591 825 3654 communicavit,
876 3596 932 3642 et
985 3601 1106 3655 quae
1157 3584 1250 3638 alii
1293 3584 1427 3638 alias
1469 3582 1628 3636 aliter
1675 3578 1810 3634 mihi
1858 3572 2168 3657 referebant
2227 3572 2294 3626 ad
2335 3573 2588 3625 eunidem
2645 3571 2897 3625 ordinem
2953 3579 3116 3639 atque
3138 3571 3405 3640 pietatem
3440 3574 3610 3639 perii--

375 3698 585 3742 neutra.

449 3783 525 3838 Z'.
572 3781 849 3845 Ἐξχετίαν
877 3777 922 3831 δ’
953 3775 1043 3829 οὖν
1079 3777 1226 3843 ὅμως
1267 3774 1422 3842 ἡμεῖς
1460 3771 1516 3822 ὲν
1564 3767 1793 3827 ἐκείνοις
1827 3766 1942 3817 δια-

374 3873 696 3944 τετριφὸῖες
728 3873 839 3932 τοῖς
877 3868 1085 3927 τόποις,
1118 3865 1310 3916 ἔπειτα
1346 3862 1578 3928 πλήρεσι
1604 3860 1716 3918 τοῖς
1749 3852 1941 3914 ίστίοις

378 3968 707 4035 ἀναχθέντες
754 3965 817 4013 ὲκ
868 3957 1117 4019 Κιλικίας
1156 3956 1452 4024 δευτεραῖοι
1490 3955 1543 4011 ὲς
1592 3949 1819 4014 Κύπρον
1847 3947 1943 4014 τὴν

379 4065 546 4130 νῆσον
599 4055 971 4124 κατήχθημεν,
1022 4050 1152 4102 ἔνθα
1198 4049 1274 4117 δὴ,
1314 4047 1407 4099 καὶ
1454 4044 1618 4096 πολὺν
1645 4039 1942 4130 διατρίβειν

383 4127 650 4216 ἐγνώκειν
677 4143 852 4208 ἔγωγε
884 4140 1068 4208 χρόνον
1097 4138 1188 4197 διά,
1220 4151 1278 4186 τε
1307 4134 1475 4185 τᾶλλα
1504 4130 1613 4181 τῶν
1654 4131 1752 4196 τῆς
1777 4127 1944 4194 νήσου

383 4239 568 4294 καλῶν
612 4236 704 4288 καὶ
733 4235 833 4302 ¹τήν
867 4248 930 4299 γε
977 4229 1200 4296 ἔννομον
1233 4242 1292 4276 τε
1341 4225 1433 4275 καὶ
1474 4219 1744 4288 φιλόξενον
1792 4219 1948 4270 πολι-

382 4333 558 4395 τείαν,
589 4327 687 4383 καῖ
713 4330 950 4398 μάλιστα
982 4323 1196 4377 πάντων
1222 4321 1312 4374 διᾶι
1338 4319 1436 4386 τὴν
1464 4314 1560 4366 τοῦ
1603 4311 1771 4381 σοφοῦ
1807 4309 1951 4398 iam:

385 4443 481 4478 νου
513 4393 974 4491 ἀνδρὸς-ὁμιλίαν,
1002 4413 1280 4484 Γεωργίου
1310 4410 1451 4480 φημὶ
1478 4406 1571 4460 τοῦ
1601 4406 1868 4469 Λαπίθου,
1905 4393 1951 4470 ᾧ

2121 3761 2229 3814 Vll.
2263 3759 2366 3813 Sex
2409 3774 2506 3828 per
2542 3773 2715 3812 annos
2745 3772 2869 3812 cum
2907 3757 2960 3810 in
2993 3757 3100 3811 illis
3124 3757 3262 3811 locis
3293 3756 3608 3821 fuissemus,

2046 3869 2112 3906 ex
2141 3850 2332 3905 Cilicia
2360 3850 2495 3904 velis
2525 3850 2700 3918 passis
2724 3851 2780 3902 in
2813 3850 2983 3901 allqu
3014 3848 3203 3912 delati,
3235 3850 3478 3903 secundo
3523 3850 3611 3904 die

2049 3943 2116 3996 ad
2147 3941 2382 3995 insulam
2409 3940 2650 4010 Cyprqu
2669 3939 3002 4006 appulilnus,
3029 3940 3120 3992 ubi
3150 3941 3369 4007 longum
3400 3949 3614 4007 tempus

2053 4033 2380 4087 commorari
2434 4030 2830 4084 constitueram
2883 4046 3008 4084 cum
3058 4031 3129 4084 ob
3169 4031 3294 4092 alia,
3324 4047 3443 4098 quae
3481 4049 3613 4100 pne-

2051 4125 2146 4178 bet
2177 4123 2356 4178 insula
2386 4120 2696 4182 commoda,
2727 4131 2839 4175 tum
2879 4121 3025 4189 quod
3063 4122 3138 4174 rei
3178 4121 3408 4189 publicae
3437 4123 3610 4175 admi-

2054 4213 2305 4268 nistratio
2335 4212 2591 4281 przeelare
2617 4211 2828 4280 legibus
2864 4219 3163 4278 temperata
3199 4220 3304 4271 est,
3331 4221 3386 4263 et
3415 4209 3616 4277 oppido

2054 4304 2345 4373 hospitalis
2376 4341 2392 4366 ,
2450 4301 2685 4356 maxime
2741 4316 2872 4354 vero
2898 4315 2965 4354 eo
2991 4300 3254 4364 consilio,
3307 4309 3366 4353 ut
3396 4300 3615 4367 Georgii

2056 4389 2320 4464 Lapithae,
2353 4393 2452 4447 viri
2485 4394 2631 4446 illius
2657 4391 3044 4460 sapientissimi
3079 4391 3474 4444 consuetudine
3501 4405 3618 4444 ute-

386 4517 490 4569 οὐκ
525 4480 926 4576 εὖθ’ὺςνάποϐὰς
949 4480 1048 4578 τῆς
1079 4480 1215 4567 νεῶς
1263 4501 1677 4570 ὲνετετυχήκειν
1708 4496 1938 4566 αὐθημε-

2057 4501 2164 4549 rer,
2201 4499 2363 4554 quem
2395 4483 2506 4552 28
2537 4483 2761 4551 quidem
2796 4497 2827 4534 e
2865 4480 2988 4534 navi
3008 4495 3261 4550 egressus
3297 4497 3403 4534 non
3431 4481 3615 4534 statim

389 4606 517 4676 ρόν·
564 4605 625 4656 οὐ
676 4602 784 4671 γὰρ
833 4599 1062 4668 πλησίον
1094 4597 1211 4648 ἐκεῖ
1241 4611 1344 4647 που
1389 4591 1488 4660 τὴν
1535 4587 1750 4659 οἴκησιν
1783 4580 1951 4654 εἶχεν,

388 4697 528 4753 ἀλλὰ
569 4697 711 4748 δυοῖν
741 4695 977 4763 ἡμέραιν
1033 4689 1128 4742 τοῦ
1174 4687 1392 4757 λιμένος
1431 4683 1741 4751 ἀπέχουσαν
1779 4680 1858 4741 είς
1895 4676 1956 4729 ὃν

390 4792 554 4858 ἡμεῖς
579 4787 880 4856 τηνικαῦτα
909 4778 1434 4845 έσεπεπλεύκειμεν.
1477 4774 1659 4827 Ῥόδου
1706 4771 1806 4840 μὲν
1848 4767 1958 4836 γὰρ

391 4879 606 4946 ἐκείνης
641 4877 740 4944 τῆς
763 4875 929 4942 νήσου
965 4869 1166 4939 μείζων
1201 4866 1352 4919 ἐστὶν
1372 4867 1406 4933 ή
1440 4862 1686 4931 Κύπρος,
1713 4859 1809 4912 καὶ
1838 4861 1956 4928 ἅμα

393 4968 457 5020 ού
497 4964 615 5017 κατ’
647 4963 883 5032 ἐκείνην,
909 4959 1023 5012 ἀλλ’
1063 4957 1341 5026 ἐπιμήκης
1381 4953 1444 5005 τὸ
1474 4955 1659 5021 σχῆμα
1684 4965 1698 4979 ·
1754 4949 1957 5017 μεταξὺ

393 5055 438 5108 δ’
477 5053 645 5122 αὐτῆς
671 5052 798 5121 ὅρος
838 5052 1080 5117 ἑστήκει,
1110 5046 1209 5115 τήν
1235 5043 1478 5114 κορυφὴν
1505 5043 1562 5102 ές
1603 5038 1734 5108 ὕψος
1761 5039 1960 5104 ἀνάγον

403 5144 634 5213 μακρόν.
661 5139 946 5206 Ὄλυμπος
981 5134 1230 5186 καλεῖται
1257 5132 1316 5182 τὸ
1363 5131 1510 5199 ὅρος,
1543 5129 1602 5194 ἐξ
1627 5127 1687 5179 οὗ
1733 5129 1824 5180 καὶ
1855 5145 1960 5194 πη-

399 5232 496 5299 γαὶ¹
528 5227 786 5297 ποταμῶν
815 5222 1183 5284 ἀποϐλύζουσι
1231 5221 1402 5289 τρεῖς,
1433 5213 1507 5270 ὧν
1548 5218 1576 5268 ὁ
1612 5215 1816 5283 μείζων
1859 5231 1958 5266 κα-

401 5323 660 5390 λούμενος
707 5319 950 5378 Λάπιθος
995 5317 1208 5368 κάτεισι
1255 5314 1475 5380 τέμνων
1521 5309 1612 5362 καὶ
1653 5306 1961 5378 περιρρέων

400 5417 504 5484 τὴν
556 5413 872 5466 Λευκωσίαν
917 5405 1117 5459 οὑτωσὶ
1187 5401 1532 5470 καλουμένην
1591 5399 1805 5468 χώραν.
1867 5397 1963 5449 καὶ

401 5503 698 5559 ἀποπτύων
725 5502 784 5554 τδ
809 5499 1025 5571 ῥεῖθρον
1053 5497 1203 5565 παρὰ
1224 5496 1321 5562 τήν
1350 5496 1405 5554 ἐς
1427 5491 1627 5561 ἄρκτον
1656 5489 1964 5558 βλέπουσαν

405 5596 706 5647 θάλασσαν.
752 5591 955 5642 Τούτου
1003 5588 1158 5655 παρὰ
1209 5587 1304 5646 τὰς
1356 5583 1521 5652 ὄχθας
1580 5580 1772 5649 έτυχεν
1824 5579 1965 5647 ἔχων

408 5687 616 5744 ἐκεῖνος
646 5681 744 5750 τὴν
774 5681 1004 5748 οἴκησιν,
1045 5675 1126 5728 διὸ
1153 5675 1247 5725 καὶ
1286 5671 1530 5740 Λαπίθης
1559 5671 1620 5722 ἔκ
1647 5687 1711 5737 γε
1741 5669 1835 5720 τοῦ
1866 5686 1963 5719 πο-

407 5771 589 5844 ταμοῦ
624 5773 716 5826 καὶ
757 5771 914 5833 αὐτὸς
960 5771 1105 5831 ὅπως
1149 5765 1274 5820 ποτὲ
1312 5763 1762 5836 παρωνόμασται.
1804 5759 1962 5828 Γνείη

2055 4576 2249 4632 eodem
2291 4576 2380 4630 die
2405 4574 2703 4628 convenire
2739 4572 2913 4642 potui.
2958 4559 3077 4626 Non
3117 4573 3264 4626 enim
3296 4573 3348 4625 iu
3391 4573 3615 4639 propiu-

2054 4683 2164 4738 quo
2196 4665 2651 4726 habebatsedem,
2687 4665 2780 4719 sed
2806 4664 3040 4718 duorum
3073 4666 3297 4719 dierum
3324 4665 3621 4718 iterinter-

2055 4767 2174 4812 crat
2228 4757 2368 4811 inter
2393 4772 2513 4811 eam
2553 4764 2717 4824 atque
2751 4767 2963 4824 portum
2999 4757 3061 4809 in.
3085 4772 3245 4824 quem
3292 4766 3403 4808 tum
3437 4756 3620 4808 incur-

2061 4851 2256 4904 rimus.
2287 4848 2500 4919 Cyprus
2533 4849 2678 4902 cnim
2709 4847 2880 4917 major
2901 4856 2988 4901 est.
3019 4846 3192 4898 insula
3216 4845 3407 4897 Rhodo
3443 4860 3621 4911 neque

2058 4943 2250 4996 eadem
2282 4982 2296 5006 ,
2343 4956 2453 5010 qua
2518 4941 2608 4994 illa
2668 4939 2841 4992 forma
2865 4981 2880 5004 ,
2916 4937 3011 4992 sed
3049 4938 3300 5005 oblonga.
3352 4937 3408 4988 In
3444 4936 3619 4987 media

2060 5046 2242 5087 autem
2278 5017 2454 5087 insula
2484 5046 2642 5084 mons
2699 5039 2806 5094 est,
2851 5029 2940 5082 cui
2983 5028 3198 5081 culmen
3252 5028 3318 5080 ad
3372 5041 3620 5094 magnam

2061 5125 2409 5180 altitudinem
2446 5123 2623 5177 ellert.
2675 5122 2936 5191 Olympus
2973 5118 3278 5187 appellatur
3329 5135 3397 5171 ex
3443 5132 3622 5183 eoque

2061 5219 2228 5271 trium
2272 5215 2559 5269 lluviorum
2595 5214 2776 5267 fontes
2823 5209 3138 5280 proﬂuunt,
3183 5223 3416 5278 quorum
3453 5208 3625 5270 maxi-

2063 5323 2204 5372 mus,
2245 5308 2333 5361 cui
2385 5305 2614 5374 Lapitbo
2672 5317 2872 5356 nomen
2907 5311 3026 5362 est,
3065 5298 3388 5353 Leucosiam
3450 5297 3626 5365 regio-

2064 5413 2215 5460 nem,
2241 5412 2363 5464 qua:
2391 5396 2616 5460 dicitur,
2651 5380 2889 5446 secernit
2927 5398 3092 5457 atque
3132 5375 3491 5449 Ieircumtluit,
3524 5384 3622 5438 llu-

2065 5497 2292 5554 ctusque
2325 5487 2378 5539 iu
2421 5501 2567 5538 mare
2594 5524 2607 5541 .
2656 5483 2802 5549 quod
2841 5481 2904 5534 in.
2933 5481 3339 5549 septentriones
3373 5483 3622 5542 spectat,

2065 5577 2284 5630 emittit.
2316 5576 2394 5627 Ad
2433 5575 2593 5642 hujus
2623 5555 2862 5625 llu'miuis
2883 5571 3041 5640 ripas
3061 5571 3152 5623 ille
3174 5566 3508 5622 domicilium
3533 5566 3628 5619 ha-

2067 5667 2219 5728 buit,
2256 5675 2590 5735 quapmpter
2615 5664 2778 5717 etiam
2822 5658 2944 5730 ipse
2991 5661 3251 5728 Lapithes
3298 5672 3365 5709 ex
3401 5655 3627 5709 ﬂumine

2069 5756 2484 5828 ceguomiuatus
2537 5755 2771 5810 videtur.
2823 5752 3017 5807 Statim
3072 5765 3199 5803 vero
3231 5749 3354 5818 quis
3399 5764 3463 5802 ex
3513 5749 3629 5800 Sola
