  <div class='ocr_page' id='page_1' title='image "/cluster/home/n/w/nwhite01/storage/ocr_20150623/149/mdp.39015078384750/017.png"; bbox 0 0 4070 6326; ppageno 0'>
   <div class='ocr_carea' id='block_1_1' title="bbox 384 306 3609 376">
    <p class='ocr_par' dir='ltr' id='par_1_1' title="bbox 384 306 3609 376">
     <span class='ocr_line' id='line_1_1' title="bbox 384 306 3609 376; baseline -0.01 10"><span class='ocrx_word' id='word_1_1' title='bbox 384 311 450 376; x_wconf 79' lang='lat'><strong>19</strong></span> <span class='ocrx_word' id='word_1_2' title='bbox 1553 307 1969 372; x_wconf 81' lang='lat' dir='ltr'><strong>NlCEPHORl</strong></span> <span class='ocrx_word' id='word_1_3' title='bbox 2011 306 2393 374; x_wconf 69' lang='lat' dir='ltr'><strong>GREGOlMi</strong></span> <span class='ocrx_word' id='word_1_4' title='bbox 3538 314 3609 376; x_wconf 68' lang='grc' dir='ltr'>ρο</span> 
     </span>
    </p>
   </div>
   <div class='ocr_carea' id='block_1_2' title="bbox 378 417 1950 495">
    <p class='ocr_par' dir='ltr' id='par_1_2' title="bbox 378 419 1942 494">
     <span class='ocr_line' id='line_1_2' title="bbox 378 419 1942 494; baseline -0.004 -15"><span class='ocrx_word' id='word_1_5' title='bbox 378 424 561 494; x_wconf 79' lang='lat' dir='ltr'><strong>specie</strong></span> <span class='ocrx_word' id='word_1_6' title='bbox 609 430 774 492; x_wconf 88' lang='lat' dir='ltr'><strong>atque</strong></span> <span class='ocrx_word' id='word_1_7' title='bbox 816 422 1189 492; x_wconf 83' lang='lat' dir='ltr'><strong>magnitudine</strong></span> <span class='ocrx_word' id='word_1_8' title='bbox 1240 419 1593 476; x_wconf 72' lang='lat' dir='ltr'><strong>azdiliciorum</strong></span> <span class='ocrx_word' id='word_1_9' title='bbox 1643 431 1805 489; x_wconf 88' lang='lat' dir='ltr'><strong>atque</strong></span> <span class='ocrx_word' id='word_1_10' title='bbox 1834 429 1942 473; x_wconf 85' lang='lat' dir='ltr'><strong>sta-</strong></span> 
     </span>
    </p>
   </div>
   <div class='ocr_carea' id='block_1_3' title="bbox 2050 417 3609 495">
    <p class='ocr_par' dir='ltr' id='par_1_3' title="bbox 2050 422 3609 495">
     <span class='ocr_line' id='line_1_3' title="bbox 2050 422 3609 495; baseline 0.003 -20"><span class='ocrx_word' id='word_1_11' title='bbox 2050 422 2092 475; x_wconf 86' lang='grc' dir='ltr'>δ⁹</span> <span class='ocrx_word' id='word_1_12' title='bbox 2115 423 2180 478; x_wconf 78' lang='grc' dir='ltr'>ἄν</span> <span class='ocrx_word' id='word_1_13' title='bbox 2209 440 2294 485; x_wconf 86' lang='grc' dir='ltr'><strong>τις</strong></span> <span class='ocrx_word' id='word_1_14' title='bbox 2328 422 2503 487; x_wconf 79' lang='grc' dir='ltr'>εὐθὺς</span> <span class='ocrx_word' id='word_1_15' title='bbox 2541 424 2647 476; x_wconf 73' lang='grc' dir='ltr'>κάκ</span> <span class='ocrx_word' id='word_1_16' title='bbox 2693 425 2859 495; x_wconf 84' lang='grc' dir='ltr'>μόνης</span> <span class='ocrx_word' id='word_1_17' title='bbox 2894 424 2995 494; x_wconf 83' lang='grc' dir='ltr'>τῆς</span> <span class='ocrx_word' id='word_1_18' title='bbox 3032 425 3389 494; x_wconf 79' lang='grc' dir='ltr'><strong>περιφανείας</strong></span> <span class='ocrx_word' id='word_1_19' title='bbox 3428 442 3485 479; x_wconf 87' lang='grc' dir='ltr'><strong>τε</strong></span> <span class='ocrx_word' id='word_1_20' title='bbox 3515 430 3609 480; x_wconf 75' lang='grc' dir='ltr'><strong>καὶ</strong></span> 
     </span>
    </p>
   </div>
   <div class='ocr_carea' id='block_1_4' title="bbox 380 511 1942 581">
    <p class='ocr_par' dir='ltr' id='par_1_4' title="bbox 380 511 1942 581">
     <span class='ocr_line' id='line_1_4' title="bbox 380 511 1942 581; baseline -0.003 -14"><span class='ocrx_word' id='word_1_21' title='bbox 380 514 635 568; x_wconf 91' lang='lat' dir='ltr'><strong>hnlorum</strong></span> <span class='ocrx_word' id='word_1_22' title='bbox 669 516 833 568; x_wconf 85' lang='lat' dir='ltr'><strong>etiam</strong></span> <span class='ocrx_word' id='word_1_23' title='bbox 868 526 1157 581; x_wconf 90' lang='lat' dir='ltr'><strong>antequam</strong></span> <span class='ocrx_word' id='word_1_24' title='bbox 1185 513 1240 566; x_wconf 90' lang='lat' dir='ltr'><strong>in</strong></span> <span class='ocrx_word' id='word_1_25' title='bbox 1276 513 1512 566; x_wconf 79' lang='lat' dir='ltr'><strong>hominis</strong></span> <span class='ocrx_word' id='word_1_26' title='bbox 1549 512 1721 581; x_wconf 85' lang='lat' dir='ltr'><strong>ipsius</strong></span> <span class='ocrx_word' id='word_1_27' title='bbox 1748 511 1942 579; x_wconf 89' lang='lat' dir='ltr'><strong>adspe-</strong></span> 
     </span>
    </p>
   </div>
   <div class='ocr_carea' id='block_1_5' title="bbox 376 605 1938 674">
    <p class='ocr_par' dir='ltr' id='par_1_5' title="bbox 376 605 1938 674">
     <span class='ocr_line' id='line_1_5' title="bbox 376 605 1938 674; baseline -0.006 -11"><span class='ocrx_word' id='word_1_28' title='bbox 376 617 523 663; x_wconf 88' lang='lat' dir='ltr'><strong>ctum</strong></span> <span class='ocrx_word' id='word_1_29' title='bbox 588 605 821 671; x_wconf 62' lang='lat' dir='ltr'><strong>venerit,</strong></span> <span class='ocrx_word' id='word_1_30' title='bbox 872 605 1031 659; x_wconf 79' lang='lat' dir='ltr'><strong>facile</strong></span> <span class='ocrx_word' id='word_1_31' title='bbox 1089 613 1379 674; x_wconf 59' lang='lat' dir='ltr'><strong>cognoscet</strong></span> <span class='ocrx_word' id='word_1_32' title='bbox 1425 619 1551 658; x_wconf 91' lang='lat' dir='ltr'><strong>cum</strong></span> <span class='ocrx_word' id='word_1_33' title='bbox 1598 617 1938 671; x_wconf 79' lang='lat' dir='ltr'><strong>nequaquam</strong></span> 
     </span>
    </p>
   </div>
   <div class='ocr_carea' id='block_1_6' title="bbox 377 694 1938 769">
    <p class='ocr_par' dir='ltr' id='par_1_6' title="bbox 377 694 1938 769">
     <span class='ocr_line' id='line_1_6' title="bbox 377 694 1938 769; baseline -0.003 -17"><span class='ocrx_word' id='word_1_34' title='bbox 377 716 543 753; x_wconf 91' lang='lat' dir='ltr'><strong>unum</strong></span> <span class='ocrx_word' id='word_1_35' title='bbox 572 714 693 757; x_wconf 89' lang='lat' dir='ltr'><strong>csse</strong></span> <span class='ocrx_word' id='word_1_36' title='bbox 724 714 790 753; x_wconf 85' lang='lat' dir='ltr'><strong>cx</strong></span> <span class='ocrx_word' id='word_1_37' title='bbox 840 696 1176 769; x_wconf 82' lang='lat' dir='ltr'><strong>ignobilibus</strong></span> <span class='ocrx_word' id='word_1_38' title='bbox 1231 704 1395 765; x_wconf 89' lang='lat' dir='ltr'><strong>atque</strong></span> <span class='ocrx_word' id='word_1_39' title='bbox 1448 695 1694 763; x_wconf 84' lang='lat' dir='ltr'><strong>plebeiis,</strong></span> <span class='ocrx_word' id='word_1_40' title='bbox 1739 694 1833 748; x_wconf 86' lang='lat' dir='ltr'><strong>sed</strong></span> <span class='ocrx_word' id='word_1_41' title='bbox 1874 708 1938 747; x_wconf 82' lang='lat' dir='ltr'><strong>ex</strong></span> 
     </span>
    </p>
   </div>
   <div class='ocr_carea' id='block_1_7' title="bbox 375 785 1942 858">
    <p class='ocr_par' dir='ltr' id='par_1_7' title="bbox 375 785 1942 858">
     <span class='ocr_line' id='line_1_7' title="bbox 375 785 1942 858; baseline -0.003 -14"><span class='ocrx_word' id='word_1_42' title='bbox 375 791 698 844; x_wconf 77' lang='lat' dir='ltr'><strong>clarissimis</strong></span> <span class='ocrx_word' id='word_1_43' title='bbox 739 799 902 858; x_wconf 90' lang='lat' dir='ltr'><strong>atque</strong></span> <span class='ocrx_word' id='word_1_44' title='bbox 943 788 1279 857; x_wconf 89' lang='lat' dir='ltr'><strong>primoribus</strong></span> <span class='ocrx_word' id='word_1_45' title='bbox 1308 787 1519 841; x_wconf 75' lang='lat' dir='ltr'><strong>insulae.</strong></span> <span class='ocrx_word' id='word_1_46' title='bbox 1572 786 1718 841; x_wconf 85' lang='lat' dir='ltr'><strong>Idem</strong></span> <span class='ocrx_word' id='word_1_47' title='bbox 1773 785 1942 855; x_wconf 88' lang='lat' dir='ltr'><strong>magis</strong></span> 
     </span>
    </p>
   </div>
   <div class='ocr_carea' id='block_1_8' title="bbox 374 877 1944 949">
    <p class='ocr_par' dir='ltr' id='par_1_8' title="bbox 374 877 1944 949">
     <span class='ocr_line' id='line_1_8' title="bbox 374 877 1944 949; baseline -0.003 -15"><span class='ocrx_word' id='word_1_48' title='bbox 374 883 542 934; x_wconf 73' lang='lat' dir='ltr'><strong>etiam</strong></span> <span class='ocrx_word' id='word_1_49' title='bbox 591 889 878 948; x_wconf 83' lang='lat' dir='ltr'><strong>cognoscet</strong></span> <span class='ocrx_word' id='word_1_50' title='bbox 914 895 981 933; x_wconf 80' lang='lat' dir='ltr'><strong>ex</strong></span> <span class='ocrx_word' id='word_1_51' title='bbox 1025 878 1149 933; x_wconf 71' lang='lat' dir='ltr'><strong>vita:</strong></span> <span class='ocrx_word' id='word_1_52' title='bbox 1177 883 1294 949; x_wconf 86' lang='lat' dir='ltr'><strong>ejus</strong></span> <span class='ocrx_word' id='word_1_53' title='bbox 1336 877 1599 948; x_wconf 90' lang='lat' dir='ltr'><strong>dignitate</strong></span> <span class='ocrx_word' id='word_1_54' title='bbox 1633 887 1796 946; x_wconf 91' lang='lat' dir='ltr'><strong>atque</strong></span> <span class='ocrx_word' id='word_1_55' title='bbox 1823 892 1944 946; x_wconf 88' lang='lat' dir='ltr'><strong>gra-</strong></span> 
     </span>
    </p>
   </div>
   <div class='ocr_carea' id='block_1_9' title="bbox 377 969 1941 1038">
    <p class='ocr_par' dir='ltr' id='par_1_9' title="bbox 377 969 1941 1038">
     <span class='ocr_line' id='line_1_9' title="bbox 377 969 1941 1038; baseline -0.003 -14"><span class='ocrx_word' id='word_1_56' title='bbox 377 974 568 1027; x_wconf 72' lang='lat' dir='ltr'><strong>vitate.</strong></span> <span class='ocrx_word' id='word_1_57' title='bbox 595 972 755 1025; x_wconf 85' lang='lat' dir='ltr'><strong>Festa</strong></span> <span class='ocrx_word' id='word_1_58' title='bbox 787 972 933 1023; x_wconf 72' lang='lat' dir='ltr'><strong>extim</strong></span> <span class='ocrx_word' id='word_1_59' title='bbox 962 978 1015 1024; x_wconf 94' lang='lat' dir='ltr'><strong>et</strong></span> <span class='ocrx_word' id='word_1_60' title='bbox 1050 969 1188 1024; x_wconf 85' lang='lat' dir='ltr'><strong>sacri</strong></span> <span class='ocrx_word' id='word_1_61' title='bbox 1213 978 1516 1025; x_wconf 88' lang='lat' dir='ltr'><strong>conventus</strong></span> <span class='ocrx_word' id='word_1_62' title='bbox 1538 978 1699 1038; x_wconf 89' lang='lat' dir='ltr'><strong>atque</strong></span> <span class='ocrx_word' id='word_1_63' title='bbox 1729 983 1941 1023; x_wconf 91' lang='lat' dir='ltr'><strong>summa</strong></span> 
     </span>
    </p>
   </div>
   <div class='ocr_carea' id='block_1_10' title="bbox 322 1058 1943 1131">
    <p class='ocr_par' dir='ltr' id='par_1_10' title="bbox 322 1058 1943 1131">
     <span class='ocr_line' id='line_1_10' title="bbox 322 1058 1943 1131; baseline 0 -18"><span class='ocrx_word' id='word_1_64' title='bbox 322 1126 325 1131; x_wconf 20' lang='grc' dir='ltr'><strong>η</strong></span> <span class='ocrx_word' id='word_1_65' title='bbox 379 1063 430 1113; x_wconf 92' lang='lat' dir='ltr'><strong>in</strong></span> <span class='ocrx_word' id='word_1_66' title='bbox 482 1062 673 1129; x_wconf 84' lang='lat' dir='ltr'><strong>inopes</strong></span> <span class='ocrx_word' id='word_1_67' title='bbox 708 1059 1011 1112; x_wconf 79' lang='lat' dir='ltr'><strong>liberalitas</strong></span> <span class='ocrx_word' id='word_1_68' title='bbox 1065 1058 1213 1113; x_wconf 86' lang='lat' dir='ltr'><strong>illam</strong></span> <span class='ocrx_word' id='word_1_69' title='bbox 1262 1061 1481 1114; x_wconf 85' lang='lat' dir='ltr'><strong>domum</strong></span> <span class='ocrx_word' id='word_1_70' title='bbox 1522 1069 1740 1113; x_wconf 89' lang='lat' dir='ltr'><strong>ornant.</strong></span> <span class='ocrx_word' id='word_1_71' title='bbox 1788 1058 1943 1114; x_wconf 84' lang='lat' dir='ltr'><strong>Chri-</strong></span> 
     </span>
    </p>
   </div>
   <div class='ocr_carea' id='block_1_11' title="bbox 375 1151 1943 1220">
    <p class='ocr_par' dir='ltr' id='par_1_11' title="bbox 375 1151 1943 1220">
     <span class='ocr_line' id='line_1_11' title="bbox 375 1151 1943 1220; baseline 0.001 -16"><span class='ocrx_word' id='word_1_72' title='bbox 375 1154 683 1208; x_wconf 69' lang='lat' dir='ltr'><strong>sliauorum</strong></span> <span class='ocrx_word' id='word_1_73' title='bbox 730 1161 914 1206; x_wconf 86' lang='lat' dir='ltr'><strong>autem</strong></span> <span class='ocrx_word' id='word_1_74' title='bbox 966 1152 1328 1220; x_wconf 86' lang='lat' dir='ltr'><strong>captivorum,</strong></span> <span class='ocrx_word' id='word_1_75' title='bbox 1362 1152 1455 1220; x_wconf 89' lang='lat' dir='ltr'><strong>qui</strong></span> <span class='ocrx_word' id='word_1_76' title='bbox 1501 1153 1697 1207; x_wconf 87' lang='lat' dir='ltr'><strong>crebro</strong></span> <span class='ocrx_word' id='word_1_77' title='bbox 1729 1152 1802 1207; x_wconf 90' lang='lat' dir='ltr'><strong>ibi</strong></span> <span class='ocrx_word' id='word_1_78' title='bbox 1830 1151 1943 1206; x_wconf 89' lang='lat' dir='ltr'><strong>eir-</strong></span> 
     </span>
    </p>
   </div>
   <div class='ocr_carea' id='block_1_12' title="bbox 375 1242 1942 1308">
    <p class='ocr_par' dir='ltr' id='par_1_12' title="bbox 375 1242 1942 1308">
     <span class='ocr_line' id='line_1_12' title="bbox 375 1242 1942 1308; baseline -0.002 -9"><span class='ocrx_word' id='word_1_79' title='bbox 375 1244 874 1308; x_wconf 79' lang='lat' dir='ltr'><strong>cuniducebantur,</strong></span> <span class='ocrx_word' id='word_1_80' title='bbox 932 1244 1221 1298; x_wconf 80' lang='lat' dir='ltr'><strong>maximam</strong></span> <span class='ocrx_word' id='word_1_81' title='bbox 1282 1242 1521 1298; x_wconf 79' lang='lat' dir='ltr'><strong>habebat</strong></span> <span class='ocrx_word' id='word_1_82' title='bbox 1569 1258 1783 1307; x_wconf 89' lang='lat' dir='ltr'><strong>curam,</strong></span> <span class='ocrx_word' id='word_1_83' title='bbox 1815 1257 1942 1298; x_wconf 91' lang='lat' dir='ltr'><strong>cum</strong></span> 
     </span>
    </p>
   </div>
   <div class='ocr_carea' id='block_1_13' title="bbox 374 1336 1946 1407">
    <p class='ocr_par' dir='ltr' id='par_1_13' title="bbox 374 1336 1946 1407">
     <span class='ocr_line' id='line_1_13' title="bbox 374 1336 1946 1407; baseline -0.001 -16"><span class='ocrx_word' id='word_1_84' title='bbox 374 1347 431 1392; x_wconf 91' lang='lat' dir='ltr'><strong>et</strong></span> <span class='ocrx_word' id='word_1_85' title='bbox 478 1337 595 1407; x_wconf 90' lang='lat' dir='ltr'><strong>ipse</strong></span> <span class='ocrx_word' id='word_1_86' title='bbox 636 1336 861 1407; x_wconf 79' lang='lat' dir='ltr'><strong>largiter</strong></span> <span class='ocrx_word' id='word_1_87' title='bbox 888 1338 1149 1407; x_wconf 89' lang='lat' dir='ltr'><strong>majorem</strong></span> <span class='ocrx_word' id='word_1_88' title='bbox 1176 1345 1339 1405; x_wconf 86' lang='lat' dir='ltr'><strong>atque</strong></span> <span class='ocrx_word' id='word_1_89' title='bbox 1375 1336 1657 1391; x_wconf 87' lang='lat' dir='ltr'><strong>meliorem</strong></span> <span class='ocrx_word' id='word_1_90' title='bbox 1689 1336 1798 1406; x_wconf 69' lang='lat'><strong>29</strong></span> <span class='ocrx_word' id='word_1_91' title='bbox 1827 1352 1946 1404; x_wconf 88' lang='lat' dir='ltr'><strong>par-</strong></span> 
     </span>
    </p>
   </div>
   <div class='ocr_carea' id='block_1_14' title="bbox 376 1428 1946 1484">
    <p class='ocr_par' dir='ltr' id='par_1_14' title="bbox 376 1428 1946 1484">
     <span class='ocr_line' id='line_1_14' title="bbox 376 1428 1946 1484; baseline -0.001 -2"><span class='ocrx_word' id='word_1_92' title='bbox 376 1443 484 1482; x_wconf 86' lang='lat' dir='ltr'><strong>tem</strong></span> <span class='ocrx_word' id='word_1_93' title='bbox 514 1429 580 1483; x_wconf 88' lang='lat' dir='ltr'><strong>ad</strong></span> <span class='ocrx_word' id='word_1_94' title='bbox 619 1444 813 1483; x_wconf 91' lang='lat' dir='ltr'><strong>eorum</strong></span> <span class='ocrx_word' id='word_1_95' title='bbox 850 1428 1129 1483; x_wconf 80' lang='lat' dir='ltr'><strong>conferret</strong></span> <span class='ocrx_word' id='word_1_96' title='bbox 1160 1429 1469 1484; x_wconf 87' lang='lat' dir='ltr'><strong>libertatem</strong></span> <span class='ocrx_word' id='word_1_97' title='bbox 1498 1438 1555 1483; x_wconf 86' lang='lat' dir='ltr'><strong>et.</strong></span> <span class='ocrx_word' id='word_1_98' title='bbox 1602 1429 1740 1484; x_wconf 83' lang='lat' dir='ltr'><strong>alios</strong></span> <span class='ocrx_word' id='word_1_99' title='bbox 1777 1443 1946 1483; x_wconf 71' lang='lat' dir='ltr'><strong>sacra:</strong></span> 
     </span>
    </p>
   </div>
   <div class='ocr_carea' id='block_1_15' title="bbox 377 1518 1943 1595">
    <p class='ocr_par' dir='ltr' id='par_1_15' title="bbox 377 1518 1943 1595">
     <span class='ocr_line' id='line_1_15' title="bbox 377 1518 1943 1595; baseline -0.002 -21"><span class='ocrx_word' id='word_1_100' title='bbox 377 1519 680 1590; x_wconf 70' lang='lat' dir='ltr'><strong>Scriptura:</strong></span> <span class='ocrx_word' id='word_1_101' title='bbox 699 1520 987 1589; x_wconf 69' lang='lat' dir='ltr'><strong>praeceptis</strong></span> <span class='ocrx_word' id='word_1_102' title='bbox 1003 1520 1409 1595; x_wconf 76' lang='lat' dir='ltr'><strong>adhortaretur.</strong></span> <span class='ocrx_word' id='word_1_103' title='bbox 1441 1519 1776 1589; x_wconf 67' lang='lat' dir='ltr'><strong>Praecipuum</strong></span> <span class='ocrx_word' id='word_1_104' title='bbox 1797 1518 1943 1573; x_wconf 89' lang='lat' dir='ltr'><strong>enim</strong></span> 
     </span>
    </p>
   </div>
   <div class='ocr_carea' id='block_1_16' title="bbox 374 1610 1948 1677">
    <p class='ocr_par' dir='ltr' id='par_1_16' title="bbox 374 1610 1948 1677">
     <span class='ocr_line' id='line_1_16' title="bbox 374 1610 1948 1677; baseline 0 -14"><span class='ocrx_word' id='word_1_105' title='bbox 374 1621 431 1663; x_wconf 86' lang='lat' dir='ltr'><strong>et</strong></span> <span class='ocrx_word' id='word_1_106' title='bbox 451 1610 746 1665; x_wconf 71' lang='lat' dir='ltr'><strong>maximum</strong></span> <span class='ocrx_word' id='word_1_107' title='bbox 773 1610 1017 1665; x_wconf 89' lang='lat' dir='ltr'><strong>studium</strong></span> <span class='ocrx_word' id='word_1_108' title='bbox 1050 1611 1103 1664; x_wconf 88' lang='lat' dir='ltr'><strong>in</strong></span> <span class='ocrx_word' id='word_1_109' title='bbox 1126 1626 1193 1666; x_wconf 90' lang='lat' dir='ltr'><strong>eo</strong></span> <span class='ocrx_word' id='word_1_110' title='bbox 1220 1611 1553 1677; x_wconf 89' lang='lat' dir='ltr'><strong>collocabat,</strong></span> <span class='ocrx_word' id='word_1_111' title='bbox 1588 1622 1649 1667; x_wconf 90' lang='lat' dir='ltr'><strong>ut</strong></span> <span class='ocrx_word' id='word_1_112' title='bbox 1684 1610 1948 1666; x_wconf 88' lang='lat' dir='ltr'><strong>Christia-</strong></span> 
     </span>
    </p>
   </div>
   <div class='ocr_carea' id='block_1_17' title="bbox 375 1700 2001 1771">
    <p class='ocr_par' dir='ltr' id='par_1_17' title="bbox 375 1700 2001 1771">
     <span class='ocr_line' id='line_1_17' title="bbox 375 1700 2001 1771; baseline 0 -17"><span class='ocrx_word' id='word_1_113' title='bbox 375 1715 479 1755; x_wconf 86' lang='lat' dir='ltr'><strong>nos</strong></span> <span class='ocrx_word' id='word_1_114' title='bbox 517 1700 571 1754; x_wconf 93' lang='lat' dir='ltr'><strong>in</strong></span> <span class='ocrx_word' id='word_1_115' title='bbox 598 1701 773 1755; x_wconf 89' lang='lat' dir='ltr'><strong>sacris</strong></span> <span class='ocrx_word' id='word_1_116' title='bbox 816 1700 1069 1756; x_wconf 87' lang='lat' dir='ltr'><strong>ecclesiis</strong></span> <span class='ocrx_word' id='word_1_117' title='bbox 1109 1710 1468 1771; x_wconf 84' lang='lat' dir='ltr'><strong>congregatos</strong></span> <span class='ocrx_word' id='word_1_118' title='bbox 1501 1716 1623 1756; x_wconf 92' lang='lat' dir='ltr'><strong>cum</strong></span> <span class='ocrx_word' id='word_1_119' title='bbox 1656 1702 1790 1757; x_wconf 89' lang='lat' dir='ltr'><strong>alias</strong></span> <span class='ocrx_word' id='word_1_120' title='bbox 1819 1702 1947 1755; x_wconf 86' lang='lat' dir='ltr'><strong>reli-</strong></span> <span class='ocrx_word' id='word_1_121' title='bbox 1976 1722 2001 1771; x_wconf 61' lang='lat'><em>&quot;</em></span> 
     </span>
    </p>
   </div>
   <div class='ocr_carea' id='block_1_18' title="bbox 376 1791 1943 1861">
    <p class='ocr_par' dir='ltr' id='par_1_18' title="bbox 376 1791 1943 1861">
     <span class='ocr_line' id='line_1_18' title="bbox 376 1791 1943 1861; baseline 0.001 -16"><span class='ocrx_word' id='word_1_122' title='bbox 376 1791 557 1860; x_wconf 82' lang='lat' dir='ltr'><strong>gionis</strong></span> <span class='ocrx_word' id='word_1_123' title='bbox 602 1793 753 1861; x_wconf 90' lang='lat' dir='ltr'><strong>leges</strong></span> <span class='ocrx_word' id='word_1_124' title='bbox 780 1791 1027 1858; x_wconf 77' lang='lat' dir='ltr'><strong>doceret,</strong></span> <span class='ocrx_word' id='word_1_125' title='bbox 1082 1802 1196 1846; x_wconf 91' lang='lat' dir='ltr'><strong>tum</strong></span> <span class='ocrx_word' id='word_1_126' title='bbox 1250 1793 1482 1847; x_wconf 79' lang='lat' dir='ltr'><strong>maxime</strong></span> <span class='ocrx_word' id='word_1_127' title='bbox 1511 1799 1781 1854; x_wconf 89' lang='lat' dir='ltr'><strong>moneret.</strong></span> <span class='ocrx_word' id='word_1_128' title='bbox 1826 1793 1943 1846; x_wconf 89' lang='lat' dir='ltr'><strong>ino-</strong></span> 
     </span>
    </p>
   </div>
   <div class='ocr_carea' id='block_1_19' title="bbox 376 1881 1941 1951">
    <p class='ocr_par' dir='ltr' id='par_1_19' title="bbox 376 1881 1941 1951">
     <span class='ocr_line' id='line_1_19' title="bbox 376 1881 1941 1951; baseline -0.001 -16"><span class='ocrx_word' id='word_1_129' title='bbox 376 1881 539 1951; x_wconf 89' lang='lat' dir='ltr'><strong>pibus</strong></span> <span class='ocrx_word' id='word_1_130' title='bbox 578 1895 932 1950; x_wconf 87' lang='lat' dir='ltr'><strong>summopere</strong></span> <span class='ocrx_word' id='word_1_131' title='bbox 977 1882 1424 1951; x_wconf 89' lang='lat' dir='ltr'><strong>prospiciendum</strong></span> <span class='ocrx_word' id='word_1_132' title='bbox 1456 1890 1510 1936; x_wconf 91' lang='lat' dir='ltr'><strong>et</strong></span> <span class='ocrx_word' id='word_1_133' title='bbox 1544 1881 1941 1951; x_wconf 84' lang='lat' dir='ltr'><strong>prOvidendum</strong></span> 
     </span>
    </p>
   </div>
   <div class='ocr_carea' id='block_1_20' title="bbox 376 1950 1993 2045">
    <p class='ocr_par' dir='ltr' id='par_1_20' title="bbox 376 1950 1993 2045">
     <span class='ocr_line' id='line_1_20' title="bbox 376 1950 1993 2045; baseline -0.002 -16"><span class='ocrx_word' id='word_1_134' title='bbox 376 1950 521 2029; x_wconf 78' lang='lat' dir='ltr'><strong>esse.</strong></span> <span class='ocrx_word' id='word_1_135' title='bbox 545 1972 729 2045; x_wconf 86' lang='lat' dir='ltr'><strong>Quare</strong></span> <span class='ocrx_word' id='word_1_136' title='bbox 778 1950 989 2028; x_wconf 14' lang='lat' dir='ltr'><strong>factum,</strong></span> <span class='ocrx_word' id='word_1_137' title='bbox 1013 1981 1097 2027; x_wconf 90' lang='lat' dir='ltr'><strong>cst</strong></span> <span class='ocrx_word' id='word_1_138' title='bbox 1119 2012 1136 2038; x_wconf 94' lang='lat'><strong>,</strong></span> <span class='ocrx_word' id='word_1_139' title='bbox 1163 1980 1224 2027; x_wconf 89' lang='lat' dir='ltr'><strong>ut</strong></span> <span class='ocrx_word' id='word_1_140' title='bbox 1268 1974 1384 2043; x_wconf 84' lang='lat' dir='ltr'><strong>ejus</strong></span> <span class='ocrx_word' id='word_1_141' title='bbox 1412 1950 1579 2042; x_wconf 84' lang='lat' dir='ltr'><strong>opera</strong></span> <span class='ocrx_word' id='word_1_142' title='bbox 1613 1980 1723 2025; x_wconf 88' lang='lat' dir='ltr'><strong>tota</strong></span> <span class='ocrx_word' id='word_1_143' title='bbox 1765 1970 1940 2025; x_wconf 86' lang='lat' dir='ltr'><strong>insula</strong></span> <span class='ocrx_word' id='word_1_144' title='bbox 1964 1950 1993 1972; x_wconf 62' lang='grc'>’</span> 
     </span>
    </p>
   </div>
   <div class='ocr_carea' id='block_1_21' title="bbox 376 2063 1945 2133">
    <p class='ocr_par' dir='ltr' id='par_1_21' title="bbox 376 2063 1945 2133">
     <span class='ocr_line' id='line_1_21' title="bbox 376 2063 1945 2133; baseline -0.003 -14"><span class='ocrx_word' id='word_1_145' title='bbox 376 2064 775 2119; x_wconf 72' lang='lat' dir='ltr'><strong>misericordia:</strong></span> <span class='ocrx_word' id='word_1_146' title='bbox 801 2072 963 2132; x_wconf 88' lang='lat' dir='ltr'><strong>atque</strong></span> <span class='ocrx_word' id='word_1_147' title='bbox 991 2063 1113 2117; x_wconf 83' lang='lat' dir='ltr'><strong>tidei</strong></span> <span class='ocrx_word' id='word_1_148' title='bbox 1154 2063 1311 2132; x_wconf 86' lang='lat' dir='ltr'><strong>quasi</strong></span> <span class='ocrx_word' id='word_1_149' title='bbox 1344 2064 1594 2133; x_wconf 71' lang='lat' dir='ltr'><strong>palaestra</strong></span> <span class='ocrx_word' id='word_1_150' title='bbox 1627 2071 1810 2132; x_wconf 90' lang='lat' dir='ltr'><strong>pateat</strong></span> <span class='ocrx_word' id='word_1_151' title='bbox 1843 2063 1945 2117; x_wconf 89' lang='lat' dir='ltr'><strong>ibi-</strong></span> 
     </span>
    </p>
   </div>
   <div class='ocr_carea' id='block_1_22' title="bbox 375 2156 1483 2226">
    <p class='ocr_par' dir='ltr' id='par_1_22' title="bbox 375 2156 1483 2226">
     <span class='ocr_line' id='line_1_22' title="bbox 375 2156 1483 2226; baseline 0 -17"><span class='ocrx_word' id='word_1_152' title='bbox 375 2173 481 2225; x_wconf 84' lang='lat' dir='ltr'><strong>que</strong></span> <span class='ocrx_word' id='word_1_153' title='bbox 515 2158 745 2210; x_wconf 82' lang='lat' dir='ltr'><strong>maxima</strong></span> <span class='ocrx_word' id='word_1_154' title='bbox 772 2156 843 2211; x_wconf 89' lang='lat' dir='ltr'><strong>sit</strong></span> <span class='ocrx_word' id='word_1_155' title='bbox 873 2157 1210 2226; x_wconf 83' lang='lat' dir='ltr'><strong>captivorum</strong></span> <span class='ocrx_word' id='word_1_156' title='bbox 1242 2156 1483 2210; x_wconf 88' lang='lat' dir='ltr'><strong>libertas.</strong></span> 
     </span>
    </p>
   </div>
   <div class='ocr_carea' id='block_1_23' title="bbox 452 2245 1944 2316">
    <p class='ocr_par' dir='ltr' id='par_1_23' title="bbox 452 2245 1944 2316">
     <span class='ocr_line' id='line_1_23' title="bbox 452 2245 1944 2316; baseline 0.002 -19"><span class='ocrx_word' id='word_1_157' title='bbox 452 2246 582 2300; x_wconf 85' lang='lat' dir='ltr'><strong>Vlll.</strong></span> <span class='ocrx_word' id='word_1_158' title='bbox 613 2247 667 2300; x_wconf 95' lang='lat' dir='ltr'><strong>In</strong></span> <span class='ocrx_word' id='word_1_159' title='bbox 684 2246 789 2299; x_wconf 88' lang='lat' dir='ltr'><strong>illis</strong></span> <span class='ocrx_word' id='word_1_160' title='bbox 810 2246 945 2301; x_wconf 90' lang='lat' dir='ltr'><strong>locis</strong></span> <span class='ocrx_word' id='word_1_161' title='bbox 960 2256 1087 2300; x_wconf 91' lang='lat' dir='ltr'><strong>sunt</strong></span> <span class='ocrx_word' id='word_1_162' title='bbox 1105 2246 1268 2300; x_wconf 89' lang='lat' dir='ltr'><strong>etiam</strong></span> <span class='ocrx_word' id='word_1_163' title='bbox 1297 2246 1441 2316; x_wconf 77' lang='lat' dir='ltr'><strong>regis</strong></span> <span class='ocrx_word' id='word_1_164' title='bbox 1461 2245 1659 2315; x_wconf 62' lang='lat' dir='ltr'><strong>praedia</strong></span> <span class='ocrx_word' id='word_1_165' title='bbox 1680 2245 1944 2315; x_wconf 88' lang='lat' dir='ltr'><strong>sedesque</strong></span> 
     </span>
    </p>
   </div>
   <div class='ocr_carea' id='block_1_24' title="bbox 374 2335 1940 2407">
    <p class='ocr_par' dir='ltr' id='par_1_24' title="bbox 374 2335 1940 2407">
     <span class='ocr_line' id='line_1_24' title="bbox 374 2335 1940 2407; baseline -0.001 -16"><span class='ocrx_word' id='word_1_166' title='bbox 374 2347 537 2403; x_wconf 86' lang='lat' dir='ltr'><strong>atque</strong></span> <span class='ocrx_word' id='word_1_167' title='bbox 564 2336 1017 2405; x_wconf 63' lang='lat' dir='ltr'><strong>Splendidissimae</strong></span> <span class='ocrx_word' id='word_1_168' title='bbox 1065 2336 1184 2407; x_wconf 88' lang='lat' dir='ltr'><strong>ejus</strong></span> <span class='ocrx_word' id='word_1_169' title='bbox 1224 2346 1279 2392; x_wconf 92' lang='lat' dir='ltr'><strong>et</strong></span> <span class='ocrx_word' id='word_1_170' title='bbox 1325 2335 1707 2406; x_wconf 76' lang='lat' dir='ltr'><strong>pulcherrimae</strong></span> <span class='ocrx_word' id='word_1_171' title='bbox 1756 2335 1940 2401; x_wconf 70' lang='lat' dir='ltr'><strong>aedes,</strong></span> 
     </span>
    </p>
   </div>
   <div class='ocr_carea' id='block_1_25' title="bbox 375 2426 1943 2497">
    <p class='ocr_par' dir='ltr' id='par_1_25' title="bbox 375 2426 1943 2497">
     <span class='ocr_line' id='line_1_25' title="bbox 375 2426 1943 2497; baseline 0.001 -19"><span class='ocrx_word' id='word_1_172' title='bbox 375 2429 517 2497; x_wconf 86' lang='lat' dir='ltr'><strong>quod</strong></span> <span class='ocrx_word' id='word_1_173' title='bbox 552 2428 641 2482; x_wconf 80' lang='lat' dir='ltr'><strong>illa</strong></span> <span class='ocrx_word' id='word_1_174' title='bbox 676 2443 802 2497; x_wconf 89' lang='lat' dir='ltr'><strong>pars</strong></span> <span class='ocrx_word' id='word_1_175' title='bbox 855 2428 1044 2482; x_wconf 68' lang='lat' dir='ltr'><strong>insulae</strong></span> <span class='ocrx_word' id='word_1_176' title='bbox 1076 2428 1373 2484; x_wconf 59' lang='lat' dir='ltr'><strong>amoeniore</strong></span> <span class='ocrx_word' id='word_1_177' title='bbox 1405 2427 1603 2497; x_wconf 80' lang='lat' dir='ltr'><strong>gaudet</strong></span> <span class='ocrx_word' id='word_1_178' title='bbox 1634 2426 1776 2482; x_wconf 89' lang='lat' dir='ltr'><strong>aeris</strong></span> <span class='ocrx_word' id='word_1_179' title='bbox 1809 2436 1943 2481; x_wconf 81' lang='lat' dir='ltr'><strong>tem-</strong></span> 
     </span>
    </p>
   </div>
   <div class='ocr_carea' id='block_1_26' title="bbox 377 2516 1943 2589">
    <p class='ocr_par' dir='ltr' id='par_1_26' title="bbox 377 2516 1943 2589">
     <span class='ocr_line' id='line_1_26' title="bbox 377 2516 1943 2589; baseline -0.002 -17"><span class='ocrx_word' id='word_1_180' title='bbox 377 2520 529 2588; x_wconf 90' lang='lat' dir='ltr'><strong>perie</strong></span> <span class='ocrx_word' id='word_1_181' title='bbox 576 2518 985 2589; x_wconf 85' lang='lat' dir='ltr'><strong>etjucundiorc</strong></span> <span class='ocrx_word' id='word_1_182' title='bbox 1034 2518 1163 2572; x_wconf 88' lang='lat' dir='ltr'><strong>situ.</strong></span> <span class='ocrx_word' id='word_1_183' title='bbox 1210 2518 1473 2583; x_wconf 83' lang='lat' dir='ltr'><strong>Quocirca</strong></span> <span class='ocrx_word' id='word_1_184' title='bbox 1523 2516 1840 2585; x_wconf 83' lang='lat' dir='ltr'><strong>frequenter</strong></span> <span class='ocrx_word' id='word_1_185' title='bbox 1875 2532 1943 2571; x_wconf 78' lang='lat' dir='ltr'><strong>ex</strong></span> 
     </span>
    </p>
   </div>
   <div class='ocr_carea' id='block_1_27' title="bbox 376 2605 1942 2679">
    <p class='ocr_par' dir='ltr' id='par_1_27' title="bbox 376 2605 1942 2679">
     <span class='ocr_line' id='line_1_27' title="bbox 376 2605 1942 2679; baseline -0.001 -18"><span class='ocrx_word' id='word_1_186' title='bbox 376 2609 687 2679; x_wconf 88' lang='lat' dir='ltr'><strong>propinquo</strong></span> <span class='ocrx_word' id='word_1_187' title='bbox 714 2607 780 2661; x_wconf 93' lang='lat' dir='ltr'><strong>ad</strong></span> <span class='ocrx_word' id='word_1_188' title='bbox 808 2623 933 2662; x_wconf 90' lang='lat' dir='ltr'><strong>eum</strong></span> <span class='ocrx_word' id='word_1_189' title='bbox 962 2609 1211 2663; x_wconf 80' lang='lat' dir='ltr'><strong>veniebat</strong></span> <span class='ocrx_word' id='word_1_190' title='bbox 1240 2606 1506 2675; x_wconf 77' lang='lat' dir='ltr'><strong>Georgius</strong></span> <span class='ocrx_word' id='word_1_191' title='bbox 1539 2605 1819 2674; x_wconf 84' lang='lat' dir='ltr'><strong>Lapithes,</strong></span> <span class='ocrx_word' id='word_1_192' title='bbox 1848 2606 1942 2675; x_wconf 90' lang='lat' dir='ltr'><strong>qui</strong></span> 
     </span>
    </p>
   </div>
   <div class='ocr_carea' id='block_1_28' title="bbox 377 2696 1943 2767">
    <p class='ocr_par' dir='ltr' id='par_1_28' title="bbox 377 2696 1943 2767">
     <span class='ocr_line' id='line_1_28' title="bbox 377 2696 1943 2767; baseline -0.001 -14"><span class='ocrx_word' id='word_1_193' title='bbox 377 2715 586 2753; x_wconf 88' lang='lat' dir='ltr'><strong>summa</strong></span> <span class='ocrx_word' id='word_1_194' title='bbox 639 2699 780 2767; x_wconf 88' lang='lat' dir='ltr'><strong>apud</strong></span> <span class='ocrx_word' id='word_1_195' title='bbox 827 2713 952 2752; x_wconf 92' lang='lat' dir='ltr'><strong>eum</strong></span> <span class='ocrx_word' id='word_1_196' title='bbox 994 2699 1302 2752; x_wconf 88' lang='lat' dir='ltr'><strong>reverentia</strong></span> <span class='ocrx_word' id='word_1_197' title='bbox 1343 2708 1507 2766; x_wconf 87' lang='lat' dir='ltr'><strong>atque</strong></span> <span class='ocrx_word' id='word_1_198' title='bbox 1554 2696 1764 2751; x_wconf 89' lang='lat' dir='ltr'><strong>honore</strong></span> <span class='ocrx_word' id='word_1_199' title='bbox 1792 2696 1943 2751; x_wconf 76' lang='lat' dir='ltr'><strong>frue-</strong></span> 
     </span>
    </p>
   </div>
   <div class='ocr_carea' id='block_1_29' title="bbox 379 2786 1943 2857">
    <p class='ocr_par' dir='ltr' id='par_1_29' title="bbox 379 2786 1943 2857">
     <span class='ocr_line' id='line_1_29' title="bbox 379 2786 1943 2857; baseline -0.004 -12"><span class='ocrx_word' id='word_1_200' title='bbox 379 2790 541 2845; x_wconf 89' lang='lat' dir='ltr'><strong>batur</strong></span> <span class='ocrx_word' id='word_1_201' title='bbox 581 2803 707 2844; x_wconf 90' lang='lat' dir='ltr'><strong>cum</strong></span> <span class='ocrx_word' id='word_1_202' title='bbox 760 2798 987 2857; x_wconf 89' lang='lat' dir='ltr'><strong>propter</strong></span> <span class='ocrx_word' id='word_1_203' title='bbox 1036 2786 1361 2856; x_wconf 85' lang='lat' dir='ltr'><strong>dignitatem</strong></span> <span class='ocrx_word' id='word_1_204' title='bbox 1423 2795 1537 2840; x_wconf 90' lang='lat' dir='ltr'><strong>tum</strong></span> <span class='ocrx_word' id='word_1_205' title='bbox 1587 2796 1813 2856; x_wconf 89' lang='lat' dir='ltr'><strong>propter</strong></span> <span class='ocrx_word' id='word_1_206' title='bbox 1857 2801 1943 2841; x_wconf 89' lang='lat' dir='ltr'><strong>sa-</strong></span> 
     </span>
    </p>
   </div>
   <div class='ocr_carea' id='block_1_30' title="bbox 378 2876 1943 2950">
    <p class='ocr_par' dir='ltr' id='par_1_30' title="bbox 378 2876 1943 2950">
     <span class='ocr_line' id='line_1_30' title="bbox 378 2876 1943 2950; baseline -0.001 -19"><span class='ocrx_word' id='word_1_207' title='bbox 378 2880 664 2950; x_wconf 90' lang='lat' dir='ltr'><strong>pientiam,</strong></span> <span class='ocrx_word' id='word_1_208' title='bbox 693 2893 800 2949; x_wconf 92' lang='lat' dir='ltr'><strong>qua</strong></span> <span class='ocrx_word' id='word_1_209' title='bbox 829 2877 1073 2932; x_wconf 91' lang='lat' dir='ltr'><strong>omnium</strong></span> <span class='ocrx_word' id='word_1_210' title='bbox 1105 2877 1337 2931; x_wconf 79' lang='lat' dir='ltr'><strong>tnaxime</strong></span> <span class='ocrx_word' id='word_1_211' title='bbox 1370 2876 1630 2947; x_wconf 69' lang='lat' dir='ltr'><strong>praeditus</strong></span> <span class='ocrx_word' id='word_1_212' title='bbox 1659 2885 1796 2930; x_wconf 90' lang='lat' dir='ltr'><strong>erat.</strong></span> <span class='ocrx_word' id='word_1_213' title='bbox 1828 2876 1943 2930; x_wconf 82' lang='lat' dir='ltr'><strong>Rex</strong></span> 
     </span>
    </p>
   </div>
   <div class='ocr_carea' id='block_1_31' title="bbox 376 2965 1945 3037">
    <p class='ocr_par' dir='ltr' id='par_1_31' title="bbox 376 2965 1945 3037">
     <span class='ocr_line' id='line_1_31' title="bbox 376 2965 1945 3037; baseline -0.005 -11"><span class='ocrx_word' id='word_1_214' title='bbox 376 2970 540 3026; x_wconf 85' lang='lat' dir='ltr'><strong>etiam</strong></span> <span class='ocrx_word' id='word_1_215' title='bbox 578 2968 695 3037; x_wconf 86' lang='lat' dir='ltr'><strong>ipse</strong></span> <span class='ocrx_word' id='word_1_216' title='bbox 724 2967 1067 3037; x_wconf 87' lang='lat' dir='ltr'><strong>philosophia</strong></span> <span class='ocrx_word' id='word_1_217' title='bbox 1092 2966 1407 3019; x_wconf 90' lang='lat' dir='ltr'><strong>Latinorum</strong></span> <span class='ocrx_word' id='word_1_218' title='bbox 1435 2965 1575 3020; x_wconf 88' lang='lat' dir='ltr'><strong>haud</strong></span> <span class='ocrx_word' id='word_1_219' title='bbox 1596 2965 1945 3021; x_wconf 81' lang='lat' dir='ltr'><strong>mediocriter</strong></span> 
     </span>
    </p>
   </div>
   <div class='ocr_carea' id='block_1_32' title="bbox 2045 514 3607 585">
    <p class='ocr_par' dir='ltr' id='par_1_32' title="bbox 2045 514 3607 585">
     <span class='ocr_line' id='line_1_32' title="bbox 2045 514 3607 585; baseline 0.008 -19"><span class='ocrx_word' id='word_1_220' title='bbox 2045 514 2138 566; x_wconf 82' lang='grc' dir='ltr'><strong>τοῦ</strong></span> <span class='ocrx_word' id='word_1_221' title='bbox 2168 514 2435 584; x_wconf 82' lang='grc' dir='ltr'>μεγέθους</span> <span class='ocrx_word' id='word_1_222' title='bbox 2468 514 2578 567; x_wconf 88' lang='grc' dir='ltr'><strong>τῶν</strong></span> <span class='ocrx_word' id='word_1_223' title='bbox 2601 515 2790 568; x_wconf 81' lang='grc' dir='ltr'>οἰκιῶν</span> <span class='ocrx_word' id='word_1_224' title='bbox 2820 516 2912 568; x_wconf 80' lang='grc' dir='ltr'>καὶ</span> <span class='ocrx_word' id='word_1_225' title='bbox 2942 515 3230 569; x_wconf 76' lang='grc' dir='ltr'><strong>ἐπαύλεων</strong></span> <span class='ocrx_word' id='word_1_226' title='bbox 3255 514 3349 568; x_wconf 91' lang='grc' dir='ltr'><strong>τοῦ</strong></span> <span class='ocrx_word' id='word_1_227' title='bbox 3393 516 3607 585; x_wconf 64' lang='grc' dir='ltr'>ἀνδρὸς.</span> 
     </span>
    </p>
   </div>
   <div class='ocr_carea' id='block_1_33' title="bbox 2045 606 3612 681">
    <p class='ocr_par' dir='ltr' id='par_1_33' title="bbox 2045 606 3612 681">
     <span class='ocr_line' id='line_1_33' title="bbox 2045 606 3612 681; baseline 0.004 -24"><span class='ocrx_word' id='word_1_228' title='bbox 2045 606 2140 659; x_wconf 75' lang='grc' dir='ltr'>καὶ</span> <span class='ocrx_word' id='word_1_229' title='bbox 2171 607 2303 675; x_wconf 70' lang='grc' dir='ltr'>πρὶν</span> <span class='ocrx_word' id='word_1_230' title='bbox 2352 607 2432 670; x_wconf 90' lang='grc' dir='ltr'><strong>είς</strong></span> <span class='ocrx_word' id='word_1_231' title='bbox 2460 608 2583 676; x_wconf 74' lang='grc' dir='ltr'>ὄψιν</span> <span class='ocrx_word' id='word_1_232' title='bbox 2632 608 2768 662; x_wconf 87' lang='grc' dir='ltr'>ἰέναι</span> <span class='ocrx_word' id='word_1_233' title='bbox 2807 609 2995 671; x_wconf 84' lang='grc' dir='ltr'>αὐτοῦ,</span> <span class='ocrx_word' id='word_1_234' title='bbox 3029 608 3091 681; x_wconf 73' lang='grc' dir='ltr'>[ί.</span> <span class='ocrx_word' id='word_1_235' title='bbox 3130 609 3223 663; x_wconf 79' lang='grc'><strong>101</strong></span> <span class='ocrx_word' id='word_1_236' title='bbox 3274 608 3325 680; x_wconf 75' lang='grc' dir='ltr'><strong>ὁ]</strong></span> <span class='ocrx_word' id='word_1_237' title='bbox 3388 610 3462 680; x_wconf 82' lang='grc' dir='ltr'>μὴ</span> <span class='ocrx_word' id='word_1_238' title='bbox 3502 611 3612 663; x_wconf 90' lang='grc' dir='ltr'><strong>τῶν</strong></span> 
     </span>
    </p>
   </div>
   <div class='ocr_carea' id='block_1_34' title="bbox 2046 693 3610 769">
    <p class='ocr_par' dir='ltr' id='par_1_34' title="bbox 2046 693 3610 769">
     <span class='ocr_line' id='line_1_34' title="bbox 2046 693 3610 769; baseline 0.001 -17"><span class='ocrx_word' id='word_1_239' title='bbox 2046 696 2258 763; x_wconf 76' lang='grc' dir='ltr'>ἀγενῶν</span> <span class='ocrx_word' id='word_1_240' title='bbox 2290 693 2429 752; x_wconf 76' lang='grc' dir='ltr'>εἶναι</span> <span class='ocrx_word' id='word_1_241' title='bbox 2460 700 2557 753; x_wconf 73' lang='grc' dir='ltr'>καὶ</span> <span class='ocrx_word' id='word_1_242' title='bbox 2598 700 2706 752; x_wconf 92' lang='grc' dir='ltr'><strong>τῶν</strong></span> <span class='ocrx_word' id='word_1_243' title='bbox 2736 699 2947 753; x_wconf 79' lang='grc' dir='ltr'>πολλῶν</span> <span class='ocrx_word' id='word_1_244' title='bbox 2977 699 3091 764; x_wconf 77' lang='grc' dir='ltr'>ἕνα,</span> <span class='ocrx_word' id='word_1_245' title='bbox 3120 701 3203 753; x_wconf 86' lang='grc' dir='ltr'>ὅτι</span> <span class='ocrx_word' id='word_1_246' title='bbox 3234 700 3307 769; x_wconf 83' lang='grc' dir='ltr'>μὴ</span> <span class='ocrx_word' id='word_1_247' title='bbox 3336 702 3443 753; x_wconf 88' lang='grc' dir='ltr'><strong>τῶν</strong></span> <span class='ocrx_word' id='word_1_248' title='bbox 3470 702 3610 753; x_wconf 82' lang='grc' dir='ltr'>πάνυ</span> 
     </span>
    </p>
   </div>
   <div class='ocr_carea' id='block_1_35' title="bbox 2044 778 3618 861">
    <p class='ocr_par' dir='ltr' id='par_1_35' title="bbox 2044 778 3618 861">
     <span class='ocr_line' id='line_1_35' title="bbox 2044 778 3618 861; baseline 0.001 -17"><span class='ocrx_word' id='word_1_249' title='bbox 2044 808 2094 844; x_wconf 90' lang='grc' dir='ltr'><strong>τι</strong></span> <span class='ocrx_word' id='word_1_250' title='bbox 2120 790 2243 845; x_wconf 91' lang='grc' dir='ltr'>λίαν</span> <span class='ocrx_word' id='word_1_251' title='bbox 2284 790 2511 859; x_wconf 77' lang='grc' dir='ltr'>ἐνδόξων</span> <span class='ocrx_word' id='word_1_252' title='bbox 2543 794 2638 845; x_wconf 68' lang='grc' dir='ltr'>καὶ</span> <span class='ocrx_word' id='word_1_253' title='bbox 2684 792 2916 861; x_wconf 86' lang='grc' dir='ltr'>πρώτων</span> <span class='ocrx_word' id='word_1_254' title='bbox 2951 793 3051 857; x_wconf 87' lang='grc' dir='ltr'><strong>τῆς</strong></span> <span class='ocrx_word' id='word_1_255' title='bbox 3079 778 3241 861; x_wconf 88' lang='grc' dir='ltr'>νήσου</span> <span class='ocrx_word' id='word_1_256' title='bbox 3264 809 3277 824; x_wconf 78' lang='grc' dir='ltr'><strong>ο</strong></span> <span class='ocrx_word' id='word_1_257' title='bbox 3304 792 3457 861; x_wconf 87' lang='grc' dir='ltr'>γνοίη</span> <span class='ocrx_word' id='word_1_258' title='bbox 3482 792 3526 844; x_wconf 82' lang='grc' dir='ltr'>δ’</span> <span class='ocrx_word' id='word_1_259' title='bbox 3548 792 3618 845; x_wconf 79' lang='grc' dir='ltr'>ἂν</span> 
     </span>
    </p>
   </div>
   <div class='ocr_carea' id='block_1_36' title="bbox 2048 882 3614 959">
    <p class='ocr_par' dir='ltr' id='par_1_36' title="bbox 2048 882 3614 959">
     <span class='ocr_line' id='line_1_36' title="bbox 2048 882 3614 959; baseline 0 -24"><span class='ocrx_word' id='word_1_260' title='bbox 2048 883 2249 954; x_wconf 82' lang='grc' dir='ltr'>μᾶλλον</span> <span class='ocrx_word' id='word_1_261' title='bbox 2288 884 2353 959; x_wconf 54' lang='grc' dir='ltr'>ξκ</span> <span class='ocrx_word' id='word_1_262' title='bbox 2381 883 2473 936; x_wconf 85' lang='grc' dir='ltr'><strong>τοῦ</strong></span> <span class='ocrx_word' id='word_1_263' title='bbox 2502 883 2707 952; x_wconf 87' lang='grc' dir='ltr'>τρόπου</span> <span class='ocrx_word' id='word_1_264' title='bbox 2738 884 2832 937; x_wconf 74' lang='grc' dir='ltr'>καὶ</span> <span class='ocrx_word' id='word_1_265' title='bbox 2858 884 2954 953; x_wconf 82' lang='grc' dir='ltr'>τῆς</span> <span class='ocrx_word' id='word_1_266' title='bbox 2990 883 3154 953; x_wconf 84' lang='grc' dir='ltr'><strong>ἄλλης</strong></span> <span class='ocrx_word' id='word_1_267' title='bbox 3194 883 3287 937; x_wconf 89' lang='grc' dir='ltr'><strong>τοῦ</strong></span> <span class='ocrx_word' id='word_1_268' title='bbox 3336 882 3450 953; x_wconf 81' lang='grc' dir='ltr'>βίου</span> <span class='ocrx_word' id='word_1_269' title='bbox 3481 900 3614 952; x_wconf 89' lang='grc' dir='ltr'>σεμ-</span> 
     </span>
    </p>
   </div>
   <div class='ocr_carea' id='block_1_37' title="bbox 2044 973 3614 1045">
    <p class='ocr_par' dir='ltr' id='par_1_37' title="bbox 2044 973 3614 1045">
     <span class='ocr_line' id='line_1_37' title="bbox 2044 973 3614 1045; baseline -0.003 -16"><span class='ocrx_word' id='word_1_270' title='bbox 2044 976 2289 1044; x_wconf 90' lang='grc' dir='ltr'>νότητος.</span> <span class='ocrx_word' id='word_1_271' title='bbox 2342 975 2560 1045; x_wconf 80' lang='grc' dir='ltr'>Ἐορταὶ</span> <span class='ocrx_word' id='word_1_272' title='bbox 2603 976 2713 1044; x_wconf 80' lang='grc' dir='ltr'><strong>γὰρ</strong></span> <span class='ocrx_word' id='word_1_273' title='bbox 2768 973 2863 1028; x_wconf 67' lang='grc' dir='ltr'><strong>καλ⁸</strong></span> <span class='ocrx_word' id='word_1_274' title='bbox 2924 975 3260 1043; x_wconf 79' lang='grc' dir='ltr'><strong>πανηγύρεις</strong></span> <span class='ocrx_word' id='word_1_275' title='bbox 3314 975 3456 1044; x_wconf 63' lang='grc' dir='ltr'><strong>ἱεραί⁵</strong></span> <span class='ocrx_word' id='word_1_276' title='bbox 3515 974 3614 1043; x_wconf 81' lang='grc' dir='ltr'>τὴν</span> 
     </span>
    </p>
   </div>
   <div class='ocr_carea' id='block_1_38' title="bbox 2043 1065 3615 1136">
    <p class='ocr_par' dir='ltr' id='par_1_38' title="bbox 2043 1065 3615 1136">
     <span class='ocr_line' id='line_1_38' title="bbox 2043 1065 3615 1136; baseline -0.001 -17"><span class='ocrx_word' id='word_1_277' title='bbox 2043 1066 2222 1121; x_wconf 80' lang='grc' dir='ltr'>οἰκίαν</span> <span class='ocrx_word' id='word_1_278' title='bbox 2251 1066 2469 1136; x_wconf 76' lang='grc' dir='ltr'>ἐκείνην</span> <span class='ocrx_word' id='word_1_279' title='bbox 2494 1067 2781 1132; x_wconf 73' lang='grc' dir='ltr'>ἐκόσμουν,</span> <span class='ocrx_word' id='word_1_280' title='bbox 2803 1067 2900 1119; x_wconf 77' lang='grc' dir='ltr'>καὶ</span> <span class='ocrx_word' id='word_1_281' title='bbox 2926 1066 3181 1136; x_wconf 80' lang='grc' dir='ltr'><strong>χορηγίαι</strong></span> <span class='ocrx_word' id='word_1_282' title='bbox 3208 1065 3317 1118; x_wconf 92' lang='grc' dir='ltr'><strong>τῶν</strong></span> <span class='ocrx_word' id='word_1_283' title='bbox 3345 1066 3615 1135; x_wconf 81' lang='grc' dir='ltr'><strong>δεομένων</strong></span> 
     </span>
    </p>
   </div>
   <div class='ocr_carea' id='block_1_39' title="bbox 2044 1158 3618 1230">
    <p class='ocr_par' dir='ltr' id='par_1_39' title="bbox 2044 1158 3618 1230">
     <span class='ocr_line' id='line_1_39' title="bbox 2044 1158 3618 1230; baseline -0.002 -18"><span class='ocrx_word' id='word_1_284' title='bbox 2044 1159 2307 1230; x_wconf 79' lang='grc' dir='ltr'>δαψιλεῖς.</span> <span class='ocrx_word' id='word_1_285' title='bbox 2357 1158 2479 1213; x_wconf 85' lang='grc' dir='ltr'><strong>Τῶν</strong></span> <span class='ocrx_word' id='word_1_286' title='bbox 2534 1174 2597 1227; x_wconf 88' lang='grc' dir='ltr'><strong>γε</strong></span> <span class='ocrx_word' id='word_1_287' title='bbox 2653 1159 2760 1229; x_wconf 83' lang='grc' dir='ltr'>μὴν</span> <span class='ocrx_word' id='word_1_288' title='bbox 2816 1158 2987 1228; x_wconf 84' lang='grc' dir='ltr'>συχνὰ</span> <span class='ocrx_word' id='word_1_289' title='bbox 3036 1158 3451 1227; x_wconf 81' lang='grc' dir='ltr'><strong>περιαγομένων</strong></span> <span class='ocrx_word' id='word_1_290' title='bbox 3500 1158 3618 1211; x_wconf 73' lang='grc' dir='ltr'>ἐκεῖ</span> 
     </span>
    </p>
   </div>
   <div class='ocr_carea' id='block_1_40' title="bbox 2047 1247 3616 1323">
    <p class='ocr_par' dir='ltr' id='par_1_40' title="bbox 2047 1247 3616 1323">
     <span class='ocr_line' id='line_1_40' title="bbox 2047 1247 3616 1323; baseline -0.004 -16"><span class='ocrx_word' id='word_1_291' title='bbox 2047 1251 2389 1323; x_wconf 76' lang='grc' dir='ltr'>Χριστιανῶν</span> <span class='ocrx_word' id='word_1_292' title='bbox 2427 1252 2790 1322; x_wconf 76' lang='grc' dir='ltr'>αἰχμαλώτων</span> <span class='ocrx_word' id='word_1_293' title='bbox 2844 1250 3108 1320; x_wconf 73' lang='grc' dir='ltr'><strong>μεγίστην</strong></span> <span class='ocrx_word' id='word_1_294' title='bbox 3139 1250 3372 1302; x_wconf 70' lang='grc' dir='ltr'>ἐποιεῖτο</span> <span class='ocrx_word' id='word_1_295' title='bbox 3401 1247 3616 1318; x_wconf 84' lang='grc' dir='ltr'>προμή-</span> 
     </span>
    </p>
   </div>
   <div class='ocr_carea' id='block_1_41' title="bbox 2046 1341 3614 1413">
    <p class='ocr_par' dir='ltr' id='par_1_41' title="bbox 2046 1341 3614 1413">
     <span class='ocr_line' id='line_1_41' title="bbox 2046 1341 3614 1413; baseline -0.006 -12"><span class='ocrx_word' id='word_1_296' title='bbox 2046 1347 2217 1411; x_wconf 83' lang='grc' dir='ltr'>θειαν,</span> <span class='ocrx_word' id='word_1_297' title='bbox 2262 1344 2425 1409; x_wconf 84' lang='grc' dir='ltr'>αὐτός</span> <span class='ocrx_word' id='word_1_298' title='bbox 2478 1361 2561 1396; x_wconf 68' lang='grc' dir='ltr'><strong>τε⁸</strong></span> <span class='ocrx_word' id='word_1_299' title='bbox 2592 1344 2848 1413; x_wconf 80' lang='grc' dir='ltr'>παρέχων</span> <span class='ocrx_word' id='word_1_300' title='bbox 2887 1342 3135 1412; x_wconf 79' lang='grc' dir='ltr'><strong>ἀφθόνως</strong></span> <span class='ocrx_word' id='word_1_301' title='bbox 3193 1341 3263 1394; x_wconf 82' lang='grc' dir='ltr'>τὰ</span> <span class='ocrx_word' id='word_1_302' title='bbox 3306 1341 3476 1410; x_wconf 79' lang='grc' dir='ltr'>μείζω</span> <span class='ocrx_word' id='word_1_303' title='bbox 3520 1341 3614 1393; x_wconf 71' lang='grc' dir='ltr'>καὶ</span> 
     </span>
    </p>
   </div>
   <div class='ocr_carea' id='block_1_42' title="bbox 2046 1433 3615 1505">
    <p class='ocr_par' dir='ltr' id='par_1_42' title="bbox 2046 1433 3615 1505">
     <span class='ocr_line' id='line_1_42' title="bbox 2046 1433 3615 1505; baseline -0.003 -16"><span class='ocrx_word' id='word_1_304' title='bbox 2046 1437 2355 1505; x_wconf 80' lang='grc' dir='ltr'>τελεώτερα</span> <span class='ocrx_word' id='word_1_305' title='bbox 2398 1435 2498 1503; x_wconf 86' lang='grc' dir='ltr'><strong>τῆς</strong></span> <span class='ocrx_word' id='word_1_306' title='bbox 2552 1435 2757 1488; x_wconf 89' lang='grc' dir='ltr'>τούτων</span> <span class='ocrx_word' id='word_1_307' title='bbox 2804 1434 3143 1504; x_wconf 71' lang='grc' dir='ltr'>ἐλευθερίας,</span> <span class='ocrx_word' id='word_1_308' title='bbox 3188 1434 3279 1487; x_wconf 70' lang='grc' dir='ltr'>καὶ</span> <span class='ocrx_word' id='word_1_309' title='bbox 3336 1433 3450 1503; x_wconf 77' lang='grc' dir='ltr'>ἅμα</span> <span class='ocrx_word' id='word_1_310' title='bbox 3490 1433 3615 1495; x_wconf 78' lang='grc' dir='ltr'>τοὺς</span> 
     </span>
    </p>
   </div>
   <div class='ocr_carea' id='block_1_43' title="bbox 2046 1523 3612 1599">
    <p class='ocr_par' dir='ltr' id='par_1_43' title="bbox 2046 1523 3612 1599">
     <span class='ocr_line' id='line_1_43' title="bbox 2046 1523 3612 1599; baseline -0.005 -16"><span class='ocrx_word' id='word_1_311' title='bbox 2046 1530 2241 1593; x_wconf 82' lang='grc' dir='ltr'>ἄλλους</span> <span class='ocrx_word' id='word_1_312' title='bbox 2297 1528 2538 1599; x_wconf 80' lang='grc' dir='ltr'>ὀτρύνων</span> <span class='ocrx_word' id='word_1_313' title='bbox 2589 1525 2942 1587; x_wconf 78' lang='grc' dir='ltr'>διδασκαλίας</span> <span class='ocrx_word' id='word_1_314' title='bbox 3001 1526 3111 1579; x_wconf 88' lang='grc' dir='ltr'><strong>τῶν</strong></span> <span class='ocrx_word' id='word_1_315' title='bbox 3159 1524 3319 1578; x_wconf 87' lang='grc' dir='ltr'>θείων</span> <span class='ocrx_word' id='word_1_316' title='bbox 3361 1523 3612 1593; x_wconf 82' lang='grc' dir='ltr'>Γραφῶν.</span> 
     </span>
    </p>
   </div>
   <div class='ocr_carea' id='block_1_44' title="bbox 2051 1614 3617 1690">
    <p class='ocr_par' dir='ltr' id='par_1_44' title="bbox 2051 1614 3617 1690">
     <span class='ocr_line' id='line_1_44' title="bbox 2051 1614 3617 1690; baseline -0.004 -17"><span class='ocrx_word' id='word_1_317' title='bbox 2051 1621 2252 1690; x_wconf 83' lang='grc' dir='ltr'>Ἔργον</span> <span class='ocrx_word' id='word_1_318' title='bbox 2300 1621 2410 1689; x_wconf 82' lang='grc' dir='ltr'>γὰρ</span> <span class='ocrx_word' id='word_1_319' title='bbox 2443 1618 2610 1674; x_wconf 78' lang='grc' dir='ltr'>αὗτοῦ</span> <span class='ocrx_word' id='word_1_320' title='bbox 2647 1616 3072 1671; x_wconf 81' lang='grc' dir='ltr'>σπουδαιότατον</span> <span class='ocrx_word' id='word_1_321' title='bbox 3118 1616 3351 1684; x_wconf 85' lang='grc' dir='ltr'>μάλιστα</span> <span class='ocrx_word' id='word_1_322' title='bbox 3398 1614 3617 1668; x_wconf 77' lang='grc' dir='ltr'>πάντων</span> 
     </span>
    </p>
   </div>
   <div class='ocr_carea' id='block_1_45' title="bbox 2049 1706 3617 1777">
    <p class='ocr_par' dir='ltr' id='par_1_45' title="bbox 2049 1706 3617 1777">
     <span class='ocr_line' id='line_1_45' title="bbox 2049 1706 3617 1777; baseline -0.004 -14"><span class='ocrx_word' id='word_1_323' title='bbox 2049 1711 2224 1777; x_wconf 82' lang='grc' dir='ltr'>ίεραῖς</span> <span class='ocrx_word' id='word_1_324' title='bbox 2278 1710 2596 1776; x_wconf 74' lang='grc' dir='ltr'>ἐκκλησίαις</span> <span class='ocrx_word' id='word_1_325' title='bbox 2652 1708 3073 1777; x_wconf 72' lang='grc' dir='ltr'>ἀθροιζομένους</span> <span class='ocrx_word' id='word_1_326' title='bbox 3117 1708 3480 1776; x_wconf 74' lang='grc' dir='ltr'>Χριστιανοὺς</span> <span class='ocrx_word' id='word_1_327' title='bbox 3534 1706 3617 1758; x_wconf 62' lang='grc' dir='ltr'>δια</span> 
     </span>
    </p>
   </div>
   <div class='ocr_carea' id='block_1_46' title="bbox 2050 1796 3616 1868">
    <p class='ocr_par' dir='ltr' id='par_1_46' title="bbox 2050 1796 3616 1868">
     <span class='ocr_line' id='line_1_46' title="bbox 2050 1796 3616 1868; baseline -0.005 -13"><span class='ocrx_word' id='word_1_328' title='bbox 2050 1801 2269 1855; x_wconf 78' lang='grc' dir='ltr'>δάσκειν</span> <span class='ocrx_word' id='word_1_329' title='bbox 2306 1800 2375 1851; x_wconf 82' lang='grc' dir='ltr'>τά</span> <span class='ocrx_word' id='word_1_330' title='bbox 2401 1816 2461 1853; x_wconf 85' lang='grc' dir='ltr'><strong>τε</strong></span> <span class='ocrx_word' id='word_1_331' title='bbox 2490 1798 2624 1852; x_wconf 80' lang='grc' dir='ltr'>ἄλλα</span> <span class='ocrx_word' id='word_1_332' title='bbox 2666 1801 2765 1868; x_wconf 86' lang='grc' dir='ltr'>τῆς</span> <span class='ocrx_word' id='word_1_333' title='bbox 2804 1798 3087 1860; x_wconf 74' lang='grc' dir='ltr'>εὐσεϐείας</span> <span class='ocrx_word' id='word_1_334' title='bbox 3109 1796 3334 1867; x_wconf 87' lang='grc' dir='ltr'>νόμιμα,</span> <span class='ocrx_word' id='word_1_335' title='bbox 3364 1797 3457 1849; x_wconf 68' lang='grc' dir='ltr'><strong>καλ⁵</strong></span> <span class='ocrx_word' id='word_1_336' title='bbox 3481 1797 3616 1865; x_wconf 86' lang='grc' dir='ltr'>πρός</span> 
     </span>
    </p>
   </div>
   <div class='ocr_carea' id='block_1_47' title="bbox 2048 1886 3615 1961">
    <p class='ocr_par' dir='ltr' id='par_1_47' title="bbox 2048 1886 3615 1961">
     <span class='ocr_line' id='line_1_47' title="bbox 2048 1886 3615 1961; baseline 0.004 -20"><span class='ocrx_word' id='word_1_337' title='bbox 2048 1909 2112 1960; x_wconf 84' lang='grc' dir='ltr'><strong>γε</strong></span> <span class='ocrx_word' id='word_1_338' title='bbox 2154 1891 2409 1961; x_wconf 86' lang='grc' dir='ltr'>φροντίδα</span> <span class='ocrx_word' id='word_1_339' title='bbox 2458 1890 2733 1943; x_wconf 83' lang='grc' dir='ltr'>ποιεῖσθαι</span> <span class='ocrx_word' id='word_1_340' title='bbox 2779 1890 2889 1941; x_wconf 88' lang='grc' dir='ltr'><strong>τῶν</strong></span> <span class='ocrx_word' id='word_1_341' title='bbox 2924 1888 3194 1957; x_wconf 84' lang='grc' dir='ltr'>δεομένων</span> <span class='ocrx_word' id='word_1_342' title='bbox 3227 1887 3510 1956; x_wconf 82' lang='grc' dir='ltr'>μεγίστην,</span> <span class='ocrx_word' id='word_1_343' title='bbox 3540 1886 3615 1948; x_wconf 83' lang='grc' dir='ltr'><strong>ὡς</strong></span> 
     </span>
    </p>
   </div>
   <div class='ocr_carea' id='block_1_48' title="bbox 2050 1977 3615 2047">
    <p class='ocr_par' dir='ltr' id='par_1_48' title="bbox 2050 1977 3615 2047">
     <span class='ocr_line' id='line_1_48' title="bbox 2050 1977 3615 2047; baseline -0.005 -11"><span class='ocrx_word' id='word_1_344' title='bbox 2050 1978 2191 2038; x_wconf 79' lang='grc' dir='ltr'>εἶναι</span> <span class='ocrx_word' id='word_1_345' title='bbox 2218 1983 2286 2035; x_wconf 80' lang='grc' dir='ltr'>δι’</span> <span class='ocrx_word' id='word_1_346' title='bbox 2317 1983 2526 2034; x_wconf 76' lang='grc' dir='ltr'>ἐκεῖνον</span> <span class='ocrx_word' id='word_1_347' title='bbox 2567 1981 2747 2033; x_wconf 83' lang='grc' dir='ltr'>πᾶσαν</span> <span class='ocrx_word' id='word_1_348' title='bbox 2787 1980 3001 2047; x_wconf 76' lang='grc' dir='ltr'>ἐκείνην</span> <span class='ocrx_word' id='word_1_349' title='bbox 3022 1979 3122 2047; x_wconf 81' lang='grc' dir='ltr'>τὴν</span> <span class='ocrx_word' id='word_1_350' title='bbox 3149 1978 3310 2046; x_wconf 84' lang='grc' dir='ltr'>νῆσον</span> <span class='ocrx_word' id='word_1_351' title='bbox 3335 1977 3483 2028; x_wconf 79' lang='grc' dir='ltr'>ἐλέου</span> <span class='ocrx_word' id='word_1_352' title='bbox 3523 1977 3615 2029; x_wconf 77' lang='grc' dir='ltr'>καὶ</span> 
     </span>
    </p>
   </div>
   <div class='ocr_carea' id='block_1_49' title="bbox 2051 2069 3616 2141">
    <p class='ocr_par' dir='ltr' id='par_1_49' title="bbox 2051 2069 3616 2141">
     <span class='ocr_line' id='line_1_49' title="bbox 2051 2069 3616 2141; baseline -0.005 -13"><span class='ocrx_word' id='word_1_353' title='bbox 2051 2075 2291 2138; x_wconf 85' lang='grc' dir='ltr'>πίστεως</span> <span class='ocrx_word' id='word_1_354' title='bbox 2330 2072 2566 2139; x_wconf 82' lang='grc' dir='ltr'>στάδιον,</span> <span class='ocrx_word' id='word_1_355' title='bbox 2603 2072 2699 2126; x_wconf 72' lang='grc' dir='ltr'><strong>καὶ</strong></span> <span class='ocrx_word' id='word_1_356' title='bbox 2733 2070 2971 2141; x_wconf 81' lang='grc' dir='ltr'>μάλιστα</span> <span class='ocrx_word' id='word_1_357' title='bbox 3005 2071 3222 2123; x_wconf 81' lang='grc' dir='ltr'>πάντων</span> <span class='ocrx_word' id='word_1_358' title='bbox 3255 2069 3616 2137; x_wconf 72' lang='grc' dir='ltr'>αἰχμαλώτων</span> 
     </span>
    </p>
   </div>
   <div class='ocr_carea' id='block_1_50' title="bbox 2051 2166 2394 2238">
    <p class='ocr_par' dir='ltr' id='par_1_50' title="bbox 2051 2166 2394 2238">
     <span class='ocr_line' id='line_1_50' title="bbox 2051 2166 2394 2238; baseline 0 -18"><span class='ocrx_word' id='word_1_359' title='bbox 2051 2166 2394 2238; x_wconf 70' lang='grc' dir='ltr'>ἐλευθερίαν.</span> 
     </span>
    </p>
   </div>
   <div class='ocr_carea' id='block_1_51' title="bbox 2122 2252 3615 2327">
    <p class='ocr_par' dir='ltr' id='par_1_51' title="bbox 2122 2252 3615 2327">
     <span class='ocr_line' id='line_1_51' title="bbox 2122 2252 3615 2327; baseline -0.007 -13"><span class='ocrx_word' id='word_1_360' title='bbox 2122 2256 2205 2314; x_wconf 83' lang='grc' dir='ltr'><strong>Η’.</strong></span> <span class='ocrx_word' id='word_1_361' title='bbox 2238 2257 2356 2311; x_wconf 81' lang='grc' dir='ltr'>Εἰσί</span> <span class='ocrx_word' id='word_1_362' title='bbox 2384 2273 2447 2326; x_wconf 90' lang='grc' dir='ltr'><strong>γε</strong></span> <span class='ocrx_word' id='word_1_363' title='bbox 2475 2256 2581 2327; x_wconf 75' lang='grc' dir='ltr'>μὴν</span> <span class='ocrx_word' id='word_1_364' title='bbox 2607 2257 2698 2308; x_wconf 70' lang='grc' dir='ltr'>καὶ</span> <span class='ocrx_word' id='word_1_365' title='bbox 2719 2255 2775 2309; x_wconf 87' lang='grc' dir='ltr'><strong>αί</strong></span> <span class='ocrx_word' id='word_1_366' title='bbox 2804 2254 2896 2308; x_wconf 90' lang='grc' dir='ltr'><strong>τοῦ</strong></span> <span class='ocrx_word' id='word_1_367' title='bbox 2922 2255 3090 2325; x_wconf 81' lang='grc' dir='ltr'>ῥηγδς</span> <span class='ocrx_word' id='word_1_368' title='bbox 3121 2255 3248 2324; x_wconf 67' lang='grc' dir='ltr'>περὶ</span> <span class='ocrx_word' id='word_1_369' title='bbox 3266 2255 3391 2317; x_wconf 69' lang='grc' dir='ltr'>τοὺς</span> <span class='ocrx_word' id='word_1_370' title='bbox 3417 2252 3615 2313; x_wconf 80' lang='grc' dir='ltr'>τόπους</span> 
     </span>
    </p>
   </div>
   <div class='ocr_carea' id='block_1_52' title="bbox 2049 2342 3616 2412">
    <p class='ocr_par' dir='ltr' id='par_1_52' title="bbox 2049 2342 3616 2412">
     <span class='ocr_line' id='line_1_52' title="bbox 2049 2342 3616 2412; baseline -0.008 -7"><span class='ocrx_word' id='word_1_371' title='bbox 2049 2351 2291 2412; x_wconf 70' lang='grc' dir='ltr'>ἐκείνους</span> <span class='ocrx_word' id='word_1_372' title='bbox 2338 2347 2594 2411; x_wconf 69' lang='grc' dir='ltr'>ἐπαύλεις</span> <span class='ocrx_word' id='word_1_373' title='bbox 2655 2347 2752 2400; x_wconf 77' lang='grc' dir='ltr'>καὶ</span> <span class='ocrx_word' id='word_1_374' title='bbox 2808 2347 3031 2410; x_wconf 81' lang='grc' dir='ltr'>δίαιται,</span> <span class='ocrx_word' id='word_1_375' title='bbox 3064 2347 3161 2397; x_wconf 72' lang='grc' dir='ltr'>καὶ</span> <span class='ocrx_word' id='word_1_376' title='bbox 3208 2345 3264 2397; x_wconf 87' lang='grc' dir='ltr'><strong>αί</strong></span> <span class='ocrx_word' id='word_1_377' title='bbox 3314 2344 3422 2396; x_wconf 91' lang='grc' dir='ltr'><strong>τῶν</strong></span> <span class='ocrx_word' id='word_1_378' title='bbox 3451 2342 3616 2395; x_wconf 85' lang='grc' dir='ltr'>οῐκων</span> 
     </span>
    </p>
   </div>
   <div class='ocr_carea' id='block_1_53' title="bbox 2050 2436 3615 2509">
    <p class='ocr_par' dir='ltr' id='par_1_53' title="bbox 2050 2436 3615 2509">
     <span class='ocr_line' id='line_1_53' title="bbox 2050 2436 3615 2509; baseline -0.006 -13"><span class='ocrx_word' id='word_1_379' title='bbox 2050 2441 2257 2496; x_wconf 65' lang='grc' dir='ltr'>ἐκείνου</span> <span class='ocrx_word' id='word_1_380' title='bbox 2290 2440 2667 2509; x_wconf 83' lang='grc' dir='ltr'>λαμπρότητες</span> <span class='ocrx_word' id='word_1_381' title='bbox 2701 2439 2841 2493; x_wconf 81' lang='grc' dir='ltr'>πάνυ</span> <span class='ocrx_word' id='word_1_382' title='bbox 2876 2438 3041 2491; x_wconf 75' lang='grc' dir='ltr'>καλαὶ</span> <span class='ocrx_word' id='word_1_383' title='bbox 3065 2437 3151 2490; x_wconf 80' lang='grc' dir='ltr'><strong>διὰ</strong></span> <span class='ocrx_word' id='word_1_384' title='bbox 3176 2436 3236 2489; x_wconf 76' lang='grc' dir='ltr'><strong>τὸ</strong></span> <span class='ocrx_word' id='word_1_385' title='bbox 3259 2437 3615 2506; x_wconf 85' lang='grc' dir='ltr'>χαριέστερον</span> 
     </span>
    </p>
   </div>
   <div class='ocr_carea' id='block_1_54' title="bbox 2049 2525 3616 2603">
    <p class='ocr_par' dir='ltr' id='par_1_54' title="bbox 2049 2525 3616 2603">
     <span class='ocr_line' id='line_1_54' title="bbox 2049 2525 3616 2603; baseline -0.007 -16"><span class='ocrx_word' id='word_1_386' title='bbox 2049 2529 2188 2588; x_wconf 80' lang='grc' dir='ltr'>εῖναι</span> <span class='ocrx_word' id='word_1_387' title='bbox 2222 2533 2320 2603; x_wconf 82' lang='grc' dir='ltr'>τῆς</span> <span class='ocrx_word' id='word_1_388' title='bbox 2352 2533 2517 2600; x_wconf 82' lang='grc' dir='ltr'>νήσου</span> <span class='ocrx_word' id='word_1_389' title='bbox 2548 2531 2608 2585; x_wconf 80' lang='grc' dir='ltr'>τὸ</span> <span class='ocrx_word' id='word_1_390' title='bbox 2641 2530 2806 2600; x_wconf 88' lang='grc' dir='ltr'>μέρος</span> <span class='ocrx_word' id='word_1_391' title='bbox 2837 2530 3012 2582; x_wconf 80' lang='grc' dir='ltr'>ὲκείνο</span> <span class='ocrx_word' id='word_1_392' title='bbox 3042 2530 3202 2600; x_wconf 84' lang='grc' dir='ltr'>ἀέρος</span> <span class='ocrx_word' id='word_1_393' title='bbox 3237 2546 3295 2580; x_wconf 88' lang='grc' dir='ltr'><strong>τε</strong></span> <span class='ocrx_word' id='word_1_394' title='bbox 3326 2528 3489 2580; x_wconf 84' lang='grc' dir='ltr'>ἓνεκα</span> <span class='ocrx_word' id='word_1_395' title='bbox 3519 2525 3616 2578; x_wconf 76' lang='grc' dir='ltr'>καὶ</span> 
     </span>
    </p>
   </div>
   <div class='ocr_carea' id='block_1_55' title="bbox 2051 2616 3617 2694">
    <p class='ocr_par' dir='ltr' id='par_1_55' title="bbox 2051 2616 3617 2694">
     <span class='ocr_line' id='line_1_55' title="bbox 2051 2616 3617 2694; baseline -0.008 -14"><span class='ocrx_word' id='word_1_396' title='bbox 2051 2626 2168 2694; x_wconf 72' lang='grc' dir='ltr'>ἅμα</span> <span class='ocrx_word' id='word_1_397' title='bbox 2217 2624 2417 2685; x_wconf 84' lang='grc' dir='ltr'>θέσεως</span> <span class='ocrx_word' id='word_1_398' title='bbox 2452 2622 2620 2691; x_wconf 72' lang='grc' dir='ltr'>ἄλλης</span> <span class='ocrx_word' id='word_1_399' title='bbox 2663 2623 2758 2675; x_wconf 73' lang='grc' dir='ltr'>καὶ</span> <span class='ocrx_word' id='word_1_400' title='bbox 2812 2620 3086 2691; x_wconf 65' lang='grc' dir='ltr'>ῥᾳθυμίας</span> <span class='ocrx_word' id='word_1_401' title='bbox 3129 2620 3237 2673; x_wconf 85' lang='grc' dir='ltr'><strong>τῶν</strong></span> <span class='ocrx_word' id='word_1_402' title='bbox 3285 2622 3488 2673; x_wconf 86' lang='grc' dir='ltr'>τόπων.</span> <span class='ocrx_word' id='word_1_403' title='bbox 3525 2616 3617 2669; x_wconf 77' lang='grc' dir='ltr'><strong>Διὸ</strong></span> 
     </span>
    </p>
   </div>
   <div class='ocr_carea' id='block_1_56' title="bbox 2050 2707 3615 2783">
    <p class='ocr_par' dir='ltr' id='par_1_56' title="bbox 2050 2707 3615 2783">
     <span class='ocr_line' id='line_1_56' title="bbox 2050 2707 3615 2783; baseline -0.006 -15"><span class='ocrx_word' id='word_1_404' title='bbox 2050 2717 2159 2769; x_wconf 82' lang='grc' dir='ltr'>κάκ</span> <span class='ocrx_word' id='word_1_405' title='bbox 2192 2715 2286 2767; x_wconf 83' lang='grc' dir='ltr'><strong>τοῦ</strong></span> <span class='ocrx_word' id='word_1_406' title='bbox 2320 2712 2503 2783; x_wconf 78' lang='grc' dir='ltr'>σχεδὸν</span> <span class='ocrx_word' id='word_1_407' title='bbox 2525 2712 2779 2781; x_wconf 80' lang='grc' dir='ltr'>ὲσεφοίτα</span> <span class='ocrx_word' id='word_1_408' title='bbox 2808 2711 2956 2780; x_wconf 83' lang='grc' dir='ltr'>θαμὰ</span> <span class='ocrx_word' id='word_1_409' title='bbox 2982 2712 3111 2778; x_wconf 77' lang='grc' dir='ltr'>παρ’</span> <span class='ocrx_word' id='word_1_410' title='bbox 3133 2709 3291 2763; x_wconf 82' lang='grc' dir='ltr'>αὑτὸν</span> <span class='ocrx_word' id='word_1_411' title='bbox 3314 2712 3342 2762; x_wconf 85' lang='grc' dir='ltr'><strong>ὁ</strong></span> <span class='ocrx_word' id='word_1_412' title='bbox 3368 2707 3615 2776; x_wconf 84' lang='grc' dir='ltr'>Λαπίθης</span> 
     </span>
    </p>
   </div>
   <div class='ocr_carea' id='block_1_57' title="bbox 2050 2800 3617 2879">
    <p class='ocr_par' dir='ltr' id='par_1_57' title="bbox 2050 2800 3617 2879">
     <span class='ocr_line' id='line_1_57' title="bbox 2050 2800 3617 2879; baseline -0.006 -17"><span class='ocrx_word' id='word_1_413' title='bbox 2050 2806 2346 2879; x_wconf 86' lang='grc' dir='ltr'>Γεώργιος,</span> <span class='ocrx_word' id='word_1_414' title='bbox 2379 2804 2475 2859; x_wconf 79' lang='grc' dir='ltr'>καὶ</span> <span class='ocrx_word' id='word_1_415' title='bbox 2516 2804 2722 2873; x_wconf 86' lang='grc' dir='ltr'>σφόδρα</span> <span class='ocrx_word' id='word_1_416' title='bbox 2766 2802 2962 2872; x_wconf 86' lang='grc' dir='ltr'>κομιδῆ</span> <span class='ocrx_word' id='word_1_417' title='bbox 3002 2801 3202 2870; x_wconf 78' lang='grc' dir='ltr'>πολλῆς</span> <span class='ocrx_word' id='word_1_418' title='bbox 3241 2800 3482 2854; x_wconf 82' lang='grc' dir='ltr'>ἀπέλαυε</span> <span class='ocrx_word' id='word_1_419' title='bbox 3517 2800 3617 2868; x_wconf 82' lang='grc' dir='ltr'>τῆς</span> 
     </span>
    </p>
   </div>
   <div class='ocr_carea' id='block_1_58' title="bbox 2053 2890 3617 2972">
    <p class='ocr_par' dir='ltr' id='par_1_58' title="bbox 2053 2890 3617 2972">
     <span class='ocr_line' id='line_1_58' title="bbox 2053 2890 3617 2972; baseline -0.011 -15"><span class='ocrx_word' id='word_1_420' title='bbox 2053 2901 2284 2972; x_wconf 80' lang='grc' dir='ltr'>ρηγικῆς</span> <span class='ocrx_word' id='word_1_421' title='bbox 2321 2898 2503 2962; x_wconf 83' lang='grc' dir='ltr'>αἰδοῦς</span> <span class='ocrx_word' id='word_1_422' title='bbox 2551 2897 2646 2951; x_wconf 78' lang='grc' dir='ltr'>καὶ</span> <span class='ocrx_word' id='word_1_423' title='bbox 2690 2895 2861 2964; x_wconf 83' lang='grc' dir='ltr'>τιμῆς</span> <span class='ocrx_word' id='word_1_424' title='bbox 2888 2893 2978 2947; x_wconf 83' lang='grc' dir='ltr'>διά</span> <span class='ocrx_word' id='word_1_425' title='bbox 3002 2910 3061 2947; x_wconf 83' lang='grc' dir='ltr'><strong>τε</strong></span> <span class='ocrx_word' id='word_1_426' title='bbox 3094 2893 3193 2963; x_wconf 82' lang='grc' dir='ltr'>τὴν</span> <span class='ocrx_word' id='word_1_427' title='bbox 3221 2892 3387 2962; x_wconf 75' lang='grc' dir='ltr'>ἀλλην</span> <span class='ocrx_word' id='word_1_428' title='bbox 3421 2890 3617 2959; x_wconf 65' lang='grc' dir='ltr'>σεμνός</span> 
     </span>
    </p>
   </div>
   <div class='ocr_carea' id='block_1_59' title="bbox 2049 2981 3614 3060">
    <p class='ocr_par' dir='ltr' id='par_1_59' title="bbox 2049 2981 3614 3060">
     <span class='ocr_line' id='line_1_59' title="bbox 2049 2981 3614 3060; baseline -0.008 -16"><span class='ocrx_word' id='word_1_429' title='bbox 2049 3007 2210 3058; x_wconf 84' lang='grc' dir='ltr'>τητα,</span> <span class='ocrx_word' id='word_1_430' title='bbox 2243 2989 2341 3043; x_wconf 73' lang='grc' dir='ltr'>καὶ</span> <span class='ocrx_word' id='word_1_431' title='bbox 2407 2990 2474 3060; x_wconf 74' lang='grc' dir='ltr'><strong>ην</strong></span> <span class='ocrx_word' id='word_1_432' title='bbox 2536 2987 2803 3058; x_wconf 73' lang='grc' dir='ltr'>ἑκέκτητο</span> <span class='ocrx_word' id='word_1_433' title='bbox 2860 2983 3097 3055; x_wconf 88' lang='grc' dir='ltr'>μάλιστα</span> <span class='ocrx_word' id='word_1_434' title='bbox 3133 2982 3352 3041; x_wconf 80' lang='grc' dir='ltr'>πάντων</span> <span class='ocrx_word' id='word_1_435' title='bbox 3400 2981 3614 3049; x_wconf 79' lang='grc' dir='ltr'>σοφίαν,</span> 
     </span>
    </p>
   </div>
   <div class='ocr_carea' id='block_1_60' title="bbox 375 3058 1950 3158">
    <p class='ocr_par' dir='ltr' id='par_1_60' title="bbox 375 3058 1945 3128">
     <span class='ocr_line' id='line_1_60' title="bbox 375 3058 1945 3128; baseline -0.003 -12"><span class='ocrx_word' id='word_1_436' title='bbox 375 3071 495 3116; x_wconf 86' lang='lat' dir='ltr'><strong>erat</strong></span> <span class='ocrx_word' id='word_1_437' title='bbox 534 3060 808 3124; x_wconf 90' lang='lat' dir='ltr'><strong>imbutus;</strong></span> <span class='ocrx_word' id='word_1_438' title='bbox 860 3059 954 3113; x_wconf 91' lang='lat' dir='ltr'><strong>sed</strong></span> <span class='ocrx_word' id='word_1_439' title='bbox 983 3074 1293 3128; x_wconf 89' lang='lat' dir='ltr'><strong>quanquam</strong></span> <span class='ocrx_word' id='word_1_440' title='bbox 1323 3074 1387 3113; x_wconf 90' lang='lat' dir='ltr'><strong>ea</strong></span> <span class='ocrx_word' id='word_1_441' title='bbox 1414 3058 1483 3114; x_wconf 91' lang='lat' dir='ltr'><strong>de</strong></span> <span class='ocrx_word' id='word_1_442' title='bbox 1526 3074 1688 3113; x_wconf 87' lang='lat' dir='ltr'><strong>causa</strong></span> <span class='ocrx_word' id='word_1_443' title='bbox 1728 3074 1945 3128; x_wconf 88' lang='lat' dir='ltr'><strong>semper</strong></span> 
     </span>
    </p>
   </div>
   <div class='ocr_carea' id='block_1_61' title="bbox 2050 3058 3616 3158">
    <p class='ocr_par' dir='ltr' id='par_1_61' title="bbox 2052 3058 3616 3151">
     <span class='ocr_line' id='line_1_61' title="bbox 2052 3058 3616 3151; baseline -0.006 -17"><span class='ocrx_word' id='word_1_444' title='bbox 2052 3082 2177 3135; x_wconf 69' lang='grc' dir='ltr'>ἐπεὶ</span> <span class='ocrx_word' id='word_1_445' title='bbox 2206 3079 2301 3135; x_wconf 74' lang='grc' dir='ltr'>καὶ</span> <span class='ocrx_word' id='word_1_446' title='bbox 2358 3058 2521 3140; x_wconf 79' lang='grc' dir='ltr'>αὐτὸς</span> <span class='ocrx_word' id='word_1_447' title='bbox 2572 3077 2634 3132; x_wconf 83' lang='grc' dir='ltr'>οὐ</span> <span class='ocrx_word' id='word_1_448' title='bbox 2692 3078 2929 3151; x_wconf 82' lang='grc' dir='ltr'>μετρίως</span> <span class='ocrx_word' id='word_1_449' title='bbox 2971 3076 3077 3144; x_wconf 84' lang='grc' dir='ltr'>τῆς</span> <span class='ocrx_word' id='word_1_450' title='bbox 3106 3073 3353 3128; x_wconf 84' lang='grc' dir='ltr'>Λατίνων</span> <span class='ocrx_word' id='word_1_451' title='bbox 3383 3073 3616 3143; x_wconf 84' lang='grc' dir='ltr'>μετέσχε</span> 
     </span>
    </p>
   </div>
   <div class='ocr_carea' id='block_1_62' title="bbox 374 3148 1941 3221">
    <p class='ocr_par' dir='ltr' id='par_1_62' title="bbox 374 3148 1941 3221">
     <span class='ocr_line' id='line_1_62' title="bbox 374 3148 1941 3221; baseline -0.002 -15"><span class='ocrx_word' id='word_1_452' title='bbox 374 3152 646 3221; x_wconf 84' lang='lat' dir='ltr'><strong>plurimos</strong></span> <span class='ocrx_word' id='word_1_453' title='bbox 673 3149 1021 3221; x_wconf 66' lang='lat' dir='ltr'><strong>[sapientium</strong></span> <span class='ocrx_word' id='word_1_454' title='bbox 1070 3148 1390 3206; x_wconf 88' lang='lat' dir='ltr'><strong>Latinorum</strong></span> <span class='ocrx_word' id='word_1_455' title='bbox 1439 3150 1646 3206; x_wconf 88' lang='lat' dir='ltr'><strong>circum</strong></span> <span class='ocrx_word' id='word_1_456' title='bbox 1678 3165 1736 3206; x_wconf 88' lang='lat' dir='ltr'><strong>se</strong></span> <span class='ocrx_word' id='word_1_457' title='bbox 1770 3150 1941 3204; x_wconf 85' lang='lat' dir='ltr'><strong>habe-</strong></span> 
     </span>
    </p>
   </div>
   <div class='ocr_carea' id='block_1_63' title="bbox 378 3237 1946 3311">
    <p class='ocr_par' dir='ltr' id='par_1_63' title="bbox 378 3237 1946 3311">
     <span class='ocr_line' id='line_1_63' title="bbox 378 3237 1946 3311; baseline -0.001 -15"><span class='ocrx_word' id='word_1_458' title='bbox 378 3244 493 3304; x_wconf 87' lang='lat' dir='ltr'><strong>bat.</strong></span> <span class='ocrx_word' id='word_1_459' title='bbox 528 3240 698 3311; x_wconf 86' lang='lat' dir='ltr'><strong>magis</strong></span> <span class='ocrx_word' id='word_1_460' title='bbox 731 3248 910 3294; x_wconf 89' lang='lat' dir='ltr'><strong>tamen</strong></span> <span class='ocrx_word' id='word_1_461' title='bbox 941 3237 1317 3295; x_wconf 84' lang='lat' dir='ltr'><strong>delectabatur</strong></span> <span class='ocrx_word' id='word_1_462' title='bbox 1346 3240 1567 3311; x_wconf 84' lang='lat' dir='ltr'><strong>Georgii</strong></span> <span class='ocrx_word' id='word_1_463' title='bbox 1605 3240 1946 3295; x_wconf 87' lang='lat' dir='ltr'><strong>humanitate</strong></span> 
     </span>
    </p>
   </div>
   <div class='ocr_carea' id='block_1_64' title="bbox 380 3330 1946 3403">
    <p class='ocr_par' dir='ltr' id='par_1_64' title="bbox 380 3330 1946 3403">
     <span class='ocr_line' id='line_1_64' title="bbox 380 3330 1946 3403; baseline 0.001 -18"><span class='ocrx_word' id='word_1_464' title='bbox 380 3343 547 3401; x_wconf 89' lang='lat' dir='ltr'><strong>atque</strong></span> <span class='ocrx_word' id='word_1_465' title='bbox 604 3330 1033 3386; x_wconf 88' lang='lat' dir='ltr'><strong>consuetudine.</strong></span> <span class='ocrx_word' id='word_1_466' title='bbox 1087 3330 1376 3399; x_wconf 88' lang='lat' dir='ltr'><strong>Sapientes</strong></span> <span class='ocrx_word' id='word_1_467' title='bbox 1427 3333 1598 3397; x_wconf 90' lang='lat' dir='ltr'><strong>enim,</strong></span> <span class='ocrx_word' id='word_1_468' title='bbox 1633 3333 1829 3403; x_wconf 89' lang='lat' dir='ltr'><strong>inquit,</strong></span> <span class='ocrx_word' id='word_1_469' title='bbox 1866 3342 1946 3403; x_wconf 79' lang='lat' dir='ltr'><strong>ty-</strong></span> 
     </span>
    </p>
   </div>
   <div class='ocr_carea' id='block_1_65' title="bbox 380 3406 1945 3495">
    <p class='ocr_par' dir='ltr' id='par_1_65' title="bbox 380 3406 1945 3495">
     <span class='ocr_line' id='line_1_65' title="bbox 380 3406 1945 3495; baseline 0.002 -19"><span class='ocrx_word' id='word_1_470' title='bbox 380 3406 536 3477; x_wconf 81' lang='lat' dir='ltr'><strong>ranni</strong></span> <span class='ocrx_word' id='word_1_471' title='bbox 585 3421 911 3491; x_wconf 88' lang='lat' dir='ltr'><strong>sapientium</strong></span> <span class='ocrx_word' id='word_1_472' title='bbox 982 3424 1335 3478; x_wconf 88' lang='lat' dir='ltr'><strong>commercio.</strong></span> <span class='ocrx_word' id='word_1_473' title='bbox 1410 3424 1549 3479; x_wconf 91' lang='lat' dir='ltr'><strong>Eum</strong></span> <span class='ocrx_word' id='word_1_474' title='bbox 1611 3425 1776 3495; x_wconf 78' lang='lat' dir='ltr'><strong>igitur</strong></span> <span class='ocrx_word' id='word_1_475' title='bbox 1820 3440 1945 3479; x_wconf 91' lang='lat' dir='ltr'><strong>cum</strong></span> 
     </span>
    </p>
   </div>
   <div class='ocr_carea' id='block_1_66' title="bbox 378 3513 1948 3586">
    <p class='ocr_par' dir='ltr' id='par_1_66' title="bbox 378 3513 1948 3586">
     <span class='ocr_line' id='line_1_66' title="bbox 378 3513 1948 3586; baseline 0.001 -16"><span class='ocrx_word' id='word_1_476' title='bbox 378 3531 564 3571; x_wconf 88' lang='lat' dir='ltr'><strong>secum</strong></span> <span class='ocrx_word' id='word_1_477' title='bbox 592 3515 839 3584; x_wconf 80' lang='lat' dir='ltr'><strong>haberet,</strong></span> <span class='ocrx_word' id='word_1_478' title='bbox 885 3513 1158 3570; x_wconf 74' lang='lat' dir='ltr'><strong>adductus</strong></span> <span class='ocrx_word' id='word_1_479' title='bbox 1178 3524 1282 3577; x_wconf 78' lang='lat' dir='ltr'><strong>est,</strong></span> <span class='ocrx_word' id='word_1_480' title='bbox 1318 3523 1378 3569; x_wconf 92' lang='lat' dir='ltr'><strong>ut</strong></span> <span class='ocrx_word' id='word_1_481' title='bbox 1416 3525 1705 3584; x_wconf 87' lang='lat' dir='ltr'><strong>utramque</strong></span> <span class='ocrx_word' id='word_1_482' title='bbox 1744 3517 1948 3586; x_wconf 74' lang='lat' dir='ltr'><strong>pariter</strong></span> 
     </span>
    </p>
   </div>
   <div class='ocr_carea' id='block_1_67' title="bbox 382 3603 1947 3675">
    <p class='ocr_par' dir='ltr' id='par_1_67' title="bbox 382 3603 1947 3675">
     <span class='ocr_line' id='line_1_67' title="bbox 382 3603 1947 3675; baseline 0.001 -15"><span class='ocrx_word' id='word_1_483' title='bbox 382 3606 706 3675; x_wconf 84' lang='lat' dir='ltr'><strong>sapientiam</strong></span> <span class='ocrx_word' id='word_1_484' title='bbox 735 3605 836 3660; x_wconf 87' lang='lat' dir='ltr'><strong>sibi</strong></span> <span class='ocrx_word' id='word_1_485' title='bbox 868 3603 1461 3675; x_wconf 74' lang='lat' dir='ltr'><strong>pararet,Graecorum</strong></span> <span class='ocrx_word' id='word_1_486' title='bbox 1512 3606 1719 3662; x_wconf 88' lang='lat' dir='ltr'><strong>scilicet</strong></span> <span class='ocrx_word' id='word_1_487' title='bbox 1758 3618 1813 3663; x_wconf 90' lang='lat' dir='ltr'><strong>et</strong></span> <span class='ocrx_word' id='word_1_488' title='bbox 1844 3608 1947 3662; x_wconf 84' lang='lat' dir='ltr'><strong>La-</strong></span> 
     </span>
    </p>
   </div>
   <div class='ocr_carea' id='block_1_68' title="bbox 380 3696 1947 3769">
    <p class='ocr_par' dir='ltr' id='par_1_68' title="bbox 380 3696 1947 3769">
     <span class='ocr_line' id='line_1_68' title="bbox 380 3696 1947 3769; baseline 0.003 -19"><span class='ocrx_word' id='word_1_489' title='bbox 380 3699 641 3753; x_wconf 88' lang='lat' dir='ltr'><strong>tinorum.</strong></span> <span class='ocrx_word' id='word_1_490' title='bbox 661 3698 927 3769; x_wconf 82' lang='lat' dir='ltr'><strong>Georgius</strong></span> <span class='ocrx_word' id='word_1_491' title='bbox 950 3698 1099 3753; x_wconf 89' lang='lat' dir='ltr'><strong>enim</strong></span> <span class='ocrx_word' id='word_1_492' title='bbox 1121 3696 1491 3767; x_wconf 85' lang='lat' dir='ltr'><strong>peritissimus</strong></span> <span class='ocrx_word' id='word_1_493' title='bbox 1510 3708 1628 3753; x_wconf 90' lang='lat' dir='ltr'><strong>erat</strong></span> <span class='ocrx_word' id='word_1_494' title='bbox 1656 3699 1947 3769; x_wconf 85' lang='lat' dir='ltr'><strong>utriusque</strong></span> 
     </span>
    </p>
   </div>
   <div class='ocr_carea' id='block_1_69' title="bbox 379 3791 1950 3861">
    <p class='ocr_par' dir='ltr' id='par_1_69' title="bbox 379 3791 1950 3861">
     <span class='ocr_line' id='line_1_69' title="bbox 379 3791 1950 3861; baseline 0.001 -15"><span class='ocrx_word' id='word_1_495' title='bbox 379 3791 660 3861; x_wconf 70' lang='lat' dir='ltr'><strong>sapientiae</strong></span> <span class='ocrx_word' id='word_1_496' title='bbox 674 3806 738 3846; x_wconf 85' lang='lat' dir='ltr'><strong>ac</strong></span> <span class='ocrx_word' id='word_1_497' title='bbox 769 3791 988 3861; x_wconf 72' lang='lat' dir='ltr'><strong>linguze.</strong></span> <span class='ocrx_word' id='word_1_498' title='bbox 1010 3791 1188 3857; x_wconf 88' lang='lat' dir='ltr'><strong>Quare</strong></span> <span class='ocrx_word' id='word_1_499' title='bbox 1216 3791 1473 3846; x_wconf 80' lang='lat' dir='ltr'><strong>audiebat</strong></span> <span class='ocrx_word' id='word_1_500' title='bbox 1495 3806 1619 3846; x_wconf 91' lang='lat' dir='ltr'><strong>eum</strong></span> <span class='ocrx_word' id='word_1_501' title='bbox 1640 3806 1732 3846; x_wconf 83' lang='lat' dir='ltr'><strong>rex</strong></span> <span class='ocrx_word' id='word_1_502' title='bbox 1758 3792 1950 3847; x_wconf 88' lang='lat' dir='ltr'><strong>luben-</strong></span> 
     </span>
    </p>
   </div>
   <div class='ocr_carea' id='block_1_70' title="bbox 381 3886 1950 3956">
    <p class='ocr_par' dir='ltr' id='par_1_70' title="bbox 381 3886 1950 3956">
     <span class='ocr_line' id='line_1_70' title="bbox 381 3886 1950 3956; baseline 0.002 -17"><span class='ocrx_word' id='word_1_503' title='bbox 381 3897 463 3941; x_wconf 92' lang='lat' dir='ltr'><strong>ter</strong></span> <span class='ocrx_word' id='word_1_504' title='bbox 483 3901 665 3941; x_wconf 87' lang='lat' dir='ltr'><strong>coram</strong></span> <span class='ocrx_word' id='word_1_505' title='bbox 691 3901 750 3940; x_wconf 90' lang='lat' dir='ltr'><strong>se</strong></span> <span class='ocrx_word' id='word_1_506' title='bbox 772 3901 915 3955; x_wconf 78' lang='lat' dir='ltr'><strong>saepe</strong></span> <span class='ocrx_word' id='word_1_507' title='bbox 948 3887 1317 3956; x_wconf 87' lang='lat' dir='ltr'><strong>disputantem</strong></span> <span class='ocrx_word' id='word_1_508' title='bbox 1342 3901 1466 3941; x_wconf 91' lang='lat' dir='ltr'><strong>eum</strong></span> <span class='ocrx_word' id='word_1_509' title='bbox 1487 3886 1826 3955; x_wconf 87' lang='lat' dir='ltr'><strong>sapientibus</strong></span> <span class='ocrx_word' id='word_1_510' title='bbox 1845 3887 1950 3942; x_wconf 85' lang='lat' dir='ltr'><strong>La-</strong></span> 
     </span>
    </p>
   </div>
   <div class='ocr_carea' id='block_1_71' title="bbox 379 3978 1953 4049">
    <p class='ocr_par' dir='ltr' id='par_1_71' title="bbox 379 3978 1953 4049">
     <span class='ocr_line' id='line_1_71' title="bbox 379 3978 1953 4049; baseline 0.001 -17"><span class='ocrx_word' id='word_1_511' title='bbox 379 3980 511 4035; x_wconf 81' lang='lat' dir='ltr'><strong>tinis</strong></span> <span class='ocrx_word' id='word_1_512' title='bbox 534 4020 549 4045; x_wconf 88' lang='lat'><strong>,</strong></span> <span class='ocrx_word' id='word_1_513' title='bbox 579 3994 719 4049; x_wconf 88' lang='lat' dir='ltr'><strong>quos</strong></span> <span class='ocrx_word' id='word_1_514' title='bbox 755 3979 1195 4049; x_wconf 81' lang='lat' dir='ltr'><strong>syllogismorum</strong></span> <span class='ocrx_word' id='word_1_515' title='bbox 1247 3979 1813 4048; x_wconf 77' lang='lat' dir='ltr'><strong>argumentationibus</strong></span> <span class='ocrx_word' id='word_1_516' title='bbox 1843 3978 1953 4049; x_wconf 79' lang='lat'><strong>30</strong></span> 
     </span>
    </p>
   </div>
   <div class='ocr_carea' id='block_1_72' title="bbox 379 4069 1953 4141">
    <p class='ocr_par' dir='ltr' id='par_1_72' title="bbox 379 4069 1953 4141">
     <span class='ocr_line' id='line_1_72' title="bbox 379 4069 1953 4141; baseline -0.003 -15"><span class='ocrx_word' id='word_1_517' title='bbox 379 4073 535 4141; x_wconf 88' lang='lat' dir='ltr'><strong>quasi</strong></span> <span class='ocrx_word' id='word_1_518' title='bbox 564 4072 684 4126; x_wconf 88' lang='lat' dir='ltr'><strong>telis</strong></span> <span class='ocrx_word' id='word_1_519' title='bbox 713 4070 1018 4125; x_wconf 83' lang='lat' dir='ltr'><strong>fortissime</strong></span> <span class='ocrx_word' id='word_1_520' title='bbox 1056 4070 1335 4137; x_wconf 88' lang='lat' dir='ltr'><strong>impetitos</strong></span> <span class='ocrx_word' id='word_1_521' title='bbox 1363 4069 1680 4138; x_wconf 81' lang='lat' dir='ltr'><strong>superabat,</strong></span> <span class='ocrx_word' id='word_1_522' title='bbox 1728 4082 1953 4137; x_wconf 66' lang='lat' dir='ltr'><strong>pramer-</strong></span> 
     </span>
    </p>
   </div>
   <div class='ocr_carea' id='block_1_73' title="bbox 381 4160 1948 4232">
    <p class='ocr_par' dir='ltr' id='par_1_73' title="bbox 381 4160 1948 4232">
     <span class='ocr_line' id='line_1_73' title="bbox 381 4160 1948 4232; baseline -0.004 -12"><span class='ocrx_word' id='word_1_523' title='bbox 381 4168 476 4220; x_wconf 89' lang='lat' dir='ltr'><strong>tim</strong></span> <span class='ocrx_word' id='word_1_524' title='bbox 504 4180 627 4221; x_wconf 90' lang='lat' dir='ltr'><strong>eum</strong></span> <span class='ocrx_word' id='word_1_525' title='bbox 662 4173 943 4219; x_wconf 89' lang='lat' dir='ltr'><strong>certamen</strong></span> <span class='ocrx_word' id='word_1_526' title='bbox 970 4162 1052 4232; x_wconf 77' lang='lat' dir='ltr'><strong>ide</strong></span> <span class='ocrx_word' id='word_1_527' title='bbox 1099 4162 1251 4216; x_wconf 89' lang='lat' dir='ltr'><strong>cultu</strong></span> <span class='ocrx_word' id='word_1_528' title='bbox 1284 4162 1588 4229; x_wconf 85' lang='lat' dir='ltr'><strong>patriorum</strong></span> <span class='ocrx_word' id='word_1_529' title='bbox 1637 4160 1948 4230; x_wconf 87' lang='lat' dir='ltr'><strong>dogmatum</strong></span> 
     </span>
    </p>
   </div>
   <div class='ocr_carea' id='block_1_74' title="bbox 380 4251 1951 4321">
    <p class='ocr_par' dir='ltr' id='par_1_74' title="bbox 380 4251 1951 4321">
     <span class='ocr_line' id='line_1_74' title="bbox 380 4251 1951 4321; baseline -0.003 -11"><span class='ocrx_word' id='word_1_530' title='bbox 380 4258 696 4311; x_wconf 83' lang='lat' dir='ltr'><strong>institutum</strong></span> <span class='ocrx_word' id='word_1_531' title='bbox 724 4264 881 4321; x_wconf 88' lang='lat' dir='ltr'><strong>erat;</strong></span> <span class='ocrx_word' id='word_1_532' title='bbox 941 4260 1056 4308; x_wconf 90' lang='lat' dir='ltr'><strong>tum</strong></span> <span class='ocrx_word' id='word_1_533' title='bbox 1090 4253 1239 4308; x_wconf 89' lang='lat' dir='ltr'><strong>enim</strong></span> <span class='ocrx_word' id='word_1_534' title='bbox 1285 4252 1530 4308; x_wconf 80' lang='lat' dir='ltr'><strong>ﬂuminis</strong></span> <span class='ocrx_word' id='word_1_535' title='bbox 1580 4251 1752 4307; x_wconf 81' lang='lat' dir='ltr'><strong>instar</strong></span> <span class='ocrx_word' id='word_1_536' title='bbox 1806 4251 1951 4307; x_wconf 86' lang='lat' dir='ltr'><strong>Scri-</strong></span> 
     </span>
    </p>
   </div>
   <div class='ocr_carea' id='block_1_75' title="bbox 380 4342 2024 4417">
    <p class='ocr_par' dir='ltr' id='par_1_75' title="bbox 380 4342 2024 4417">
     <span class='ocr_line' id='line_1_75' title="bbox 380 4342 2024 4417; baseline 0 -20"><span class='ocrx_word' id='word_1_537' title='bbox 380 4358 554 4417; x_wconf 66' lang='lat' dir='ltr'><strong>ptura:</strong></span> <span class='ocrx_word' id='word_1_538' title='bbox 587 4362 754 4401; x_wconf 68' lang='lat' dir='ltr'><strong>sacra:</strong></span> <span class='ocrx_word' id='word_1_539' title='bbox 784 4344 1346 4400; x_wconf 86' lang='lat' dir='ltr'><strong>demonstrationibus</strong></span> <span class='ocrx_word' id='word_1_540' title='bbox 1395 4345 1449 4399; x_wconf 90' lang='lat' dir='ltr'><strong>in</strong></span> <span class='ocrx_word' id='word_1_541' title='bbox 1495 4358 1592 4399; x_wconf 88' lang='lat' dir='ltr'><strong>eos</strong></span> <span class='ocrx_word' id='word_1_542' title='bbox 1625 4344 1842 4398; x_wconf 87' lang='lat' dir='ltr'><strong>irruens</strong></span> <span class='ocrx_word' id='word_1_543' title='bbox 1870 4342 1949 4397; x_wconf 87' lang='lat' dir='ltr'><strong>el-</strong></span> <span class='ocrx_word' id='word_1_544' title='bbox 1982 4343 2024 4397; x_wconf 87' lang='grc' dir='ltr'><strong>Ι)</strong></span> 
     </span>
    </p>
   </div>
   <div class='ocr_carea' id='block_1_76' title="bbox 379 4435 1947 4506">
    <p class='ocr_par' dir='ltr' id='par_1_76' title="bbox 379 4435 1947 4506">
     <span class='ocr_line' id='line_1_76' title="bbox 379 4435 1947 4506; baseline -0.004 -11"><span class='ocrx_word' id='word_1_545' title='bbox 379 4441 510 4495; x_wconf 79' lang='lat' dir='ltr'><strong>lecit</strong></span> <span class='ocrx_word' id='word_1_546' title='bbox 553 4448 615 4493; x_wconf 87' lang='lat' dir='ltr'><strong>ut</strong></span> <span class='ocrx_word' id='word_1_547' title='bbox 654 4437 789 4491; x_wconf 91' lang='lat' dir='ltr'><strong>muti</strong></span> <span class='ocrx_word' id='word_1_548' title='bbox 826 4452 1050 4505; x_wconf 87' lang='lat' dir='ltr'><strong>prorsus</strong></span> <span class='ocrx_word' id='word_1_549' title='bbox 1097 4437 1278 4506; x_wconf 89' lang='lat' dir='ltr'><strong>pisces</strong></span> <span class='ocrx_word' id='word_1_550' title='bbox 1313 4452 1434 4491; x_wconf 91' lang='lat' dir='ltr'><strong>esse</strong></span> <span class='ocrx_word' id='word_1_551' title='bbox 1464 4435 1802 4491; x_wconf 86' lang='lat' dir='ltr'><strong>viderentur.</strong></span> <span class='ocrx_word' id='word_1_552' title='bbox 1836 4435 1947 4489; x_wconf 82' lang='lat' dir='ltr'><strong>Re-</strong></span> 
     </span>
    </p>
   </div>
   <div class='ocr_carea' id='block_1_77' title="bbox 377 4526 1950 4606">
    <p class='ocr_par' dir='ltr' id='par_1_77' title="bbox 377 4526 1950 4606">
     <span class='ocr_line' id='line_1_77' title="bbox 377 4526 1950 4606; baseline -0.005 -18"><span class='ocrx_word' id='word_1_553' title='bbox 377 4549 499 4606; x_wconf 80' lang='lat' dir='ltr'><strong>gem</strong></span> <span class='ocrx_word' id='word_1_554' title='bbox 529 4546 662 4586; x_wconf 83' lang='lat' dir='ltr'><strong>vero</strong></span> <span class='ocrx_word' id='word_1_555' title='bbox 702 4528 854 4583; x_wconf 89' lang='lat' dir='ltr'><strong>hisce</strong></span> <span class='ocrx_word' id='word_1_556' title='bbox 881 4528 1347 4597; x_wconf 84' lang='lat' dir='ltr'><strong>disputationibus</strong></span> <span class='ocrx_word' id='word_1_557' title='bbox 1395 4528 1672 4582; x_wconf 90' lang='lat' dir='ltr'><strong>interdum</strong></span> <span class='ocrx_word' id='word_1_558' title='bbox 1713 4526 1767 4581; x_wconf 91' lang='lat' dir='ltr'><strong>in</strong></span> <span class='ocrx_word' id='word_1_559' title='bbox 1812 4527 1950 4580; x_wconf 89' lang='lat' dir='ltr'><strong>iram</strong></span> 
     </span>
    </p>
   </div>
   <div class='ocr_carea' id='block_1_78' title="bbox 379 4618 1955 4692">
    <p class='ocr_par' dir='ltr' id='par_1_78' title="bbox 379 4618 1955 4692">
     <span class='ocr_line' id='line_1_78' title="bbox 379 4618 1955 4692; baseline -0.005 -14"><span class='ocrx_word' id='word_1_560' title='bbox 379 4623 728 4692; x_wconf 78' lang='lat' dir='ltr'><strong>compulsum</strong></span> <span class='ocrx_word' id='word_1_561' title='bbox 762 4634 953 4672; x_wconf 90' lang='lat' dir='ltr'><strong>rursus</strong></span> <span class='ocrx_word' id='word_1_562' title='bbox 995 4618 1291 4671; x_wconf 84' lang='lat' dir='ltr'><strong>verborum</strong></span> <span class='ocrx_word' id='word_1_563' title='bbox 1331 4627 1617 4673; x_wconf 82' lang='lat' dir='ltr'><strong>venustate</strong></span> <span class='ocrx_word' id='word_1_564' title='bbox 1646 4628 1702 4673; x_wconf 90' lang='lat' dir='ltr'><strong>et</strong></span> <span class='ocrx_word' id='word_1_565' title='bbox 1758 4618 1955 4673; x_wconf 79' lang='lat' dir='ltr'><strong>irrefu-</strong></span> 
     </span>
    </p>
   </div>
   <div class='ocr_carea' id='block_1_79' title="bbox 383 4709 1953 4775">
    <p class='ocr_par' dir='ltr' id='par_1_79' title="bbox 383 4709 1953 4775">
     <span class='ocr_line' id='line_1_79' title="bbox 383 4709 1953 4775; baseline -0.004 -6"><span class='ocrx_word' id='word_1_566' title='bbox 383 4717 537 4771; x_wconf 85' lang='lat' dir='ltr'><strong>tabilt</strong></span> <span class='ocrx_word' id='word_1_567' title='bbox 566 4712 813 4767; x_wconf 86' lang='lat' dir='ltr'><strong>veritatis</strong></span> <span class='ocrx_word' id='word_1_568' title='bbox 851 4711 990 4765; x_wconf 79' lang='lat' dir='ltr'><strong>ﬂexu</strong></span> <span class='ocrx_word' id='word_1_569' title='bbox 1028 4718 1193 4775; x_wconf 89' lang='lat' dir='ltr'><strong>atque</strong></span> <span class='ocrx_word' id='word_1_570' title='bbox 1246 4709 1710 4765; x_wconf 88' lang='lat' dir='ltr'><strong>circumversione</strong></span> <span class='ocrx_word' id='word_1_571' title='bbox 1738 4710 1953 4764; x_wconf 85' lang='lat' dir='ltr'><strong>demul-</strong></span> 
     </span>
    </p>
   </div>
   <div class='ocr_carea' id='block_1_80' title="bbox 381 4800 1953 4873">
    <p class='ocr_par' dir='ltr' id='par_1_80' title="bbox 381 4800 1953 4873">
     <span class='ocr_line' id='line_1_80' title="bbox 381 4800 1953 4873; baseline -0.005 -8"><span class='ocrx_word' id='word_1_572' title='bbox 381 4810 561 4865; x_wconf 88' lang='lat' dir='ltr'><strong>cebat.</strong></span> <span class='ocrx_word' id='word_1_573' title='bbox 608 4807 723 4861; x_wconf 86' lang='lat' dir='ltr'><strong>Tali</strong></span> <span class='ocrx_word' id='word_1_574' title='bbox 775 4805 935 4873; x_wconf 80' lang='lat' dir='ltr'><strong>igitur</strong></span> <span class='ocrx_word' id='word_1_575' title='bbox 976 4801 1188 4855; x_wconf 79' lang='lat' dir='ltr'><strong>ralizme</strong></span> <span class='ocrx_word' id='word_1_576' title='bbox 1233 4801 1377 4871; x_wconf 81' lang='lat' dir='ltr'><strong>regis</strong></span> <span class='ocrx_word' id='word_1_577' title='bbox 1408 4800 1689 4856; x_wconf 84' lang='lat' dir='ltr'><strong>iracundia</strong></span> <span class='ocrx_word' id='word_1_578' title='bbox 1742 4802 1953 4871; x_wconf 87' lang='lat' dir='ltr'><strong>placide</strong></span> 
     </span>
    </p>
   </div>
   <div class='ocr_carea' id='block_1_81' title="bbox 383 4893 1950 4971">
    <p class='ocr_par' dir='ltr' id='par_1_81' title="bbox 383 4893 1950 4971">
     <span class='ocr_line' id='line_1_81' title="bbox 383 4893 1950 4971; baseline -0.007 -15"><span class='ocrx_word' id='word_1_579' title='bbox 383 4916 632 4971; x_wconf 79' lang='lat' dir='ltr'><strong>repressa</strong></span> <span class='ocrx_word' id='word_1_580' title='bbox 666 4899 730 4951; x_wconf 87' lang='lat' dir='ltr'><strong>ad</strong></span> <span class='ocrx_word' id='word_1_581' title='bbox 758 4896 1212 4965; x_wconf 87' lang='lat' dir='ltr'><strong>tranquillitatem</strong></span> <span class='ocrx_word' id='word_1_582' title='bbox 1244 4904 1298 4947; x_wconf 90' lang='lat' dir='ltr'><strong>et</strong></span> <span class='ocrx_word' id='word_1_583' title='bbox 1327 4893 1681 4947; x_wconf 88' lang='lat' dir='ltr'><strong>securitatem</strong></span> <span class='ocrx_word' id='word_1_584' title='bbox 1707 4894 1950 4945; x_wconf 88' lang='lat' dir='ltr'><strong>animum</strong></span> 
     </span>
    </p>
   </div>
   <div class='ocr_carea' id='block_1_82' title="bbox 382 4984 1953 5063">
    <p class='ocr_par' dir='ltr' id='par_1_82' title="bbox 382 4984 1953 5063">
     <span class='ocr_line' id='line_1_82' title="bbox 382 4984 1953 5063; baseline -0.007 -16"><span class='ocrx_word' id='word_1_585' title='bbox 382 4995 503 5063; x_wconf 87' lang='lat' dir='ltr'><strong>ejus</strong></span> <span class='ocrx_word' id='word_1_586' title='bbox 534 4991 796 5045; x_wconf 78' lang='lat' dir='ltr'><strong>traduxit.</strong></span> <span class='ocrx_word' id='word_1_587' title='bbox 834 4988 1022 5055; x_wconf 82' lang='lat' dir='ltr'><strong>Neque</strong></span> <span class='ocrx_word' id='word_1_588' title='bbox 1050 4997 1167 5040; x_wconf 88' lang='lat' dir='ltr'><strong>erat</strong></span> <span class='ocrx_word' id='word_1_589' title='bbox 1200 4986 1513 5053; x_wconf 88' lang='lat' dir='ltr'><strong>quisquam,</strong></span> <span class='ocrx_word' id='word_1_590' title='bbox 1550 4993 1607 5036; x_wconf 87' lang='lat' dir='ltr'><strong>ut</strong></span> <span class='ocrx_word' id='word_1_591' title='bbox 1630 4984 1815 5051; x_wconf 79' lang='lat' dir='ltr'><strong>paucis</strong></span> <span class='ocrx_word' id='word_1_592' title='bbox 1841 4998 1953 5037; x_wconf 87' lang='lat' dir='ltr'><strong>rem</strong></span> 
     </span>
    </p>
   </div>
   <div class='ocr_carea' id='block_1_83' title="bbox 382 5074 1955 5153">
    <p class='ocr_par' dir='ltr' id='par_1_83' title="bbox 382 5074 1955 5153">
     <span class='ocr_line' id='line_1_83' title="bbox 382 5074 1955 5153; baseline -0.008 -14"><span class='ocrx_word' id='word_1_593' title='bbox 382 5083 692 5153; x_wconf 78' lang='lat' dir='ltr'><strong>expediam,</strong></span> <span class='ocrx_word' id='word_1_594' title='bbox 725 5083 840 5135; x_wconf 89' lang='lat' dir='ltr'><strong>sive</strong></span> <span class='ocrx_word' id='word_1_595' title='bbox 896 5081 1096 5134; x_wconf 69' lang='lat' dir='ltr'><strong>Graeca:</strong></span> <span class='ocrx_word' id='word_1_596' title='bbox 1144 5076 1410 5132; x_wconf 75' lang='lat' dir='ltr'><strong>doctrina:</strong></span> <span class='ocrx_word' id='word_1_597' title='bbox 1465 5075 1608 5129; x_wconf 90' lang='lat' dir='ltr'><strong>haud</strong></span> <span class='ocrx_word' id='word_1_598' title='bbox 1668 5074 1955 5142; x_wconf 79' lang='lat' dir='ltr'><strong>imperitus</strong></span> 
     </span>
    </p>
   </div>
   <div class='ocr_carea' id='block_1_84' title="bbox 383 5166 1951 5242">
    <p class='ocr_par' dir='ltr' id='par_1_84' title="bbox 383 5166 1951 5242">
     <span class='ocr_line' id='line_1_84' title="bbox 383 5166 1951 5242; baseline -0.009 -13"><span class='ocrx_word' id='word_1_599' title='bbox 383 5176 499 5229; x_wconf 90' lang='lat' dir='ltr'><strong>sive</strong></span> <span class='ocrx_word' id='word_1_600' title='bbox 530 5172 883 5242; x_wconf 65' lang='lat' dir='ltr'><strong>philosolihiaz</strong></span> <span class='ocrx_word' id='word_1_601' title='bbox 915 5170 1121 5222; x_wconf 74' lang='lat' dir='ltr'><strong>Latium</strong></span> <span class='ocrx_word' id='word_1_602' title='bbox 1155 5166 1381 5220; x_wconf 90' lang='lat' dir='ltr'><strong>omnino</strong></span> <span class='ocrx_word' id='word_1_603' title='bbox 1439 5181 1547 5218; x_wconf 93' lang='lat' dir='ltr'><strong>non</strong></span> <span class='ocrx_word' id='word_1_604' title='bbox 1584 5178 1780 5232; x_wconf 81' lang='lat' dir='ltr'><strong>expers</strong></span> <span class='ocrx_word' id='word_1_605' title='bbox 1812 5170 1951 5225; x_wconf 87' lang='lat' dir='ltr'><strong>erat,</strong></span> 
     </span>
    </p>
   </div>
   <div class='ocr_carea' id='block_1_85' title="bbox 381 5254 1953 5336">
    <p class='ocr_par' dir='ltr' id='par_1_85' title="bbox 381 5254 1953 5336">
     <span class='ocr_line' id='line_1_85' title="bbox 381 5254 1953 5336; baseline -0.008 -17"><span class='ocrx_word' id='word_1_606' title='bbox 381 5266 513 5336; x_wconf 90' lang='lat' dir='ltr'><strong>quin</strong></span> <span class='ocrx_word' id='word_1_607' title='bbox 547 5264 597 5319; x_wconf 89' lang='lat' dir='ltr'><strong>ei</strong></span> <span class='ocrx_word' id='word_1_608' title='bbox 634 5271 691 5317; x_wconf 89' lang='lat' dir='ltr'><strong>ut</strong></span> <span class='ocrx_word' id='word_1_609' title='bbox 723 5263 778 5316; x_wconf 85' lang='lat' dir='ltr'><strong>in</strong></span> <span class='ocrx_word' id='word_1_610' title='bbox 829 5261 1079 5330; x_wconf 89' lang='lat' dir='ltr'><strong>quolibet</strong></span> <span class='ocrx_word' id='word_1_611' title='bbox 1124 5261 1285 5313; x_wconf 88' lang='lat' dir='ltr'><strong>docto</strong></span> <span class='ocrx_word' id='word_1_612' title='bbox 1316 5256 1617 5311; x_wconf 83' lang='lat' dir='ltr'><strong>certamine</strong></span> <span class='ocrx_word' id='word_1_613' title='bbox 1658 5254 1828 5309; x_wconf 89' lang='lat' dir='ltr'><strong>multo</strong></span> <span class='ocrx_word' id='word_1_614' title='bbox 1854 5254 1953 5308; x_wconf 91' lang='lat' dir='ltr'><strong>ad-</strong></span> 
     </span>
    </p>
   </div>
   <div class='ocr_carea' id='block_1_86' title="bbox 384 5346 1956 5423">
    <p class='ocr_par' dir='ltr' id='par_1_86' title="bbox 384 5346 1956 5423">
     <span class='ocr_line' id='line_1_86' title="bbox 384 5346 1956 5423; baseline -0.006 -14"><span class='ocrx_word' id='word_1_615' title='bbox 384 5356 642 5413; x_wconf 79' lang='lat' dir='ltr'><strong>versariis</strong></span> <span class='ocrx_word' id='word_1_616' title='bbox 694 5352 960 5423; x_wconf 89' lang='lat' dir='ltr'><strong>superiori</strong></span> <span class='ocrx_word' id='word_1_617' title='bbox 1013 5353 1243 5422; x_wconf 84' lang='lat' dir='ltr'><strong>palmam</strong></span> <span class='ocrx_word' id='word_1_618' title='bbox 1293 5350 1467 5403; x_wconf 90' lang='lat' dir='ltr'><strong>daret.</strong></span> <span class='ocrx_word' id='word_1_619' title='bbox 1521 5348 1693 5417; x_wconf 76' lang='lat' dir='ltr'><strong>Hujus</strong></span> <span class='ocrx_word' id='word_1_620' title='bbox 1726 5347 1828 5400; x_wconf 88' lang='lat' dir='ltr'><strong>viri</strong></span> <span class='ocrx_word' id='word_1_621' title='bbox 1879 5346 1956 5400; x_wconf 81' lang='lat' dir='ltr'><strong>fa-</strong></span> 
     </span>
    </p>
   </div>
   <div class='ocr_carea' id='block_1_87' title="bbox 387 5438 1951 5516">
    <p class='ocr_par' dir='ltr' id='par_1_87' title="bbox 387 5438 1951 5516">
     <span class='ocr_line' id='line_1_87' title="bbox 387 5438 1951 5516; baseline -0.005 -19"><span class='ocrx_word' id='word_1_622' title='bbox 387 5462 525 5499; x_wconf 81' lang='lat' dir='ltr'><strong>mam</strong></span> <span class='ocrx_word' id='word_1_623' title='bbox 566 5442 821 5515; x_wconf 86' lang='lat' dir='ltr'><strong>equidem</strong></span> <span class='ocrx_word' id='word_1_624' title='bbox 881 5443 1069 5503; x_wconf 90' lang='lat' dir='ltr'><strong>etiam,</strong></span> <span class='ocrx_word' id='word_1_625' title='bbox 1101 5450 1395 5516; x_wconf 70' lang='lat' dir='ltr'><strong>antequam</strong></span> <span class='ocrx_word' id='word_1_626' title='bbox 1433 5438 1561 5493; x_wconf 83' lang='lat' dir='ltr'><strong>hinc</strong></span> <span class='ocrx_word' id='word_1_627' title='bbox 1616 5438 1951 5507; x_wconf 83' lang='lat' dir='ltr'><strong>navigarem,</strong></span> 
     </span>
    </p>
   </div>
   <div class='ocr_carea' id='block_1_88' title="bbox 385 5531 1955 5606">
    <p class='ocr_par' dir='ltr' id='par_1_88' title="bbox 385 5531 1955 5606">
     <span class='ocr_line' id='line_1_88' title="bbox 385 5531 1955 5606; baseline -0.004 -19"><span class='ocrx_word' id='word_1_628' title='bbox 385 5553 722 5606; x_wconf 59' lang='lat' dir='ltr'><strong>aicepcratn,</strong></span> <span class='ocrx_word' id='word_1_629' title='bbox 771 5551 893 5587; x_wconf 90' lang='lat' dir='ltr'><strong>cum</strong></span> <span class='ocrx_word' id='word_1_630' title='bbox 936 5549 1046 5587; x_wconf 91' lang='lat' dir='ltr'><strong>non</strong></span> <span class='ocrx_word' id='word_1_631' title='bbox 1089 5533 1265 5587; x_wconf 85' lang='lat' dir='ltr'><strong>solum</strong></span> <span class='ocrx_word' id='word_1_632' title='bbox 1305 5534 1517 5586; x_wconf 74' lang='lat' dir='ltr'><strong>litteras</strong></span> <span class='ocrx_word' id='word_1_633' title='bbox 1564 5547 1707 5599; x_wconf 75' lang='lat' dir='ltr'><strong>szepe</strong></span> <span class='ocrx_word' id='word_1_634' title='bbox 1744 5531 1955 5583; x_wconf 88' lang='lat' dir='ltr'><strong>lectita-</strong></span> 
     </span>
    </p>
   </div>
   <div class='ocr_carea' id='block_1_89' title="bbox 388 5622 1953 5694">
    <p class='ocr_par' dir='ltr' id='par_1_89' title="bbox 388 5622 1953 5694">
     <span class='ocr_line' id='line_1_89' title="bbox 388 5622 1953 5694; baseline -0.003 -18"><span class='ocrx_word' id='word_1_635' title='bbox 388 5641 546 5689; x_wconf 85' lang='lat' dir='ltr'><strong>rem,</strong></span> <span class='ocrx_word' id='word_1_636' title='bbox 587 5628 786 5694; x_wconf 84' lang='lat' dir='ltr'><strong>quibus</strong></span> <span class='ocrx_word' id='word_1_637' title='bbox 842 5625 949 5679; x_wconf 84' lang='lat' dir='ltr'><strong>tuis</strong></span> <span class='ocrx_word' id='word_1_638' title='bbox 1006 5624 1204 5678; x_wconf 83' lang='lat' dir='ltr'><strong>litteris</strong></span> <span class='ocrx_word' id='word_1_639' title='bbox 1247 5633 1301 5677; x_wconf 82' lang='lat' dir='ltr'><strong>et</strong></span> <span class='ocrx_word' id='word_1_640' title='bbox 1354 5624 1536 5677; x_wconf 80' lang='lat' dir='ltr'><strong>oliicio</strong></span> <span class='ocrx_word' id='word_1_641' title='bbox 1583 5622 1836 5675; x_wconf 66' lang='lat' dir='ltr'><strong>amicitia:</strong></span> <span class='ocrx_word' id='word_1_642' title='bbox 1869 5638 1953 5673; x_wconf 88' lang='lat' dir='ltr'><strong>re-</strong></span> 
     </span>
    </p>
   </div>
   <div class='ocr_carea' id='block_1_90' title="bbox 394 5710 1947 5786">
    <p class='ocr_par' dir='ltr' id='par_1_90' title="bbox 394 5710 1947 5786">
     <span class='ocr_line' id='line_1_90' title="bbox 394 5710 1947 5786; baseline -0.003 -15"><span class='ocrx_word' id='word_1_643' title='bbox 394 5710 717 5786; x_wconf 58' lang='lat' dir='ltr'><strong>spondebat,</strong></span> <span class='ocrx_word' id='word_1_644' title='bbox 767 5718 860 5772; x_wconf 85' lang='lat' dir='ltr'><strong>sed</strong></span> <span class='ocrx_word' id='word_1_645' title='bbox 907 5719 1072 5773; x_wconf 82' lang='lat' dir='ltr'><strong>etiam</strong></span> <span class='ocrx_word' id='word_1_646' title='bbox 1121 5730 1247 5770; x_wconf 89' lang='lat' dir='ltr'><strong>cum</strong></span> <span class='ocrx_word' id='word_1_647' title='bbox 1306 5715 1494 5769; x_wconf 85' lang='lat' dir='ltr'><strong>laudes</strong></span> <span class='ocrx_word' id='word_1_648' title='bbox 1543 5716 1658 5783; x_wconf 81' lang='lat' dir='ltr'><strong>ejus</strong></span> <span class='ocrx_word' id='word_1_649' title='bbox 1705 5728 1947 5767; x_wconf 86' lang='lat' dir='ltr'><strong>summas</strong></span> 
     </span>
    </p>
   </div>
   <div class='ocr_carea' id='block_1_91' title="bbox 2049 3164 3617 3241">
    <p class='ocr_par' dir='ltr' id='par_1_91' title="bbox 2049 3164 3617 3241">
     <span class='ocr_line' id='line_1_91' title="bbox 2049 3164 3617 3241; baseline -0.006 -17"><span class='ocrx_word' id='word_1_650' title='bbox 2049 3169 2368 3241; x_wconf 87' lang='grc' dir='ltr'>φιλοσοφίας</span> <span class='ocrx_word' id='word_1_651' title='bbox 2399 3172 2427 3223; x_wconf 85' lang='grc' dir='ltr'>ὁ</span> <span class='ocrx_word' id='word_1_652' title='bbox 2452 3170 2572 3239; x_wconf 79' lang='grc' dir='ltr'><strong>ρὴξ,</strong></span> <span class='ocrx_word' id='word_1_653' title='bbox 2603 3170 2695 3221; x_wconf 84' lang='grc' dir='ltr'>καὶ</span> <span class='ocrx_word' id='word_1_654' title='bbox 2720 3168 2789 3221; x_wconf 87' lang='grc' dir='ltr'><strong>δι’</strong></span> <span class='ocrx_word' id='word_1_655' title='bbox 2816 3166 2950 3222; x_wconf 74' lang='grc' dir='ltr'>αὐτό</span> <span class='ocrx_word' id='word_1_656' title='bbox 2975 3184 3038 3233; x_wconf 93' lang='grc' dir='ltr'><strong>γε</strong></span> <span class='ocrx_word' id='word_1_657' title='bbox 3067 3166 3219 3220; x_wconf 70' lang='grc' dir='ltr'>τουτὶ</span> <span class='ocrx_word' id='word_1_658' title='bbox 3251 3165 3479 3227; x_wconf 81' lang='grc' dir='ltr'>πολλοὺς</span> <span class='ocrx_word' id='word_1_659' title='bbox 3517 3164 3617 3233; x_wconf 84' lang='grc' dir='ltr'>μὲν</span> 
     </span>
    </p>
   </div>
   <div class='ocr_carea' id='block_1_92' title="bbox 2048 3254 3619 3334">
    <p class='ocr_par' dir='ltr' id='par_1_92' title="bbox 2048 3254 3619 3334">
     <span class='ocr_line' id='line_1_92' title="bbox 2048 3254 3619 3334; baseline -0.007 -16"><span class='ocrx_word' id='word_1_660' title='bbox 2048 3264 2187 3334; x_wconf 81' lang='grc' dir='ltr'>ἀμφ’</span> <span class='ocrx_word' id='word_1_661' title='bbox 2216 3262 2377 3316; x_wconf 76' lang='grc' dir='ltr'>αὐτὸν</span> <span class='ocrx_word' id='word_1_662' title='bbox 2422 3262 2549 3324; x_wconf 74' lang='grc' dir='ltr'>τοὺς</span> <span class='ocrx_word' id='word_1_663' title='bbox 2585 3258 2834 3313; x_wconf 80' lang='grc' dir='ltr'>Λατίνων</span> <span class='ocrx_word' id='word_1_664' title='bbox 2876 3256 2991 3329; x_wconf 74' lang='grc' dir='ltr'>εἶχε</span> <span class='ocrx_word' id='word_1_665' title='bbox 3030 3257 3228 3325; x_wconf 69' lang='grc' dir='ltr'>σοφοὺς</span> <span class='ocrx_word' id='word_1_666' title='bbox 3268 3258 3377 3319; x_wconf 79' lang='grc' dir='ltr'>ἀεὶ,</span> <span class='ocrx_word' id='word_1_667' title='bbox 3413 3257 3521 3327; x_wconf 72' lang='grc' dir='ltr'>ἤρα</span> <span class='ocrx_word' id='word_1_668' title='bbox 3562 3254 3619 3307; x_wconf 78' lang='grc' dir='ltr'>δὲ</span> 
     </span>
    </p>
   </div>
   <div class='ocr_carea' id='block_1_93' title="bbox 2052 3346 3620 3428">
    <p class='ocr_par' dir='ltr' id='par_1_93' title="bbox 2052 3346 3620 3428">
     <span class='ocr_line' id='line_1_93' title="bbox 2052 3346 3620 3428; baseline -0.01 -17"><span class='ocrx_word' id='word_1_669' title='bbox 2052 3356 2255 3428; x_wconf 84' lang='grc' dir='ltr'>μᾶλλον</span> <span class='ocrx_word' id='word_1_670' title='bbox 2307 3354 2409 3425; x_wconf 81' lang='grc' dir='ltr'>τῆς</span> <span class='ocrx_word' id='word_1_671' title='bbox 2453 3351 2732 3420; x_wconf 86' lang='grc' dir='ltr'>Γεωργίου</span> <span class='ocrx_word' id='word_1_672' title='bbox 2787 3349 2993 3420; x_wconf 87' lang='grc' dir='ltr'>μούσης</span> <span class='ocrx_word' id='word_1_673' title='bbox 3027 3350 3120 3403; x_wconf 74' lang='grc' dir='ltr'>καὶ</span> <span class='ocrx_word' id='word_1_674' title='bbox 3168 3346 3383 3417; x_wconf 84' lang='grc' dir='ltr'>ὁμιλίας</span> <span class='ocrx_word' id='word_1_675' title='bbox 3409 3362 3423 3377; x_wconf 90' lang='grc'><strong>·</strong></span> <span class='ocrx_word' id='word_1_676' title='bbox 3455 3346 3620 3413; x_wconf 70' lang='grc' dir='ltr'>Σοφοὶ</span> 
     </span>
    </p>
   </div>
   <div class='ocr_carea' id='block_1_94' title="bbox 2050 3433 3619 3518">
    <p class='ocr_par' dir='ltr' id='par_1_94' title="bbox 2050 3433 3619 3518">
     <span class='ocr_line' id='line_1_94' title="bbox 2050 3433 3619 3518; baseline -0.008 -18"><span class='ocrx_word' id='word_1_677' title='bbox 2050 3434 2179 3517; x_wconf 80' lang='grc' dir='ltr'>γὰρ,</span> <span class='ocrx_word' id='word_1_678' title='bbox 2231 3447 2386 3517; x_wconf 75' lang='grc' dir='ltr'>φησὶ,</span> <span class='ocrx_word' id='word_1_679' title='bbox 2444 3445 2700 3518; x_wconf 88' lang='grc' dir='ltr'>τύραννοι</span> <span class='ocrx_word' id='word_1_680' title='bbox 2756 3442 2938 3510; x_wconf 81' lang='grc' dir='ltr'>σοφῶν</span> <span class='ocrx_word' id='word_1_681' title='bbox 2989 3440 3266 3510; x_wconf 73' lang='grc' dir='ltr'>συνουσία.</span> <span class='ocrx_word' id='word_1_682' title='bbox 3306 3438 3485 3508; x_wconf 85' lang='grc' dir='ltr'>’Έχων</span> <span class='ocrx_word' id='word_1_683' title='bbox 3524 3433 3619 3488; x_wconf 85' lang='grc' dir='ltr'>οὖν</span> 
     </span>
    </p>
   </div>
   <div class='ocr_carea' id='block_1_95' title="bbox 2048 3530 3621 3607">
    <p class='ocr_par' dir='ltr' id='par_1_95' title="bbox 2048 3530 3621 3607">
     <span class='ocr_line' id='line_1_95' title="bbox 2048 3530 3621 3607; baseline -0.01 -12"><span class='ocrx_word' id='word_1_684' title='bbox 2048 3540 2209 3595; x_wconf 81' lang='grc' dir='ltr'>αὐτὸν</span> <span class='ocrx_word' id='word_1_685' title='bbox 2253 3538 2397 3607; x_wconf 74' lang='grc' dir='ltr'>ἔχειν</span> <span class='ocrx_word' id='word_1_686' title='bbox 2460 3536 2752 3589; x_wconf 74' lang='grc' dir='ltr'>ἐπέπειστο</span> <span class='ocrx_word' id='word_1_687' title='bbox 2812 3533 2907 3585; x_wconf 78' lang='grc' dir='ltr'>καὶ</span> <span class='ocrx_word' id='word_1_688' title='bbox 2964 3532 3159 3598; x_wconf 79' lang='grc' dir='ltr'>σοφίαν</span> <span class='ocrx_word' id='word_1_689' title='bbox 3211 3530 3357 3583; x_wconf 74' lang='grc' dir='ltr'>κατὰ</span> <span class='ocrx_word' id='word_1_690' title='bbox 3415 3530 3621 3582; x_wconf 82' lang='grc' dir='ltr'>ταυτὸν</span> 
     </span>
    </p>
   </div>
   <div class='ocr_carea' id='block_1_96' title="bbox 2050 3618 3616 3701">
    <p class='ocr_par' dir='ltr' id='par_1_96' title="bbox 2050 3618 3616 3701">
     <span class='ocr_line' id='line_1_96' title="bbox 2050 3618 3616 3701; baseline -0.01 -15"><span class='ocrx_word' id='word_1_691' title='bbox 2050 3632 2340 3701; x_wconf 79' lang='grc' dir='ltr'>ἑκατέραν,</span> <span class='ocrx_word' id='word_1_692' title='bbox 2387 3628 2486 3697; x_wconf 84' lang='grc' dir='ltr'>τήν</span> <span class='ocrx_word' id='word_1_693' title='bbox 2535 3644 2595 3678; x_wconf 90' lang='grc' dir='ltr'><strong>τε</strong></span> <span class='ocrx_word' id='word_1_694' title='bbox 2663 3624 2934 3693; x_wconf 80' lang='grc' dir='ltr'>Ἑλλήνων</span> <span class='ocrx_word' id='word_1_695' title='bbox 2994 3623 3135 3691; x_wconf 71' lang='grc' dir='ltr'>φημὶ</span> <span class='ocrx_word' id='word_1_696' title='bbox 3188 3623 3282 3675; x_wconf 75' lang='grc' dir='ltr'>καὶ</span> <span class='ocrx_word' id='word_1_697' title='bbox 3337 3618 3616 3674; x_wconf 79' lang='grc' dir='ltr'>Λατίνων·</span> 
     </span>
    </p>
   </div>
   <div class='ocr_carea' id='block_1_97' title="bbox 2050 3711 3624 3791">
    <p class='ocr_par' dir='ltr' id='par_1_97' title="bbox 2050 3711 3624 3791">
     <span class='ocr_line' id='line_1_97' title="bbox 2050 3711 3624 3791; baseline -0.011 -13"><span class='ocrx_word' id='word_1_698' title='bbox 2050 3724 2225 3789; x_wconf 76' lang='grc' dir='ltr'>δεξιὸς</span> <span class='ocrx_word' id='word_1_699' title='bbox 2250 3721 2359 3791; x_wconf 83' lang='grc' dir='ltr'><strong>γὰρ</strong></span> <span class='ocrx_word' id='word_1_700' title='bbox 2402 3723 2461 3773; x_wconf 85' lang='grc' dir='ltr'>ὲν</span> <span class='ocrx_word' id='word_1_701' title='bbox 2489 3721 2600 3780; x_wconf 88' lang='grc' dir='ltr'>τοῖς</span> <span class='ocrx_word' id='word_1_702' title='bbox 2633 3724 2869 3786; x_wconf 69' lang='grc' dir='ltr'>μάλιστα</span> <span class='ocrx_word' id='word_1_703' title='bbox 2917 3715 3011 3767; x_wconf 75' lang='grc' dir='ltr'>καὶ</span> <span class='ocrx_word' id='word_1_704' title='bbox 3062 3714 3183 3766; x_wconf 82' lang='grc' dir='ltr'>καθ’</span> <span class='ocrx_word' id='word_1_705' title='bbox 3235 3711 3503 3780; x_wconf 80' lang='grc' dir='ltr'>ἑκατέραν</span> <span class='ocrx_word' id='word_1_706' title='bbox 3535 3726 3624 3762; x_wconf 88' lang='grc' dir='ltr'>σο-</span> 
     </span>
    </p>
   </div>
   <div class='ocr_carea' id='block_1_98' title="bbox 2052 3800 3621 3887">
    <p class='ocr_par' dir='ltr' id='par_1_98' title="bbox 2052 3800 3621 3887">
     <span class='ocr_line' id='line_1_98' title="bbox 2052 3800 3621 3887; baseline -0.013 -16"><span class='ocrx_word' id='word_1_707' title='bbox 2052 3818 2183 3887; x_wconf 85' lang='grc' dir='ltr'>φίαν</span> <span class='ocrx_word' id='word_1_708' title='bbox 2217 3815 2312 3869; x_wconf 79' lang='grc' dir='ltr'>καὶ</span> <span class='ocrx_word' id='word_1_709' title='bbox 2361 3811 2606 3882; x_wconf 84' lang='grc' dir='ltr'>γλῶτταν</span> <span class='ocrx_word' id='word_1_710' title='bbox 2646 3810 2674 3861; x_wconf 84' lang='grc' dir='ltr'>ὁ</span> <span class='ocrx_word' id='word_1_711' title='bbox 2728 3806 3003 3877; x_wconf 85' lang='grc' dir='ltr'>Γεώργιος</span> <span class='ocrx_word' id='word_1_712' title='bbox 3053 3801 3145 3875; x_wconf 77' lang='grc' dir='ltr'>ἦν.</span> <span class='ocrx_word' id='word_1_713' title='bbox 3172 3805 3356 3873; x_wconf 82' lang='grc' dir='ltr'>Ταύτῃ</span> <span class='ocrx_word' id='word_1_714' title='bbox 3399 3819 3482 3855; x_wconf 88' lang='grc' dir='ltr'><strong>τοι</strong></span> <span class='ocrx_word' id='word_1_715' title='bbox 3528 3800 3621 3854; x_wconf 74' lang='grc' dir='ltr'>καὶ</span> 
     </span>
    </p>
   </div>
   <div class='ocr_carea' id='block_1_99' title="bbox 2052 3891 3620 3980">
    <p class='ocr_par' dir='ltr' id='par_1_99' title="bbox 2052 3891 3620 3980">
     <span class='ocr_line' id='line_1_99' title="bbox 2052 3891 3620 3980; baseline -0.013 -18"><span class='ocrx_word' id='word_1_716' title='bbox 2052 3910 2220 3980; x_wconf 81' lang='grc' dir='ltr'>ἡδέως</span> <span class='ocrx_word' id='word_1_717' title='bbox 2250 3904 2414 3960; x_wconf 76' lang='grc' dir='ltr'>αὐτοῦ</span> <span class='ocrx_word' id='word_1_718' title='bbox 2444 3904 2647 3974; x_wconf 71' lang='grc' dir='ltr'>ἢκουσε</span> <span class='ocrx_word' id='word_1_719' title='bbox 2692 3897 3081 3966; x_wconf 85' lang='grc' dir='ltr'>διαλεγομένου</span> <span class='ocrx_word' id='word_1_720' title='bbox 3114 3893 3285 3964; x_wconf 80' lang='grc' dir='ltr'>συχνὰ</span> <span class='ocrx_word' id='word_1_721' title='bbox 3311 3894 3424 3953; x_wconf 83' lang='grc' dir='ltr'>τοῖς</span> <span class='ocrx_word' id='word_1_722' title='bbox 3453 3891 3620 3945; x_wconf 87' lang='grc' dir='ltr'>Λατί-</span> 
     </span>
    </p>
   </div>
   <div class='ocr_carea' id='block_1_100' title="bbox 2051 3982 3624 4067">
    <p class='ocr_par' dir='ltr' id='par_1_100' title="bbox 2051 3982 3624 4067">
     <span class='ocr_line' id='line_1_100' title="bbox 2051 3982 3624 4067; baseline -0.013 -12"><span class='ocrx_word' id='word_1_723' title='bbox 2051 4017 2157 4056; x_wconf 87' lang='grc' dir='ltr'><strong>νων</strong></span> <span class='ocrx_word' id='word_1_724' title='bbox 2188 4000 2374 4067; x_wconf 80' lang='grc' dir='ltr'>σοφοῖς</span> <span class='ocrx_word' id='word_1_725' title='bbox 2424 3997 2510 4049; x_wconf 77' lang='grc' dir='ltr'><strong>ὲπ’</strong></span> <span class='ocrx_word' id='word_1_726' title='bbox 2556 3991 2745 4057; x_wconf 81' lang='grc' dir='ltr'>αὐτοῦ,</span> <span class='ocrx_word' id='word_1_727' title='bbox 2789 3990 2887 4042; x_wconf 77' lang='grc' dir='ltr'>καὶ</span> <span class='ocrx_word' id='word_1_728' title='bbox 2934 3991 3046 4053; x_wconf 87' lang='grc' dir='ltr'>τοῖς</span> <span class='ocrx_word' id='word_1_729' title='bbox 3088 3987 3196 4041; x_wconf 88' lang='grc' dir='ltr'><strong>τῶν</strong></span> <span class='ocrx_word' id='word_1_730' title='bbox 3248 3982 3624 4053; x_wconf 90' lang='grc' dir='ltr'>συλλογισμῶν</span> 
     </span>
    </p>
   </div>
   <div class='ocr_carea' id='block_1_101' title="bbox 2052 4075 3623 4156">
    <p class='ocr_par' dir='ltr' id='par_1_101' title="bbox 2052 4075 3623 4156">
     <span class='ocr_line' id='line_1_101' title="bbox 2052 4075 3623 4156; baseline -0.011 -13"><span class='ocrx_word' id='word_1_731' title='bbox 2052 4088 2449 4150; x_wconf 80' lang='grc' dir='ltr'>ἀποδεικτικοῖς</span> <span class='ocrx_word' id='word_1_732' title='bbox 2487 4084 2699 4156; x_wconf 86' lang='grc' dir='ltr'>βέλεσιν</span> <span class='ocrx_word' id='word_1_733' title='bbox 2743 4085 2799 4146; x_wconf 79' lang='grc' dir='ltr'>ὲς</span> <span class='ocrx_word' id='word_1_734' title='bbox 2838 4080 2908 4133; x_wconf 83' lang='grc' dir='ltr'><strong>τὰ</strong></span> <span class='ocrx_word' id='word_1_735' title='bbox 2943 4079 3210 4148; x_wconf 85' lang='grc' dir='ltr'>κράτιστα</span> <span class='ocrx_word' id='word_1_736' title='bbox 3247 4075 3531 4137; x_wconf 81' lang='grc' dir='ltr'>Βάλλοντός</span> <span class='ocrx_word' id='word_1_737' title='bbox 3564 4090 3623 4125; x_wconf 83' lang='grc' dir='ltr'><strong>τε</strong></span> 
     </span>
    </p>
   </div>
   <div class='ocr_carea' id='block_1_102' title="bbox 2053 4165 3621 4242">
    <p class='ocr_par' dir='ltr' id='par_1_102' title="bbox 2053 4165 3621 4242">
     <span class='ocr_line' id='line_1_102' title="bbox 2053 4165 3621 4242; baseline -0.012 -8"><span class='ocrx_word' id='word_1_738' title='bbox 2053 4182 2147 4234; x_wconf 72' lang='grc' dir='ltr'>καὶ</span> <span class='ocrx_word' id='word_1_739' title='bbox 2190 4180 2453 4241; x_wconf 86' lang='grc' dir='ltr'>νικῶντος</span> <span class='ocrx_word' id='word_1_740' title='bbox 2493 4176 2712 4240; x_wconf 70' lang='grc' dir='ltr'>αὐτοὺς,</span> <span class='ocrx_word' id='word_1_741' title='bbox 2743 4174 2837 4226; x_wconf 76' lang='grc' dir='ltr'>καὶ</span> <span class='ocrx_word' id='word_1_742' title='bbox 2870 4170 3084 4242; x_wconf 77' lang='grc' dir='ltr'>μάλισθ’</span> <span class='ocrx_word' id='word_1_743' title='bbox 3118 4170 3208 4223; x_wconf 83' lang='grc' dir='ltr'><strong>ὅτι</strong></span> <span class='ocrx_word' id='word_1_744' title='bbox 3250 4166 3383 4235; x_wconf 78' lang='grc' dir='ltr'>περὶ</span> <span class='ocrx_word' id='word_1_745' title='bbox 3418 4165 3621 4234; x_wconf 53' lang='lat' dir='ltr'><strong>50nd-</strong></span> 
     </span>
    </p>
   </div>
   <div class='ocr_carea' id='block_1_103' title="bbox 2057 4257 3625 4338">
    <p class='ocr_par' dir='ltr' id='par_1_103' title="bbox 2057 4257 3625 4338">
     <span class='ocr_line' id='line_1_103' title="bbox 2057 4257 3625 4338; baseline -0.011 -12"><span class='ocrx_word' id='word_1_746' title='bbox 2057 4289 2163 4325; x_wconf 84' lang='grc' dir='ltr'><strong>των</strong></span> <span class='ocrx_word' id='word_1_747' title='bbox 2188 4271 2433 4338; x_wconf 86' lang='grc' dir='ltr'>πατρίων</span> <span class='ocrx_word' id='word_1_748' title='bbox 2464 4268 2566 4336; x_wconf 84' lang='grc' dir='ltr'>τῆς</span> <span class='ocrx_word' id='word_1_749' title='bbox 2601 4265 2898 4336; x_wconf 82' lang='grc' dir='ltr'>θρησκείας</span> <span class='ocrx_word' id='word_1_750' title='bbox 2944 4259 3012 4333; x_wconf 82' lang='grc' dir='ltr'>ἦν</span> <span class='ocrx_word' id='word_1_751' title='bbox 3040 4264 3068 4314; x_wconf 88' lang='grc' dir='ltr'><strong>ό</strong></span> <span class='ocrx_word' id='word_1_752' title='bbox 3100 4260 3246 4328; x_wconf 78' lang='grc' dir='ltr'>ἁγών</span> <span class='ocrx_word' id='word_1_753' title='bbox 3269 4275 3286 4291; x_wconf 77' lang='grc' dir='ltr'><strong>ο</strong></span> <span class='ocrx_word' id='word_1_754' title='bbox 3324 4257 3625 4327; x_wconf 88' lang='grc' dir='ltr'>τηνικαῦτα</span> 
     </span>
    </p>
   </div>
   <div class='ocr_carea' id='block_1_104' title="bbox 2053 4349 3625 4433">
    <p class='ocr_par' dir='ltr' id='par_1_104' title="bbox 2053 4349 3625 4433">
     <span class='ocr_line' id='line_1_104' title="bbox 2053 4349 3625 4433; baseline -0.011 -15"><span class='ocrx_word' id='word_1_755' title='bbox 2053 4364 2161 4433; x_wconf 80' lang='grc' dir='ltr'><strong>γὰρ</strong></span> <span class='ocrx_word' id='word_1_756' title='bbox 2215 4362 2380 4424; x_wconf 79' lang='grc' dir='ltr'>πολὺς</span> <span class='ocrx_word' id='word_1_757' title='bbox 2435 4360 2577 4413; x_wconf 82' lang='grc' dir='ltr'>κατὰ</span> <span class='ocrx_word' id='word_1_758' title='bbox 2636 4358 2784 4425; x_wconf 79' lang='grc' dir='ltr'>σφῶν</span> <span class='ocrx_word' id='word_1_759' title='bbox 2830 4357 2951 4415; x_wconf 86' lang='grc' dir='ltr'>ταῖς</span> <span class='ocrx_word' id='word_1_760' title='bbox 3011 4354 3116 4408; x_wconf 88' lang='grc' dir='ltr'><strong>τῶν</strong></span> <span class='ocrx_word' id='word_1_761' title='bbox 3169 4353 3331 4407; x_wconf 87' lang='grc' dir='ltr'>θείων</span> <span class='ocrx_word' id='word_1_762' title='bbox 3387 4349 3625 4420; x_wconf 88' lang='grc' dir='ltr'>Γραφῶν</span> 
     </span>
    </p>
   </div>
   <div class='ocr_carea' id='block_1_105' title="bbox 2055 4442 3623 4520">
    <p class='ocr_par' dir='ltr' id='par_1_105' title="bbox 2055 4442 3623 4520">
     <span class='ocr_line' id='line_1_105' title="bbox 2055 4442 3623 4520; baseline -0.01 -13"><span class='ocrx_word' id='word_1_763' title='bbox 2055 4450 2362 4514; x_wconf 78' lang='grc' dir='ltr'>ἀποδείξεσι</span> <span class='ocrx_word' id='word_1_764' title='bbox 2416 4449 2552 4520; x_wconf 79' lang='grc' dir='ltr'>ῥέων</span> <span class='ocrx_word' id='word_1_765' title='bbox 2584 4446 2774 4516; x_wconf 78' lang='grc' dir='ltr'>ἰχθύας</span> <span class='ocrx_word' id='word_1_766' title='bbox 2812 4444 3060 4511; x_wconf 79' lang='grc' dir='ltr'>ἀφώνους</span> <span class='ocrx_word' id='word_1_767' title='bbox 3088 4443 3351 4512; x_wconf 75' lang='grc' dir='ltr'>ἄντικρυς</span> <span class='ocrx_word' id='word_1_768' title='bbox 3379 4442 3623 4508; x_wconf 77' lang='grc' dir='ltr'>ἔφαινεν.</span> 
     </span>
    </p>
   </div>
   <div class='ocr_carea' id='block_1_106' title="bbox 2058 4529 3624 4608">
    <p class='ocr_par' dir='ltr' id='par_1_106' title="bbox 2058 4529 3624 4608">
     <span class='ocr_line' id='line_1_106' title="bbox 2058 4529 3624 4608; baseline -0.01 -12"><span class='ocrx_word' id='word_1_769' title='bbox 2058 4545 2223 4596; x_wconf 82' lang='grc' dir='ltr'>Ὥστε</span> <span class='ocrx_word' id='word_1_770' title='bbox 2260 4542 2356 4594; x_wconf 73' lang='grc' dir='ltr'>καὶ</span> <span class='ocrx_word' id='word_1_771' title='bbox 2388 4538 2739 4608; x_wconf 80' lang='grc' dir='ltr'>χαλεπαίνειν</span> <span class='ocrx_word' id='word_1_772' title='bbox 2764 4536 2922 4588; x_wconf 73' lang='grc' dir='ltr'>ἐνίοτ’</span> <span class='ocrx_word' id='word_1_773' title='bbox 2951 4536 3009 4586; x_wconf 82' lang='grc' dir='ltr'>ὲν</span> <span class='ocrx_word' id='word_1_774' title='bbox 3040 4532 3252 4596; x_wconf 79' lang='grc' dir='ltr'>τούτοις</span> <span class='ocrx_word' id='word_1_775' title='bbox 3292 4529 3624 4602; x_wconf 86' lang='grc' dir='ltr'>ὡρμημένον</span> 
     </span>
    </p>
   </div>
   <div class='ocr_carea' id='block_1_107' title="bbox 2056 4617 3624 4701">
    <p class='ocr_par' dir='ltr' id='par_1_107' title="bbox 2056 4617 3624 4701">
     <span class='ocr_line' id='line_1_107' title="bbox 2056 4617 3624 4701; baseline -0.011 -18"><span class='ocrx_word' id='word_1_776' title='bbox 2056 4631 2147 4682; x_wconf 83' lang='grc' dir='ltr'>τὸν</span> <span class='ocrx_word' id='word_1_777' title='bbox 2185 4629 2328 4701; x_wconf 81' lang='grc' dir='ltr'>ρῆγα</span> <span class='ocrx_word' id='word_1_778' title='bbox 2353 4627 2572 4693; x_wconf 77' lang='grc' dir='ltr'>ἔθελγεν</span> <span class='ocrx_word' id='word_1_779' title='bbox 2606 4623 2762 4686; x_wconf 79' lang='grc' dir='ltr'>αὖθις</span> <span class='ocrx_word' id='word_1_780' title='bbox 2790 4622 2951 4675; x_wconf 64' lang='grc' dir='ltr'>αὐτὸν</span> <span class='ocrx_word' id='word_1_781' title='bbox 2973 4624 3039 4689; x_wconf 85' lang='grc' dir='ltr'>τῇ</span> <span class='ocrx_word' id='word_1_782' title='bbox 3076 4620 3184 4674; x_wconf 90' lang='grc' dir='ltr'><strong>τῶν</strong></span> <span class='ocrx_word' id='word_1_783' title='bbox 3210 4620 3384 4687; x_wconf 85' lang='grc' dir='ltr'>λόγων</span> <span class='ocrx_word' id='word_1_784' title='bbox 3412 4617 3624 4684; x_wconf 80' lang='grc' dir='ltr'>οειρῆνι</span> 
     </span>
    </p>
   </div>
   <div class='ocr_carea' id='block_1_108' title="bbox 2057 4707 3627 4789">
    <p class='ocr_par' dir='ltr' id='par_1_108' title="bbox 2057 4707 3627 4789">
     <span class='ocr_line' id='line_1_108' title="bbox 2057 4707 3627 4789; baseline -0.01 -17"><span class='ocrx_word' id='word_1_785' title='bbox 2057 4724 2151 4772; x_wconf 81' lang='grc' dir='ltr'>καὶ</span> <span class='ocrx_word' id='word_1_786' title='bbox 2187 4717 2308 4779; x_wconf 83' lang='grc' dir='ltr'>ταῖς</span> <span class='ocrx_word' id='word_1_787' title='bbox 2338 4716 2438 4789; x_wconf 77' lang='grc' dir='ltr'>τῆς</span> <span class='ocrx_word' id='word_1_788' title='bbox 2490 4712 2746 4782; x_wconf 81' lang='grc' dir='ltr'>ἀληθείας</span> <span class='ocrx_word' id='word_1_789' title='bbox 2791 4712 3205 4782; x_wconf 75' lang='grc' dir='ltr'>ἀναντιῤῥήτοις</span> <span class='ocrx_word' id='word_1_790' title='bbox 3244 4708 3502 4776; x_wconf 81' lang='grc' dir='ltr'>στροφαῖς</span> <span class='ocrx_word' id='word_1_791' title='bbox 3532 4707 3627 4757; x_wconf 82' lang='grc' dir='ltr'>καὶ</span> 
     </span>
    </p>
   </div>
   <div class='ocr_carea' id='block_1_109' title="bbox 2057 4796 3626 4876">
    <p class='ocr_par' dir='ltr' id='par_1_109' title="bbox 2057 4796 3626 4876">
     <span class='ocr_line' id='line_1_109' title="bbox 2057 4796 3626 4876; baseline -0.01 -16"><span class='ocrx_word' id='word_1_792' title='bbox 2057 4808 2473 4876; x_wconf 84' lang='grc' dir='ltr'>περιστροφαίς.</span> <span class='ocrx_word' id='word_1_793' title='bbox 2511 4802 2803 4863; x_wconf 82' lang='grc' dir='ltr'>Ὶόιαύταις</span> <span class='ocrx_word' id='word_1_794' title='bbox 2831 4802 2894 4870; x_wconf 89' lang='grc' dir='ltr'>δή</span> <span class='ocrx_word' id='word_1_795' title='bbox 2937 4817 3049 4853; x_wconf 91' lang='grc' dir='ltr'>τισι</span> <span class='ocrx_word' id='word_1_796' title='bbox 3084 4799 3331 4867; x_wconf 81' lang='grc' dir='ltr'>μεθόδοις</span> <span class='ocrx_word' id='word_1_797' title='bbox 3361 4797 3436 4849; x_wconf 83' lang='grc' dir='ltr'>τὸ.</span> <span class='ocrx_word' id='word_1_798' title='bbox 3465 4796 3626 4865; x_wconf 78' lang='grc' dir='ltr'>χαλε-</span> 
     </span>
    </p>
   </div>
   <div class='ocr_carea' id='block_1_110' title="bbox 2057 4887 3621 4962">
    <p class='ocr_par' dir='ltr' id='par_1_110' title="bbox 2057 4887 3621 4962">
     <span class='ocr_line' id='line_1_110' title="bbox 2057 4887 3621 4962; baseline -0.008 -11"><span class='ocrx_word' id='word_1_799' title='bbox 2057 4899 2248 4952; x_wconf 85' lang='grc' dir='ltr'>παῖνόν</span> <span class='ocrx_word' id='word_1_800' title='bbox 2274 4914 2334 4950; x_wconf 89' lang='grc' dir='ltr'><strong>τε.</strong></span> <span class='ocrx_word' id='word_1_801' title='bbox 2371 4895 2692 4949; x_wconf 79' lang='grc' dir='ltr'>ἀνέστελλεν</span> <span class='ocrx_word' id='word_1_802' title='bbox 2719 4892 2973 4962; x_wconf 70' lang='grc' dir='ltr'>ἐμμελῶς</span> <span class='ocrx_word' id='word_1_803' title='bbox 3011 4893 3104 4957; x_wconf 79' lang='grc' dir='ltr'>τῆς</span> <span class='ocrx_word' id='word_1_804' title='bbox 3137 4889 3374 4959; x_wconf 82' lang='grc' dir='ltr'>ρηγικῆς</span> <span class='ocrx_word' id='word_1_805' title='bbox 3406 4887 3621 4955; x_wconf 73' lang='grc' dir='ltr'>ἐκείνης</span> 
     </span>
    </p>
   </div>
   <div class='ocr_carea' id='block_1_111' title="bbox 2054 4979 3626 5058">
    <p class='ocr_par' dir='ltr' id='par_1_111' title="bbox 2054 4979 3626 5058">
     <span class='ocr_line' id='line_1_111' title="bbox 2054 4979 3626 5058; baseline -0.01 -16"><span class='ocrx_word' id='word_1_806' title='bbox 2054 4989 2254 5058; x_wconf 74' lang='grc' dir='ltr'>ψυχῆς,</span> <span class='ocrx_word' id='word_1_807' title='bbox 2282 4989 2376 5041; x_wconf 79' lang='grc' dir='ltr'>καὶ</span> <span class='ocrx_word' id='word_1_808' title='bbox 2420 4988 2480 5039; x_wconf 81' lang='grc' dir='ltr'>τὸ</span> <span class='ocrx_word' id='word_1_809' title='bbox 2527 4984 2801 5054; x_wconf 81' lang='grc' dir='ltr'>εὐθυμοῦν</span> <span class='ocrx_word' id='word_1_810' title='bbox 2839 4984 3158 5051; x_wconf 81' lang='grc' dir='ltr'>ὰντεισῆγεν</span> <span class='ocrx_word' id='word_1_811' title='bbox 3206 4979 3486 5041; x_wconf 75' lang='grc' dir='ltr'>ἐπιεικῶς.</span> <span class='ocrx_word' id='word_1_812' title='bbox 3519 4980 3626 5031; x_wconf 72' lang='grc' dir='ltr'><strong>Καὶ</strong></span> 
     </span>
    </p>
   </div>
   <div class='ocr_carea' id='block_1_112' title="bbox 2056 5067 3625 5152">
    <p class='ocr_par' dir='ltr' id='par_1_112' title="bbox 2056 5067 3625 5152">
     <span class='ocr_line' id='line_1_112' title="bbox 2056 5067 3625 5152; baseline -0.01 -19"><span class='ocrx_word' id='word_1_813' title='bbox 2056 5079 2124 5152; x_wconf 76' lang='grc' dir='ltr'>ἦν</span> <span class='ocrx_word' id='word_1_814' title='bbox 2152 5080 2339 5141; x_wconf 82' lang='grc' dir='ltr'>ἁπλῶς</span> <span class='ocrx_word' id='word_1_815' title='bbox 2365 5080 2540 5131; x_wconf 76' lang='grc' dir='ltr'>εἰπεῖν</span> <span class='ocrx_word' id='word_1_816' title='bbox 2590 5077 2762 5138; x_wconf 75' lang='grc' dir='ltr'>οὐδεὶς</span> <span class='ocrx_word' id='word_1_817' title='bbox 2793 5079 2900 5127; x_wconf 86' lang='grc' dir='ltr'><strong>τῶν</strong></span> <span class='ocrx_word' id='word_1_818' title='bbox 2933 5074 3187 5126; x_wconf 82' lang='grc' dir='ltr'>ἁπάντων</span> <span class='ocrx_word' id='word_1_819' title='bbox 3219 5071 3276 5133; x_wconf 78' lang='grc' dir='ltr'>ὃς</span> <span class='ocrx_word' id='word_1_820' title='bbox 3319 5071 3379 5121; x_wconf 82' lang='grc' dir='ltr'>οὐ</span> <span class='ocrx_word' id='word_1_821' title='bbox 3408 5067 3625 5137; x_wconf 79' lang='grc' dir='ltr'>λογικοῦ</span> 
     </span>
    </p>
   </div>
   <div class='ocr_carea' id='block_1_113' title="bbox 2058 5157 3623 5233">
    <p class='ocr_par' dir='ltr' id='par_1_113' title="bbox 2058 5157 3623 5233">
     <span class='ocr_line' id='line_1_113' title="bbox 2058 5157 3623 5233; baseline -0.01 -12"><span class='ocrx_word' id='word_1_822' title='bbox 2058 5170 2259 5229; x_wconf 77' lang='grc' dir='ltr'>παντὸς</span> <span class='ocrx_word' id='word_1_823' title='bbox 2288 5165 2498 5233; x_wconf 83' lang='grc' dir='ltr'>ἀγῶνος</span> <span class='ocrx_word' id='word_1_824' title='bbox 2529 5163 2647 5231; x_wconf 77' lang='grc' dir='ltr'>μεθ’</span> <span class='ocrx_word' id='word_1_825' title='bbox 2696 5162 3006 5230; x_wconf 77' lang='grc' dir='ltr'>ὑπερϐολῆς</span> <span class='ocrx_word' id='word_1_826' title='bbox 3040 5160 3189 5227; x_wconf 82' lang='grc' dir='ltr'>αὐτῷ</span> <span class='ocrx_word' id='word_1_827' title='bbox 3223 5159 3291 5209; x_wconf 81' lang='grc' dir='ltr'>τὸ.</span> <span class='ocrx_word' id='word_1_828' title='bbox 3322 5159 3419 5226; x_wconf 77' lang='grc' dir='ltr'>τῆς</span> <span class='ocrx_word' id='word_1_829' title='bbox 3466 5157 3623 5223; x_wconf 83' lang='grc' dir='ltr'>νίκης</span> 
     </span>
    </p>
   </div>
   <div class='ocr_carea' id='block_1_114' title="bbox 2057 5248 3627 5329">
    <p class='ocr_par' dir='ltr' id='par_1_114' title="bbox 2057 5248 3627 5329">
     <span class='ocr_line' id='line_1_114' title="bbox 2057 5248 3627 5329; baseline -0.008 -16"><span class='ocrx_word' id='word_1_830' title='bbox 2057 5260 2288 5329; x_wconf 80' lang='grc' dir='ltr'>παρεῖχε</span> <span class='ocrx_word' id='word_1_831' title='bbox 2324 5256 2581 5325; x_wconf 83' lang='grc' dir='ltr'>τρόπαια,</span> <span class='ocrx_word' id='word_1_832' title='bbox 2604 5252 2717 5306; x_wconf 74' lang='grc' dir='ltr'>οὔθ’</span> <span class='ocrx_word' id='word_1_833' title='bbox 2742 5254 2888 5313; x_wconf 87' lang='grc' dir='ltr'>ὅστις</span> <span class='ocrx_word' id='word_1_834' title='bbox 2916 5252 2980 5304; x_wconf 77' lang='grc' dir='ltr'>οὺ</span> <span class='ocrx_word' id='word_1_835' title='bbox 3024 5251 3171 5318; x_wconf 79' lang='grc' dir='ltr'>μάλα</span> <span class='ocrx_word' id='word_1_836' title='bbox 3210 5249 3465 5315; x_wconf 82' lang='grc' dir='ltr'>ἀξύνετος</span> <span class='ocrx_word' id='word_1_837' title='bbox 3507 5248 3627 5301; x_wconf 80' lang='grc' dir='ltr'><strong>Ἕλ-</strong></span> 
     </span>
    </p>
   </div>
   <div class='ocr_carea' id='block_1_115' title="bbox 2054 5337 3622 5418">
    <p class='ocr_par' dir='ltr' id='par_1_115' title="bbox 2054 5337 3622 5418">
     <span class='ocr_line' id='line_1_115' title="bbox 2054 5337 3622 5418; baseline -0.008 -18"><span class='ocrx_word' id='word_1_838' title='bbox 2054 5347 2281 5418; x_wconf 85' lang='grc' dir='ltr'>ληνικῆς</span> <span class='ocrx_word' id='word_1_839' title='bbox 2313 5345 2521 5414; x_wconf 79' lang='grc' dir='ltr'>μούσης</span> <span class='ocrx_word' id='word_1_840' title='bbox 2554 5340 2643 5412; x_wconf 83' lang='grc' dir='ltr'>ἦν,</span> <span class='ocrx_word' id='word_1_841' title='bbox 2674 5340 2787 5394; x_wconf 78' lang='grc' dir='ltr'>οὗθ’</span> <span class='ocrx_word' id='word_1_842' title='bbox 2818 5341 2965 5401; x_wconf 83' lang='grc' dir='ltr'>ὅστις</span> <span class='ocrx_word' id='word_1_843' title='bbox 2986 5339 3278 5406; x_wconf 82' lang='grc' dir='ltr'>Λατινικῆς</span> <span class='ocrx_word' id='word_1_844' title='bbox 3304 5337 3622 5404; x_wconf 84' lang='grc' dir='ltr'>φιλοσοφίας</span> 
     </span>
    </p>
   </div>
   <div class='ocr_carea' id='block_1_116' title="bbox 2054 5428 3622 5507">
    <p class='ocr_par' dir='ltr' id='par_1_116' title="bbox 2054 5428 3622 5507">
     <span class='ocr_line' id='line_1_116' title="bbox 2054 5428 3622 5507; baseline -0.01 -14"><span class='ocrx_word' id='word_1_845' title='bbox 2054 5441 2115 5493; x_wconf 84' lang='grc' dir='ltr'><strong>οῦ</strong></span> <span class='ocrx_word' id='word_1_846' title='bbox 2158 5438 2303 5507; x_wconf 84' lang='grc' dir='ltr'>μάλα</span> <span class='ocrx_word' id='word_1_847' title='bbox 2339 5455 2390 5488; x_wconf 85' lang='grc' dir='ltr'><strong>τι</strong></span> <span class='ocrx_word' id='word_1_848' title='bbox 2415 5436 2602 5505; x_wconf 79' lang='grc' dir='ltr'>ἀδαὴς.</span> <span class='ocrx_word' id='word_1_849' title='bbox 2630 5428 2789 5502; x_wconf 82' lang='grc' dir='ltr'>Εῐχόν</span> <span class='ocrx_word' id='word_1_850' title='bbox 2834 5449 2895 5499; x_wconf 92' lang='grc' dir='ltr'><strong>γε</strong></span> <span class='ocrx_word' id='word_1_851' title='bbox 2930 5431 3037 5500; x_wconf 83' lang='grc' dir='ltr'>μὴν</span> <span class='ocrx_word' id='word_1_852' title='bbox 3070 5430 3245 5497; x_wconf 74' lang='grc' dir='ltr'>ἔγωγε</span> <span class='ocrx_word' id='word_1_853' title='bbox 3286 5429 3382 5481; x_wconf 87' lang='grc' dir='ltr'><strong>τοῦ</strong></span> <span class='ocrx_word' id='word_1_854' title='bbox 3432 5429 3622 5498; x_wconf 74' lang='grc' dir='ltr'>ἀνδρὸς</span> 
     </span>
    </p>
   </div>
   <div class='ocr_carea' id='block_1_117' title="bbox 2055 5519 3619 5596">
    <p class='ocr_par' dir='ltr' id='par_1_117' title="bbox 2055 5519 3619 5596">
     <span class='ocr_line' id='line_1_117' title="bbox 2055 5519 3619 5596; baseline -0.008 -13"><span class='ocrx_word' id='word_1_855' title='bbox 2055 5530 2262 5583; x_wconf 75' lang='grc' dir='ltr'>ἐκείνου</span> <span class='ocrx_word' id='word_1_856' title='bbox 2313 5527 2411 5596; x_wconf 83' lang='grc' dir='ltr'>τὴν</span> <span class='ocrx_word' id='word_1_857' title='bbox 2452 5528 2642 5594; x_wconf 76' lang='grc' dir='ltr'>φήμην</span> <span class='ocrx_word' id='word_1_858' title='bbox 2693 5525 2784 5577; x_wconf 78' lang='grc' dir='ltr'>καὶ</span> <span class='ocrx_word' id='word_1_859' title='bbox 2821 5525 2949 5591; x_wconf 74' lang='grc' dir='ltr'>πρὶν</span> <span class='ocrx_word' id='word_1_860' title='bbox 3002 5522 3251 5573; x_wconf 76' lang='grc' dir='ltr'>ἐντεῦθεν</span> <span class='ocrx_word' id='word_1_861' title='bbox 3302 5519 3619 5579; x_wconf 75' lang='grc' dir='ltr'>ἐκπλεῦσαι,</span> 
     </span>
    </p>
   </div>
   <div class='ocr_carea' id='block_1_118' title="bbox 2057 5611 3620 5689">
    <p class='ocr_par' dir='ltr' id='par_1_118' title="bbox 2057 5611 3620 5689">
     <span class='ocr_line' id='line_1_118' title="bbox 2057 5611 3620 5689; baseline -0.017 0"><span class='ocrx_word' id='word_1_862' title='bbox 2057 5622 2133 5689; x_wconf 67' lang='grc' dir='ltr'><strong>μὴ</strong></span> <span class='ocrx_word' id='word_1_863' title='bbox 2173 5620 2330 5688; x_wconf 79' lang='grc' dir='ltr'>μόνον</span> <span class='ocrx_word' id='word_1_864' title='bbox 2364 5620 2480 5679; x_wconf 81' lang='grc' dir='ltr'>ταῖς</span> <span class='ocrx_word' id='word_1_865' title='bbox 2519 5618 2752 5685; x_wconf 80' lang='grc' dir='ltr'>γραφαῖς</span> <span class='ocrx_word' id='word_1_866' title='bbox 2798 5614 3144 5682; x_wconf 73' lang='grc' dir='ltr'>ἐντυγχάνων</span> <span class='ocrx_word' id='word_1_867' title='bbox 3175 5612 3385 5663; x_wconf 74' lang='grc' dir='ltr'>ἐκείνου</span> <span class='ocrx_word' id='word_1_868' title='bbox 3417 5611 3620 5663; x_wconf 77' lang='grc' dir='ltr'>πολλά-</span> 
     </span>
    </p>
   </div>
   <div class='ocr_carea' id='block_1_119' title="bbox 2056 5702 3619 5777">
    <p class='ocr_par' dir='ltr' id='par_1_119' title="bbox 2056 5702 3619 5777">
     <span class='ocr_line' id='line_1_119' title="bbox 2056 5702 3619 5777; baseline -0.006 -13"><span class='ocrx_word' id='word_1_869' title='bbox 2056 5728 2139 5773; x_wconf 73' lang='grc' dir='ltr'><strong>κις</strong></span> <span class='ocrx_word' id='word_1_870' title='bbox 2177 5710 2293 5777; x_wconf 76' lang='grc' dir='ltr'>ὡδὶ,</span> <span class='ocrx_word' id='word_1_871' title='bbox 2330 5709 2395 5774; x_wconf 79' lang='grc' dir='ltr'>ἃς</span> <span class='ocrx_word' id='word_1_872' title='bbox 2435 5709 2644 5762; x_wconf 68' lang='grc' dir='ltr'>ἐκεῖθεν</span> <span class='ocrx_word' id='word_1_873' title='bbox 2674 5708 2875 5770; x_wconf 67' lang='grc' dir='ltr'>ἐκεῖνος</span> <span class='ocrx_word' id='word_1_874' title='bbox 2919 5706 3000 5758; x_wconf 76' lang='grc' dir='ltr'><strong>σοί</strong></span> <span class='ocrx_word' id='word_1_875' title='bbox 3056 5705 3159 5756; x_wconf 83' lang='grc' dir='ltr'><strong>τῶν</strong></span> <span class='ocrx_word' id='word_1_876' title='bbox 3191 5721 3247 5755; x_wconf 77' lang='grc' dir='ltr'><strong>τε</strong></span> <span class='ocrx_word' id='word_1_877' title='bbox 3279 5702 3619 5773; x_wconf 81' lang='grc' dir='ltr'>γραμμάτων</span> 
     </span>
    </p>
   </div>
   <div class='ocr_carea' id='block_1_120' title="bbox 4046 148 4070 233">
    <p class='ocr_par' dir='ltr' id='par_1_120' title="bbox 4046 148 4070 233">
     <span class='ocr_line' id='line_1_120' title="bbox 4046 148 4070 177; baseline 0 0"><span class='ocrx_word' id='word_1_878' title='bbox 4046 148 4070 177; x_wconf 60' lang='grc' dir='ltr'>υ</span> 
     </span>
     <span class='ocr_line' id='line_1_121' title="bbox 4046 192 4070 233; baseline 0 -33"><span class='ocrx_word' id='word_1_879' title='bbox 4046 192 4070 233; x_wconf 57' lang='grc'><strong>1</strong></span> 
     </span>
    </p>
   </div>
  </div>
