4070 6326
337 364 402 426 21
788 416 793 422 .
1300 363 1744 425 mamma
1784 360 2173 423 HlSTORl/E
2216 362 2359 421 Lm.
2387 363 2567 421 xxv.
3508 328 3576 408 se

338 477 431 529 καὶ
464 478 579 544 ἅμα
602 476 695 529 τοῦ
727 476 940 544 φιλικοῦ
990 475 1319 544 καθήκοντος
1350 475 1713 545 ἀμειΰόμενος
1738 476 1883 545 ἔπεμ

2034 496 2076 531 ιιι
2118 492 2214 532 ore
2242 491 2436 533 eorum
2472 474 2746 536 audirem,
2783 470 2895 537 qui
2938 466 3062 521 inde
3099 466 3206 519 huc
3260 454 3578 532 plerumque

341 584 457 627 πεν,
492 567 630 621 ἀλλὰ
658 568 748 620 καὶ
773 568 983 622 ἀκούων
1019 569 1270 629 ἐπαίνους
1304 566 1369 640 [f.
1423 568 1525 623 102
1556 565 1610 639 a]
1648 567 1809 621 αὑτοῦ
1845 584 1907 634 γε

341 657 584 727 μακροὺς
619 657 726 709 ἀπὸ
757 658 1021 725 στόματος
1066 658 1175 709 τῶν
1208 659 1322 709 ὅσοι
1353 658 1655 726 ἀφιγμένοι
1694 659 1907 711 ἐκεῖθεν

342 747 589 816 ὑπῆρχον
634 750 723 800 ἐπὶ
758 748 819 801 τὸ
865 751 1146 809 πλεῖστον.
1175 752 1282 803 Καὶ
1311 746 1378 822 ἦν
1410 752 1503 801 ἐπὶ
1535 752 1758 820 μετρίας
1787 752 1912 818 ἐμοὶ

339 836 401 889 τὸ
435 837 647 891 ἐκείνου
696 839 1124 909 συστελλόμενον
1160 841 1360 911 θαῦμα.
1392 842 1506 895 Νῦν
1540 842 1585 893 δ’
1623 842 1811 911 ἐπειδή
1848 859 1911 908 γε

341 934 398 994 ἐς
447 931 668 1001 Κύπρον
716 932 1020 1000 ἀφιγμένος
1066 935 1193 1003 παρ’
1252 936 1446 1003 ἐκείνῳ
1492 934 1771 997 κατέλυον,
1824 935 1915 988 διὰ

344 1022 490 1091 μάλα
523 1041 576 1075 τι
624 1023 831 1094 σφόδρα
877 1027 1088 1095 μακρᾶς
1118 1027 1215 1096 τῆς
1252 1027 1491 1098 σπουδῆς
1522 1030 1622 1096 τὴν
1654 1027 1793 1097 ἐμὴν
1828 1027 1914 1081 διὰ

342 1116 403 1167 σὲ
448 1115 716 1186 τιθεμένῳ
767 1116 964 1181 ξενίαν,
998 1116 1171 1183 ἔγνων
1224 1135 1283 1170 τε
1329 1119 1422 1172 καὶ
1452 1118 1790 1188 πεπείραμαι
1819 1118 1912 1171 τοῦ

342 1206 535 1277 ἀνδρὸς
575 1205 922 1276 τελεώτερον,
948 1208 1132 1272 αὐταῖς
1179 1211 1365 1271 ἀκοαῖς
1408 1210 1498 1263 καὶ
1543 1210 1729 1271 αὐταῖς
1759 1209 1916 1277 ὄψεσι

342 1298 525 1359 ζῶσαν
560 1300 736 1352 εἰπεῖν
780 1300 874 1352 καὶ
920 1299 1164 1370 ἔμπνουν
1189 1301 1288 1371 τὴν
1322 1303 1514 1372 φήμην
1540 1302 1756 1371 ἐκείνην
1793 1300 1918 1355 ἰδὼν

344 1390 435 1441 καὶ
485 1380 920 1460 βεϐαιωσάμενος
963 1392 1202 1462 ἐμαυτῷ,
1238 1394 1329 1446 καὶ
1386 1394 1452 1446 τὰ
1506 1396 1605 1462 τῆς
1662 1394 1919 1463 ἀληθείας

345 1481 577 1550 ἐνέχυρα
619 1482 763 1535 πάνυ
813 1483 1166 1553 παρειληφὼς
1215 1484 1446 1554 ἐναργῆ,
1483 1486 1766 1553 μονονουχὶ
1819 1485 1919 1553 τὴν

347 1574 537 1641 φήμην
568 1572 900 1643 ἐλεγχούσης
927 1573 1019 1627 καὶ
1046 1575 1342 1644 διαρρήδην
1374 1576 1785 1646 ἀποφαινούσης
1816 1593 1920 1645 μα-

347 1662 465 1732 κρῷ
520 1663 613 1717 τοῦ
662 1664 873 1729 δέοντος
920 1666 1098 1721 ἐνδεᾶ.
1137 1666 1387 1719 Μάλιστα
1439 1667 1482 1719 δ’
1515 1666 1774 1719 ἁπάντων
1821 1670 1921 1736 τὴν

346 1753 575 1824 γνώμην
622 1756 1152 1826 ἐθαύμαζονέγωγε
1208 1759 1302 1813 καὶ
1351 1758 1412 1811 τὸ
1444 1758 1543 1827 τῆς
1594 1758 1772 1825 φιλίας
1821 1758 1916 1810 τοῦ

572 1849 673 1915 τῆς
719 1811 860 1916 πρὸς
902 1850 985 1904 σέ.
1014 1811 1170 1904 δύτω
1201 1811 1307 1920 γὰρ
1338 1811 1617 1921 ἐρωτικῶς
1664 1811 1777 1921 εῐχε
1809 1853 1917 1904 τῶν
1950 1811 1990 1869 Β

349 1938 461 1990 σῶν
500 1939 829 2009 συγγραφῶν
865 1940 958 1992 καὶ
997 1940 1220 2007 βιϐλίων
1266 1944 1392 1996 ὅσον
1439 1941 1554 1995 οὐδ’
1594 1943 1760 2008 ἀξίως
1811 1937 1922 2006 οἶός

351 2028 398 2080 τ’
429 2031 497 2083 ἂν
523 2030 640 2102 είην
670 2032 833 2101 ἔγωγ’
853 2035 1047 2088 εἰπεῖν.
1069 2034 1181 2088 Ἀεὶ
1209 2035 1317 2104 γὰρ
1346 2034 1515 2089 ἐπιὼν
1540 2036 1722 2088 αὐτῶν
1747 2035 1922 2088 ὁπόσα

352 2119 599 2188 ζητοῦντι
637 2125 912 2195 παρέσχεν
960 2128 988 2179 ὁ
1031 2126 1219 2195 χρόνος
1265 2130 1430 2196 αὐτῷ,
1467 2128 1667 2198 πολλῆς
1712 2130 1802 2183 ἀεὶ
1832 2132 1925 2182 καὶ

270 2229 314 2281 ι·
351 2214 447 2280 τῆς
480 2213 674 2283 ἡδονῆς
703 2216 1092 2286 ἐνεπίμπλατο,
1130 2221 1221 2272 καὶ
1263 2220 1463 2288 πολλὴν
1504 2220 1822 2290 περιέφαινε
1857 2224 1927 2274 τὰ

354 2304 459 2373 ἤθη
501 2306 602 2376 τὴν
645 2306 795 2361 ἔνδον
826 2308 1082 2378 βακχείαν
1128 2310 1294 2365 αὑτοῦ
1338 2313 1438 2381 τῆς
1477 2311 1678 2382 ψυχῆς.
1712 2313 1925 2383 Ὠσπερ

351 2397 540 2458 ἔνθους
567 2396 676 2466 γὰρ
698 2394 767 2469 ἦν
792 2398 881 2467 ὑφ’
903 2400 1097 2468 ἡδονῆς
1124 2400 1467 2468 γιγνόμενος,
1498 2403 1587 2453 καὶ
1612 2401 1926 2470 ἐπικροτῶν

353 2485 473 2537 καθ’
503 2487 726 2553 ἕκαστα,
752 2490 842 2542 καὶ
867 2486 979 2544 οἷον
1008 2492 1181 2544 sit:st
1211 2490 1705 2560 ιπιλανθανόμενος
1728 2489 1789 2544 ού
1822 2493 1927 2560 γῆς

352 2579 461 2647 εἴη.
511 2580 717 2633 Ἐδόκει
743 2582 853 2653 γὰρ
883 2583 1051 2637 ἐνίοτε
1080 2582 1164 2634 σοί
1211 2597 1275 2650 γε
1312 2582 1668 2654 προσομιλεῖν
1698 2586 1787 2637 καὶ
1843 2583 1926 2635 σοί

354 2682 417 2732 γε
456 2669 686 2721 συνεῖναι
717 2669 882 2738 αὐτῷ,
923 2671 1015 2723 καὶ
1041 2669 1136 2723 σού
1171 2687 1235 2739 γε
1270 2673 1510 2733 ἀκούειν,
1546 2670 1684 2724 ἅττα
1712 2671 1833 2723 ποτ’
1860 2666 1929 2741 ἧν

355 2760 561 2821 ἐκεῖνα,
590 2762 655 2827 τῇ
682 2759 896 2831 γλώττῃ
932 2760 1219 2826 διεξιόντος
1260 2763 1422 2832 αὐτῇ,
1456 2763 1549 2816 καὶ
1589 2762 1808 2831 μάλισθ’
1852 2762 1930 2815 ὅτ’

355 2850 461 2902 ἀνὰ
511 2853 699 2922 χεῖρας
756 2850 904 2920 ἔχειν
971 2853 1131 2923 ἐπῄει
1197 2853 1448 2922 διάλογον
1495 2854 1705 2905 ἐκεῖνον
1740 2853 1802 2906 δν
1843 2854 1933 2908 διὰ

357 2940 616 3012 Βαρ).αὰμ
653 2944 895 3013 ἐποιήσω
931 2943 1021 2998 τὸν
1058 2945 1366 3014 Καλαῦρόν.
1409 2946 1517 2998 Καὶ
1547 2942 1616 3016 ἦν
1649 2945 1739 3000 διὰ
1790 2946 1935 3015 μάλα

359 3034 575 3103 μακρᾶς
628 3034 722 3086 καὶ
773 3034 872 3111 ορχ
923 3030 1092 3106 ἧσσον
1151 3039 1327 3090 εἰπεῖν
1377 3038 1577 3108 κομιδῆ
1627 3054 1934 3109 κατεσπου-

2010 580 2303 626 venerunt.
2332 567 2435 623 Sed
2464 565 2757 620 admiratio
2782 564 2902 633 ejus
2927 559 3157 615 modicis
3189 556 3320 610 mihi
3346 554 3582 608 circum-

2013 663 2213 732 seripta
2245 670 2364 715 erat
2410 660 2631 715 finibus.
2682 657 2786 711 Ubi
2834 670 2965 709 vero
3014 653 3252 722 Cyprum
3304 646 3586 718 profectus

2011 755 2156 823 apud
2193 768 2320 809 eum
2353 768 2622 816 versarer,
2657 750 2745 803 cui
2780 758 2870 803 tua
2908 760 3071 801 causa
3099 742 3325 811 hospitii
3370 753 3584 792 summa

2014 856 2131 901 erat
2166 860 2297 899 cura
2330 859 2393 899 ac
2424 841 2727 912 diligentia,
2763 848 2877 892 tum
2911 838 3091 891 virum
3126 830 3436 886 accuratius
3488 844 3584 879 co-

2016 940 2177 1011 gnovi
2196 947 2250 994 et
2272 945 2527 1006 expertus
2545 947 2697 998 sum;
2722 933 2919 986 famam
2936 928 3081 983 enim
3115 927 3219 997 31
3245 920 3588 978 illam'velnti

2017 1031 2249 1086 auribus
2289 1029 2574 1101 oculisque
2599 1025 2732 1094 ipsis
2759 1024 3035 1078 viventem
3066 1021 3480 1088 spirantemque
3505 1012 3590 1065 vi-

2019 1122 2213 1177 debam
2248 1120 2494 1188 mihique
2529 1117 2761 1171 flrtniter
2804 1110 3259 1183 repraesentabam
3291 1105 3590 1162 evidentis-

2021 1198 2157 1269 siina
2198 1210 2428 1282 adeptus
2469 1208 2717 1265 veritatis
2774 1207 3025 1276 pignora,
3074 1216 3196 1271 quae
3243 1207 3449 1253 tantum
3483 1212 3591 1249 non

2021 1304 2219 1359 famam
2251 1309 2592 1370 coargueret,
2637 1309 2869 1364 eamque
2926 1295 3085 1361 longe
3136 1307 3164 1345 a
3223 1304 3351 1343 vero
3398 1288 3593 1340 abesse

2021 1394 2356 1450 ostenderet.
2391 1391 2621 1446 Maxime
2663 1396 2844 1442 autem
2875 1384 3189 1440 admirabar
3214 1382 3316 1435 viri
3370 1393 3592 1433 sensum

2023 1498 2076 1542 et
2129 1487 2399 1555 sinceram
2433 1482 2698 1537 adversus
2750 1490 2803 1535 te
2849 1476 3168 1533 amicitiam.
3226 1473 3400 1526 Tanto
3444 1470 3592 1523 enim

2023 1589 2207 1628 amore
2237 1583 2359 1628 tuas
2405 1572 2665 1627 historias
2703 1579 2869 1636 atque
2902 1568 3075 1623 libros
3114 1561 3550 1633 amplectebatur
3577 1600 3590 1621 ,

2026 1676 2084 1719 ιιι
2116 1664 2368 1734 equidem
2427 1679 2538 1721 non
2579 1662 2715 1718 satis
2770 1661 2932 1731 digne
2966 1658 3149 1713 dicere
3208 1655 3437 1725 possim.
3486 1652 3593 1704 Le-

2026 1759 2223 1813 ctitans
2260 1758 2430 1823 enim,
2463 1770 2803 1825 qutecunque
2855 1752 3100 1822 cupienti
3128 1750 3176 1805 ei
3218 1760 3432 1817 tempus
3465 1748 3597 1799 oil‘e-

2026 1849 2202 1912 rebat,
2235 1862 2428 1917 magna
2462 1862 2679 1916 semper
2715 1845 2991 1914 voluptate
3043 1840 3375 1913 implebatur
3416 1849 3599 1892 exter-

2027 1948 2239 2002 nusque
2266 1934 2387 2002 ejus
2435 1932 2656 1987 habitus
2701 1931 3239 1985 vehementissimam
3290 1927 3458 2007 animi
3514 1928 3599 1980 in—

2027 2034 2236 2079 ternatn
2263 2024 2686 2079 concitationem
2725 2022 3072 2086 declarabat;
3117 2021 3272 2090 quasi
3329 2019 3598 2073 divinitus

2026 2117 2306 2183 voluptate
2340 2114 2552 2169 aﬂlatus
2588 2114 2655 2168 ad
2686 2114 2899 2183 singula
2932 2112 3246 2181 plaudebat,
3282 2121 3335 2165 et
3360 2110 3591 2164 oblitum

2026 2224 2152 2263 eum
2179 2222 2301 2263 esse
2338 2207 2553 2262 diceres
2585 2206 2807 2260 ubinam
2833 2204 3077 2273 gentium
3103 2213 3269 2259 esset.
3296 2204 3597 2258 Videbatur

2028 2300 2173 2354 enim
2218 2298 2320 2353 sibi
2342 2311 2734 2367 nonnunquam
2791 2304 2971 2352 tecum
3011 2294 3327 2349 conversari
3387 2294 3596 2361 tibique

2030 2393 2131 2463 ipsi
2159 2391 2349 2447 adesse
2375 2399 2431 2446 et
2455 2399 2507 2445 te
2546 2390 2664 2460 ipsa
2717 2390 2900 2460 lingua
2932 2398 3343 2460 pcreurrentem
3384 2389 3597 2451 audire,

2026 2483 2294 2552 quidquid
2340 2482 2392 2537 id
2431 2492 2573 2547 erat,
2612 2481 2914 2553 praesertim
2965 2486 3107 2536 cum‘
3134 2482 3187 2536 in
3222 2497 3414 2535 manus
3444 2482 3594 2535 illum

2028 2577 2301 2645 dialogum
2339 2588 2601 2636 sumeret.
2637 2592 2801 2646 quem
2855 2587 3079 2645 propter
3122 2575 3464 2630 Barlaantum
3492 2575 3597 2631 Ca-

2028 2667 2245 2722 labrum
2288 2667 2487 2723 fecisti.
2519 2665 2759 2722 Maxime
2791 2681 2921 2722 vero
2964 2667 3176 2722 studuit
3208 2677 3263 2722 et
3296 2667 3411 2723 fere
3464 2684 3599 2723 con-

2030 2758 2175 2814 sulto
2207 2758 2668 2828 impensissimam
2719 2772 2941 2827 operam
2976 2758 3152 2825 dedit,
3184 2770 3243 2814 ut
3287 2776 3393 2813 non
3439 2760 3605 2815 modo

2031 2851 2181 2906 solus
2211 2858 2301 2904 tua
2331 2850 2535 2919 scripta
2570 2850 2953 2914 admiraretur,
2986 2850 3079 2906 sed
3110 2851 3273 2906 etiam
3329 2852 3383 2906 in
3417 2853 3602 2921 dispu-

2035 2943 2335 2999 tationibus
2361 2957 2487 2997 cum
2519 2941 2729 2998 Latinis
2754 2943 3019 3001 institutis
3056 2951 3176 2999 tuas
3224 2944 3414 3000 laudes
3460 2962 3604 2999 sem-

2036 3050 2134 3105 per
2162 3048 2287 3089 cum
2316 3036 2553 3091 maxima
2582 3036 2944 3093 admiratione
2992 3040 3045 3094 in
3074 3054 3170 3094 ore
3203 3039 3452 3107 haberet,
3488 3039 3604 3094 sive

355 3125 631 3195 δασμένης
687 3127 836 3198 αὐτῷ
890 3130 990 3198 τῆς
1034 3129 1315 3196 φροντίδος
1358 3128 1432 3197 μὴ
1474 3127 1638 3196 μόνον
1682 3128 1845 3181 αὐτόν
1873 3144 1931 3196 γε

2038 3140 2220 3181 coram
2252 3140 2400 3195 rege,
2437 3125 2552 3180 sive
2578 3126 2711 3182 alibi
2754 3126 2990 3183 subinde
3042 3129 3159 3184 alia
3194 3131 3519 3184 commercia
3550 3142 3606 3187 et

358 3220 444 3285 ἐφ’
467 3218 660 3273 ἑαυτοῦ
692 3218 993 3291 θαυμάζειν
1027 3222 1094 3275 τὰ
1126 3221 1220 3284 σὰ,
1252 3220 1392 3275 ἀλλὰ
1416 3222 1507 3274 καὶ
1537 3220 1933 3289 διαλεγόμενον

357 3312 447 3366 ἀεὶ
476 3315 587 3375 τοῖς
608 3313 857 3377 Λατίνοις
880 3314 983 3366 ἀνὰ
1017 3315 1192 3382 στόμα
1221 3312 1513 3383 τάγκὼμια
1538 3313 1627 3367 διὰ
1650 3311 1933 3384 θαύματος

359 3405 517 3473 ἄγειν
539 3407 605 3459 τὰ
634 3405 723 3468 σὰ,
759 3405 851 3458 ὲπί
883 3421 944 3458 τε
971 3405 1033 3475 δὴ
1064 3406 1231 3475 ρηγὸς
1257 3405 1442 3467 αὑτοῦ,
1473 3406 1566 3458 καὶ
1591 3405 1699 3473 ὅπη
1738 3402 1805 3458 ἂν
1831 3403 1929 3458 ἄλ-

360 3498 476 3551 λοοι
512 3498 662 3567 τύχοι
712 3498 811 3560 τὰς
859 3498 1038 3552 ἄλλοτ’
1082 3497 1260 3560 ἄλλως
1305 3496 1761 3566 παραπιπτούσας
1806 3497 1933 3564 ὁμι·

360 3591 480 3653 λίας
528 3592 620 3644 καὶ
660 3590 926 3655 διαλέξεις
976 3590 1317 3658 ποιούμενος.
1347 3590 1509 3642 Ὥστε
1559 3593 1656 3642 καὶ
1708 3588 1935 3658 Κύπρον

364 3684 561 3752 μικροῦ
608 3684 787 3737 πᾶσαν
841 3684 921 3746 είς
975 3681 1143 3751 ὕμνον
1192 3682 1285 3734 τὸν
1326 3680 1419 3734 σὸν
1466 3681 1812 3750 ἀνηρτήσατο
1840 3681 1935 3734 καὶ

364 3776 611 3844 κήρυκας
644 3776 895 3845 πέπραχε
946 3775 1094 3840 σοὺς,
1131 3772 1260 3845 πρὶν
1304 3774 1546 3836 ἐκείνους
1592 3774 1718 3826 ἰδεῖν
1746 3792 1798 3827 τι
1826 3774 1936 3826 τῶν

365 3869 495 3920 σῶν.
527 3867 685 3921 Οὕτω
729 3884 790 3935 γε
835 3868 941 3939 μὴν
975 3869 1069 3921 καὶ
1107 3870 1206 3937 τῆς
1249 3885 1313 3936 γε
1365 3867 1464 3936 σῆς
1505 3866 1774 3935 ἐπεθύμει
1809 3868 1937 3931 θέας

367 3963 457 4012 καὶ
500 3960 715 4028 ὁμιλίας
770 3964 976 4029 τυχεῖν,
1021 3961 1117 4014 καὶ
1169 3960 1313 4014 οὕτω
1368 3962 1478 4013 τῶν
1525 3962 1785 4015 τοιούτων
1817 3963 1937 4024 ὅλος

367 4052 614 4118 ἐγίγνετο
656 4050 939 4121 λογισμῶν
975 4053 1191 4121 νύκτωρ
1237 4052 1331 4106 καὶ
1368 4052 1492 4120 μεθ’
1533 4053 1766 4120 ἡμέραν,
1796 4052 1938 4105 ὥστε

368 4145 457 4195 καὶ
485 4143 685 4213 ηὔχετο
721 4145 797 4215 μὴ
832 4143 1101 4214 πρότερον
1144 4144 1276 4214 μήτ’
1317 4145 1529 4197 ἐκεῖνον
1581 4146 1721 4215 μήτε
1753 4148 1813 4199 σὲ
1847 4146 1942 4198 θα-

367 4240 477 4287 νεῖν
505 4236 635 4305 πρὶν
656 4236 714 4299 ἐς
732 4235 1026 4299 Βυζάντιον
1057 4237 1264 4289 ἐκεῖνον
1294 4235 1548 4304 ἀφῖχθαι,
1579 4238 1751 4291 πάλαι
1782 4237 1940 4291 τοῦτο

370 4323 700 4393 βουληθέντα
728 4324 823 4375 καὶ
856 4323 1250 4393 μελετήσαντα,
1288 4324 1455 4393 μόνης
1484 4323 1647 4378 ἓνεκα
1681 4325 1808 4385 θέας
1844 4326 1938 4377 καὶ

368 4414 581 4482 ὁμιλίας
628 4416 728 4483 τῆς
776 4415 894 4481 σῆς.
926 4415 1111 4477 Οὕτως
1157 4414 1398 4484 ἀποίητα
1444 4411 1512 4485 ἧν
1548 4416 1639 4467 καὶ
1671 4418 1937 4487 εἰλικρινῆ

368 4508 430 4559 τὸ
461 4505 718 4576 παράπαν
751 4507 835 4559 ἀεὶ
881 4508 950 4559 τὰ
981 4508 1193 4560 ἐκείνου
1229 4508 1364 4577 πρὸς
1407 4507 1491 4569 σὲ,
1528 4508 1617 4559 καὶ
1658 4508 1811 4560 οὐδὲν
1847 4510 1933 4559 ού-

370 4599 513 4667 δαμῆ
567 4597 951 4666 πεπλασμένον
973 4592 1104 4667 ἦθος
1150 4596 1551 4650 ὲνεκεκάλυπτο
1587 4598 1695 4659 τοῖς
1727 4597 1938 4650 ἐκείνου

372 4693 662 4762 γράμμασι
692 4692 937 4756 πώποτε,
964 4691 1064 4743 ὅσα
1107 4707 1189 4743 σοι
1221 4689 1331 4744 τῶν
1366 4690 1476 4742 σῶν
1514 4690 1746 4759 μακρῶν
1797 4691 1941 4742 ὲκεί-

372 4804 476 4837 νων
506 4783 801 4851 ἐγκωμίων
834 4782 918 4834 ἀεὶ
940 4782 1166 4835 διετέλει
1194 4782 1426 4853 πέμπων
1461 4783 1656 4851 μεστά.
1685 4782 1939 4849 Ἑκόμισε

373 4879 426 4930 δέ
460 4892 550 4944 μοι
597 4875 688 4927 καὶ
732 4875 830 4926 ὅσα
861 4874 960 4942 τῆς
1002 4870 1403 4942 ἀστρονομικῆς
1435 4872 1753 4941 ἐπιστήμης
1795 4870 1943 4940 αύτῷ

375 4972 717 5041 ὲπεπόμφεις
769 4970 930 5031 αὐτὸς
988 4970 1132 5022 κατὰ
1191 4970 1478 5037 διαφόρους
1533 4969 1710 5022 ἄλλοτ’
1748 4968 1942 5029 ἄλλους

373 5067 497 5127 τοὺς
552 5065 801 5133 χρόνους,
833 5063 929 5116 καὶ
974 5058 1042 5133 ἦν
1097 5061 1167 5113 δι’
1211 5060 1532 5131 ἐκπλήξεως
1593 5062 1742 5129 ἄγων
1792 5062 1941 5122 ὅπως

377 5158 580 5210 ἐκείνου
638 5158 799 5226 χάριν
848 5155 1026 5208 πόνων
1080 5156 1208 5215 τοὺς
1275 5154 1497 5216 πλείους
1562 5156 1652 5207 καὶ
1707 5155 1943 5223 μάλιστα

379 5249 653 5318 δυσχερεῖς
690 5249 799 5300 τῶν
828 5246 1085 5300 τοιούτων
1109 5246 1426 5299 ὑποθέσεων
1476 5249 1533 5298 ὲν
1576 5247 1783 5313 ὀλίγαις
1821 5264 1942 5299 συν-

380 5340 585 5392 έκλεισε
626 5334 939 5402 συλλαϐαῖς.
978 5339 1080 5391 Καὶ
1110 5339 1207 5405 μὲν
1234 5338 1298 5406 δὴ
1323 5340 1442 5392 οὐδὲ
1468 5339 1567 5407 τὴν
1604 5338 1943 5408 Πτολεμαίου

379 5430 882 5499 ἁποτελεσματικὴν
915 5429 1270 5497 τετρὰ6.6λον
1301 5431 1430 5500 περὶ
1463 5430 1754 5493 ἐλάσσονος
1795 5432 1947 5482 ἑποι-

381 5523 492 5571 εἶτο
522 5520 757 5588 σπουδῆς
781 5522 1010 5582 ἐκεῖνος,
1052 5519 1185 5570 dm
1211 5518 1416 5587 ταύτην
1461 5537 1520 5571 τε
1553 5520 1643 5571 καὶ
1689 5522 1786 5572 ὅσα
1818 5520 1946 5588 περὶ

381 5620 488 5669 τὼν
512 5613 717 5680 ὁμοίων
759 5613 869 5673 τοῖς
906 5611 1242 5679 Πτολεμαίου
1288 5612 1667 5679 παλαιοτέροις
1704 5611 1822 5680 ἅμα
1852 5608 1947 5665 καὶ

382 5704 669 5772 νεωτέροις
709 5701 803 5754 ἔπι
837 5705 1084 5773 περίεστι
1119 5704 1497 5772 γεγραμμένα,
1531 5706 1623 5756 καὶ
1652 5704 1750 5756 ὃσα
1781 5704 1947 5756 πάλαι

388 5793 669 5853 Χλίὼίθίς
720 5792 811 5842 καὶ
865 5792 1098 5861 Πέρέαις
1133 5793 1450 5860 πεποίηται,
1488 5796 1628 5849 πάνυ
1674 5812 1723 5847 τι
1772 5794 1930 5848 πάνυ

2036 3216 2305 3286 colloquia
2332 3217 2671 3284 inciderent;
2692 3234 2802 3289 quo
2826 3218 3028 3275 factum
3049 3228 3243 3285 estaut
3256 3235 3448 3276 omnes
3469 3237 3606 3290 pene

2034 3308 2140 3379 32
2174 3308 2403 3380 Cyprios
2432 3309 2499 3365 ad
2559 3317 2707 3366 tuam
2765 3311 2995 3382 gloriam
3038 3323 3383 3369 converteret
3419 3318 3608 3383 tuique

2036 3400 2348 3457 laudatores
2378 3401 2639 3467 efﬁceret,
2671 3402 2992 3473 priusquam
3040 3415 3260 3459 tuorum
3306 3406 3605 3475 quidquam

2041 3491 2310 3549 viderent.
2347 3493 2480 3549 Tam
2504 3495 2862 3551 vehementer
2889 3511 3020 3551 vero
3053 3497 3312 3566 cupiebat
3341 3498 3444 3549 sibi
3470 3512 3608 3551 eon-

2043 3585 2251 3656 tingere
2284 3595 2343 3641 ut
2387 3596 2441 3641 te
2470 3586 2682 3643 videret
2734 3597 3023 3659 tecumque
3076 3602 3515 3655 conversaretur,
3554 3598 3611 3642 et

2041 3677 2111 3731 ita
2143 3686 2288 3732 totus
2316 3680 2369 3733 in
2397 3678 2595 3735 talibus
2616 3680 3047 3749 cegitationibus
3080 3692 3244 3737 noctu
3268 3691 3324 3737 et
3358 3681 3446 3736 die
3469 3692 3607 3745 erat.

2042 3779 2102 3823 nt
2133 3780 2475 3837 precaretur,
2510 3786 2580 3826 ne
2629 3773 2781 3841 prius
2821 3783 2917 3827 aut
2944 3782 2999 3827 tu
3046 3774 3341 3828 morereris
3370 3783 3465 3828 ant
3492 3774 3611 3843 ipse

2040 3862 2329 3917 decederet
2355 3879 2385 3917 e
2409 3864 2544 3929 vita,
2578 3879 2740 3934 quam
2760 3864 3079 3935 Byzantium
3108 3868 3353 3923 venisset
3385 3866 3437 3919 id
3465 3869 3610 3934 quod

2036 3958 2146 4026 jam
2174 3956 2267 4012 diu
2289 3956 2552 4011 voluisset
2572 3967 2628 4011 et
2648 3957 3009 4011 deliberasset
3034 3959 3183 4013 nulla
3207 3959 3312 4012 alia
3333 3959 3399 4012 de
3422 3973 3609 4023 causa,

2042 4065 2205 4117 quam
2245 4058 2302 4104 nt
2350 4062 2444 4105 tuo
2483 4058 2707 4120 aspectu
2740 4060 2796 4105 et
2824 4052 3226 4106 consuetudine
3267 4051 3370 4105 frui
3406 4060 3609 4119 posset.

2044 4142 2175 4196 Tam
2202 4141 2431 4211 simplex
2465 4151 2582 4196 erat
2617 4150 2837 4211 tamque
2882 4141 3030 4196 omni
3060 4157 3126 4196 ex
3161 4152 3315 4211 parte
3363 4142 3615 4197 sincerus

2041 4251 2255 4304 semper
2286 4237 2404 4305 ejus
2433 4236 2648 4291 animus
2674 4236 2939 4291 adversus
2989 4244 3061 4303 te,
3094 4251 3270 4306 neque
3313 4236 3614 4305 quidquam

2044 4327 2151 4381 ﬁcti
2184 4336 2280 4381 aut
2309 4327 2477 4381 fucati
2502 4342 2742 4396 unquam
2776 4330 2832 4382 in
2860 4327 2969 4381 illis
2999 4328 3198 4382 litteris
3226 4327 3614 4389 delitescebat,

2042 4433 2177 4487 quas
2230 4418 2607 4474 laudationum
2642 4419 2720 4473 tui
2777 4419 3059 4488 longarum
3116 4420 3302 4489 plenas
3351 4430 3616 4490 perpetuo

2046 4509 2140 4564 tibi
2186 4510 2348 4564 misit.
2382 4512 2719 4577 Apportabat
2755 4512 2889 4566 mihi
2930 4513 3097 4567 etiam
3132 4515 3333 4583 scripta
3394 4530 3518 4584 qua:
3546 4516 3616 4569 de

2044 4603 2376 4657 astronomia
2428 4604 2480 4658 ei
2512 4602 2745 4659 diversis
2808 4606 3145 4675 temporibus
3178 4608 3405 4663 miseras
3449 4625 3465 4662 :
3510 4624 3615 4676 qua

2046 4694 2100 4747 in
2129 4709 2186 4748 re
2218 4694 2507 4749 mirationc
2538 4697 2652 4753 fere
2683 4698 2968 4764 perculsus
2997 4712 3172 4764 eram,
3217 4700 3495 4768 quomodo
3538 4700 3617 4753 la-

2046 4784 2449 4841 boriosissimas
2480 4797 2535 4842 et
2567 4788 2912 4842 difﬁcillimas
2945 4792 3440 4844 astronomicarum
3467 4808 3617 4861 ιιιιιιξ-

2045 4877 2285 4939 stionum
2320 4879 2509 4948 paucis
2536 4881 2955 4950 comprehendit
2987 4884 3230 4952 syllabis.
3268 4885 3455 4953 Neque
3487 4901 3616 4939 vero

2046 4966 2317 5023 Ptolexnmi
2339 4970 2838 5039 apotelesmaticam
2864 4973 3194 5030 tetrabiblon
3216 4976 3488 5044 neglexit;
3519 4977 3612 5029 sed

2048 5071 2153 5107 non
2184 5055 2360 5107 solum
2395 5069 2514 5108 eam
2544 5055 2945 5111 studiosissime
2975 5058 3279 5126 lectitabat,
3316 5064 3410 5115 sed
3449 5062 3615 5116 etiam

2047 5160 2237 5200 omnes
2266 5146 2434 5202 libros
2463 5148 2532 5201 de
2554 5147 2720 5202 simili
2757 5157 3101 5218 argumento,
3132 5151 3227 5219 qui
3271 5166 3301 5206 a
3332 5154 3614 5222 scriptori-

2048 5239 2150 5292 bus
2188 5238 2478 5295 Ptolemato
2506 5240 2909 5307 antiquioribus
2937 5241 3018 5295 vel
3047 5243 3449 5298 recentioribus
3466 5261 3618 5300 cam-

2049 5332 2211 5399 positi
2237 5332 2419 5386 adhuc
2448 5341 2683 5394 exstant,
2726 5332 2810 5385 vel
2856 5348 2885 5386 a
2914 5332 3198 5389 veteribus
3241 5334 3508 5390 Citaldteis
3560 5346 3617 5389 et

2050 5424 2231 5477 Persis
2261 5423 2555 5491 conscripti
2580 5432 2726 5477 sunt.
2761 5422 2866 5477 Sed
2890 5439 3228 5494 qumcnnqnc
3256 5427 3388 5479 lines
3410 5426 3618 5481 sanctis

2052 5514 2261 5584 legibus
2290 5514 2616 5568 constitutos
2635 5514 2903 5567 excedunt
2925 5524 3087 5583 atque
3120 5528 3315 5570 metam
3345 5515 3451 5583 33
3480 5532 3615 5581 pra--

2053 5609 2210 5661 lixatn
2237 5606 2615 5675 egrediuntur,
2652 5620 2714 5660 ca
2744 5618 3101 5661 aversabatur
3126 5618 3179 5661 et
3200 5607 3620 5662 abominabatnr

2054 5708 2112 5754 ιιι.
2148 5702 2232 5769 pie
2289 5699 2470 5753 vivere
2525 5699 2835 5753 volentibus
2887 5699 3222 5762 insalubria;
3277 5714 3621 5777 qua-cunque

2054 5801 2243 5848 contra
2304 5792 2370 5846 ad
2436 5808 2619 5846 rerum
2675 5792 2917 5847 rationes
2972 5800 3135 5861 atque
3196 5806 3389 5846 Causas
3437 5791 3622 5848 sobrie
