4070 6326
2386 197 2400 204 ι-
2409 193 2476 207 --οηι

405 304 476 364 23
1599 313 1638 373 Ν
1657 315 2016 376 ICEPHORI
2068 318 2268 380 GREG
2279 319 2450 380 GRIE
3579 321 3648 384 9-1

400 423 564 482 atque
591 414 876 470 moderate
909 415 1244 487 indagandas
1275 423 1574 489 pertinent,
1607 441 1669 478 ea
1701 426 1962 484 lubentis-

2075 431 2510 503 φιλοπονώτερον
2564 435 2772 506 μετῄει.
2829 436 2940 490 Καὶ
3002 435 3175 490 ὁπόσα
3234 435 3334 503 μὲν
3393 435 3533 507 ὑπὲρ
3583 443 3648 489 τὰ

397 503 537 558 sime
564 505 808 570 admisit,
830 522 896 563 eo
919 509 1138 578 quidem
1161 512 1393 568 consilio
1451 530 1519 571 nc
1547 519 1972 574 conturbaretur

396 594 626 664 argutiis
650 596 1102 671 Latinorum,qui
1134 603 1206 657 ibi
1235 603 1500 670 incolunt,
1524 618 1578 663 et
1607 609 1749 680 regis
1778 611 1968 680 ipsius,

395 685 489 754 qui
550 686 602 741 in
645 688 747 745 hac
781 691 1044 748 doctrinae
1094 689 1248 764 parte
1295 711 1404 750 non
1463 698 1640 754 levem
1677 702 1968 769 quamdam

397 789 562 846 atque
603 780 935 838 mediocrem
991 799 1211 854 operam
1248 785 1550 850 insumunt.
1596 791 1802 862 quippe
1844 809 1968 848 cum

393 867 636 942 Egyptii
684 872 891 928 Arabes
923 890 988 930 ex
1047 877 1356 947 propinquo
1415 879 1610 936 crebro
1668 882 1736 936 ad
1788 899 1968 954 regem

395 976 491 1028 per
521 977 672 1018 mare
699 965 1122 1030 proﬁciscantur
1147 968 1321 1024 doctte
1347 970 1736 1041 disputationis
1763 983 1818 1030 et
1851 990 1969 1030 am-

393 1053 617 1110 bitionis
662 1070 846 1120 causa,
899 1073 1008 1113 non
1057 1060 1179 1114 sine
1234 1077 1427 1132 magna
1465 1063 1554 1119 illa
1605 1068 1970 1122 ostentatione

392 1145 656 1212 Arabum,
696 1149 787 1218 qui
833 1159 1000 1205 totam
1057 1151 1222 1207 vitam
1259 1154 1314 1210 in
1348 1171 1415 1210 eo
1443 1167 1656 1226 ponunt
1697 1159 1966 1226 studium,

391 1245 450 1288 ut
491 1235 771 1307 indagcnt,
809 1240 852 1294 si
907 1243 1054 1312 quod
1103 1247 1304 1302 veteris
1350 1247 1658 1306 Chaldaicze
1704 1252 1969 1308 doctrinae

387 1328 566 1384 adhuc
597 1332 888 1402 vestigium
936 1345 1208 1392 servetur.
1242 1339 1500 1396 Dicebant
1548 1343 1716 1406 enim,
1745 1359 1868 1399 cum
1902 1345 1969 1402 ab

385 1420 596 1490 Opilice
623 1424 914 1481 definitum
938 1438 1103 1494 esset,
1144 1440 1202 1486 ut
1235 1433 1442 1499 omnia,
1475 1449 1596 1502 qua:
1625 1438 1882 1492 oriuntur
1915 1449 1970 1494 et

389 1515 694 1582 intereunt,
727 1519 1034 1576 caelestium
1069 1522 1314 1579 siderum
1340 1527 1602 1594 qualitate
1631 1536 1686 1582 et
1711 1537 1859 1583 motu
1887 1531 1968 1584 ef—

391 1607 686 1662 tieerentur
710 1615 766 1664 et
791 1608 1183 1676 formarentur,
1235 1623 1399 1684 atque
1429 1631 1622 1670 eorum
1652 1617 1968 1674 collocatio-

385 1697 552 1754 nibus
583 1715 648 1756 ac
697 1702 1030 1770 rationibus,
1059 1721 1181 1775 qute
1227 1707 1294 1764 iis
1319 1723 1444 1764 cum
1479 1709 1644 1765 rebus
1688 1713 1964 1766 terrestri-

388 1790 492 1845 bus
535 1791 960 1861 intercederent,
1006 1796 1210 1854 ﬂumen
1263 1803 1508 1856 materiae
1555 1802 1712 1872 quasi
1747 1803 1960 1874 legibus

387 1893 676 1953 regeretur
723 1895 779 1942 et
833 1889 1112 1947 modulate
1159 1893 1550 1958 ordinaretur,
1607 1911 1956 1966 nequaquam

385 1974 543 2030 nobis
572 1977 906 2034 studendum
936 1997 1076 2050 esse,
1133 1995 1192 2039 ut
1222 1986 1396 2042 altero
1430 1987 1676 2056 negleCto
1723 1987 1959 2043 alterum

386 2076 598 2122 tantum
649 2085 1123 2142 cognosceremus.
1181 2077 1390 2132 Caecum
1451 2079 1598 2133 enim
1660 2079 1954 2148 quamdam

383 2157 648 2216 doctrina:
693 2164 836 2220 viam
874 2165 1108 2237 ingredi,
1145 2171 1238 2236 qui
1271 2185 1371 2226 nec
1419 2187 1543 2226 cum
1584 2171 1962 2240 speculatione

385 2252 579 2320 praxin
609 2256 942 2327 conjungere
961 2260 1123 2315 vellet
1147 2277 1322 2331 neque
1348 2279 1470 2317 cum
1499 2263 1670 2318 altero
1699 2262 1956 2316 alterunt.

385 2341 520 2400 Cum
553 2345 702 2400 enim
749 2350 804 2402 in
846 2349 1065 2405 duobus
1101 2352 1252 2408 hisce
1278 2355 1572 2424 generibus
1603 2352 1962 2423 philosophis:

387 2439 780 2508 contemplatio
839 2455 1108 2510 versetur,
1133 2461 1256 2500 eum
1290 2447 1434 2501 haud
1465 2463 1596 2502 sane
1655 2463 1838 2502 rerum
1872 2463 1928 2501 ra

389 2525 568 2582 tiones
597 2529 974 2598 cogniturum,
1003 2541 1061 2587 et
1091 2534 1324 2589 multum
1349 2535 1543 2591 abesse
1588 2531 1664 2591 ut'
1686 2536 1962 2606 perlectus

385 2616 606 2684 sapiens
626 2621 886 2689 appellari
925 2624 1116 2693 possit,
1145 2625 1237 2695 qui
1265 2641 1374 2680 non
1394 2624 1503 2698 34,
1524 2635 1752 2696 utraque
1784 2625 1960 2695 philo-

385 2709 593 2778 SOphize
613 2715 890 2784 mysteria,
912 2725 1174 2785 quantum
1199 2732 1340 2787 opus
1363 2726 1527 2782 esset,
1553 2717 1885 2786 perscrutari
1907 2718 1960 2770 in

387 2803 958 2882 animuminducerct.

2075 529 2400 598 ἐσκαμμένα
2447 525 2508 600 [ί.
2573 527 2674 582 109..
2725 527 2775 600 ίι]
2845 531 2960 592 τοῖς
3017 528 3265 580 εύσεϐἑσι
3311 528 3496 590 νόμοις
3553 532 3648 582 καὶ

2075 619 2368 692 ὑπερόριον
2417 621 2584 674 τείνει
2631 621 2791 683 πόδα,
2827 619 3002 674 ταῦτα
3041 620 3086 672 δ’
3131 617 3414 673 ἀπεσείετό
3457 637 3514 671 τε
3557 620 3648 672 καὶ

2072 713 2325 766 διέπτυεν
2351 714 2425 775 ὡς
2457 713 2708 784 ἄχρηστα
2739 713 2855 776 τοῖς
2899 711 3145 764 εὐσεϐεῖν
3191 711 3470 764 ἐθέλουσιν
3492 728 3506 744 ·
3543 712 3644 764 ὅσα

2073 806 2117 858 δ’
2165 806 2246 868 είς
2290 807 2417 869 τοὺς
2462 805 2892 875 δημιουργικοῦς
2934 805 3044 857 τῶν
3095 803 3267 856 όντων
3314 803 3484 870 ὑγιῶς
3516 804 3646 855 ἐπο-

2077 897 2268 966 ρεύετο
2305 897 2522 964 λόγους,
2562 898 2732 950 ταῦτα
2759 897 2804 950 δ’
2843 897 3096 963 ἀσμένως
3130 894 3454 948 παντάπασν
3497 895 3640 962 μάλα

2074 988 2350 1057 προσίετο.
2380 989 2628 1042 Κάκεῖνα
2657 987 2714 1040 δὲ
2747 986 2844 1040 τοῦ
2877 986 2952 1057 μὴ
2987 985 3294 1041 κλονεῖσθαι
3335 985 3500 1040 ἕνεκα
3529 989 3642 1048 τοῖς

2073 1080 2202 1150 περὶ
2241 1079 2308 1133 τὰ
2341 1078 2570 1134 τοιαῦτα
2599 1079 2829 1149 κομψοῖς
2857 1078 2965 1130 τῶν
2987 1079 3108 1130 ἐκεῖ
3139 1077 3410 1136 Λατίνων,
3449 1075 3541 1140 ξύν
3581 1093 3646 1144 γε

2073 1171 2222 1243 αὑτῷ
2255 1173 2406 1241 ῥηγὶ,
2436 1170 2538 1223 οὑκ
2583 1169 3054 1242 ἐρῤᾳθυμημένην
3105 1168 3227 1221 τινὰ
3264 1169 3366 1238 τὴν
3407 1169 3647 1236 σπουδὴν

2071 1261 2149 1332 τῷ
2201 1261 2390 1330 τοιῷδε
2441 1260 2692 1314 διδόντων
2733 1261 2888 1330 μέρει
2927 1262 3028 1330 τῆς
3073 1260 3289 1330 τέχνης,
3325 1261 3421 1314 an
3471 1260 3643 1330 ἀγχοῦ

2072 1354 2180 1408 τῶν
2231 1353 2554 1422 Αἰγυπτίων
2609 1352 2859 1424 Ἀράϐων
2917 1351 3118 1416 ὅντων,
3173 1353 3272 1406 καὶ
3333 1353 3502 1422 συχνά
3552 1354 3648 1405 καὶ

2070 1444 2374 1499 διαπόντιον
2405 1447 2462 1506 ἐς
2491 1441 2588 1496 τὸν
2632 1443 2776 1513 ρἦα
2809 1441 2910 1512 τήν
2942 1442 3130 1510 ἄφιξιν
3174 1443 3517 1509 ποιουμένων
3559 1442 3646 1493 λο-

2071 1537 2232 1602 γικῆς
2289 1549 2349 1586 τε
2388 1531 2606 1602 ὁμιλίας
2655 1532 2817 1585 ἕνεκα
2865 1531 2958 1585 καὶ
3010 1531 3128 1601 ἅμα
3161 1531 3494 1600 φιλοτιμίας,
3541 1549 3644 1600 μα·
3705 1535 3710 1540 ’

2071 1628 2202 1698 κρὶν
2247 1626 2656 1696 ἐπισυρομένης
2688 1623 2750 1678 τὸ
2799 1623 3166 1678 ἐπιδεικτικὸν
3213 1621 3465 1691 Ἀράϐων
3499 1622 3644 1673 ἐκεί-

2071 1737 2200 1785 νων,
2233 1713 2307 1774 ὧν
2337 1719 2427 1772 τὸν
2459 1721 2673 1772 ἅπαντα
2717 1717 2829 1786 βίον
2869 1717 3190 1787 ἀπασχολεῖ,
3225 1716 3278 1770 εί
3311 1715 3364 1768 τί
3406 1733 3510 1768 που
3542 1714 3644 1784 τῆς

2067 1813 2232 1867 πάλαι
2269 1810 2578 1877 Χαλδαῖκῆς
2601 1811 2913 1878 ἐπιστήμης
2945 1809 3290 1862 ἐλλέλειπται
3329 1807 3642 1876 σωζόμενον

2066 1905 2148 1956 ἐτι
2185 1903 2428 1972 σημεῖον.
2471 1902 2754 1969 Ἕφασκον
2779 1898 2886 1970 γὰρ
2927 1898 3000 1962 ὡς
3043 1898 3167 1951 ἐπεὶ
3189 1898 3260 1950 τὰ
3293 1897 3397 1950 ὑπὸ
3429 1896 3646 1964 γένεσιν

2069 1997 2246 2050 πάντα
2299 1995 2396 2048 καὶ
2451 1992 2636 2062 φθίσιν
2673 1993 2738 2060 τῇ
2774 1991 2884 2043 τῶν
2921 1989 3192 2060 οὐρανίων
3243 1988 3496 2057 ποιότητι
3547 1985 3644 2040 καὶ

2067 2087 2284 2156 κινήσει
2324 2083 2561 2154 πάσχειν
2599 2100 2661 2136 τε
2697 2083 2789 2136 καὶ
2817 2079 3205 2135 είδοποιεῖσθαι
3237 2079 3374 2150 πρὸς
3397 2076 3492 2132 τοῦ
3542 2076 3641 2147 δη-

2070 2175 2512 2248 μιουργήσαντος
2545 2170 2770 2241 ὥριστο,
2803 2171 2897 2223 καὶ
2927 2171 3040 2232 τοῖς
3085 2167 3310 2221 ἐκείνων
3357 2183 3644 2235 συσχημα-

2067 2265 2282 2333 τισμοῖς
2332 2280 2392 2316 τε
2443 2262 2536 2315 καὶ
2579 2263 2700 2324 ταῖς
2745 2260 2882 2329 προς
2915 2259 3183 2326 τάπὶγεια
3217 2255 3642 2310 συνοικειώσεσι

2069 2355 2130 2406 τὸ
2162 2353 2284 2424 ῥέον
2326 2352 2426 2422 τῆς
2458 2349 2652 2419 ὑλικῆς
2683 2351 2969 2418 ποιότητος
2999 2345 3111 2402 οἷον
3159 2346 3532 2418 νομοθετεῖτιί
3573 2361 3632 2398 τε

2069 2443 2164 2496 καὶ
2207 2441 2554 2512 ῥυθμίζεται,
2607 2439 2821 2508 ἀνάγκη
2877 2439 2953 2508 μὴ
3005 2437 3236 2507 θάτερον
3289 2436 3389 2505 μέν
3440 2434 3640 2488 είδέντι

2069 2534 2200 2604 περὶ
2239 2533 2437 2595 παντδς
2492 2531 2789 2598 ποιεῖσθαι,
2830 2531 3058 2602 θάτερον
3109 2529 3154 2582 δ’
3199 2527 3282 2582 οὗ.
3317 2527 3392 2582 Ἶί
3426 2528 3533 2596 γὰρ
3577 2527 3642 2580 ἂν

2069 2627 2238 2699 χωλὸν
2271 2625 2506 2698 βαδίσειε
2529 2623 2714 2695 τρίϐον
2741 2623 2842 2694 τῆς
2871 2623 3186 2694 ἐπιστήμης
3211 2621 3267 2684 ὃς
3303 2621 3368 2674 ἂν
3401 2621 3539 2690 μήτε
3563 2617 3640 2685 τῷ

2071 2715 2399 2787 θεωρητικῷ
2431 2714 2722 2768 συνάπτειν
2759 2713 2922 2785 ἐθέλῃ
2960 2711 3022 2766 τὸ
3069 2710 3372 2782 πρακτικὴν
3409 2709 3536 2779 μήτ’
3573 2705 3638 2760 αὖ

2072 2810 2288 2881 θατέρῳ
2343 2809 2591 2876 θάτερον.
2623 2807 2739 2877 Τῆς
2785 2805 2896 2876 γάρ
2945 2824 3026 2859 τοι
3065 2803 3382 2875 φιλοσοφίας
3424 2803 3482 2854 ἐν
3528 2803 3642 2860 τοῖς

383 2901 506 2956 δυσί
534 2903 747 2965 τούτοις
811 2905 976 2958 εῐδεσι
1021 2905 1426 2982 θεωρουμένης,
1465 2907 1626 2977 σχολῇ
1666 2909 1717 2973 γ’
1758 2907 1826 2961 ἂν
1899 2910 2027 2971 τοὺς
2063 2906 2256 2973 λόγους
2295 2905 2450 2974 γνοίη
2486 2903 2594 2958 τῶν
2631 2903 2825 2969 ὄντων,
2857 2901 3056 2956 πολλοὺ
3088 2903 3134 2954 δ’
3167 2900 3233 2955 ἂν
3263 2900 3374 2954 δεῖν
3407 2896 3550 2952 κατὰ
3579 2895 3642 2948 τὸ

384 3003 594 3066 ἐντελὲς
641 3001 910 3072 κληθῆναι
960 3003 1142 3072 σοφὸν,
1179 2995 1224 3071 ᾧ
1279 3003 1352 3073 μὴ
1398 3003 1570 3074 ἄμφω
1615 3003 1736 3058 καθ’
1781 3005 1954 3059 ὁπόσα
1991 3006 2074 3058 δεῖ
2105 3004 2348 3074 μετιέναι
2377 3002 2557 3056 ἔπεισι
2583 3001 2650 3055 τά
2677 2999 2780 3069 τῆς
2805 2998 3123 3067 φιλοσοφίας
3159 2997 3458 3068 μυστήρια.

466 3093 553 3147 IX.
585 3094 690 3150 Sed
725 3094 842 3150 hate
883 3094 1170 3150 hactenus.
1210 3096 1304 3150 llle
1335 3111 1484 3162 vero,
1514 3111 1636 3152 cum
1665 3097 1958 3166 plurimum

2133 3095 2210 3152 Θ’.
2255 3094 2419 3150 Ἀλλὰ
2457 3094 2665 3148 τούτων
2698 3093 2797 3161 μὲν
2829 3091 2970 3156 ἃλις.
3005 3093 3158 3162 Ἐμοὶ
3188 3089 3232 3143 δ’
3267 3089 3344 3154 ὡς
3373 3089 3442 3143 τὰ
3471 3089 3641 3143 πολλὰ

387 3189 560 3246 otium
595 3197 783 3258 ageret
805 3191 890 3244 vel
923 3189 1290 3259 occupatione
1321 3190 1438 3260 ipsa
1481 3192 1831 3261 praestantius
1862 3190 1964 3245 du-

384 3291 534 3338 ceret
566 3292 658 3336 tua
691 3296 852 3336 causa
883 3296 970 3336 me
1027 3282 1206 3362 colere
1259 3292 1426 3353 atque
1479 3297 1700 3348 curare,
1743 3296 1960 3336 mecum

384 3374 662 3430 circumiit
693 3373 954 3439 insulam,
991 3374 1345 3444 ostenditque
1391 3389 1513 3444 qua:
1543 3374 1772 3430 visenda
1802 3384 1962 3428 erant

383 3482 510 3522 cum
535 3466 834 3532 aliislocis,
859 3475 972 3522 tum
1007 3467 1060 3520 in
1082 3466 1328 3530 theatris,
1357 3467 1510 3532 foris,
1533 3466 1776 3536 judiciis.
1805 3465 1958 3520 Mon-

385 3561 583 3616 stravit
612 3574 778 3631 porro
807 3559 968 3625 mihi,
997 3569 1052 3613 ut
1099 3560 1488 3614 numismatum
1527 3571 1582 3614 ct
1617 3567 1960 3614 monetarum

388 3651 528 3706 ratio
569 3667 670 3721 per
711 3667 874 3706 omne
922 3665 1098 3706 arvum
1131 3649 1324 3707 eadem
1359 3660 1606 3706 maneret
1655 3667 1835 3720 neque
1865 3665 1964 3704 un-

383 3760 552 3815 quam
588 3759 654 3800 ne
679 3745 966 3800 minimum
997 3742 1218 3812 quidem
1254 3751 1596 3809 mutaretur;
1637 3751 1697 3796 ut
1721 3741 1775 3795 in
1827 3757 1964 3812 pon-

384 3837 613 3894 deribus
659 3847 823 3907 atque
869 3837 1146 3894 mensuris
1195 3836 1378 3892 omnia
1436 3849 1619 3889 rerum
1680 3833 1956 3889 venalium

383 3947 584 4000 genera
610 3929 877 3986 darentur
920 3939 1086 4001 atque
1131 3929 1518 3998 acciperentur
1549 3941 1658 3982 non
1699 3943 1798 3996 pro
1827 3942 1961 3980 ven—

384 4024 623 4080 ditorum
663 4024 1098 4094 uniuscujusque
1152 4023 1454 4085 voluntate,
1507 4021 1602 4076 sed
1653 4019 1958 4074 secundum

383 4125 600 4173 vetusta
647 4116 890 4172 civitatis
938 4115 1235 4180 instituta;
1275 4129 1386 4169 non
1437 4121 1602 4183 prout
1641 4112 1959 4166 divitiorum

383 4209 614 4263 avaritia
649 4215 706 4264 et
738 4208 972 4262 aviditas
1002 4207 1126 4277 plus
1170 4207 1320 4277 justo
1371 4205 1575 4260 lucrari
1619 4204 1820 4265 vellet,
1864 4207 1958 4257 sed

387 4311 552 4373 prout
583 4302 752 4372 leges,
784 4301 1088 4370 disciplina:
1123 4315 1153 4355 a
1180 4298 1480 4370 majoribus
1505 4297 1644 4352 bene
1678 4295 1963 4365 descriptae

385 4397 666 4462 custodes,
703 4411 800 4464 per
845 4411 1008 4450 omne
1039 4403 1255 4464 tempus
1280 4393 1562 4464 juberent.
1597 4389 1786 4459 Neque
1821 4389 1963 4443 divi-

384 4489 478 4545 tiis
503 4488 776 4544 excellens
805 4501 982 4556 neque
1005 4487 1184 4541 artatis
1211 4487 1408 4540 rohorc
1438 4483 1702 4554 praeditus
1739 4483 1814 4537 ibi
1845 4497 1960 4544 eos,

386 4583 481 4654 qui
513 4580 804 4637 inferiores
835 4591 1071 4648 utroque
1119 4593 1322 4647 genere
1365 4581 1476 4632 sint
1500 4609 1534 4643 ,-
1569 4578 1729 4633 facile
1779 4578 1964 4646 oppri-

388 4685 541 4726 mere
571 4677 737 4740 atque
793 4667 1194 4723 circumvenire
1241 4667 1456 4736 possit;
1517 4681 1640 4721 nam
1687 4667 1780 4737 qui
1817 4667 1964 4737 leges

386 4762 628 4818 civitatis
657 4760 740 4815 vel
775 4759 998 4816 minime
1037 4758 1340 4830 transgredi
1373 4760 1592 4826 audeat,
1628 4761 1673 4815 is
1707 4761 1888 4814 statim
1917 4761 1962 4814 si

387 4867 499 4906 non
533 4850 731 4920 capite,
754 4860 996 4905 attamen
1030 4849 1097 4904 iis
1127 4848 1390 4904 membris
1426 4848 1673 4918 corporis
1697 4849 1965 4903 multatur

390 4962 512 5016 quae
539 4961 633 5014 pro
681 4945 893 4999 ratione
921 4943 1106 4997 delicti
1151 4945 1296 5011 leges
1351 4943 1567 5012 jubent.
1623 4943 1747 4997 "ch
1803 4944 1963 5008 ratio,

389 5039 570 5108 inquit
623 5039 714 5092 ille
741 5077 755 5100 ,
792 5037 954 5092 crede
993 5036 1126 5091 mihi
1154 5075 1170 5101 ,
1223 5035 1272 5091 'si
1336 5044 1588 5090 servatur
1612 5077 1629 5100 ,
1679 5036 1967 5105 conjungit

385 5139 552 5198 atque
585 5131 832 5184 continet
862 5130 1113 5184 civitates
1147 5139 1203 5184 ct
1241 5129 1426 5188 urbes,
1457 5138 1634 5182 terras
1668 5137 1724 5181 et
1753 5128 1962 5182 insulas

387 5219 645 5290 privatim
681 5230 844 5291 atque
881 5221 1136 5290 publice;
1180 5221 1264 5276 sin
1313 5231 1497 5274 autem
1532 5219 1824 5281 evertitur,
1853 5218 1964 5271 acri

389 5315 601 5385 impetu
631 5313 796 5368 etiam
827 5313 934 5384 35
971 5329 1058 5368 res
1083 5313 1370 5368 universas
1397 5321 1455 5367 et
1479 5312 1718 5382 singulas
1743 5311 1962 5378 evertit,

388 5421 512 5476 qum
551 5405 848 5477 illegitima:
877 5406 932 5460 in
963 5405 1281 5461 civitatibus
1305 5414 1361 5458 et
1393 5405 1622 5460 urbibus
1651 5413 1960 5468 versantur,

388 5513 512 5552 cum
566 5499 718 5556 nullo
767 5508 924 5569 pacto
965 5499 1167 5564 rebus,
1213 5513 1335 5569 qua:
1382 5497 1486 5567 legi
1519 5505 1843 5568 repugnant,
1877 5497 1966 5549 ﬁr-

391 5607 540 5646 mum
571 5605 736 5662 atque
786 5593 980 5648 stabile
1033 5593 1454 5646 fundamentum
1501 5591 1724 5646 subesse
1774 5591 1962 5660 possit,

389 5685 484 5738 scd
528 5685 680 5739 brevi
724 5696 965 5756 tempore
1003 5686 1182 5740 omnis
1244 5684 1614 5753 providentia,
1663 5699 1785 5754 qua:
1821 5700 1963 5739 rem-

387 5777 661 5847 publicam
697 5780 1000 5848 contineat,
1033 5779 1098 5836 iis
1151 5767 1456 5848 exagitetur
1505 5785 1558 5834 ct
1609 5775 1960 5840 dissolvatur,

2069 3190 2268 3261 σχολὴν
2319 3188 2491 3257 ἄγων,
2536 3186 2570 3258 ἢ
2623 3185 2719 3239 καὶ
2773 3183 3030 3254 ἀσχολίας
3080 3185 3384 3252 ὑπέρτερον
3431 3182 3640 3245 ἐκεῖνος

2067 3283 2300 3352 πρᾶγμα
2331 3277 2652 3350 ποιούμενος
2689 3275 3020 3348 θεραπεύειν
3041 3275 3150 3343 ,ἐμέ
3193 3275 3282 3327 διὰ
3311 3275 3395 3337 σέ,
3425 3276 3636 3332 ἐδείκνυ

2066 3373 2296 3443 περιιὼν
2349 3371 2446 3424 καὶ
2491 3367 2932 3438 περιηγούμενος
2983 3367 3157 3420 ὁπόσα
3195 3369 3260 3438 τῇ
3306 3368 3455 3438 νήσῳ
3485 3367 3641 3437 περί-

2067 3483 2220 3520 εστιν
2265 3464 2392 3530 ἄξια
2437 3462 2678 3527 θέας,τά
2721 3479 2780 3514 τε
2823 3461 2960 3514 ἄλλα
3009 3464 3104 3513 καὶ
3145 3463 3246 3514 ὅσα
3275 3461 3333 3512 ἐν
3362 3461 3637 3528 θεάτροις,

2062 3562 2121 3612 ἐν
2164 3559 2415 3628 ἀγοραῖς,
2453 3558 2512 3609 ἐν
2549 3553 2950 3624 δικαστηρίοις,
2984 3553 3046 3605 τὸ
3087 3554 3144 3605 ἐν
3191 3550 3494 3622 νομίσμασι
3541 3551 3638 3604 καὶ

2065 3657 2385 3727 χαράγμασι
2437 3651 2528 3704 τὸν
2570 3649 2788 3708 ἅπαντα
2831 3650 3027 3719 χρόνον
3068 3646 3336 3711 ὡσαύτως
3385 3645 3506 3717 ἔχον
3542 3646 3639 3699 καὶ

2069 3747 2290 3820 μηδαμῆ
2345 3747 2469 3816 μηδ’
2507 3737 3174 3816 ὁπωσοῦντρεπῦμενον,
3223 3741 3317 3794 καὶ
3367 3740 3520 3801 ὅπως
3579 3738 3638 3791 ἐν

2065 3839 2330 3910 σταθμοῖς
2365 3840 2460 3893 καὶ
2513 3839 2734 3908 μέτροις
2767 3837 3089 3904 πλάστιγξιν
3142 3833 3229 3906 εἴη
3276 3832 3531 3900 διδόμενά
3579 3847 3638 3883 τε

2065 3936 2161 3987 καὶ
2189 3931 2580 4001 λαμϐανόμενα
2613 3930 2729 4000 είδη
2753 3930 3010 3996 καθάπαξ
3047 3928 3224 3982 ὠνίων
3265 3929 3504 3989 ἅπαντα,
3537 3925 3638 3995 οὑχ

2064 4025 2141 4090 ὼς
2167 4027 2276 4080 τῶν
2315 4024 2741 4095 πιπρασκόντων
2764 4023 2996 4084 ἕκαστος
3043 4019 3276 4092 βούλοιτ’
3303 4019 3392 4084 ἂν,
3419 4017 3535 4072 ἀλλ’
3561 4016 3638 4079 ὡς

2064 4120 2132 4172 τὰ
2158 4119 2258 4188 τῆς
2291 4117 2570 4178 πολιτείας
2603 4114 2808 4186 ἀρχαῖα
2831 4111 3116 4166 κελεύουσι
3143 4110 3541 4180 δόγματα,οὑδ“
3565 4110 3642 4172 ὡς

2064 4211 2166 4281 τῆς
2197 4211 2306 4265 τῶν
2343 4208 2754 4278 εὑτυχεστέρων
2785 4205 3106 4273 πλεονεξίας
3149 4205 3210 4259 τὸ
3249 4204 3428 4275 λίχνον
3459 4220 3642 4273 παρα-

2065 4303 2373 4373 κερδαίνειν
2407 4301 2600 4367 ἐθέλει,
2643 4301 2758 4354 ἀλλ’
2789 4301 2864 4362 ὡς
2909 4305 2958 4354 οἱ
3003 4299 3250 4370 σωτῆρες
3297 4299 3396 4367 τῆς
3437 4297 3643 4353 ἄνωθεν

2071 4395 2326 4462 εὐταξίας
2375 4395 2774 4466 προστάττουσι
2817 4395 2974 4464 νόμοι
3025 4394 3116 4446 τὶν
3165 4391 3382 4446 ἅπαντα
3427 4393 3640 4462 χρόνον.

2072 4487 2196 4541 Οὐδ’
2225 4490 2253 4541 ό
2283 4487 2499 4558 πλούτῳ
2533 4483 2808 4558 προῦχων,
2843 4484 2954 4538 οὐδ’
2999 4477 3043 4551 ᾧ
3093 4481 3217 4537 καθ’
3245 4481 3465 4553 ἡλικίαν
3509 4498 3646 4550 προ-

2073 4581 2366 4650 ϐεϐηκέναι
2420 4578 2639 4649 ξυνέϐη,
2667 4582 2729 4634 τδ
2763 4577 2925 4632 πλέον
2977 4577 3121 4640 ἕξειν
3169 4578 3227 4629 ἐν
3275 4577 3488 4637 τούτοις
3534 4571 3646 4636 οἷός

2070 4673 2118 4726 τ’
2145 4674 2211 4728 ἂν
2241 4672 2328 4744 είη
2365 4674 2482 4725 ἐκεῖ
2509 4670 2616 4724 τῶν
2647 4673 2892 4740 ἡσσόνων
2930 4678 3051 4724 κατ’
3081 4669 3269 4738 ἄμφω.
3299 4666 3450 4736 Ταχὺ
3495 4665 3644 4735 μέντ’

2071 4766 2140 4819 ἂν
2185 4764 2532 4834 ἀφαιρεθείη.
2576 4764 2626 4815 εἰ
2659 4761 2734 4833 μὴ
2765 4763 2863 4832 τῆς
2910 4761 3173 4832 κεφαλῆς,
3205 4760 3321 4813 ἀλλ’
3349 4759 3442 4814 οὖν
3469 4760 3644 4814 ὁπόσα

2073 4857 2182 4910 τῶν
2215 4857 2308 4910 τοῦ
2342 4857 2593 4925 σώματος
2628 4855 2804 4924 μελῶν
2833 4855 2975 4908 κατὰ
3011 4855 3072 4908 τὸ
3101 4853 3196 4908 τοῦ
3234 4853 3644 4924 ἁμαρτηθέντος

2074 4951 2336 5018 ἀνάλογον
2369 4951 2418 5002 oi
2457 4949 2763 5018 vdpov'rﬁ;
2809 4947 3084 5011 πολιτείας
3131 4949 3469 5013 κελεύουσιν,
3497 4949 3646 5010 ὅστις

2073 5042 2274 5104 αὑτοὺς
2326 5041 2660 5109 καπηλεύειν
2722 5040 2974 5094 ὁπωσοῦν
3029 5039 3271 5111 τολμῴη.
3333 5042 3444 5094 Καὶ
3499 5040 3645 5093 τοῦτ’

2073 5135 2243 5198 ἐστὶν,
2290 5135 2478 5196 ἔλεγεν
2523 5135 2733 5196 ἐκεῖνος
2788 5133 2912 5203 ἐμοὶ
2975 5133 3230 5202 βεϐαιῶν,
3262 5133 3290 5185 δ
3337 5133 3648 5201 σωζόμενον

2077 5227 2178 5295 μὲν
2211 5225 2494 5295 συνίστησι
2527 5227 2626 5278 καὶ
2654 5226 2871 5295 συνέχει
2905 5225 3183 5288 πολιτείας
3213 5226 3306 5277 καὶ
3335 5225 3520 5287 πόλεις
3555 5227 3648 5277 καὶ

2073 5316 2336 5384 ἠπείρους
2367 5315 2428 5386 [1³.
2463 5315 2562 5369 105
2589 5314 2644 5386 τι]
2684 5317 2776 5368 καὶ
2819 5317 3042 5386 νήσους,
3077 5318 3172 5369 καὶ
3222 5315 3329 5387 ίδίᾳ
3356 5317 3450 5369 καὶ
3481 5316 3650 5386 δημο-

2075 5410 2187 5480 σία,
2241 5409 2683 5478 ἀνατρεπόμενον
2733 5408 2778 5461 δ’
2840 5406 2906 5462 αὖ
2971 5409 3172 5472 ὀξείαις
3243 5409 3646 5479 συνανατρέπει

2075 5504 2268 5572 ῥοπαῖς
2298 5502 2367 5554 τά
2395 5519 2455 5554 τε
2505 5501 2659 5554 κοινὰ
2710 5502 2803 5564 καὶ
2844 5501 2967 5555 καθ’
3011 5503 3214 5555 ἕκαστα
3248 5502 3358 5555 τῶν
3390 5503 3647 5574 πραγμιά-

2071 5613 2180 5648 των
2229 5595 2328 5648 ὅσα
2387 5595 2576 5648 πόλεσί
2635 5611 2694 5648 τε
2750 5595 2844 5649 καὶ
2894 5595 3198 5656 πολιτείαις
3247 5593 3647 5661 ἐγκαλινδεῖται

2073 5677 2563 5756 παρανομούμενσ,
2599 5687 2823 5758 μηδαμῆ
2865 5689 2978 5750 τοῖς
3017 5687 3360 5756 παρανόμοις
3405 5687 3646 5738 συνεῖναι

2073 5778 2236 5850 φύσιν
2262 5779 2492 5852 ἐχούσης
2539 5782 2634 5850 τῆς
2670 5782 2885 5850 ἑδραίας
2927 5780 3187 5848 διαμονῆς
3221 5779 3315 5832 καὶ
3357 5779 3628 5850 κρηπῖῖος.
