4070 6326
391 365 462 425 25
1375 384 1825 449 ΒΥΖΧΝΤΙΝιἘ
1870 392 1953 450 HI

2058 395 2254 459 ORI/E
2300 401 2441 463 LIB.
2485 405 2666 464 XXV.
3568 408 3636 469 56

396 477 513 581 ἀλλ’
545 479 603 530 ἐν
625 479 683 581 οὐ
724 484 919 553 μακρῷ
948 485 1025 557 τῷ
1053 491 1229 559 χρόνῳ
1256 494 1428 565 ῥᾷστα
1457 500 1828 570 σαλευομένης
1868 506 1955 557 καὶ

2069 511 2365 567 harmonia:
2417 516 2622 578 instar,“
2645 533 2768 571 cum
2833 518 3052 571 chorda:
3101 517 3505 581 dirumpuntur.
3565 521 3634 573 [Et

395 570 754 666 διαλυομένης
795 577 1012 648 ἀπάσης
1076 586 1331 651 προνοίας
1388 591 1729 661 συνδετικῆς,
1779 594 1967 666 ὥσπερ

395 662 662 753 ἁρμονίας
689 670 1045 738 ῥηγνυμένων
1068 676 1178 728 τῶν
1200 680 1429 749 χορδῶν.
1454 683 1567 752 Τῆς
1595 688 1703 753 γὰρ
1734 662 1966 741 καθόλου

397 752 673 848 πολι-τείας
708 759 1077 848 ύγιαινούσης,
1108 764 1320 838 ἀνάγκη
1373 771 1547 836 δήπου
1584 776 1679 827 καὶ
1720 778 1787 829 τά
1822 781 1966 848 μέρη

398 843 576 906 καλῶς
603 846 966 903 ἀπαλλάττειν
998 857 1493 929 συνεξομοιούμενα
1526 864 1605 933 τῷ
1640 865 1766 931 ὅλῳ,
1798 843 1967 920 καθάἐ

405 948 510 1002 περ
545 930 636 986 οὖν
671 937 979 994 τούναντίον
1023 949 1283 1019 νοσούσης
1331 954 1425 1004 καὶ
1473 955 1612 1007 αὐτὰ
1665 962 1962 1025 συννοσεῖν,

398 1024 476 1089 ὡς
541 1029 622 1089 είς
665 1032 975 1099 ἀρχέτυπον
1035 1040 1132 1109 τὴν
1196 1043 1431 1113 μίμησιν
1478 1048 1819 1118 ἀναφέροντα
1874 1024 1965 1107 καλ

400 1118 652 1212 μάρτυρα
689 1123 994 1198 βεϐαιωτὴν
1029 1132 1127 1200 τῆς
1161 1137 1363 1201 κακίας
1388 1145 1834 1212 προενηνεγμένα
1864 1148 1965 1212 τὴν

398 1207 680 1278 πολιτικὴν
721 1214 896 1283 ἀρχὴν
942 1220 1033 1271 καὶ
1084 1207 1441 1281 κατάστασινξ
1470 1207 1965 1293 Δίκαιοςῖτοίνυνό

399 1296 599 1388 Κύριος
630 1301 722 1359 ὣν.
761 1308 849 1356 καὶ
901 1307 1250 1376 δικαιοσύνας
1301 1317 1378 1379 ὡς
1419 1318 1479 1370 τὸ
1524 1321 1670 1382 εἰκὸς
1710 1322 1961 1388 ἀγαπῶν,

396 1387 521 1455 eoo:
551 1393 751 1458 μᾶλλον
783 1395 907 1466 ἔθνη
941 1398 977 1452 ἃ
1011 1402 1087 1470 μὴ
1116 1405 1281 1472 νόμον
1315 1408 1413 1474 μὲν
1447 1409 1579 1477 ἔχει,
1614 1411 1774 1477 φύσει
1808 1413 1863 1465 δὲ
1896 1387 1964 1465 τά

396 1482 491 1532 τοῦ
523 1486 689 1552 νόμου
718 1491 862 1539 ποιεῖ
894 1492 1033 1544 κατά
1068 1494 1155 1547 τὸν
1184 1496 1327 1551 θεῖον
1353 1498 1700 1567 Ἀπόστολον,
1739 1508 1888 1572 μισεῖ
1906 1506 1962 1558 δὲ

395 1572 447 1623 οἳ
470 1573 568 1643 ζῇν
598 1577 696 1644 μὲν
723 1579 956 1650 ᾕρηνταί
1001 1602 1059 1636 τε
1106 1589 1199 1640 καὶ
1235 1592 1632 1660 ἐπηγγείλαντο
1670 1599 1808 1649 κατά
1836 1600 1961 1659 τοὺς

395 1667 494 1736 τῆς
518 1669 798 1736 εὐσεϐείας
833 1676 1068 1745 θεσμοὺς
1109 1683 1203 1734 καὶ
1242 1685 1459 1752 νόμους,
1495 1684 1676 1756 ἔργοις
1705 1688 1750 1740 δ’
1778 1690 1959 1751 αὐτοῖς

395 1763 905 1832 καταψευδομένους
951 1769 1062 1821 τῶν
1101 1772 1447 1840 ἐπαγγελιῶν
1497 1778 1588 1829 καὶ
1628 1779 1958 1847 ἀποσειομέ-

2070 602 2239 663 enim.
2271 605 2315 656 si
2351 614 2523 659 totum
2552 607 2788 660 civitatis
2843 623 3041 674 corpus
3090 624 3283 661 sanutn
3330 616 3431 670 cst,
3472 609 3633 661 etiam

2068 695 2314 747 membra
2354 710 2476 748 cum
2496 712 2560 750 eo
2584 698 2975 751 concordantia
3009 699 3148 751 bene
3174 714 3290 752 sese
3312 699 3514 752 habere
3537 716 3633 753 ne-

2067 797 2220 837 cesse
2252 794 2355 846 est,
2383 788 2463 839 sic
2493 799 2703 853 contra,
2736 789 2828 842 ubi
2860 790 2989 843 illud
3044 800 3290 859 zegrotat,
3320 792 3483 844 etiam
3522 792 3637 844 haec

2067 888 2177 927 non
2208 887 2438 944 possunt
2468 886 2573 932 n0n
2611 895 2753 949 tegre
2786 881 2977 935 affecta
3017 898 3160 944 esse,
3191 884 3393 949 quippe
3424 897 3543 950 qua:
3582 880 3636 933 id

2066 976 2323 1035 tanquam
2391 971 2627 1039 primum
2694 972 2968 1041 quoddam
3017 975 3293 1043 exemplar
3354 973 3637 1026 imitentur

2066 1066 2228 1125 atque
2260 1058 2499 1115 civitatis
2528 1062 2989 1130 gubernationem
3027 1078 3090 1118 ac
3120 1074 3321 1117 statum
3361 1071 3423 1117 ut
3476 1063 3637 1116 vitio-

2065 1148 2245 1203 sitatis
2293 1158 2487 1204 testem
2540 1152 3033 1221 locupletissimum
3090 1154 3384 1223 proferant.
3450 1154 3635 1207 Domi-

2065 1254 2168 1294 nus
2194 1250 2395 1303 autem,
2428 1242 2518 1309 qui
2547 1243 2727 1313 justus
2756 1255 2839 1298 est
2869 1254 2941 1304 et.
2975 1258 3032 1300 ut
3070 1255 3523 1307 consentaneum,
3549 1246 3635 1311 iu-

2066 1331 2272 1385 stitiam
2300 1343 2463 1396 amat,
2516 1334 2581 1387 ad
2624 1336 2883 1403 maiorem
2932 1337 3248 1390 felicitatem
3280 1336 3464 1390 evehit
3500 1351 3634 1403 gen-

2068 1422 2208 1487 tiles,
2258 1425 2375 1492 qui,
2432 1434 2490 1479 ut
2543 1426 2620 1481 ait
2652 1438 2880 1480 sanctus
2909 1428 3267 1497 Apostolus‘,
3321 1441 3632 1496 quanquam

2064 1515 2269 1568 nullam
2297 1515 2533 1571 habeant
2574 1520 2743 1588 legem
2775 1560 2788 1580 ,
2847 1530 3023 1573 tamen
3078 1530 3270 1573 natura
3320 1518 3459 1595 duce
3515 1518 3634 1587 ejus

2066 1606 2354 1675 prteceptis
2386 1608 2788 1677 obsequuntur,
2818 1611 2934 1666 odit
2985 1625 3117 1665 vero
3155 1626 3250 1665 eos
3284 1611 3376 1679 qui
3411 1610 3632 1678 quidem

2065 1696 2117 1748 in
2159 1710 2217 1749 se
2241 1710 2603 1764 susceperunt
2624 1709 2789 1769 atque
2820 1700 3048 1769 professi
3084 1711 3215 1755 sunt
3244 1716 3303 1755 se
3332 1701 3630 1755 secundum

2065 1785 2345 1855 religionis
2374 1788 2626 1843 instituta
2652 1791 2909 1861 legesque
2959 1806 3080 1846 esse
3108 1791 3371 1854 victuros,
3396 1791 3633 1845 actioni-

396 1867 520 1913 νους
543 1853 717 1906 πάντα
746 1856 1091 1927 δικαιοσύνης
1117 1864 1315 1916 κανόνα
1341 1866 1431 1917 καὶ
1461 1867 1725 1937 στάθμην.
1765 1869 1823 1920 Ὀ
1850 1869 1955 1940 γὰρ

2067 1875 2169 1930 bus
2196 1886 2375 1931 tamen
2408 1881 2671 1947 promissa
2699 1882 2928 1935 eludunt
2950 1892 3213 1937 etomnes
3246 1883 3470 1953 iustitia:
3501 1898 3631 1935 nor-

392 1942 742 2017 δικαιοσύνην
785 1948 885 2018 μὲν
920 1952 1420 2024 ἀποστρεφόμενος,
1453 1958 1666 2021 ἀδικίας
1698 1960 1745 2013 δ’
1773 1961 1964 2016 ἀνθαιο

395 2036 653 2106 ρούμενος
685 2041 945 2110 κλήρους,
980 2046 1074 2099 καὶ
1107 2048 1243 2115 μήτε
1284 2050 1408 2111 τοὺς
1435 2049 1610 2112 θείους
1641 2052 1960 2121 αἰδούμενος

392 2130 610 2197 νόμους,
649 2137 992 2205 περιφρονῶν
1035 2138 1080 2191 δ’
1127 2139 1466 2205 ἀνθρώπινον
1504 2143 1725 2196 ἃπασαν
1767 2144 1959 2214 τύχην,

392 2218 546 2282 οὗτος
568 2222 813 2293 ἀφώρισε
840 2226 938 2293 μὲν
968 2227 1111 2280 ἑκών
1140 2244 1201 2295 γε
1235 2224 1373 2281 εἶναι
1398 2231 1536 2283 Θεοῦ
1566 2232 1657 2284 τοῦ
1686 2234 1783 2302 τῆς
1806 2234 1963 2304 δίκης

392 2310 603 2382 ἔχοντος
636 2318 756 2377 τοὺς
799 2318 1022 2386 θρόνους
1057 2321 1243 2389 σαφῶς
1283 2322 1498 2383 ἑαυτδν,
1529 2326 1873 2394 συνῳκείωσε
1915 2327 1960 2380 δ’

391 2404 510 2473 ἅμα
537 2408 612 2477 τῷ
641 2409 891 2480 διαϐόλῳ.
932 2415 1026 2466 Διὸ
1058 2417 1153 2468 καὶ
1202 2417 1516 2469 πλεονεκτεῖ
1555 2418 1650 2485 μὲν
1684 2418 1827 2471 κατά
1864 2420 1961 2485 τῆς

391 2498 573 2569 χώρας
622 2502 839 2571 ἐκείνης
886 2504 955 2559 τὰ
1006 2500 1258 2580 χείρω,ᾖ
1308 2508 1375 2561 τά
1419 2509 1594 2562 τοιάδε
1630 2513 1958 2581 γεωργεῖται

391 2593 556 2657 κακὰ,
585 2599 890 2662 μειονεκτεῖ
918 2598 963 2650 δ’
1010 2599 1292 2668 ἑπομένως
1322 2601 1389 2654 τὰ
1421 2602 1655 2671 κρείττω
1681 2619 1695 2634 ο
1746 2604 1838 2655 καὶ
1871 2604 1956 2670 γί-

389 2693 539 2736 νεται
570 2686 837 2757 παντελὴς
867 2689 984 2741 ἐκεῖ
1014 2690 1193 2742 καλῶν
1228 2691 1453 2759 ἐρημία,
1483 2694 1576 2744 καὶ
1604 2696 1955 2765 κατορχεῖται

387 2770 576 2826 λοιπὸν
604 2777 699 2828 καὶ
740 2776 769 2827 ὁ
809 2776 1054 2842 διάϐολος
1090 2780 1259 2849 ἄρδην
1286 2782 1457 2850 αὐτῆς
1487 2783 1793 2846 εὐσεϐείας,
1823 2786 1956 2852 πρὸς

390 2860 619 2931 ἄρνησιν
670 2865 796 2927 τοὺς
846 2867 995 2934 αύτῷ
1051 2870 1407 2937 πειθομένους
1456 2874 1627 2941 συχνά
1674 2876 1954 2941 ἐρεθίζων.

391 2949 492 3007 Οἷα
530 2954 594 3024 δὴ
634 2958 773 3010 κάπὶ
806 2960 906 3028 τὴν
938 2960 1247 3022 Βυζαντίων
1297 2964 1552 3030 γενέσθαι
1586 2966 1955 3035 ξυμπέπτωκε

390 3047 702 3100 πολιτείαν
742 3052 1020 3119 μισήσασα
1061 3055 1167 3121 γὰρ
1212 3056 1471 3125 ἀλήθειαν
1515 3060 1699 3129 ἐκείνη
1736 3063 1830 3114 καὶ
1861 3081 1957 3115 πο-

2067 1983 2182 2021 mas
2208 1984 2270 2022 ac
2298 1970 2512 2038 regulas
2556 1970 2842 2041 abjicinnt.
2871 1972 2974 2038 Qui
3010 1973 3156 2025 enim
3183 1972 3449 2041 justitiam
3479 1987 3635 2025 aver-

2067 2066 2217 2110 satus
2260 2059 2539 2127 injustitia:
2573 2062 2926 2129 amplectitur
2974 2070 3175 2124 sortes,
3221 2069 3274 2115 et
3303 2060 3513 2130 legibus
3553 2060 3633 2113 di-

2066 2148 2206 2201 vinis
2241 2149 2438 2216 spretis
2494 2150 2787 2203 humanam
2837 2153 3138 2219 quamlibet
3193 2152 3469 2205 fortunam
3523 2153 3633 2205 cir-

2042 2239 2376 2306 'cumspicit,
2413 2241 2457 2294 is
2488 2242 2774 2297 manifesto
2821 2259 2878 2296 se
2915 2244 3180 2313 disjnnxit
3232 2258 3331 2296 sua
3378 2251 3570 2311 sponte
3602 2259 3629 2295 a

2066 2329 2175 2383 Deo
2204 2332 2429 2397 justitiae
2475 2334 2670 2386 solium
2730 2344 2944 2388 tenente
2971 2373 2986 2396 ,
3047 2344 3211 2401 atque
3254 2349 3376 2387 cum
3414 2333 3630 2387 diabolo

2064 2426 2334 2476 contraxit
2374 2424 2820 2481 familiaritatem.
2848 2427 2963 2491 Qua
2986 2430 3050 2480 de
3076 2442 3235 2480 causa
3262 2426 3313 2479 in
3347 2426 3433 2479 illa
3460 2436 3625 2488 terra,

2064 2515 2155 2569 ubi
2177 2516 2297 2569 talia
2318 2528 2577 2571 seruntur
2594 2519 2752 2582 mala,
2768 2518 2876 2589 36
2889 2521 3136 2588 pessimae
3154 2531 3298 2573 artes
3314 2520 3626 2588 praevalent,

2060 2608 2293 2660 virtutes
2321 2622 2454 2661 vero
2478 2610 2789 2663 necessario
2830 2612 3149 2665 inferiorem
3186 2619 3379 2664 tenent
3412 2611 3627 2673 locum;

2062 2696 2134 2751 ibi
2167 2698 2641 2754 exsistitomnium
2686 2702 2951 2755 bonorum
2989 2704 3242 2767 vastitas;
3292 2702 3362 2755 ibi
3396 2702 3632 2769 denique

2059 2788 2307 2843 diabolus
2339 2790 2392 2842 in
2441 2790 2612 2859 ipsam
2651 2792 2972 2862 religionem
3025 2794 3499 2860 impudentissime
3546 2792 3629 2844 in-

2061 2880 2254 2944 sultat,
2285 2898 2447 2949 quam
2486 2895 2546 2938 ut
2579 2885 2849 2952 denegent
2896 2893 2951 2938 et
3004 2885 3191 2937 tollant
3237 2898 3366 2936 suos
3397 2884 3631 2936 asseclas

2058 2972 2260 3025 acriter
2290 2973 2531 3042 instigat.
2579 2973 2707 3027 Tale
2743 2972 2873 3042 quid
2903 2973 3067 3028 etiam
3106 2974 3480 3042 Byzantiorum
3517 2977 3628 3024 rei-

2060 3063 2291 3130 publicat
2328 3063 2549 3117 accidit.
2584 3062 2722 3119 Odio
2758 3064 2903 3119 enim
2937 3066 2989 3117 in
3020 3067 3304 3119 veritatem
3332 3073 3386 3117 et
3409 3064 3628 3131 imperii

390 3140 601 3211 λιτικῆς
635 3143 810 3212 ἀρχῆς
837 3145 1204 3218 δικαιοσύνην,
1235 3150 1633 3222 οἰκειωσαμένη
1664 3154 1711 3207 δ’
1743 3154 1955 3209 ἀδικίαν

2058 3155 2323 3225 justitiam
2378 3168 2684 3226 concepto,
2745 3157 3011 3224 iniustitia
3059 3171 3190 3209 vero
3223 3166 3278 3210 et
3326 3154 3627 3209 mendaciis

391 3233 487 3284 καὶ
522 3232 736 3302 ψεῦδος,
777 3236 925 3299 ὅλαις
972 3239 1252 3309 παλάμαις
1290 3242 1386 3304 τὰς
1424 3244 1629 3313 ἑαυτῆς
1665 3247 1798 3314 πρὸς
1832 3249 1951 3301 ἀσέο

391 3325 546 3377 ϐειαν
593 3326 894 3380 ἀνεπέτασε
940 3331 1134 3393 πύλας.
1172 3333 1421 3404 Κάπειδὴ
1459 3335 1534 3405 τῷ
1565 3336 1797 3407 διαϐόλῳ
1847 3339 1957 3391 σὼο

394 3431 565 3482 ματος
610 3416 701 3467 ἐπὶ
754 3417 963 3481 τούτοις
1017 3420 1124 3473 ἔδει
1177 3423 1271 3475 καὶ
1322 3423 1556 3492 ὀργάνου
1612 3427 1757 3494 μάλα
1811 3430 1957 3499 αὐτῷ

390 3508 761 3577 προσήκοντος
792 3510 905 3574 νῦν,
943 3511 1185 3582 εὑρίσκει
1228 3516 1512 3583 Παλαμᾶν,
1546 3519 1857 3589 ἀνδράριον,
1882 3523 1958 3586 ὡς

391 3600 605 3668 ἀκήκοα
626 3602 746 3670 μὲν,
780 3603 1152 3674 ἐντελέστερον
1182 3606 1229 3658 δ’
1257 3609 1321 3661 ἐκ
1360 3609 1461 3679 τῆς
1511 3612 1675 3664 αὐτοῦ
1711 3615 1958 3684 μεμαθή-

388 3704 507 3741 κειν
533 3690 771 3760 γραφῆς,
806 3693 1021 3756 εὐτελὲς
1046 3695 1145 3762 μὲν
1174 3697 1349 3759 ἄλλως
1371 3701 1464 3751 καὶ
1498 3702 1639 3771 πλὴν
1673 3703 1766 3755 τοῦ
1799 3721 1956 3756 κενο-

388 3778 563 3843 δοξεῖν
606 3782 698 3833 καὶ
748 3784 816 3835 δι’
854 3786 983 3838 αὑτό
1023 3788 1085 3853 γέ
1133 3806 1215 3841 τοι
1260 3789 1416 3842 τοῦτο
1445 3792 1755 3857 κακοδοξεῖν
1793 3796 1955 3847 πλέον

389 3872 529 3933 είδὸς
560 3874 712 3926 οὐδὲν
742 3876 889 3943 ὑγιές
910 3892 924 3907 ⁸
974 3878 1063 3931 καὶ
1110 3878 1281 3950 τούτῳ
1333 3887 1642 3955 συμμαχεῖν
1676 3886 1955 3949 πεπεικὼς

388 3966 516 4027 τοὺς
553 3970 611 4018 ἐν
659 3968 899 4040 ἐξουσίᾳ,
953 3971 1129 4024 πάντα
1177 3973 1480 4044 συλλήὸδην
1527 3978 1719 4039 εἰπεῖν,
1783 3980 1953 4030 ὁπόσα

389 4059 512 4111 κατ’
539 4059 728 4129 ἄλλους
760 4060 894 4113 ἄλλα
925 4064 1153 4132 καιροὺς
1181 4068 1297 4127 ταῖς
1333 4065 1428 4118 τοῦ
1458 4067 1595 4119 Θεοῦ
1632 4068 1953 4136 ἐκκλησίαις

388 4149 597 4218 βέϐηλά
644 4167 702 4203 τε
753 4153 844 4205 καὶ
883 4154 1012 4206 νόθα
1049 4157 1469 4227 παρεισεφθάρη
1509 4159 1775 4227 δόγματα,
1814 4160 1953 4228 πρὸς

386 4243 482 4296 ἕνα
506 4247 713 4300 τουτονὶ
753 4244 1020 4315 συνήλασε
1054 4250 1265 4317 χρόνον,
1288 4249 1390 4325 ’καὶ
1440 4252 1712 4321 πολύχουν
1750 4255 1950 4323 κομιδῆ

383 4335 446 4385 τὸ
478 4337 711 4403 πονηρὸν
739 4336 998 4390 ἐσκέδασε
1031 4340 1172 4390 κατὰ
1220 4338 1317 4406 τῆς
1351 4339 1680 4406 Ἐκκλησίας
1710 4344 1948 4413 Χριστοῦ

383 4423 446 4476 τὸ
493 4422 777 4493 γεώργιον.
831 4427 908 4481 Οὐ
954 4428 1060 4498 γάρ
1117 4430 1409 4484 πολυθεϊαν
1466 4435 1626 4500 μόνον
1659 4436 1950 4503 ἐδίδαξενό

2059 3247 2472 3309 adscitis,omni
2531 3249 2728 3301 virium
2783 3251 3137 3303 contentione
3178 3249 3443 3317 impietati
3481 3247 3628 3300 fores

2061 3337 2305 3391 reclusit.
2338 3341 2452 3399 Qua
2499 3337 2551 3391 in
2612 3353 2669 3391 te
2706 3355 2828 3392 cum
2868 3339 3085 3394 diabolo
3114 3354 3343 3407 corpore
3385 3338 3621 3407 quodam

2058 3441 2116 3484 et
2156 3432 2519 3485 instrumento
2555 3430 2658 3484 sibi
2687 3431 2844 3499 plane
2869 3430 3226 3485 conveniente
3270 3444 3409 3499 opus
3439 3438 3627 3493 esset,

2060 3521 2266 3589 reperit
2296 3536 2441 3574 nunc
2495 3521 2812 3584 Palamam,
2864 3519 3276 3584 homunculum,
3332 3528 3392 3572 ut
3442 3518 3626 3572 audivi

2058 3612 2280 3681 quidem
2318 3612 2647 3684 (accuratius
2681 3625 2864 3664 autem
2917 3626 2984 3665 ex
3018 3614 3226 3679 scripto
3278 3610 3449 3677 ipsius
3501 3625 3623 3662 eum

2056 3703 2366 3772 cognovi),
2417 3703 2744 3757 vilissimum
2809 3718 2985 3771 neque
3035 3702 3333 3770 quidquam
3393 3703 3627 3769 amplius

2058 3794 2324 3848 scientem
2357 3796 2456 3846 nisi
2495 3795 2771 3863 quomodo
2802 3809 2997 3848 vanam
3035 3794 3259 3863 gloriam
3301 3803 3544 3860 captaret
3570 3803 3626 3846 et

2057 3884 2127 3938 ob
2158 3885 2209 3936 id
2266 3885 2441 3951 ipsum
2489 3900 2686 3952 pravas
2720 3885 3008 3951 Opiniones
3064 3884 3308 3954 fingeret.
3359 3883 3458 3936 Cui
3498 3898 3621 3935 cum

2057 3977 2237 4033 socios
2270 3977 2608 4046 adjunxisset
2654 3977 2950 4045 principes,
2986 3976 3278 4045 dogmata,
3332 3985 3391 4028 ut
3439 3976 3625 4045 paucis

2057 4066 2543 4137 comprehendam,
2597 4066 2822 4135 profana
2870 4076 3032 4135 atque
3072 4065 3420 4128 adulterata,
3473 4081 3625 4133 qua)-

2058 4174 2272 4228 cunque
2300 4158 2423 4212 aliis
2453 4157 2557 4211 alia
2592 4157 2927 4226 temporibus
2962 4158 3013 4209 in
3056 4155 3149 4209 Dei
3192 4155 3461 4210 Ecclesias
3503 4171 3626 4223 pcr-

2054 4251 2262 4307 niciose
2293 4252 2681 4318 obrepserunt,
2715 4252 2883 4303 hocce
2913 4259 3157 4316 tempore
3189 4257 3386 4301 cuncta
3442 4247 3623 4314 coegit

2055 4355 2112 4400 et
2148 4343 2351 4399 Christi
2398 4341 2656 4397 Ecclesiae
2705 4340 3039 4395 uberrimam
3079 4347 3134 4392 et
3181 4338 3381 4406 oppido
3417 4337 3619 4391 variam

2055 4436 2422 4506 improbitatis
2447 4435 2656 4505 frugem
2694 4434 2945 4502 aspersit.
2983 4430 3118 4484 Nam
3159 4433 3324 4484 miser
3355 4431 3456 4484 iste
3508 4446 3615 4482 non

384 4516 753 4587 ταλαίπωρος,
785 4517 919 4572 ἀλλὰ
957 4520 1050 4572 καὶ
1084 4521 1275 4576 ἀθεῖαν
1320 4525 1725 4594 προστέθεικεν,
1761 4530 1951 4598 ἀρεια-

2058 4527 2230 4581 solum
2264 4526 2680 4596 polytlteismum
2714 4525 2921 4589 docuit,
2956 4523 3051 4577 sed
3087 4524 3247 4577 etiam
3287 4521 3616 4576 atheismum

385 4609 579 4676 νισμόν
606 4610 651 4660 θ’
682 4609 796 4678 ἆμα
822 4611 919 4663 καὶ
958 4613 1343 4684 εἰκονομαχίαν
1371 4618 1460 4668 καὶ
1490 4618 1747 4686 καθάπαξ
1778 4622 1947 4691 ἄρνη-

384 4714 470 4750 σιν
518 4701 829 4783 οἰκονομίας
877 4703 1142 4773 ἐνσάρκου
1182 4705 1280 4758 τοῦ
1331 4707 1458 4760 Υίοῦ
1496 4710 1589 4762 καὶ
1621 4712 1797 4774 Λόγου
1852 4714 1943 4767 τοῦ

384 4794 543 4849 Θεοῦ.
574 4795 681 4848 Καὶ
717 4795 767 4847 τί
805 4795 889 4847 δεῖ
935 4797 1061 4848 καθ’
1095 4798 1301 4853 ἕκαστα
1338 4801 1536 4869 λέγειν,
1572 4803 1693 4866 ἐξὸν
1741 4807 1805 4857 ἐκ
1837 4805 1945 4859 τῶν

385 4888 546 4956 ἱερῶν
576 4887 771 4957 βίϐλων
793 4888 902 4939 τῶν
920 4887 1078 4940 θείων
1101 4891 1358 4962 Πατέρων
1386 4895 1628 4964 ἐλέγχειν
1656 4898 1773 4950 κατ’
1799 4899 1946 4969 ἴχνος

380 4980 627 5040 ἐπιόντας
663 4982 876 5033 ἅπαντα
898 4994 913 5041 ;

452 5070 508 5124 l'.
543 5071 654 5124 Kal.
683 5073 779 5138 μὲν
804 5072 868 5141 δὴ
892 5073 1095 5125 τοιαῦτ’
1112 5074 1199 5127 ἐπ’
1218 5077 1349 5145 ἐμοῦ
1378 5078 1713 5149 συνείροντος
1737 5081 1831 5134 τοῦ
1862 5101 1946 5135 σο·-

383 5160 486 5227 φοῦ
529 5163 622 5215 καὶ
666 5162 941 5230 θεοφιλοῦς
988 5164 1050 5235 [ί.
1086 5167 1187 5219 103
1227 5166 1280 5238 ὺι
1328 5169 1534 5222 ἐκείνου
1581 5173 1795 5241 ἀνδρὸς,
1852 5177 1945 5228 καὶ

383 5250 593 5320 βίϐλους
621 5251 664 5303 δ’
688 5253 857 5304 ἐνίοτε
889 5258 1312 5325 προκομέζοντος
1341 5258 1406 5321 ἂς
1434 5277 1491 5312 τε
1526 5263 1687 5326 αὐτὸς
1720 5266 1945 5334 φιλοπό-

380 5359 487 5402 νως
517 5345 579 5396 ἐκ
609 5344 791 5413 πάσης
820 5345 1207 5416 ἐρανισάμενος
1236 5349 1384 5413 θείας
1414 5352 1635 5423 Γραφῆς
1663 5356 1801 5409 ὅπλα
1831 5362 1944 5422 τοῖς

378 5435 498 5485 ἐκεῖ
511 5434 689 5497 καλῶς
707 5436 1306 5507 εὐσεϐεῖναίρουμένοις
1323 5443 1624 5511 χαρίζεται,
1642 5448 1735 5498 καὶ
1752 5448 1816 5509 ἃς
1831 5448 1946 5500 ἐτε-

381 5538 462 5590 ροι
482 5522 589 5574 τῶν
608 5524 721 5576 ἐκεῖ
743 5526 1173 5591 προσοικούντων
1190 5530 1485 5600 ἐλλογίμων
1504 5535 1712 5602 ἀνδρῶν
1734 5536 1947 5603 ὀρθοδό-

379 5614 483 5677 ξων
500 5614 844 5682 ἐκδεδώκασι,
861 5621 978 5682 ταῖς
994 5618 1088 5673 τοῦ
1109 5621 1340 5689 Παλαμᾶ
1358 5624 1694 5690 κακοδοξὶαις
1714 5644 1946 5699 περιφα-

454 5773 468 5802 ¹
500 5772 658 5826 Roai.
701 5788 757 5836 tt,
805 5774 883 5826 ii.

2050 4618 2263 4672 addidit
2293 4617 2567 4685 simulque
2616 4617 2983 4671 Arianismum
3030 4624 3087 4669 et
3137 4613 3568 4669 lconomachiam
3600 4651 3615 4674 ,

2050 4709 2391 4777 negationem
2439 4707 2674 4775 denique
2745 4705 3137 4760 incarnationis
3184 4704 3305 4757 Filii
3356 4703 3617 4769 Vcrbique

2052 4800 2167 4855 Dei.
2222 4799 2327 4854 Sed
2358 4799 2487 4868 quid
2529 4800 2725 4852 attinet
2772 4798 2981 4867 singula
3028 4796 3304 4865 persequi,
3354 4794 3458 4863 37
3490 4808 3613 4847 cum

2050 4892 2232 4946 omnia
2292 4907 2356 4945 ex
2387 4891 2556 4946 sacris
2589 4889 2888 4959 Scripturis
2915 4890 3137 4943 Patrum
3170 4900 3480 4943 sanetorum
3517 4901 3613 4955 per

2048 4984 2259 5051 singula
2289 4983 2509 5052 vestigia
2532 4982 2815 5037 confutare
2840 4981 3036 5035 liceat?

2116 5086 2187 5137 Χ.
2215 5085 2350 5140 Dum
2383 5087 2508 5140 talia
2544 5084 2676 5138 mihi
2709 5084 2877 5138 refert
2927 5083 3011 5135 vir
3042 5083 3131 5136 ille
3169 5080 3609 5150 sapientissimus

2049 5178 2270 5248 Deoqne
2303 5179 2685 5241 charissimus,
2711 5192 2811 5230 nec
2837 5192 2947 5229 non
2978 5174 3256 5228 interdum
3306 5173 3479 5227 libros
3509 5187 3602 5237 ap-

2046 5280 2246 5339 portat,
2282 5285 2403 5324 cum
2439 5284 2578 5339 quos
2606 5269 2721 5337 ipse
2757 5267 2928 5320 multo
2977 5281 3101 5319 cum
3156 5266 3338 5319 studio
3388 5280 3453 5317 ex
3489 5260 3599 5315 tuta

2046 5360 2326 5429 Scriptura
2358 5376 2509 5414 sacra
2548 5360 2769 5428 collegit
2794 5365 2850 5411 et
2872 5373 2968 5425 pro
3000 5358 3169 5411 armis
3218 5358 3325 5425 piis
3365 5354 3603 5408 homini-

2045 5453 2167 5513 bus,
2202 5451 2295 5519 qui
2325 5451 2436 5505 illie
2467 5451 2732 5517 incolunt,
2761 5451 3151 5519 suppeditavit,
3193 5459 3306 5503 tum
3339 5463 3476 5516 quos
3508 5446 3600 5499 alii

2044 5543 2179 5596 clari
2209 5552 2373 5610 atque
2405 5542 2692 5596 orthodoxi
2748 5543 2940 5597 insulae
2996 5543 3095 5595 viri
3161 5542 3341 5610 pravis
3372 5538 3603 5592 Palamae

2046 5632 2404 5702 Opinionibus
2432 5631 2721 5689 manifesto
2743 5634 2986 5692 oblocuti
3036 5633 3367 5697 ediderunt,
3422 5642 3608 5686 runzor
