4070 6326
429 371 498 432 27
1606 374 1782 436 NICE
1795 375 2026 435 PHORI
2065 375 2110 434 G
2126 377 2451 438 BEGOIHE
3617 384 3687 446 τ’ὶὸ

433 479 710 549 perfertur
738 479 805 534 ad
833 480 1087 552 Cyprios,
1129 483 1574 542 Cantacumnum
1612 487 2001 558 imperatorem

2113 488 2214 550 νῶς
2243 490 2638 559 ἀντιλέγοντες,
2667 489 2825 558 λόγος
2864 492 2921 554 ἐς
2945 491 3044 556 τὰς
3083 493 3190 547 τῶν
3218 494 3478 564 Κυπρίων
3519 498 3689 566 ἐμπέ-

434 582 596 626 noctu
626 572 760 626 clam
797 573 1118 644 Byzantium
1154 577 1464 646 ingressum
1505 595 1804 650 occupasse
1853 583 2000 650 prin-

2113 596 2324 633 πτωκεν
2342 581 2510 644 ἀκοὰς
2531 581 2606 644 ὡς
2630 581 2783 636 λάθοι
2798 584 3015 654 νύκτωρ
3032 585 3401 652 παρεισελθὼν
3416 589 3472 650 ἐς
3487 587 3690 652 Βυζάν-

431 664 674 732 eipatum
714 666 934 721 auxiliis
956 677 1012 722 et
1050 668 1334 724 fallacibus
1363 673 1867 728 machinationibus
1898 674 2004 728 Pa-

2113 687 2222 722 τιον
2241 673 2269 724 ὁ
2292 670 2544 739 βασιλεὺς
2565 673 3040 744 Καντακουξηνδς,
3058 678 3153 730 καὶ
3175 676 3270 745 τὴν
3292 679 3689 750 αὐτοκράτορος

433 755 610 821 Ιοηιπε,
639 757 728 810 cui
751 768 910 812 antea
944 759 1225 815 horribilis
1242 761 1602 829 jurisjurandi
1637 765 1865 832 pignore
1885 780 2006 820 sese

2113 761 2221 815 ἐλοι
2259 763 2539 833 βασιλείαν
2572 767 2885 834 συνεργίαις
2921 769 3016 820 καὶ
3044 769 3289 837 δολεραίς
3320 771 3414 824 τοῦ
3452 773 3687 841 Παλαμᾶ

431 848 838 912 obstrinxisset,
899 851 981 904 vel
1019 850 1166 919 quod
1207 851 1352 906 idem
1381 863 1466 908 est
1499 869 1596 923 per
1629 855 1799 909 Deum
1827 855 2009 925 juras—

2113 857 2642 923 προκαταστάσεσιν,
2675 857 2873 927 ὅρκους
2903 861 3197 928 φρικώδεις
3227 862 3468 931 ἐχέγγυα
3500 866 3689 934 πρότε-

431 947 532 1000 set.
564 955 726 1008 quem
753 942 971 1010 ejurare
1007 943 1400 1011 proﬁtebatur,
1437 960 1498 999 se
1554 945 2004 1000 conﬁrmaturum

2113 961 2205 1014 ρον
2243 946 2392 1015 αὐτῷ
2434 951 2869 1019 παρασχόμενος,
2917 951 3170 1020 βεϐαιοῦν
3211 955 3305 1007 καὶ
3349 957 3550 1024 κυροῦν
3590 956 3689 1024 τὴν

431 1045 553 1084 esse
593 1041 762 1098 atque
807 1034 1153 1086 sanciturum
1217 1035 1646 1106 polytheismum
1702 1052 2007 1106 omnesque

2113 1035 2276 1090 αὑτοῦ
2313 1038 2604 1093 πολυθεῖαν
2635 1041 2728 1094 καὶ
2760 1042 2861 1095 ὅσα
2892 1043 3002 1096 τῶν
3035 1043 3278 1114 βεϐήλων
3309 1046 3473 1100 αὐτοῦ
3510 1066 3690 1101 καινο-

431 1122 550 1191 ejus
578 1123 834 1190 profanas
866 1134 1032 1193 atque
1060 1126 1405 1194 irreligiosas
1433 1129 1732 1190 novitates,
1788 1145 1910 1198 quae
1949 1130 2004 1184 in

2113 1129 2328 1196 φωνιῶν
2374 1131 2636 1202 είσερῤύη
2687 1136 2828 1187 κατὰ
2872 1134 2972 1204 τῆς
3026 1136 3118 1189 τοῦ
3169 1136 3302 1190 Θεοῦ
3341 1139 3687 1210 Ἐκκλησίας,

433 1212 524 1266 Dei
581 1213 883 1270 Ecclesium
919 1217 1143 1272 intrusae
1171 1229 1378 1274 essent.
1439 1220 1553 1274 Hoc
1581 1220 1818 1291 Georgio
1847 1221 2009 1290 Lapi-

2113 1221 2305 1273 ταυτον
2337 1220 2380 1273 δ’
2403 1224 2578 1277 εἰπεῖν
2598 1265 2613 1289 ,
2647 1227 2729 1288 είς
2761 1226 2896 1280 Θεὸν
2927 1228 3235 1298 ὀμωμοκὼς
3269 1229 3328 1284 ὃν
3362 1231 3687 1301 ἐξόμνυσθαι

431 1305 558 1369 line,
589 1307 996 1374 sapientissimo
1025 1309 1167 1373 viro,
1201 1325 1453 1381 magnam
1484 1313 1671 1384 injecit
1700 1313 2004 1378 tristitiam,

428 1413 538 1451 non
562 1399 706 1466 quod
757 1398 1180 1458 Cantacuzenus
1230 1404 1599 1474 principatum
1659 1416 2005 1475 occupasset,

426 1490 522 1543 sed
560 1493 702 1560 quod
734 1493 823 1546 tali
847 1494 1218 1563 jurejurando
1250 1497 1492 1551 Palamte
1522 1497 1792 1566 impietati
1845 1497 2007 1552 addi-

427 1593 548 1638 ctus
575 1571 876 1640 teneretur.
908 1587 1088 1653 Quare
1123 1605 1152 1642 a
1181 1590 1436 1657 praeclara
1482 1591 1576 1644 illa
1608 1606 1705 1660 spe
1735 1591 2004 1661 deiectus,

427 1691 548 1742 quae
573 1674 666 1729 diu
698 1677 810 1746 jam
837 1680 1038 1733 mentis
1066 1681 1314 1734 laetitiam
1345 1683 1547 1745 alebat,
1583 1699 1727 1752 aegre
1763 1684 1888 1737 tulit
1919 1684 2042 1738 in-’

2109 1312 2498 1380 ἐπηγγέλλετο.
2527 1315 2699 1369 Τοῦτο
2731 1319 2975 1389 σφοδρῶς
2998 1321 3089 1372 τὸν
3116 1322 3278 1391 σοφὸν
3304 1325 3510 1378 ἐκεῖνον
3534 1326 3690 1396 ἠνία-

2113 1420 2205 1457 σεν
2234 1403 2406 1474 ἄνδρα
2427 1443 2443 1469 ,
2478 1407 2753 1476 Γεώργιον
2779 1410 2872 1464 τὸν
2903 1413 3152 1482 Λαπίθην
3172 1453 3187 1478 ,
3219 1416 3318 1484 οὐχ
3349 1417 3430 1469 ὅτι
3456 1417 3554 1487 τὴν
3585 1417 3686 1488 βα-

2112 1494 2319 1547 σιλείαν
2341 1496 2452 1550 ἕλοι
2477 1499 2953 1572 Καντακουζηνδς,
2979 1504 3096 1556 ἀλλ’
3117 1506 3198 1558 ὅτι
3221 1507 3480 1569 τοιούτοις
3502 1510 3687 1579 ὅρκοις

2112 1587 2591 1657 προκατείληπτο.
2625 1590 2845 1662 δέσμιος
2877 1597 2998 1659 τάῖς
3032 1596 3129 1649 τοῦ
3173 1598 3408 1666 Παλαμᾶ
3447 1599 3688 1666 γεγονὼς

2109 1673 2475 1739 δυσσεϐείαις.
2503 1677 2668 1731 Ὅθεν
2693 1680 2792 1742 τὰς
2821 1683 3073 1750 γενναίας
3103 1684 3320 1749 ἐκείνας
3347 1685 3568 1750 ἐλπίδας
3596 1690 3687 1741 οὐ-

427 1765 828 1834 ἀξεηειιίοιιειη,
861 1767 1048 1822 animo
1091 1769 1269 1823 turbis
1295 1769 1500 1838 agitato
1527 1769 1810 1839 marisque
1836 1771 2009 1826 instar

2113 1763 2250 1817 τωσὶ
2279 1763 2647 1836 ζημιούμενος
2675 1769 2731 1822 αἳ
2761 1770 2822 1822 τὸ
2851 1771 3111 1841 ἡδόμενον
3139 1773 3365 1828 ἔϐοσκον
3395 1779 3458 1830 ἐκ
3490 1777 3686 1832 πολλοῦ

426 1865 712 1911 aestuante.
747 1857 1012 1926 Sperabat
1035 1861 1180 1913 enim
1210 1859 1321 1929 38
1357 1875 1569 1914 mecum
1619 1876 1678 1915 se
1724 1861 2009 1930 navigatu-

429 1966 549 2002 rum
585 1950 710 2004 inde
739 1951 976 2005 abeunte
1027 1967 1200 2021 usque
1233 1954 1578 2023 Byzantium,
1616 1963 1674 2008 ut
1715 1963 1768 2008 te
1798 1955 2008 2023 aspice-

429 2051 512 2096 ret
538 2051 735 2113 tuaque
764 2047 1492 2122 cgnsuetudiueiuteretur,
1567 2055 1628 2100 ut
1676 2061 1839 2114 supra
1893 2046 2005 2117 jam

427 2135 688 2201 diximus,
721 2138 946 2208 majoris
974 2139 1260 2207 sapientiae
1289 2139 1596 2207 cupiditate
1635 2139 1860 2203 ductus,
1890 2140 2005 2193 for-

429 2238 570 2280 tasse
603 2233 770 2282 etiam
809 2239 868 2283 ut
892 2242 1161 2299 praeterea
1188 2231 1292 2284 alia
1320 2231 1569 2300 quaedam
1599 2233 1818 2300 negotia
1848 2247 2011 2286 cura-

427 2329 510 2372 ret
540 2327 596 2374 et
633 2335 721 2374 res
747 2321 996 2374 illustres
1025 2331 1189 2389 atque
1221 2323 1469 2391 egregias
1524 2323 1811 2385 inviseret,
1868 2338 2008 2392 quas

428 2425 537 2478 pra:
569 2411 771 2465 ceteris
795 2412 1186 2482 Byzantiorum
1215 2413 1347 2467 urbs
1381 2412 1652 2481 possidet.
1709 2413 1847 2466 Tum
1877 2430 2008 2470 vero

428 2502 583 2557 brevi
619 2513 868 2572 tempore
899 2519 1126 2573 prorsus
1150 2513 1342 2559 contra
1377 2520 1466 2558 res
1493 2504 1762 2560 cecidisse
1792 2506 2005 2572 videns,

426 2606 626 2662 magno
665 2592 854 2647 dolore
881 2594 1163 2648 cruciatus
1222 2592 1604 2665 illacrymabat
1663 2596 1917 2666 religioni
1950 2598 2004 2652 in

426 2683 731 2752 periculum
759 2685 1057 2754 compulsa:
1072 2686 1363 2742 manifesto
1390 2687 1713 2743 arcanisDei
1735 2689 1787 2743 id
1807 2689 2009 2744 admito

428 2777 596 2829 tentis
609 2777 911 2832 rationibus
926 2779 1242 2834 conﬂatum.
1265 2779 1643 2851 Illacrymabat
1661 2782 1825 2835 etiam
1848 2783 2008 2838 morti

428 2878 555 2933 tuae,
589 2884 752 2937 quam
782 2870 1191 2938 suspicabatur,
1249 2885 1376 2925 cum
1424 2870 1688 2940 cogitaret
1715 2887 1878 2941 quam
1922 2888 2011 2926 ar-

424 2963 564 3018 dens
588 2979 714 3033 erga
749 2963 918 3016 Deum
945 2961 1190 3016 studium
1219 2977 1497 3032 quamque
1541 2979 1844 3034 pugnacem
1871 2979 2010 3020 con-

373 3118 375 3121 ,
426 3059 726 3112 tentionem
757 3071 858 3126 pro
885 3056 1110 3111 Patrum
1147 3057 1417 3128 dogmatis
1458 3074 1634 3129 usque
1661 3057 1731 3114 ad
1773 3068 2007 3114 mortem

425 3152 777 3206 exliihiturus
798 3165 973 3206 esses.

498 3243 590 3300 ΧΙ.
615 3243 718 3298 Sed
735 3243 869 3314 quid
887 3243 1082 3298 attinet
1099 3243 1282 3298 omnia
1301 3244 1615 3314 singulatim
1637 3245 1869 3309 referre,
1885 3261 2009 3316 quae

425 3337 480 3390 iu
516 3338 605 3390 illa
643 3336 822 3390 insula
859 3351 968 3391 non
1005 3337 1192 3392 minus
1221 3336 1442 3392 duobus
1473 3338 1637 3393 annis
1668 3337 2006 3405 viderimus,

424 3445 546 3500 qua:
575 3428 859 3482 commoda
889 3438 1192 3499 suppetunt
1214 3429 1464 3492 urbibus,
1493 3431 1756 3501 portubus
1775 3431 2009 3500 aliisque

424 3521 583 3584 locis,
611 3536 735 3574 cum
759 3521 905 3576 haud
935 3536 1105 3590 pauca
1133 3521 1200 3575 ad
1231 3522 1612 3576 enarrandum
1647 3531 1858 3576 restent
1881 3538 2009 3577 nos-

425 3631 532 3684 que
557 3614 917 3684 protrahant?
977 3614 1158 3680 Quare
1209 3613 1362 3668 hisee
1396 3613 1564 3669 rebus
1597 3614 1780 3669 missis
1813 3613 2004 3682 profe-

425 3708 627 3762 ctionis
654 3708 988 3760 mentionem
1024 3705 1245 3762 faciam.
1299 3705 1497 3761 Statim
1546 3705 1715 3775 igitur
1748 3714 1871 3776 post
1898 3705 2010 3760 sol-

427 3800 636 3853 stitium
671 3799 918 3853 aestivum
958 3811 1084 3852 cum
1128 3796 1528 3866 profectionem
1561 3811 1837 3866 pararem.
1859 3796 2008 3865 opti-

427 3909 550 3946 mus
585 3891 852 3962 Georgius
878 3891 1189 3960 lacrymans
1247 3896 1302 3942 et
1334 3888 1516 3942 medio
1569 3891 1778 3948 animo.
1835 3899 1895 3942 ut
1929 3889 2006 3944 ita

427 3984 631 4049 dicam,
649 3985 721 4038 ob
744 3999 927 4038 meum
957 3983 1261 4037 discessum
1288 3982 1468 4047 ﬁssus,
1496 3986 1673 4052 usque
1699 3981 1765 4036 ad
1787 3993 2007 4050 portqu

429 4093 517 4132 me
558 4077 1011 4147 prosequebatur,
1048 4076 1168 4138 ubi,
1230 4090 1358 4130 cum
1420 4075 1702 4146 navigium
1756 4083 2007 4129 nostrum

429 4171 568 4224 velis
593 4169 770 4238 passis
804 4167 1044 4224 secunda
1075 4175 1404 4236 tempestate
1443 4165 1500 4218 in
1537 4166 1710 4218 altqu
1751 4166 2009 4234 provola-

431 4269 537 4326 ret,
557 4263 648 4316 diu
668 4261 848 4317 stabat
871 4261 1046 4314 oculis
1073 4274 1156 4312 me
1181 4259 1478 4328 insequens
1501 4257 1809 4326 multasque
1835 4257 2010 4328 Iacry-

431 4370 548 4408 mas
579 4353 937 4421 profundens,
970 4351 1080 4422 39
1106 4351 1282 4406 donec
1312 4364 1344 4406 e
1372 4359 1674 4418 conspectu
1703 4357 1862 4404 terrae
1887 4363 2010 4404 seu-

429 4447 532 4501 sim
561 4445 934 4515 paulatimque
969 4445 1182 4514 magnis
1214 4441 1518 4498 intervallis
1548 4441 1707 4511 quasi
1739 4441 2008 4495 receden-

2108 1856 2208 1925 τῆς
2237 1855 2416 1927 ψυχῆς
2436 1898 2452 1923 ,
2486 1858 2756 1928 ήσχαλλεν
2777 1903 2791 1925 ,
2827 1863 3118 1934 ἐδυσφόρει
3138 1906 3152 1926 ,
3186 1865 3416 1936 θόρυϐον
3447 1864 3560 1940 εἷχε
3591 1871 3687 1924 καὶ

2112 1947 2269 2000 σάλον
2297 1949 2639 2004 παντοδαπὸν
2669 1953 2726 2006 ἐν
2754 1952 2922 2024 ψυχῇ.
2952 1956 3183 2021 Ἦλπιζε
3214 1959 3324 2029 γὰρ
3356 1961 3687 2014 συνεκπλεύ-

2112 2056 2223 2092 σειν
2257 2040 2469 2094 ἐκεῖθεν
2502 2044 2778 2098 ἐπανιόντι
2823 2063 2912 2113 μοι
2958 2047 3120 2117 μέχρι
3160 2050 3254 2102 καὶ
3295 2051 3354 2113 ἐς
3394 2051 3687 2115 Βυζάντιον

2110 2126 2208 2196 τῆς
2243 2129 2342 2198 σῆς
2374 2128 2538 2184 ἕνεκα
2573 2131 2700 2194 θέας
2735 2132 2830 2184 καὶ
2863 2134 3114 2203 ὁμιλίας,
3146 2136 3221 2201 ὡς
3255 2138 3502 2207 ἐφθημεν
3534 2142 3686 2209 είρη·

2111 2216 2288 2279 κότες,
2321 2218 2388 2271 δι’
2413 2217 2591 2289 ἔρωτα
2628 2221 2821 2289 σοφίας
2854 2224 3122 2293 μείζονος,
3153 2227 3284 2290 ἴσως
3314 2228 3370 2280 δέ
3401 2231 3494 2283 καὶ
3523 2229 3687 2298 άλλης

2111 2308 2248 2375 πρὸς
2281 2311 2491 2374 τούτοις
2525 2312 2716 2382 χρείας
2752 2313 2848 2366 καὶ
2882 2314 3010 2377 Θέας
3042 2318 3216 2371 ὁπόσα
3247 2319 3346 2388 τὴν
3378 2319 3690 2384 Βυζαντίων
3793 2337 3806 2344 λ

2111 2401 2410 2467 κεκτῆσθαι
2469 2403 2624 2456 πόλιν
2673 2405 2965 2476 συμϐαίνει
3019 2408 3128 2460 τῶν
3183 2410 3360 2464 ἄλλων
3411 2412 3686 2482 ἐξαίρετα.

2110 2488 2225 2541 Νῦν
2247 2489 2292 2542 δ’
2312 2490 2370 2542 ἐν
2397 2493 2596 2557 ,λεκαρεῖ
2620 2495 2878 2549 τάναντία
2905 2497 3142 2552 νικῶντα
3173 2499 3442 2570 θεώμενος
3468 2505 3691 2572 περιαλ-

2111 2581 2214 2651 γὴς
2240 2577 2307 2652 ἦν
2326 2623 2340 2645 ,
2371 2585 2466 2636 καὶ
2495 2585 2727 2655 ἐδάκρυε
2762 2589 2863 2658 μὲν
2895 2589 2992 2660 τὴν
3022 2592 3308 2645 εὐσέϐειαν
3334 2595 3392 2655 ἐς
3420 2593 3565 2647 οὕτω
3593 2614 3690 2648 πε-

2114 2672 2353 2741 ριφανῶς
2375 2673 2759 2729 συνελαθεῖσαν
2780 2679 3170 2748 ἐκριπισθέντα
3195 2681 3440 2735 κίνδυνον
3460 2684 3687 2754 τρόποις

2108 2763 2203 2816 τοῦ
2229 2764 2364 2816 Θεοῦ
2394 2768 2854 2837 συγχωρήσαντος
2881 2771 3236 2843 ἀπορρήτοις,
3267 2774 3498 2844 ἐδάκρυε
3525 2776 3569 2828 δ’
3595 2776 3690 2829 άλ-

2109 2854 2215 2918 λως
2261 2857 2354 2908 καὶ
2394 2859 2485 2911 τὸν
2527 2859 2619 2912 σὸν
2662 2860 3013 2931 ὑφορώμενος
3059 2863 3311 2926 θάνατον,
3352 2865 3549 2918 τὺ-τοῦ
3592 2865 3688 2919 σοῦ

2110 2948 2252 3001 κατὰ
2284 2949 2417 3002 Θεὸν
2446 2950 2610 3020 ζήλου
2641 2952 2905 3024 διάπυρον
2935 2955 3154 3020 ἐννοῶν,
3187 2958 3281 3009 καὶ
3311 2957 3446 3026 ὅσην
3474 2958 3573 3029 τὴν
3601 2958 3689 3010 ἐν-

2113 3059 2302 3095 στασιν
2335 3043 2475 3111 ὑπὲρ
2507 3045 2616 3098 τῶν
2653 3047 2900 3118 πατρίων
2923 3047 3296 3103 ἐνδείκνυσθαι
3321 3050 3538 3120 μέλλεις
3561 3051 3688 3120 δοτ-

2033 3174 2077 3233 C
2118 3135 2304 3205 μάτων
2330 3137 2456 3208 ἄχρι
2488 3138 2741 3195 θανάτου.

2184 3228 2286 3285 lA'.
2305 3229 2415 3284 Καὶ
2437 3229 2490 3284 τί
2517 3231 2598 3285 δεῖ
2615 3232 2792 3287 πάντα
2808 3235 3062 3302 διεξιέναι
3081 3237 3205 3292 καθ’
3229 3237 3460 3304 ἕκαστα.
3475 3242 3572 3296 ὅσα
3589 3243 3691 3313 τῆς

2109 3322 2274 3391 νήσου
2299 3322 2445 3376 δυοῖν
2469 3323 2566 3393 ούχ
2593 3318 2755 3394 ἦττον
2778 3326 2913 3379 ἐτῶν
2936 3327 3244 3400 τεθεάμεθα
3263 3372 3278 3397 ,
3302 3333 3476 3386 ὁπόσα
3501 3335 3688 3388 πόλεσί

2107 3427 2168 3464 τε
2202 3411 2296 3464 καὶ
2329 3412 2512 3482 λιμέσι
2546 3415 2643 3468 καὶ
2673 3415 2775 3470 ὅσα
2806 3417 2870 3486 δὴ
2903 3420 3023 3481 ταῖς
3061 3420 3249 3482 ἄλλαις
3284 3424 3544 3494 πρόσεστι
3577 3427 3686 3495 χὼ-

2110 3522 2232 3576 ραις
2266 3505 2385 3560 ἐκεῖ
2417 3509 2485 3562 τὰ
2521 3509 2790 3578 χρήσιμα,
2828 3527 2937 3565 των
2971 3513 3284 3584 ἔμπροσθεν
3319 3517 3687 3572 ἀνθελκόντων

2110 3597 2258 3664 ἡμᾶς
2283 3596 2345 3648 οὐ
2373 3597 2587 3667 μικρῶν
2615 3597 2997 3668 ὕπαρχόντων;
3029 3605 3121 3656 Διὸ
3147 3604 3353 3658 τούτων
3382 3608 3689 3677 ἀποσχόμε-

2109 3706 2199 3752 νος
2241 3690 2501 3744 ἐπανόδου
2553 3694 2928 3763 μεμνήσομαι.
2958 3696 3120 3767 Ἀρτι
3165 3700 3346 3752 τοίνυν
3391 3702 3488 3754 τοῦ
3532 3703 3684 3770 ἡλίου

2108 3785 2238 3852 περὶ
2262 3785 2468 3852 τροπάς
2497 3787 2790 3854 γενομένου
2819 3788 2916 3850 τὰς
2945 3789 3182 3859 θερινὰς,
3212 3792 3397 3862 ἐπειδή
3431 3810 3494 3862 γε
3527 3795 3687 3848 ἀπαί-

2113 3892 2227 3944 ρειν
2254 3873 2499 3943 ἔμελλον,
2526 3875 2653 3946 ἄχρι
2683 3878 2900 3946 λιμένος
2931 3880 3136 3944 ἐκεῖνός
3170 3900 3237 3952 με
3268 3883 3632 3956 προῦπεμπεν
3658 3891 3686 3942 ὁ

2111 3967 2274 4028 καλὸς
2307 3967 2613 4036 Γειῦργιος,
2646 3969 2899 4041 δακρύων
2927 3989 2985 4025 τε
3022 3977 3114 4027 καὶ
3149 3977 3322 4043 μέσην
3353 3981 3528 4033 εἰπεῖν
3554 3998 3686 4049 τεμ-

2109 4060 2331 4126 νόμενος
2359 4059 2458 4130 τήν
2489 4061 2717 4131 καρδίαν
2759 4063 2947 4134 τῴ’μῷ
2977 4067 3260 4138 χωρισμῷ,
3290 4069 3432 4124 ὥστε
3466 4075 3558 4125 καὶ
3587 4076 3686 4142 τῆς

2111 4151 2259 4222 ἡμᾶς
2279 4152 2520 4221 ἀγούσης
2540 4152 2782 4218 ὁλκάδος,
2808 4156 2993 4227 ἐπειδή
3019 4175 3080 4226 γε
3103 4159 3403 4214 ἀνεπέτασε
3426 4165 3493 4216 τὰ
3519 4166 3684 4234 ἱστία,

2112 4243 2270 4313 οὔρια
2303 4245 2550 4315 ἐφιείσης
2580 4247 2675 4299 ἐπὶ
2701 4247 2756 4298 τὸ
2785 4248 3045 4316 πέλαγος,
3073 4251 3347 4321 θεώμενος
3376 4257 3563 4312 ἵστατο
3595 4260 3689 4330 μέ-

2112 4354 2205 4405 χρι
2231 4336 2427 4389 πολλοῦ
2458 4355 2546 4406 με,
2578 4339 2748 4392 πολλὰ
2773 4343 3056 4410 καταχέων
3079 4345 3148 4396 τὰ
3170 4345 3401 4417 δάκρυα,
3427 4349 3532 4412 ἕως
3557 4353 3689 4404 ἁπε-

2115 4426 2406 4498 κρύψαμεν
2445 4427 2659 4500 ἐκείνην
2700 4430 2798 4499 τὴν
2841 4432 2965 4500 γῆν,
3006 4433 3108 4502 τῆς
3152 4435 3328 4504 ὅψεως
3369 4440 3554 4509 ⁴Ιγρέμα
3594 4443 3690 4495 καὶ

431 4540 500 4594 tis
531 4537 896 4591 auferremur.
927 4536 1194 4604 Prospera
1224 4534 1385 4588 nobis
1413 4533 1766 4603 contingente
1789 4534 2004 4603 naviga-

2113 4523 2250 4576 κατὰ
2295 4521 2489 4592 μικρὸν
2523 4521 2829 4591 ἐνδιδούσης
2867 4526 2923 4576 ἐν
2956 4526 3068 4588 τοῖς
3114 4530 3344 4598 μακροῖς
3386 4529 3691 4600 διαστήμαο

434 4630 581 4683 tione
606 4642 750 4680 nono
789 4625 877 4680 die
907 4623 974 4679 ad
1002 4624 1220 4678 Cretam
1253 4624 1588 4691 appulimus,
1626 4622 1863 4676 insulam
1895 4621 2008 4676 fre-

432 4717 853 4788 quentissimam
899 4726 955 4768 et
981 4714 1164 4784 Cypro
1216 4713 1391 4766 multo
1421 4713 1705 4783 majorem.
1761 4711 2008 4782 Ohlonga

432 4826 563 4864 vero
589 4818 675 4862 est
707 4809 916 4877 pariter
949 4815 1115 4874 atque
1149 4803 1262 4866 illa,
1303 4803 1467 4872 longa
1500 4803 1712 4858 scilicet
1767 4819 1873 4858 non
1907 4805 2008 4857 mi-

434 4916 538 4955 nus
570 4899 680 4953 duo
704 4899 872 4953 millia
904 4897 1217 4966 octingenta
1243 4896 1441 4960 stadia,
1466 4895 1760 4950 latitudine
1781 4895 2012 4951 dimidio

437 4992 608 5046 multo
636 4991 872 5045 minore.
911 4988 1050 5044 Cum
1085 5003 1218 5041 vero
1250 4987 1360 5058 jam
1392 4987 1487 5040 diu
1515 4987 1880 5042 vehementer
1909 5002 2010 5040 cu-

437 5093 622 5149 perem
651 5079 1026 5151 labyrinthum
1058 5078 1112 5133 in
1143 5076 1305 5132 Creta
1338 5077 1517 5132 insula
1571 5071 1794 5140 videre,
1856 5078 2015 5146 isque

437 5171 598 5240 longe
631 5170 850 5226 abesset
894 5187 922 5224 a
961 5180 1123 5240 portu
1149 5172 1216 5224 ad
1248 5184 1409 5236 quem
1442 5168 1729 5238 appulsuri
1765 5183 2012 5232 eramus,

439 5265 645 5334 placuit
677 5264 810 5317 mihi
849 5275 962 5318 tum
994 5263 1286 5317 occasione
1329 5262 1454 5316 data
1517 5278 1585 5316 ex
1631 5261 1758 5316 navi
1794 5276 2016 5331 egresso

439 5358 621 5412 visere
647 5372 772 5412 eum
806 5357 894 5427 qui
923 5357 1170 5423 proxime
1195 5356 1352 5410 abest
1400 5357 1469 5409 ab
1521 5355 1662 5410 urbe
1708 5353 1925 5409 Gnosso
1958 5354 2014 5408 in

442 5451 620 5505 media
652 5449 829 5505 insula
853 5449 978 5504 sita.
1009 5448 1384 5520 Labyrinthus
1414 5457 1601 5503 autem
1656 5455 1739 5502 est
1781 5462 2016 5502 caverna

443 5543 863 5612 spatiosissima,
889 5541 1185 5595 artiﬁciose
1217 5541 1380 5596 facta.
1409 5541 1548 5595 Cum
1573 5541 1720 5595 enim
1744 5541 1883 5609 lapis
1905 5556 2017 5595 non

448 5634 743 5689 admodum
771 5649 934 5702 asper
975 5641 1145 5696 esset,
1199 5632 1355 5686 locus
1405 5632 1686 5698 facillime,
1741 5642 2014 5701 quantum

449 5726 572 5796 quis
603 5728 787 5800 vellet,
808 5724 987 5781 excidi
1025 5723 1225 5794 potuit.
1255 5724 1468 5777 Artifex
1519 5725 1685 5792 igitur
1715 5740 1822 5778 una
1864 5734 2017 5794 porta

450 5817 718 5888 patefacta
740 5819 897 5890 longe
929 5817 1140 5890 lapides
1196 5815 1500 5871 excidenda
1557 5833 1881 5887 progressus
1934 5825 2019 5870 est

2113 4631 2217 4667 σιν.
2249 4615 2518 4678 Εὐπλοίας
2547 4614 2593 4667 δ’
2616 4616 2747 4684 ἡμῖν
2776 4617 3075 4687 γενομένης
3108 4619 3344 4672 ἐναταῖοι
3377 4622 3432 4683 ἐς
3464 4623 3692 4692 Κρήτην

2112 4708 2395 4777 ἀφίγμεθα
2416 4749 2428 4772 ,
2460 4709 2622 4776 νῆσον
2652 4706 3226 4780 πολυανθρωποτάτην
3261 4714 3354 4766 καὶ
3389 4714 3562 4779 μείζω
3594 4713 3692 4783 μὲν

2114 4800 2294 4869 πολλῷ
2330 4800 2430 4869 τῆς
2474 4798 2725 4870 Κύπρου,
2769 4801 3020 4872 ἐπιμήκη
3063 4802 3106 4854 δ’
3131 4802 3331 4871 ὁμοίως
3373 4805 3558 4876 ἐκείνῃ
3599 4808 3694 4859 καὶ

2113 4892 2318 4961 ταύτην
2361 4892 2743 4962 ὑπάρχουσαν,
2793 4893 2870 4953 ὡς
2913 4889 3052 4946 εἶναι
3104 4895 3276 4964 μῆκος
3322 4897 3421 4965 μέν
3463 4897 3696 4950 σταδίων

2117 4984 2180 5058 [ί.
2213 4984 2315 5039 104
2336 4983 2394 5057 α]
2424 4985 2592 5054 αὐτὴν
2623 4987 2722 5039 οὐκ
2751 4979 2913 5057 ἦττον
2941 4986 3276 5041 ὀκτακοσίων
3307 4989 3423 5058 ἅμα
3455 4992 3547 5044 καὶ
3578 4991 3694 5043 δισ·

2116 5080 2333 5148 χιλίων,
2387 5077 2589 5140 πλάτος
2636 5078 2693 5131 δὲ
2726 5078 2904 5149 πολλῷ
2932 5079 3027 5132 τοῦ
3059 5082 3288 5150 ἡμίσεος
3316 5081 3484 5153 ἥττω.
3513 5083 3696 5151 Ἔχων

2116 5172 2160 5225 δ’
2187 5173 2250 5224 ἐκ
2286 5169 2480 5223 πολλοῦ
2513 5170 2603 5224 διὰ
2641 5173 2862 5240 μακρᾶς
2893 5171 2993 5241 τῆς
3028 5173 3267 5240 ἐφέσεως
3303 5175 3479 5240 ἔγωγε
3512 5173 3602 5225 τὸν
3636 5176 3694 5225 ἐν

2120 5265 2164 5316 Κ
2175 5265 2313 5333 ρήτῃ
2341 5262 2664 5334 λαϐύρινθον
2692 5261 3012 5327 θεάσασθαι,
3041 5264 3232 5333 ἐπειδὴ
3263 5265 3396 5318 πολὺ
3423 5264 3514 5317 τοῦ
3543 5264 3699 5334 λιμέ-

2121 5373 2208 5418 νος
2235 5354 2296 5407 οὖ
2328 5353 2794 5423 καθωρμίσθημεν
2824 5356 3158 5426 ἀφεστήκοι,
3191 5358 3338 5423 ἔδοξέ
3373 5376 3462 5425 μοι
3495 5359 3690 5428 καιρὸν

2119 5444 2296 5513 ἔχοντι
2324 5442 2419 5496 νῦν
2448 5441 2715 5496 ἀποϐάντι
2744 5443 3042 5497 θεάσασθαι
3073 5445 3167 5498 καὶ
3196 5446 3362 5500 αὑτὸν
3386 5488 3401 5512 ,
3435 5448 3697 5501 Κνωσσοῦ

2123 5535 2410 5604 μεσογείου
2443 5533 2647 5595 πόλεως
2681 5532 2911 5601 ἔγγιστα
2939 5534 3088 5590 ὅντα.
3120 5537 3278 5589 Ἔστι
3310 5537 3354 5589 δ’
3380 5540 3407 5590 ὁ
3437 5537 3700 5607 λαϐύριν-

2123 5627 2212 5689 οος
2244 5625 2510 5694 σπήλαιον
2538 5625 3056 5696 πολυχωρητότατον
3083 5630 3364 5698 τεχνητόν.
3404 5630 3556 5682 Ἐπεὶ
3589 5631 3697 5697 γὰρ

2125 5718 2278 5788 ἔτυχε
2313 5718 2458 5779 λίθος
2492 5718 2552 5771 ού
2588 5719 2730 5771 πάνυ
2765 5720 3000 5788 σκληρὸς
3029 5721 3128 5790 τὴν
3157 5722 3345 5774 οὐσίαν
3379 5723 3642 5791 ὑπάρχων
3673 5724 3701 5772 ὁ

2124 5813 2305 5880 τόπλς,
2333 5811 2501 5867 ἔδωκε
2530 5811 2730 5881 πολλὴν
2754 5812 2851 5882 τὴν
2877 5813 3161 5885 ῥᾳστώνην
3185 5814 3436 5880 λαξεύειν
3459 5813 3546 5883 ἐφ’
3565 5811 3698 5866 6πό-

4055 230 4070 388 Ῑ
