4070 6326
380 382 451 453 29
1326 440 1327 443 η
1395 389 1838 457 ΒΥΖΛΝΤΙΝΛΞ
1879 392 1931 450 ΙΙ

2044 389 2263 451 ῗΟΒΙιΈ
2302 393 2449 451 LIB-
2492 396 2669 458 XXV.
3550 399 3624 460 30

378 511 471 549 σον
507 496 572 550 άν
610 512 694 559 τις
736 494 932 550 ἐθέλοι.
973 497 1065 550 Διδ
1105 500 1200 551 καὶ
1244 498 1415 570 θύραν
1459 500 1659 571 μίανδ
1698 502 1941 573 τεχνίτης

2050 502 2239 557 dextra
2278 503 2451 557 latera
2509 503 2720 573 pariter
2779 515 2832 560 et
2874 507 3096 563 sinistra
3151 506 3509 576 ampliﬁcatis.
3566 508 3623 561 In

376 586 614 650 ἀνοίξας,
646 585 836 639 ἔπειτα
862 586 1121 652 λαξεύων,
1154 589 1349 660 προῄει
1382 590 1544 660 μέχρι
1574 592 1770 644 πολλοῦ
1803 591 1945 645 κατὰ

376 680 435 731 τὸ
458 678 571 732 ῐσον
593 678 835 745 εὐρύνων
858 679 974 749 ἅμα
995 680 1063 733 τά
1082 685 1131 732 τ’
1156 680 1409 751 εὐώνυμα
1429 685 1520 735 καὶ
1541 684 1692 748 δεξιά
1713 684 1941 754 πλευρὰ,

375 771 522 840 ήφίει
548 770 593 823 δ’
618 772 676 823 ἐν
705 770 853 839 μέσῳ
880 772 1018 824 κατὰ
1046 772 1212 843 συχνὰ
1238 773 1582 843 διαστήματα
1608 777 1831 839 στύλους
1861 778 1944 843 ξε-

376 863 570 927 στοὺς,
603 862 887 931 ἀνέχοντας
921 860 1020 933 τὴν
1053 865 1144 917 ἐπὶ
1176 865 1267 919 τὸν
1300 865 1497 936 ὄροφον
1527 869 1634 936 γῆν
1656 908 1669 932 ,
1707 868 1944 938 μερίζων

373 955 418 1007 δ’
443 954 615 1007 ἐποίει
645 954 935 1025 διαφόρους
965 956 1138 1019 οἰκίας
1165 956 1258 1010 καὶ
1290 959 1555 1029 προαύλια
1586 960 1679 1013 καὶ
1711 961 1941 1030 κρήνας.

325 1118 329 1121 Δ
375 1045 648 1099 Δέδεικται
676 1045 732 1098 δέ
767 1062 857 1113 μοι
888 1045 1025 1114 πρὸς
1052 1046 1161 1101 τῶν
1187 1049 1487 1119 ἐγχωρίων,
1516 1051 1799 1118 λαμπάδας
1831 1069 1945 1120 φω-

374 1134 465 1197 τδς
509 1134 569 1186 ἐν
604 1136 787 1204 χεροῖν
825 1134 1060 1203 ἐχόντων
1101 1135 1321 1198 πολλάς.
1362 1137 1519 1189 Μίνω
1554 1137 1735 1190 τοίνυν
1779 1137 1943 1203 φασιν

375 1224 583 1277 ἐκεῖνον
606 1224 697 1278 τὸν
724 1225 888 1277 πάλαι
912 1226 1012 1294 τῆς
1038 1225 1260 1297 Κρήτης
1289 1227 1543 1296 ἄρξαντα,
1569 1227 1647 1290 ὥς
1674 1244 1737 1294 γε
1761 1221 1941 1290 οῐσθα,

378 1316 640 1386 πλείστην
684 1317 1026 1386 κτησάμενον
1065 1317 1291 1385 δύναμιν
1342 1319 1599 1387 ναυτικὴν
1644 1318 1713 1371 τὰ
1758 1318 1942 1387 κύκλῳ

376 1405 742 1459 δουλώσασθαι
770 1405 879 1459 τῶν
911 1406 1102 1469 ἐθνῶν,
1134 1404 1234 1460 ὅσα
1260 1424 1317 1461 τε
1352 1408 1635 1470 Κυκλάδας
1660 1407 1791 1479 ᾧκει
1819 1409 1940 1461 τότε

376 1495 474 1558 τάς
502 1496 698 1565 νήσους
720 1536 735 1557 ,
766 1497 860 1548 καὶ
889 1497 989 1549 ὅσα
1012 1497 1067 1558 ἐς
1101 1498 1383 1566 μεσόγειον
1413 1499 1536 1569 ἥκει
1564 1501 1820 1564 Βοιωτίας
1850 1503 1941 1554 καὶ

388 1586 660 1655 Ἀττικῆς.
693 1586 961 1656 ’Υστερον
1006 1587 1051 1641 δ’
1078 1588 1143 1639 ἐκ
1190 1589 1438 1657 διαδοχῆς
1494 1591 1833 1662 μακροτέρας
1882 1594 1939 1648 ὲς

375 1674 734 1745 Μινώταυρον
764 1679 862 1746 τῆς
894 1677 1067 1747 ἀρχῆς
1102 1681 1544 1750 περιενεχθείσης
1564 1721 1577 1745 ,
1613 1682 1780 1752 ἄνδρα
1810 1683 1936 1745 τοὺς

374 1766 607 1836 τρόπους
637 1766 819 1837 ὠμὸν,
854 1768 1051 1837 φόρους
1079 1787 1136 1823 τε
1166 1772 1357 1833 ἄλλους
1386 1772 1565 1837 ἄλλοις
1594 1776 1939 1843 ἐπενεγκεῖν,

375 1861 468 1911 καὶ
496 1858 560 1929 δὴ
588 1860 677 1912 καλ⁹
704 1860 889 1913 ὁπόσοι
916 1863 1036 1915 τότε
1064 1861 1245 1933 ᾤκουν
1269 1865 1369 1934 τὴν
1398 1864 1671 1935 Ἀττικὴν,
1697 1866 1777 1925 δὶς
1805 1867 1945 1919 ἑπτὰ

374 1951 567 2014 παῖδας
598 1952 775 2004 ἐκεῖσε
805 1952 1040 2020 ἀπάγειν
1066 1952 1174 2005 τῶν
1204 1954 1446 2021 εὐγενῶν
1473 1955 1594 2009 κατ’
1614 1960 1859 2010 ἐνιαυτὸν
1888 1958 1945 2020 ἐς

373 2042 547 2111 λήθης
586 2042 845 2113 φρούριον
876 2044 969 2097 τδν
1005 2044 1345 2115 λαϐύρινθον.
1379 2046 1485 2099 Τοῦ
1529 2048 1730 2116 κλήρου
1763 2047 1945 2100 τοίνυν

379 2136 473 2187 καὶ
512 2135 567 2197 ἐς
607 2135 786 2204 Θησέα
826 2137 1288 2206 περιενεχθέντος,
1324 2139 1524 2205 Αἰγεὺς
1566 2139 1665 2207 μὲν
1700 2141 1727 2191 ό
1767 2140 1945 2209 πατὴρ

374 2227 477 2280 οὐκ
506 2228 677 2296 ἠφίει,
707 2228 1009 2298 τηνικαῦτα
1037 2230 1136 2299 τῆς
1171 2231 1421 2299 Ἀττικῆς
1455 2230 1530 2283 ὣν
1562 2229 1807 2301 ήγεμὼν,
1837 2233 1864 2283 ὁ
1888 2231 1945 2283 δὲ

374 2319 550 2374 λαθὼν
579 2319 765 2391 ἀπῄει.
802 2322 945 2389 μάλα
980 2320 1122 2374 ἐκὼν
1150 2323 1265 2383 τοῖς
1300 2321 1384 2385 δῖς
1417 2322 1557 2374 ἐπτὰ
1596 2321 1945 2391 συναριθμιον

376 2410 567 2463 ἑαυτὸν
594 2414 959 2482 καταστήσας,
988 2413 1064 2475 ὡς
1094 2414 1182 2466 διὰ
1210 2413 1369 2466 τοῦτο
1395 2415 1543 2477 ὅπως
1575 2416 1704 2467 ποτέ
1733 2417 1827 2467 καὶ
1854 2414 1945 2466 τὸν

378 2504 477 2572 Al}
491 2503 551 2556 έα
585 2504 726 2556 κατὰ
757 2503 1025 2573 θαλάττης
1058 2503 1276 2573 ἐκείνης
1307 2504 1510 2573 ὑφέντα
1541 2503 1735 2557 ἐαυτὸν
1762 2503 1944 2556 τελευ-

381 2596 540 2666 τῆσαι
564 2596 655 2649 τὸν
684 2595 820 2665 βίον,
846 2598 942 2649 καὶ
968 2597 1029 2649 τὸ
1059 2598 1297 2664 πέλαγος
1323 2596 1546 2664 Αἰγαῖον
1577 2596 1784 2651 ἐκεῖθεν
1813 2595 1945 2659 κλη-

378 2684 554 2755 θῆναι.
586 2684 734 2737 Ἐπεί
758 2701 823 2753 γε
852 2684 1009 2756 μὴνή
1034 2685 1391 2755 Μινωταύρου
1416 2685 1661 2754 θυγάτηρ
1688 2686 1944 2755 Ἀριάδνη

376 2775 561 2842 Θησέα
596 2774 847 2829 θεάσαιτό
880 2793 938 2829 τε
972 2778 1068 2829 καὶ⁵
1101 2774 1359 2846 ἐρασθείη
1392 2775 1487 2828 τοῦ
1524 2775 1773 2839 κάλλους,
1810 2777 1944 2828 ὐπο-

378 2863 552 2916 θεῖναι
580 2863 843 2935 λαθραίας
872 2862 1019 2932 αὑτῷ
1044 2863 1143 2925 τὰς
1172 2862 1268 2929 τῆς
1301 2862 1620 2931 ἐλευθερίας
1651 2864 1906 2932 μεθόδους
1927 2904 1942 2926 ,

376 2952 466 3018 αῐς
496 2955 824 3025 χρησαμένῳ
855 2955 1058 3023 ῥᾴστην
1087 2973 1144 3007 τε
1176 2954 1425 3022 γενέσθαι
1455 2955 1622 3025 Θησεῖ
1649 2954 1747 3025 τὴν
1773 2956 1943 3007 λαϐυ-

2047 591 2228 647 medio
2255 602 2441 647 autem
2474 594 2795 663 labyrintho
2826 599 3036 670 crebris
3082 598 3388 651 intervallis
3416 597 3622 651 colum-

2046 696 2143 736 nas
2172 682 2436 752 levigatas
2472 684 2679 751 posuit,
2715 701 2837 753 quae
2873 695 3076 741 terram
3108 686 3163 740 in
3197 685 3419 756 fastigio
3451 686 3620 740 susti-

2044 782 2273 838 nerent;
2301 773 2391 826 hic
2422 773 2535 827 illic
2560 775 2710 828 varia
2737 776 2990 839 aedilicia.
3019 778 3292 831 vestibula
3318 776 3613 844 fontesque

2043 860 2303 929 disposite
2330 861 2483 916 fecit.
2519 863 2928 919 Ostendebatur
2952 873 3138 919 autem
3196 865 3333 919 mihi
3367 864 3619 933 labyrin-

2046 952 2173 1007 thus
2202 953 2272 1006 ab
2302 951 2575 1022 indigenis
2598 954 2800 1009 multas
2850 954 3002 1010 faces
3032 956 3292 1010 ardentes
3344 954 3400 1009 in
3447 955 3624 1007 mani-

2043 1041 2149 1096 bus
2179 1044 2538 1111 gestantibus.
2570 1043 2808 1099 Minoem
2831 1061 2986 1111 vero,
3016 1060 3181 1115 quem
3213 1044 3452 1114 antiquis
3480 1053 3621 1097 tem-

2042 1134 2267 1200 poribus
2290 1131 2467 1188 Creta:
2491 1133 2791 1203 imperasse
2844 1136 2973 1199 seis,
3018 1151 3217 1206 magno
3267 1136 3483 1189 navium
3520 1151 3622 1187 nu-

2043 1238 2193 1278 mero
2245 1224 2573 1278 instructum
2640 1224 2750 1294 40
2809 1225 3170 1280 circumcirca
3245 1234 3457 1293 gentes,
3500 1238 3623 1291 qua:

2044 1322 2154 1367 tum
2180 1314 2443 1384 Cyclades
2468 1315 2677 1370 insulas
2703 1324 2758 1369 et
2788 1332 2907 1384 quae
2936 1316 3003 1369 ad
3039 1316 3271 1369 mediam
3310 1330 3483 1383 usque
3520 1314 3617 1367 At.

2044 1407 2202 1459 ticam
2227 1414 2282 1460 et
2302 1406 2562 1460 Boeotiam
2593 1407 2926 1470 incolebant,
2956 1408 3009 1461 in
3036 1407 3301 1460 ditionem
3344 1404 3621 1474 redegisse

2045 1498 2245 1553 ferunt.
2276 1496 2585 1552 Posteriore
2616 1508 2800 1552 autem
2839 1507 3087 1567 tempore
3113 1497 3180 1551 ad
3215 1496 3616 1557 Minotaurum,

2042 1588 2218 1641 virum
2252 1590 2500 1644 moribus
2524 1590 2834 1645 immitibus
2855 1589 3172 1659 praeditum,
3203 1602 3374 1658 regno
3406 1603 3472 1641 ex
3496 1601 3622 1640 suc-

2042 1680 2289 1735 cessione
2323 1680 2523 1746 delato,
2551 1696 2677 1735 eum
2716 1680 2909 1735 dicunt
2944 1680 3153 1736 tributa
3204 1680 3311 1734 alia
3358 1679 3483 1733 aliis
3520 1678 3621 1731 im-

2046 1772 2313 1841 posuisse,
2366 1771 2561 1827 Atticaa
2620 1787 2751 1826 vero
2787 1771 2984 1826 incolis
3033 1772 3359 1840 imperasse,
3424 1780 3484 1823 ut
3535 1769 3619 1822 bis

2047 1870 2253 1931 septem
2286 1862 2492 1916 liberos
2518 1863 2779 1923 nobilium
2810 1862 3106 1931 quotannis
3131 1862 3185 1916 in
3220 1860 3618 1931 labyrinthum,

2056 1953 2350 2007 oblivionis
2384 1955 2665 2009 castellum
2729 1953 3088 2008 abducerent.
3144 1952 3281 2007 Cum
3333 1966 3455 2006 sors
3489 1967 3620 2005 vero

2046 2045 2319 2100 Theseum
2362 2043 2723 2112 designasset,
2760 2043 3013 2113 Egeum,
3068 2052 3278 2112 patrem
3327 2044 3449 2111 ejus
3490 2052 3620 2096 tunc

2048 2135 2314 2204 temporis
2336 2134 2527 2188 Attica:
2551 2132 2876 2202 principem,
2900 2148 3025 2187 eum
3051 2133 3328 2187 dimittere
3354 2124 3623 2187 noluisse.

2046 2227 2139 2283 llle
2167 2234 2346 2280 autem
2384 2224 2772 2279 lubentissime
2808 2240 2932 2279 cum
2966 2225 3087 2279 istis
3146 2226 3229 2278 bis
3285 2232 3492 2292 septem
3534 2224 3622 2292 ju-
3724 2212 3733 2221 κ

2050 2317 2287 2373 venibus
2312 2325 2668 2385 posteaquam
2700 2316 2840 2369 clam
2867 2315 3115 2380 abiisset,
3144 2314 3391 2385 {Egaaum
3419 2315 3619 2369 sesein

2052 2424 2204 2464 mare
2239 2407 2611 2477 praecipitasse
2638 2405 2915 2475 vitamque
2940 2406 3204 2469 linivisse,
3224 2406 3374 2458 unde
3397 2404 3621 2473 pelagus

2047 2501 2287 2569 Egaeum
2314 2514 2513 2552 nomen
2543 2499 2824 2567 accepisse
2849 2497 3077 2553 dicitur.
3099 2497 3378 2551 Ariadnen
3412 2504 3618 2556 autem,

2048 2592 2342 2648 Minotauri
2369 2591 2558 2654 tiliam,
2607 2591 2801 2645 Thesei
2852 2599 3140 2646 venustate
3174 2600 3390 2659 captam
3423 2589 3618 2642 furtim

2044 2700 2172 2740 eum
2204 2684 2473 2748 consiliis,
2508 2684 2715 2753 quibus
2749 2684 3068 2737 libertatem
3107 2682 3213 2737 sibi
3254 2690 3497 2751 pararet,
3533 2682 3621 2734 in-

2047 2775 2320 2830 struxisse
2361 2772 2581 2840 ferunt;
2626 2774 2694 2828 iis
2729 2789 2889 2828 usum
2931 2774 3207 2828 Theseum
3241 2773 3503 2831 facillime
3534 2773 3619 2825 Ia-

2043 2865 2285 2935 byrintbi
2314 2867 2518 2919 exitum
2548 2865 2847 2934 reperisse,
2888 2864 3086 2919 deinde
3118 2864 3429 2918 Minotauro
3450 2858 3619 2918 interi

2046 2958 2208 3018 lecto,
2238 2971 2362 3010 cum
2402 2954 2637 3009 Ariadna
2680 2955 3089 3026 juvenibusque
3117 2954 3311 3009 Atticis
3357 2955 3617 3024 protinus

379 3046 562 3116 ρίνθου
603 3043 992 3115 sesamum
1034 3044 1150 3113 ἅμα
1196 3042 1553 3112 Μινώταυρον
1596 3041 1696 3111 μέν
1737 3044 1941 3095 ἐκεῖνον

2047 3048 2103 3102 in
2134 3048 2362 3117 patriam
2396 3062 2494 3117 per
2522 3062 2677 3101 mare
2711 3046 2940 3116 fugisse,
2997 3055 3110 3100 tum
3144 3046 3288 3100 haud
3344 3047 3415 3100 ita
3442 3045 3616 3099 multo

378 3135 737 3203 πεφονευκότι
776 3134 834 3195 ἐς
865 3133 964 3202 τὴν
1003 3134 1227 3201 πάτριον
1262 3132 1463 3185 αὐτίκα
1502 3131 1605 3197 γῆν
1639 3130 1945 3183 διαπόντιον

376 3226 631 3293 γενέσθαι
662 3224 877 3293 φυγάδα
910 3222 1003 3287 ξύν
1028 3238 1091 3289 γε
1128 3220 1381 3292 Ἀριάδνῃ
1414 3221 1648 3283 καὶτοῖς
1677 3220 1736 3286 ἐξ
1768 3220 1947 3272 Ἀττι-

379 3318 481 3385 κῆς
510 3316 712 3384 ὴιθέοις
741 3315 920 3378 παισὶ,
947 3313 1043 3364 καὶ
1071 3312 1316 3381 οἰκιστὴν
1344 3311 1510 3381 ὀλίγῳ
1541 3310 1767 3381 ὕστερον
1795 3311 1947 3377 γενέ-

381 3407 505 3460 σθαι
532 3406 628 3459 καὶ
652 3404 749 3473 τῆς
777 3402 1076 3471 Ἀθηναίων
1105 3419 1168 3453 πε
1179 3402 1429 3472 ριϐοήτου
1458 3401 1685 3464 πόλεως,
1715 3418 1946 3471 μεμεριο

379 3499 593 3568 σμένως
624 3498 754 3565 πρὶν
785 3496 842 3545 ἐν
871 3493 1086 3560 κώμαις
1114 3490 1407 3547 οἰκούντων
1436 3492 1532 3560 τὴν
1565 3492 1838 3558 Ἀττικήν.

448 3586 549 3636 lB'.
579 3584 731 3650 Ἐμοὶ¹
753 3582 807 3634 δὲ
829 3584 964 3648 μετὰ
983 3580 1081 3654 τὴν
1099 3580 1227 3637 θέαν
1253 3583 1466 3652 ἐκείνην
1483 3583 1575 3633 καὶ
1595 3581 1652 3645 ἐς
1671 3582 1767 3641 τὰς
1784 3581 1945 3645 άλλας

376 3676 649 3744 περιιέναι
674 3677 769 3743 τῆς
800 3675 961 3746 νήσου
994 3680 1188 3744 κώμας
1216 3674 1310 3727 καὶ
1339 3672 1613 3735 πολιτείας
1639 3673 1733 3726 καὶ
1762 3674 1943 3736 πόλεις

374 3768 688 3841 γεγένηται.
718 3769 823 3820 Καὶ
857 3769 954 3835 μὲν
983 3767 1047 3833 δὴ
1076 3768 1167 3819 καὶ
1197 3765 1447 3835 ἐθεώμην
1476 3764 1537 3819 τὸ
1567 3766 1675 3817 πᾶν
1704 3765 1819 3816 ἐκεῖ
1846 3765 1943 3831 γέο

374 3881 463 3927 νος
492 3866 589 3931 τῆς
618 3862 808 3930 νήσου,
848 3858 1154 3927 Ῥωμαίους
1183 3858 1377 3923 ὄντας,
1409 3856 1575 3927 ὀλίγῳ
1603 3857 1706 3909 δέω
1735 3857 1940 3925 λέγειν,

375 3958 469 4009 καὶ
499 3958 599 4023 τὴν
630 3954 728 4022 τῆς
764 3952 995 4021 πατρίου
1031 3951 1269 4012 πίστεως
1302 3948 1846 4018 εὖσέὸειανβεὸαἰαν
1879 3949 1943 3999 ἐκ

374 4047 621 4113 διαδοχῆς
648 4048 732 4098 ἀεὶ
764 4044 1130 4112 κεκτημένους
1156 4052 1168 4070 ⁴
1199 4042 1291 4093 καί
1325 4058 1413 4110 μοι
1441 4040 1751 4111 βουλομένῳ
1780 4056 1844 4106 γε
1874 4034 1941 4108 ἦν

373 4138 594 4190 πλείονα
640 4137 828 4205 χρόνον
873 4136 990 4186 ἐκεῖ
1035 4132 1442 4201 διατετριφέναι
1488 4130 1732 4191 πλείονος
1780 4130 1942 4182 ἕνεκα

373 4227 438 4301 [ί.
486 4227 589 4282 104
634 4225 687 4298 b]
763 4229 853 4279 xui
904 4224 1241 4294 τιλεωτέρας
1287 4221 1395 4274 τῶν
1440 4222 1557 4274 ἐκεῖ
1603 4220 1943 4291 πραγμάτων

375 4319 632 4389 ἱστορίας.
670 4315 810 4371 Ἀλλ’
835 4316 1083 4373 ἀνεσόὸει
1138 4331 1230 4385 μοι
1273 4313 1374 4385 τὴν
1422 4313 1675 4384 βούλησιν
1718 4314 1748 4365 ὁ
1788 4330 1940 4383 τηνι-

370 4387 547 4463 καῦτα
584 4407 960 4481 μελετώμενος
994 4406 1225 4477 θόρυϐος
1258 4405 1364 4458 τῶν
1394 4420 1455 4457 τε
1485 4403 1668 4458 ὅπλων
1702 4403 1796 4456 καὶ
1829 4403 1937 4458 τῶν
1970 4387 2012 4441 ι)

371 4501 489 4553 ἐκεῖ
530 4496 936 4569 στρατιωτικῶν
968 4495 1273 4562 δυνάμεων.
1304 4487 1417 4546 Ἦν
1451 4493 1558 4562 γὰρ
1602 4493 1634 4562 ή
1675 4492 1834 4560 νῆσος
1875 4493 1940 4544 ἐκ

370 4587 565 4643 πολλοῦ
610 4590 916 4658 συμφοραῖς
958 4586 1351 4655 ἐντετυχηκυῖα
1376 4624 1391 4647 ,
1425 4583 1494 4636 δι’
1517 4583 1581 4645 ἃς
1625 4584 1935 4647 Λιτινικοῖς

370 4682 553 4743 ὅπλοις
585 4680 918 4734 δουλεύσασα
948 4677 1025 4746 τῷ
1058 4678 1158 4746 τῆς
1194 4675 1447 4738 Βενετίας
1481 4674 1730 4743 ὑπέκυψε
1763 4674 1935 4745 δημο-

373 4770 469 4839 σῐῳ
498 4752 904 4839 προστάγματι.
936 4768 1098 4836 ’Λρτι
1128 4766 1309 4819 τοίνυν
1339 4766 1527 4835 φήμης
1557 4764 1810 4834 χυθείσης
1842 4763 1936 4816 ἐπὶ

374 4860 551 4912 πᾶσαν
583 4859 811 4929 ἦπειρόν
841 4873 900 4909 τε
936 4858 1031 4908 καὶ
1063 4855 1225 4923 νῆσον
1257 4855 1331 4916 ὡς
1364 4855 1413 4906 oi
1444 4854 1506 4906 τὸ
1538 4851 1936 4921 Γαλατώνυμον

371 4944 642 5007 οἰκοῦντες
676 4946 932 5012 φρούριον
965 4940 1346 5008 ἀστυγείτονες
1382 4938 1686 4992 Γεννουῗται
1707 4979 1722 5003 ,
1759 4955 1936 5009 παρα-

374 5036 767 5104 σπονδήσαντές
791 5050 851 5084 τε
880 5031 973 5085 καὶ
1002 5031 1408 5091 ἐπαναστάντες
1434 5030 1547 5092 τοῖς
1578 5028 1894 5093 Βυζαντίοις
1917 5065 1933 5091 ,

371 5128 512 5195 σφᾶς
540 5143 601 5179 τε
633 5124 1084 5194 ναυμαχήσαντες
1119 5122 1437 5190 νενικήκασι
1467 5121 1560 5174 καὶ
1591 5118 1706 5189 ἅμα
1738 5119 1935 5172 θαλάσ-

374 5234 469 5285 σης
494 5216 623 5288 ὅλης
651 5214 947 5288 ἡγεμονίαν
971 5213 1436 5281 ώνειροπόλησαν,
1466 5213 1540 5275 ώς
1567 5212 1766 5282 μηκέτι
1794 5212 1933 5281 μήτε

371 5309 678 5372 καθεκτοὺς
709 5302 851 5361 εἶναι
883 5308 1020 5377 μήτε
1055 5307 1161 5375 μὴν
1190 5303 1298 5358 οὐδ’
1321 5303 1612 5372 ὁμοφύλοις
1642 5304 1721 5355 ἔτι
1753 5302 1935 5371 μένειν

371 5399 688 5461 ἐνσπόνδους
730 5399 957 5461 ἐθέλειν,
1002 5397 1139 5449 ἀλλὰ
1182 5394 1424 5464 σκληρὰν
1469 5397 1562 5447 καὶ
1602 5388 1715 5447 οἷον
1758 5396 1933 5447 εἰπεῖν

371 5490 701 5559 ἡγεμονικὴν
733 5490 832 5556 τὴν
866 5489 1037 5556 ὀφρὺν
1071 5485 1210 5537 κατὰ
1252 5482 1466 5537 πάντων
1499 5485 1614 5536 ὅσοι
1653 5482 1934 5538 θαλάττιον

374 5581 626 5649 βόσκουσι
671 5580 784 5649 βίον
823 5576 1318 5640 ἐπανατείνασθαι,
1355 5575 1701 5646 ταραχθῆναί
1739 5593 1799 5628 τε
1841 5575 1933 5630 οὖν

372 5672 598 5734 πολλοὺς
627 5672 716 5723 διὰ
744 5671 921 5725 ταῦτα
952 5669 1048 5723 καὶ
1082 5669 1296 5721 πάντων
1328 5668 1560 5736 μάλιστα
1587 5668 1927 5732 Βενετικοὺς,

379 5764 614 5834 μεγάλας
653 5764 750 5836 μὲν
781 5764 1062 5837 ἐξαρτΰειν
1092 5763 1147 5816 ἐν
1180 5761 1371 5833 βραχεῖ
1404 5759 1660 5824 ναυτικὰς
1691 5759 1928 5830 δυναμέ·

2049 3149 2173 3209 post
2207 3139 2401 3195 urbem
2430 3139 2927 3193 eelebratissimam
2959 3138 3385 3193 Atheniensium
3419 3138 3613 3192 condi-

2047 3229 2214 3295 disse,
2247 3229 2340 3299 qui
2373 3238 2533 3284 antea
2573 3244 2670 3299 per
2712 3229 2959 3299 singulos
2992 3230 3145 3285 vicos
3203 3229 3439 3301 dispersi
3472 3229 3617 3284 Atti-

2047 3333 2163 3372 cam
2190 3317 2540 3373 incolebant.

2118 3581 2233 3638 XII.
2265 3583 2376 3653 Ego
2400 3597 2532 3638 vero
2556 3584 2871 3651 labyrintho
2906 3585 3241 3655 perlustrato
3280 3586 3447 3642 etiam
3475 3586 3615 3642 alios

2045 3673 2238 3729 insulae
2266 3673 2438 3736 vicos,
2474 3674 2725 3728 civitates
2756 3674 2859 3745 41
2897 3678 3173 3745 urbesque
3222 3693 3345 3732 cum
3387 3679 3614 3744 adirent,

2047 3772 2218 3817 totum
2248 3777 2417 3831 genus
2443 3763 2748 3825 hominum,
2795 3766 2937 3832 quo.l
2976 3766 3212 3820 insulam
3245 3769 3455 3832 incolit,
3508 3770 3617 3823 Ro.

2045 3867 2235 3907 manos
2275 3868 2394 3906 esse
2441 3863 2496 3907 et
2550 3856 2738 3920 patriae
2792 3855 2913 3907 ﬁdei
2971 3856 3184 3910 cultum
3237 3873 3267 3909 a
3316 3859 3616 3927 majoribus

2046 3959 2217 4012 usque
2268 3944 2524 3999 traditum
2586 3953 2905 3998 constanter
2954 3946 3097 4000 tueri
3164 3949 3421 4016 cognovi.
3480 3950 3612 4004 Mihi

2044 4038 2265 4106 quidem
2301 4037 2355 4090 in
2386 4035 2573 4091 animo
2599 4046 2742 4100 erat,
2796 4052 2908 4105 quo
2944 4036 3265 4106 diligentius
3299 4047 3357 4093 et
3384 4052 3613 4093 accura-

2046 4131 2155 4184 tius
2189 4129 2383 4183 insulae
2432 4143 2522 4183 res
2560 4128 2929 4197 explorarem,
2983 4130 3205 4197 longius
3261 4131 3332 4185 ibi
3396 4140 3615 4201 tempus

2042 4220 2412 4284 commorari;
2455 4217 2550 4273 sed
2589 4219 2658 4272 ab
2682 4219 2786 4273 hoc
2820 4219 3099 4287 proposito
3132 4218 3460 4274 deturbatus
3488 4237 3611 4275 sum

2043 4326 2320 4366 armorum
2351 4310 2715 4380 militumque,
2741 4311 2834 4380 qui
2864 4320 2977 4364 tum
3008 4312 3080 4366 ibi
3113 4313 3489 4381 grassabatur,
3527 4322 3614 4367 tu-

2044 4404 2242 4459 multu.
2268 4402 2458 4457 Insula
2486 4402 2631 4457 enim
2654 4402 2765 4471 jam
2792 4402 2887 4456 diu
2935 4401 2990 4456 in
3022 4402 3362 4457 calamitates
3405 4402 3614 4455 incide-

2044 4503 2150 4556 rat.
2182 4504 2408 4562 propter
2436 4506 2573 4561 quas
2612 4491 2934 4546 Latinorum
2965 4493 3134 4546 armis
3150 4495 3373 4547 subacta
3394 4492 3616 4547 Veneta:

2044 4583 2362 4653 reipublicae
2394 4582 2626 4652 imperio
2656 4597 2716 4637 se
2749 4583 3029 4639 submisit.
3079 4584 3217 4639 Cum
3269 4599 3402 4640 vero
3452 4585 3614 4639 modo

2043 4688 2210 4742 super
2239 4680 2406 4727 totam
2435 4672 2808 4728 continentem
2838 4683 2895 4727 et
2921 4663 3154 4729 insulam
3185 4691 3371 4731 rumor
3398 4675 3613 4742 diSper-

2042 4779 2137 4818 sus
2166 4773 2333 4828 esset,
2364 4762 2705 4825 Genuenses,
2738 4765 2831 4833 qui
2866 4764 3073 4820 Galatae
3107 4775 3295 4820 tentent
3322 4767 3609 4820 castellum

2042 4854 2099 4909 in
2135 4854 2286 4908 urbis
2315 4854 2621 4919 vicinitate,
2644 4854 2851 4909 foedere
2882 4867 3044 4925 rupto
3067 4864 3122 4910 et
3147 4858 3446 4911 rebellione
3470 4858 3612 4910 facta

2040 4947 2328 5015 Byzantios
2369 4946 2556 5014 praelio
2591 4946 2767 5000 navali
2799 4946 2995 5002 vicisse
3029 4957 3087 5002 et
3118 4949 3293 5002 totius
3318 4951 3486 5003 maris
3507 4950 3611 5001 im-

2041 5038 2255 5107 perium
2285 5037 2588 5102 somniare,
2637 5046 2696 5091 ut
2725 5052 2905 5107 neque
2942 5037 3193 5093 coerceri
3249 5048 3472 5107 possent
3516 5055 3614 5109 tie-

2041 5144 2148 5198 que
2197 5143 2268 5181 ne
2326 5127 2530 5182 findere
2558 5127 2779 5196 quidem
2841 5143 2965 5182 cum
3020 5128 3378 5197 popularibus
3422 5131 3620 5197 jttnclo

2041 5227 2185 5274 stare
2212 5218 2442 5280 vellent,
2476 5218 2569 5272 sed
2600 5219 2837 5287 superba
2870 5220 3120 5288 quaedam
3158 5230 3214 5275 et
3243 5232 3302 5276 ut
3330 5223 3401 5276 ita
3434 5224 3611 5277 dicam

2042 5310 2398 5378 imperatoria
2428 5310 2718 5378 supercilia
2744 5308 3010 5363 adversus
3035 5325 3225 5369 omnes
3259 5313 3351 5383 qui
3404 5313 3617 5367 mariti-

2040 5412 2183 5450 mam
2214 5406 2382 5466 agunt
2416 5398 2603 5462 vitam,
2638 5414 2749 5467 prae
2780 5413 2839 5452 se
2864 5398 3097 5463 ferrent,
3175 5403 3278 5456 hac
3321 5419 3378 5456 re
3425 5412 3481 5457 et
3513 5400 3610 5453 alii

2042 5488 2202 5542 multi
2253 5488 2565 5541 conturbati
2624 5496 2754 5541 sunt
2806 5496 2862 5541 et
2892 5491 3167 5559 praecipue
3223 5491 3438 5552 Veneti,
3494 5490 3616 5557 qui,

2039 5592 2351 5647 quanquam
2395 5577 2547 5630 brevi
2601 5576 2846 5647 tempore
2897 5594 3119 5650 magnas
3150 5580 3335 5648 copias
3382 5580 3608 5632 navales

2038 5685 2306 5725 exornare
2346 5677 2506 5737 atque
2539 5668 2748 5724 idcirco
2776 5670 2919 5725 haud
2957 5674 3258 5727 mediocres
3305 5670 3409 5723 sibi
3444 5671 3608 5736 spiri—

2042 5770 2130 5819 tus
2156 5775 2371 5817 sumere
2403 5769 2678 5831 poterant,
2713 5772 2825 5817 tum
2858 5770 3056 5833 praeter
3080 5761 3391 5833 Opinionem
3425 5762 3494 5817 ab
3546 5762 3613 5815 il»
