4070 6326
440 369 507 434 3i
1594 367 2007 426 NICEPHORI
2045 362 2425 424 GREGURE
3605 346 3670 408 32

439 479 636 554 lisjam
666 482 914 553 impediti
945 490 1125 547 erant,
1157 482 1452 550 quominus
1485 481 1538 533 iu
1564 480 1878 547 superiores
1907 494 1996 532 re-

2119 494 2225 538 mo;
2255 477 2546 543 δυνάμεις,
2583 472 2730 536 μέγα
2761 469 2816 521 δὲ
2851 467 2942 520 διὰ
2970 464 3128 518 τοῦτο
3160 463 3380 533 φρονεῖν
3410 459 3631 528 ἔχοντας
3650 500 3666 524 ,

439 572 629 640 giones
659 575 722 623 ct'
762 571 940 623 lacum
985 571 1288 624 Maeotidem
1350 580 1406 623 et
1441 570 1506 622 ad
1555 570 1693 623 ostia
1740 569 2000 622 Tanaidis

440 679 540 732 pro
569 678 668 715 suo
698 661 806 731 42
835 660 1066 714 arbitrio
1125 668 1288 728 atque
1339 659 1640 720 voluntate,
1700 667 1762 710 ut
1814 667 1997 720 antea,

440 753 761 819 navigarent
790 767 852 804 ac
891 751 1461 804 circumveherentur.
1527 747 1708 814 Quare
1755 763 1884 801 suas
1912 763 2006 801 co-

441 846 560 913 pias
588 853 936 902 contraxere.
989 842 1296 895 triremium
1359 855 1646 894 numerum
1705 847 2002 900 auxerunt,

438 933 602 987 etiam
638 945 946 987 veteresex
982 931 1268 984 naValibus
1307 931 1675 996 undecunque
1703 929 2002 997 productas

410 1037 608 1076 ~naves
682 1021 1010 1084 refecerunt,
1062 1022 1334 1090 simulque
1412 1021 1592 1075 socias
1648 1021 2004 1088 subditasque

445 1117 610 1167 urbes
672 1113 994 1181 insulasque
1037 1114 1103 1166 ad
1165 1113 1484 1166 certaminis
1531 1113 1848 1167 societatem
1909 1112 2007 1166 atl-

440 1211 720 1266 vocarunt,
783 1209 844 1256 ut
899 1217 1050 1255 arma
1107 1201 1469 1269 triremesque
1499 1211 1555 1256 et
1607 1202 1812 1254 milites
1862 1201 2005 1255 clas-

438 1295 582 1348 sicos
638 1309 736 1362 pro
794 1308 890 1346 sua
943 1307 1173 1360 qumque
1240 1292 1498 1345 facultate
1524 1291 1865 1345 conferrent.
1896 1291 2000 1345 Ad-

440 1384 889 1439 vocabantetiam
917 1399 982 1436 ex
1009 1383 1232 1436 remotis
1261 1381 1577 1450 regionibus
1612 1381 1812 1436 milites
1839 1381 2006 1450 largis

439 1477 493 1528 in
528 1489 765 1543 praesens
791 1473 1098 1542 stipendiis,
1127 1473 1455 1539 largioribus
1477 1471 1531 1525 in
1566 1471 1813 1526 futurum
1841 1473 2000 1540 polli-

438 1565 818 1630 citationibus,
845 1579 969 1618 cum
1001 1565 1137 1618 alios
1176 1574 1288 1644 tum
1323 1562 1633 1624 Catalanos,
1661 1563 1756 1632 qui
1789 1563 1855 1616 ad
1881 1563 2009 1618 Gal-

441 1657 604 1711 licum
637 1673 784 1711 mare
817 1656 1046 1710 inferius
1087 1656 1412 1717 incolentes,
1471 1655 1562 1708 ubi
1616 1655 2001 1724 Pyrenaei-um

441 1749 710 1802 montium
745 1748 915 1816 pedes
943 1748 1192 1816 proxime
1239 1746 1522 1807 desinunt,
1585 1744 1791 1800 ferocia
1839 1752 2005 1814 atque

441 1841 642 1894 virtute
673 1841 862 1895 bellica
909 1841 1024 1894 sive
1062 1841 1262 1909 praeliis
1295 1839 1651 1894 terrestribus
1677 1838 1790 1892 sive
1816 1838 2012 1908 pugnis

442 1935 728 1989 navalibus
763 1933 1095 1996 exhibenda,
1132 1932 1268 1986 nulli
1298 1931 1618 1986 Latinorum
1649 1929 1874 1986 cedunt.

516 2200 653 2256 Xlll.
683 2202 818 2257 Cum
851 2203 1018 2271 igitur
1066 2203 1206 2256 hanc
1269 2203 1340 2256 ob
1371 2216 1591 2256 causam
1643 2200 1809 2254 etiam
1838 2198 2003 2254 Creta

446 2294 683 2346 tumultu
714 2294 1029 2348 turbaretur
1050 2303 1104 2345 et
1130 2307 1404 2345 armorum
1428 2291 1704 2345 sociorum
1737 2291 2011 2343 omnium-

445 2401 551 2454 que
578 2401 760 2438 rerum
792 2385 859 2437 ad
890 2384 1130 2437 hosﬁum
1183 2384 1529 2438 incursiones
1581 2381 1851 2435 arcemlas
1888 2383 2012 2435 ido-

448 2491 674 2530 nearum
736 2485 996 2543 apparatu
1064 2476 1221 2544 quasi
1253 2480 1668 2537 conenteretur,
1723 2472 1851 2526 inde
1885 2489 2014 2526 vere

450 2566 675 2621 ineunte
710 2567 842 2626 abii.
879 2578 1044 2634 atque
1078 2567 1301 2620 sinistra
1349 2563 1627 2618 Salamine
1670 2563 1845 2617 insula
1876 2579 2014 2632 prte-

449 2659 720 2717 termissa.
763 2657 854 2711 ubi
890 2656 1288 2714 Themistocles
1315 2655 1534 2709 Neoclis
1562 2654 1708 2708 [ilius
1733 2654 2012 2723 quondam

448 2753 634 2819 cupias
670 2751 889 2804 navales
919 2751 1209 2804 Persarqu
1246 2748 1574 2802 demersisse
1601 2747 1826 2812 dicitur,
1851 2756 1907 2802 et
1933 2749 2016 2801 in-

450 2845 618 2908 sulas,
645 2859 782 2912 quas
815 2843 1080 2911 Cyclades
1107 2850 1331 2903 vocant,
1358 2829 1773 2908 praetervectus,
1802 2839 1867 2892 ad
1909 2839 2016 2892 Eu-

450 2934 624 2988 bmam
673 2934 908 2988 insulam
945 2932 1128 3000 appuli
1152 2934 1258 2998 jam
1313 2931 1515 2984 mullos
1575 2945 1752 2984 annos
1785 2929 2014 2984 Venetis

2107 568 2297 618 ἔπειτα
2334 564 2480 631 παρὰ
2511 560 2667 626 δόξαν
2702 559 2791 610 ὑπ’
2816 555 3038 608 ἐκείνων
3067 552 3166 623 ’ήδη
3204 549 3577 616 κωλυομένους
3613 548 3668 606 ἐς

2105 657 2194 709 τὸν
2227 655 2338 707 ἄνω
2361 654 2523 706 τόπον
2553 651 2646 704 καὶ
2675 651 2771 717 τὴν
2799 647 3051 702 Μαιῶτιν
3077 643 3171 696 καὶ
3199 643 3295 702 τὰς
3325 637 3550 699 ἐκϐολὰς
3575 635 3669 688 τοῦ

2105 748 2366 806 Τανάῖδος
2403 743 2661 798 ἀναπλεῖν
2698 741 2792 792 καὶ
2836 737 3119 804 περιπλεῖν
3161 732 3283 786 κατ’
3311 727 3559 796 ἐξουσίαν
3595 725 3670 787 ὡς

2107 841 2389 909 πρότερον.
2419 834 2582 890 Ὅθεν
2607 831 2758 885 αὐτοί
2783 847 2842 881 τε
2871 828 2970 890 τὰς
3001 826 3207 886 οίκείας
3233 821 3486 892 ἤθροιζον
3511 816 3671 871 δυνά-

2107 947 2256 999 μεις,
2299 929 2544 998 τριήρεις
2589 942 2645 977 τε
2695 921 2913 982 πλείους
2956 915 3065 970 τῶν
3111 915 3247 976 τέως
3293 912 3468 965 οὐσῶν
3513 926 3672 963 κατεο

2105 1022 2367 1086 σκεύαζον
2404 1021 2494 1073 καὶ
2535 1017 2628 1080 τὰς
2671 1018 2734 1068 ἐκ
2775 1010 2968 1066 πολλοῦ
3011 1004 3447 1074 νενεωλκημένας
3483 1001 3672 1056 καθελ-

2103 1113 2366 1173 κύσαντες
2419 1106 2749 1177 πανταχόθεν
2800 1099 3212 1162 ἐπεσκεύαζον,
3264 1098 3360 1150 καὶ
3410 1093 3524 1162 ἃμα
3570 1093 3670 1154 τὰς
3727 1105 3736 1114 ·

2106 1202 2450 1274 συμμαχίδας
2483 1201 2580 1254 καὶ¹
2614 1196 2890 1266 ὑπηκόους
2921 1194 3105 1254 πόλεις
3140 1191 3229 1244 καὶ
3263 1188 3458 1258 νήσους
3493 1189 3549 1248 ἐς
3580 1186 3669 1237 τὸν

2105 1296 2284 1349 κοινὸν
2312 1293 2538 1346 ἐκάλουν
2567 1290 2784 1356 ἀγῶνα,
2815 1286 2954 1340 ὅπλα
2985 1285 3073 1336 καῖ.
3104 1281 3346 1350 τριήρεις
3380 1276 3469 1329 καὶ
3504 1291 3669 1342 στρα-

2106 1387 2304 1450 τιώτας
2330 1387 2642 1454 ναυμάχους
2672 1375 3128 1447 συνεισφερούσας
3155 1373 3297 1425 κατὰ
3325 1369 3421 1438 τὴν
3447 1366 3671 1420 ἐνοῦσαν

2107 1479 2311 1548 ἑκάστῃ
2338 1476 2587 1544 δύναμιν.
2618 1471 2988 1525 Συνεκάλεσαν
3013 1467 3058 1518 δ’
3083 1462 3175 1517 οὖν
3201 1463 3292 1514 καὶ
3318 1463 3425 1513 τῶν
3454 1461 3671 1529 πὸρῤω-

2109 1570 2201 1624 θεν
2225 1570 2411 1638 ἁϐροῖς
2442 1567 2541 1637 μὲν
2565 1567 2657 1619 καὶ
2683 1565 2783 1632 ήδη
2815 1561 3183 1631 μισθώμασιν,
3206 1554 3531 1624 ἁδροτέραις
3552 1551 3596 1605 δ’
3618 1552 3673 1613 ἐς

2110 1661 2170 1715 τὸ
2206 1661 2395 1729 μέλλον
2427 1655 2814 1724 ἐπαγγελίαις,
2849 1653 3040 1712 ἄλλους
3073 1667 3131 1701 τε
3167 1649 3258 1700 καλ
3293 1643 3635 1704 Κατελάνους
3657 1682 3672 1703 ,

2110 1755 2159 1807 οἳ
2190 1754 2428 1823 ῷκηνται
2462 1749 2610 1802 κάτω
2639 1745 2791 1814 παρὰ
2819 1743 2916 1812 τὴν
2950 1739 3212 1809 Γαλλικὴν
3243 1737 3536 1799 θάλασσαν,
3568 1735 3675 1801 ὅπη

2112 1844 2219 1898 τῶν
2250 1839 2571 1910 Πυρηναίων
2603 1835 2746 1906 ὀρῶν
2775 1834 2824 1887 οί
2857 1832 3016 1893 πόδες
3047 1835 3281 1898 ἄγχιστα
3311 1827 3589 1894 λήγουσιν,
3621 1827 3674 1885 ἐς

2111 1935 2313 2001 τόλμαν
2347 1928 2668 1998 πολεμικὴν,
2703 1927 2802 1994 ὅση
2838 1941 2897 1976 τε
2935 1918 3277 1989 ἠπειρωτικὴ
3316 1916 3410 1967 καὶ
3443 1914 3541 1980 ὅση
3577 1911 3671 1962 θα-

2112 2027 2360 2086 λάττιος,
2406 2021 2515 2075 τῶν
2561 2017 2845 2090 πρωτείων
2894 2013 3070 2067 οὐδέσι
3119 2009 3364 2063 Λατίνων
3414 2021 3672 2073 παραχω-

2119 2117 2368 2190 ροῦντας.

2185 2212 2283 2264 ll".
2323 2208 2473 2274 Ἐπεὶ
2501 2204 2632 2273 γοῦν
2655 2204 2742 2256 διὰ
2766 2201 2937 2254 ταῦτα
2968 2198 3062 2252 καὶ
3092 2195 3282 2266 Κρήτη
3312 2191 3542 2260 θόρυϐον
3565 2186 3675 2257 εἶχε

2114 2308 2209 2358 καὶ
2238 2303 2312 2364 ὡς
2342 2301 2516 2353 εἰπεῖν
2545 2299 2747 2350 ἐσείετο
2778 2296 2948 2354 πᾶσα,
2979 2284 3508 2360 παρασκευαζομένη
3545 2280 3676 2348 πρὸς

2113 2394 2251 2446 ὅπλα
2287 2388 2610 2460 συμμαχικά
2640 2403 2697 2440 τε
2733 2385 2826 2438 καὶ
2860 2384 2960 2436 ὅσα
2991 2380 3098 2432 τῶν
3131 2373 3443 2444 πολεμικῶν
3479 2369 3678 2438 ἐφόδων

2113 2577 2208 2632 τοῦ
2241 2572 2376 2647 ἦρος
2397 2614 2412 2637 ,
2445 2573 2538 2626 καὶ
2571 2570 2727 2638 ἀφεὶς
2761 2567 3015 2634 εὐώνυμα
3049 2562 3320 2630 Σαλαμῖνα
3349 2557 3448 2627 τὴν
3479 2557 3676 2647 νῆσον,

2115 2669 2242 2722 ἔνθα
2268 2645 2639 2734 Θεμιστοκλέα
2668 2661 2758 2713 τὸν
2786 2657 3082 2716 Νεοκλέους
3113 2653 3314 2706 ἐκεῖνον
3345 2647 3509 2702 πάλαι
3543 2645 3675 2714 φασὶ
3741 2665 3756 2682 ο

2114 2761 2214 2830 τὴν
2241 2760 2346 2810 τῶν
2379 2756 2601 2826 Περσῶν
2633 2752 2844 2820 ἐκείνην
2873 2747 3130 2817 ναυτικὴν
3161 2740 3558 2798 καταϐαπτίσαι
3587 2737 3676 2789 δύο

2116 2828 2300 2918 ναμιν,
2347 2846 2542 2913 νήσους
2589 2859 2647 2894 τε
2695 2841 2760 2900 ἃς
2807 2836 3089 2898 Κυκλάδας
3134 2834 3266 2902 φασὶ
3310 2828 3679 2918 παραλλάξας,

2118 2935 2458 2992 κατέπλευσα
2501 2936 2559 2996 ἐς
2600 2929 2832 2984 Εὔϐοιαν
2873 2930 2971 2997 τὴν
3014 2926 3194 2994 νῆσον,
3237 2923 3476 2992 ὑπήκοον
3516 2914 3680 2973 οὖσαν

447 3025 742 3079 subditam.
779 3024 894 3089 Qua
931 3023 986 3076 in
1021 3023 1198 3076 insula
1232 3037 1355 3076 cum
1394 3021 1612 3089 longius
1659 3031 1874 3088 tempus
1904 3021 2012 3093 43

2119 3031 2420 3089 Βενετικοῖς
2466 3027 2599 3079 ἐτῶν
2629 3023 2746 3095 ἤδη
2799 3020 3039 3091 μακρῶν.
3090 3016 3194 3070 Καί
3249 3032 3313 3084 με
3363 3013 3679 3082 βουλόμενον

448 3117 774 3171 commorari
811 3116 1238 3178 constituissem,
1267 3130 1546 3168 armorum
1571 3115 1809 3184 bellique
1835 3131 2006 3184 appa-

2120 3121 2337 3177 πλείονα
2381 3120 2570 3187 χρόνον
2613 3094 2945 3184 ἐνδιατρῖψαι
2987 3094 3234 3178 ταύτῃ’ή
3284 3105 3390 3158 τῶν
3433 3103 3679 3157 Εὐϐοέων

451 3217 594 3269 ratu,
627 3208 680 3261 in
705 3222 868 3276 quem
895 3222 1110 3260 summo
1137 3207 1322 3259 studio
1356 3216 1519 3274 atque
1544 3206 1829 3260 alacritate
1851 3206 2012 3260 etiam

2119 3211 2420 3267 ἀνέστειλεν
2461 3206 2710 3276 ἀσχολία,
2755 3204 2922 3270 πολλή
2968 3219 3049 3262 τις
3094 3195 3228 3250 οὖσα
3272 3198 3364 3249 καὶ
3407 3195 3544 3263 αὕτη
3591 3195 3683 3246 καὶ

451 3299 792 3354 Ευὺωθηεεε
843 3299 1239 3361 iucubuerunt,
1281 3313 1310 3352 ε
1353 3299 1636 3367 proposito
1669 3298 2011 3354 deterrebar.

453 3391 614 3444 Fama
647 3390 794 3444 enim
833 3399 973 3450 erat,
1025 3390 1246 3460 jamjam
1297 3389 1551 3442 triremes
1612 3403 1678 3442 ex
1714 3389 1902 3443 Genua
1935 3389 2018 3444 in.

454 3483 589 3536 festo
617 3482 820 3550 impetu
853 3481 906 3534 in
937 3496 1034 3536 eos
1067 3482 1418 3551 navigaturas
1447 3495 1592 3536 esse.
1632 3479 1816 3546 Quare
1860 3474 2016 3535 brevi

453 3581 698 3640 tempore
734 3583 844 3626 tota
871 3572 1047 3626 insula
1083 3573 1418 3640 perlustrata
1451 3584 1508 3626 et
1546 3573 1804 3638 urbibus,
1835 3589 2015 3642 quan-

459 3673 574 3716 tum
605 3661 724 3716 ﬁeri
760 3662 957 3730 potuit,
1001 3660 1214 3721 invisis.
1267 3662 1333 3715 ad
1379 3662 1760 3728 Artemisium,
1797 3662 2020 3718 Eubaere

455 3754 893 3820 promontorium
972 3753 1442 3820 septentrionale,
1535 3753 1812 3822 profectus
1873 3770 2018 3808 sum.

454 3843 609 3900 Unde
638 3860 760 3899 cum
781 3846 890 3915 jam
921 3846 1146 3914 provehi
1180 3846 1404 3911 vellem,
1428 3847 1621 3901 classis
1653 3847 1892 3901 hostium
1923 3848 2020 3902 de--

454 3938 630 3991 currit
681 3953 876 4006 meque
925 3953 954 3991 a
989 3936 1328 4003 profectione
1384 3937 1688 4006 prohibuit.
1745 3937 2023 3992 Triremes

455 4030 602 4082 enim
631 4029 952 4084 Genuenses
981 4028 1401 4097 quatuordecim
1429 4028 1722 4082 celerrimo
1754 4043 1920 4082 cursu
1953 4028 2020 4081 ad

456 4119 699 4188 Oropum
725 4129 781 4172 et
806 4119 1056 4173 Aulidem
1090 4119 1433 4187 appellentes
1467 4119 1570 4171 sub
1602 4117 1766 4171 ﬁnem
1819 4121 2025 4174 uastatis

459 4209 962 4277 conspiciebantur.
994 4209 1141 4262 Inter
1173 4209 1336 4261 hasce
1363 4207 1509 4261 enim
1536 4206 1704 4261 nrbes
1727 4207 1890 4274 paulo
1913 4223 2025 4260 mc-

462 4301 657 4356 rid-iem
686 4317 882 4355 versus
909 4301 1042 4355 sitas
1071 4307 1266 4368 portus
1296 4307 1380 4352 est
1405 4298 1690 4368 oblongus,
1721 4313 1811 4363 qui
1835 4314 2026 4368 quam»

459 4406 678 4459 cunque
704 4390 1046 4460 tempestatis
1093 4390 1178 4444 vel
1219 4388 1706 4444 turbulentissimae
1743 4387 1851 4442 vim
1881 4404 2025 4444 con-

2121 3303 2264 3372 μάλα
2292 3301 2355 3364 γέ
2381 3317 2433 3353 τι
2461 3292 2977 3361 κατεσπουδασμένη
3012 3289 3146 3358 πρὸς
3177 3288 3355 3358 ὅπλων
3382 3288 3471 3338 καὶ
3505 3284 3682 3354 μάχης

2117 3391 2469 3462 παρασκευήν
2493 3406 2508 3421 ·
2547 3386 2760 3457 μέλλειν
2793 3381 2900 3452 γὰρ
2938 3380 3016 3452 [ἲ.
3054 3379 3154 3433 105
3191 3376 3260 3447 αἶ
3321 3378 3444 3430 ὅσον
3477 3375 3684 3427 οὐδέπω

2117 3480 2272 3546 λόγος
2295 3474 2361 3547 ἦν
2387 3475 2647 3543 πολεμίας
2675 3475 2736 3524 ἐκ
2763 3469 3028 3544 Γεννούας
3053 3469 3139 3520 ἐπ’
3159 3466 3352 3526 αὐτοὺς
3379 3463 3682 3518 καταπλεύ-

2120 3592 2233 3627 σειν
2276 3573 2541 3641 τριήρειτ.
2577 3567 2741 3619 Ὅθεν
2783 3566 2841 3616 ἐν
2888 3562 3080 3631 βραχεῖ
3121 3561 3218 3630 τὴν
3261 3559 3426 3626 νῆσον
3472 3555 3686 3623 ἐκείνην

2120 3665 2288 3718 ἐλθὼν
2322 3663 2417 3714 καὶ
2463 3656 2878 3727 περισκοπήσας
2920 3653 3137 3706 ἃπασαν
3159 3691 3173 3711 ,
3208 3651 3304 3703 καλ⁸
3334 3648 3433 3710 τὰς
3474 3646 3687 3715 ἐκείνης

2119 3758 2242 3810 ὅσον
2267 3755 2391 3821 ἐξῆν
2413 3751 2706 3820 ἱστορήσας
2733 3747 2934 3807 πόλεις,
2959 3738 3092 3814 ἦκον
3117 3742 3208 3793 ἐπὶ
3231 3741 3289 3792 τὸ
3319 3740 3682 3808 Ἀρτεμίσιον,

2125 3849 2333 3920 βόρειον
2374 3846 2544 3914 ἄκρον
2582 3841 2836 3900 Εὐϐοίας.
2882 3837 3151 3890 Κάκεῖθεν
3194 3833 3348 3893 αὖθις
3389 3830 3684 3897 ἀνάγεσθαι

2125 3939 2446 4010 βουλόμενον
2473 3935 2703 4004 ἐπέσχεν
2733 3928 2992 3998 ἐξαίφνης
3023 3928 3055 3997 ἡ
3085 3926 3193 3978 τῶν
3227 3924 3496 3990 πολεμίων
3526 3940 3690 3975 κατα-

2125 4029 2402 4084 πλεύσασα
2440 4026 2688 4092 δύναμις.
2723 4022 2982 4092 Τριήρεις
3023 4019 3132 4086 γὰρ
3170 4016 3535 4068 Γεννουῖτικαὶ
3566 4030 3689 4066 τεο-

2127 4137 2192 4173 σα
2202 4117 2524 4190 ρεσκαίδεκα
2545 4115 2800 4182 λήγοντος
2824 4111 3016 4179 θέρους
3037 4107 3293 4176 ὤφθησαν
3312 4107 3410 4175 τὴν
3431 4106 3690 4174 ταχίστην

2124 4211 2185 4270 ἐς
2219 4207 2461 4277 Ὠρωπὸν
2503 4205 2598 4257 καὶ
2645 4201 2839 4255 Αὐλίδα
2885 4199 3270 4268 καταίρουσαι.
3318 4196 3537 4258 Μεταξὺ
3585 4195 3692 4277 γαρ

2127 4304 2244 4354 ταῖν
2293 4301 2438 4352 δυοῖν
2483 4297 2714 4348 ταύταιν
2759 4292 3084 4362 νοτιωτέραν
3126 4290 3224 4359 τὴν
3267 4289 3418 4339 θέσιν
3460 4286 3693 4358 ἐχουσῶν

2129 4393 2237 4446 τῶν
2273 4392 2479 4445 πόλεων
2513 4389 2658 4442 ἐστιν
2692 4387 2969 4456 ἐπιμήκης
3010 4383 3176 4450 λιμὴν
3205 4419 3220 4444 ,
3264 4362 3442 4433 πέσαν
3483 4379 3692 4446 ἀνέμων

465 4483 700 4548 temnit;
735 4483 790 4535 in
820 4498 946 4536 eum
976 4482 1142 4551 igitur
1184 4482 1347 4536 modo
1378 4482 1565 4536 hostes
1611 4481 1813 4536 invecti
1848 4490 2017 4536 erant.

2131 4483 2404 4555 χλευάζων
2441 4481 2613 4550 βίαιον
2647 4478 2895 4547 κίνησιν,
2933 4477 2989 4535 ἐς
3029 4473 3088 4526 ὃν
3119 4471 3322 4539 ἀρτίως
3361 4468 3694 4522 ἐσέπλευσαν

465 4573 691 4628 Postero
723 4581 908 4626 autem
941 4572 1030 4625 die
1097 4573 1318 4641 triginta
1365 4583 1604 4642 quatuor
1658 4572 1910 4626 triremes
1933 4572 2030 4628 Ve-

465 4674 607 4718 neta:
623 4663 733 4733 jam
761 4663 856 4717 diu
881 4662 1153 4715 insidiata:
1186 4663 1297 4715 illis
1331 4662 1574 4716 hostium
1601 4662 1834 4716 navibus
1858 4662 2027 4716 adve-

465 4765 566 4811 cta:
595 4765 788 4825 portus
845 4753 1100 4808 faucibus
1140 4753 1451 4808 interclusis
1500 4754 1814 4810 Genuiticas
1861 4767 2029 4808 naves

469 4849 793 4918 necopinato
813 4847 971 4918 quasi
1000 4846 1102 4900 reti
1123 4846 1436 4900 cinxerunt.
1468 4845 1546 4900 Ex
1571 4846 1773 4915 quibus
1790 4855 2029 4916 quatuor

467 4957 636 4997 naves
662 4942 841 4996 statim
869 4939 1002 4994 velis
1030 4937 1223 5009 passis,
1269 4938 1425 5006 quasi
1474 4938 1716 4992 alearum
1745 4937 1914 5008 jactui
1971 4951 2030 4989 re

466 5035 781 5100 commissa,
806 5041 1000 5100 aperto
1071 5029 1317 5100 periculo
1365 5029 1598 5082 dubium
1649 5027 2028 5096 praeferentes,

468 5127 708 5181 hostium
738 5126 976 5196 gladium
1007 5122 1496 5192 subterfugerunt;
1548 5120 1790 5189 reliquas
1848 5128 2030 5172 autem

468 5233 634 5272 naves
662 5217 847 5286 paucis
876 5214 1143 5285 exceptis,
1182 5216 1274 5282 qui
1309 5213 1362 5266 in
1391 5213 1765 5266 continentem
1796 5211 2032 5264 exsilue-

468 5319 617 5375 runt,
657 5326 848 5366 omnes
867 5325 990 5363 cum
1019 5307 1333 5362 hominibus
1359 5305 1548 5361 Veneti
1578 5312 1842 5373 ceperunt
1868 5320 2030 5357 manu

467 5403 576 5476 44
604 5419 712 5456 non
731 5410 985 5457 conserta
1010 5416 1188 5470 neque
1221 5414 1398 5470 pugna
1422 5397 1600 5452 navali
1634 5396 1942 5449 commissa.
1967 5396 2034 5450 Et

472 5499 583 5550 Ita-.0
611 5497 832 5566 quidem
867 5511 950 5547 res
980 5498 1056 5549 sic
1089 5512 1144 5548 se
1170 5494 1285 5549 fere
1332 5493 1427 5546 illo
1480 5501 1724 5559 tempore
1776 5489 2032 5546 habebat.

472 5587 769 5640 Prchectus
795 5594 978 5638 autem
1014 5584 1204 5637 classis
1233 5583 1457 5637 Venetae
1517 5590 1873 5649 posteaquam
1926 5588 2034 5631 tam

477 5694 735 5746 prospere
767 5693 855 5732 res
881 5675 1218 5739 ceciderunt,
1255 5675 1472 5727 Eubma:
1504 5671 1829 5732 rationibus,
1858 5686 2034 5736 quan-

476 5780 589 5822 tum
618 5773 849 5825 maxime
887 5769 1002 5824 ﬁeri
1036 5765 1233 5836 potuit,
1261 5764 1549 5828 ordinatis,
1584 5763 1816 5818 navibus
1843 5761 2036 5815 solutis

2127 4578 2175 4629 οί
2207 4574 2474 4642 πολέμιοι.
2505 4572 2611 4624 Καὶ
2642 4569 2758 4639 ἅμα
2786 4569 2843 4629 ἐς
2869 4565 2966 4635 τὴν
2994 4562 3286 4632 ὑστεραίαν
3311 4561 3570 4628 τέσσαρες
3599 4559 3694 4610 καὶ

2127 4666 2422 4735 τριάκοντα
2447 4663 2693 4731 τριήρεις
2723 4658 3030 4720 Βενετικαὶ,
3061 4653 3159 4716 τὰς
3193 4651 3452 4719 πολεμίας
3483 4651 3695 4712 ἐκείνας

2129 4759 2194 4810 ἐκ
2238 4753 2439 4808 πολλοῦ
2480 4753 2838 4820 ναυλοχοῦσαι
2860 4789 2876 4813 ,
2910 4744 3253 4801 ἐπέπλευσαν
3287 4761 3346 4795 τε
3389 4745 3478 4796 καὶ
3509 4742 3568 4794 τὸ
3598 4742 3692 4793 τοῦ

2129 4849 2345 4919 λιμένος
2377 4845 2615 4915 ἔφραξαν
2649 4842 2842 4910 στόμα.
2871 4839 2992 4891 Τῶν
3019 4837 3111 4890 οὖν
3143 4833 3527 4888 Γεννουῖτικῶν
3559 4833 3695 4884 νεῶν

2128 4945 2204 5008 ὼς
2244 4946 2302 4997 ἐν
2341 4941 2541 5010 δικτύῳ
2582 4937 2734 5007 παρὰ
2775 4935 2928 4997 δόξαν
2965 4932 3065 5000 ήδη
3115 4925 3599 4996 συγκλεισθεισῶν,
3639 4927 3696 4976 αἱ

2135 5034 2235 5103 μὲν
2264 5032 2526 5100 τέσσαρες
2559 5026 2719 5086 εὐθὺς
2751 5022 3160 5077 ἀναπετάσασαι
3189 5018 3258 5069 τὰ
3291 5017 3452 5077 ἱστία,
3482 5017 3571 5068 καὶ
3604 5033 3698 5066 κα-

2133 5123 2309 5190 θάπερ
2339 5121 2394 5172 ἐν
2426 5118 2613 5179 κύϐοις
2643 5113 2738 5168 τοῦ
2771 5110 3078 5182 προφανοῦς
3106 5108 3198 5162 τὸν
3229 5106 3698 5175 ἀμφιϐαλλόμενον

2134 5208 2487 5279 ἀνθελόμεναί
2529 5225 2591 5259 τε
2640 5207 2735 5258 καὶ
2781 5201 3150 5273 ἀναῤῥίψασαι
3198 5199 3463 5260 κίνδυνον,
3511 5195 3699 5247 ἔλαθον

2134 5302 2336 5356 οὑτωσὶ
2379 5301 2440 5353 τὸ
2485 5297 2740 5365 πολέμιον
2784 5294 3064 5362 διαδρᾶναι
3111 5291 3295 5358 ξίφος·
3340 5290 3438 5349 τάς
3483 5304 3544 5354 γε
3593 5287 3700 5354 μὴν

2136 5392 2476 5455 ἐπιλοίπους,
2510 5387 2650 5458 πλὴν
2683 5385 2878 5453 ὀλίγων
2913 5380 3122 5452 ἀνδρῶν
3158 5383 3213 5442 ἐς
3245 5379 3344 5445 τὴν
3378 5379 3572 5447 χέρσον
3607 5367 3699 5428 sic;

2135 5481 2561 5553 πεπηδηκότων,
2593 5477 2920 5545 αὐτάνδρους
2951 5472 3170 5533 ἁπάσας
3201 5467 3343 5522 εἶλον
3379 5471 3505 5537 πρὶν
3535 5469 3699 5536 ἄρξαι

2136 5576 2335 5643 χειρῶν
2363 5574 2454 5624 καὶ
2484 5567 2804 5639 ναυμαχίας.
2833 5566 2938 5616 Καὶ
2963 5563 3134 5615 ταῦτα
3165 5560 3260 5628 μὲν
3292 5560 3410 5628 τῇδέ
3439 5577 3512 5626 πη
3543 5559 3698 5627 ἔσχεν

2138 5668 2254 5719 ἐκεῖ
2287 5667 2407 5717 κατ’
2435 5664 2639 5714 ἐκεῖνον
2670 5659 2761 5710 τὸν
2794 5659 2983 5727 χρόνον
3011 5671 3022 5683 ·
3056 5655 3084 5706 ὃ
3116 5669 3180 5720 γε
3218 5653 3322 5721 μὴν
3353 5651 3446 5704 τοῦ
3487 5653 3701 5704 [leveti-

2141 5758 2237 5810 κοῦ
2287 5755 2474 5809 στόλου
2518 5751 2807 5821 ναύαρχος,
2852 5751 2909 5810 ἐς
2956 5743 3109 5797 τοῦτο
3153 5742 3320 5812 τύχης
3368 5743 3700 5813 ἐληλυθότων
