4070 6326
388 410 460 474 33
1126 444 1129 445 ν
1406 408 1846 483 ΒΥΖΛΝΤΙΝΛΞ
1886 408 1971 468 III

2077 410 2273 471 Dii-Mi
2315 410 2457 472 LlB.
2500 411 2679 472 XXV.
3568 416 3637 479 34

388 520 536 590 αὐτῷ
570 518 677 573 τῶν
711 521 1055 591 πραγμάτων
1077 559 1092 583 ,
1128 520 1198 574 τά
1231 538 1287 575 τε
1326 520 1453 589 περὶ
1487 522 1588 590 τὴν
1624 519 1856 574 Εὐϐοιαν
1889 519 1966 581 ὡς

2077 521 2209 574 velis
2237 521 2415 589 plenis
2447 522 2574 576 inde
2641 528 2790 577 recta
2824 519 3144 592 Byzantium
3196 538 3384 579 versus
3415 540 3638 582 cursum

389 613 519 679 ἐνῆν
550 612 877 682 διῳκήσατο,
911 614 1003 665 καὶ
1033 612 1147 680 ἅμα
1178 612 1446 681 πλήρεσιν
1478 612 1671 674 ἱστίοις
1703 611 1873 672 λύσας
1904 610 1965 674 ἐξ

390 702 619 763 Εὐϐοίας
653 701 865 771 ἀνήχθη
896 700 1025 753 εὐθύ
1058 700 1352 764 Βυζαντίου
1389 699 1711 767 ποιούμενος
1742 698 1840 768 τὴν
1871 714 1967 750 πο-

394 791 569 859 ρείαν.
607 789 758 841 Ἐπεὶ
790 789 846 841 δὲ
886 787 1089 858 μεταξὺ
1118 787 1412 857 γεγένηταί
1444 789 1492 839 οί
1528 787 1716 855 μαθεῖν
1746 787 1803 839 ὲν
1834 786 1966 838 Θεσ-

392 880 651 951 σαλονίκῃ
679 880 977 949 διατρίϐειν
1003 880 1093 933 τὸν
1120 880 1363 951 βασιλέα,
1390 880 1664 949 τέσσαρας
1692 878 1802 931 τῶν
1830 878 1965 930 νεῶν

391 972 797 1041 άπετλεξάμενος
843 973 934 1025 καὶ
976 972 1087 1025 τῶν
1134 973 1370 1041 μάλιστά
1411 973 1459 1024 οί
1503 972 1840 1026 πιστοτάτων
1884 970 1966 1023 ἐνὶ

397 1064 704 1135 παραδοὺς,
736 1062 1143 1133 πρεσϐεύσοντα
1169 1064 1379 1133 πέμπει
1410 1064 1544 1134 πρὸς
1577 1063 1805 1134 βασιλέα
1838 1064 1966 1133 περὶ⁵

394 1154 717 1224 συμμαχίας
759 1156 900 1207 κατὰ
944 1154 1053 1207 τῶν
1099 1155 1293 1207 κοινῶν
1338 1155 1571 1226 ἐχθρῶν.
1617 1156 1790 1218 Αὐτὸς
1834 1155 1878 1206 δ’
1910 1159 1965 1217 ἐς

394 1246 685 1306 Βυζάντιον
735 1245 956 1317 ήλαυνε,
1003 1247 1360 1318 καρτερήσων
1406 1248 1507 1319 τὴν
1553 1251 1649 1301 τοῦ
1699 1246 1965 1317 βασιλέως

392 1336 597 1407 ἄφιξιν.

467 1428 565 1483 ΙΔ’.
625 1427 797 1490 Αὐτὸς
827 1427 873 1482 δ’
913 1428 980 1482 ἂν
1014 1428 1212 1497 εἰδείης
1250 1429 1460 1499 βέλτιον
1489 1429 1626 1501 ἐμοῦ
1676 1430 1746 1484 τὰ
1788 1430 1946 1500 ἑξῆς,

394 1518 557 1582 αὐτός
584 1537 642 1571 τε
670 1517 862 1588 παρὼν
907 1522 1214 1591 γινομένοις
1244 1522 1336 1574 καὶ
1366 1521 1603 1591 βλέπων,
1636 1522 1727 1574 καὶ
1761 1523 1967 1591 σφόδρα

395 1612 483 1664 διά
505 1611 738 1681 σπουδῆς
759 1612 829 1664 τὰ
852 1612 1070 1665 τοιαῦτα
1110 1613 1451 1683 συγγράφειν
1474 1612 1634 1683 ἔχων.
1684 1614 1827 1682 Ἐγὼ
1854 1616 1965 1686 γὰρ

394 1706 521 1764 τοὺς
552 1704 610 1755 ὲν
654 1704 892 1776 θαλάττῃ
927 1707 1067 1768 τέως
1101 1705 1288 1769 δεδιὼς
1318 1706 1581 1775 θορύϐους
1616 1708 1753 1760 κατὰ
1781 1708 1965 1778 χώραν

2072 606 2329 660 intendit.
2365 608 2579 661 Interea
2612 623 2744 663 vero
2777 610 2983 663 certior
3031 611 3209 666 factus
3253 613 3639 682 imperatorem

2073 695 2476 753 Thessalonica:
2529 704 2881 766 commorari,
2926 712 3165 773 quatuor
3188 705 3353 775 elegit
3408 721 3474 760 ex
3528 708 3641 762 suis

2074 785 2332 864 navibus,
2368 789 2774 856 quibusunum
2806 807 2873 846 ex
2916 792 3252 848 fidelissimis
3302 794 3410 848 sibi
3444 797 3641 865 pmfe-

2072 878 2147 930 cit
2180 886 2239 931 et
2262 877 2328 931 ad
2363 879 2753 948 imperatorem
2805 883 2872 938 de
2919 883 3187 940 societate
3227 894 3424 940 contra
3456 887 3643 941 hostes

2073 972 2704 1041 eommunesjnngenda
2746 985 2998 1029 acturum
3056 978 3226 1033 misit.
3283 978 3405 1047 lpse
3458 992 3638 1033 autem

2071 1060 2392 1129 Byzantium
2426 1078 2655 1118 cursum
2685 1064 2910 1132 direxit,
2961 1066 3314 1137 imperatoris
3344 1069 3640 1125 adventum

2069 1148 2142 1203 ibi
2176 1152 2606 1219 praestolaturus.

2139 1427 2280 1485 XIV.
2312 1429 2393 1483 Tu
2422 1446 2553 1485 vero
2580 1433 2692 1502 jam
2722 1447 2786 1487 ea
2836 1449 2959 1504 quae
2994 1435 3244 1491 insecuta
3303 1446 3457 1501 sunt,
3500 1451 3641 1507 quo-

2069 1521 2235 1574 modo
2270 1537 2389 1575 sese
2420 1522 2679 1588 habeant,
2711 1540 2796 1580 me
2825 1526 3022 1581 melius
3049 1528 3378 1597 cognovisti,
3432 1540 3490 1583 ut
3543 1529 3637 1597 qui

2070 1613 2186 1682 ipse
2216 1614 2382 1668 rebus
2406 1614 2671 1681 atlfucris,
2726 1616 2840 1686 ipse
2870 1616 3078 1672 videris
3130 1634 3336 1688 easque
3387 1621 3636 1675 conscri-

2072 1703 2203 1759 bere
2232 1706 2605 1776 maximopere
2644 1709 2895 1764 studeas.
2930 1712 3041 1781 Ego
3077 1726 3207 1765 vero
3234 1713 3521 1779 tumultus,
3544 1714 3637 1782 qui

402 1795 587 1860 μένειν
617 1795 806 1865 ἔκρινα
842 1799 952 1849 δεῖν
981 1798 1038 1849 ὲν
1087 1797 1285 1867 καιρῷ.
1326 1798 1458 1851 "Ore
1491 1798 1554 1865 δὴ
1588 1798 1679 1849 καὶ
1710 1801 1808 1861 τὰς
1835 1799 1966 1851 Γεν-

2077 1808 2219 1847 mare
2261 1800 2717 1865 pervagaliantur,
2778 1810 3055 1865 metuens,
3094 1801 3146 1853 in
3181 1801 3304 1855 loco
3336 1800 3469 1855 mihi
3521 1817 3636 1854 ma-

404 1887 682 1949 νουῖτικὰς
717 1887 925 1949 ὲκείνας
949 1888 1214 1957 τέσσαρας
1238 1889 1486 1958 τριήρεις
1507 1889 1970 1959 παλινδρομούσας

401 1977 737 2047 ἐθεασάμην,
784 1978 838 2031 αῖ
886 1980 1172 2047 διαφυγεῖν
1213 1980 1583 2050 ὲδυνήθησαν,
1628 1979 1703 2044 ὡς
1733 1982 1972 2051 εἰρήκει-

402 2084 529 2135 μεν,
570 2069 660 2121 τὸν
694 2069 799 2137 πρὸ
856 2069 1086 2138 βραχέος
1141 2070 1349 2122 ἐκεῖνον
1406 2070 1689 2135 κίνδυνον,
1737 2072 1863 2139 μίαν
1912 2089 1971 2123 τε

401 2161 537 2211 κατὰ
580 2161 641 2211 τὸ
670 2159 892 2229 λεληθὸς
920 2162 1029 2214 τῶν
1074 2162 1334 2232 παράλων
1375 2162 1599 2225 ἑλούσας
1636 2164 1974 2216 πλουσιωτά-

401 2269 504 2320 την
534 2252 757 2315 Εὐϐοίας
788 2253 963 2313 πόλιν,
1000 2254 1093 2307 καὶ
1122 2254 1746 2324 ἐξανδραποδισαμένους
1778 2259 1840 2309 ἐκ
1880 2257 1973 2311 τοῦ

403 2345 693 2412 αἰφνιδίου,
723 2346 814 2398 καὶ
850 2346 1253 2415 άπεληλυθυίας
1302 2346 1467 2410 εὐθὺς
1501 2346 1623 2417 μεθ’
1644 2341 1718 2401 ὧν
1762 2348 1975 2401 ἀπώλε-

408 2452 508 2487 σαν
538 2437 804 2506 πρότερον
856 2438 1226 2507 στρατιωτῶν,
1262 2439 1338 2508 μὴ
1376 2430 1768 2509 προαισθέσθαι
1814 2441 1975 2513 δυνη-

408 2528 609 2581 θέντων
660 2528 770 2581 τῶν
803 2528 1075 2591 Εὐϐοέων,
1113 2529 1265 2597 ἀλλὰ,
1293 2530 1386 2582 τὸν
1432 2530 1796 2599 Ἐνδυμίωνος
1837 2533 1975 2594 τέως

406 2621 585 2671 εἰπεῖν
614 2619 985 2674 καθευδόντων
1015 2618 1184 2673 ὕπνον
1213 2619 1302 2675 διά
1327 2637 1389 2690 γε
1430 2622 1489 2674 τὸ
1530 2621 1761 2692 ἔναγχος
1802 2626 1976 2678 έκεῖνο

406 2711 752 2781 προτέρημα.

476 2801 578 2856 IE'.
612 2804 685 2855 Οὐ
732 2802 900 2867 πολὺς
948 2803 1150 2873 μεταξύ
1178 2805 1465 2876 παρερρύη
1497 2809 1715 2877 χρόνος,
1757 2809 1975 2872 καὶτὰς

404 2894 696 2955 Βενετικὰς
726 2893 935 2955 ὲκείνας
963 2894 1217 2965 ἐθεώμην
1244 2897 1508 2965 τέτταρας
1541 2899 1632 2949 καὶ
1678 2898 1975 2968 τριάκοντα

402 2987 652 3055 τριήρεις
689 2986 865 3039 οίκαδε
894 2986 1181 3050 κατιούσας
1224 2987 1538 3057 ἀπράκτους
1573 2990 1637 3041 ἐκ
1674 2989 1974 3051 Βυζαντίου

402 3075 493 3129 διὰ
546 3079 608 3128 τὸ
654 3077 712 3131 ὲν
764 3077 1129 3148 Θεσσαλονίκῃ
1177 3078 1479 3149 τηνικαῦτα
1537 3081 1835 3151 διατρίϐειν
1882 3083 1974 3135 τὸν

2074 1885 2312 1939 nendum
2343 1903 2463 1941 esse
2496 1890 2741 1957 decrevi,
2790 1906 2917 1945 cum
2965 1894 3270 1961 praesertim
3316 1909 3484 1949 naves
3516 1911 3643 1962 qua-

2076 1983 2199 2030 tuor
2228 1977 2363 2032 istas
2392 1978 2734 2045 Genuenses,
2770 1998 2907 2051 quas
2946 1984 3252 2053 periculum
3306 1985 3470 2054 paulo
3512 1996 3640 2039 ante

2073 2068 2455 2139 subterfugere
2490 2075 2732 2141 potuisse
2764 2075 3026 2140 diximus,
3072 2092 3363 2132 recurrere
3396 2085 3453 2133 et
3492 2079 3634 2132 clam

2076 2176 2183 2214 una
2209 2177 2276 2216 ex
2304 2164 2736 2231 opulentissimis
2767 2166 2987 2221 Euboeae
3019 2168 3249 2222 urbibus
3287 2168 3352 2221 ad
3392 2184 3540 2223 mare
3563 2170 3639 2223 si-

2077 2250 2146 2303 tis
2172 2258 2331 2318 capta
2388 2262 2553 2321 atque
2613 2263 2843 2323 repente
2892 2256 3129 2324 direpta,
3189 2272 3313 2311 cum
3375 2258 3644 2311 militibus

2074 2354 2212 2409 quos
2240 2351 2398 2397 antea
2419 2344 2741 2409 amiserant,
2800 2361 2993 2401 rursus
3041 2347 3197 2401 abire
3235 2347 3506 2412 viderem,
3531 2349 3642 2401 Eu-

2074 2431 2394 2489 boeensibus
2412 2451 2518 2490 non
2546 2438 2648 2492 tale
2673 2439 2804 2507 quid
2830 2440 3330 2508 presentientibus,
3347 2444 3440 2496 sed
3464 2441 3640 2513 Endyo

2074 2526 2279 2581 mionis
2301 2542 2580 2593 somnum,
2618 2542 2679 2585 ut
2710 2530 2886 2597 aiunt,
2941 2532 3014 2587 ob
3045 2541 3323 2589 recentem
3356 2534 3503 2589 illam
3563 2538 3641 2589 vi-

2076 2617 2308 2673 ctoriam
2341 2618 2773 2677 dormientibus.

2141 2802 2250 2875 45
2281 2804 2398 2861 XV.
2458 2805 2577 2861 Non
2624 2804 2696 2860 ita
2729 2806 2902 2862 multo
2957 2816 3081 2876 post
3114 2807 3277 2862 etiam
3310 2808 3641 2864 Venetorum

2074 2899 2330 2953 triremes
2353 2910 2590 2968 quatuor
2615 2909 2672 2953 et
2724 2901 2918 2969 viginti
2967 2900 3235 2972 Byzantio
3262 2900 3484 2955 domum
3522 2904 3645 2956 red-

2073 3000 2267 3046 euntes
2294 2992 2546 3047 videbam
2582 3008 2639 3047 re
2675 2992 2893 3055 infecta,
2933 2993 3078 3062 quod
3112 2993 3518 3048 Thessalonica:
3546 2994 3646 3047 im-

2076 3091 2298 3152 perator
2332 3095 2444 3138 tum
2476 3084 2821 3138 versabatur.
2875 3083 3063 3139 Hieme
3094 3092 3275 3139 autem
3303 3086 3510 3140 interea
3535 3087 3647 3140 ela‘

410 3167 659 3236 βασιλέα.
708 3167 862 3220 Ἐπεὶ
911 3169 967 3221 δὲ
1021 3170 1113 3222 καὶ
1158 3172 1186 3223 ὁ
1243 3170 1340 3238 μὲν
1388 3170 1597 3239 χειμὼν
1654 3172 1715 3225 ἐν
1765 3174 1976 3240 τούτοις

2080 3188 2172 3243 psa
2203 3189 2324 3249 cupi
2352 3174 2464 3244 jam
2495 3176 2649 3229 verni
2688 3160 2820 3229 solis
2849 3174 2998 3229 faces
3025 3176 3480 3243 accenderentur,
3509 3193 3645 3246 qua-

406 3259 611 3330 παρῄει
661 3263 755 3314 καὶ
795 3263 848 3314 αί
892 3261 1034 3316 κατὰ
1070 3260 1130 3332 [ί.
1180 3261 1281 3316 105
1312 3261 1363 3333 b]
1404 3263 1464 3315 τὸ
1509 3262 1604 3332 ἔαρ
1638 3264 1788 3334 ήλίου
1836 3265 1977 3336 λαμ-

404 3352 579 3415 πάδες
606 3354 913 3425 ἀνήπτοντο
941 3395 956 3420 ,
994 3354 1495 3424 τεσσαρεσκαίδεκα
1537 3359 1790 3428 τριήρεις
1821 3357 1976 3423 αὖθις

402 3446 471 3496 ἐκ
510 3444 754 3507 Βενετίας
802 3446 858 3507 ἐς
905 3445 1202 3509 Βυζάντιον
1250 3446 1400 3509 ὅλαις
1450 3446 1732 3500 ἀνέϐαινον
1766 3448 1975 3513 κώπαις

404 3540 499 3588 καὶ
546 3535 695 3600 ὅλαις
738 3537 930 3606 ὁρμαῖς
969 3539 1065 3607 τῆς
1088 3536 1287 3607 ψυχῆς,
1330 3538 1416 3607 ἐφ’
1440 3531 1483 3605 ᾧ
1524 3539 1619 3592 τὸν
1648 3541 1742 3593 τοῦ
1773 3541 1975 3594 Πόντου

408 3627 917 3696 προκατειληφυίας
948 3627 1151 3696 αὐχένα
1183 3631 1283 3691 τὰς
1324 3630 1674 3696 Γενουῖτικὰς
1700 3636 1977 3705 ναυλοχεῖν

404 3717 661 3781 ὁλκάδας,
704 3718 757 3769 αἳ
797 3719 894 3788 τὴν
941 3720 1307 3789 σιτοπομπίαν
1339 3722 1546 3777 ἄνωθεν
1576 3726 1639 3777 ὲκ
1667 3726 1763 3779 τοῦ
1795 3727 1979 3792 Εὐξεί-

408 3821 504 3857 νου
530 3805 625 3858 καὶ
654 3806 762 3861 τῶν
792 3806 1072 3859 Σκυθικῶν
1095 3808 1375 3877 παραλίων
1409 3812 1725 3882 ὲσκομίζειν
1753 3814 1978 3885 ἔμελλον

408 3898 525 3958 τοῖς
558 3897 623 3948 ἐν
650 3897 910 3951 Γαλάτου.
946 3896 1070 3951 Τῶν
1099 3914 1162 3967 γε
1192 3899 1299 3969 μὴν
1329 3901 1455 3970 ἑξῆς
1486 3904 1647 3968 αὐτὸς
1688 3905 1753 3958 ἂν
1780 3906 1979 3973 εἰδείης

414 3986 573 4053 αὖθις
607 3990 839 4043 ἐνταῦθα
866 3992 1057 4061 παρὼν
1082 3994 1173 4045 καὶ
1195 3996 1335 4063 ὀρῶν
1368 3997 1614 4065 ἀκριϐῶς
1651 3999 1749 4068 τὴν
1776 4001 1978 4054 ἀπόϐα-

415 4099 526 4136 σιν.
572 4082 725 4153 Ἑμοὶ
760 4084 869 4154 γὰρ
902 4087 1171 4155 ἀμυδραῐς
1205 4105 1346 4140 τισιν
1381 4089 1570 4151 ἀκοαῖς
1600 4091 1978 4161 μεμαθηκέναι

417 4177 822 4244 συμπέπτωκεν
848 4216 863 4242 ,
922 4179 1041 4232 ἐκεῖ
1080 4179 1446 4248 διατρίϐοντι,
1498 4180 1568 4233 τά
1620 4198 1677 4233 τε
1710 4183 1845 4236 ἄλλα
1890 4187 1981 4240 καὶ

414 4266 492 4326 ὡς
524 4265 719 4336 μικροῦ
762 4267 943 4321 πᾶσαν
991 4268 1091 4339 τὴν
1120 4269 1215 4321 τοῦ
1251 4270 1550 4323 Γαλατικοῦ
1584 4275 1848 4343 φρουρίου
1884 4276 1977 4328 δύ-

422 4372 612 4424 ναμιν,
645 4358 757 4410 ἄνω
784 4357 882 4428 μὲν
920 4361 1067 4429 παρὰ
1102 4360 1193 4415 τὸν
1222 4355 1473 4425 Εὐξιινον
1505 4367 1698 4418 πόντον
1728 4366 1981 4421 ἀποκλει-

415 4446 658 4511 σθεῖσαν,
692 4448 818 4514 άρτι
847 4448 904 4500 δὲ
938 4448 1257 4516 κατιοῦσαν,
1316 4452 1510 4518 ἕλοιεν,
1566 4456 1709 4509 κατὰ
1763 4458 1859 4525 μὲν
1888 4459 1980 4511 τὸν

414 4536 617 4603 αὐχένα
649 4535 744 4587 τοῦ
785 4536 985 4588 Πόντου
1022 4538 1119 4608 τὴν
1171 4540 1344 4592 πλείω
1394 4540 1686 4596 κατιοῦσαν
1714 4547 1801 4600 διά
1825 4563 1887 4615 γε
1914 4548 1978 4617 δὴ

415 4627 477 4678 τὸ
523 4627 597 4695 μὴ
649 4627 1072 4696 προαισθέσθαι,
1104 4629 1202 4699 τήν
1254 4631 1309 4683 δὲ
1341 4631 1533 4703 λοιπὴν
1566 4636 1822 4705 μείνασαν
1869 4637 1981 4691 διε·

418 4718 772 4785 σπασμένως,
835 4719 942 4787 ὅπη
1002 4720 1068 4789 δὴ
1123 4722 1217 4774 καὶ
1268 4722 1421 4792 τύχοι
1478 4726 1724 4795 ὁρμοῦσαι
1777 4728 1980 4799 ἑκάστη

419 4809 697 4877 σποράδην
741 4812 880 4861 κατὰ
908 4810 977 4861 τὰ
999 4811 1094 4863 τοῦ
1128 4811 1332 4864 Πόντου
1365 4813 1603 4878 ἐπίνεια,
1638 4816 1983 4885 παραπλέον-

416 4917 503 4962 se,
534 4900 781 4969 ὕστερον.
815 4903 968 4954 Ἐπεί
1000 4903 1174 4956 δὲκαὶ
1214 4903 1503 4975 σύμμαχον
1545 4907 1645 4977 ’ήδη
1681 4911 1860 4977 σχοῖεν
1891 4909 1983 4963 τὸν

420 4989 649 5059 βασιλέα
675 4990 975 5058 Βενετικοῖ,
1007 4992 1068 5045 ἐκ
1096 5011 1155 5045 τε
1188 4998 1289 5065 γῆς
1319 4996 1410 5048 καὶ
1431 4996 1697 5069 θαλάττης
1724 5000 1984 5070 πλείστην

420 5084 878 5153 εἰσενεγκάμενον
915 5084 1166 5153 δύναμιν,
1192 5090 1286 5139 καὶ
1320 5086 1435 5157 ἅμα
1467 5090 1714 5159 τριήρεις
1749 5093 1983 5159 προσέλ-

420 5176 565 5229 θοιεν
594 5178 777 5245 σφίσιν
828 5180 892 5231 ὲκ
924 5180 1089 5249 νήσου
1132 5182 1228 5250 τῆς
1260 5181 1482 5252 Κρήτης
1532 5179 1678 5235 ὀκτὼ
1712 5184 1987 5253 συμμαχί-

417 5270 530 5336 δες,
561 5273 652 5324 καὶ
679 5272 817 5340 προς
842 5270 1053 5334 τούτοις
1082 5272 1304 5335 ὁλκάδες
1336 5274 1761 5327 συσκευασθείεν
1794 5275 1851 5341 ἒξ
1881 5276 1987 5329 τῶν

420 5364 566 5415 πάνυ
604 5364 911 5431 μεγίστων,
953 5363 1198 5432 μηχανὰς
1246 5364 1592 5428 παντοδαπὰς
1631 5369 1723 5419 καὶ
1759 5368 1987 5425 ὁπλίτας

419 5455 681 5526 ἀρίστους
707 5456 965 5524 φέρουσαι
1001 5457 1310 5518 πλείστους,
1353 5456 1564 5524 καίριον
1594 5457 1697 5526 ήδη
1728 5458 1988 5528 νομισθῆ-

421 5564 514 5599 ναι
545 5549 659 5607 τοῖς
691 5548 862 5599 ἅπασι
909 5546 1113 5609 πάσαις
1141 5547 1274 5615 ὁμοῦ
1318 5548 1583 5616 δυνάμεσι
1614 5551 1988 5617 προσελάσανο

424 5656 521 5702 τας
560 5640 941 5692 κυκλώσασθαι
974 5641 1033 5692 τὸ
1061 5640 1324 5708 φρούριον
1359 5640 1690 5711 αὐθημερόν.
1729 5646 1837 5695 Καὶ
1866 5644 1988 5697 τού-

425 5747 538 5783 των
593 5729 789 5782 οὐτωσὶ
841 5731 1248 5800 πεπραγμένων
1301 5731 1595 5803 ἀνυσθῆναι
1634 5734 1787 5802 σφίσι
1818 5736 1987 5805 μηδὲν

426 5820 781 5891 ἠκηκόειμεν,
817 5822 890 5884 ὼς
921 5822 1226 5890 ἀπογνόντα
1254 5820 1443 5876 λοιπὸν
1477 5824 1567 5879 τὸν
1593 5824 1691 5897 τῆς
1725 5827 1987 5896 ναυτικῆς

2080 3264 2385 3321 tuordecim
2417 3282 2583 3321 naves
2618 3282 2808 3321 rursus
2840 3266 3084 3321 Venetiis
3116 3266 3434 3337 Byzantium
3469 3280 3647 3321 venus

2078 3359 2248 3413 remis
2299 3359 2561 3429 omnique
2613 3359 2781 3412 animi
2834 3358 3041 3427 impetu
3092 3361 3540 3425 contenderunt,
3588 3373 3649 3414 ut

2079 3451 2237 3506 Ponti
2266 3451 2517 3506 faucibus
2546 3453 2830 3520 occupatis
2851 3450 3223 3507 Genuensium
3258 3453 3488 3505 navibus
3518 3467 3649 3505 onc-

2079 3545 2242 3599 rariis
2290 3546 2704 3609 insidiarentur,
2757 3560 2881 3614 qua:
2920 3544 2991 3599 ab
3047 3545 3430 3614 superioribus
3484 3543 3645 3598 Ponti

2026 3701 2039 3714 .
2081 3631 2278 3686 Euxini
2315 3633 2428 3687 oris
2458 3642 2512 3685 et
2542 3632 2865 3703 Scytharum
2898 3634 3059 3688 terris
3088 3634 3223 3687 mari
3269 3634 3647 3705 adjacentibus

2080 3722 2332 3779 Galatazis
2395 3734 2762 3779 commeatum
2810 3735 3260 3794 transportatum
3302 3737 3477 3780 erant.
3543 3726 3649 3779 Res

2080 3826 2286 3880 autem,
2315 3834 2436 3886 quae
2464 3821 2721 3873 insecutae
2750 3821 2880 3883 sint,
2912 3834 3073 3886 quem
3099 3819 3301 3870 exitum
3331 3818 3646 3879 habuerint,

2083 3917 2141 3961 tu
2175 3909 2288 3977 ipse
2330 3919 2580 3962 accurate
2633 3909 2760 3970 scis,
2814 3925 2936 3961 cum
2988 3924 3231 3977 praesens
3278 3924 3374 3962 eas
3419 3908 3645 3962 videris.

2081 4000 2191 4070 Ego
2241 3998 2386 4053 enim
2445 3998 2559 4052 illic
2611 4009 2977 4054 commoratus
3035 4009 3241 4053 tantum
3288 4016 3351 4053 ex
3402 3999 3650 4054 obscuris

2081 4090 2414 4160 quibusdam
2452 4092 2768 4148 rumoribus
2815 4108 2939 4147 cum
2994 4093 3097 4146 alia
3147 4100 3258 4144 tum
3307 4093 3412 4145 hoc
3440 4091 3646 4153 audivi,

2082 4182 2319 4238 Venetos
2343 4185 2739 4254 propemodum
2762 4194 2988 4239 cunctas
3012 4183 3217 4239 castelli
3239 4184 3460 4238 Galattei
3485 4199 3649 4238 naves

2080 4276 2256 4332 Ponto
2300 4277 2512 4331 Euxino
2544 4279 2867 4333 interclusas
2903 4277 3131 4347 cepisse,
3170 4292 3292 4332 cum
3336 4277 3497 4331 modo
3555 4278 3653 4332 de-

2082 4371 2449 4434 scendissent,
2484 4380 2537 4425 et
2564 4370 2823 4438 majorem
2859 4370 3078 4439 quidem
3127 4384 3314 4423 earum
3347 4378 3555 4438 partem
3583 4370 3648 4423 ad

2014 4462 2244 4551 DPonti
2295 4464 2475 4517 fauces
2520 4478 2627 4531 quo
2677 4462 2813 4515 nihil
2865 4462 3095 4530 periculi
3136 4463 3427 4531 suspicata:
3483 4471 3653 4516 vecta}

2086 4565 2293 4612 essent.
2327 4555 2563 4625 reliquas
2593 4568 2725 4609 vero
2771 4554 3048 4622 dispersas
3104 4554 3159 4608 in
3207 4554 3438 4625 singulis
3465 4554 3652 4607 statio-

2086 4646 2251 4700 nibus
2281 4646 2458 4712 Ponti,
2486 4647 2573 4700 ulti
2606 4661 2834 4716 qumque
2867 4647 2922 4700 in
2948 4647 3164 4700 ancoris
3186 4645 3399 4709 fuisset,
3431 4655 3652 4714 praetec-

2088 4736 2398 4807 navigando
2443 4749 2631 4805 postea
2674 4752 2997 4806 occupasse.
3045 4736 3182 4791 Cum
3226 4745 3407 4791 autem
3459 4735 3649 4790 Veneti

2082 4832 2194 4901 jam
2237 4831 2650 4899 imperatorem,
2685 4831 2778 4898 qui
2813 4840 2958 4883 terra
2988 4828 3234 4898 marique
3278 4828 3538 4880 maximas
3563 4841 3653 4879 co-

2084 4925 2204 4993 pias
2224 4923 2567 4989 contulisset,
2597 4923 2805 4977 socium
2837 4922 2941 4976 sibi
2966 4921 3343 4990 adjunxissent
3375 4919 3648 4974 triremes-

2087 5027 2196 5081 que
2231 5028 2297 5066 cx
2343 5011 2674 5084 Crelaocto
2722 5012 2903 5066 socias
2963 5011 3343 5078 accepissent,
3390 5016 3654 5077 praeterea

2087 5101 2198 5173 46
2225 5117 2319 5157 sex
2375 5117 2542 5156 naves
2593 5101 2875 5154 onerarias
2928 5100 3193 5153 maximas
3253 5099 3400 5151 omni
3455 5112 3654 5168 genere

2088 5194 2467 5249 machinarum
2504 5201 2561 5247 et
2610 5193 2793 5262 gravis
2834 5199 3125 5244 armaturae
3165 5189 3433 5242 militibus
3479 5186 3653 5257 pluri-

2088 5287 2192 5341 ntis
2226 5286 2654 5351 fortissimisque
2714 5284 3009 5337 instructas
3058 5291 3489 5350 comparassent,
3543 5280 3652 5349 jam

2090 5378 2349 5431 omnibus
2414 5376 2672 5429 idoneum
2732 5384 2947 5442 tempus
3013 5374 3189 5427 visum
3249 5389 3369 5427 esse
3441 5370 3655 5426 cunctis

2090 5467 2262 5534 copiis
2293 5468 2541 5534 protinus
2557 5466 2839 5519 castellum
2860 5466 3141 5519 adoriendi
3161 5479 3321 5532 atque
3342 5461 3655 5515 obsidendi.

2092 5558 2206 5611 Tali
2248 5557 2460 5611 ratione
2500 5557 2662 5610 rebus
2692 5556 2957 5611 institutis
2988 5558 3122 5611 nihil
3156 5560 3223 5609 ab
3255 5557 3322 5609 iis
3354 5553 3415 5606 ad
3444 5554 3652 5608 exitum

2090 5644 2388 5698 adductum
2420 5659 2561 5706 esse,
2596 5644 2973 5709 audiebamus,
3024 5646 3096 5699 ita
3130 5654 3188 5698 ut
3215 5644 3405 5697 classis
3436 5642 3657 5698 Venetae

2093 5736 2382 5805 pnefectus
2432 5752 2487 5789 re
2533 5737 2642 5805 jam
2702 5737 2989 5806 desperata
3035 5745 3089 5789 et
3153 5735 3503 5802 imperatore,
3561 5736 3656 5801 qui

2093 5827 2294 5882 bellum
2326 5837 2766 5900 persequeretur,
2802 5829 3015 5896 relicto,
3051 5842 3260 5884 summa
3306 5828 3661 5884 festinatione
