4070 6326
411 386 481 448 35
570 444 593 460 ,
1589 367 2009 433 NlCEPiiORI
2051 364 2438 428 onEGon/s
3438 350 3453 355 ’
3581 362 3653 424 36

414 494 754 556 recessisset,
789 486 995 545 certior
1030 483 1208 539 factus
1232 485 1300 547 ab
1325 484 1514 540 Genua
1547 486 1658 555 jam
1696 484 1976 553 sexaginta

2111 478 2202 531 ςῶν
2235 476 2539 531 Βενετικῶν
2586 474 2871 544 δυνάμεως
2920 471 3187 544 ναύαρχον
3228 471 3325 527 τοῦ
3363 472 3460 542 μὲν
3496 471 3655 525 πολέ-

414 590 668 642 triremes
693 591 894 651 praeter
936 577 1182 633 omnium
1228 577 1693 649 exspectationem
1726 575 1777 628 in
1810 574 1980 628 altum

412 692 547 733 ονορ
556 686 637 730 tas
664 686 806 728 €880.

484 853 625 907 XVI.
658 854 781 907 "th
808 850 1062 921 equidem
1112 864 1143 903 a
1188 845 1366 917 patria
1413 853 1660 898 remotus
1687 842 1844 912 quasi
1889 856 1987 911 per

414 946 671 999 nebulam
707 944 889 999 audivi
915 960 931 1007 ;
961 952 1017 995 tu
1053 948 1235 996 autem
1264 938 1575 993 narratione
1603 935 1987 1006 progrediente

415 1040 630 1091 veriora
665 1036 911 1103 quaedam
944 1044 1107 1101 atque
1150 1031 1385 1087 certiora
1418 1031 1485 1084 de
1529 1028 1699 1082 rebus
1752 1026 1840 1081 hic
1873 1035 1986 1081 tum

378 1128 583 1196 gestis
623 1139 883 1192 expones,
934 1122 1138 1176 additis
1182 1122 1353 1175 etiam
1392 1135 1577 1173 rerum
1608 1117 1807 1172 causis.
1836 1114 1990 1171 Nunc

415 1231 545 1269 vero
585 1232 671 1269 res
718 1230 949 1283 quarum
1004 1214 1120 1282 ipse
1168 1212 1279 1266 illic
1334 1218 1612 1279 spectator
1647 1206 1745 1269 fui,
1792 1222 1859 1260 ex
1893 1221 1983 1257 or-

416 1308 542 1361 dine
579 1308 676 1360 tibi
730 1312 990 1360 accurate
1026 1294 1191 1369 atque
1232 1300 1550 1370 singillatim
1587 1298 1841 1351 referam.
1883 1296 1991 1349 Re-

416 1397 737 1452 vertendum
781 1396 948 1465 igitur
983 1394 1147 1448 nobis
1216 1401 1303 1447 est
1359 1390 1425 1444 ad
1480 1389 1531 1442 id
1574 1390 1718 1442 unde
1764 1386 1991 1457 digressi

418 1505 632 1553 sumus,
667 1495 726 1541 ut
763 1486 1011 1541 historiae
1059 1484 1397 1540 continuitas
1446 1482 1760 1551 praeclaram
1811 1493 1992 1532 rerum

422 1579 752 1647 cognitionis
782 1577 1094 1632 facilitatem
1128 1574 1366 1645 pnebeat
1391 1611 1406 1639 ,
1442 1586 1565 1641 quae
1598 1570 1741 1626 inest
1774 1568 1828 1622 in
1867 1582 1995 1637 per-

423 1671 740 1740 spicuitate.

490 1843 656 1898 XVil.
694 1843 831 1897 Cum
872 1842 1036 1914 igitur
1069 1841 1216 1897 circa
1247 1839 1436 1895 fauces
1478 1837 1698 1894 Eubmre
1734 1844 1791 1891 et
1822 1834 1991 1906 Cary-
2021 1820 2068 1879 Β

422 1947 565 1991 stum
603 1937 793 1988 urbem
836 1942 1075 1987 exeunte
1099 1934 1211 2003 jam
1245 1939 1437 1986 aestate
1488 1942 1885 1991 eommorarer,
1928 1924 1995 1979 ad

422 2027 650 2091 Oreum,
693 2026 910 2079 Eubmte
953 2024 1146 2077 urbem
1179 2029 1340 2089 portu
1371 2027 1645 2079 ornatam,
1675 2015 1993 2085 quindecim

424 2117 529 2168 illa:
580 2128 747 2167 naves
775 2113 990 2166 Veneta:
1040 2110 1394 2179 appulerunt,
1431 2121 1570 2175 quas
1620 2120 1687 2159 ex
1731 2103 1997 2173 portubus

423 2205 665 2276 Byzantii
724 2204 1021 2257 recessisse
1070 2213 1236 2269 supra
1287 2194 1803 2255 demonstravimus.
1862 2192 1997 2250 Octo

424 2307 606 2351 autem
676 2294 1022 2349 Cretensium
1084 2293 1336 2344 triremes
1394 2288 1521 2342 inde
1579 2287 1686 2357 5.7
1746 2286 1814 2341 ad
1869 2300 1996 2341 suas

426 2405 515 2443 res
542 2386 799 2442 tutandas
827 2384 1052 2442 domum
1088 2382 1384 2437 redierant.
1411 2378 1637 2434 Crebris
1664 2392 1795 2432 vero
1828 2384 1994 2445 atque

426 2477 684 2547 gravibus
743 2473 953 2527 nuntiis
1007 2471 1347 2526 terrentibus
1404 2469 1662 2533 insulam,
1714 2466 1993 2537 sexaginta

427 2568 665 2622 hostium
710 2580 876 2620 naves
932 2565 1181 2634 proxime
1232 2564 1445 2625 adesse,
1490 2560 1743 2615 celeriter
1776 2559 1998 2614 Venetae

427 2662 621 2717 classis
654 2659 938 2729 przefectus
966 2672 1136 2712 naves
1166 2665 1433 2726 apparatu
1481 2653 1713 2709 classico
1743 2659 1996 2721 exempto

428 2769 627 2806 vacuas
658 2753 711 2805 in
762 2758 920 2820 portu
971 2748 1300 2805 rudentibus
1329 2760 1626 2817 suspensas
1672 2744 1994 2809 submersit,

429 2862 495 2900 ne
522 2846 589 2899 ab
620 2845 869 2898 hostibus
895 2842 1147 2912 protinus
1187 2838 1645 2909 adnavigantibus
1698 2838 1816 2906 capi
1868 2850 1997 2904 pos-

428 2945 570 2989 sent.
600 2932 735 2986 Tum
763 2946 928 3001 quam
958 2928 1248 2984 celerrime
1281 2936 1459 2997 potest
1486 2940 1678 2981 omnes
1716 2925 1994 2979 Euboeeno

430 3040 519 3082 ses
579 3024 644 3077 ad
722 3021 967 3075 bellicam
1020 3019 1400 3074 fortitudinem
1451 3017 1655 3071 excitat
1724 3015 1997 3085 simulque

432 3131 557 3168 cum
593 3113 820 3174 Latinis,
851 3110 944 3182 qui
978 3111 1209 3167 Athenis
1242 3119 1400 3166 erant
1430 3119 1487 3165 et
1519 3108 1748 3174 Thebis,
1781 3107 1912 3179 agit,
1944 3115 2001 3161 ut

436 3215 801 3260 trecentorum
832 3203 1075 3273 equitum
1103 3203 1441 3258 delectorum
1466 3200 1727 3256 auxilium
1760 3201 1997 3255 mittant.

433 3297 634 3352 Urbem
672 3306 853 3348 autem
888 3295 979 3350 die
1011 3304 1290 3364 noctuque
1316 3294 1532 3364 egregie
1560 3293 1813 3363 nullique
1852 3304 2003 3346 sum-

434 3390 552 3457 ptui
576 3403 801 3456 parcens
820 3401 1036 3441 armare
1054 3395 1109 3440 et
1132 3387 1281 3440 omni
1311 3386 1777 3440 munimentorum
1807 3396 2006 3452 genere

440 3483 657 3533 firmare
686 3489 851 3548 atque
882 3479 1061 3548 sepire
1094 3478 1235 3531 haud
1268 3476 1499 3532 destitit.
1540 3477 1769 3531 Duobus
1800 3476 2007 3530 interea

435 3571 634 3639 elapsis
664 3570 862 3624 diebus
909 3584 1077 3623 naves
1110 3569 1215 3623 illa:
1244 3567 1487 3623 hostium
1521 3567 1786 3623 Eubmam
1817 3576 2008 3635 peten-

440 3671 521 3715 tes
552 3661 656 3714 sub
690 3674 983 3729 vesperum
1008 3659 1527 3729 conspiciebantur;
1558 3668 1725 3727 atque
1763 3658 1854 3711 illo
1887 3657 2011 3726 qui-

2088 586 2192 639 μου
2228 568 2470 637 διάδοχον
2497 569 2721 636 ἀφεῖναι
2750 566 2843 619 τὸν
2878 566 3023 635 βασι)
3036 566 3118 630 ἐα,
3151 562 3311 617 αὐτὸν
3335 562 3391 615 δὲ
3417 562 3656 632 μαθόντα

2085 661 2186 729 ἤδη
2215 662 2309 713 καὶ
2338 662 2584 728 τριήρεις
2623 662 2687 712 ἐκ
2712 656 2979 719 Γεννούας
3012 656 3275 725 ἐξήκοντα
3302 656 3450 724 παρὰ
3478 655 3660 708 πᾶσαν

2088 752 2443 820 ἀναγομένας
2469 750 2686 813 ἐλπίδα,
2714 749 2862 814 ὅλαις
2892 749 3201 817 ἀναχωρεῖν
3247 744 3516 816 πορείαις.

2158 842 2278 907 ις’.
2317 842 2425 893 Καὶ
2472 842 2509 895 ἃ.
2567 840 2669 910 μὲν
2698 839 2955 908 ἀμυδρῶς
2979 839 3144 899 αὐτὸς
3178 838 3465 907 ἠκηκόειν,
3504 836 3662 905 ἐκδη-

2096 946 2195 999 μος
2226 930 2303 983 ὢν
2336 931 2436 1000 τῆς
2477 930 2754 998 πατρίδος,
2785 928 2940 983 ταῦτ’
2967 928 3118 981 ἐστίν
3143 942 3160 960 ο
3190 928 3351 991 αὐτὸς
3396 927 3443 980 δ’
3484 927 3548 981 ἄν
3574 945 3662 995 μοι

2088 1022 2269 1090 λέγοις
2313 1022 2688 1092 τάληθέστερά
2712 1039 2771 1075 τε
2803 1021 2899 1075 καὶ
2932 1020 3257 1090 βεϐαιότερα
3282 1021 3391 1074 τῶν
3416 1018 3665 1073 ἐνταυθοῖ

2090 1115 2502 1183 πεπραγμένων
2553 1116 2797 1178 ἐκείνων,
2836 1115 2937 1184 τῆς
2965 1115 3296 1183 ἀφηγήσεως
3344 1111 3663 1181 προϊούσης,

2092 1206 2408 1277 προστιθεὶς
2461 1207 2520 1258 ἐν
2568 1206 2755 1274 ταυτῷ
2818 1208 2917 1259 καὶ
2979 1206 3049 1259 τὰ
3096 1205 3207 1258 τῶν
3258 1202 3667 1272 πεπραγμένων

2091 1299 2261 1352 αἴτια.
2300 1297 2416 1351 Νῦν
2453 1298 2499 1349 δ’
2550 1292 2625 1350 ὧν
2670 1298 2833 1359 αὐτὸς
2893 1298 3166 1365 αὐτόπτης
3217 1295 3345 1364 ἐξῆς
3394 1296 3667 1365 ἐγενόμην

2094 1392 2217 1443 ἐκεῖ
2254 1387 2472 1459 παρὼν,
2525 1382 2643 1457 εἰμι
2678 1388 2819 1457 ἐρῶν
2860 1388 3022 1449 αὐτὸς
3065 1387 3262 1441 αὐτίκα
3290 1388 3381 1440 τὸν
3413 1385 3670 1440 λεπτότε-

2095 1496 2187 1550 ρον
2214 1482 2307 1533 καὶ
2340 1478 2466 1531 καθ’
2494 1479 2704 1531 ἕκαστα
2730 1478 2953 1546 τρόπον.
2994 1476 3435 1547 Ἐπαναληπτέον
3462 1476 3650 1529 τοίνυν

2092 1570 2184 1622 τὸν
2212 1571 2371 1636 λόγον
2421 1569 2527 1636 ὅπη
2558 1567 2620 1620 τὸ
2660 1569 2924 1638 πρότερον
2960 1569 3106 1636 τχνος
3159 1566 3440 1631 ἐλίπομεν,
3484 1565 3572 1618 ἵνα
3604 1565 3666 1617 τὸ

2097 1661 2197 1729 τῆς
2232 1658 2475 1730 ἱστορίας
2533 1661 2769 1727 συναφὲς
2819 1661 2918 1727 τὴν
2962 1659 3055 1711 τοῦ
3116 1659 3322 1727 σαφοῦς
3378 1657 3665 1727 ῥᾳστώνην

2098 1751 2276 1819 εὐφυᾶ
2304 1753 2520 1818 παρέχῃ
2559 1751 2669 1811 τοῖς
2716 1749 3169 1817 ἐντυγχάνουσιν.

2166 1838 2265 1894 iZ'.
2304 1840 2535 1909 Ἔτυχον
2591 1839 2690 1911 μὲν
2737 1838 2850 1905 ἐγὼ
2910 1838 3202 1908 διατρίϐων
3259 1837 3482 1908 περὶτὰ
3514 1837 3667 1892 κοῖλα

2102 1932 2199 2000 τῆς
2232 1930 2461 1994 Εὐϐοίας
2486 1931 2582 1984 καὶ
2617 1930 2903 2000 Κάρυστον
2932 1931 3085 1983 πόλιν
3124 1930 3385 2001 λήγοντος
3428 1930 3529 2001 ἤδη
3573 1928 3669 1983 τοῦ

2107 2023 2321 2093 θέρους,
2371 2021 2470 2074 καὶ
2536 2020 2838 2091 τηνικαῦτα
2908 2019 3187 2084 ξυνέϐαινε
3256 2021 3553 2075 καταπλεῖν
3613 2021 3671 2084 ἐς

2114 2115 2324 2184 Ὠρεὸν,
2353 2112 2511 2166 πόλιν
2537 2111 2766 2175 Εὐϐοίας
2795 2111 3099 2181 εὐλίμενον,
3148 2112 3245 2176 τὰς
3279 2112 3673 2166 πεντεκαίδεκα

2104 2206 2394 2268 Βενετικάς
2457 2204 2673 2268 ἐκείνας
2753 2204 3048 2275 τριήρεις,
3110 2204 3177 2268 ἀς
3246 2206 3310 2259 ἐκ
3367 2204 3674 2267 Βυζαντίων

2098 2298 2333 2366 λιμένων
2395 2295 2639 2366 έφθημεν
2698 2296 3060 2365 δεδηλωκότες
3138 2296 3506 2359 ἐπανιούσας·
3570 2296 3669 2358 τάς

2100 2389 2208 2458 γὰρ
2266 2387 2412 2441 ὀκτὼ
2459 2388 2745 2458 Κρητικὰς
2798 2388 3093 2453 διαστάσας
3153 2388 3382 2445 αὐτόθεν
3431 2389 3674 2460 οἴχεσθαι

2099 2481 2362 2544 ἀπιούσας
2398 2482 2455 2543 ἐς
2480 2482 2726 2551 ίΚρήτην
2757 2482 3004 2551 φυλακῆς
3029 2480 3192 2537 ῑνεκα
3226 2482 3334 2537 τῶν
3362 2482 3533 2537 ἰδίων.
3562 2481 3673 2536 Καὶ

2100 2572 2216 2641 ἃμα
2250 2571 2445 2640 συχναὶ
2484 2573 2579 2624 καὶ
2612 2570 2828 2640 βαρεῖαι
2857 2571 3233 2640 κατέπληττον
3266 2572 3519 2639 ἀγγελίαι
3572 2571 3671 2641 τὴν

2103 2661 2287 2729 νῆσον,
2347 2655 2621 2726 ἐγγύτατα
2678 2654 2822 2711 εἷναι
2877 2659 3142 2727 πολεμίας
3213 2659 3477 2728 ἐξήκοντα
3520 2661 3673 2721 ναῦς.

2100 2749 2350 2813 Σπεύσας
2378 2746 2471 2804 οὖν
2494 2751 2521 2803 ὁ
2548 2750 2655 2802 τῶν
2684 2748 2983 2803 Βενετικῶν
3008 2750 3271 2821 ναύαρχος
3300 2750 3367 2803 τὰ
3403 2751 3503 2821 μὲν
3533 2752 3671 2816 πλη-

2109 2844 2342 2915 ρώματα
2373 2844 2551 2897 πάντα
2578 2842 2686 2897 τῶν
2715 2843 2932 2896 οἰκείων
2970 2843 3107 2896 νεῶν
3130 2844 3335 2909 ἐξεῖλεν
3360 2843 3542 2907 εὐθὺς,
3576 2843 3675 2896 αὐ-

2101 2938 2200 2998 τάς
2228 2936 2285 2987 δὲ
2316 2936 2477 2997 κενάς
2502 2935 2557 2986 ἐν
2586 2932 2662 3003 τῷ
2684 2933 2864 3004 λιμένι
2900 2934 3181 2997 καλωδόις
3218 2950 3500 3003 προσηρτη
3511 2933 3677 3002 μένας

2105 3026 2424 3089 κατέδυσεν,
2455 3024 2530 3088 ὡς
2566 3024 2642 3095 μὴ
2671 3024 2935 3095 ἀλώσιμοι
2956 3027 3065 3088 τοῖς
3086 3024 3361 3093 πολεμίοις
3396 3022 3457 3095 [τ.
3486 3023 3587 3078 106
3621 3022 3679 3095 α]

2104 3118 2263 3184 εὐθὺς
2290 3117 2650 3170 ἐπιπλεύσασι
2674 3117 2932 3185 γένοιντο.
2945 3118 3179 3182 Ἔπειθ’,
3195 3118 3318 3171 ὅσον
3343 3117 3527 3186 τάχος,
3542 3115 3679 3170 πάν-

2103 3229 2200 3274 τας
2221 3227 2282 3263 τε
2315 3209 2553 3274 Εὐϐοέας
2576 3210 2713 3279 πρὸς
2739 3208 3026 3280 ὁπλιτικὴν
3052 3209 3305 3279 ἠρέθιζεν
3332 3208 3552 3279 ἀκμὴν,
3591 3210 3683 3264 καὶ

2106 3304 2221 3372 ἆμα
2235 3302 2279 3355 δ’
2306 3302 2671 3371 ἐπρεσϐεύετο
2700 3300 2834 3371 πρὸς
2858 3300 2985 3364 τοὺς
3010 3301 3064 3353 ιν
3078 3299 3333 3370 Ἀθήναις
3357 3301 3452 3355 καὶ
3479 3301 3683 3369 Θήϐαις

2108 3389 2392 3452 Λατίνους,
2421 3388 2752 3457 τριακοσίων
2783 3388 2992 3442 ίππέων
3025 3388 3327 3442 ἐπιλέκτων
3352 3389 3519 3442 αίτῶν
3543 3406 3683 3458 συμ-

2111 3480 2335 3549 μαχίαν.
2363 3479 2475 3548 Τήν
2516 3496 2577 3547 γε
2608 3480 2716 3549 μὴν
2742 3479 2898 3534 πόλιν
2924 3478 3097 3533 νύκτα
3124 3497 3184 3532 τε
3216 3480 3312 3533 καὶ
3339 3479 3550 3551 ἡμέραν
3583 3481 3682 3532 οὐκ

2109 3572 2354 3641 ἠμέλησε
2385 3572 2565 3624 πᾶσαν
2596 3571 2829 3633 ὁπλίζων
2864 3570 3169 3634 πολυτελῶς
3199 3573 3292 3625 καὶ
3318 3573 3495 3643 πάσης
3528 3573 3686 3640 ἀφει-

2109 3662 2216 3716 δῶν
2248 3662 2498 3733 δαπάνης
2550 3664 2647 3715 καὶ
2700 3662 2877 3714 πάντα
2918 3661 3235 3731 προστιθεὶς
3262 3662 3357 3715 καὶ
3387 3662 3688 3733 περιτιθεὶς

436 3753 562 3809 dem
591 3768 838 3823 vespero,
864 3768 989 3807 cum
1018 3761 1166 3807 esset
1193 3751 1443 3817 malacia,
1476 3751 1532 3806 in
1561 3751 1670 3805 alto
1693 3750 1830 3804 mari
1856 3764 2008 3805 coena

2114 3752 2470 3824 ὀχυρώματα.
2497 3755 2604 3809 Δύο
2623 3752 2827 3824 μεταξὺ
2857 3755 3315 3825 παρερῤυήκεσαν
3346 3753 3572 3824 ήμέραι,
3598 3754 3690 3807 καὶ

439 3856 628 3915 parata
652 3854 705 3899 et
735 3844 919 3910 rebus,
951 3859 1071 3914 quae
1094 3843 1347 3914 gerendae
1374 3851 1551 3907 erant,
1582 3843 1836 3913 provisis,
1870 3841 2008 3896 inse-

2118 3844 2377 3913 ὤφθησαν
2422 3847 2479 3898 αί
2520 3844 2775 3912 πολέμιαι
2804 3845 2928 3915 νῆες
2974 3846 3178 3901 ἐκεῖναι
3207 3844 3335 3915 περὶ
3375 3844 3556 3914 δείλην
3585 3860 3688 3899 που

441 3936 663 4007 quentis
696 3936 805 3990 diei
837 3936 1009 4005 prima
1041 3937 1163 3991 luce
1191 3935 1377 3991 statim
1411 3934 1530 3990 acie
1568 3936 1831 3989 instructa
1865 3934 2008 3987 omni

2114 3935 2211 4003 τὴν
2243 3934 2423 4002 ὀψίαν.
2446 3935 2805 3988 ἐπιπλέουσαι
2850 3935 2992 3989 κατά
3028 3937 3125 4005 τῆς
3153 3935 3404 3997 Εὐϐοίας.
3441 3934 3552 3987 Καὶ
3585 3933 3685 4004 τὴν

442 4043 641 4097 genere
672 4043 949 4081 armorum
980 4026 1194 4098 stipatae
1226 4027 1280 4081 in
1325 4026 1454 4081 Orei
1487 4033 1707 4097 portum
1746 4026 2008 4078 invehun-

2120 4026 2219 4093 μὲν
2253 4024 2490 4093 ἑσπέραν
2512 4025 2750 4097 ἐκείνην,
2780 4027 3026 4098 γαλήνης
3054 4026 3241 4096 οὐσης,
3268 4028 3326 4080 ἐν
3353 4027 3431 4097 τῷ
3462 4027 3687 4095 πελάγει

445 4131 535 4175 tur
584 4133 949 4189 magnumque
1001 4119 1088 4173 sui
1131 4126 1397 4172 terrorem
1448 4117 1657 4171 faciunt
1699 4116 2008 4170 certaminis

2124 4115 2388 4185 μετέωροι
2442 4118 2997 4186 δειπνοποιησάμεναι
3046 4117 3141 4172 καὶ
3178 4117 3238 4170 τὸ
3272 4118 3531 4187 ποιητέον
3568 4134 3691 4169 σκε-

444 4210 675 4265 sublatis
721 4210 913 4279 signis,
940 4208 1271 4264 canentibus
1305 4208 1457 4261 tubis
1490 4206 1751 4276 tibiisque
1786 4206 2008 4275 aliisque

2120 4204 2383 4276 ψάμεναι,
2413 4206 2585 4259 ἐωθεν
2608 4209 2768 4271 εὐθὺς
2800 4209 2879 4272 είς
2900 4211 3142 4278 μάχιμον
3170 4208 3322 4275 τάξιν
3354 4192 3688 4279 ῆθροίῶντο.

446 4301 849 4373 instrumentis,
911 4316 1035 4372 quas
1078 4300 1293 4356 animos
1339 4300 1407 4354 ad
1457 4299 1797 4353 alacritatem
1853 4309 2008 4368 atque

2124 4298 2232 4349 Καὶ
2268 4298 2366 4367 μὲν
2397 4298 2461 4368 δὴ
2506 4299 3036 4370 καταπεφραγμέναι
3078 4302 3243 4361 πᾶσιν
3278 4301 3485 4367 ὅπλοις,
3520 4316 3691 4371 προσ-

448 4390 699 4443 arderent
748 4389 1020 4459 pugnandi
1081 4389 1349 4446 excitant.
1417 4389 1556 4444 Cum
1601 4400 1785 4442 autem
1842 4389 2014 4458 prazlii

2124 4388 2387 4442 ελάσασαι
2421 4391 2474 4451 ἐς
2506 4389 2596 4442 τὸν
2638 4389 2825 4459 Ὦρεοῦ
2853 4390 3048 4460 λιμένα
3079 4391 3283 4445 ἐκεῖναι
3320 4390 3695 4461 καταπληκτι-

450 4481 655 4533 navaiis
690 4479 845 4546 copia
873 4479 985 4549 48
1014 4495 1122 4534 non
1172 4480 1348 4544 fieret,
1390 4480 1623 4534 navibus
1671 4479 1875 4550 quippe
1911 4494 2008 4531 non

2130 4479 2240 4542 κῶς
2272 4479 2633 4544 ἐσέπλευσαν,
2665 4479 2731 4531 τά
2773 4495 2832 4531 τε
2867 4480 3070 4550 σημεῖα
3115 4478 3216 4547 τῆς
3251 4478 3431 4547 μάχης
3478 4477 3695 4547 ῆρμένα

444 4571 872 4625 occurrentibus
928 4586 1050 4640 qua:
1101 4586 1223 4625 cum
1260 4571 1328 4626 iis
1367 4574 1420 4626 in
1477 4582 1753 4626 certamen
1800 4573 2025 4625 descen-

446 4652 664 4725 derent,
694 4661 905 4715 idoneis
934 4661 1142 4716 relictis
1174 4661 1497 4731 sagittariis,
1523 4661 1618 4731 qui
1650 4676 1819 4716 naves
1844 4673 2028 4716 custo-

446 4751 633 4804 dirent
670 4764 914 4819 eosque,
954 4751 1049 4818 qui
1079 4766 1145 4804 ex
1184 4750 1615 4819 propugnaculis
1667 4750 1773 4804 tela
1822 4750 2029 4821 jacula-

454 4844 672 4907 bantur,
726 4843 1085 4896 defenderent
1114 4852 1279 4911 atque
1309 4852 1648 4910 averterent,
1709 4843 1904 4913 reliqui
1959 4844 2025 4897 ad

452 4921 644 4989 urbem
687 4933 1013 5003 cingendam
1068 4934 1261 4988 multis
1314 4949 1440 4987 cum
1494 4935 1658 4989 scalis
1712 4934 1767 4989 in
1827 4944 2026 4989 terram

450 5029 659 5094 egressi
688 5025 937 5095 protinus
966 5040 1023 5079 se
1056 5034 1313 5095 capturos
1343 5039 1463 5079 esse
1491 5026 1681 5080 urbem
1712 5027 2026 5095 Sperabant,

456 5114 803 5167 multitudine
831 5124 886 5168 et
922 5112 1117 5168 bellica
1145 5112 1380 5167 militum
1434 5114 1664 5169 audacia
1704 5114 1855 5170 freti.
1909 5116 2029 5170 Cir-

456 5220 789 5259 cumsessam
827 5206 992 5276 igitur
1024 5204 1214 5260 urbem
1255 5205 1649 5275 oppugnabant
1680 5209 1783 5261 tela
1815 5208 2032 5263 eminus

461 5299 749 5361 mittendo,
783 5299 945 5351 scalis
991 5299 1193 5353 mcenia
1228 5296 1531 5352 adoriendo
1571 5307 1646 5364 et,
1677 5299 1805 5369 quia
1856 5300 2035 5355 horni-

459 5405 591 5442 num
646 5389 940 5442 multitudo
985 5391 1392 5460 suppeditabat,
1425 5390 1616 5461 procul
1648 5393 1933 5448 cuniculos
1964 5392 2029 5446 ad

459 5494 648 5534 muros
684 5489 832 5533 recta
863 5481 1097 5549 agendo,
1130 5491 1188 5537 ut
1234 5494 1327 5537 aut
1372 5483 1643 5537 scalarum
1674 5499 1905 5539 ascensu
1939 5494 2034 5540 aut

462 5572 840 5625 cuniculorum
874 5574 1233 5629 subterraneo
1279 5591 1444 5630 cursu
1476 5568 1537 5630 in
1587 5576 1777 5630 urbem
1812 5577 2035 5632 clancu-

462 5660 575 5714 lum
610 5663 1002 5734 irrumperent.
1038 5666 1173 5720 Cum
1203 5675 1384 5720 autem
1422 5668 1643 5722 Veneta:
1673 5668 1865 5723 classis
1895 5684 2033 5739 prte-

476 5751 652 5809 fectus
683 5766 845 5823 atque
894 5757 1003 5811 dux
1055 5757 1323 5813 machinis
1372 5759 1654 5814 machinas
1704 5761 2034 5815 intrinsecus

2132 4571 2373 4642 ἔχουσαι,
2402 4571 2498 4625 καὶ
2527 4570 2624 4634 τὰς
2657 4570 2963 4641 πολεμικὰς
2992 4571 3434 4640 ἀνακρουόμεναι
3460 4569 3696 4636 σάλπιγ-

2132 4664 2234 4731 γάς
2263 4679 2320 4715 τε
2363 4663 2457 4717 καὶ
2498 4661 2785 4732 σύριγγας,
2818 4662 2913 4715 καὶ
2943 4662 3043 4715 ὅσα
3069 4660 3178 4714 τῶν
3222 4660 3479 4715 τοιούτων
3528 4660 3699 4729 ὀργά-

2132 4770 2237 4804 νων
2268 4751 2506 4822 ὲρεθίξει
2544 4753 2679 4821 πρὸς
2711 4751 2976 4823 εὐψυχίαν
3017 4749 3321 4821 πολεμικὴν
3354 4750 3463 4803 τῶν
3492 4750 3701 4820 ἀνδρῶν

2130 4841 2229 4912 τῆν
2257 4845 2453 4915 ὁρμήν.
2492 4843 2648 4895 Ἐπεὶ
2681 4843 2737 4895 δὲ
2768 4842 3071 4913 ναυμαχίας
3104 4841 3313 4910 ἀγῶνες
3332 4842 3534 4913 ἥκιστα
3559 4836 3702 4912 ἦσαν

2134 4935 2216 5002 (οὐ
2273 4935 2380 5003 γὰρ
2434 4928 2575 5003 ἦσαν
2612 4934 2668 4985 αἱ
2717 4933 3222 5003 ἀνταγωνιζόμεναι
3268 4934 3441 5003 νῆες),
3480 4932 3702 4997 τοξότας

2134 5027 2291 5089 ὅσους
2323 5028 2488 5097 ἐχρῆν
2524 5027 2917 5090 καταλιπόντες
2947 5030 3004 5080 ἐν
3032 5029 3149 5092 ταῖς
3180 5029 3340 5081 ναυσὶ
3370 5028 3618 5097 φυλακῆς
3641 5045 3703 5080 τε

2136 5119 2299 5171 ἕνεκα
2339 5119 2433 5172 καὶ
2474 5117 2572 5172 τοῦ
2623 5117 2917 5189 βάλλοντας
2973 5117 3252 5190 ἀνείργειν
3280 5120 3374 5173 καὶ
3422 5119 3707 5188 ἀντιπερι-

2135 5212 2279 5281 σπᾷν
2307 5211 2424 5263 ἐκεῖ
2456 5210 2582 5273 τοὺς
2614 5210 2708 5262 ἐπὶ
2744 5209 2852 5263 τῶν
2884 5210 3183 5276 ἐπάλξεων,
3216 5212 3264 5264 oi
3297 5211 3475 5265 λοιποὶ
3504 5210 3703 5273 πάντες

2136 5303 2230 5353 ἐπὶ
2260 5300 2359 5370 τὴν
2406 5300 2510 5369 γῆν
2568 5298 2902 5367 ἀπέϐαινον,
2953 5300 3342 5355 κυκλώσασθαι
3392 5300 3491 5371 τὴν
3547 5301 3701 5353 πόλιν

2138 5392 2472 5463 βουλόμενοι,
2539 5390 2815 5460 κλίμακάς
2868 5408 2926 5444 τε
3006 5394 3337 5462 ἐπαγόμενοι
3402 5394 3703 5453 πλείστις,

2136 5484 2229 5535 καὶ
2258 5483 2375 5551 ἅμα.
2405 5482 2654 5549 αἱρήσειν
2686 5481 2884 5533 αὐτίκα
2916 5481 3063 5550 μάλα
3086 5484 3183 5555 τῆν
3213 5484 3365 5537 πόλιν
3393 5484 3705 5547 ἐλπίζοντες

2134 5574 2221 5627 διά
2270 5590 2330 5626 τε
2382 5572 2444 5625 τὸ
2501 5571 2705 5641 πλῆθος
2762 5572 2856 5623 καὶ
2904 5574 3003 5642 τῆν
3044 5572 3249 5643 τόλμην
3295 5572 3404 5624 τῶν
3448 5570 3704 5624 ὁπλιτῶν.

2138 5665 2841 5737 Περιστρατοπεδεύσαντες
2874 5661 2969 5718 οὖν
3022 5664 3395 5734 ἐπολιόρκουν,
3442 5662 3615 5727 τόξοις
3648 5677 3707 5713 τε

2140 5759 2423 5828 βάλλοντες
2453 5757 2735 5827 ἑκηϐόλοις
2770 5758 2861 5810 καὶ
2894 5756 3166 5825 κλίμακας
3205 5757 3284 5827 τῷ
3317 5757 3485 5826 τείχει
3536 5770 3707 5825 προσ-
