4070 6326
402 394 470 456 3Ί
1386 388 1827 450 ΒΥΖᾹΝΤΙΝΑΞ
1866 387 2252 448 ΙΙΙΞΤΟΠΗΕ
2293 388 2434 449 LIB.
2476 386 2659 451 XXV.
3563 393 3635 470 38

404 509 647 573 άγοντες,
692 502 786 556 καὶ
819 503 936 574 ἅμα
987 501 1076 556 διὰ
1119 502 1216 570 τὴν
1282 501 1634 572 πολυχειρίαν
1692 502 1822 556 εὑθὺ
1874 500 1955 553 τοὶ

2073 514 2352 569 apponere
2402 501 2542 555 haud
2580 508 2844 563 cessaret,
2886 500 3191 555 certamina
3248 501 3490 556 humum
3542 521 3635 558 ex-

402 596 616 664 τεῐχους
674 594 948 663 διώρυχας
986 592 1269 664 πόρρωθεν
1326 594 1611 663 δρῶντες,
1673 596 1763 648 ἵνα
1822 597 1967 651 δυοῖν

391 660 662 754 ’θάτεροη
703 684 736 753 ἢ
905 684 1005 751 τῆς
1032 660 1140 735 τῶν
1166 660 1452 753 κλιμάκων
1481 685 1707 738 ἐκείνων
1745 688 1969 757 ἀναδρο-

409 776 539 844 μῆε,
579 774 611 842 ἢ
658 773 747 826 διὰ
784 771 883 841 τῆς
917 773 1027 825 τῶν
1075 772 1361 841 ὑπονόμων
1388 773 1701 845 ὑποδρομῆς
1741 778 1969 829 τουτωνὶ

405 866 645 919 λάθωσιν
688 865 768 927 είς
813 865 911 932 τὴν
974 863 1131 918 πόλιν
1180 866 1667 933 παρεισπεσόντες.
1712 866 1864 919 Ἐπεὶ
1911 866 1968 919 δὲ

405 954 675 1025 μηχαναῖς
706 953 955 1021 μηχανὰς
980 953 1009 1004 ὁ
1040 954 1149 1005 τῶν
1179 953 1483 1006 Βενετικῶν
1521 955 1729 1017 ἐκεῖνος
1773 955 1971 1022 ναύαρ-

401 1046 492 1111 χός
529 1059 587 1094 τε
628 1042 723 1095 καὶ
767 1041 991 1111 ἡγεμὼν
1025 1041 1236 1094 ἔνδοθεν
1268 1042 1588 1097 ἀνθιστάναι
1621 1044 1721 1097 οὐκ
1751 1045 1965 1115 ἡμέλει,

403 1133 715 1185 συνέόαινεν
742 1128 883 1185 εἶναι
912 1132 1038 1195 τοὺς
1074 1132 1272 1196 ἐξωθεν
1299 1133 1408 1186 τῶν
1440 1133 1716 1203 πολεμίων
1750 1135 1969 1203 ἀγῶνας

400 1224 737 1293 ἀπράκτους.
780 1222 1002 1292 Πρῶτον
1048 1223 1146 1291 μὶν
1185 1224 1295 1293 γάρ
1348 1223 1541 1294 βάρεσι
1568 1224 1732 1278 λίθων
1771 1228 1834 1279 ἐκ
1859 1228 1969 1279 τῶν

399 1314 679 1379 ἐπάλξεων
706 1314 801 1366 καὶ
837 1313 1017 1382 βέλεσι
1066 1315 1435 1378 παντοδαποῖς
1466 1317 1808 1385 τραυματίας
1838 1318 1970 1373 ἀπέ-

401 1421 558 1473 φαινε
589 1407 729 1472 σφᾶς
758 1406 853 1457 καὶ
884 1406 1165 1460 ἀπεσόϐει.
1186 1406 1334 1476 Ὀπη
1359 1408 1404 1460 δ’
1436 1405 1583 1477 ἐώρα
1618 1407 1714 1460 καὶ
1750 1408 1968 1463 ὑπενόει

401 1496 622 1564 κλίμαξι
660 1496 893 1566 βάσιμον
928 1492 1067 1549 εἶναι
1098 1498 1160 1549 τὸ
1202 1500 1398 1567 τεῖχος,
1437 1498 1570 1567 ὑψος
1601 1499 1782 1553 ἱκανὸν
1806 1500 1968 1563 εὐθὺς

400 1586 735 1655 προσετίθει,
781 1588 880 1656 τήν
937 1604 996 1639 τε
1045 1588 1154 1640 τῶν
1186 1589 1466 1655 ἐπάλξεων
1505 1589 1793 1643 συνάπτων
1849 1589 1965 1642 διέ-

399 1695 578 1747 χειαν,
619 1679 713 1731 καὶ
751 1679 976 1743 ταύταις
1011 1679 1355 1751 ἀνδρόμηιεες
1395 1681 1742 1750 οἰκοδόμημα
1798 1698 1967 1751 προσ-

398 1768 568 1829 τιθεὶς
595 1767 730 1837 πρὸς
761 1767 854 1833 ὀξὺ
896 1769 989 1821 καὶ
1031 1746 1557 1840 λεπτόν-άπολῆγον,
1708 1772 1803 1825 καὶ
1832 1746 1957 1824 ἀνα-

2073 591 2343 645 trinsecus
2377 593 2529 645 irrita
2571 600 2750 645 erant.
2807 592 3051 647 Primum
3088 591 3235 644 enim
3278 594 3421 646 saxis
3466 594 3644 663 gravi-

2071 681 2175 737 bns
2206 692 2261 736 et
2297 683 2445 735 omni
2482 682 2768 736 missilium
2796 697 2993 751 genere
3026 697 3123 736 eos
3157 698 3221 736 ex
3252 697 3479 751 propuu
3506 699 3637 737 aeu-

2068 774 2138 827 iis
2161 773 2438 842 impetitos
2465 775 2730 828 sauciavit
2756 783 2922 842 atque
2963 774 3296 829 deturbavit.
3328 775 3429 830 Ubi
3458 785 3639 829 autem

2070 881 2285 919 murqu
2314 866 2477 920 scalis
2505 880 2736 919 ascensu
2772 863 2988 917 facilem
3019 878 3143 918 esse
3187 864 3411 918 videbat
3442 874 3497 919 et
3548 880 3643 917 su-

2071 956 2406 1025 Spicabatur,
2442 956 2738 1010 altitudine
2770 954 2961 1008 idonea
3011 954 3193 1008 statim
3222 954 3425 1017 addita,
3467 956 3640 1007 inter-

2069 1048 2205 1101 valla
2238 1048 2381 1100 inter
2406 1047 2623 1115 singula
2658 1045 3064 1114 propugnacula
3098 1045 3407 1114 conjunxit,
3462 1044 3640 1114 iisque

2068 1137 2294 1190 aedilicia
2335 1137 2609 1190 adstruxit
2643 1134 2886 1188 hon.inis
2919 1134 3263 1188 altitudinem
3320 1150 3426 1188 non
3475 1150 3640 1190 exce-

2072 1227 2280 1291 dentia,
2316 1234 2479 1296 atque
2510 1228 2563 1280 in
2596 1236 2814 1281 tenuem
2845 1237 2900 1280 et
2926 1236 3146 1279 acutum
3181 1224 3390 1295 apicem
3432 1240 3640 1279 exeun-
3734 1258 3739 1265 ο

2072 1316 2163 1380 tia,
2198 1325 2257 1369 ut
2308 1316 2557 1369 hostibus
2597 1316 2709 1387 49
2752 1316 2834 1370 vel
2872 1313 2925 1369 in
2987 1330 3201 1368 murum
3249 1315 3417 1368 enisis
3465 1316 3637 1369 ardua

2066 1416 2123 1462 et
2164 1409 2378 1462 incessu
2411 1408 2703 1461 admodum
2735 1409 3042 1476 periculosa
3079 1417 3282 1461 essent.
3313 1406 3517 1460 Deinde
3544 1422 3638 1459 au-

2069 1506 2177 1553 tem
2209 1500 2523 1566 conjectura
2551 1498 2716 1564 facta,
2744 1513 2849 1566 qua
2882 1508 3035 1565 parte
3064 1498 3327 1551 mmnium
3360 1496 3639 1550 subterra-

2066 1602 2204 1640 neus
2248 1587 2341 1640 ille
2375 1587 2667 1640 cuniculus
2703 1602 3066 1656 processurus
3104 1596 3270 1655 atque
3310 1586 3636 1655 proditurus

2065 1687 2235 1737 esset,
2293 1675 2367 1731 ibi
2406 1676 2557 1729 intus
2604 1675 2804 1730 fossam
2864 1684 3227 1729 transversam
3283 1675 3415 1728 fecit
3464 1675 3636 1727 multo

2069 1764 2483 1834 profundiorem
2539 1780 2699 1834 quam
2764 1767 3139 1839 illorumlerat
3184 1766 3510 1827 cuniculus,
3552 1777 3633 1831 ut,

401 1857 531 1910 ὅᾶσι
566 1861 676 1920 τοῖς
719 1858 1001 1928 πολεμίοις
1044 1859 1311 1929 δύσεργόν
1341 1837 1531 1912 τεκαὶ
1566 1860 1709 1930 μάλα
1752 1859 1955 1912 ἐπικί-ι·

2067 1871 2191 1910 cunt
2230 1856 2448 1910 tandem
2484 1858 2626 1910 intra
2655 1856 2852 1910 muenia
2887 1837 3263 1925 irrepsisseut,
3300 1857 3634 1925 necopinato

397 1947 556 1999 δυνον
589 1945 727 2001 εἶναι
756 1947 852 2019 τὴν
880 1949 988 2004 τῶν
1020 1949 1196 2003 ποδῶν
1238 1949 1418 2019 βάσιν.
1451 1950 1594 2020 Πρός
1620 1966 1683 2019 γε
1720 1950 1831 2021 μὴν
1872 1950 1962 2002 τὸν

400 2038 715 2108 ὑποχθόνιον
766 2040 973 2092 ἐκεῖνον
1027 2040 1326 2110 ὑπόνομον,
1375 2041 1779 2111 στοχασάμενος
1826 2041 1960 2093 ὅπου

396 2130 494 2182 τοῦ
517 2130 731 2199 τείχους
753 2130 1123 2184 διεκπεσείται
1152 2133 1472 2203 προχωροῦν
1494 2132 1555 2184 τὸ
1580 2133 1677 2202 τῆς
1697 2132 1964 2202 διώρυχος

396 2220 572 2285 τέλος,
619 2223 826 2290 τάφρον
883 2221 1196 2291 κατώρυξεν
1249 2224 1395 2276 ἔνδον
1446 2222 1607 2284 αὐτὸς
1642 2224 1959 2295 ἐγκαρσίαν,

396 2312 458 2365 τὸ
493 2312 653 2383 βάθος
703 2312 1113 2367 πολλαπλασίαν
1166 2314 1201 2385 ἢ
1252 2316 1395 2367 κατὰ
1437 2318 1539 2384 τὴν
1587 2314 1849 2377 ἐκείνων,
1886 2313 1960 2375 ὡς

396 2406 495 2475 ὀψὲ
535 2404 628 2458 τοῦ
655 2405 863 2475 τείχους
892 2406 1043 2468 ἐντὸς
1072 2407 1579 2476 παρεισπίπτοντας
1611 2407 1749 2476 σφᾶς
1783 2405 1961 2477 βόθρῳ

399 2497 495 2549 καὶ
528 2496 758 2550 θανάτου
813 2496 1085 2565 πυθμέσιν
1118 2498 1468 2566 ἐντυγχάνειν
1496 2498 1959 2570 ἀπροσδοκήτουςο

397 2586 853 2654 καταφερομένοις
882 2586 989 2654 γὰρ
1018 2584 1248 2647 ἐκείνοις
1303 2584 1444 2654 βάρη
1476 2585 1639 2638 λίθων
1672 2584 1737 2655 [Γ.
1771 2585 1874 2641 1θ6
1901 2583 1958 2658 b]

394 2675 600 2730 ἄνωθεν
635 2678 787 2729 αὐτοὶ
818 2675 917 2742 μὲν
943 2672 1298 2744 παμπληθεῖς
1336 2674 1497 2738 εὐθὺς
1529 2675 1949 2745 ἐπιρῤίπτοντες

400 2767 665 2834 ἀφύκτοις
687 2766 918 2819 θανάτου
946 2764 1181 2829 δικτύοις
1208 2767 1547 2838 παραχρῆμα
1568 2767 1792 2823 ἐδίδουν.
1815 2768 1955 2838 Συχ-

392 2860 500 2913 νῶν
529 2857 574 2911 δ’
603 2858 695 2911 ἐπὶ
725 2857 934 2921 τούτοις
980 2859 1204 2929 ἡμερῶν
1238 2859 1725 2931 παρερρυηκυιῶν,
1760 2862 1958 2928 ἀφῖκτο

391 2952 488 3005 καὶ
519 2951 689 3019 ἡτῶν
730 2951 1032 3023 Ἀθηναίων
1075 2950 1177 3021 ήδη
1219 2954 1314 3003 καὶ
1352 2951 1610 3021 Θηόαίων
1641 2953 1955 3021 συμμαχία,

391 3043 670 3097 ἐπίλεκτοι
697 3045 795 3113 μὲν
842 3044 1027 3106 ἱππεῖς
1067 3044 1396 3113 τριακόσιοι,
1426 3043 1579 3108 πεζοὶ
1608 3042 1654 3096 δ’
1681 3044 1956 3098 ἐθελονταὶ

2066 1950 2120 2004 in
2154 1948 2368 2003 foveam
2403 1950 2705 2017 mortisque
2735 1951 3051 2017 voraginem
3100 1948 3430 2003 inciderent.
3488 1950 3635 2003 Pue-

2064 2039 2351 2106 eipitantes
2384 2039 2554 2107 enim
2609 2054 2705 2091 eos
2742 2039 3019 2108 gravibus
3068 2054 3308 2108 superne
3359 2040 3633 2093 devolutis

2063 2132 2207 2186 saxis
2238 2130 2495 2199 protinus
2547 2131 2600 2185 in
2653 2130 2849 2184 mortis
2882 2131 3018 2185 retia
3061 2131 3397 2185 inevitabilia
3431 2132 3633 2200 injece-

2064 2228 2213 2277 runt.
2246 2219 2439 2274 Multis
2467 2219 2667 2273 deinde
2706 2218 3073 2287 prmterlapsis
3104 2219 3301 2273 diebus
3331 2219 3633 2274 Athenien-

2062 2310 2202 2367 sium
2244 2317 2301 2365 et
2371 2308 2758 2363 Thebanorum
2810 2317 3084 2363 venerunt
3146 2309 3369 2373 auxilia,
3432 2309 3630 2364 delecti

2060 2401 2274 2470 equites
2315 2401 2567 2464 trecenti,
2617 2401 2829 2469 pedites
2877 2401 3173 2454 voluntarii
3224 2401 3410 2470 plures
3465 2417 3629 2471 quam

2061 2493 2165 2562 ipsi
2197 2492 2488 2548 habebant.
2524 2492 2682 2546 Fama
2709 2508 2839 2546 vero
2864 2507 2960 2559 per
2986 2500 3150 2545 totam
3176 2492 3409 2546 insulam
3440 2507 3628 2562 sparsa

2061 2583 2303 2652 undique
2333 2583 2491 2637 multi
2524 2583 2703 2637 obviis
2732 2584 2969 2652 quisque
3002 2583 3172 2637 armis
3198 2583 3451 2639 instructi
3500 2598 3634 2637 ροη-

2058 2682 2373 2727 currerunt.
2402 2672 2539 2728 Tum
2573 2670 2910 2727 Venetorum
2945 2670 3056 2726 dux
3085 2680 3249 2742 atque
3276 2673 3465 2728 classis
3491 2690 3630 2743 prte-

2057 2761 2235 2817 fectus
2264 2772 2423 2817 nocte
2453 2763 2667 2817 insidiis
2700 2771 2828 2816 ante
2860 2762 3052 2817 urbem
3080 2765 3135 2817 in
3167 2764 3416 2818 faucibus
3453 2766 3627 2819 collo-

2057 2853 2215 2919 catis,
2247 2854 2458 2911 oriente
2491 2855 2604 2907 sole
2635 2853 2925 2908 manifesto
2948 2855 3135 2923 copias
3182 2853 3391 2917 eduxit,
3425 2855 3635 2910 milites

2056 2942 2236 3012 gravis
2295 2952 2351 2997 et
2403 2942 2540 2997 levis
2595 2951 2927 3008 armaturae,
2988 2943 3321 3012 sagittarios,
3382 2945 3627 2999 hastatos

2058 3035 2383 3104 equitesque
2418 3050 2556 3103 quos
2606 3034 2827 3104 quidem
2879 3035 2936 3089 in
2970 3035 3172 3090 civium
3227 3051 3457 3090 numero
3494 3047 3629 3091 tunc

391 3136 610 3198 πλείους
664 3135 696 3205 ἢ
744 3134 866 3188 κατ’
896 3132 1131 3197 αὐτούς·
1186 3135 1279 3187 καὶ
1329 3133 1447 3203 ἃμα
1479 3135 1578 3203 τῆς
1637 3135 1826 3205 φήμης
1876 3136 1955 3199 είς

2061 3127 2307 3181 invenire
2341 3127 2517 3195 potuit
2548 3126 2617 3179 itu
2669 3134 2730 3181 ut
2785 3134 2897 3179 tota
2940 3140 3136 3181 manus
3167 3126 3233 3179 ad
3278 3126 3627 3181 militandum

388 3226 519 3294 ὃλην
545 3224 801 3294 χυθείσης
846 3222 945 3294 τὴν
999 3224 1183 3293 νῆσον,
1242 3223 1567 3292 συνέτρεχον
1622 3224 1955 3294 πανταχόθεν

388 3315 609 3379 πολλοὶ,
663 3314 726 3366 τὸ
777 3313 1083 3383 προστυχὸν
1137 3314 1369 3375 ἕκαστος
1403 3314 1506 3365 ἀνά
1532 3316 1717 3385 χεῖρας
1744 3315 1955 3385 ἔχοντες

390 3407 579 3461 ὅπλον.
628 3405 695 3458 '0
748 3420 811 3471 γε
871 3404 977 3474 μὴν
1026 3403 1135 3455 τῶν
1176 3402 1480 3455 Βενετικῶν
1526 3404 1830 3475 στρατηγὸς
1861 3405 1955 3459 καὶ

389 3496 660 3565 ναύαρχος
690 3496 883 3555 νυκτὸς
938 3493 1038 3562 μὲν
1077 3492 1298 3562 ἐνέδρας
1330 3494 1388 3545 ἐν
1413 3496 1533 3556 ταῖς
1565 3494 1670 3563 πρὸ
1711 3495 1811 3564 τῆς
1852 3496 1953 3548 πό..

384 3587 525 3649 λεως
556 3586 851 3655 χαεάδραις
894 3583 1252 3653 ὑπέσπειρεν,
1301 3582 1417 3652 ἅμα
1450 3582 1495 3635 δ’
1535 3583 1610 3653 ἐῳ
1655 3584 1818 3654 ἐξῆγε
1853 3587 1953 3654 τὴν

384 3674 616 3743 δύναμιν
640 3672 914 3741 ἐμφανῶς,
934 3670 1175 3735 ὁπλίτας,
1201 3668 1763 3737 πελταστὰς,τοξότας
1780 3689 1837 3725 τε
1858 3673 1952 3724 καὶ

383 3767 772 3834 λογχο-ξόρους,
805 3763 901 3816 καὶ
945 3764 1102 3825 ὅσους
1139 3760 1444 3828 τηνικαῦτα
1477 3761 1585 3814 τῶν
1635 3764 1753 3815 ἐκεῖ
1790 3764 1950 3816 πολι-

384 3855 497 3908 τῶν
550 3856 730 3922 εὑρεῖν
779 3854 980 3913 ἱππέας
1041 3852 1367 3920 εὐπόρησεν,
1424 3852 1497 3913 ὡς
1552 3850 1794 3918 γίνεσθαι
1853 3852 1951 3920 μέν

383 3946 536 4015 αὑτῷ
571 3947 670 4013 τὴν
721 3944 1121 4014 στρατεύσιμον
1158 3942 1379 3996 ἅπασαν
1416 3942 1637 4012 ἠλικίαν
1671 3943 1770 4012 οὑχ
1797 3942 1950 4012 ἥσσω

387 4038 848 4107 πεντακισχιλίων
877 4036 1088 4105 ἀνδρῶν
1136 4034 1463 4088 ἐπιλέκτων.
1498 4035 1950 4104 Προσγενομένης

382 4129 430 4180 δ’
457 4128 581 4196 άρτι
621 4128 719 4179 καὶ
764 4126 862 4195 τῆς
893 4124 1192 4195 Ἀθηναίων
1234 4124 1329 4176 καὶ
1381 4123 1633 4193 Θηϐαίων
1668 4139 1950 4193 συμμαχι-

385 4219 490 4284 κῆς
528 4216 811 4284 δυνάμεως
861 4213 1172 4284 ἐθάρρησεν
1209 4215 1289 4275 είς
1337 4213 1527 4280 χεῖράς
1554 4228 1613 4265 τε
1644 4213 1740 4265 καὶ
1785 4214 1948 4284 ὁμόσε

386 4311 499 4368 τοῖς
544 4306 825 4374 πολεμίοις
863 4306 1000 4357 ἱέναι
1036 4305 1134 4373 οὐχ
1163 4300 1331 4376 ἧσσον
1370 4303 1403 4373 ἢ
1448 4302 1752 4367 διπλασίοις
1797 4301 1947 4355 οὖσιν

383 4396 572 4462 αὑτοῦ,
610 4396 812 4465 βέλτιον
844 4394 1085 4464 οἰόμενος
1123 4396 1173 4446 εί
1203 4393 1425 4445 δυνατὸν
1454 4393 1763 4462 αὐθημερὸν
1798 4391 1945 4461 αὑτῷ

2064 3217 2260 3272 idonea
2295 3232 2403 3270 non
2440 3218 2624 3272 minus
2650 3218 2894 3286 quinque
2923 3217 3090 3271 millia
3122 3218 3361 3272 virorum
3389 3217 3629 3272 delecto-

2064 3323 2184 3361 rum
2209 3307 2469 3362 eliiceret.
2521 3308 2753 3361 Auxiliis
2778 3324 2911 3362 vero
2939 3307 3359 3362 Atheniensium
3393 3319 3450 3363 et
3480 3309 3627 3363 'l'he-

2064 3400 2329 3453 banorum
2405 3399 2567 3452 modo
2625 3398 2925 3469 adjunctis,
2960 3398 3225 3453 audebat
3268 3399 3377 3468 jam
3430 3414 3627 3453 manus

2062 3504 2352 3545 conserere
2384 3498 2440 3545 et
2479 3489 2791 3559 conﬂigere,
2848 3506 3159 3561 quanquam
3206 3506 3471 3555 numerus
3526 3493 3628 3546 ho~

2061 3581 2228 3637 Stium
2259 3582 2433 3637 altero
2485 3591 2636 3637 tanto
2682 3584 2856 3653 major
2907 3592 3045 3638 erat.
3105 3583 3287 3638 Satius
3318 3583 3425 3654 5o
3476 3584 3625 3638 enim

2061 3687 2179 3727 esse
2214 3672 2389 3737 duxit,
2420 3688 2487 3727 eo
2516 3673 2625 3739 die,
2662 3676 2706 3728 si
2757 3674 2872 3729 fieri
2910 3683 3116 3744 posset,
3169 3676 3223 3728 in
3256 3680 3499 3730 omnium
3534 3690 3622 3730 re-

2061 3778 2181 3817 rum
2223 3763 2516 3818 discrimen
2546 3765 2809 3835 pugnari,
2852 3780 3015 3833 quam
3068 3766 3121 3819 in
3156 3766 3377 3835 longum
3409 3773 3629 3833 tempus

2058 3863 2338 3909 certamen
2385 3854 2651 3923 protrahi,
2684 3854 2935 3909 hostibus
2971 3856 3059 3909 die
3106 3865 3372 3924 nocteque
3414 3866 3627 3909 vastan-

2061 3946 2206 4000 tibus
2234 3960 2411 4014 agros.
2460 3947 2636 4011 Quare
2665 3946 2934 4001 instructo
2958 3950 3201 4002 exercitu
3228 3946 3626 4017 ordinibusque

2058 4037 2370 4093 distributis
2400 4078 2414 4104 ,
2458 4038 2890 4094 Atheniensibus
2945 4050 3000 4094 et
3059 4039 3334 4094 Thebanis
3382 4040 3435 4095 in
3488 4041 3625 4095 laevo

2056 4143 2227 4182 cornu
2277 4129 2580 4197 collocatis,
2610 4128 2724 4198 ipse
2759 4129 2953 4183 dextro
2996 4146 3167 4185 cornu
3223 4130 3502 4200 imperans
3553 4134 3620 4187 ad

2056 4218 2244 4275 hostes
2264 4218 2643 4291 duxiteosque
2684 4220 2751 4275 ad
2786 4231 3061 4277 certamen
3114 4223 3281 4291 praelii
3329 4238 3623 4278 conseren-

2055 4308 2186 4363 dum
2219 4319 2501 4379 provocat.
2538 4312 2603 4366 Hi
2634 4312 2815 4366 statim
2840 4314 3004 4367 armis
3032 4314 3261 4383 sumptis
3283 4315 3623 4385 navibusque

2057 4400 2171 4455 fere
2213 4402 2402 4457 vacuis
2436 4402 2646 4457 relictis
2696 4403 2857 4458 initio
2914 4405 3136 4473 quidem
3185 4403 3404 4458 fortiter
3451 4406 3622 4461 insta-

382 4489 479 4540 τοῦ
512 4487 711 4549 παντὸς
741 4486 981 4557 πολέμου
1020 4488 1080 4537 τὸ
1105 4486 1261 4547 τέλος
1289 4482 1679 4555 κριθήσεσθαι,
1708 4485 1741 4553 ἦ
1779 4482 1945 4536 πολύν

2060 4491 2217 4557 bant;
2261 4492 2458 4547 deinde
2491 4507 2622 4547 vero
2651 4494 2899 4561 equitum
2934 4499 3127 4551 turmis
3154 4498 3410 4551 alat-riter
3437 4498 3491 4551 in
3527 4514 3623 4553 eos

382 4597 506 4632 τινα
534 4576 815 4648 τρίϐεσθαι
870 4576 1062 4646 χρόνον
1092 4578 1157 4645 τῇ
1193 4578 1362 4648 μάχῃ,
1393 4576 1501 4628 τῶν
1543 4576 1823 4643 πολεμίων
1863 4576 1951 4645 δῃ-

385 4668 587 4720 ούντων
620 4669 814 4729 νυκτὸς
839 4684 933 4719 και
966 4667 1179 4735 ἡμέρας
1225 4669 1320 4733 τὴν
1356 4664 1558 4735 χώραν.
1599 4665 1763 4718 Ὅθεν
1791 4666 1952 4718 ἐκτά-

385 4759 480 4821 ξας
512 4758 601 4809 τὸν
626 4757 855 4825 στρατὸν
881 4756 976 4807 καὶ
1009 4756 1236 4824 μερίσας
1266 4757 1343 4817 εἰς
1375 4756 1684 4823 φάλαγγας,
1718 4754 1811 4806 καὶ
1836 4757 1947 4816 τοῖς

387 4850 487 4918 μὲν
521 4847 823 4915 Ἀθηναίοις
874 4846 970 4900 καὶ
1011 4845 1268 4915 Θηϐαίοις
1301 4845 1362 4897 τὸ
1393 4845 1544 4897 λαιὸν
1586 4846 1755 4914 κέρας
1800 4845 1947 4910 δοὺς,

384 4941 547 4999 αὐτὸς
576 4938 620 4989 δ’
648 4937 788 5006 ἔχων
825 4938 887 4989 τὸ
928 4936 1124 5001 δεξιὸν,
1158 4933 1295 5005 ἦγεν
1326 4938 1419 4988 ἐπὶ⁵
1450 4936 1511 4989 τὸ
1536 4936 1643 4988 τῶν
1676 4936 1947 5006 πολεμίων

386 5029 749 5101 στρατόπεδον
776 5068 791 5092 ,
875 5030 1010 5098 πρὸς
1097 5029 1419 5098 συμπλοκὴν
1502 5029 1946 5099 προκαλούμενος

389 5126 549 5191 σφᾶς.
584 5122 1065 5190 Ἀναπηδήσαντες
1120 5120 1214 5172 οῦν
1258 5121 1419 5183 εὐθὺς
1449 5121 1542 5173 ἐπὶ
1569 5120 1638 5173 τά
1675 5121 1815 5174 ὅπλα
1845 5125 1946 5177 κά-

382 5217 573 5277 κείνοι,
622 5214 716 5265 καὶ
767 5212 964 5287 μικροῦ
1005 5213 1166 5274 κενάς
1222 5211 1581 5276 ἀπολιπόντες
1626 5213 1726 5275 τὰς
1774 5212 1942 5280 ναῦς,

384 5304 669 5375 εὐρώστως
702 5305 801 5375 μέν
831 5308 1087 5374 ἀπήντων
1117 5307 1172 5356 ἐν
1196 5304 1316 5365 ταῖς
1350 5305 1566 5373 ἀρχαῖς·
1594 5303 1762 5356 ἔπειτ’
1790 5305 1946 5374 ἐπιρ-

384 5399 611 5471 ῥυείσης
646 5400 743 5468 τῆς
777 5399 948 5450 ἵππου
987 5388 1270 5463 γενναίως,
1305 5398 1399 5448 καὶ
1433 5400 1551 5465 ἅμα
1580 5397 1679 5465 τῆς
1710 5396 1944 5465 πεζικῆς

316 5520 319 5521 ν
384 5493 666 5561 φάλαγγος
696 5490 1037 5559 πανταχόθεν
1073 5488 1427 5559 ἐπιχυθείσης
1455 5489 1550 5559 βοῇ
1581 5489 1675 5542 καὶ
1702 5491 1939 5557 ἀλαλαγο

383 5588 495 5657 μῷ,
524 5585 600 5653 μὴ
622 5584 907 5650 δυνάμενοι
940 5581 1128 5649 φέρειν
1160 5582 1257 5632 ἐπὶ
1303 5581 1438 5632 πόδα
1484 5580 1812 5650 ἀνεχώρουν,
1848 5597 1943 5632 κα-

375 5676 785 5744 ταπατούμενοι
814 5691 873 5727 τε
903 5674 998 5727 καὶ
1027 5671 1481 5742 τιτρωσκόμενοι.
1524 5672 1738 5743 Νυκκτὸς
1768 5671 1814 5724 δ’
1849 5672 1941 5725 ἐπὶ

374 5773 590 5830 τούτοις
626 5770 920 5839 γενομένης
956 5769 1050 5821 καὶ
1098 5767 1196 5837 τῆς
1237 5766 1415 5837 μάχης
1451 5763 1817 5834 διαλυθείσης,
1846 5765 1941 5818 ἐπὶ

2059 4583 2402 4638 irruentibus
2433 4583 2789 4655 peditumque
2823 4586 3132 4653 legionibus
3174 4586 3243 4640 ab
3274 4587 3421 4641 omni
3469 4599 3624 4656 parte

2057 4675 2295 4729 clamore
2334 4676 2551 4730 sublato
2593 4677 2998 4744 invadentibus,
3054 4679 3317 4748 impetum
3347 4682 3623 4734 sustinere

2057 4782 2164 4820 non
2217 4776 2510 4835 poterant,
2562 4768 2663 4822 sed
2714 4769 2905 4836 pedem
2956 4770 3265 4824 referebant
3322 4772 3620 4840 proculcati

2055 4868 2219 4926 atque
2248 4857 2541 4915 vulnerati.
2595 4858 2780 4915 Not-tis
2820 4860 3132 4915 interventu
3174 4863 3365 4931 praelia
3412 4862 3617 4917 direm-

2056 4960 2150 5020 pto
2188 4966 2353 5005 naves
2383 4952 2847 5018 conscenderunt,
2902 4970 3243 5023 nequaquam
3302 4963 3409 5008 tam
3462 4956 3620 5009 multi

2052 5058 2215 5111 quam
2244 5053 2505 5098 venerant
2540 5060 2715 5115 neque
2748 5046 2939 5100 eodem
2971 5046 3163 5100 habittt
3198 5046 3293 5101 sed
3326 5047 3620 5102 admodum

2052 5148 2185 5189 sane
2211 5137 2509 5190 contrario.
2568 5136 2702 5191 Nam
2750 5139 2804 5190 in
2854 5147 3000 5192 terra
3046 5138 3229 5197 hostili
3278 5154 3385 5194 non
3441 5140 3625 5197 minus

2051 5225 2335 5296 quingenti
2377 5226 2627 5282 homines
2657 5229 2995 5292 occiderant,
3036 5245 3214 5298 neque
3261 5231 3443 5285 tninor
3475 5231 3621 5287 nti-li-

2054 5325 2168 5371 tum
2207 5333 2473 5374 numerus
2505 5320 2828 5374 vulneribus
2850 5330 2971 5375 erat
3000 5321 3252 5378 aliectus.
3288 5321 3470 5387 Quare
3503 5323 3619 5391 ipsa

2052 5418 2212 5462 nocte
2242 5409 2359 5463 sine
2393 5410 2585 5464 ordine
2626 5411 2900 5480 prolicisci
2932 5412 3109 5466 coacti
3154 5422 3309 5476 sunt,
3357 5412 3619 5482 quasdam

2052 5511 2218 5553 naves
2252 5500 2549 5569 remigibus
2583 5499 2817 5554 nudalas
2842 5516 3028 5556 secqu
3062 5504 3362 5559 trahentes.
3403 5503 3622 5558 Veneta:

2050 5598 2230 5643 autem
2251 5572 2438 5642 classis
2461 5587 2747 5658 praefecws
2770 5598 2931 5659 atque
2957 5592 3067 5645 dux
3094 5591 3379 5647 celerrime
3405 5590 3623 5646 duabus

2050 5680 2302 5746 navibus,
2335 5696 2454 5749 quae
2481 5696 2590 5750 pra:
2614 5681 2826 5736 caeteris
2851 5683 3061 5738 celeres
3076 5696 3133 5738 et
3149 5682 3412 5750 expedita:
3436 5693 3619 5747 erant,

2049 5785 2115 5823 ex
2146 5771 2281 5823 mari
2311 5775 2577 5825 extractis
2609 5771 2886 5842 rebusque
2938 5773 3135 5837 obviis,
3191 5782 3454 5843 quantum
3500 5774 3620 5829 tit-ri
