4070 6326
355 382 426 445 39
1384 381 1396 390 '
1590 367 2013 429 NICEPHORI
2052 364 2437 426 GREGURA‘.I
3508 358 3593 445 ‘40

358 488 563 560 potuit,
609 484 859 545 armatis,
895 482 1124 536 alteram
1157 477 1311 533 misit
1345 476 1624 541 \‘enetias,
1677 490 1798 543 quae
1824 474 1925 543 51
1958 500 1971 535 Α

3508 436 3521 455 κ

2077 474 2128 534 lt;
2162 475 2365 531 οἴκειας
2388 469 2665 523 ἐνέϐαινον
2694 466 2847 531 ναῦ.-,
2871 466 2968 535 οὑχ
2998 467 3108 518 ὅσοι
3131 460 3285 535 ἧκον,
3318 462 3435 516 οὑδέ
3474 466 3593 533 μεθ’

359 580 551 633 Patres
583 573 796 629 nobiles
832 570 899 625 de
939 569 1105 624 rebus
1147 567 1316 638 gestis
1359 566 1655 622 certiorem
1685 564 1926 625 laceret;

358 671 584 722 alteram
625 665 967 734 Byzantium,
1018 676 1140 729 qua:
1193 660 1336 711 idem
1396 654 1929 710 nnntiarctVenctis

360 759 435 812 ibi
468 756 838 817 versantibus,
888 752 1159 821 simulque
1190 747 1569 819 specularetur
1599 762 1707 816 quo
1740 745 1925 798 hostes

362 848 862 917 proﬁciscerentur.

2037 566 2225 632 ὁμοίου
2268 561 2360 615 τοῦ
2402 561 2704 631 σχήματος,
2737 559 2874 613 ἀλλά
2925 558 3070 628 μάλα
3106 557 3172 624 γέ
3222 574 3275 608 τι
3318 556 3595 621 ἀντιστρέ-

2038 670 2174 721 qui:
2206 651 2347 706 εἶναι
2385 654 2484 723 μὲν
2516 653 2622 720 γάρ
2667 652 2793 713 τοὺς
2834 651 2892 702 ἐν
2926 650 2994 719 τῇ
3035 647 3270 717 πολεμίᾳ
3304 648 3485 716 ἐκείνη
3525 647 3595 714 γῇ

2038 742 2397 798 πεπτωκότας
2441 739 2538 806 οὑχ
2596 732 2760 807 ἦττον
2798 734 3201 801 πεντακοσίων,
3252 732 3598 801 τραυματίας

2036 835 2081 885 δ’
2117 830 2183 885 αὗ
2223 832 2320 900 οὑχ
2374 824 2536 900 ἦττον
2584 830 2617 898 ἢ
2662 827 2949 889 τοσούτους
2989 824 3338 894 γεγενῆσθαι.
3370 825 3454 885 Ὠς
3508 822 3601 875 καὶ

363 937 809 1003 ἀναγκασθέντας
882 931 962 984 ἔτι
1014 930 1207 991 νυκτὸς
1273 927 1439 993 οὑσης
1522 924 1862 995 πλημμελῶς
1947 923 2246 975 ἐκπλεῦσαι
2282 961 2297 983 ,

2360 920 2687 989 λειπομένας
2738 918 2940 988 ἐρετῶν
3029 917 3171 977 ἐνίας
3241 913 3603 983 παρέλκοντες

362 1033 518 1094 ναῦς.
554 1031 800 1099 Τάχιστα
826 1029 868 1079 δ’
906 1029 932 1079 ό
962 1024 1236 1096 ναύαρχος
1263 1024 1470 1084 ἐκεῖνος
1498 1022 1591 1074 καὶ
1624 1018 1928 1089 στρατηγὸς
1970 1019 2063 1070 τοῦ
2131 1016 2416 1071 Βενετικοῦ
2484 1014 2676 1068 στόλου
2703 1014 2797 1067 δύο
2831 1014 2938 1067 τῶν
2966 1011 3180 1065 οίκείων
3208 1009 3436 1071 ἑλκύσας
3468 1008 3604 1061 νεῶν

366 1129 431 1177 ἐκ
483 1126 590 1177 τῶν
638 1122 942 1176 θαλαττίων
975 1121 1207 1182 ὑδάτων,
1252 1119 1349 1180 τὰς
1396 1117 1596 1186 μᾶλλον
1653 1114 1762 1168 τῶν
1827 1115 2004 1167 ἄλλων
2042 1111 2504 1182 ταχυναυτούσας,
2555 1109 2649 1162 καὶ
2677 1107 2750 1171 ὡς
2777 1108 2903 1176 ἐνῆν
2955 1109 3018 1158 ἐκ
3068 1104 3163 1156 τοῦ
3194 1105 3377 1174 σχεδον
3444 1102 3604 1155 καθο⁸

375 1217 599 1278 πλίσας,
631 1215 728 1283 τὴν
786 1214 886 1283 μὲν
917 1214 971 1274 ἐς
1003 1213 1101 1281 τὴν
1166 1211 1274 1264 τῶν
1317 1210 1617 1262 Βενετικῶν
1683 1208 2142 1276 ἀριστοκρατικὴν
2178 1203 2500 1260 ἀπέστειλεν
2556 1202 2826 1268 ἐξουσίαν,
2869 1200 3189 1267 φράσουσαν
3238 1199 3307 1250 τά
3356 1210 3606 1262 πεπραγ-

374 1310 529 1379 μένα,
561 1308 660 1375 τὴν
688 1305 732 1357 δ’
774 1308 830 1367 ἐς
879 1304 1198 1367 Βυζάντιον,
1229 1301 1582 1369 δηλώσουσάν
1612 1316 1672 1353 τε
1738 1298 1807 1351 τά
1873 1298 2011 1350 αὑτά
2044 1300 2155 1360 τοῖς
2193 1295 2426 1350 ἐνταῦθα
2478 1294 2804 1357 Βενετικοίς,
2846 1291 2937 1345 καὶ
2969 1287 3086 1358 ἅμα
3125 1287 3606 1356 κατασκεψομένην

365 1401 488 1458 τοὺς
527 1396 820 1462 πολεμίους
853 1394 957 1463 ὅπη
990 1392 1327 1461 πορεύοιντο.

439 1490 627 1544 XVIII.
661 1488 773 1542 Ilac
805 1487 927 1539 navi
964 1501 1064 1557 ego
1097 1487 1210 1554 ipse
1240 1496 1431 1540 vectus
1456 1487 1677 1556 perveni
1714 1486 1780 1540 ad
1813 1484 1939 1539 IIeI-

370 1583 707 1649 Iespoutum,
741 1577 834 1631 ubi
869 1593 994 1631 eum
1028 1578 1192 1629 remis
1221 1576 1473 1630 inhibitis
1494 1576 1561 1630 ad
1588 1586 1805 1645 portum
1839 1576 1941 1629 Te-

372 1672 657 1725 nediorum
693 1669 747 1721 in
786 1667 1003 1721 ancoris
1025 1665 1523 1727 commorabamur,
1553 1665 1778 1719 nuntius
1807 1664 1942 1718 alla-

372 1772 461 1815 tus
508 1770 616 1823 est,
659 1758 899 1812 hostium
950 1758 1216 1834 classem,
1262 1770 1321 1809 ut
1372 1756 1589 1810 saucios
1624 1765 1845 1810 curaret
1888 1765 1945 1810 et

372 1862 639 1920 quantum
683 1852 801 1904 fieri
842 1858 1025 1919 posset
1059 1850 1182 1902 loco
1237 1862 1462 1906 eorum.
1517 1847 1614 1916 qui
1661 1847 1714 1900 in
1758 1847 1944 1916 prmlio

374 1944 728 2005 ceciderant,
781 1948 1160 2010 supplementa
1205 1939 1353 1994 unde
1398 1939 1710 2009 expeditum
1758 1948 1906 1993 esset
1924 1970 1948 2004 »,

375 2036 660 2096 scriberet,
698 2034 763 2088 ad
785 2036 981 2087 Chium
1015 2034 1247 2086 insulam
1278 2047 1399 2086 esse
1428 2030 1736 2100 appulsam.
1769 2030 1951 2095 Quare

378 2127 553 2190 navis,
592 2127 785 2178 nuntio
818 2124 1264 2192 victorimyquem
1298 2122 1617 2192 Byzantium
1652 2121 1949 2191 perferret,

380 2217 586 2270 homini
625 2214 882 2283 expedito
917 2214 1232 2277 commissa,
1260 2227 1355 2265 ora
1385 2212 1563 2266 soluta
1587 2226 1749 2281 quam
1775 2213 1953 2267 celer-

379 2308 517 2359 rime
567 2306 742 2373 potuit
796 2306 1055 2359 Euboeam
1092 2304 1330 2371 repetiit.
1375 2303 1502 2355 Mihi
1544 2318 1673 2356 vero
1716 2313 1955 2371 quatuor

385 2398 497 2452 illic
525 2397 644 2449 dies
685 2395 1049 2449 commoranti
1080 2396 1463 2462 opportunitas
1503 2392 1735 2447 dabatur
1784 2393 1959 2462 Troia:

384 2490 531 2543 illius
559 2486 1048 2555 obscuraivestigia
1078 2485 1374 2548 invisendi,
1406 2485 1471 2539 de
1506 2500 1611 2553 qua
1642 2485 1848 2541 multus
1876 2494 1958 2539 est

382 2580 721 2635 clarissimus
762 2579 1050 2639 Homerus,
1095 2576 1240 2646 quod
1294 2576 1485 2630 classis
1545 2576 1962 2631 innumerabilis

384 2678 454 2725 οι»
494 2673 755 2725 Helenam
784 2671 837 2723 in
868 2684 988 2723 eam
1012 2668 1257 2739 profecta
1289 2668 1475 2721 multis
1505 2667 1766 2722 heroibus
1793 2669 1961 2722 amis-

385 2766 463 2818 sis
498 2773 619 2832 post
646 2764 831 2817 decem
865 2775 1040 2816 annos
1070 2758 1317 2813 funditus
1369 2774 1488 2812 eam
1522 2759 1772 2828 diripuit.
1804 2760 1964 2813 Vide-

388 2856 512 2909 bam
544 2857 710 2911 etiam
750 2854 1079 2910 Scamandri
1108 2852 1260 2906 ﬂuvii
1290 2852 1451 2911 ostia,
1491 2866 1599 2905 non
1627 2850 1868 2920 quidem,
1906 2860 1965 2903 ut

392 2948 660 3003 llomerus
684 2949 736 3000 in
768 2946 934 3001 Iliade
960 2946 1174 3009 scribit,
1206 2944 1339 3012 ripis
1360 2959 1388 2997 a
1412 2943 1656 2998 Vulcano
1688 2944 1758 2999 ob
1778 2943 1965 2997 Achil-

390 3042 498 3094 lem
531 3038 781 3092 Thetidis
820 3037 991 3092 ﬁlium
1021 3036 1254 3101 adustis,
1297 3046 1569 3105 quatenus
1607 3036 1741 3089 illud
1793 3035 1968 3091 libera

393 3132 668 3185 fabulatus
698 3130 902 3199 lingua,
927 3128 1022 3183 sed
1052 3127 1161 3181 lilia
1192 3128 1452 3196 silvaeque
1474 3141 1539 3180 ac
1561 3126 1744 3180 herba:
1769 3125 1967 3194 insigni

2121 1487 2230 1539 Ill'.
2262 1484 2449 1554 Ταύτῃ
2475 1483 2539 1553 δὴ
2585 1486 2649 1551 τῇ
2683 1483 2773 1550 νηὶ
2804 1482 2895 1533 καὶ
2931 1479 3093 1542 αὑτὲς
3121 1476 3355 1547 ἐμαυτὸν
3385 1474 3612 1545 ἐμϐιϐά-

2047 1594 2144 1639 σας
2166 1571 2301 1643 ἦκον
2324 1577 2452 1643 ἄχρι
2491 1573 2585 1626 τοῦ
2623 1573 3016 1642 Ἑλλησπόντου
3036 1587 3050 1601 ο
3093 1569 3281 1624 αὑτόθι
3311 1568 3419 1637 γὰρ
3450 1568 3611 1636 ὁρμι-

2050 1671 2262 1738 σαμένη
2309 1670 2406 1722 καὶ
2456 1668 2555 1731 τάς
2603 1666 2792 1729 κώπας
2844 1664 3091 1733 σχάσασα
3147 1660 3299 1729 παρὰ
3360 1658 3453 1711 τὸν
3502 1659 3610 1711 τῶν

2049 1763 2313 1817 Τενεδίων
2357 1760 2552 1831 λιμένα
2599 1761 2631 1829 ἡ
2679 1759 2918 1828 φέρουσα
2952 1758 3097 1827 ἡμᾶς
3144 1756 3326 1824 ἐκείνη
3358 1753 3489 1815 ναῦς
3521 1752 3613 1805 τὸν

2050 1854 2160 1907 τῶν
2206 1853 2483 1922 πολεμίων
2519 1851 2746 1921 ⁴Ιικηκόει
2796 1850 2983 1901 στόλον
3014 1850 3071 1910 ἐς
3100 1849 3231 1901 Χίον
3276 1849 3613 1915 κατάραντα,

2052 1946 2372 2015 ἐπιμελείας
2418 1961 2477 1998 τε
2512 1943 2713 2015 [L107
2764 1942 2823 2013 α]
2873 1942 3035 1994 ἓνεκα
3086 1941 3197 1994 τῶν
3229 1938 3614 2009 πεπληγότων,

2054 2038 2149 2092 καὶ
2179 2038 2297 2109 ἆμα
2323 2038 2445 2091 ὅσον
2485 2037 2716 2090 δύναιντ’
2758 2037 2825 2088 ἂν
2853 2036 2979 2098 τοὺς
3020 2034 3130 2087 τῶν
3153 2030 3617 2100 τετελευτηκότων

2054 2135 2113 2185 ἐν
2148 2135 2214 2203 τῇ
2253 2132 2400 2201 μάχη
2435 2131 2634 2195 τόπους
2665 2129 3008 2195 ἐκλέξασθαι,
3039 2128 3233 2181 ὁπόθεν
3274 2127 3403 2198 ῥᾷον
3434 2124 3499 2178 ἂν
3531 2124 3618 2190 εἴη

2059 2224 2231 2293 σφίσι.
2266 2224 2354 2277 Διὸ
2381 2224 2480 2287 τὰς
2511 2226 2608 2293 μὲν
2654 2222 2914 2291 ἀγγελίας
2943 2220 3044 2291 τῆς
3073 2220 3231 2289 νίκης
3260 2216 3484 2286 εὐζώνῳ
3513 2218 3620 2267 τινί

2057 2316 2323 2367 δεδωκυῖα
2370 2315 2522 2384 ἀνδρὶ
2586 2315 2875 2383 πέπομφεν
2925 2313 2983 2375 ἐς
3027 2310 3346 2375 Βυζάντιον,
3390 2307 3527 2376 αὑτὴ
3576 2305 3621 2358 δ’

2060 2407 2405 2471 ἀναζεύξασα
2424 2409 2522 2475 τὴν
2544 2408 2808 2475 ταχίστην
2831 2404 3003 2475 ᾤχετο
3023 2407 3078 2466 ἐς
3111 2402 3339 2456 Εὑόοιαν
3363 2399 3624 2454 ἀπιοῦσα.

2072 2500 2226 2567 Ἐμοὶ
2255 2499 2310 2552 δὲ
2343 2499 2609 2567 τέτταρας
2649 2498 2861 2568 ἡμέρας
2916 2498 3033 2547 ἐκεῖ
3077 2492 3453 2563 περιμείναντι
3499 2492 3626 2545 Θεά-

2064 2587 2261 2641 σασθαι
2311 2589 2665 2653 προσεγίνετο
2708 2585 2907 2654 Τροίας
2959 2583 3174 2651 ἐκείνης
3231 2582 3434 2648 σκιώδη
3489 2581 3629 2649 μνήο

2065 2696 2234 2750 ματα,
2283 2673 2349 2749 ἦς
2398 2677 2562 2741 πολὺς
2614 2676 2842 2747 Ὁμήρῳ
2882 2674 2959 2744 τῷ
3009 2674 3147 2726 πάνυ
3204 2673 3379 2739 λόγος,
3412 2671 3493 2723 ὅτι
3530 2687 3630 2738 μυ-

2066 2769 2306 2839 ρίανδροι
2378 2768 2555 2821 στόλοι
2617 2767 2686 2818 δι’
2750 2766 2970 2834 Ἑλένην
3033 2764 3251 2833 ἐκείνην
3308 2762 3395 2815 ἐπ’
3460 2760 3629 2827 αὑτὴν

2065 2857 2545 2917 καταπλεύσαντες
2572 2854 2800 2917 πολλούς
2850 2869 2910 2906 τε
2961 2852 3249 2906 ἀπώλεσαν
3276 2850 3383 2902 τῶν
3415 2850 3630 2903 οἰκείων

2066 2948 2250 3017 ἥρωας
2300 2948 2398 2999 καὶ
2443 2945 2612 3014 αὑτὴν
2659 2944 2795 3014 μετὰ
2827 2943 2958 2997 δέκα
3002 2942 3096 3011 ἔτη
3145 2942 3341 3002 τελέως
3373 2941 3632 3010 ἐξηνδραο

2068 3041 2376 3094 ποδίσαντο.
2430 3036 2773 3107 Ἐθεασάμην
2829 3035 2875 3088 δ’
2928 3033 3065 3103 ὁμοῦ
3129 3034 3221 3085 καὶ
3276 3032 3634 3101 Σκαμάνδρου

2070 3130 2314 3201 ποταμοῦ
2366 3130 2466 3191 τὰς
2524 3129 2793 3192 ἐκϐολάς,
2848 3126 2909 3190 ὃς
2965 3127 3113 3195 Ἴδης
3186 3124 3485 3187 ἀποδλὺζει
3541 3122 3637 3177 τοῦ

395 3222 804 3293 pulchritudine
834 3223 978 3274 circa
1004 3211 1148 3274 "eum
1181 3218 1397 3284 ﬂorent,
1427 3217 1629 3287 quibus
1660 3219 1821 3273 rebus
1861 3218 1967 3271 Ho-

2077 3211 2249 3294 5ρους,
2280 3223 2381 3291 οὑχ
2410 3221 2484 3282 ὡς
2524 3221 2772 3290 Ὄμηρος
2808 3221 2867 3272 ἐν
2912 3218 3094 3271 Ἰλιάδι
3130 3220 3400 3287 καόμενον
3437 3217 3640 3286 γράφει

399 3317 535 3370 tueri
572 3316 757 3385 lingua
785 3314 1053 3369 mendacii
1086 3315 1219 3367 satis
1239 3313 1507 3382 arguitur.
1546 3312 1630 3367 Sit
1660 3312 1734 3366 ita
1772 3327 1925 3366 sane.

2071 3312 2169 3375 τὰς
2203 3311 2369 3382 ὑχθας
2400 3311 2505 3365 ὑπὸ
2544 3309 2844 3379 Ἡφαίστου
2874 3308 2942 3361 δι’
2986 3308 3238 3377 Ἀχ.λλέ;ι
3282 3309 3373 3364 τὸν
3400 3308 3639 3370 Θέτιδος,

398 3408 519 3459 καθ’
551 3409 674 3459 ὅσον
702 3409 879 3460 ἐκεῖνο
916 3406 1364 3475 αὐτονομουμένῃ
1432 3406 1731 3474 μυθεύεται
1798 3404 2039 3476 γλώττῃ,
2079 3404 2218 3458 ἀλλὰ
2280 3403 2443 3472 κρίνα
2503 3404 2598 3456 καὶ
2666 3402 2871 3472 λόχμας
2931 3405 3021 3456 καὶ
3076 3402 3233 3471 χλόας
3294 3400 3421 3469 περὶ
3482 3397 3642 3452 αὑτὸν

399 3501 577 3565 ὡραῖα
627 3502 800 3553 πάντα
857 3499 953 3551 καὶ
1005 3499 1101 3567 τὴν
1162 3498 1402 3568 Ὀμήρου
1444 3498 1694 3565 γλῶτταν
1733 3499 1975 3568 ἐλέγχειν
2017 3498 2196 3552 ἱκανά.
2262 3494 2408 3552 Εἶεν.

473 3594 578 3664 52
630 3594 769 3648 XIX.
804 3595 915 3664 Ego
938 3609 1065 3647 vero
1092 3609 1283 3647 navem
1306 3597 1617 3648 onerariam
1649 3605 1869 3664 postero
1892 3595 1980 3649 die

419 3686 740 3755 Byzantium
778 3689 1155 3755 navigaturatu
1190 3670 1417 3751 nactus,
1452 3690 1671 3741 domum
1711 3687 1835 3741 veni
1873 3704 1981 3741 non

415 3778 654 3846 amplius
683 3778 871 3831 decem
908 3778 1091 3832 aureis
1116 3780 1356 3832 nummis
1384 3794 1595 3833 mecum
1623 3787 1868 3847 portans,
1900 3794 1983 3833 re-

411 3872 581 3939 liquis
615 3872 870 3925 mnnibus
910 3872 963 3924 in
1012 3870 1301 3925 itincribus
1333 3872 1450 3927 istis
1483 3872 1841 3940 consumptis.
1876 3871 1981 3926 Ar-

411 3962 647 4016 hitratus
694 3977 844 4023 vero,
898 3961 1127 4032 singulis
1173 3964 1339 4015 rebus
1370 3963 1699 4017 necessariis
1732 3965 1980 4016 emendis

412 4056 581 4125 magis
639 4056 835 4108 idonea
885 4070 1005 4108 esse
1065 4054 1394 4107 randuscula
1447 4064 1501 4107 et
1551 4053 1782 4107 minoris
1843 4064 1985 4107 notze

410 4158 690 4208 nummos,
741 4158 941 4197 aureos
977 4143 1100 4197 illos
1144 4142 1294 4196 hisce
1343 4142 1523 4196 statim
1560 4142 1980 4195 commutabam.

414 4238 509 4290 Die
545 4246 725 4290 autem
759 4234 1068 4304 insequenti
1107 4249 1231 4288 cum
1270 4234 1544 4289 venalium
1583 4248 1767 4287 rerum
1796 4234 1988 4287 vendi-

412 4338 556 4381 tores
587 4326 844 4389 adissem,
866 4327 1122 4381 abolitam
1148 4340 1269 4381 esse
1301 4324 1645 4399 reperiebam
1674 4324 1986 4393 pecuniam,

410 4433 573 4486 quam
628 4418 682 4472 in
718 4419 975 4473 manibus
1022 4417 1289 4471 habebam
1330 4417 1560 4484 eiusque
1610 4414 1848 4483 pretium
1882 4428 1991 4466 uno

411 4510 501 4565 die
532 4511 669 4564 adeo
700 4510 1047 4564 imminutum
1075 4518 1202 4573 ,rut
1247 4508 1434 4561 decem
1484 4506 1562 4560 illi
1615 4507 1822 4560 nummi
1868 4515 1992 4559 octo

2157 3593 2259 3648 16'.
2315 3594 2455 3661 Ἐγὼ
2515 3593 2564 3646 δ’
2622 3596 2678 3657 ἐς
2735 3593 2832 3662 τὴν
2884 3592 3179 3663 ὑστεραίαν
3240 3593 3462 3656 ὁλκάδος
3519 3594 3647 3646 ἀνα-

2084 3687 2324 3755 γομένης
2366 3685 2542 3758 τυχὼν
2595 3689 2651 3750 ἐς
2700 3686 2995 3752 Βυζάντιον
3048 3688 3230 3741 οἴκαδε
3284 3691 3646 3758 ἀφικομένην,

2083 3779 2235 3832 οὑδὲν
2263 3779 2617 3849 νομισμάτων
2646 3779 3045 3849 ἐπιφερόμενος
3068 3778 3200 3834 δέκα
3252 3780 3471 3850 χρυσῶν
3516 3784 3646 3834 ἐπέ-

2082 3887 2240 3923 κεινα
2281 3869 2481 3940 (πάντα
2525 3871 2634 3940 γάρ
2669 3888 2760 3938 μοι
2796 3871 2937 3924 κατὰ
2989 3872 3089 3933 τὰς
3121 3874 3406 3942 περιόδους
3436 3873 3649 3937 ἐκείνας

2083 3961 2399 4029 ἀνάλωται),
2431 3961 2590 4025 δόξαν
2625 3961 2717 4014 οὖν
2746 3963 2870 4029 ἐμοὶ
2901 3965 3019 4025 ταῖς
3044 3963 3169 4015 καθ’
3196 3964 3407 4017 ἕκαστα
3435 3966 3650 4036 χρείαις

2085 4051 2486 4121 ἀναγκαιότερα
2530 4052 2600 4104 τά
2632 4053 2755 4106 καθ’
2800 4053 3007 4107 ἕκαστα
3054 4057 3147 4109 καὶ
3175 4055 3477 4129 λεπτότερα
3510 4058 3653 4127 μέρη

2086 4143 2193 4195 τῶν
2259 4146 2611 4214 νομισμάτων
2678 4146 2966 4216 ὑπάρχειν,
3023 4148 3133 4199 τῶν
3186 4149 3443 4201 τοιούτων
3496 4151 3655 4213 εὐθὺς

2089 4234 2411 4305 ἠλλαξάμην
2445 4238 2648 4291 ἐκεῖνα.
2687 4238 2796 4291 Καὶ
2825 4239 3243 4311 προσεληλυθὼς
3277 4242 3334 4304 ἐς
3371 4243 3471 4311 τὴν
3503 4244 3656 4295 ὑστεο

2095 4327 2254 4395 ραίαν
2280 4329 2391 4391 τοῖς
2411 4327 2481 4380 τὰ
2504 4328 2639 4381 ὥνια
2671 4330 3097 4398 πιπράσκουσιν,
3115 4330 3273 4401 εὖρον
3305 4333 3660 4393 ἐκπεπτωκδς

2097 4416 2159 4469 τὸ
2188 4419 2245 4469 ἐν
2287 4420 2476 4487 χερσὶν
2504 4421 2681 4472 ἐκεῖνό
2722 4438 2811 4490 μοι
2844 4422 3129 4491 χάραγμα,
3159 4423 3255 4475 καὶ
3290 4424 3347 4485 ἐς
3387 4424 3661 4491 τοσαύτην

2102 4510 2430 4578 κατενεχθὲν
2459 4512 2641 4581 ἡμέρᾳ
2674 4513 2774 4582 μιᾷ
2800 4512 2897 4581 τὴν
2924 4512 3115 4581 ὕφεσιν
3140 4513 3214 4576 ὼς
3246 4514 3344 4583 τὴν
3390 4514 3500 4566 τῶν
3527 4515 3663 4567 δέκα

416 4613 625 4656 tantum
657 4610 1027 4669 exasquarent.
1059 4600 1239 4666 Quare
1264 4611 1419 4654 vetus
1448 4600 1671 4669 quidam
1699 4599 1906 4654 amicus
1936 4599 1971 4653 it

2103 4618 2194 4671 μοι
2236 4603 2594 4672 νομισμάτων
2635 4603 2857 4656 ἐκείνων
2904 4605 3179 4672 ποσότητα
3226 4606 3531 4675 καταϐῆναι
3565 4608 3663 4675 μέ-

414 4710 576 4748 aures
612 4694 747 4747 mihi
795 4693 1205 4757 insusurravit,
1242 4701 1303 4744 ut
1356 4692 1611 4761 protinus
1658 4692 1851 4745 eodem
1910 4690 1999 4744 die

416 4800 608 4838 omnes
643 4784 960 4839 nummulos
987 4782 1051 4837 ad
1084 4798 1169 4837 res
1194 4785 1533 4838 necessarias
1562 4784 1822 4838 emendas
1846 4783 2003 4836 adhi-

418 4878 604 4930 berem
634 4916 647 4940 ,
684 4892 750 4929 ne
799 4875 967 4929 rebus
996 4875 1242 4945 quotidie
1276 4876 1470 4944 Euripi
1519 4875 1795 4929 instabilis
1826 4876 2003 4929 instar

421 4969 816 5022 ﬂuctuantibus
873 4967 1007 5021 mihi
1060 4969 1372 5030 accideret,
1436 4974 1494 5019 ut
1544 4967 1694 5019 brevi
1751 4976 2001 5033 tempore

424 5060 567 5126 quod
603 5069 731 5112 tunc
759 5058 1042 5123 haberem,
1069 5060 1135 5111 ad
1172 5059 1401 5111 nihilum
1437 5058 1799 5126 redigeretur.
1820 5060 1999 5125 Atque

358 5168 366 5179 ι
428 5164 561 5202 sane
598 5147 826 5202 miratus
871 5163 990 5202 sum
1015 5187 1027 5208 ,
1063 5162 1148 5201 me
1200 5148 1329 5201 Dius
1360 5146 1575 5200 Fidius!
1612 5148 1886 5214 quomodo
1917 5146 1999 5201 sol

425 5254 520 5294 sua
552 5238 674 5291 luce
716 5239 923 5291 hancce
959 5246 1160 5290 terram
1197 5238 1528 5292 collustrare
1561 5239 1847 5291 sustineat.
1885 5239 2001 5292 Pa-

427 5331 631 5386 tientia:
659 5344 774 5385 sure
804 5330 1046 5384 rationes
1084 5330 1310 5384 vocibus
1338 5330 1520 5384 tacitis
1565 5330 1682 5398 ipse
1723 5330 1995 5384 sermonis

426 5440 623 5493 expers
649 5438 750 5477 nos
777 5437 807 5476 a
838 5423 1116 5475 communi
1147 5437 1331 5475 rerum
1362 5422 1555 5490 opiﬁce
1578 5436 1831 5476 sermone
1854 5437 1997 5491 prze-

427 5516 572 5570 ditos
604 5515 802 5570 docere
850 5515 1088 5575 videtur,
1117 5515 1211 5583 qui
1238 5556 1252 5579 ,
1286 5530 1596 5585 quanquam
1625 5531 1843 5586 semper
1871 5516 1999 5571 inde

430 5609 716 5677 praeceptis
742 5609 905 5679 justis
930 5608 1165 5673 instituti
1195 5619 1361 5678 atque
1394 5610 1708 5679 gubernati,
1749 5609 1884 5662 nihil
1919 5617 2003 5661 ta-

436 5714 559 5750 IIICII
602 5715 837 5768 unquam
865 5716 1058 5753 COI'UIII
1091 5716 1212 5768 qua:
1245 5717 1383 5769 opus
1414 5710 1563 5764 Sﬂlll,
1588 5715 2003 5771 cognoscamus.

2098 4711 2219 4762 χρις
2244 4693 2406 4747 ὀκτώ.
2442 4695 2548 4747 Καί
2578 4713 2667 4764 μοι
2705 4698 2837 4764 πρὸς
2884 4696 2976 4759 οὓς
3005 4697 3397 4767 παρεληλυθώς
3444 4716 3527 4761 τις
3556 4699 3666 4753 τῶν

2100 4783 2267 4835 πάλαι
2292 4784 2559 4847 συνήθων,
2586 4782 2898 4854 αὐθημερὸν
2926 4786 3178 4837 ἐκέλευεν
3213 4786 3487 4850 ἐξαντλεῖν
3520 4790 3667 4841 ἆπαν

2100 4873 2161 4925 τὸ
2190 4874 2373 4940 κέρμα
2412 4875 2468 4933 ἐς
2511 4874 2578 4926 τὰ
2619 4874 2715 4943 τῆς
2750 4876 2934 4944 χρείας
2978 4877 3402 4946 ἀναγκαιότερα,
3438 4878 3514 4947 μὴ
3546 4878 3667 4930 καθ’

2105 4965 2318 5035 ἡμέρας
2361 4968 2447 5018 ἀεὶ
2498 4966 2605 5019 τῶν
2652 4967 2929 5033 τοιούτων,
2970 4970 3043 5030 ὡς
3088 4970 3243 5037 ὁρᾷς,
3292 4971 3671 5022 ἁστατούντων

2107 5058 2331 5127 εὑρίπου
2358 5058 2533 5127 δίκην,
2557 5060 2798 5128 καταστῇ
2836 5076 2914 5110 σοι
2942 5061 3100 5111 ταυτὶ
3125 5061 3445 5129 κεκτημένῳ
3477 5063 3672 5129 κεκτῆ-

2109 5148 2234 5203 σθαι
2265 5149 2430 5219 μηδὲν
2460 5151 2516 5200 ἐν
2540 5150 2749 5220 βραχεῖ.
2784 5149 2892 5202 Καὶ
2928 5151 3111 5218 μέντοι
3138 5152 3231 5203 καὶ
3260 5149 3570 5219 ἐθαύμασα,
3606 5153 3672 5223 νὴ

2105 5243 2197 5293 τὸν
2248 5243 2441 5310 φίλιον,
2478 5242 2625 5304 ὅπως
2674 5242 2927 5310 ἀνέχεται
2972 5242 3072 5305 τὰς
3119 5244 3326 5306 οίκείας
3378 5245 3603 5306 άκτίνας
3647 5247 3675 5296 ό

2107 5335 2259 5404 ἥλιος
2296 5333 2622 5403 ἐπιλάμπων
2668 5334 2795 5403 τῇδε
2832 5338 2898 5405 τῇ
2950 5337 3042 5404 γῇ.
3084 5335 3235 5388 [Ιοιεί
3281 5334 3347 5399 δ’,
3380 5335 3455 5397 ὡς
3507 5336 3672 5401 ἔοικε,

2118 5426 2499 5497 μακροθυμίας
2546 5426 2781 5496 τρόπους
2816 5430 3021 5513 grumi;
3070 5427 3365 5494 ἀφθόγγοις
3412 5428 3675 5480 διδάσκων

2114 5522 2259 5590 ἡμᾶς
2306 5523 2333 5573 ό
2366 5520 2526 5588 λόγου
2582 5519 2808 5590 μηδαμῆ
2855 5519 3164 5589 μετασχὼν,
3212 5520 3335 5581 τοὺς
3386 5520 3529 5588 λόγῳ
3578 5520 3676 5587 μὲν

2114 5610 2445 5680 τιμηθέντας
2503 5609 2639 5679 πρὸς
2698 5609 2793 5663 τοῦ
2866 5611 3049 5672 κοινοῦ
3105 5608 3472 5679 δημιουργοῦ,
3531 5608 3679 5676 νομί-

2123 5718 2244 5770 μοις
2289 5701 2334 5754 δ’
2384 5703 2473 5755 ἀεὶ
2535 5701 2969 5773 ρυθμιζομένους
3027 5702 3234 5753 ἐκεῖθεν
3266 5699 3676 5769 παραγγελίαις,

439 5793 733 5860 ἐπαΐοντάς
774 5812 835 5864 γε
865 5797 971 5867 μὴν
1001 5797 1212 5861 οὐδενὸς
1236 5798 1447 5868 οὐδαμῆ
1482 5798 1603 5851 ποθ’
1628 5792 1703 5865 ᾧν
1737 5797 1994 5853 ἁπάντων
2034 5797 2221 5867 ἐχρῆν.
