4070 6326
465 305 540 367 4⁸3
1646 298 2060 361 NICEPIIOR]

2165 301 2494 363 REGOR/‘E
3236 292 3245 302 ’
3665 302 3736 366 τι

465 431 634 475 onere
656 457 672 484 ,
705 431 814 487 quo
849 424 1105 487 tanquam
1145 413 1376 486 Olympo
1430 413 1723 483 premeris,
1754 413 1901 484 quod
1945 428 2044 482 pa-

2162 416 2199 468 >ί
2230 415 2338 469 τῶν
2371 415 2616 487 πατρίων
2659 415 2949 485 δογμάτων
2978 417 3249 487 χειμῶνες
3283 417 3374 471 καὶ
3414 419 3464 470 oi
3492 418 3600 471 τῶν
3638 436 3737 470 πο-

468 510 704 567 triorum
742 508 1059 580 dogmatum
1102 516 1457 578 tempestates
1494 505 1803 575 fluctusque
1835 505 2049 561 adversi

469 602 541 659 ab
570 601 841 673 improbis
870 601 1296 670 imperatoribus
1325 599 1547 654 excitati
1594 599 1759 654 menti
1816 608 1923 653 ture
1967 598 2051 653 in-
2090 655 2101 663 _

464 697 789 767 junxerunt.
813 693 1079 748 Solatium
1106 692 1255 746 enim
1280 692 1556 761 quoddam
1585 691 1747 746 nobis
1772 691 2051 747 adducere

471 790 613 845 solet
646 786 975 857 tragicarum
1004 786 1380 841 calamitatum
1414 795 1697 855 utcunque
1742 785 1799 840 in
1834 801 1933 839 nos
1964 786 2016 840 in
2039 817 2054 833 ι

469 879 782 935 vadentium
817 878 1081 944 narratio,
1115 878 1308 935 dolore
1334 889 1593 948 tanquam
1625 878 1775 933 fumo
1817 893 1915 947 per
1942 877 2051 931 liu-

468 989 628 1043 gnam
667 974 936 1029 evolantc.
1018 1019 1051 1035 ,

540 1066 681 1121 XXI.
709 1066 821 1138 Ego
853 1080 985 1120 vero
1014 1064 1322 1121 orationem
1348 1063 1655 1134 excipiens,
1714 1082 1733 1116 ‹
1769 1063 1846 1119 De
1875 1061 2050 1117 trisd-

472 1156 544 1212 tia
565 1197 581 1221 ,
614 1157 863 1226 inquam,
897 1154 1106 1224 optime
1130 1153 1438 1208 amicorum
1480 1149 1874 1221 Agathangele,
1907 1147 2053 1217 apud

472 1261 523 1305 tc
551 1262 660 1303 non
691 1246 878 1302 multis
913 1246 1101 1301 verbis
1129 1244 1265 1299 mihi
1299 1260 1440 1314 opus
1468 1259 1590 1298 esse
1619 1242 1879 1297 arbitror.
1911 1240 2055 1294 Tau-

473 1345 584 1388 tnm
621 1338 767 1389 cn'm
799 1335 1035 1389 tristitiae
1070 1334 1203 1388 mihi
1235 1334 1495 1404 suppetit,
1528 1343 1792 1403 quantum
1826 1331 2051 1386 laetitiae.

471 1425 682 1482 Lmtitia
712 1427 860 1481 enim
893 1426 1127 1494 afficior,
1160 1442 1285 1481 cum
1318 1436 1506 1496 specto
1539 1426 1605 1479 ad
1657 1434 1863 1479 teterna
1908 1439 2052 1492 pra:-

472 1519 601 1582 mia,
640 1534 762 1588 quae
812 1518 1097 1588 religionis
1146 1517 1534 1572 defensoribus
1570 1516 1847 1586 proposita
1882 1523 2052 1580 sunt,

471 1613 617 1684 quod
653 1612 899 1667 tristibus
949 1611 1017 1666 ad
1055 1610 1484 1666 consolationem
1529 1608 1828 1663 maximum
1891 1605 2054 1660 atl‘ert

472 1703 873 1769 adiumentum.
908 1701 1111 1772 Maiore
1137 1709 1320 1755 autem
1352 1700 1540 1754 dolore
1567 1689 1839 1768 corripior
1871 1695 2055 1751 Eccle-

473 1790 567 1845 size
617 1790 813 1845 videns
861 1788 1232 1844 turbationem
1277 1799 1334 1843 et
1369 1788 1762 1858 imperatorum
1805 1785 1899 1856 qui
1930 1801 2051 1840 eam

473 1882 1200 1953 persequuntur,duritiem,
1224 1881 1318 1953 qui
1345 1882 1489 1936 nulla
1515 1880 1701 1935 habita
1728 1880 1922 1934 animae
1943 1893 2056 1933 suae

474 1972 690 2026 ratione
736 1988 805 2025 ne
834 1986 959 2025 sero
984 1971 1205 2040 quidem
1234 1986 1354 2026 eam
1390 1970 1495 2025 sibi
1533 1968 1849 2039 opinionem
1886 1967 2055 2022 infor-

474 2078 626 2119 mare
673 2063 884 2129 volunt,
918 2076 947 2116 a
985 2062 1095 2117 Deo
1128 2075 1347 2132 pmnam
1383 2060 1689 2115 facinorum
1725 2069 1889 2129 atque
1928 2058 2056 2119 ,vita:

472 2156 666 2226 repeti.
699 2149 928 2208 Maxime
974 2162 1158 2209 autem
1202 2167 1289 2208 me
1334 2153 1549 2207 mordet
1587 2162 1750 2221 atque
1796 2150 2056 2206 sollicitat

474 2248 783 2304 charissimi
831 2245 1200 2302 Cantacuzeni
1256 2244 1468 2301 facinus
1520 2245 1811 2301 manifesto
1858 2245 1912 2299 in
1966 2259 2053 2300 me

475 2344 868 2411 commissura;
894 2342 940 2397 is
976 2340 1124 2396 enim
1150 2381 1165 2401 .
1199 2354 1362 2409 quam
1401 2340 1670 2395 sinceram
1704 2339 1759 2393 in
1788 2353 1913 2393 eum
1941 2352 2057 2392 ser-

474 2451 661 2492 varem
699 2435 998 2491 amicitiam
1038 2432 1353 2504 optimaque
1380 2434 1430 2487 ei
1457 2432 1644 2487 darem
1679 2430 1913 2486 consilia
1938 2472 1955 2497 ,
1994 2436 2056 2484 ut

476 2538 728 2600 parceret
761 2542 873 2582 sua:
902 2527 1121 2592 aninue,
1153 2534 1214 2580 ut
1247 2534 1500 2596 parceret
1527 2523 1635 2595 56
1655 2523 1817 2578 saluti
1852 2520 2058 2576 libero-

478 2636 599 2676 rum
628 2627 685 2676 et
726 2618 770 2673 si
820 2617 946 2690 quis
987 2615 1255 2688 sanguine
1302 2631 1427 2671 eum
1478 2615 1805 2684 attingeret,
1853 2611 2055 2682 quippe

477 2714 680 2786 quibus
708 2711 968 2770 omnibus
998 2708 1290 2765 manifesto
1314 2711 1411 2763 ira:
1439 2708 1639 2763 divina:
1668 2706 1965 2762 vindictam
1997 2706 2053 2761 in

481 2814 764 2875 posterum
808 2801 1101 2857 relicturus
1129 2808 1296 2863 esset,
1341 2813 1428 2853 me
1458 2798 1562 2854 sibi
1606 2796 2053 2852 inimicissimum

482 2898 554 2953 ob
591 2911 655 2953 ea
688 2895 877 2961 ducit,
912 2893 986 2949 ob
1033 2908 1155 2963 qum
1209 2908 1294 2947 me
1325 2891 1507 2963 potius
1556 2900 1615 2947 ut
1659 2892 1863 2962 optime
1887 2891 1956 2947 de
1995 2903 2054 2944 se

477 2989 737 3045 meritum
786 2998 971 3040 amare
1011 2984 1267 3041 debebat.
1307 2987 1484 3055 Atque
1523 3000 1647 3040 cum
1681 2983 1916 3039 maxime
1950 2981 2055 3036 imo

2156 509 2338 579 νηρῶν
2376 510 2656 579 ἀρχόντων
2692 509 3029 581 ἀντίπρωροι
3072 510 3363 575 κλύδωνες.
3389 513 3585 580 Φέρειν
3621 511 3734 580 γάρ

2152 621 2206 656 τι
2262 602 2606 673 παραμύθιον
2669 597 2811 656 οἶδεν
2860 602 3212 671 ἐξαγγέλλειν
3264 604 3364 665 τὰς
3419 605 3567 666 ὅπως
3611 605 3737 655 ποτ’

2153 694 2412 758 ἐπιούσας
2460 694 2518 760 ἐξ
2551 694 2796 763 ἀφανοῦς
2843 695 3178 765 τραγῳδίας,
3212 696 3470 767 καθάπερ
3517 715 3589 749 κα
3606 695 3734 747 ττνοῦ

2153 787 2254 858 τῆς
2285 788 2476 857 ὀδύνης
2502 789 2891 858 ἀφιπταμένης
2919 788 3007 842 διὰ
3037 788 3135 859 τῆς
3175 787 3446 860 γλώττης.

2225 1058 2359 1110 KA'.
2401 1056 2544 1123 Ἐγὼ
2585 1056 2632 1109 δ’
2699 1057 3007 1123 ὑπολαϐὼν,
3045 1059 3178 1129 Περὶ
3229 1058 3330 1127 μὲν
3364 1057 3566 1128 λύπης,
3594 1058 3735 1128 ἔφην

2157 1146 2409 1208 ὲνταῦθα,
2447 1148 2620 1216 φίλων
2663 1149 2853 1219 ἄριστε
2922 1148 3329 1218 Ἀγαθάγγελε,
3371 1150 3494 1203 οὐδὲ
3536 1149 3735 1202 πολλοῦ

2159 1257 2252 1312 μοι
2295 1239 2433 1310 πρὸς
2488 1239 2548 1293 σὲ
2591 1241 2809 1312 δεήσειν
2860 1239 3012 1312 οἶμαι
3046 1241 3110 1315 [f.
3180 1242 3284 1297 108
3316 1241 3374 1314 α]
3411 1243 3589 1311 λόγου.
3636 1244 3740 1295 Το-

2157 1331 2318 1385 σοῦτο
2365 1333 2473 1402 γάρ
2521 1349 2612 1402 μοι
2662 1332 2913 1404 περίεστι
2953 1332 3133 1402 λύπης
3171 1332 3295 1387 ὅσον
3333 1334 3503 1405 δῄπου
3534 1336 3735 1405 χαρᾶς.

2158 1420 2384 1490 Χαίρειν
2427 1419 2526 1492 μὲν
2570 1421 2680 1493 γάρ
2729 1439 2818 1491 μοι
2859 1421 3137 1492 περίεστιν
3184 1422 3286 1493 ἤδη
3319 1426 3457 1494 πρὸς
3484 1423 3583 1487 τὰς
3607 1425 3739 1477 aito-

2156 1513 2304 1576 νίους
2346 1513 2585 1583 ἀμοιϐὰς
2638 1513 2937 1584 ἀφορῶντι,
2988 1514 3046 1567 αἶ
3103 1517 3215 1579 τοῖς
3252 1517 3395 1585 ὑπὲρ
3450 1516 3736 1580 εὐσεϐείας

2156 1601 2560 1671 ἠγωνισμένοις
2607 1602 2951 1667 ἀπόκεινται,
2983 1603 3012 1656 δ
3057 1604 3317 1673 μέγιστον
3345 1606 3428 1669 εἰς
3474 1622 3736 1676 παραμυ-

2157 1694 2280 1748 θίαν
2325 1696 2439 1759 τοῖς
2498 1694 2863 1767 λυπουμένοις
2923 1696 3155 1766 ἐφόδιον.
3188 1698 3484 1769 Λυποῦμαι
3539 1699 3585 1751 δ’
3642 1696 3735 1754 οὖν

2161 1786 2362 1857 μᾶλλον
2399 1786 2544 1855 δρῶν
2580 1787 2674 1841 τὸν
2715 1787 2876 1842 σάλον
2906 1788 3009 1858 τῆς
3046 1789 3374 1861 Ἐκκλησίας
3406 1792 3501 1847 καὶ
3527 1792 3589 1846 τὸ
3621 1793 3733 1847 τῶν

2157 1880 2466 1934 διωκόντων
2521 1881 2800 1953 ἀρχόντων
2835 1881 3161 1953 ἀνάλγητον,
3204 1883 3478 1955 μηδεμίαν
3502 1885 3735 1953 ἐχόντων

2146 1969 2416 2051 ,φροντίδα
2466 1969 2666 2041 ψυχῆς.
2695 1970 2817 2042 μηδ’
2869 1971 2963 2041 ὀψὲ
2997 1972 3127 2041 γοῦν
3165 1974 3224 2026 ἐν
3267 1974 3342 2043 νῷ
3386 1974 3566 2029 λαϐεῖν
3619 1975 3737 2027 ιθε.

2158 2062 2365 2116 λόντων
2395 2063 2472 2125 ὡς
2519 2062 2634 2115 ἔστι
2672 2080 2758 2126 τις
2801 2064 2985 2116 θεόθεν
3024 2066 3133 2117 τῶν
3173 2065 3523 2135 βεϐιωμένων
3566 2065 3732 2128 risu.

2159 2152 2413 2207 Μάλιστα
2464 2151 2508 2204 δ’
2555 2151 2813 2230 ἀπάντων
2844 2153 2903 2206 τὺ
2938 2153 3034 2206 τοῦ
3074 2152 3231 2224 φίλου
3273 2155 3732 2225 Καντακουζηνοῦ

2161 2264 2230 2317 με
2260 2246 2455 2300 δάκνον
2494 2245 2728 2315 ἔστηκεν
2767 2246 2999 2315 ἐγγύθεν
3030 2249 3264 2318 πρᾶγμα
3288 2248 3624 2320 περιφανῶς,
3650 2250 3735 2301 ὅτι

2162 2356 2253 2409 μοι
2288 2338 2387 2410 τὴν
2446 2338 2630 2407 φιλίαν
2675 2339 2952 2409 ἀκήρατον
2997 2338 3315 2405 διασώζοντι
3373 2343 3511 2409 πρὸς
3541 2340 3732 2402 αύτὶν,

2158 2435 2250 2486 καὶ
2275 2434 2343 2486 τὰ
2373 2432 2628 2502 βέλτιστα
2657 2431 3085 2501 συμϐουλεύοντι
3109 2431 3389 2501 φείδεσθαι
3421 2433 3524 2503 μὲν
3554 2432 3733 2503 ψυχῆς

2155 2527 2256 2597 τῆς
2286 2525 2475 2588 αὐτοῦ,
2510 2524 2792 2595 φείδεσθαι
2823 2525 2879 2579 δὲ
2907 2525 3115 2581 παίδων
3155 2525 3416 2593 ἀξιοῦντι,
3447 2527 3544 2580 καὶ
3570 2528 3735 2587 εἴτις

2158 2619 2246 2689 είη
2280 2616 2388 2670 τῶν
2412 2616 2538 2670 καθ’
2570 2612 2710 2686 αἷμα
2740 2616 3128 2683 προσηκόντων
3164 2615 3336 2687 αὐτῷ,
3369 2617 3538 2687 ὀργῆς
3584 2617 3733 2680 θείας

2157 2709 2408 2781 διαδοχὴν
2452 2708 2684 2777 ἀφιέντα
2728 2709 2896 2762 πᾶσιν
2947 2708 3134 2770 αὐτοῖς
3178 2708 3497 2777 προφανῶς,
3524 2708 3628 2762 ὁδε
3665 2726 3733 2778 με

2156 2802 2264 2857 τῶν
2316 2800 2584 2870 ἐχθίστων
2630 2798 2886 2869 ἐνόμισεν
2936 2796 3033 2851 ἕνα
3089 2797 3159 2852 δι’
3198 2798 3234 2851 ἃ
3277 2816 3346 2869 με
3400 2799 3602 2869 μᾶλλον
3656 2799 3735 2859 ὡς

2159 2897 2457 2968 εὐεργέτην
2490 2893 2668 2963 φιλεῖν
2713 2892 2907 2965 ἐχρῆν.
2939 2893 3049 2946 Καὶ
3097 2893 3186 2947 ὅτε
3221 2894 3423 2964 μᾶλλον
3454 2890 3593 2965 εἶχε,
3621 2896 3732 2947 τῶν

2161 2991 2459 3061 σκήπτρων
2483 2987 2884 3058 ἐπειλημμένος
2914 2989 3007 3041 καὶ
3037 2986 3356 3053 δυνάμενος,
3388 2991 3547 3059 είπερ
3571 2988 3730 3042 ἐϐού-

478 3082 637 3155 perio
675 3086 944 3147 occupato
979 3088 1230 3133 naturam
1261 3078 1465 3147 optima
1522 3077 1794 3132 sentiendi
1842 3075 2053 3131 ratione

2162 3084 2298 3148 λετο,
2333 3081 2433 3153 τὴν
2466 3082 2629 3151 φύσιν
2653 3080 2929 3133 δεικνύναι
2968 3081 3026 3133 ἐν
3058 3080 3135 3152 τῷ
3165 3081 3437 3152 καλλίστῳ
3466 3082 3567 3152 τῆς
3594 3080 3739 3149 γνώ-

468 3175 753 3240 ιὶηάυιηηι,
791 3173 835 3229 si
868 3172 1053 3237 vellet,
1080 3170 1344 3237 exhibere
1374 3176 1581 3239 posset,
1608 3168 1697 3223 ille
1721 3166 1870 3222 vitiis
1901 3181 2057 3236 pror-

476 3285 576 3324 sus
610 3268 678 3324 ab
714 3282 778 3323 ea
809 3264 1234 3321 abhorrentibus
1258 3277 1378 3319 sese
1401 3261 1729 3318 Obsll‘icttttlt
1762 3269 1935 3314 teneri
1967 3258 2056 3314 lu-

483 3361 737 3418 culenter
768 3357 1168 3415 demonstravit
1200 3365 1277 3419 et,
1315 3368 1657 3425 quzccunque
1701 3361 1859 3406 antea
1891 3349 2058 3405 fecis-

482 3466 586 3520 set,
617 3470 680 3510 ea
715 3451 900 3507 omnia
925 3450 1066 3505 nihil
1090 3448 1258 3505 fuisse
1295 3447 1398 3501 nisi
1433 3460 1653 3500 scenam
1683 3451 1737 3498 et
1772 3451 2061 3512 spectacuo

483 3551 598 3606 lum
650 3546 718 3603 ad
774 3554 989 3615 tempus
1037 3541 1245 3597 aditum
1296 3536 1450 3593 brevi
1507 3535 1857 3591 manilestum
1907 3533 2056 3588 fecit.

485 3639 665 3708 Quare
697 3651 805 3692 non
835 3646 1062 3706 possum
1095 3646 1203 3685 non
1251 3626 1619 3684 admiratione
1663 3623 1923 3695 prosequi
1969 3637 2060 3678 sa-
2101 3638 2107 3643 '

486 3732 723 3804 pientes,
741 3728 835 3800 qui
861 3726 1068 3793 dicant,
1095 3739 1222 3779 eum
1260 3722 1417 3777 firmo
1455 3729 1619 3790 atque
1658 3717 2055 3771 stabiliamore

486 3821 742 3892 amplecti
773 3822 981 3875 amicos
1007 3830 1188 3888 posse,
1229 3815 1283 3869 in
1316 3829 1425 3884 quo
1460 3827 1571 3867 non
1617 3810 1751 3866 insit
1786 3807 2063 3877 cupiditas

485 3906 1262 3993 gloriaeinserviendizGloriat
1288 3907 1435 3962 enim
1469 3903 1773 3974 cupiditate
1803 3902 2063 3956 incensus

488 4021 597 4060 non
650 4005 852 4073 poterit
905 3992 1112 4056 homini
1155 3999 1260 4070 ipsi
1305 3998 1515 4052 amicus
1558 4011 1703 4059 esse,
1735 3993 1829 4050 sed
1875 3992 2061 4062 gloriae

488 4094 633 4167 apud
663 4095 915 4149 homines
946 4089 1291 4160 colligendas,
1330 4089 1490 4157 cuius
1518 4101 1681 4141 causa
1712 4083 1896 4138 omnia
1927 4082 2060 4152 agit,

489 4187 671 4244 omnia
702 4184 953 4255 suscipit,
980 4180 1324 4252 temporibus
1350 4179 1614 4241 inservit,
1640 4175 1730 4255 ad
1778 4173 2064 4244 quodlibet

500 4282 733 4337 fortunze
761 4254 933 4349 genus
976 4290 1096 4331 sese
1137 4274 1413 4344 applicat,
1455 4254 1711 4324 facillime
1759 4268 2061 4322 secundum

493 4384 799 4443 temporum
860 4367 1269 4423 vicissitudines
1306 4363 1724 4420 Chamaeleontis
1781 4359 1887 4413 ritu
1942 4373 2062 4414 sese

2162 3192 2269 3246 μης
2294 3173 2593 3245 κειμένην,
2627 3173 2655 3225 ό
2681 3171 2727 3226 δ’
2772 3172 3081 3243 ἀνεκάλυψε
3127 3173 3351 3245 δέσμιον
3393 3173 3505 3228 ὄνθ’
3538 3174 3734 3227 ἑαυτὸν

2160 3271 2271 3331 τοῖς
2297 3269 2360 3321 ἐκ
2382 3268 2677 3335 διαμέτρου
2700 3268 2911 3329 κακοῖς,
2936 3265 3145 3337 σκηνὴν
3169 3268 3237 3319 τὰ
3267 3267 3399 3336 πρὶν
3426 3265 3521 3319 καὶ
3543 3265 3732 3337 δρᾶμα

2161 3363 2444 3432 ἐφήμερον
2480 3360 2615 3414 δντα
2640 3360 2819 3424 δείξας
2863 3358 3059 3413 ἅπαντ’
3090 3360 3254 3413 ἐκεῖν’
3300 3363 3357 3414 ὲν
3396 3361 3607 3431 βραχεῖ.
3641 3359 3737 3412 Διό

2164 3471 2254 3525 μοι
2297 3450 2599 3522 θαυμάζειν
2620 3450 2867 3520 περίεστι
2909 3450 3035 3513 τοὺς
3068 3453 3265 3520 σοφοὺς
3302 3451 3358 3502 οἵ
3387 3468 3550 3518 φασιν
3589 3452 3732 3503 ὲκεί-

2161 3518 2251 3597 νον
2283 3518 2418 3612 περὶ*
2443 3541 2632 3611 φίλους
2655 3518 2868 3610 ἑδραῖον
2895 3542 2990 3594 tul.
3018 3518 3245 3611 μόνιμον
3275 3537 3413 3594 εἶναι
3445 3539 3732 3605 δύνασθαι,
3804 3518 3809 3525 1

2159 3631 2205 3705 ᾧ
2246 3639 2321 3709 μὴ
2353 3632 2626 3705 φιλοδοξίᾳ.
2667 3633 2954 3703 λατρεύειν
2987 3634 3201 3686 ἔνεστι·
3256 3631 3335 3702 τῷ
3378 3633 3485 3702 γάρ
3528 3649 3609 3684 τοι
3645 3649 3735 3700 φι-

2162 3729 2463 3796 λοδοξοῦντι
2512 3725 2651 3797 φίλῳ
2691 3719 2835 3779 εῖναι
2882 3726 3100 3788 πάντως
3136 3724 3309 3779 ἕποντ’
3356 3724 3423 3778 ἂν
3465 3721 3628 3776 αὑτοῦ
3668 3738 3733 3788 γε

2162 3821 2587 3901 ἀνθρὼπουηὸτι
2624 3818 2698 3889 μὴ
2725 3820 2824 3889 τῆς
2872 3818 3220 3889 ἀνθρωπίνης
3259 3816 3436 3885 δόξης,
3467 3810 3530 3886 ἦς
3569 3814 3735 3866 ἕνεκα

2164 3915 2346 3969 πάντα
2382 3912 2483 3982 δρᾷ
2537 3910 2633 3965 καὶ
2678 3913 2845 3963 πᾶσιν
2895 3912 3152 3981 ἐγχειρεῖ,
3186 3908 3280 3962 καὶ
3316 3909 3505 3979 χρόνον
3543 3908 3739 3977 στοχὰ-

2164 4005 2316 4069 ζεται
2366 4004 2461 4056 καὶ
2518 4000 2708 4073 τύχαις
2759 4000 2941 4070 ὁμιλεῖ
2977 3999 3346 4062 παντοδαπαῖς
3411 3998 3507 4052 καὶ
3561 4000 3737 4068 ῥᾷστα

2163 4099 2274 4160 τοῖς
2300 4097 2407 4150 τῶν
2432 4096 2591 4166 ὡρῶν
2625 4092 3060 4165 συμμεθίσταεαι
3111 4090 3297 4154 κύϐοις
3339 4091 3737 4161 χαμαιλέοντος

2163 4195 2385 4261 τρῦπον,
2423 4188 2768 4258 πανταχόθεν
2814 4188 2913 4255 τῆς
2972 4185 3200 4255 γνώμης
3259 4184 3410 4254 αὐτῷ
3473 4201 3737 4254 πραγμα-

2164 4282 2465 4350 τευομένης
2505 4281 2796 4352 εὐκαιρίαν
2853 4282 3026 4333 εἰπεῖν
3058 4279 3481 4349 κακοδαιμονίας
3520 4277 3740 4331 καὶτοῦ

2165 4374 2230 4427 τὰ
2265 4372 2461 4425 ἑαυτοῦ
2495 4372 2659 4425 πιστὰ
2691 4373 2803 4434 τοῖς
2841 4373 3004 4424 πᾶσιν
3033 4370 3236 4422 ἄπιστα
3263 4371 3559 4426 δεικνύναι.
3585 4372 3742 4425 Γίνε-

493 4472 814 4529 commutat,
844 4461 1028 4515 animo
1061 4458 1428 4525 undecunque
1456 4453 1925 4523 opportunitatem
1969 4464 2060 4505 ca-

2163 4480 2254 4515 ται
2287 4466 2397 4533 γὰρ
2450 4464 2624 4533 ῥᾷστα
2660 4461 2760 4530 μὲν
2792 4462 2986 4532 ἐχθρὸς
3023 4456 3102 4525 οἷς
3141 4462 3314 4514 ἐδόκει
3352 4462 3528 4529 φίλος,
3565 4465 3741 4535 ῥᾷστα

496 4565 703 4628 ptaute,
737 4568 845 4624 quo
877 4553 1119 4607 furorem
1154 4564 1336 4611 suum,
1369 4556 1426 4602 ut
1461 4547 1533 4601 ita
1568 4546 1769 4611 dicam,
1811 4543 2065 4599 exhibeat

492 4659 547 4706 et
576 4647 739 4703 fidem
761 4642 1311 4701 omnibusinﬁdeletn
1346 4649 1586 4711 prmstet.
1608 4639 1886 4694 Facillime
1916 4637 2064 4693 enim

498 4740 754 4795 inimicus
786 4737 863 4800 fit,
890 4736 1093 4806 quibus
1118 4733 1329 4787 amicus
1358 4731 1667 4793 videbatur,
1693 4730 1946 4784 facillime
1979 4728 2067 4782 in-

496 4834 665 4889 sidias
703 4830 891 4893 struit,
932 4827 1135 4897 quibus
1182 4841 1361 4895 nuper
1414 4823 1702 4879 consulere
1753 4820 2063 4881 videbatur,

496 4940 604 4995 quo
633 4925 789 4994 peius
819 4922 1119 4991 quidquam
1150 4918 1203 4972 in
1232 4917 1346 4970 vita
1390 4932 1499 4971 non
1548 4915 1703 4969 facile
1759 4912 2066 4975 inveneris,

495 5015 654 5070 sieuti
682 5023 868 5068 contra
904 5011 1134 5065 honesto
1156 5016 1211 5063 et
1233 5005 1504 5063 constanti
1529 5003 1667 5058 nihil
1693 5012 1776 5058 est
1807 5011 2069 5071 praestan-

498 5107 626 5160 tius.
683 5103 810 5158 llaec
859 5103 1043 5156 omnia
1093 5100 1198 5171 57
1245 5110 1429 5155 autem
1480 5096 1694 5151 arcanis
1742 5091 2065 5164 quibusdam

496 5198 861 5255 Providentiae
891 5194 1202 5249 rationibus
1231 5200 1515 5263 reguntur.
1546 5187 1748 5242 Rerum
1782 5185 1940 5239 nobis
1979 5197 2069 5244 ea,

497 5306 618 5362 quic
658 5305 803 5342 nunc
836 5299 1123 5357 geruntur,
1147 5285 1380 5354 quoiam
1405 5281 1566 5336 modo
1588 5282 1918 5334 documento
1949 5289 2068 5329 esse

498 5391 750 5453 possunt,
786 5379 1007 5435 divitias
1037 5379 1380 5448 gloriamque
1401 5390 1464 5429 ac
1485 5375 1712 5429 liberam
1743 5378 2067 5441 potestatem

498 5474 793 5529 dilucidius
836 5470 1076 5524 hominis
1122 5468 1352 5524 consilia
1388 5476 1555 5537 atque
1603 5463 1846 5519 indolem
1885 5460 2072 5516 decla-

497 5582 646 5625 rare,
703 5578 868 5634 quam
904 5569 1202 5630 egestatem
1251 5559 1529 5627 vitamque
1577 5558 1701 5611 aliis
1751 5555 2068 5610 obnoxiam.

497 5660 821 5711 ()hscuritss
851 5656 998 5711 enim
1024 5654 1253 5723 inglorEa
1280 5652 1464 5707 invitis
1497 5652 1739 5721 iniuncta
1771 5649 1966 5702 similis
1989 5654 2073 5700 cst

486 5742 723 5802 'viuculo
755 5747 900 5817 quod
933 5762 1030 5818 pro
1063 5747 1329 5816 cujusque
1359 5743 1588 5800 arbitrio
1615 5742 1787 5798 laxari
1810 5747 2069 5810 nequeat.

2166 4554 2211 4607 δ’
2240 4555 2526 4618 ἐπίϐουλος
2555 4549 2637 4616 οἷς
2677 4554 2906 4624 ἔναγχος
2952 4554 3127 4607 ἐδόκει
3162 4553 3485 4625 σύμϐουλος.
3520 4557 3595 4610 Οὖ
3629 4560 3744 4628 χεῖ-

2169 4665 2262 4719 ρον
2304 4648 2403 4717 μὲν
2439 4647 2595 4699 οὐδὲν
2631 4647 2687 4699 ὲν
2720 4645 3038 4717 βίῳ,ρᾴδιον
3072 4642 3227 4717 οἶμαι
3258 4648 3460 4718 εὑρεῖν,
3489 4649 3744 4721 καθάπερ

2168 4735 2235 4792 αὖ
2267 4741 2328 4793 ἐκ
2350 4739 2646 4808 διαμέτρου
2681 4737 2774 4790 τοῦ
2824 4738 2993 4792 καλοῦ
3033 4756 3092 4792 τε
3127 4741 3221 4794 καὶ
3257 4743 3488 4812 μονίμου
3533 4742 3743 4812 βέλτιον

2167 4828 2341 4882 οὐδέν.
2375 4829 2599 4890 Τούτοις
2632 4826 2678 4879 δ’
2718 4826 2927 4880 ἆπασιν
2962 4830 3319 4884 ὲπιστατοῦσι
3349 4832 3449 4896 μὲν
3489 4836 3744 4903 μυστικοί

2168 4936 2315 4982 τινες
2344 4919 2496 4987 λόγοι
2534 4920 2819 4991 Προνοίας,
2852 4923 3242 4992 τεκμαίρεσθαι
3277 4924 3321 4976 δ’
3351 4921 3442 4978 οὖν
3475 4925 3568 4979 καὶ
3613 4929 3743 4995 ἡμῖν

2168 5013 2316 5073 ὅπως
2346 5012 2479 5065 ποτὲ
2509 5014 2574 5067 τὰ
2598 5015 2859 5083 γινόμενα
2892 5015 3104 5068 δίδωσιν
3133 5018 3207 5081 ὡς
3238 5019 3462 5081 πλοῦτος
3495 5018 3590 5072 καὶ
3620 5018 3743 5084 δόξα

2169 5104 2265 5156 καὶ
2309 5103 2604 5171 αὐτόνομος
2663 5102 2883 5167 ἐξουσία
2933 5107 3266 5176 σαφέστερον
3301 5108 3594 5178 ἀνθρώπου
3645 5111 3740 5180 ὃγδ-

2170 5192 2323 5246 λοῦσι
2373 5195 2598 5264 γνώμην
2633 5197 2728 5248 καὶ
2773 5198 2935 5264 φύσιν
2977 5198 3008 5270 ἢ
3061 5199 3222 5251 πενία
3273 5201 3370 5252 καὶ
3424 5201 3745 5267 ὐπεξούσιος

2171 5288 2368 5339 δίαιτα.
2410 5288 2605 5357 Δεσμῷ
2657 5289 2767 5360 γὰρ
2812 5292 3029 5355 ἀδύξίαν
3080 5293 3336 5345 ἀκιύσιον
3386 5297 3638 5360 ἐοικέναι,
3672 5299 3746 5365 μὴ

2174 5384 2313 5432 κατὰ
2338 5380 2562 5449 γνώμην
2593 5384 2752 5435 ἐῶντι
2781 5383 3065 5437 κινεῖσθαι.
3097 5385 3189 5437 Διὸ
3228 5389 3320 5438 καὶ
3351 5386 3633 5441 λανθάνειν
3672 5390 3745 5451 ὡς

2172 5473 2239 5524 τὰ
2276 5473 2444 5525 πολλὰ
2475 5475 2548 5541 μὴ
2576 5475 2697 5537 τοὺς
2728 5476 2918 5547 π’ἶρρω
2955 5479 3167 5546 πέφυκε
3212 5479 3395 5546 μόνον,
3421 5481 3500 5530 ὅτι
3548 5480 3619 5549 μὴ
3656 5482 3749 5530 κς.νί

2173 5553 2251 5618 αἷς
2289 5559 2454 5612 πολύν
2489 5579 2606 5614 τινι.
2644 5569 2880 5618 συνεῖναι
2930 5568 3118 5635 γέγονε
3153 5570 3367 5636 χρόνιν,
3400 5570 3465 5620 τὰ
3497 5570 3599 5636 ἢθη
3640 5572 3747 5620 tibi

2177 5651 2445 5704 πλεὶσιων
2469 5652 2657 5725 ὥσπερ
2689 5661 2942 5728 χρώμασι
2973 5665 3083 5722 τοῖς
3107 5660 3307 5725 ἔξωθε-ν
3356 5660 3750 5731 ἐπιςέβλύματι

2174 5745 2235 5800 τὸ
2274 5747 2373 5816 τῆς
2420 5749 2643 5821 γνώμης
2695 5754 2871 5821 finit?)
2904 5771 2967 5807 τα
3012 5755 3323 5822 πρῧσωπεν.
3370 5753 3454 5815 Ὠ,
3503 5748 3751 5802 ἐντεῦθεν
