4070 6326
359 227 426 291 Η
1551 229 1964 289 ΝΙΕΕΙἯΟΙΠ
2007 231 2392 290 (ΗὶΕϐΟΙίιίΕε
3530 229 3600 292 ΔΒ

354 351 824 396 sacrosanctorum
889 343 1148 398 Eet'lesia':

355 436 592 504 perpessi
633 437 800 488 simus
831 477 844 496 ,
873 435 1150 504 quomodo
1184 435 1422 504 denique
1455 437 1590 490 varii
1639 439 1920 492 hominum

352 529 516 580 animi
549 529 662 580 sive
699 525 959 581 nobilium
988 527 1100 582 sive
1126 528 1230 582 alia
1262 527 1498 593 fortuna,
1534 543 1753 597 genere,
1791 547 1920 598 pru-

353 618 534 670 dentia
570 621 834 671 uti-utinm
867 627 1048 673 nostra
1091 635 1252 674 causa
1297 619 1476 674 affecti
1513 621 1618 673 sint
1645 663 1657 684 ,
1691 631 1800 672 tum
1850 637 1919 675 ne

351 727 450 776 ego
473 711 692 780 quidem
719 715 1069 777 cessaverim,
1093 729 1213 782 quae
1245 723 1364 781 apta
1389 723 1536 778 sunt,
1573 713 1667 767 tibi
1694 731 1917 782 respon-

351 803 478 856 dere
511 801 564 855 el
587 803 668 856 vel
695 804 1021 858 valetudinis
1055 805 1424 860 imbecillitate
1458 806 1734 876 animique
1763 807 1917 874 agri-

353 899 538 951 tudine
577 899 886 966 posthabita
943 907 1086 952 tuam
1118 900 1308 953 audire
1355 899 1749 954 narrationem.
1795 901 1913 964 Quo

350 991 492 1041 enim
521 1009 582 1042 ex
615 1003 858 1060 tempore
895 1001 1111 1044 nostras
1147 991 1291 1045 fores
1317 992 1572 1044 erunibus
1601 993 1918 1045 clauserunt

349 1081 518 1132 nostri
553 1091 604 1132 et
647 1082 901 1135 Ecclesia:
941 1083 1244 1144 carniliccs,
1275 1083 1408 1136 nihil
1441 1084 1664 1136 omnino
1695 1083 1760 1136 de
1797 1085 1917 1137 tali-

353 1169 452 1222 liilS
488 1171 647 1223 rebus
681 1183 852 1240 usque
879 1172 1121 1226 adhunc
1156 1171 1298 1226 diem
1333 1173 1672 1226 accurratius
1705 1174 1916 1228 discere

354 1263 524 1327 potui,
555 1279 866 1332 quanquam
913 1279 1100 1318 earum
1155 1264 1393 1332 cognitio
1427 1264 1662 1318 maxime
1695 1265 1828 1318 mihi
1863 1266 1916 1318 in

351 1354 548 1421 optatis
597 1345 700 1409 est.
745 1357 820 1409 Ad
853 1356 1192 1424 propositum
1229 1356 1393 1425 igitur
1426 1373 1706 1426 regressus
1734 1359 1914 1411 omnia

1225 345 1539 414 tlogmatum
1603 345 1918 400 defensores

2024 349 2210 412 ἀκοήν.
2254 348 2370 416 Ἀφ’
2403 347 2460 398 οὗ
2498 348 2603 418 γὰρ
2633 349 2728 410 τὰς
2759 347 3029 416 ἡμετέρας
3067 348 3229 400 πᾶσιν
3259 345 3591 399 ἀπέκλεισαν

2034 437 2202 504 θύρας
2240 441 2286 488 οἱ
2323 440 2418 506 τῆς
2448 436 2730 498 εὐσεϐείας
2781 437 2872 488 καὶ
2906 435 3061 504 ἡμῶν
3109 436 3316 506 δήμιοι,
3353 436 3413 488 οὐ
3447 434 3596 488 δεδύ-

2030 529 2200 598 νημαι
2250 547 2299 580 τι
2362 529 2524 595 σσφὶς
2573 530 2698 596 τερὶ
2743 527 2849 578 τῶν
2890 527 3148 579 τοιούτων
3209 525 3401 592 μαθεῖν
3442 524 3596 577 οὐδὲν

2028 622 2240 692 οὐδαμῆ
2283 640 2368 674 πω
2406 623 2568 691 μέχρι
2604 623 2698 674 καὶ
2741 623 3003 690 τήμερον,
3039 618 3102 690 [ί.
3137 619 3236 676 109
3267 637 3299 672 a
3332 617 3350 688 1
3385 619 3477 669 καὶ
3510 619 3597 685 γί-

2026 714 2175 764 νεταὶ
2215 730 2303 782 μοι
2353 713 2440 765 διὰ
2477 713 2733 783 πλείστης
2775 713 3016 780 ἐφέσεως
3051 713 3082 780 ἡ
3113 711 3317 763 τούτων
3353 711 3497 778 μάλα
3529 709 3591 776 γέ

2025 823 2075 858 τι
2105 807 2325 873 Υνῶσιςο
2371 804 2682 860 ’Λναλαϐὼν
2741 800 2834 858 οὖν
2893 820 2984 873 μοι
3027 804 3151 870 λέγε
3199 802 3374 856 ταξτα
3415 802 3594 854 πάντα

2023 897 2146 949 καθ’
2177 898 2429 958 ἕκαστον,
2461 897 2774 966 προστιθεὶς
2810 897 2906 949 καὶ
2937 897 3028 949 τὸν
3071 896 3262 966 καιρὸν
3295 894 3431 962 ὁμοῦ
3463 893 3589 946 καθ’

2021 992 2078 1044 ὅν
2119 1009 2176 1044 τε
2227 991 2385 1052 αὐτος
2449 994 2503 1052 ἐς
2551 991 2840 1055 Βυζάντιον
2868 986 3024 1060 ἧκες,
3055 990 3150 1042 καὶ
3205 990 3339 1058 πρός
3391 1005 3453 1056 γε
3511 987 3594 1039 ἔτι

2021 1084 2142 1136 καθ’
2177 1083 2235 1136 ὃν
2264 1085 2470 1135 ἕκαστα
2511 1085 2717 1136 τούτων
2753 1084 3018 1150 ἀκήκοας,
3039 1085 3110 1144 ὼς
3143 1083 3208 1136 ἂν
3245 1081 3368 1134 καθ’
3401 1080 3591 1147 εἱρμὶν

2022 1177 2232 1230 ἐκεῖθεν
2259 1176 2551 1244 κατιούσης
2587 1176 2682 1244 τῆς
2705 1177 3009 1246 διηγήσεως
3042 1173 3589 1244 εὐπαρακολούθητος

2021 1269 2112 1322 καὶ
2147 1267 2342 1336 ἡμῖνή
2388 1267 2495 1318 τῶν
2527 1265 2787 1318 τοιούτων
2831 1265 3138 1333 ἐγγίγνοιτο
3185 1263 3420 1335 μάθησις
3465 1263 3597 1313 ἑκα-

2018 1359 2258 1429 τέρωθεν
2287 1362 2594 1430 ἑκατέροις.

357 1450 486 1502 u:ibi
513 1449 826 1516 singulatim
851 1452 1308 1519 exponas,addito
1334 1453 1496 1507 etiam
1523 1463 1785 1522 tempore,
1809 1471 1918 1522 quo
1957 1455 2277 1527 Byzantium
2343 1458 2578 1512 redieris
2611 1467 2666 1512 et
2695 1473 2804 1526 quo
2836 1457 3078 1526 quidque
3141 1453 3438 1518 audiveris,
3487 1455 3599 1525 60

353 1553 411 1595 ut
449 1541 762 1596 narratione
813 1543 934 1597 inde
976 1561 1042 1598 ex
1082 1548 1274 1602 ordine
1321 1549 1650 1615 procedente
1703 1550 1917 1618 utrique
1957 1562 2207 1607 nostrum
2252 1551 2492 1621 cognitio
2565 1567 2746 1606 rerum
2817 1551 2886 1605 ab
2934 1560 3162 1620 utraque
3197 1559 3349 1618 parte
3383 1548 3598 1618 perspi-

353 1653 454 1691 cua
487 1637 702 1690 evadat.

421 1773 586 1826 KX”.
625 1794 640 1823 ι
673 1775 828 1839 Quod
858 1777 921 1828 ad
958 1785 1173 1844 tempus
1219 1778 1436 1842 attinet,
1474 1778 1677 1845 inquit,
1713 1776 1924 1848 Byzan-
1961 1784 2002 1838 Β

352 1871 484 1922 tium
515 1879 636 1937 post
661 1868 923 1922 caniculae
947 1877 1130 1922 ortum
1183 1877 1372 1922 aestate
1417 1870 1530 1939 jam
1563 1877 1797 1924 exeunte
1832 1885 1921 1922 re-

349 1974 539 2014 versus
606 1975 747 2013 sum.
803 1959 936 2012 Navi
1001 1973 1256 2028 egressus
1300 1959 1525 2013 domum
1579 1961 1702 2015 veni
1735 1959 1921 2027 ibique

347 2052 661 2123 quindecim
712 2051 1004 2105 continuos
1045 2051 1160 2104 dies
1205 2061 1456 2106 versatus
1505 2067 1592 2105 me
1647 2051 1811 2106 refeci
1866 2061 1922 2106 et

350 2143 640 2214 navigandi
677 2143 956 2196 molestias
998 2141 1202 2198 sensim
1251 2144 1627 2214 paulatimque
1663 2143 1916 2198 abstersi.

351 2240 510 2290 Hisce
541 2235 736 2289 diebus
765 2235 888 2289 aliis
931 2236 1068 2289 alias
1105 2236 1292 2290 amicis
1325 2252 1409 2290 me
1459 2235 1921 2290 convenientibus

345 2341 398 2382 et
431 2344 644 2382 mecum
670 2327 1129 2382 conversantibus
1175 2339 1433 2383 accurate
1466 2329 1647 2381 omnia
1675 2326 1920 2396 comperi

345 2427 412 2478 de
456 2424 659 2493 synodo
715 2423 841 2484 ista,
885 2434 1048 2490 quam
1105 2419 1384 2482 dicebant,
1433 2435 1540 2488 qua
1595 2418 1806 2472 ratione
1853 2433 1920 2472 ex

349 2519 810 2584 tempore'coacta
834 2520 1002 2574 esset,
1030 2525 1152 2579 quae
1184 2510 1255 2564 ibi
1285 2526 1314 2564 a
1340 2509 1666 2580 praesidibus
1688 2509 1920 2564 Palama:

349 2603 782 2673 suﬂragantibus
834 2609 892 2655 et
959 2601 1136 2670 palam
1192 2599 1568 2670 dejerantibus
1637 2599 1920 2670 illegitime

344 2709 515 2768 gesta,
569 2709 678 2767 quo
740 2703 898 2765 pacto
933 2694 1129 2762 dogma
1179 2693 1248 2747 de
1298 2693 1484 2746 multis
1534 2692 1920 2747 divinitatibus

346 2803 525 2844 ratum
559 2789 786 2854 factum,
818 2787 1140 2858 mysterium
1173 2801 1306 2840 vero
1338 2785 1734 2839 incarnationis
1757 2800 1918 2838 ever-

347 2897 464 2934 sum
501 2889 666 2934 esset.
711 2879 914 2932 Praeter
947 2877 1054 2930 alia
1085 2891 1238 2940 vero,
1271 2891 1392 2944 quae
1439 2890 1506 2928 ne
1539 2875 1768 2930 auribus
1796 2873 1920 2943 qui-

348 2975 470 3028 dem
527 2971 839 3033 hominum,
892 2969 986 3037 qui
1035 2968 1123 3038 pie
1172 2977 1337 3038 atque
1396 2965 1676 3022 moderate
1738 2966 1921 3020 vivere

353 3065 540 3127 velint,
577 3059 868 3130 ingerenda
900 3068 1046 3122 sunt,
1091 3059 1179 3112 illa
1214 3073 1434 3127 quoque
1486 3057 1766 3118 nimirum,
1799 3071 1921 3126 quae

349 3159 584 3212 barbare
619 3165 675 3210 et
704 3155 929 3209 eﬂ‘erate
982 3153 1090 3216 isti,
1136 3151 1338 3221 quibus
1387 3159 1664 3220 pastorum
1713 3164 1914 3202 munus

343 3249 562 3318 ibtigit,
594 3255 903 3318 gesserunt,
955 3245 1023 3300 de
1049 3246 1249 3314 quibus
1292 3243 1604 3313 pastoribus
1647 3241 1912 3295 Dominus

345 3345 482 3396 dixit
519 3359 531 3396 :
573 3363 592 3394 ι
627 3342 880 3396 Pastorcs
929 3337 1301 3400 insaniebant,
1343 3333 1590 3405 pastores
1627 3335 1914 3388 vastabant

344 3436 554 3487 vineam
585 3447 759 3486 meam
781 3433 822 3483 ’.
855 3450 871 3482 ι
901 3429 1152 3498 Comperi
1175 3429 1360 3490 etiam,
1387 3437 1447 3482 ut
1477 3425 1910 3496 persecutionem

347 3527 826 3582 lierribilissimam
899 3523 1100 3592 ubique
1161 3521 1523 3575 instituissent
1589 3539 1602 3574 :
1664 3527 1724 3574 ut
1786 3519 1914 3573 dein

346 3621 594 3676 nonnulli
624 3618 868 3688 episcopi
900 3631 1023 3672 cum
1049 3613 1327 3669 nonnullis
1357 3622 1409 3667 et
1435 3627 1624 3666 omnes
1647 3609 1757 3664 fere
1791 3625 1912 3664 cum

345 3713 597 3768 omnibus
625 3709 1001 3771 dissedissent,
1049 3717 1306 3774 tanquam
1351 3703 1671 3772 poenitentia
1704 3703 1829 3756 tacti
1862 3711 1916 3756 et

346 3802 724 3872 magnitudine
769 3800 1038 3853 scelerum
1071 3811 1296 3851 suorum
1330 3795 1436 3864 61
1471 3794 1573 3862 ipsi
1637 3791 1914 3860 perterriti

345 3895 710 3952 contumelias
741 3902 796 3948 et
825 3891 1144 3946 inimicitias
1183 3889 1431 3943 omnium
1465 3888 1831 3956 undecunque
1861 3887 1913 3941 in

341 4002 436 4041 eos
459 3985 722 4040 conllatas
748 3985 970 4036 omnino
997 3980 1138 4033 lerrc
1167 3995 1272 4033 non
1302 3987 1524 4048 possent
1552 3995 1564 4029 :
1593 3985 1648 4029 ut
1679 3976 1916 4044 denique

345 4079 643 4146 imperator
693 4075 746 4127 in
795 4073 1005 4126 medios
1055 4071 1275 4124 irruens
1333 4069 1472 4121 alios
1525 4066 1809 4121 blanditiis
1863 4074 1918 4118 ct

349 4165 756 4239 largitionibus,
799 4164 936 4217 alios
969 4162 1129 4215 minis
1161 4161 1264 4213 sibi
1311 4158 1567 4213 subactos
1601 4157 1652 4208 in
1685 4157 1917 4208 Palama:

351 4269 528 4328 partes
562 4258 822 4311 traxisset
853 4265 906 4309 et
940 4253 1231 4316 eﬂecisset,
1263 4259 1318 4302 ut
1353 4265 1524 4302 novos
1566 4257 1740 4301 tomos
1765 4262 1917 4300 com-

349 4359 615 4420 ponerent
685 4349 887 4416 quibus
937 4345 1272 4413 nimietatem
1321 4341 1441 4410 ejus
1503 4339 1913 4392 conﬁrmarent.

2115 1778 2172 1832 '0
2211 1781 2308 1846 μὲν
2333 1779 2396 1848 δὴ
2437 1779 2626 1848 χρόνος
2665 1777 2790 1831 καθ’
2845 1777 2902 1830 δν
2949 1777 3189 1831 ἐπανιὼν
3225 1776 3590 1840 κατέπλευσα,

2027 1875 2210 1939 φησὶν,
2238 1873 2292 1933 ἐς
2321 1871 2638 1936 Βυζάντιον,
2672 1871 2808 1938 μετά
2845 1869 3004 1930 κυνὸς
3033 1871 3278 1940 ὑπῆρχεν
3310 1870 3589 1932 ἐπιτολὰς,

2023 1965 2282 2033 λήγοντος
2320 1963 2420 2033 ἤδη
2459 1961 2555 2016 τοῦ
2609 1962 2823 2032 θέρους.
2879 1962 3055 2020 Εὐθὺς
3104 1958 3196 2015 οὗν
3248 1963 3462 2016 ἀποϐὰς
3493 1964 3594 2024 τῆς

2023 2056 2156 2120 νεὼς
2187 2055 2366 2109 οἴκαδε
2396 2055 2801 2124 ὰφικόμην,καὶ
2832 2054 3096 2125 οἰκουρῶν
3125 2055 3509 2109 διετετελέκειν
3530 2056 3594 2124 ﬂ-

2023 2148 2169 2208 λίους
2210 2145 2336 2213 ἑξῆς
2367 2145 2783 2209 πεντεκαίδεκα,
2815 2145 3216 2212 ἀναλαμϐάνων
3241 2163 3298 2197 τε
3327 2145 3588 2214 ἐμαυτὸν,

2024 2239 2118 2290 καὶ
2147 2237 2242 2306 τὴν
2285 2237 2348 2288 ὲκ
2399 2235 2672 2304 θαλάττης
2709 2237 2894 2305 ἡρέμα
2926 2236 3022 2288 καὶ
3047 2237 3188 2289 κατά
3234 2237 3430 2306 μικρὸν
3459 2237 3593 2289 ἀπο-

2023 2327 2343 2396 τριϐόμενος
2376 2326 2591 2396 ἀηδίαν.
2629 2327 2740 2380 Καὶ
2769 2327 2867 2395 μὲν
2887 2327 2951 2392 δὴ
2990 2327 3097 2380 τῶν
3128 2328 3350 2398 ἡμερῶν
3383 2327 3589 2397 μεταξῦ

2022 2419 2254 2471 τουτωνὶ
2306 2419 2642 2488 προσιόντων
2685 2419 2863 2471 ἄλλοτ’
2913 2419 3088 2472 ἄλλων
3127 2419 3296 2487 φίλων
3329 2417 3421 2471 καὶ
3469 2418 3594 2486 ὀμι-

2024 2509 2260 2561 λούντων
2312 2511 2444 2576 ἡμῖν
2494 2509 2737 2578 ἀκριϐῶς
2795 2511 3086 2580 ἀκηκοέναι
3135 2527 3224 2579 μοι
3271 2511 3498 2577 γέγονεν
3531 2509 3594 2562 ἆ-

2027 2618 2226 2664 παντα,
2269 2601 2368 2669 τήν
2412 2600 2460 2654 τ’
2511 2601 2918 2670 ὀνομαζομένην
2947 2602 3146 2654 οὑτωσί
3201 2619 3317 2666 πως
3355 2601 3590 2660 σύνοδον.

2023 2695 2170 2758 ὅπως
2221 2712 2279 2747 τε
2317 2694 2678 2764 ὲσχεδίασται,
2723 2695 2819 2747 καὶ
2856 2695 2954 2748 ὅσα
3001 2695 3316 2764 πέπρακται
3366 2694 3598 2762 παρανό-

2027 2802 2140 2854 μως
2183 2787 2298 2837 ἐκεῖ
2327 2785 2460 2854 πρδς
2491 2786 2601 2838 τῶν
2635 2787 2913 2856 προέδρων
2944 2787 3049 2840 τῶν
3103 2787 3340 2857 Παλαμᾷ
3373 2803 3600 2854 συμμαη

2023 2877 2262 2946 χούντων
2289 2878 2382 2929 καὶ
2413 2877 2954 2945 ἀνακεκαλυμμένως
2978 2876 3402 2946 ἐπιορκούντων,
3431 2873 3510 2927 ἔτι
3533 2891 3594 2927 τε

2023 2968 2171 3030 ὅπως
2201 2969 2259 3019 τὸ
2294 2968 2391 3036 μὲν
2432 2970 2531 3038 τῆς
2570 2969 2860 3031 πολυθεῖιις
2898 2969 3180 3038 ἠκύρωται
3217 2969 3413 3038 δόγμα,
3449 2968 3508 3020 τὸ
3538 2967 3594 3020 δὲ

2025 3059 2121 3127 τῆς
2159 3061 2426 3130 ὲνσὰρκου
2464 3063 2766 3131 μυστήριον
2797 3064 3112 3131 οἰκονομίας
3156 3061 3462 3133 ἀνῄρηταιο
3501 3061 3594 3112 καὶ

2023 3154 2158 3221 πρός
2185 3170 2246 3220 γε
2279 3157 2388 3218 τοῖς
2429 3154 2630 3220 ἄλλοις,
2673 3156 2707 3208 ἃ.
2741 3155 2862 3223 μηδ’
2895 3157 3032 3224 ἀκοῇ
3071 3156 3375 3226 σωφρονεῖν
3407 3155 3475 3207 δι’
3508 3154 3597 3206 εὐ-

2021 3243 2236 3297 σέϐειαν
2287 3247 2699 3320 προαιρουμένῃ
2733 3247 2932 3300 διδόναι
2973 3246 3172 3317 χρεὼν,
3226 3250 3452 3301 κάκεῖνα
3496 3248 3592 3307 δη-

2015 3337 2146 3407 λαδὴ
2175 3339 2274 3390 ὅσα
2327 3339 2680 3408 βαρϐαρικῶς
2735 3356 2792 3390 τε
2829 3341 2920 3390 καί
2967 3340 3248 3408 θηριωδῶς
3301 3340 3594 3408 εἴργασται

2019 3426 2154 3492 πρὸς
2179 3428 2285 3478 τῶν
2317 3431 2628 3495 ποιμαίνειν
2655 3427 2924 3497 λαχόντων
2950 3431 3048 3496 τὴν
3083 3429 3430 3498 Ἐκκλησίαν,
3459 3434 3592 3500 περὶ

2016 3511 2090 3571 ὧν
2117 3521 2143 3570 ὁ
2175 3518 2377 3584 Κύριος
2411 3519 2536 3586 ἔφη,
2575 3537 2594 3568 ι
2639 3519 2902 3588 [Ιοιμένες
2929 3521 3361 3590 ’ὴφρονεύσαντο,
3396 3523 3593 3588 ποιμέ-

2019 3626 2104 3671 νες
2139 3609 2454 3678 διέφθειραν
2492 3611 2583 3660 τὸν
2635 3611 2932 3679 ἀμπελῶνά
2967 3630 3088 3680 μου.
3137 3634 3154 3664 ι
3219 3616 3326 3666 Καὶ
3358 3616 3470 3682 ἃμα
3502 3617 3594 3668 τὸν

2018 3701 2111 3752 ἐπὶ
2136 3700 2344 3762 τούτοις
2377 3701 2815 3770 φρικωδέστατον
2847 3705 2936 3756 καὶ
2966 3707 3306 3758 παντοδαπὸν
3329 3705 3589 3773 διωγμὸν,

2020 3793 2258 3845 κᾶπειτα
2292 3792 2440 3854 ὅπως
2471 3810 2528 3843 τε
2566 3793 2928 3863 διηνέχθησαν
2967 3797 3100 3846 ἔνιοι
3143 3797 3262 3848 κατ’
3289 3799 3446 3850 ἐνίων
3474 3800 3595 3850 ὲπί·

2021 3900 2236 3945 σκοποι,
2271 3883 2366 3936 καὶ
2398 3884 2587 3952 σχεδὸν
2639 3883 2880 3947 ἅπαντες
2937 3887 3056 3938 καθ’
3089 3889 3368 3951 ἁπάντων,
3401 3888 3592 3960 ὥσπερ

2020 3975 2084 4024 ὲκ
2127 3973 2436 4039 μεταμέλου
2482 3971 2540 4023 τὸ
2577 3971 2808 4042 μέγεθος
2837 3973 2946 4026 τῶν
2995 3977 3274 4044 σφετέρων
3302 3979 3592 4046 ἀτοπημά-

2019 4081 2128 4116 των
2180 4065 2628 4136 ἐκπεπληγμένοι
2681 4083 2763 4132 τε,
2799 4069 2894 4118 καὶ
2946 4067 3067 4120 οὐδὲ
3103 4069 3290 4136 φέρειν
3337 4071 3596 4135 καθάπαξ

2020 4157 2336 4225 ἀνεχόμενοι
2359 4159 2453 4220 τὰς
2488 4159 2706 4211 πάντων
2729 4159 2816 4211 διὰ
2849 4159 3020 4212 ταῦτα
3053 4161 3388 4231 πανταχόθεν
3411 4162 3594 4233 ὓόρεις

2023 4249 2119 4300 καὶ
2151 4249 2449 4317 ἀπεχθείας
2473 4266 2486 4280 ο
2523 4253 2613 4302 καὶ
2637 4253 2783 4313 ὅπως
2821 4254 2844 4302 ὁ
2872 4252 3126 4319 βασιλεὺς
3154 4253 3357 4322 μεταξὺ
3386 4271 3597 4324 παρεμ-

2024 4339 2207 4392 πεσὼν
2243 4342 2369 4403 τοὺς
2405 4341 2501 4408 μὲν
2543 4342 2809 4403 θωπείαις
2842 4346 2931 4396 καὶ
2962 4347 3262 4415 χρημάτων
3286 4348 3592 4418 διανομαῖς.

347 4444 480 4498 Cum
531 4455 664 4493 vero
717 4439 782 4490 de
812 4438 1024 4490 ert-teris
1073 4432 1330 4487 erunibus
1374 4431 1539 4485 rebus
1589 4433 1632 4484 si
1671 4444 1917 4498 quaarere

2023 4433 2148 4496 τοὺς
2176 4432 2220 4484 δ’
2253 4433 2504 4496 ἀπειλαῖς
2530 4434 2847 4504 ὑπηγάγετό
2879 4455 2934 4489 τε
2970 4439 3061 4489 καὶ
3087 4440 3162 4507 τῷ
3194 4441 3432 4513 Παλαμᾷ
3463 4459 3600 4511 συμ-

348 4544 513 4602 atquc
547 4529 892 4599 percunctari
935 4527 1152 4584 vellem,
1208 4524 1412 4593 majore
1462 4521 1594 4574 mihi
1637 4521 1750 4575 otio
1783 4535 1920 4590 Opus

347 4636 510 4688 esset,
551 4626 603 4676 in
635 4623 738 4675 alia
773 4631 1018 4687 tempora
1063 4619 1112 4670 id
1159 4616 1520 4670 diﬂercndum
1545 4629 1664 4668 esse
1700 4615 1912 4683 putavi,

349 4729 510 4786 atque
539 4715 752 4768 duabus
773 4721 984 4765 tantum
1019 4710 1167 4764 hisce
1201 4709 1366 4761 rebus
1392 4707 1700 4761 accuratius
1733 4705 1920 4771 explo-

353 4807 540 4862 randis
597 4820 760 4858 onme
811 4802 1056 4856 studium
1121 4811 1178 4854 et
1229 4814 1448 4866 operam
1512 4797 1789 4866 impendi,
1861 4805 1920 4847 ut

285 4887 294 4898 ’
350 4901 584 4968 primum
631 4896 851 4966 quidem
887 4906 1299 4960 cognoscerem,
1354 4905 1454 4940 cur
1507 4887 1558 4940 in
1612 4887 1914 4940 custodiam

345 4991 675 5043 atrociorem
735 4999 782 5041 te
837 5001 1001 5054 quam
1053 4984 1296 5052 reliquos
1351 4979 1740 5033 includemlum
1793 4992 1915 5031 esse

347 5091 683 5154 imperantes
729 5080 1101 5136 decrevissent
1136 5096 1149 5132 ε
1189 5075 1391 5130 deinde
1444 5075 1705 5141 quidnam
1755 5073 1915 5125 novis

347 5179 464 5230 istis
496 5175 658 5229 tomis
685 5174 753 5227 ab
781 5171 1056 5240 episcopis
1101 5181 1158 5224 et
1206 5166 1634 5236 imperatoribus
1679 5163 1918 5232 perscri-

347 5283 498 5338 ptum
535 5276 681 5322 esset
711 5275 768 5320 et
797 5280 965 5333 quare
1001 5278 1096 5318 eos
1127 5279 1156 5314 a
1189 5277 1247 5314 se
1277 5261 1408 5329 ipsis
1440 5258 1720 5312 confectos
1749 5256 1912 5310 etiam

345 5363 488 5432 apud
522 5375 579 5414 se
627 5358 957 5419 retinerent,
994 5353 1334 5425 argumentis
1387 5367 1603 5417 eorum,
1653 5366 1720 5404 ne
1763 5351 1916 5418 quis-

349 5469 510 5522 quam
539 5467 602 5520 ea
635 5450 919 5519 explorare
965 5457 1166 5516 posset,
1221 5443 1488 5514 profunda
1539 5444 1915 5498 taciturnitate

415 5655 436 5682 ³
471 5653 670 5708 Jercm.
715 5669 814 5717 xu,
844 5653 928 5706 10.

2027 4525 2234 4594 μάχους
2293 4521 2432 4576 εἶναι
2493 4528 2755 4580 πέπεικεν
2815 4529 2920 4587 ἀεὶ.
2958 4533 3052 4583 καὶ
3092 4533 3288 4598 τόμους
3349 4533 3595 4586 τίθεσθαι

2023 4615 2269 4676 καινοὺς,
2307 4615 2401 4683 τῆς
2428 4615 2593 4667 αὑτοῦ
2625 4616 2930 4684 βεϐαιωτὰς
2963 4618 3304 4682 δυσσεϐείας.
3343 4623 3464 4674 Τῶν
3498 4625 3596 4690 μὲν

2020 4701 2112 4757 οὖν
2160 4707 2336 4758 ἀλλων
2385 4708 2640 4759 ἁπάντων
2673 4708 2800 4776 πέρι
2851 4708 3036 4777 ζητεῖν
3072 4711 3166 4762 καὶ
3215 4713 3595 4780 διερευνᾶσθαι

2024 4797 2330 4866 βούλεσθαι,
2363 4798 2458 4852 are
2492 4799 2686 4868 σχολῆς
2715 4800 2944 4869 δεόμενα
2975 4804 3251 4867 πλείονος,
3287 4807 3495 4875 ἑτέροις
3540 4809 3592 4858 έ-

2025 4906 2209 4957 γνωκα
2264 4891 2372 4942 δεῖν
2408 4893 2766 4961 ταμιεύεσθαι
2797 4899 3038 4962 χρόνοις·
3090 4899 3251 4960 αὐτὸς
3293 4901 3348 4952 δὲ
3409 4901 3596 4967 μόνοις

2021 4983 2140 5035 δυσὶ
2177 4984 2416 5035 τουτοισὶ
2446 4985 2543 5054 τὴν
2569 4987 2750 5038 πᾶσαν
2793 4987 2885 5039 τοῦ
2922 4991 3086 5042 πόθου
3141 4981 3378 5061 σπουδὴν
3407 4997 3596 5060 περιέ-

2020 5075 2234 5142 κλεισα,
2261 5077 2360 5145 τήν
2389 5094 2448 5128 τε
2477 5078 2756 5150 κάθειρξιν
2774 5083 2873 5150 τὴν
2895 5081 2993 5150 σὴν
3022 5084 3234 5152 μαθεῖν,
3257 5085 3458 5156 δηλαδὴ
3481 5090 3594 5142 πιῖ›;

2021 5169 2073 5228 ἐς
2097 5168 2153 5220 τὸ
2183 5168 2488 5236 βιαιότερον
2519 5169 2549 5238 ἣ
2582 5171 2722 5223 κατὰ
2754 5173 2878 5234 τοὺς
2899 5173 3087 5236 ἄλλους
3120 5176 3594 5245 ἐξενηνέχθαιτοῖς

2019 5259 2282 5326 ἄρχουσιν
2336 5260 2420 5326 εἴη
2453 5259 2844 5329 ἐψηφισμένον,
2883 5265 2976 5314 καὶ
3027 5265 3144 5329 ἅμα
3201 5265 3252 5317 τί
3303 5266 3369 5318 ἂν
3411 5269 3498 5337 εἴη
3529 5271 3595 5322 τὰ

2019 5351 2130 5410 τοῖς
2165 5351 2374 5410 καινοῖς
2413 5351 2547 5416 πρὸς
2597 5351 2703 5402 τῶν
2739 5353 3055 5404 ἐπισκόπων
3087 5357 3180 5406 καὶ
3213 5353 3478 5423 βασιλέων
3505 5360 3596 5426 ἐγ-

2021 5439 2384 5510 γεγραμμένα
2414 5442 2620 5510 τόμοις,
2667 5445 2761 5496 καὶ
2801 5445 2922 5496 ὅτου
2955 5445 3111 5516 χάριν
3155 5449 3309 5501 αὐτοὶ
3343 5449 3464 5506 καθ’
3495 5453 3597 5505 αὑ-
