4070 6326
378 463 451 529 49
1321 475 1631 538 ΒῩΖΑΝΤΙ
1650 477 1767 538 ΝίΕ
1806 478 1964 538 lllS']

2066 481 2119 539 ll
2133 482 2196 541 .‘E
2235 482 2377 545 LIB.
2424 486 2590 547 XXV.
3563 493 3639 555 ἷτί)

377 584 502 647 τοὺς
532 583 937 649 συντεθεικότες
961 585 1160 651 αὐτοὺς
1185 589 1340 644 αὐτοὶ
1369 594 1462 646 καὶ
1496 597 1789 663 κατέχουσι
1814 592 1948 664 παρ’

2078 597 2336 664 uvolntis,
2382 617 2558 670 neque
2591 602 2655 655 ad
2693 613 2929 655 vestram
2982 605 3231 658 notitiam
3279 621 3340 659 ea
3386 608 3629 675 proferre

378 680 616 743 ἑαυτοῖς,
641 678 952 733 ἀνέκπυστα
979 682 1613 756 τάνδον“σιωπῆς’μυχοῖς
1641 686 1950 743 καλύπτον-

378 789 469 832 τες
498 772 592 823 καὶ
621 771 748 841 ὑμῖν
773 772 1093 841 ἐμφανίζειν
1116 776 1178 829 οὐ
1204 777 1347 844 μάλα
1376 778 1709 848 τολμῶντες.

452 861 579 915 Kl".
616 863 754 932 Περὶ
814 864 915 932 μὲν
949 861 1044 917 σοῦ
1076 865 1262 919 πολλοὶ
1316 867 1580 932 πολλάκις
1629 872 1692 923 ἐκ
1739 869 1952 923 πολλῶν

379 956 681 1024 ἐλέχθησαν
723 956 895 1024 λόγοι,
927 957 1176 1028 διάφοροι
1210 959 1329 1043 μὲν.
1361 958 1504 1016 εἶναι
1546 963 1850 1026 δοκοῦντες,
1886 963 1948 1034 [Γ.

386 1048 487 1103 I09
514 1046 571 1118 ὑ]
604 1046 738 1119 πρὸς
775 1048 822 1101 δ’
850 1049 948 1103 ἕνα
976 1050 1177 1114 πάντες
1223 1051 1514 1122 βλέποντες
1547 1056 1751 1108 σκοπόν
1775 1068 1791 1083 ⁸
1822 1057 1954 1121 τάγ-

380 1139 567 1208 κεϋμια
597 1141 665 1192 τὰ
689 1142 758 1194 σὰ
791 1139 1014 1212 δηλαδὴ,
1044 1140 1119 1205 ὡς
1147 1143 1372 1198 ἐκείνων
1406 1145 1622 1216 ἑκάστῳ
1655 1146 1954 1207 διαθέσεως

377 1233 401 1280 ἒ
410 1248 525 1300 χειν
551 1232 686 1300 πρὸς
718 1232 779 1286 σὲ
808 1234 1113 1301 συνέϐαινε,
1141 1237 1236 1290 καὶ
1276 1236 1395 1308 ἅμα
1425 1239 1787 1310 σχολαστικῆς
1818 1242 1954 1312 πρός

379 1340 445 1387 γε
473 1325 540 1377 τά
569 1323 827 1393 δρώμενα
855 1326 1117 1384 διανοίας.
1152 1323 1249 1392 οἷς
1278 1347 1341 1398 γε
1377 1332 1484 1401 μὴν
1519 1335 1574 1394 ἐς
1612 1332 1679 1385 τὰ
1716 1334 1956 1401 μάλιστα

379 1416 606 1484 φοιτῶσι
652 1417 887 1490 Παλαμᾷ
913 1436 971 1472 τε
1019 1420 1111 1473 καὶ
1144 1423 1399 1493 Κοκκίνῳ
1423 1425 1501 1494 τῷ
1542 1426 1869 1495 Ἡρακλείας
1905 1428 1957 1477 ὲ-

381 1510 636 1576 πισκὸπῳ
661 1510 814 1581 παρὰ
843 1511 1051 1566 τούτων
1081 1514 1273 1583 μαθεῖν
1290 1517 1688 1588 ἐναργέστερον
1710 1517 1955 1585 ἐξεγένε-

376 1620 464 1667 το,
495 1602 583 1671 εἴη
605 1603 670 1657 ἂν
697 1603 840 1667 ταδὶ,
875 1603 933 1656 ἒν
964 1607 1063 1676 μὲν
1085 1608 1168 1660 ὅτι
1213 1607 1531 1681 Ῥωμαϊκὴν
1575 1611 1820 1681 ἱστορίαν
1846 1611 1956 1663 τῶν

378 1697 683 1765 γινομένων
709 1697 967 1751 ἁπάντων
999 1700 1370 1769 συγγράφοντι
1395 1718 1479 1754 σοι
1510 1704 1716 1772 σφόδρα
1748 1701 1956 1772 φιλότι-

382 1804 485 1856 μον
510 1788 568 1841 τό
598 1788 662 1856 γε
710 1789 790 1851 είς
827 1788 885 1843 σὲ
928 1783 1086 1860 ¹ἧκον,
1137 1792 1306 1857 εἰκὸς,
1348 1792 1550 1862 μᾶλλον
1583 1796 1628 1848 δ’
1675 1795 1776 1848 οὐκ
1807 1794 1956 1857 εἰκὸς

378 1881 498 1935 ἀλλ’
524 1882 760 1951 ἀνάγκη,
787 1883 882 1935 καὶ
908 1883 1037 1954 περὶ
1063 1883 1174 1937 τῶν
1197 1884 1676 1956 ὲκκλησιαστικῶν
1705 1887 1954 1957 συγγρά-

378 1992 504 2041 φειν
532 1974 801 2044 πολέμων.
849 1975 945 2036 Τίς
969 1977 1087 2049 γάρ
1117 1975 1226 2031 τῶν
1254 1977 1425 2048 μηδὲν
1475 1978 1702 2048 μηδαμῆ
1749 1994 1957 2050 προση-

378 2071 589 2121 κόντων
634 2086 717 2122 σοι
758 2069 1036 2141 δημοσίων
1082 2071 1444 2142 πραγμάτων,
1498 2072 1662 2142 φαίην
1686 2072 1730 2125 δ’
1772 2074 1838 2125 ἂν
1862 2074 1956 2127 καὶ

378 2161 815 2230 οἰκουμενικῶν,
865 2161 1227 2233 αὑθαιρέτους
1277 2163 1512 2234 μόχθους
1562 2165 1958 2236 ἀναδεχόμενον

382 2255 602 2323 βλέπων
637 2271 696 2307 σε
721 2255 880 2323 δόξης
920 2255 1087 2308 ἕνεκα
1129 2256 1216 2309 δια
1246 2257 1346 2325 γῆς
1378 2256 1745 2325 πλανωμένης
1774 2258 1868 2311 καὶ
1900 2259 1959 2313 τδ

376 2351 529 2418 [χνος
558 2350 647 2401 ἐπὶ
671 2346 874 2416 σαθροῦ
908 2365 1051 2412 τινος
1092 2350 1187 2402 καὶ
1210 2349 1364 2402 νόθου
1396 2350 1561 2417 φάναι
1602 2350 1791 2414 κλέους
1812 2352 1961 2419 ὲρει-

378 2442 608 2511 δούσης,
640 2442 727 2493 ἵνα
758 2440 963 2511 δηλαδὴ
993 2446 1193 2511 μεστὸν
1240 2441 1469 2494 σεαυτοῦ
1506 2441 1597 2494 τὸν
1628 2440 1825 2514 ἐφεξῆς
1856 2459 1956 2495 κα-

375 2527 618 2599 ταλίπῃς
650 2527 846 2594 αἰῶνα,
881 2529 1115 2600 ὑποψίας
1145 2529 1325 2582 ἀθῶον
1382 2532 1601 2599 ἀφεῖναι
1646 2532 1957 2602 ἀνάσχοιτο,

376 2624 481 2680 καὶ
514 2622 650 2691 μηδὲ
686 2623 870 2676 πᾶσαν
911 2624 1145 2677 ἐνταῦθα
1193 2623 1394 2690 μᾶλλον
1440 2624 1593 2694 ἰσχὺν
1638 2627 1959 2680 καταθεῖναί

378 2731 445 2765 σε
475 2712 774 2767 σπουδάσαι
802 2713 1079 2779 λογίσαιτο
1106 2713 1282 2781 λόγων
1308 2714 1417 2767 τῶν
1447 2716 1577 2780 σῶν,
1605 2716 1690 2769 ἵνα
1714 2720 1805 2771 καὶ
1836 2718 1961 2781 τοὺς

376 2805 664 2868 κλύδωνας
692 2804 804 2857 τῶν
842 2806 1089 2876 πατρίων
1118 2806 1431 2876 δογμάτων,
1458 2808 1583 2860 ὅσον
1612 2810 1853 2877 ἐφικτὸν,
1875 2810 1962 2864 διά

381 2901 573 2970 πάσης
622 2898 959 2970 δημοσιεύσῃ
1002 2900 1103 2967 τῆς
1154 2900 1502 2970 οἰκουμένης,
1555 2904 1650 2955 καὶ
1686 2903 1802 2970 ἅμα
1836 2903 1962 2966 τοὺς

380 2995 518 3056 σοὺς
549 2993 691 3063 ὑπὲρ
733 2993 939 3045 τούτων
970 2992 1183 3061 ἀγῶνας
1212 2993 1445 3065 ἐνδείξῃ,
1479 2994 1573 3047 καὶ
1597 2993 1687 3058 οὓς
1717 2997 1801 3048 ἀεὶ
1828 2996 1964 3067 πρὸς

377 3088 496 3140 τῶν
548 3086 855 3151 κακοδόξων
902 3085 1180 3149 κινδύνους
1223 3086 1514 3154 ὲφίστασαι
1541 3124 1553 3146 .
1601 3089 1963 3142 παντοδαπῶν

375 3178 690 3244 ἀπάξοντας
714 3177 962 3231 θανάτων
983 3195 999 3244 ;
1023 3177 1118 3231 Ἐν
1151 3177 1250 3249 μὲν
1270 3178 1335 3249 δὴ
1365 3177 1457 3232 οῦν
1498 3179 1655 3232 τσῦ-το
1686 3180 1853 3250 φασὶν
1881 3182 1966 3235 al-

377 3286 503 3322 τιον
552 3266 648 3322 τοῦ
683 3285 745 3338 γε
789 3268 854 3337 δὴ
900 3268 1010 3321 τῶν
1041 3268 1217 3322 ἄλλων
1257 3269 1460 3339 μᾶλλον
1486 3270 1626 3323 κατὰ
1663 3272 1756 3324 σοῦ
1796 3276 1964 3328 κινεῖ-

382 3362 518 3415 σθαι
563 3361 688 3424 τοὺς
744 3360 1077 3427 ἀντιθέτους,
1129 3363 1224 3415 καὶ
1276 3362 1535 3415 τοιούτων
1584 3381 1668 3417 σοι
1700 3364 1963 3434 διηνεκῶς

381 3452 750 3517 συσκευάξειν
783 3452 1027 3505 θανάτων
1049 3453 1333 3524 κρατῆρας
1360 3470 1374 3485 ·
1407 3454 1659 3525 δεύτερον
1681 3457 1727 3510 δ’
1748 3459 1833 3512 ὅτι
1856 3459 1966 3513 τῶν

379 3550 570 3602 ἄλλων
597 3546 895 3619 άφρὸντιδα
924 3546 1040 3616 βίον
1087 3549 1181 3601 καὶ
1212 3548 1453 3618 ἅμοχθον
1500 3552 1640 3604 οἴκοι
1665 3552 1966 3623 διατριῦόν-

377 3657 522 3700 των,
554 3641 655 3691 οὐκ
680 3637 904 3708 ἠμέλεις
940 3635 1105 3707 ζήλου
1141 3637 1204 3691 σὺ
1247 3639 1341 3691 καὶ
1374 3640 1601 3709 θορύϐου
1630 3642 1829 3705 παντὸς
1862 3646 1967 3712 ἐμ-

382 3732 610 3787 πιπλῶν
667 3731 738 3784 τά
798 3730 1065 3800 βασίλεια,
1122 3731 1216 3786 νῦν
1269 3733 1391 3800 μὲν,
1426 3732 1518 3796 οὓς
1560 3733 1830 3802 εὐγένειαι
1872 3741 1966 3790 καὶ

381 3825 583 3894 κῷνον
649 3819 812 3890 τύχαι
878 3819 1184 3891 περιοδικαι
1237 3821 1554 3890 κοσμοῦσιν,
1594 3821 1812 3893 ἔχεσθαι
1867 3824 1965 3895 μὲν

381 3915 661 3985 λαμπρῶς
701 3915 785 3967 ἀεὶ
819 3912 928 3966 τῶν
970 3914 1213 3984 πατρίων
1245 3913 1513 3968 διδάσκων
1559 3915 1697 3968 ἐθῶν
1738 3918 1833 3969 καὶ
1878 3916 1966 3969 νό-

386 4022 535 4073 μων,
567 4001 873 4072 άπέχεσθαι
920 4001 977 4054 δὲ
1010 4003 1119 4055 τῶν
1158 4002 1412 4072 ἀθέσμων
1441 4003 1534 4056 τοῦ
1577 4005 1812 4073 Παλαμᾶ
1841 4023 1966 4062 και·

384 4092 693 4162 νοφωνιῶν,
743 4092 838 4146 νῦν
866 4092 910 4147 δ’
951 4094 1113 4147 αὐτὸν
1152 4093 1389 4164 ἐλέγχων
1443 4096 1546 4167 ίδὶᾳ
1576 4113 1633 4148 τε
1680 4099 1774 4150 καὶ
1802 4098 1966 4169 δημο-

387 4189 486 4258 σίᾳ
509 4186 601 4239 τὸν
635 4185 886 4256 βασιλέα,
918 4187 1014 4240 καὶ
1048 4187 1145 4241 νῦν
1179 4187 1276 4256 μὲν
1311 4187 1445 4258 ὁμοῦ
1487 4188 1565 4257 τῷ
1599 4191 1969 4260 πατριαρχεύ-

387 4298 548 4334 σαντι
583 4282 712 4351 πρὶν
747 4281 1026 4351 Ἰσιδώρῳ,
1055 4281 1149 4333 νῦν
1193 4280 1239 4334 δ’
1270 4279 1406 4350 ὁμοῦ
1456 4280 1534 4351 τῷ
1563 4282 1813 4335 δοσσεὸεῖ
1857 4284 1968 4337 [Ια-

386 4374 566 4446 λαμᾷ,
588 4377 681 4428 καὶ
704 4375 801 4428 νῦν
840 4376 941 4445 μὲν
974 4375 1250 4444 Ἰουλιανῷ
1283 4375 1649 4444 παραϐάλλων
1675 4378 1768 4429 καὶ
1794 4377 1971 4442 Μάξι-

392 4467 596 4538 μιλνῷ,
637 4466 732 4519 νῦν
775 4467 819 4519 δ’
852 4467 1246 4538 Εἱκονυμάχοις
1279 4470 1374 4521 καὶ
1412 4468 1524 4529 τοῖς
1551 4469 1813 4532 eamdem;
1844 4469 1968 4522 διώ-

390 4579 573 4625 κταις.
604 4559 836 4613 Κάπειτ’
863 4560 960 4628 οὐχ
986 4560 1131 4622 ὅπως
1159 4561 1219 4612 οὐ
1241 4563 1351 4622 τοῖς
1382 4561 1642 4623 τοιούτοις
1669 4561 1965 4632 ἠρκέσθης,

2055 690 2341 746 auderent.

2054 884 2067 916 ῖ
2130 873 2319 928 XXIII.
2372 877 2445 928 De
2506 884 2556 930 te
2593 876 2756 946 igitur
2802 876 2956 931 multi
3004 892 3147 945 srepe
3179 894 3207 931 a
3246 877 3429 932 multis
3485 877 3630 932 fere-

2058 965 2263 1019 bantur
2302 982 2604 1027 sermones,
2636 966 2728 1035 qui
2782 983 3093 1037 quanquam
3149 970 3291 1023 inter
3339 987 3397 1024 se
3430 969 3629 1024 diversi

2057 1058 2409 1121 videbantur,
2442 1057 2507 1111 ad
2540 1074 2706 1111 unum
2760 1067 2941 1113 tamen
2985 1076 3178 1115 onmes
3219 1061 3381 1116 linem
3416 1069 3631 1129 specta-

2057 1150 2212 1212 bant,
2267 1150 2331 1202 ad
2373 1162 2494 1203 tuas
2542 1151 2754 1205 scilicet
2808 1151 3015 1214 laudes,
3058 1164 3220 1219 prout
3268 1155 3502 1223 quisque
3550 1152 3635 1206 vel

2057 1241 2242 1295 animo
2276 1241 2328 1293 in
2366 1249 2419 1294 te
2448 1241 2679 1295 allectus
2708 1241 2791 1293 vel
2821 1242 3031 1312 judicio
3065 1243 3132 1296 de
3178 1246 3362 1307 rebus.
3391 1260 3511 1312 quze
3540 1259 3635 1311 ge-

2058 1343 2277 1395 runtur,
2307 1332 2569 1400 przcditus
2600 1341 2737 1384 erat.
2777 1333 2877 1398 Qui
2908 1349 3040 1388 vero
3073 1336 3307 1388 maxime
3356 1336 3633 1388 Palamam

2058 1433 2114 1478 ct
2141 1425 2461 1489 Coecinum,
2502 1424 2775 1479 Heracleae
2820 1426 3164 1494 episcopum,
3222 1425 3636 1495 I‘rcqucntantes

2056 1516 2165 1586 62
2197 1515 2491 1569 dilucidius
2538 1516 2605 1569 ab
2656 1517 2788 1584 ipsis
2844 1533 2933 1572 res
2976 1532 3304 1587 cognoscere
3358 1527 3631 1588 poterant,

2058 1607 2223 1661 hasce
2256 1606 2369 1661 fere
2403 1624 2596 1662 causas
2624 1608 2857 1663 aﬂ‘eruut
2891 1627 2904 1663 :
2943 1611 3176 1677 primum
3214 1610 3457 1678 quidem,
3488 1614 3633 1680 quod

2061 1698 2160 1754 tibi
2197 1699 2483 1753 historiam
2517 1700 2819 1754 Romanam
2860 1702 3108 1755 omnium
3147 1716 3354 1768 rerum,
3387 1719 3509 1771 qua:
3546 1719 3639 1773 ge-

2059 1798 2279 1855 runtur,
2336 1800 2602 1860 quantum
2658 1791 2711 1845 in
2751 1800 2800 1846 te
2830 1802 2932 1855 est,
2969 1791 3267 1847 ambitioso
3285 1794 3466 1848 studio
3511 1812 3640 1849 con-

2061 1881 2324 1937 scribenti
2352 1890 2785 1937 consentaneum
2811 1883 2892 1937 vel
2929 1883 3111 1952 potius
3140 1886 3515 1939 necessarium
3542 1886 3633 1949 sit,

2059 1976 2223 2030 etiam
2285 1976 2355 2030 de
2422 1975 2822 2030 certaminibus
2876 1975 3263 2031 ecclesiasticis
3338 1993 3635 2046 exponere.

2059 2067 2193 2133 Quis
2217 2067 2389 2132 enim,
2422 2068 2516 2136 qui
2560 2067 2849 2121 molestum
2907 2083 2995 2121 res
3044 2068 3312 2138 publicas,
3365 2086 3486 2138 qum
3536 2071 3638 2122 mi‘

2061 2162 2207 2214 nime
2243 2160 2311 2213 ad
2347 2170 2396 2213 te
2425 2159 2723 2228 pertinent,
2756 2171 2811 2215 ct
2843 2176 3015 2230 prope
3054 2160 3284 2214 dixerim
3343 2170 3456 2215 toto
3503 2163 3636 2216 orbe

2063 2264 2329 2308 terrarum
2382 2262 2563 2322 gestas
2632 2252 3020 2307 conscribendi
3067 2253 3309 2306 laborem
3381 2264 3431 2306 te
3493 2253 3636 2306 ultro

2062 2343 2457 2412 suscipientem
2510 2342 2694 2397 videat
2748 2343 2933 2411 gloria:
2983 2358 3147 2396 causa
3198 2352 3401 2397 terram
3444 2359 3637 2412 perva-

2063 2436 2243 2507 gantis
2274 2444 2328 2489 et
2355 2434 2647 2504 vestigium
2676 2435 2864 2504 putida
2887 2436 3122 2504 quadam
3148 2444 3222 2500 et,
3256 2445 3314 2489 ut
3336 2436 3410 2490 ita
3434 2435 3637 2500 dicam,

2062 2529 2372 2583 adulterata
2426 2527 2573 2582 fama
2632 2527 2941 2591 innitentis,
3009 2528 3265 2582 nimirum
3332 2538 3390 2583 ut
3457 2529 3637 2583 Iutura

2064 2621 2260 2675 saecula
2319 2632 2408 2674 tua
2460 2619 2631 2690 gloria
2681 2618 2839 2689 plena
2890 2619 3193 2689 relinquas,
3224 2627 3275 2673 te
3323 2621 3637 2690 suspicione

2064 2714 2299 2768 liberum
2334 2714 2517 2767 sinere
2538 2712 2856 2777 sustinebit,
2883 2727 3058 2781 neque
3082 2715 3264 2781 potius
3291 2728 3509 2767 omnem
3530 2713 3639 2768 vim

2068 2815 2289 2860 tuorum
2324 2809 2611 2859 verborum
2656 2803 2709 2856 in
2742 2818 2809 2857 eo
2847 2813 2898 2858 te
2931 2818 3136 2872 ponere
3170 2804 3550 2867 arbitrabitur,
3586 2813 3643 2857 ut

2066 2899 2231 2953 etiam
2263 2907 2616 2967 tempestates
2649 2896 2951 2966 patriorum
2997 2895 3337 2966 dogmatum,
3371 2904 3639 2965 quantum

2067 2992 2188 3047 ﬁeri
2222 2992 2416 3061 possit.
2452 3006 2550 3062 per
2580 3002 2750 3045 totum
2780 2990 2969 3045 orbem
2999 2990 3223 3059 cvulges
3249 2990 3524 3057 simulque
3550 2998 3639 3043 tua

2067 3086 2369 3141 certamina
2407 3101 2505 3154 pro
2534 3083 2602 3141 iis
2643 3094 2894 3151 suscepta
2945 3096 3108 3151 atque
3157 3082 3418 3151 pericula,
3453 3098 3643 3137 omnes

2071 3189 2275 3233 mortes
2319 3175 2647 3240 redolentia,
2676 3176 2745 3229 ab
2779 3174 3044 3241 improbis
3073 3174 3170 3228 tibi
3207 3190 3426 3243 semper
3463 3175 3645 3229 inten-

1993 3305 2035 3360 ϐ
2072 3279 2180 3325 tuta
2221 3267 2518 3324 ostendas?
2582 3267 2732 3321 llanc
2794 3280 2957 3319 unam
2993 3279 3112 3320 esse
3165 3280 3384 3320 causam
3430 3264 3644 3327 dicunt,

2073 3371 2298 3431 pr0pter
2337 3376 2501 3431 quam
2532 3358 2832 3414 adversarii
2870 3358 2922 3411 in
2957 3368 3009 3411 te
3045 3357 3447 3423 vehementius,
3480 3372 3643 3426 quam

2073 3453 2124 3507 in
2163 3453 2429 3522 reliquos,
2466 3451 2676 3505 incitati
2714 3450 2824 3505 sint
2878 3450 3087 3520 tibique
3137 3462 3406 3520 perpetuo
3457 3449 3645 3503 morti-

2073 3545 2411 3615 fera‘pocula
2462 3551 2805 3613 comparent.
2860 3542 3045 3597 Altera
3108 3558 3273 3598 causa
3325 3552 3431 3606 est,
3476 3543 3644 3611 quod,

2068 3638 2191 3693 aliis
2231 3638 2383 3692 domi
2414 3638 2582 3691 vitam
2615 3652 2865 3691 securam
2902 3645 2959 3690 et
2993 3637 3283 3690 socordem
3335 3635 3645 3705 agentibus,

2074 3743 2126 3787 tu
2165 3747 2271 3786 non
2323 3732 2578 3787 cessabas
2628 3731 2745 3785 zelo
2775 3741 2830 3785 et
2888 3731 3062 3786 turbis
3111 3731 3366 3785 omnibus
3422 3731 3649 3798 implere

2071 3826 2359 3897 palatium,
2389 3840 2513 3880 cum
2547 3825 2763 3892 generis
2798 3823 3085 3878 nobilitate
3117 3819 3172 3879 et
3222 3825 3459 3878 fortun-.e
3494 3822 3649 3876 vicis-

2069 3918 2409 3974 situdinibus
2433 3926 2662 3972 ornatos
2683 3911 2969 3987 splendide
2998 3917 3202 3987 patrios
3230 3916 3339 3987 63
3390 3930 3569 3970 mores
3591 3926 3648 3971 et

2070 4014 2219 4084 leges
2256 4025 2476 4081 semper
2500 4011 2778 4079 amplecti,
2809 4009 3114 4081 illegitimis
3138 4018 3319 4063 autem
3350 4008 3647 4063 verborum

2070 4103 2412 4159 novitatibus
2462 4103 2695 4158 Palamae
2743 4102 3026 4157 abstinere
3070 4101 3319 4166 doceres,
3359 4101 3412 4154 in
3452 4100 3646 4169 ipsum

2070 4206 2254 4252 autem
2289 4196 2676 4265 imperatorem
2705 4194 2963 4266 privatim
2986 4205 3152 4264 atque
3181 4193 3399 4264 publice
3443 4208 3647 4261 Oppre-

2071 4289 2189 4344 bria
2224 4289 2499 4359 iujieeres,
2528 4288 2691 4343 modo
2720 4302 2845 4341 cum
2882 4302 2989 4341 una
3042 4302 3166 4341 cum
3214 4285 3449 4351 Isidoro,
3486 4298 3647 4338 antea

2070 4380 2495 4451 patriarebicam
2549 4381 2735 4435 sedem
2793 4378 3099 4442 obtinente,
3162 4377 3324 4431 modo
3357 4392 3463 4430 una
3521 4392 3646 4430 eum

2072 4473 2239 4540 impio
2275 4472 2489 4525 Palama
2518 4512 2533 4534 ,
2567 4479 2686 4529 tum
2742 4484 2866 4525 cum
2918 4470 3137 4525 Juliano
3188 4479 3244 4523 et
3292 4468 3645 4527 Maximiano.

2073 4573 2185 4618 tum
2227 4580 2349 4617 cum
2382 4563 2763 4619 Iconomacltis
2801 4574 2856 4617 et
2890 4561 3160 4633 ejusmodi
3200 4550 3651 4631 persecutoribus

391 4655 533 4709 ἀλλὰ
561 4653 752 4724 καῦτῷ
789 4652 986 4724 μακρῷ
1030 4653 1294 4724 συνεδρίῳ
1321 4653 1417 4720 τῆς
1449 4654 1651 4706 ἀτόπου
1686 4654 1963 4722 φάλαγγος

2071 4655 2462 4725 comparando.
2521 4655 2726 4722 Deinde
2783 4655 2929 4724 quod
2985 4653 3137 4709 hisee
3190 4670 3298 4708 non
3354 4662 3649 4707 contentus

390 4750 504 4800 τῶν
550 4748 830 4816 ποιμένων
874 4744 1103 4797 ἐκείνων
1152 4745 1681 4817 πεπαρρησιασμένῃ
1706 4746 1798 4798 καὶ
1828 4746 1967 4798 ἁπα-

393 4840 733 4912 ρακαλὺπτῳ
769 4843 839 4910 τῇ
874 4840 1090 4910 γλώττῃ
1123 4838 1539 4909 παρεισκυκλιῖιν
1564 4841 1664 4893 οὐκ
1689 4838 1858 4903 ἁνίεις
1881 4841 1972 4894 καὶ

394 4933 864 5003 ἐπαναλαμσάνων
894 4933 1033 4987 αὑτά
1056 4950 1114 4985 τε
1142 4932 1334 4993 ταῦτα,
1366 4932 1570 5000 καὶβσα
1603 4932 1808 4985 τούτων
1830 4943 1984 5005 παρ-’

394 5029 625 5098 ενείρων
666 5027 861 5097 μείζω,
903 5028 996 5080 καὶ
1020 5026 1440 5097 προσονειδίςων
1469 5026 1613 5096 μάλα
1647 5043 1711 5094 γε
1737 5026 1973 5097 πικρῶς,

396 5123 490 5176 καὶ
539 5121 680 5176 κατὰ
734 5120 935 5175 σαυτοῦ
993 5117 1164 5191 συχνὰ
1214 5121 1386 5173 ποιῶν
1440 5118 1832 5191 μανικώτερον,
1880 5121 1975 5173 καὶ

396 5212 575 5278 ταῦτ’,
611 5211 772 5282 είπερ
803 5228 890 5275 τις
937 5212 1146 5281 ἕτερος.
1174 5209 1331 5274 εἰδὼς
1378 5211 1561 5276 αὑτὸν,
1594 5210 1668 5274 ὡς
1699 5210 1859 5280 εἴπερ
1881 5209 1973 5263 καὶ

398 5306 656 5375 αὐτῆμαρ
701 5304 1030 5372 καταπέψει,
1080 5302 1218 5358 ἀλλά
1248 5321 1311 5372 γε
1356 5303 1450 5355 καὶ
1483 5301 1811 5370 μετόπισθεν
1860 5301 1974 5371 ἔχει

398 5398 580 5461 κότον,
614 5397 682 5465 ὖφ
690 5413 757 5466 ρα
789 5397 1038 5468 τελέσσῃ.

478 5492 602 5543 KA’.
631 5489 826 5559 Τρίτον
876 5489 959 5542 ὅτι
1003 5488 1281 5559 χλευάζων
1328 5487 1524 5550 αὐτοὺς
1563 5487 1698 5557 πρὸς
1745 5486 1976 5554 ἀπειλῆς

399 5583 705 5652 ὀνὴνργκας
754 5581 961 5651 σχῆμα,
994 5581 1177 5647 λόγοις
1224 5581 1631 5651 ἀντιρρητικοϊς
1688 5578 1978 5634 καταλύειν

394 5672 492 5726 τὸν
524 5673 715 5744 τάμον,
742 5673 803 5727 ὃν
830 5673 986 5728 αὐτοὶ.
1019 5674 1218 5727 νεωστὶ
1248 5675 1342 5727 καὶ
1379 5674 1553 5743 λάθρα
1583 5674 1855 5727 συνθεῖναι
1886 5690 1978 5725 τε-

398 5767 751 5837 τολμήκεσαν
808 5767 949 5821 κατά
1008 5769 1107 5839 τῆς
1142 5766 1449 5832 εὐσεϐείας,
1487 5767 1978 5836 ἐπαγγειλάμενος.

400 5863 515 5913 Καὶ
549 5860 806 5933 τέταρτον
838 5863 924 5916 ὅτι
977 5863 1188 5932 μακρὸν
1217 5864 1341 5934 ᾔδη
1370 5864 1559 5934 χρόνον
1604 5866 1703 5933 τὴν
1744 5861 1979 5932 θύραθεν

406 5956 593 6009 πᾶσαν
624 5955 814 6025 σοφῖαν
836 5955 1143 6014 διδάσκοντι
1177 5954 1462 6020 πλείστους
1489 5955 1579 6009 καὶ
1607 5951 1979 6029 παντοδαποὺς

2070 4748 2172 4816 ipsi
2203 4764 2400 4817 magno
2447 4748 2684 4802 concilio
2718 4748 2921 4801 insanae
2967 4746 3183 4801 illorum
3244 4756 3522 4816 pastorum
3556 4761 3649 4800 ca-

2074 4848 2239 4895 tervze
2266 4839 2439 4894 libera
2491 4847 2549 4893 et
2594 4837 2844 4893 intimida
2880 4838 3065 4908 lingua
3115 4838 3335 4893 easdem
3390 4838 3652 4891 calumias

2074 4935 2375 4991 identidem
2422 4937 2673 5007 ingerere
2704 4944 2759 4990 et
2807 4935 2890 4989 vel
2920 4935 2987 4989 iis
3020 4934 3255 5003 majores
3324 4934 3649 4988 illlCI‘SCI‘L‘itl

2075 5027 2558 5098 acerbissimisque
2603 5027 2913 5083 maledictis
2966 5027 3341 5096 perstringere
3391 5026 3653 5095 atque,in

2077 5128 2249 5175 temet
2299 5120 2479 5188 ipsum
2526 5118 2727 5174 saevire
2789 5134 2897 5172 non
2960 5117 3286 5181 desistebas,
3341 5132 3651 5186 quamnim

2078 5211 2227 5267 haud
2277 5227 2408 5266 sane
2453 5211 2733 5281 ignorans,
2784 5225 2934 5275 Clllll,
2983 5210 3113 5264 licet
3167 5208 3233 5262 ad
3292 5219 3507 5278 tempus
3545 5209 3653 5260 ira-

2079 5307 2337 5362 cundiam
2366 5304 2699 5376 supprimat,
2745 5311 2987 5359 attamen
3038 5303 3109 5357 ad
3163 5302 3407 5356 futurum
3443 5311 3655 5367 tempus

2081 5399 2324 5460 diﬂ‘errc.
2366 5398 2544 5453 donec
2580 5396 2646 5451 ad
2680 5395 2845 5451 tinem
2870 5394 3132 5449 adducat.

2152 5488 2345 5543 XXIV.
2380 5488 2621 5544 Tertiam
2652 5502 2877 5542 causam
2924 5487 3178 5550 aﬂerunt,
3215 5482 3358 5555 quod
3406 5497 3500 5538 eos
3528 5483 3655 5537 irii-

2083 5583 2220 5639 dens
2258 5582 2397 5637 adeo
2446 5579 2815 5635 comminatus
2861 5596 2942 5644 es,
2994 5592 3044 5635 te
3091 5577 3436 5633 orationibus
3485 5577 3655 5630 antir-

2082 5677 2307 5733 rlteticis
2339 5685 2546 5730 tomum
2564 5673 2716 5728 illum
2746 5672 3109 5728 refutaturum
3134 5685 3276 5733 esse,
3300 5685 3461 5740 quem
3483 5688 3658 5740 nuper

2082 5780 2140 5825 et
2166 5768 2475 5824 clanculum
2504 5773 2694 5822 contra
2728 5780 2913 5821 veram
2952 5763 3113 5818 ﬁdem
3170 5777 3503 5831 componere
3535 5765 3655 5817 ausi

2085 5863 2339 5918 fuissent.
2363 5861 2649 5929 Quartum,
2673 5860 2821 5929 quod
2855 5859 2946 5913 diu
2973 5857 3083 5925 jam
3117 5854 3404 5925 profanam
3436 5870 3662 5907 omnem

2085 5954 2412 6025 sapientiam
2474 5952 2728 6010 docendo
2787 5951 2884 6007 tibi
2968 5949 3237 6019 plurimos
3294 5948 3665 6013 undecunque
3749 5950 3758 5956 ”
