4070 6326
503 389 574 446 6-3

1699 407 2110 469 NICEPHCRI
2151 409 2537 470 GREGORE

3674 411 3746 472 fi

505 511 815 559 commotus
845 504 912 558 ad
949 520 1042 560 eos
1087 508 1228 562 misit
1275 510 1502 580 legatos,
1560 531 1654 583 per
1686 533 1823 585 quos
1866 520 2076 590 jureju-
2108 569 2111 578 ,

2216 523 2302 580 οὓς
2331 522 2478 573 ἔιδον
2503 523 2720 588 κατεῖχε
2751 521 3037 583 Λατίνους.
3075 523 3164 572 Διὸ
3195 521 3558 590 πρεσϐεύεται
3605 529 3750 592 πρὶς

508 597 679 650 rando
706 599 1028 666 interposito
1061 601 1331 667 promisit,
1377 619 1434 658 se
1472 621 1567 659 eos
1605 608 1824 676 impune
1884 612 2072 665 dimis-

508 705 699 744 surum
736 707 879 751 esse.
914 693 1030 746 sive
1053 694 1126 746 ibi
1159 696 1448 750 considere
1496 701 1715 762 vellent,
1741 707 1855 758 sive
1901 705 2074 766 abire.

509 797 619 844 quo
642 781 854 843 liberet,
884 782 1086 836 deletis
1123 793 1299 838 tamen
1331 799 1486 840 antea
1545 794 1819 846 mamilius
1870 797 2074 850 castelli

514 887 707 926 recens
726 874 1034 924 exstructis.
1085 873 1165 924 Ad
1195 873 1311 928 hate
1359 877 1434 930 illi
1469 879 1764 946 gloriantes
1797 898 1918 935 eum
1974 883 2074 936 alia

511 964 821 1032 arrogantia
875 962 1192 1018 etiamnunc
1225 966 1419 1021 usitata
1468 973 1822 1039 respondere.
1889 985 2000 1028 tum
2033 976 2076 1028 si

421 1093 430 1096 -
515 1055 732 1120 quidem
763 1071 928 1109 unum
981 1057 1146 1110 Deum
1209 1073 1390 1114 rerum
1435 1063 1814 1118 universitatis
1863 1076 2046 1118 creato

443 1203 448 1207 _
517 1161 630 1198 rem
659 1147 883 1214 coleret,
926 1150 1078 1206 firma
1127 1156 1387 1208 memoria
1434 1156 1794 1224 jurisjurandi
1855 1159 2080 1226 pignora

517 1238 924 1297 includentibus
982 1244 1085 1299 sibi
1128 1261 1376 1300 securam
1407 1247 1575 1301 vitam
1631 1249 1794 1302 etiam
1853 1249 1906 1302 in
1960 1250 2082 1302 loeo

516 1336 870 1410 non‘ntunito
901 1336 1064 1391 licere
1125 1338 1355 1408 degere;
1411 1341 1668 1407 quoniam
1729 1356 1854 1394 vero
1907 1342 2085 1394 nesei-

518 1431 662 1489 renl,
691 1428 907 1478 cuinam
953 1428 1457 1494 innumerabilium,
1525 1447 1664 1500 quos
1707 1443 2086 1498 veneraretur,

519 1514 746 1568 deorum
780 1516 902 1570 ﬁdei
939 1519 1288 1584 sponsionem
1341 1521 1582 1584 fecisset,
1633 1522 1826 1576 timere
1863 1538 1944 1582 se,
1998 1538 2085 1584 ne,

521 1605 686 1656 simili
727 1607 888 1675 hujus
923 1608 1013 1660 Dei
1051 1611 1269 1664 nomine
1301 1621 1354 1664 et
1378 1612 1744 1681 appellatione
1806 1613 1966 1665 unius
1993 1613 2088 1667 Dei

523 1697 751 1752 auribus
781 1701 1021 1754 inductis
1061 1701 1118 1754 in
1163 1701 1434 1764 fraudem,
1491 1705 1544 1757 in
1585 1705 1688 1774 77
1727 1705 1935 1759 inﬁnita
2001 1706 2090 1758 illa

519 1791 775 1844 tes1uaria
803 1792 1039 1846 imuwrsi
1073 1793 1697 1861 ingentibusanimarum
1727 1806 2090 1863 eteorporum

2177 614 2374 675 αὐτοὺς
2407 613 2636 677 ἐλεήσας
2667 614 2694 663 ό
2753 612 3026 681 βασιλεὺς.
3081 612 3148 666 δι’
3177 613 3354 682 ὅρκων
3413 615 3554 682 σφᾶς
3607 615 3750 677 ἀζη-

2180 706 2336 772 pinu;
2366 704 2597 773 βεϐαιῶν
2633 704 2872 772 ἀφιέναι,
2927 703 3025 756 εἴτ’
3071 704 3258 757 αὐτόθι
3296 707 3565 774 καθῆσθαι
3617 705 3748 774 βού-

2178 796 2372 858 λοιντο,
2437 794 2534 846 εἴτ’
2591 791 2682 847 οῦν
2747 795 3078 864 πορεύεσθαι
3137 796 3240 864 ὅπη
3299 795 3594 863 βούλοιντο,
3651 814 3750 850 κα-

2181 886 2520 954 θαιρεθέντος
2594 888 2858 956 πρότερον
2890 887 2984 940 τοῦ
3035 887 3092 939 τδ
3156 887 3414 956 φρούριον
3473 889 3748 958 τειχίζον-

2177 995 2266 1040 τςς
2326 977 2626 1043 νεοπαγοῦς
2677 977 2986 1048 περιϐόλου.
3053 979 3191 1046 Πρὸς
3249 977 3283 1032 ἃ
3339 979 3755 1045 τερατευσαμέ-

2182 1087 2306 1132 νους
2356 1071 2598 1130 ἐκείνους
2656 1070 2726 1122 τά
2775 1087 2834 1122 τε
2877 1070 3012 1123 ἄλλα
3065 1073 3162 1137 τῆς
3213 1069 3468 1131 εἰωθυίας
3509 1071 3604 1122 καὶ
3653 1069 3752 1124 νῦν

2184 1161 2388 1230 όφρίος
2419 1161 2818 1230 ἀποκρίνασθαι
2845 1200 2857 1221 .
2900 1163 2992 1213 καὶ
3035 1163 3132 1230 μὲν
3165 1161 3228 1231 δὴ
3269 1165 3366 1216 καὶ
3414 1163 3516 1226 ὅτι,
3561 1165 3620 1215 Et
3649 1171 3753 1232 μὲν

2187 1253 2266 1304 ἐνὶ
2295 1252 2411 1322 Θεῷ
2439 1253 2516 1321 τῷ
2579 1252 2672 1306 τοῦ
2705 1253 2902 1314 παντὸς
2936 1254 3224 1319 ἐλάτρευες
3281 1257 3474 1324 ποιητῇ
3524 1254 3752 1324 δηλαδὴ,

2187 1339 2256 1413 ἦν
2297 1344 2362 1397 ἂν
2396 1343 2676 1413 ὡρισμένῃ
2735 1345 2927 1415 μνήμῃ
2965 1343 3064 1405 τὰς
3103 1345 3212 1395 τῶν
3245 1345 3422 1412 ὅρκων
3449 1346 3756 1412 ἀσφαλείας

2191 1433 2565 1501 ὲγκλείοντας.
2603 1432 2898 1502 ἁφρόντιδα
2933 1431 3046 1499 βίον
3095 1432 3155 1484 ἐν
3211 1433 3500 1502 ἀτειχίστῳ
3545 1434 3758 1500 διάγειν

2191 1528 2397 1596 χωρίῳ.
2457 1526 2571 1579 Νῦν
2623 1526 2666 1577 δ’
2703 1527 2802 1578 οὐκ
2861 1525 3024 1578 εἰδόσι
3069 1527 3175 1578 τίνι
3227 1527 3336 1577 τῶν
3384 1527 3629 1594 ἀπείρων
3675 1520 3758 1587 οἷς

2193 1617 2477 1688 λατρεύεις
2517 1617 2658 1680 θεοῖς
2695 1618 2787 1678 τὰς
2810 1617 2908 1684 τῆς
2937 1616 3172 1679 πίστεως
3197 1619 3384 1681 νέμεις
3421 1619 3650 1684 ἐγγύας,
3673 1618 3760 1671 δε-

2193 1707 2362 1758 διέναι
2400 1706 2472 1773 μὴ
2513 1705 2970 1774 συναρπασθεῖσιν
3007 1703 3196 1756 ἔπειτα
3222 1704 3321 1768 τὰς
3357 1706 3526 1767 ἀκοὶς
3581 1705 3670 1758 διά
3701 1722 3762 1758 τε

2196 1799 2291 1866 τῆς
2325 1798 2642 1866 ὁμωνυμίας
2688 1800 2779 1849 καὶ
2817 1801 2916 1866 τῆς
2971 1797 3064 1849 τοῦ
3109 1798 3271 1866 μόνου
3302 1797 3436 1849 Θεοῦ
3483 1814 3762 1866 προσηγο-

525 1881 826 1948 naulragiis
849 1882 1236 1937 obruerentur.
1289 1885 1442 1948 Quod
1481 1903 1603 1939 eum
1655 1889 1959 1940 audivisset
1994 1889 2095 1940 int-

2216 1890 2342 1972 ιίας,
2381 1890 2437 1950 ἐς
2457 1889 2554 1956 τὴν
2583 1890 2679 1956 τῆς
2729 1888 2986 1956 ἀπειρίας
3035 1889 3248 1958 ἐκείνης
3291 1890 3553 1960 ἀνάχυσιν
3596 1907 3766 1942 κατα-

526 1983 768 2038 perator,
815 1976 1152 2029 mortiferam
1214 1977 1364 2030 cordi
1405 1993 1504 2030 suo
1557 1979 1770 2047 pingant
1829 1978 2092 2032 inﬂictam

527 2075 680 2118 ratus
705 2082 803 2134 pro
832 2068 1028 2134 quavis
1057 2068 1160 2122 alia
1191 2070 1461 2122 tuedicina
1497 2070 1876 2123 Alexandrinm
1907 2081 1962 2123 et
1987 2070 2096 2122 Au-

529 2159 747 2211 lim-hia:
771 2160 1110 2227 patriarchas
1135 2170 1292 2213 antea
1340 2161 1394 2230 ja
1421 2181 1448 2212 ιι
1498 2176 1562 2215 ex
1599 2161 1898 2230 longinquo
1939 2161 2096 2214 donis

525 2251 932 2314 circumventos
973 2261 1200 2320 tumque
1247 2253 1336 2305 hic
1390 2265 1792 2307 commorantes
1831 2269 1896 2306 eo
1922 2253 2098 2306 addu-

527 2356 654 2395 cere
681 2341 912 2404 studuit,
935 2353 994 2397 ttt
1034 2344 1188 2397 novis
1223 2358 1276 2400 ct
1307 2345 1604 2413 illegitimis
1635 2345 1796 2396 tomis
1821 2344 2099 2411 subscrip-

531 2433 680 2486 tione
722 2433 1000 2502 astipulati
1029 2435 1080 2487 in
1111 2435 1354 2488 futurum
1389 2451 1574 2490 secum
1621 2437 1762 2488 idem
1809 2436 2095 2496 sentirent,

530 2534 786 2592 Spectans
821 2527 1024 2595 quippe
1086 2528 1152 2580 ad
1205 2544 1416 2582 morum
1465 2528 1872 2596 simplicitatem
1931 2535 1986 2580 et
2018 2527 2100 2578 in-

517 2619 728 2676 'eallitla
809 2619 1196 2688 incntnptaqtte
1251 2635 1440 2674 eorum
1503 2621 1748 2674 doctrina
1789 2618 1982 2679 frctus.
2041 2627 2102 2670 ut

537 2711 866 2776 partit-ulare
929 2711 1058 2764 illttd
1114 2723 1280 2780 atque
1361 2711 1753 2780 praedatorium
1810 2711 2100 2764 concilium

527 2803 639 2870 jam
673 2803 996 2857 catholicam
1060 2805 1330 2874 synodum
1384 2805 1691 2866 nominare,
1743 2803 1846 2856 sibi
1907 2817 2108 2872 Oppro-

535 2895 653 2948 bria
681 2895 943 2949 facientes
989 2897 1041 2948 in
1081 2897 1320 2949 [ulmum
1375 2907 1434 2950 ttt
1484 2897 1702 2950 insanos
1748 2905 2106 2950 contemnere

535 3005 600 3040 ac
631 2988 778 3040 nullo
811 2996 968 3054 pacto
1005 2989 1321 3042 conturbari
1375 2998 1576 3056 posset.
1629 2989 1707 3042 Ita
1745 2988 1892 3042 nulla
1951 3003 2110 3055 pror-

537 3095 633 3134 sus
665 3080 864 3134 divitue
893 3080 1252 3148 providentitc
1285 3081 1471 3134 habita
1511 3081 1722 3134 ratione
1781 3096 1876 3134 sua
1931 3079 2108 3148 ipsius

539 3175 854 3241 cognitione
886 3175 1128 3228 confisus
1149 3174 1331 3228 omnia
1356 3175 1696 3228 moderatur.

2195 1982 2416 2044 δύντας,
2449 1980 2698 2048 ἀπείροις
2749 1981 3192 2050 περιαντλεῐσθαι
3225 1981 3449 2048 γένηται
3483 1981 3766 2046 ναυαγίοις

2197 2071 2354 2139 ἡμῶν
2413 2069 2605 2130 αὐταῖς
2659 2069 2859 2136 ψυχαῖς
2935 2069 3029 2120 καὶ
3076 2069 3255 2129 αὐτοῖς
3313 2067 3547 2136 σώμασι.
3597 2067 3768 2121 Ταῦτ’

2198 2162 2415 2216 ἀκούων
2443 2162 2470 2214 ό
2508 2160 2765 2229 βασιλεὺς
2817 2161 3060 2229 καιρίαν,
3120 2163 3308 2228 φησὶν,
3368 2159 3586 2229 ἐνόμιζε
3617 2161 3768 2228 δέχε-

2201 2255 2325 2307 σθαι
2377 2253 2520 2306 κατὰ
2562 2253 2660 2314 τῆς
2699 2251 2926 2321 καρδίας
2979 2251 3213 2321 πληγὴν,
3265 2253 3356 2303 καὶ
3395 2253 3768 2322 μεμελέτηκεν

2201 2345 2318 2398 ἀντ’
2349 2345 2513 2398 ἄλλου
2573 2343 2892 2412 φαρμάκου,
2935 2339 3028 2396 τδν
3089 2359 3148 2394 τε
3201 2341 3610 2412 Ἀλεξανδρείας
3663 2361 3767 2396 πα-

2202 2437 2473 2504 τριάρχην
2534 2435 2628 2487 καλ⁸
2664 2435 2778 2501 ἅμα
2818 2437 2910 2487 τδν
2943 2436 3040 2503 τῆς
3076 2434 3406 2506 Ἀντιοχείας
3453 2437 3647 2504 δώροις
3677 2453 3773 2486 πε-

2209 2524 2435 2596 ριελθὼν
2471 2528 2566 2577 καὶ
2599 2526 2907 2596 πόρρωθεν,
2945 2526 3365 2595 ἐνδημήσαντας
3417 2527 3628 2578 πείθειν
3685 2527 3773 2578 ἐν,

2205 2619 2399 2670 ταυθοῖ
2449 2619 2738 2672 συνθέσθαι
2789 2619 2900 2680 τοῖς
2957 2621 3100 2671 νέοις
3135 2620 3228 2670 καὶ
3288 2618 3628 2688 παρανόμοις
3685 2620 3774 2670 τό-

2209 2726 2364 2778 μοις,
2428 2710 2524 2762 καὶ
2581 2708 3010 2780 ὑπογράψαντας
3066 2703 3207 2760 εἶναι
3279 2709 3372 2761 καὶ
3439 2709 3638 2770 αὐτοὺς
3686 2707 3776 2760 τοῦ

2207 2801 2396 2854 λοιποῦ
2433 2820 2497 2872 γε
2537 2803 2872 2872 ὁμόφρονας,
2924 2803 2980 2864 ἐς
3011 2802 3070 2855 τὸ
3130 2801 3239 2853 τῶν
3301 2802 3514 2870 τρόπων
3555 2801 3780 2852 ἐκείνοιν

2209 2895 2418 2948 ἀπιδὼν
2457 2899 2552 2948 καὶ
2581 2895 2868 2966 θαρρήσας
2901 2893 3110 2948 ἁπλοῦν
3145 2895 3236 2945 καὶ
3263 2895 3324 2944 τὸ
3359 2893 3469 2945 τῶν
3491 2893 3780 2963 γραφικῶν

2215 2989 2456 3060 μεθόδων
2495 2988 2803 3050 ἁποίκιλον,
2829 2987 2924 3038 καὶ
2957 2984 3254 3053 καθολικὴν
3301 2983 3538 3037 ἐνταῦθα
3573 2985 3633 3036 τὸ
3691 3003 3785 3052 μει-

2217 3081 2365 3149 ρικον
2416 3081 2591 3131 ἐκεῖνο
2637 3078 2729 3130 καὶ
2793 3075 3089 3146 λῃστρικὴν
3136 3075 3425 3143 ὀνομάζειν
3499 3075 3642 3143 ἔχειν
3683 3075 3782 3143 ἤδη

2217 3173 2496 3240 συνέδριον
2525 3169 2768 3232 σύνοδον,
2801 3169 2897 3220 καὶ
2917 3166 3064 3220 οὕτω
3092 3165 3187 3218 τοῦ
3225 3165 3414 3218 λοιποῦ
3446 3167 3554 3218 τῶν
3588 3165 3790 3217 ὀνειδι-

537 3268 740 3330 ζόντων
794 3271 1153 3338 καταφρονεῖν
1201 3268 1277 3332 ὡς
1328 3270 1596 3336 ἀφρόιων,
1655 3270 1747 3321 καὶ
1800 3269 2024 3336 μηδαμῆ
2084 3264 2588 3335 καταπλήττεσθαι.
2625 3261 2783 3316 Οὕτω
2839 3263 2904 3332 τῇ
2959 3259 3156 3314 ἑαυτοῦ
3214 3259 3486 3312 πιστεύων
3541 3260 3789 3314 εὐθύνειν

542 3362 760 3414 ἅπαντα
783 3361 998 3426 γνώσει,
1039 3360 1385 3414 παντάπασιν
1423 3360 1642 3430 ἀμελῶν
1670 3360 1863 3428 ὁρᾶται
1907 3357 2164 3428 προνοίας
2194 3355 2354 3410 Θεοῦ.

617 3458 698 3510 Vl.
725 3458 1036 3510 Autumnus
1067 3471 1196 3508 vero
1223 3472 1344 3510 cum
1380 3457 1488 3522 jam
1517 3459 1662 3510 eirea
1699 3467 1877 3509 ortum
1907 3457 2105 3508 Arclur

2312 3451 2402 3520 (τ’.
2438 3453 2578 3521 Ἤδη
2609 3451 2665 3504 δὲ
2714 3451 2810 3504 τοῦ
2844 3451 3186 3522 φθινοπώρου
3233 3451 3360 3520 περὶ
3401 3449 3500 3512 τὰς
3550 3450 3644 3504 τοῦ
3693 3453 3795 3523 ἀρ-

543 3557 710 3611 esset,
737 3562 958 3600 rumore
983 3548 1251 3616 disperso,
1283 3546 1513 3600 Venetas
1541 3547 1793 3599 triremes
1828 3547 1950 3614 plus
1983 3559 2117 3598 cen-

552 3651 666 3692 tum
705 3639 887 3692 sinum
926 3638 1136 3691 Ionium
1171 3649 1588 3707 praetervectas,
1636 3637 1772 3690 mari
1809 3635 2123 3690 Hadriatico

545 3727 736 3781 dextra
769 3727 958 3780 relicto
978 3727 1041 3778 ad
1081 3725 1485 3796 Corcyraeorum
1517 3736 1572 3780 et
1607 3725 2027 3796 rLacynthiorum
2061 3737 2124 3775 ac

550 3819 908 3887 Peloponnesi
940 3817 1101 3871 urbes
1119 3817 1504 3886 adnavigautcs
1537 3814 2125 3871 militesmercenaries

551 3921 610 3967 et
627 3912 798 3965 anatis
835 3911 1024 3968 robur.
1077 3912 1220 3980 quod
1263 3926 1411 3963 arma
1443 3911 1584 3963 ferre
1615 3920 1819 3979 posset,
1869 3907 1996 3962 inde
2057 3905 2124 3959 ad

555 4003 895 4055 tnilitandum
929 4002 1182 4056 mercede
1211 4001 1414 4070 ingenti
1443 4015 1675 4054 evocare
1737 4003 1928 4066 (naves
1979 3999 2124 4050 enim

557 4097 661 4149 illa:
715 4105 876 4148 erant
919 4095 1191 4156 maximw,
1245 4103 1304 4146 ut
1359 4091 1590 4160 singulae
1641 4103 1872 4143 numero
1925 4089 2126 4156 majore

556 4201 718 4253 quam
771 4195 1116 4237 trecenorum
1178 4181 1460 4234 hominum
1537 4179 1890 4250 indigerent),
1963 4193 2129 4231 naves

555 4278 930 4346 sptu-ttl;ttori.e
989 4276 1180 4329 classis
1253 4274 1626 4326 Genuensium
1681 4274 1790 4342 78
1824 4273 1890 4324 tle
1951 4287 2014 4324 ea
2073 4287 2128 4324 re

557 4373 822 4424 certiores
857 4371 1030 4432 factm,
1073 4383 1232 4437 quam
1257 4367 1538 4420 celerrime
1585 4365 1784 4418 Chium
1835 4364 2132 4418 contende-

563 4471 712 4522 runt,
745 4459 1000 4512 nuntium
1035 4475 1103 4512 eo
1156 4459 1449 4526 perlator-re
1505 4471 1744 4524 suosque
1793 4455 2126 4518 excitaturus,

566 4564 624 4606 ttt
660 4553 804 4606 nulla
839 4566 986 4604 mora
1023 4551 1344 4618 interposita
1378 4551 1569 4603 eodem
1599 4549 1688 4601 die
1724 4550 1958 4601 navibus
1985 4549 2132 4601 solli-

563 4649 634 4698 tis
684 4645 853 4697 remis
913 4642 1086 4695 ventis
1139 4640 1457 4710 Byzantium
1511 4643 1820 4699 tendi-rent,
1859 4641 1930 4692 ibi
1983 4640 2129 4692 enim

565 4739 760 4793 melius
786 4753 906 4791 esse
949 4736 1190 4789 hostium
1251 4737 1556 4803 ingressum
1610 4746 1948 4803 exspectare,
2005 4747 2129 4786 eum

567 4832 852 4886 castellum
893 4828 1096 4884 Galate:
1132 4827 1330 4880 multas
1387 4841 1549 4894 atque
1582 4828 1760 4880 varias
1809 4826 2133 4894 opportuni-

569 4933 710 4978 tates
748 4923 1105 4992 prtebiturum
1131 4930 1298 4973 esset.
1331 4919 1461 4972 Inde
1519 4919 1686 4987 igitur
1708 4919 1928 4972 ancoris
1955 4917 2142 4972 subla-

574 5021 642 5072 tis
672 5034 795 5072 cum
832 5015 1061 5084 integris
1089 5014 1370 5083 sexaginta
1402 5013 1633 5066 navibus
1667 5013 1904 5082 primum
1955 5012 2020 5062 ad
2055 5012 2140 5063 iu-

573 5112 794 5164 lroittl'n
849 5109 973 5163 freti
1023 5105 1414 5176 llellcSpontici
1479 5115 1769 5166 venerunt,
1831 5101 2140 5156 tlt-inde'ad

571 5203 854 5256 Tenedum
915 5217 1082 5256 uates
1162 5201 1594 5253 constituerunt.
1686 5196 2008 5262 Complures
2067 5193 2140 5247 ibi

572 5297 894 5350 (τοιιιιιιοι-.ειὶ
924 5293 1042 5347 dies
1071 5293 1216 5346 nulla
1252 5307 1308 5345 re
1345 5291 1528 5343 hostili
1593 5301 1687 5343 aut
1742 5289 1935 5342 bellica
1993 5303 2139 5340 com-

575 5389 761 5446 missa.
811 5387 905 5440 sed
953 5393 1261 5437 commeatu
1320 5383 1488 5449 petito
1537 5391 1697 5450 atque
1740 5389 1962 5448 accepto
2013 5393 2136 5431 eum

575 5495 710 5550 tace
738 5477 865 5532 inde
895 5476 1106 5530 abiere.
1147 5474 1263 5529 Tali
1335 5477 1547 5528 ratione
1595 5473 1760 5526 etiam
1829 5475 1893 5524 at
1951 5483 2146 5522 omnes

583 5573 957 5626 ltotnanorum
990 5569 1153 5622 urbes
1185 5568 1488 5620 maritimas
1515 5565 1772 5634 paulatim
1809 5561 2151 5616 adveheban-

583 5675 693 5728 t'tr,
730 5662 908 5716 donec
939 5659 1285 5722 Perinthum,
1321 5675 1442 5727 qure
1473 5659 1638 5711 etiam
1679 5655 1934 5709 Heraclea
1963 5652 2150 5720 appel-

585 5757 747 5818 latur,
773 5755 1046 5808 venirent.
1071 5753 1172 5808 Ubi
1195 5769 1316 5808 cum
1337 5767 1436 5805 nec
1452 5751 1687 5818 benigne
1719 5761 1818 5801 nec
1847 5745 2154 5800 humaniter

585 5865 671 5900 te:
699 5855 1033 5901 necess‘ar‘tas
1063 5845 1278 5901 emendi
1311 5843 1520 5913 copiam
1556 5844 1931 5910 impetrarent,
1957 5851 2147 5905 magna

2225 3542 2460 3612 κτούρου
2478 3543 2732 3602 ἐπιτολὰς
2765 3543 3084 3612 γενομένου,
3123 3545 3310 3613 φήμης
3349 3545 3568 3613 ῥυείσης
3587 3549 3662 3606 ὡς
3692 3545 3794 3596 Ba-

2227 3635 2442 3686 νετικαὶ
2472 3634 2722 3703 τριήρεις
2751 3633 2890 3703 ὑπὲρ
2931 3635 3028 3697 τὰς
3067 3635 3263 3686 ἐκατὺν
3295 3637 3388 3687 τὸν
3446 3635 3631 3687 Ἰόνιον
3691 3654 3797 3690 πα-

2233 3723 2567 3794 ραλλάξασαι
2613 3725 2831 3786 κόλπον,
2880 3727 2976 3778 καὶ
3030 3725 3089 3778 τὸ
3147 3725 3486 3794 Ἀδριατικὸν
3527 3725 3588 3776 ἐν
3647 3725 3798 3795 δεξιᾷ

2229 3818 2680 3870 καταλελοιπυίαι
2735 3817 2997 3886 πέλαγος,
3036 3819 3134 3880 τὰς
3174 3817 3539 3886 Κερκυραίων
3575 3817 3670 3869 καὶ
3696 3819 3798 3870 Ζα-

2229 3911 2467 3964 κυνθίων
2506 3912 2600 3964 καὶ
2643 3911 3093 3980 Πελοποννησίων
3149 3911 3531 3980 παραπλέουσι
3589 3911 3794 3972 πόλεις,

2231 4003 2612 4069 ξενολογοῦσαί
2637 4021 2695 4056 τε
2724 4004 2818 4056 καὶ
2849 4003 2957 4055 τῶν
2981 4003 3191 4056 ἐκεῖθεν
3217 4003 3402 4071 ἀκμὴν
3431 4003 3530 4070 τῆς
3564 4001 3798 4070 ἡλικίας,

2229 4097 2406 4165 ὁπόση
2445 4095 2843 4164 στρατεύσιμος
2873 4096 2983 4166 εἴη,
3031 4094 3224 4164 μισθοῦ
3259 4090 3658 4164 στράτεύεσθαι
3689 4094 3804 4146 πεί-

2231 4190 2420 4241 θουσαι
2455 4189 2600 4255 μάλα
2641 4205 2694 4240 τι
2759 4185 3034 4256 βρίθοντι-ος
3069 4185 3314 4256 (μεγέθει
3362 4187 3472 4255 γὰρ
3513 4181 3655 4237 εἶναι
3708 4201 3804 4254 με-

2232 4283 2422 4348 γίστας
2463 4281 2680 4342 ὲκείνας
2714 4280 2811 4338 τὰς
2841 4281 2992 4340 ναῦς,
3042 4279 3144 4331 καὶ
3175 4276 3544 4346 πληρώματος
3595 4274 3805 4326 δεῖσθαι

2237 4373 2482 4442 μείζονος
2518 4371 2549 4441 ἢ
2581 4369 2910 4441 τριακοσίων
2941 4369 3179 4437 ἑκάστην
3203 4369 3457 4437 ἀνδρῶν),
3491 4369 3546 4420 αἱ
3591 4385 3807 4436 προφυ-

2232 4466 2448 4527 λακίδες
2467 4466 2717 4533 τριήρεις
2741 4461 2842 4530 τῆς
2873 4461 3139 4529 ναυτικῆς
3174 4460 3283 4513 τῶν
3315 4461 3645 4512 Γεννουῖτῶν
3706 4461 3804 4512 δυ-

2233 4559 2449 4628 ναμεως
2475 4557 2778 4624 πυθόμεναι
2817 4555 2914 4624 τὴν
2953 4557 3216 4623 ταχίστην
3247 4549 3381 4626 ἧκον
3415 4554 3803 4620 ἀγγέλλουπαι³

2235 4655 2330 4704 καὶ
2361 4653 2477 4722 ἅμα
2513 4649 2834 4720 ὀτρύνουσαι
2881 4649 3049 4716 μηδὲν
3095 4647 3472 4716 μελλήσαντας
3501 4645 3564 4716 μ’.
3603 4645 3702 4698 H5
3736 4643 3804 4716 ὁ]
3885 4673 3888 4676 ν

2235 4747 2368 4798 Χίου
2389 4743 2704 4813 αὐθημερόν
2733 4759 2792 4794 τε
2822 4739 3267 4795 ἀπαλλάττεσθαι
3288 4738 3381 4791 καὶ
3411 4737 3562 4801 ὅλαις
3593 4738 3810 4799 κώπαις

2240 4837 2372 4891 εὐθὺ
2408 4835 2710 4900 Βυζαντίου
2769 4833 3050 4886 ἐλαύνειν·
3091 4829 3230 4884 εἶναι
3281 4831 3389 4901 γὰρ
3439 4830 3650 4899 βέλτιον
3697 4831 3814 4883 ἐκεῖ

2241 4931 2338 5000 τὴν
2377 4929 2491 4980 τῶν
2525 4927 2803 4996 πολεμίων
2847 4926 3036 4994 ἔφοδον
3075 4925 3420 4995 περιμένειν,
3469 4925 3576 4993 ὅπη
3614 4923 3678 4994 δὴ
3719 4923 3812 4976 καὶ

2241 5023 2300 5074 τὸ
2331 5019 2729 5088 Γαλατὼνυμον
2761 5015 3022 5087 φρούριον
3055 5015 3142 5085 εῐη
3187 5016 3252 5068 ἂν
3288 5014 3490 5083 πολλήν
3535 5031 3658 5066 τινα
3717 5015 3814 5066 καὶ

2241 5110 2594 5178 παντοδαπὴν
2618 5111 2859 5181 παρέχον
2895 5106 3187 5176 ὠφέλειαν.
3214 5105 3484 5174 ’Ἄραντες
3522 5099 3618 5157 οῦν
3651 5105 3814 5167 εὐθὺς

2243 5201 2453 5256 ἐκεῖθεν
2511 5201 2775 5269 ἐξήκοντα
2839 5200 2960 5260 ταῖς
3036 5195 3242 5258 πάσαις
3295 5195 3488 5248 ναυσὶν
3559 5193 3818 5262 ἀφίκοντο

2248 5295 2464 5365 πρῶτον
2493 5293 2620 5362 ἄχρι
2672 5292 2767 5344 καὶ
2811 5293 2867 5353 ἐς
2911 5291 2970 5344 τὸ
3013 5289 3108 5342 τοῦ
3167 5289 3589 5358 Ἐλλησποντίου
3641 5287 3817 5356 στόμα

2249 5387 2523 5457 πορθμοῦ,
2557 5387 2648 5438 καὶ
2706 5384 2936 5436 αὐτόθεν
2969 5384 3026 5445 ἐς
3085 5381 3314 5436 Τένεδον
3369 5381 3818 5452 καθωρμίσαντο.

2252 5481 2421 5533 Ἔνθα
2502 5479 2703 5546 συχνὰς
2751 5476 3186 5537 διατετελεκότες
3248 5475 3485 5544 ἡμέρας,
3557 5473 3819 5543 πολέμιον

2250 5570 2457 5639 ἔφηναν
2488 5569 2696 5636 οὐδαμῆ
2721 5567 2783 5620 τὸ
2811 5566 3075 5636 παράπαν
3129 5565 3240 5617 οὐδ’
3276 5564 3500 5617 ἔνοπλον
3531 5565 3690 5633 ἔργον
3729 5563 3821 5616 ού-

2249 5665 2374 5716 δένο
2433 5662 2552 5716 ἀλλ’
2603 5661 2811 5730 ἀγορὰν
2878 5661 3212 5728 αἰτήσαντες
3261 5658 3354 5708 καὶ
3405 5655 3662 5718 λαϐόντες
3706 5653 3823 5723 μετ’

2254 5759 2477 5828 εἰρήνης
2508 5755 2720 5809 ἐκεῖθεν
2780 5753 3121 5823 ἀπήλλαξαν.
3157 5752 3266 5802 Καὶ
3327 5748 3486 5800 τοῦτο
3544 5747 3824 5810 ποιοῦντες

2253 5851 2434 5918 ἡρέμα
2467 5849 2560 5913 τὰς
2589 5849 2644 5900 ἐν
2693 5846 2936 5914 θαλάττῃ
3013 5843 3326 5910 Ἰδιιιμαῖκὶις
3383 5839 3824 5910 παρέπλεονἮὰ-
