4070 6326
211 296 280 352 65
1183 287 1620 349 BYZANTIX/E
1659 285 1800 345 IIlS'

1904 284 2044 344 [ΠΕ
2080 286 2221 344 LIB.
2250 286 2454 347 XXVI.
3371 286 3442 351 66

212 413 319 472 iter;
353 410 593 472 ἁπάσας,
622 409 749 478 ἄχρι
802 410 891 460 κατ⁸
931 409 985 470 ἐς

225 501 556 570 Ἡράκλειαν
586 501 954 568 καλουμένην.
1003 497 1284 549 Ἐνταυοοἰ
1315 495 1360 549 δ’
1389 497 1488 547 οὐκ
1515 493 1776 564 εὐμενοῦς

211 597 331 645 οὐδὲ
369 591 756 662 φιλανθρώπου
789 597 887 658 τῆς
938 592 1143 659 ἀγορᾶς
1175 590 1285 640 τῶν
1334 588 1657 653 ἐπιτηδείων
1686 604 1777 637 τυ-

213 687 424 754 χόντες,
475 685 710 752 ἔστησαν
756 683 1009 745 ἀλύοντές
1041 699 1099 733 τε
1155 681 1247 732 καὶ
1300 682 1492 748 μαθεῖν
1547 678 1779 746 περιμέ-

211 795 396 840 νοντες
426 779 488 828 ἐκ
516 776 609 828 τοῦ
640 775 1041 842 Γαλατωνύμου
1084 772 1367 842 φρουρίου,
1415 771 1464 821 εἰ
1499 771 1598 836 τὴν
1648 769 1779 820 ὑπο-

213 869 378 937 δοχὴν
409 868 566 933 ἀξίαν
589 867 682 918 τοῦ
729 866 918 918 στόλου
969 865 1455 930 παρεσκευάσαντο
1482 879 1495 892 ·
1533 861 1780 929 φθάσαν-

213 977 302 1020 τες
328 960 438 1028 γὰρ
479 960 593 1010 ἐκεῖ
622 960 872 1027 τριτρεις
931 953 1298 1024 προύπεμψαν
1351 953 1503 1004 δέκα.
1561 948 1780 1012 Μεταξῦ

214 1050 271 1102 δέ
302 1051 512 1117 λάχανα
545 1049 899 1118 παρεξιόντες
928 1046 1211 1114 ξυνέλεγον
1260 1047 1346 1096 καὶ
1383 1044 1614 1112 βοτάνην
1649 1043 1782 1093 ἔνιοι

215 1141 314 1208 τῆς
351 1141 613 1206 ναυτικῆς
659 1139 943 1206 δυνάμεως
1007 1139 1069 1189 ἐκ
1101 1138 1197 1205 τῆς
1243 1133 1445 1204 χώρας.
1480 1134 1783 1202 ἡμερήσιον

218 1232 468 1285 ἐντεῦθεν
502 1236 567 1303 τῇ
607 1233 807 1300 γαστρὶ
860 1229 1258 1298 μνηστεύοντες
1303 1227 1619 1296 τράπεζανο
1681 1241 1784 1292 μα-

221 1325 340 1393 κρῷ
373 1326 476 1393 γάρ
505 1324 736 1375 τινικαὶ
789 1322 1123 1390 πολυημέρῳ
1179 1319 1559 1387 Exaudiant-tvo:
1613 1316 1784 1367 διετέ-

219 1418 349 1468 λουν
374 1414 538 1483 λιμῷ.
571 1415 639 1466 Οἵ
667 1430 730 1481 γε
768 1413 872 1482 μὴν
925 1412 1326 1476 Ἡρακλεῶται,
1365 1409 1614 1477 καθάπερ
1661 1407 1787 1472 051;-

219 1509 366 1576 λάτῳ
400 1507 695 1575 πληγέντες
724 1507 918 1575 ἀγνοίᾳ
949 1507 1038 1556 τὸν
1076 1504 1226 1560 νοῦν,
1260 1501 1374 1555 ἀντ’
1403 1501 1569 1569 ἄλλης
1607 1497 1787 1562 ξενίας

225 1599 446 1668 ἐνέδραν
472 1600 588 1650 ἐκεῖ
619 1596 1006 1666 προλοχίζουσι
1043 1596 1148 1663 πρὸ
1201 1595 1297 1647 τοῦ
1343 1587 1539 1646 στόλου
1569 1590 1783 1655 νυκτὸς,

224 1691 339 1758 ἄμα
368 1690 411 1740 δ’
437 1689 511 1757 ἕῳ
544 1687 771 1757 συχνοὺς
803 1688 1002 1739 οὑτωσὶ
1040 1687 1145 1738 τῶν
1183 1687 1426 1738 Λατίνων
1467 1682 1787 1751 συνειληφό-

221 1801 310 1846 τες
350 1784 703 1836 ἀπέκτειναν.
735 1779 905 1832 Τοῦτο
948 1780 1083 1846 πρὸς
1133 1778 1312 1841 ὀξεῖαν
1348 1776 1488 1844 σφᾶς
1533 1773 1788 1845 ἠρέθισεν

223 1874 416 1944 ὀργὴν,
453 1874 630 1925 καίτοι
687 1872 780 1924 καὶ
835 1871 1192 1940 βουλομένους
1255 1871 1434 1938 μάχης
1484 1865 1788 1936 ἀπέχεσθαι

227 1967 432 2034 πάσης,
465 1965 624 2034 ἄχρις
661 1963 1030 2031 ἀφικομένους
1086 1963 1143 2024 ἐς
1182 1960 1478 2022 Βυζάντιον
1537 1959 1664 2026 περὶ
1713 1957 1791 2009 εί-

227 2059 396 2127 ρήνης
443 2053 904 2126 πρεσϐεύσασθαι,
962 2055 1054 2106 καὶ
1105 2053 1238 2106 πᾶσι
1272 2051 1496 2122 τρόποις
1551 2051 1792 2119 ἐπαγγε-

225 2148 356 2199 λιῶν
388 2147 483 2198 καὶ
523 2147 727 2207 πάσαις
757 2145 937 2198 δόσεσι
987 2145 1286 2214 χρημάτων
1339 2142 1792 2212 περιεληλυθέναι

225 2241 317 2292 τδν
348 2238 602 2309 βασιλέα,
660 2240 755 2290 καὶ
803 2240 990 2289 πεῖσαι
1031 2239 1128 2298 τὰς
1159 2238 1264 2288 τῶν
1305 2236 1606 2288 Βενετικῶν
1635 2252 1797 2286 σπον-

224 2333 321 2394 δὰς
355 2330 737 2398 ἀπειπάμενον
769 2329 1088 2382 ἀνθελέσθαι
1113 2331 1210 2390 τὰς
1262 2330 1432 2396 σφῶν.
1486 2328 1650 2381 Ὅθεν
1702 2329 1796 2380 ἐπὶ

231 2422 436 2484 πολλὰς
466 2421 564 2474 τὰς
593 2420 744 2490 ὥρας
775 2421 1234 2490 γνωσιμαχήσασι
1286 2419 1407 2472 καθ’
1439 2419 1668 2481 ἑαυτοὺς
1703 2419 1796 2471 καὶ

235 2513 380 2582 μάλα
404 2512 465 2578 γέ
499 2529 552 2563 τι
590 2511 791 2562 ἀνεκτὰ
814 2509 986 2562 ἐδόκει
1039 2507 1425 2575 σιωπήσαντας
1476 2507 1532 2557 τὸ
1580 2505 1796 2573 συμϐὰν

237 2605 674 2676 παρεληλυθέναι
707 2605 988 2672 ἁτόπημα,
1039 2601 1135 2654 καὶ
1199 2601 1434 2670 μάλιστα
1469 2599 1570 2667 τῆς
1609 2615 1798 2650 ναυτι-

233 2701 331 2766 κῆς
394 2698 490 2750 καὶ
544 2697 880 2766 πολυμιγοῦς
937 2695 1204 2763 ἀναρχίας
1267 2692 1662 2761 ἐκριπιζούσης
1703 2693 1798 2744 καὶ

234 2789 647 2856 ἀναφλεγούσης
683 2787 771 2837 τὸν
836 2786 1093 2853 πόλεμον.
1138 2785 1336 2852 Διόπερ
1372 2784 1427 2842 ἐς
1477 2782 1576 2850 τὴν
1640 2783 1801 2834 ὑστε-

239 2882 399 2952 ραίαν
445 2879 614 2932 ’ἐωθεν
639 2878 688 2930 οἱ
718 2877 981 2946 ναύαρχοι
1009 2877 1075 2927 τὰ
1112 2876 1388 2944 πολεμικά
1419 2874 1524 2926 τῶν
1559 2873 1800 2942 σημείων

236 2975 618 3027 ἐνεκελεύοντο
679 2971 742 3040 δὴ
803 2973 914 3031 τοῖς
974 2968 1332 3035 σαλπιγκταῖς
1375 2965 1802 3034 ἀνακρούεσθαι,

1049 403 1146 474 τὴν
1195 404 1480 473 ἰίείρινθον
1532 404 1630 470 τὴν
1681 405 1775 457 καὶ

1904 403 2061 456 ιίΐροιὶ
2105 403 2424 458 difﬁcultate
2458 404 3064 466 commorabautur,~ex
3111 404 3311 459 Gaiana
3355 421 3445 460 ea-

1879 493 2062 555 stello,
2115 508 2226 561 quo
2283 503 2443 547 antea
2495 493 2685 546 decem
2747 495 2999 549 triremes
3047 496 3444 564 praemiserant.

1880 585 2132 638 nuntium
2166 595 2564 654 exspectantes,
2613 602 2743 638 num
2805 587 3062 642 idoneum
3109 588 3300 642 classis
3358 605 3450 641 re-

1881 678 2220 745 ceptaculum
2250 687 2553 745 parassent.
2594 678 2800 732 Interea
2834 690 3012 732 autem
3066 680 3311 734 nonnulli
3343 682 3449 734 mi-

1883 769 2037 822 litum
2080 769 2492 824 classicorume
2527 771 2758 823 navibus
2817 772 3020 839 egressi
3080 772 3228 825 olera
3286 782 3450 840 atque

1885 861 2166 928 pabularia
2199 875 2263 913 ex
2297 876 2427 929 agro
2459 861 2844 928 quotidianum
2904 863 3210 917 ventriculo
3262 865 3447 918 cibum

1885 961 2132 1019 petentes
2162 952 2513 1018 colligebant,
2549 970 2741 1022 magna
2765 955 2967 1023 quippe
2999 971 3096 1023 per
3142 959 3452 1026 complures

1885 1045 2002 1097 dies
2024 1045 2162 1096 fame
2235 1045 2506 1100 exhausti.
2562 1044 2896 1099 lleracleot'e
2950 1053 3132 1099 autem
3193 1055 3449 1116 tanquam

1886 1134 2160 1188 dementia
2195 1135 2302 1204 79
2332 1135 2593 1188 divinitus
2622 1137 2863 1188 immissa
2894 1137 3087 1204 perciti
3125 1153 3222 1206 pro
3264 1138 3452 1206 hospi-

1889 1225 2094 1277 talitate
2130 1225 2344 1277 insidiis
2378 1237 2543 1278 noctu
2601 1236 2723 1279 ante
2769 1227 2995 1282 cla-sem
3053 1228 3280 1282 structis
3336 1231 3450 1284 sele

1888 1317 2097 1368 oriente
2125 1318 2324 1370 multas
2349 1333 2412 1369 ex
2448 1317 2654 1372 Latinis
2679 1330 2866 1385 captos
2907 1319 3264 1374 interficiunt.
3321 1322 3453 1386 Qua:

1888 1408 2108 1476 quidem
2143 1424 2227 1460 res
2258 1425 2434 1461 acrem
2455 1409 2603 1462 hisee
2633 1411 2764 1462 iram
2792 1410 2979 1472 movit,
2999 1426 3123 1464 cum
3153 1413 3451 1478 prtesertim

1889 1500 2038 1550 omni
2094 1500 2393 1551 certamine
2460 1500 2734 1552 abstinere
2790 1503 3224 1566 constituissent,
3282 1503 3456 1557 donec

1891 1589 2205 1659 Byzantium
2235 1591 2511 1653 venirent,
2563 1601 2623 1644 ut
2653 1592 2719 1646 de
2747 1609 2878 1658 pace
2921 1604 3143 1665 agerent
3201 1607 3253 1649 et
3303 1595 3453 1649 orrmi

1890 1696 2093 1748 genere
2151 1681 2609 1749 pollicitationmn
2658 1692 2713 1736 et
2765 1687 3007 1752 pecuniae
3074 1681 3456 1754 largitionibus

1893 1774 2276 1839 imperatorem
2336 1773 2771 1830 circumventum
2857 1792 2923 1830 eo
2993 1778 3348 1844 adducerent,
3395 1791 3456 1835 ut

1892 1863 2103 1918 fcedere
2133 1879 2256 1916 eum
2288 1863 2511 1919 Venetis
2533 1875 2716 1931 spreto
2745 1883 2938 1922 secum
2971 1871 3287 1925 societatem
3346 1872 3457 1924 ini.

1894 1964 1996 2008 ret.
2026 1953 2204 2020 Quare
2228 1957 2428 2010 multas
2457 1959 2679 2027 quidem
2714 1961 2876 2015 horas
2896 1962 3456 2030 pendebantanimis:

1894 2057 2136 2104 attamen
2181 2061 2287 2099 non
2325 2049 2608 2104 ferendum
2643 2052 2954 2114 videbatur,
3011 2054 3055 2106 si
3085 2052 3348 2122 flagitium
3403 2055 3458 2108 in

1895 2158 1953 2196 se
1986 2139 2343 2194 commissum
2393 2140 2722 2207 impunitum
2780 2145 3036 2196 omittere
3073 2145 3292 2205 vellent,
3320 2147 3462 2198 clas-

1896 2235 2029 2290 sicis
2061 2232 2366 2303 prtesertitu
2399 2235 2547 2290 varie
2570 2236 3028 2290 tumultuantibus
3068 2237 3306 2304 bellique
3341 2253 3464 2292 eer-

1899 2337 2078 2382 tamen
2136 2329 2487 2383 moventibus
2540 2338 2597 2383 et
2647 2329 3096 2384 accendentibus.
3149 2329 3460 2397 lusequeuti

1899 2421 2065 2490 igitur
2123 2423 2212 2476 die
2239 2423 2370 2477 solis
2413 2431 2535 2476 ortu
2595 2436 2719 2475 cum
2779 2421 3017 2489 praefecti
3087 2421 3280 2474 classis
3333 2420 3462 2474 belli

1900 2511 2051 2580 signa
2091 2511 2241 2565 tubis
2267 2511 2355 2566 edi
2388 2512 2702 2580 jussissent,
2745 2527 2940 2564 omnes
2962 2511 3154 2565 armati
3203 2512 3268 2563 ad
3303 2511 3466 2563 ultio—

1899 2618 2029 2657 nem
2065 2605 2386 2657 sumendam
2423 2603 2627 2672 egressi
2662 2604 2850 2656 urbem
2877 2604 3100 2671 ciugunt
3127 2612 3183 2655 et
3209 2601 3467 2655 euntibus

1903 2694 2076 2763 portis
2131 2693 2373 2747 eﬂ‘ractis
2418 2693 2650 2746 duarum
2711 2692 2968 2744 horarum
3017 2691 3192 2759 spatio
3245 2691 3466 2758 capiunt

1903 2786 2114 2844 urbem,
2143 2786 2396 2837 refertam
2430 2800 2534 2836 non
2565 2785 2741 2836 solum
2799 2785 3075 2837 veteribus
3108 2783 3321 2844 incolis,
3368 2782 3463 2834 sed

1903 2876 2065 2930 etiam
2101 2876 2168 2928 iis
2197 2875 2290 2942 qui
2339 2877 2540 2927 exteris
2603 2874 2848 2928 Thracia:
2907 2875 3040 2927 vicis
3099 2883 3322 2942 propter
3344 2889 3465 2926 cre-

1906 2969 2034 3023 bras
2063 2967 2344 3037 gentilium
2381 2967 2721 3022 incursiones
2755 2967 2958 3020 relictis
3009 2982 3075 3020 eo
3127 2967 3284 3020 sedes
3343 2981 3467 3018 cum

241 3072 338 3122 καὶ
375 3067 549 3128 οὕτως
573 3066 653 3127 εἰς
687 3065 897 3132 ἄμυναν
945 3060 1158 3113 ἔνοπλοι
1215 3060 1413 3121 πάντες
1462 3058 1800 3127 ἐκπηδήσαν-

1909 3061 2118 3130 magnis
2143 3060 2350 3114 divitiis
2383 3061 2795 3114 transtulerant.
2843 3059 3066 3113 lrruunt
3110 3059 3178 3110 ab
3212 3057 3468 3110 omnibus

239 3179 330 3221 τες
354 3155 992 3230 περιεστρατοπέδευσαν
1040 3152 1136 3221 τὴν
1183 3152 1358 3203 πόλιν.
1407 3151 1516 3202 Καὶ
1551 3148 1668 3216 ἅμα
1706 3149 1804 3210 τὰς

238 3253 420 3313 πύλας
484 3247 989 3316 ἁναμοχλεύσαντες
1065 3243 1264 3305 πάσας,
1318 3244 1375 3292 ἐν
1424 3240 1596 3308 ὥραις
1662 3234 1806 3291 εἷλον

237 3344 363 3396 δυσὶ
403 3342 608 3411 μεστὴν
637 3337 800 3391 οὖσαν
825 3337 884 3388 οὐ
928 3336 1088 3404 μόνον
1138 3333 1246 3385 τῶν
1277 3332 1446 3384 πάλαι
1502 3331 1804 3399 οἰκητόρων

239 3435 439 3500 αὐτῆς,
474 3431 610 3483 ἀλλὰ
639 3431 730 3482 καὶ
756 3429 872 3480 ὅσοι
904 3429 1001 3490 τὰς
1035 3426 1139 3490 ἔξω
1200 3427 1392 3494 κώμας
1429 3427 1528 3490 τῆς
1583 3423 1806 3492 Θρᾴκης

239 3528 325 3576 διὰ
377 3526 579 3589 συχνὰς
619 3521 726 3573 τῶν
783 3519 951 3571 ἐθνῶν
1010 3517 1233 3590 ἐφόδους
1290 3513 1540 3576 λιπόντες
1602 3515 1659 3564 ἐν
1695 3515 1806 3574 τοῖς

238 3610 910 3680 αὑτῆς.μετῳκίσθησαν,
980 3607 1210 3659 πλοῦτον
1282 3603 1624 3658 παντοδαπὸν
1690 3603 1810 3654 ἐκεῖ

245 3725 350 3773 σύμ
370 3705 720 3771 Ιςορήσαντες.
793 3702 901 3753 Καὶ
947 3699 1044 3763 μὲν
1080 3700 1142 3766 δὴ
1207 3699 1300 3749 καὶ
1341 3697 1640 3765 εἰσεχέοντο
1675 3695 1810 3746 πάν-

238 3814 331 3856 τες
386 3791 768 3860 ἁπανταχόθεν
815 3791 1053 3854 Λατῖνοι,
1107 3789 1200 3841 καὶ
1248 3789 1426 3840 πᾶσαν
1483 3787 1808 3855 ἠνδραποδί-

243 3886 400 3948 ζοντο
428 3882 650 3954 ἠλικίαν
681 3881 952 3945 ἐλεεινῶς,
991 3881 1090 3947 ὅση
1117 3879 1192 3948 μὴ
1230 3878 1462 3947 δρασμῷ
1505 3880 1606 3946 τὴν
1635 3895 1810 3948 σωτη-

246 3971 372 4037 ρίαν
409 3968 545 4038 έιρθη
581 3968 930 4038 πορίσασθαι.
963 3965 1274 4036 Τηνικαῦτα
1327 3965 1372 4018 δ’
1430 3967 1578 4037 ἀπῆν
1629 3970 1656 4020 ὁ
1709 3968 1810 4034 τῆς

244 4062 457 4120 πόλεως
499 4058 872 4119 ἐπισκοπικῶς
902 4055 1267 4126 προΐστασθαι
1301 4056 1484 4127 λαχὼν
1521 4058 1806 4119 Κόκκινος·

244 4152 388 4204 οὕτω
417 4151 525 4218 γὰρ
554 4149 796 4201 ἐκαλεῖτο
825 4149 911 4202 διὰ
937 4149 994 4202 τὸ
1042 4148 1287 4214 πυρῶδες
1333 4151 1429 4202 καὶ
1467 4148 1664 4217 ἄγριον
1705 4151 1806 4218 τῆς

243 4242 421 4308 Mam;
454 4242 483 4293 ὁ
515 4242 827 4308 ποιμενικὸς
876 4239 1081 4307 πατὴρ.
1123 4239 1460 4308 Ἐτυχε.γὰρ
1507 4240 1568 4290 ἐν
1600 4238 1812 4302 Βυζαν-

243 4334 368 4400 τίῳ,
406 4333 523 4393 ταῖς
552 4330 649 4395 μέν
683 4331 775 4382 τοῦ
810 4330 1038 4396 Παλαμᾶ
1081 4328 1456 4396 καινοφωνίαις
1484 4330 1633 4400 πάσῃ
1670 4330 1812 4398 γνὼ-

1907 3154 2155 3223 partibus
2203 3152 2380 3205 Latini
2437 3162 2493 3205 et
2560 3166 2750 3205 omnes
2805 3151 2986 3205 omnis
3037 3151 3212 3204 tetatis
3271 3149 3468 3204 misera

1907 3245 2172 3300 servitute
2196 3242 2458 3308 alliciunt,
2493 3245 2584 3312 qui
2619 3258 2725 3296 non
2759 3243 2881 3309 fuga
2914 3242 3144 3296 salutem
3191 3241 3296 3294 sibi
3321 3258 3471 3310 qua--

1907 3337 2174 3392 siverant.
2206 3336 2316 3404 80
2344 3336 2497 3387 Tune
2528 3335 2717 3388 aberat
2743 3335 3033 3400 Coccinus,
3063 3335 3156 3403 qui
3184 3335 3470 3400 episeopa—
3523 3341 3527 3346 '

1911 3437 2021 3481 tum
2060 3427 2212 3482 urbis
2244 3429 2473 3482 sortitus
2506 3437 2644 3480 erat.
2689 3426 2957 3481 Coecinus
2992 3428 3140 3481 enim
3197 3425 3473 3494 pastorius

1911 3529 2062 3588 pater
2089 3520 2158 3573 ab
2191 3519 2349 3588 igneo
2377 3527 2426 3573 et
2467 3519 2694 3573 efferata
2720 3519 2872 3572 vultu
2911 3517 3312 3586 appellabatur.
3339 3517 3474 3570 Ver-

1910 3610 2129 3662 sabatur
2169 3617 2282 3661 tum
2316 3607 2576 3677 temporis
2606 3608 2875 3678 Byzantii,
2917 3607 3008 3660 ubi
3049 3607 3204 3659 novis
3245 3603 3475 3658 Palamze

1910 3704 2230 3758 commentis
2272 3704 2415 3756 οηιηί
2449 3704 2636 3755 animo
2667 3715 2829 3771 atque
2864 3703 3044 3756 studio
3079 3702 3321 3763 deditus,
3354 3717 3475 3768 gre-

1910 3794 1991 3863 gis
2029 3795 2110 3848 sui
2151 3809 2339 3860 parum
2372 3795 2554 3846 habita
2593 3795 2823 3855 ratione,
2867 3809 3010 3846 verte
3043 3793 3163 3846 fidei
3218 3806 3478 3860 persecu-

1913 3887 2113 3939 tionem
2146 3883 2495 3943 accendebat,
2557 3883 2868 3951 imperatori
2933 3897 3062 3935 vero
3125 3897 3190 3935 ex
3243 3882 3475 3934 somniis

1909 3987 1964 4030 et
1995 3975 2207 4044 tripode
2234 3975 2419 4028 nescio
2449 3988 2558 4041 quo
2596 3971 2856 4026 vaticinio
2898 3986 3118 4040 magnas
3151 3985 3280 4024 sane
3305 3979 3474 4038 atque

1914 4065 2212 4120 ineﬂ‘abiles
2243 4080 2328 4118 res
2363 4064 2743 4133 pollicebatur,
2777 4063 2990 4131 imperii
3050 4062 3308 4114 nimirum
3361 4077 3475 4114 am-

1913 4157 2320 4226 plificationem,
2385 4154 2629 4209 Orientis
2706 4164 2761 4208 et
2824 4153 3138 4208 Occidentis
3188 4152 3475 4216 ditionem,

1911 4264 2031 4317 qua)
2064 4247 2214 4300 nullo
2248 4248 2462 4316 negotio
2518 4246 2950 4316 persecutionem
2983 4263 3012 4299 c
3045 4247 3268 4312 vestigio
3331 4244 3481 4300 inse.

1913 4348 2104 4392 cutura
2137 4348 2301 4392 esset.
2332 4338 2402 4391 Λι
2431 4339 2714 4391 enimvero
2743 4353 2867 4392 cum
2898 4337 3120 4392 Coccini
3145 4339 3473 4406 prsesagium

249 4437 330 4492 μῃ
357 4423 447 4472 καὶ
481 4421 684 4490 σπουδῇ
729 4419 1052 4488 συμμαχῶν,
1104 4417 1196 4471 τοῦ
1256 4419 1311 4472 δέ
1351 4422 1606 4488 ποιμνίου
1641 4422 1800 4492 μικρὰ

1917 4447 2142 4502 prorsus
2193 4444 2350 4484 secus
2403 4430 2643 4490 caderet,
2714 4430 2768 4483 in
2827 4445 3048 4500 magnas
3104 4431 3332 4500 injectus
3393 4441 3477 4485 est

247 4511 574 4582 φροντίζων,
601 4514 691 4563 καὶ
711 4512 804 4562 τὸν
833 4511 931 4577 μὲν
962 4510 1102 4562 κατὰ
1131 4512 1228 4579 τῆς
1247 4513 1525 4575 εύσ;6είας
1552 4511 1612 4584 [il
1638 4514 1738 4568 114
1755 4513 1812 4585 a]

248 4602 626 4672 ἀναρριπίζων
661 4601 915 4654 ἐνταυθοῖ
943 4600 1199 4668 διωγμὸν,
1231 4601 1306 4671 τῷ
1343 4601 1398 4653 δὲ
1445 4602 1653 4671 βασιλεί
1679 4621 1814 4663 atpo-

247 4694 647 4761 φοιΰαζόμενος
681 4692 736 4756 ἐξ
769 4690 1013 4760 ὀνείρων,
1050 4690 1156 4742 κάκ
1192 4692 1284 4743 τοῦ
1324 4693 1566 4745 τοιούτου
1624 4711 1816 4758 μαντιο

250 4785 349 4836 κοῦ
404 4783 659 4853 τρίποδος
721 4782 1156 4852 ὑπισχνούμενος
1205 4784 1273 4836 τὰ
1348 4783 1565 4852 μεγάλα
1613 4799 1674 4835 τε
1724 4784 1817 4836 καὶ

252 4876 569 4944 ἀπόρρητα,
605 4872 832 4942 κλήρους
863 4875 1036 4943 ἀρχῆς
1067 4872 1264 4942 δηλαδὴ
1292 4875 1661 4941 καινοτέρους,
1722 4878 1818 4926 καὶ

251 4969 433 5034 πάσης
461 4966 604 5035 ἐῲας
629 4969 721 5016 καὶ
756 4965 1011 5033 ἑσπερίου
1037 4964 1245 5035 λήξεως
1289 4967 1642 5034 ἐπικράτειαν
1687 4969 1819 5036 ἄμο-

251 5061 384 5129 χθον
421 5061 623 5111 αὐτίκα
672 5059 814 5128 μάλα
865 5073 918 5110 τι
971 5059 1241 5126 ἑψομένην
1269 5058 1342 5122 τῷ
1385 5057 1627 5127 διωγμῷ.
1662 5059 1817 5113 Ἀλλὰ

253 5157 360 5220 γὰρ
424 5153 617 5219 ἐπειδὴ
657 5153 792 5220 πρὸς
839 5153 944 5203 πᾶν
996 5152 1307 5202 τούναντίον
1377 5149 1571 5222 ἐχώρει
1621 5152 1680 5203 τὸ
1724 5153 1818 5203 τοῦ

255 5246 527 5297 Κοκκίνου
557 5244 868 5312 μάντευμα,
901 5243 1103 5312 πολλὴν
1162 5247 1387 5314 παρεῖχε
1428 5249 1524 5314 τὴν
1583 5245 1818 5314 ἀπορίαν

256 5336 330 5404 τῷ
377 5335 614 5404 βασιλεῖ,
659 5333 808 5386 καὶᾶ
837 5333 959 5402 χθὲς
1007 5337 1101 5386 καὶ
1129 5335 1397 5404 πρότριτα
1452 5335 1708 5404 προσίετό
1761 5352 1819 5387 τε

257 5428 346 5478 καὶ
374 5427 585 5495 σφόδρα
610 5427 862 5494 ἁσμένως
911 5428 1186 5487 ἐπίστευε,
1225 5425 1317 5477 νῦν
1367 5429 1422 5488 ἐς
1484 5426 1820 5495 ἀμφιϐόλους

257 5519 511 5588 ἔρριπτεν
549 5516 783 5577 ἐννοίας,
813 5521 900 5568 καὶ
929 5519 1226 5588 τρικυμίαν
1249 5514 1360 5587 εἶχε
1402 5517 1697 5586 λογισμῶν,
1730 5522 1822 5573 κα)⁴

250 5611 536 5662 ἀπεσείετο
559 5611 694 5670 τοὺς
731 5607 926 5676 λήρους
968 5611 1235 5672 ἐκείνους,
1268 5611 1359 5661 καὶ
1409 5610 1629 5672 πολλαῖς
1673 5612 1823 5662 ἐπει-

247 5703 379 5772 ρᾶτο
409 5700 668 5773 μέμψεσι
703 5697 984 5767 βαπτίζειν
1015 5703 1137 5764 τοὺς
1181 5701 1352 5764 οὕτως
1387 5700 1474 5754 ἐπ’
1513 5703 1822 5774 αὐτοφώρῳ

1921 4523 2266 4578 difﬁcultates
2322 4521 2632 4589 imperator,
2685 4521 2915 4590 utquod
2979 4521 3094 4575 lteri
3150 4522 3232 4576 vel
3279 4522 3480 4576 nudius

1924 4614 2117 4667 tertius
2142 4612 2362 4666 admisit
2413 4622 2467 4664 et
2515 4610 2891 4665 lubentissime
2940 4611 3200 4673 credidit,
3268 4611 3320 4664 id
3367 4613 3478 4681 jam

1921 4705 2191 4772 ambiguis
2249 4713 2491 4756 versaret
2549 4703 2968 4772 cogitationibus
3010 4711 3066 4758 et
3114 4702 3484 4757 vehementis-

1921 4797 2056 4849 sima
2087 4795 2444 4848 consiliorum
2476 4795 2829 4849 ﬂuctuatione
2862 4797 3099 4862 agitatus
3137 4778 3310 4866 nugas
3350 4797 3485 4851 istas

1921 4887 2180 4954 obiiceret
2214 4897 2398 4954 atque,
2449 4900 2587 4954 quos
2624 4903 2732 4941 non
2762 4888 2994 4957 puderet
3029 4889 3084 4942 in
3142 4899 3248 4943 tam
3309 4891 3483 4942 mani-

1923 4978 2073 5032 festis
2124 4979 2449 5038 _mendaciis
2501 4979 2862 5046 deprehendi,
2934 4981 3118 5034 multis
3173 4981 3482 5050 opprobriis

1922 5069 2154 5121 obruere
2183 5080 2496 5123 conaretur.
2550 5069 2656 5123 Sed
2708 5087 2899 5124 rursus
2955 5071 3045 5124 ille
3096 5072 3480 5139 praesagiorum

1923 5170 2111 5212 auctor
2164 5161 2229 5214 ad
2285 5177 2408 5214 cum
2455 5161 2711 5226 accedit;
2764 5163 3048 5215 veritatem
3109 5161 3244 5215 falso
3316 5163 3482 5216 inter-

1925 5256 2189 5321 pretando
2217 5265 2271 5308 et
2301 5265 2505 5308 certam
2561 5255 2969 5322 simplicitatem
3054 5257 3481 5309 transcurrendo

1922 5361 2046 5398 eum
2097 5346 2198 5398 sibi
2251 5347 2608 5411 reconciliat;
2664 5345 2802 5400 hanc
2856 5345 3151 5399 adversarii
3200 5346 3481 5411 cujusdam

1923 5435 2148 5503 spiritus
2182 5451 2302 5488 esse
2341 5438 2448 5487 vim
2490 5436 2645 5496 dit-it,
2677 5435 2767 5502 qui
2827 5434 3077 5487 ardorem
3109 5435 3326 5503 pictatis
3395 5449 3484 5485 rc-

1926 5526 2200 5592 stingucre
2249 5536 2303 5578 et
2364 5525 2766 5595 persecutionis
2837 5540 3056 5578 cursum
3115 5523 3485 5577 fraudulenter

1926 5616 2173 5670 inhibere
2230 5618 2378 5671 velit.
2467 5616 2589 5669 “th
2647 5617 2809 5669 etiam
2867 5617 3168 5684 exploratio
3233 5615 3480 5681 quedam

1923 5717 2040 5770 est,
2070 5707 2268 5775 inquit,
2302 5723 2328 5760 a
2365 5708 2474 5763 Deo
2539 5707 2783 5761 instituta
2829 5718 2883 5762 et
2941 5705 3192 5776 praelusio
3252 5706 3485 5776 futuisse.
