4070 6326
466 326 551 391 Ἠ·
1672 321 2088 382 ΝιιιΕριιυιιι
2112 320 2521 381 .GREGmt.E
3069 402 3075 408 _
3665 322 3744 385 ιη

473 448 637 501 aliter
671 444 764 515 qui
825 442 1077 509 rediret,
1112 439 1414 495 fmilissiina
1470 455 1603 492 nece
1655 443 1906 508 punitum
1942 439 2008 492 iri
2040 483 2052 505 ,

2161 439 2251 490 θεν
2294 443 2768 506 προστεταγμέιον
2804 440 2950 492 δυοῖν
2976 441 3224 508 θάτερον,
3271 441 3301 508 ἦ
3338 439 3565 508 νικητὰς
3598 443 3743 493 ἐπα’

474 553 596 607 qua:
630 537 782 591 nullo
815 543 1079 607 przetextn
1107 533 1367 600 nullaque
1397 545 1561 584 causa
1592 530 1765 583 averti
1800 541 1982 598 posset
2012 532 2050 593 ),

475 646 599 682 eum
623 629 703 682 sic
726 643 786 683 se
811 628 974 698 igitur
997 640 1084 679 res
1110 624 1359 688 haberet,
1387 636 1576 674 omnes
1597 621 1787 673 eadem
1812 621 2055 673 necessi-

478 732 588 775 tnte
621 722 794 775 coacti
831 718 1071 788 undique
1099 716 1266 770 simili
1300 714 1530 769 consilio
1570 723 1715 766 reeta
1736 714 2052 782 Byzantium

477 829 698 866 rursum
725 813 995 866 direxere.
1035 810 1112 863 lta
1161 809 1364 861 factum
1398 816 1505 870 est,
1540 815 1603 859 ut
1637 822 1701 858 ex
1737 805 2055 859 triremibus

480 906 587 959 illis
617 905 818 959 multos
852 904 971 956 dies
1012 899 1276 970 dispersis
1327 899 1609 968 octoginta
1642 897 1764 951 dure
1794 897 2056 951 conveni-

482 1009 624 1061 rent,
653 1014 773 1066 qtae
816 995 966 1049 brevi
1006 1004 1254 1062 tempore
1295 990 1624 1060 interposito
1667 990 1753 1042 vix
1798 1003 2052 1057 aegreque

479 1090 761 1143 Tenedum
818 1087 1116 1147 tenebant,
1168 1098 1299 1137 cum
1335 1083 1536 1137 iterum
1570 1083 1624 1136 in
1670 1090 2050 1150 tempestatem

482 1181 824 1249 inciderent,
884 1178 1157 1231 modicam
1222 1175 1479 1245 quidem,
1526 1174 1622 1229 sed
1673 1182 2052 1241 tempestatem

481 1284 684 1327 tamen.
722 1273 799 1326 lbi
843 1271 1056 1340 aliquot
1105 1270 1225 1324 dies
1272 1268 1599 1323 commorati
1649 1282 1773 1320 cum
1820 1282 1886 1321 ex
1919 1275 2055 1320 tem-

479 1374 747 1435 pestatum
804 1362 1181 1432 ﬂuctuumque
1233 1361 1584 1424 calamitate,
1617 1369 1880 1428 quantum
1934 1358 2050 1412 ﬁeri

481 1457 679 1525 potuit,
722 1471 842 1510 sese
905 1462 1287 1519 recreassent,
1353 1462 1541 1505 austro
1598 1451 1842 1504 seenndo
1890 1448 2052 1503 ﬂante

477 1549 691 1600 oriente
716 1548 829 1600 sole
854 1547 906 1600 in
944 1548 1114 1600 altum
1142 1545 1387 1615 provecti
1426 1554 1587 1608 sunt;
1627 1543 1730 1597 sub
1764 1558 2050 1611 vesperam

476 1649 661 1692 autem
693 1639 923 1693 adversa
985 1648 1308 1703 tempestate
1365 1647 1556 1690 exorta
1600 1637 1931 1704 appulerunt
1983 1635 2051 1689 ad

480 1734 672 1787 urbem
700 1732 993 1802 quamdam
1019 1732 1071 1783 in
1108 1730 1459 1783 Cberroneso
1486 1738 1682 1786 sitam,
1716 1743 1834 1794 quze.
1863 1726 2051 1780 Sestus

476 1828 704 1883 dicitur.
758 1825 888 1879 Inde
938 1823 1126 1876 multis
1153 1822 1360 1890 elapsis
1388 1820 1584 1874 diebus
1617 1821 1914 1873 discessere
1940 1819 2052 1889 86

478 1917 695 1987 placido
753 1925 944 1969 austro
984 1914 1142 1968 initio
1198 1914 1419 1982 quidem
1464 1911 1656 1972 ﬂante.
1712 1922 1931 1978 postero
1965 1912 2053 1964 die

477 2020 661 2064 autem
698 2024 875 2077 usque
925 2007 1066 2060 adeo
1102 2004 1575 2066 increbrescvnte,
1611 2013 1667 2055 ut
1701 2017 1843 2069 σιεγε
1877 2001 1943 2055 ad
1970 2002 2054 2056 in-

480 2103 632 2155 sulas
663 2100 1015 2169 Propontidis
1042 2112 1167 2151 cum
1209 2097 1488 2164 sexaginta
1513 2103 1637 2147 octo
1669 2092 1902 2147 navibus
1935 2108 2055 2162 pcr-

480 2195 671 2248 venire
711 2199 940 2262 possent
972 2198 1209 2245 exeunte
1235 2188 1415 2242 bieme
1445 2198 1499 2241 et
1530 2185 1860 2255 agquinoctio
1883 2198 2054 2239 verno

472 2285 1044 2355 jamjam'appctente.
1094 2278 1232 2334 Cum
1271 2295 1401 2332 vero
1444 2288 1657 2345 portus,
1714 2276 1807 2345 qui
1848 2284 2052 2328 tantam

478 2378 710 2431 classem
744 2390 943 2442 capere
997 2383 1202 2442 posset,
1237 2372 1341 2425 illis
1373 2371 1566 2424 insulis
1606 2384 1714 2422 non
1751 2378 1917 2432 esset,
1952 2383 2055 2437 per

479 2470 713 2523 duorum
744 2467 958 2521 dierum
993 2467 1349 2533 noctiumque
1376 2463 1613 2531 spatium
1638 2461 1690 2514 in
1721 2461 1832 2514 alto
1865 2475 2056 2515 omnes

482 2576 650 2615 naves
697 2569 902 2614 temere
959 2558 1013 2611 in
1055 2557 1275 2611 ancoris
1306 2556 1616 2618 ﬂuitabant,
1652 2553 1818 2608 ﬂuctu
1852 2553 1921 2607 ab
1946 2553 2056 2608 imo

485 2653 890 2705 intumescente
948 2665 1131 2719 neque
1183 2656 1509 2718 tempestate
1575 2662 1814 2715 unquam
1873 2646 2057 2701 consi-

485 2747 668 2799 dente.
706 2744 847 2800 Fieri
878 2745 1043 2800 etiam
1083 2742 1284 2808 potuit,
1320 2752 1380 2794 ut
1404 2740 1728 2796 Genucnses
1758 2740 2058 2807 derepente

486 2838 539 2890 in
569 2851 664 2890 eos
691 2851 914 2889 cursum
952 2833 1327 2895 intenderent,
1359 2832 1449 2900 qui
1472 2830 1579 2900 jam
1616 2829 1707 2882 diu
1739 2828 1791 2881 id
1824 2828 2058 2897 agebant

482 2943 646 3002 atque
675 2930 965 3000 parabant,
995 2937 1056 2980 ut
1082 2942 1178 2981 eos
1213 2927 1356 2979 inter
1382 2923 1749 2992 navigandum
1791 2921 2057 2990 defatiga-

489 3038 574 3082 tos
611 3024 984 3079 adorirentur.
1021 3021 1146 3074 llzec
1179 3020 1400 3087 quidem
1440 3032 1529 3070 res
1555 3015 1633 3070 sic
1657 3032 1712 3069 se
1741 3016 1854 3068 fere
1889 3014 2057 3069 liabe—

2160 529 2335 579 νιὲναι
2367 530 2475 580 νῶν
2508 530 2805 598 πολεμίων,
2842 531 2875 599 ἢ
2912 530 3198 599 πολεμίοις
3236 533 3349 600 ἃμα
3382 531 3595 592 πάντας
3618 531 3744 582 ἐκε.

2162 623 2436 689 σφαγῆναι
2471 621 2653 688 χερσὶ,
2700 621 2777 690 τῷ
2824 622 2870 674 δ’
2925 622 3100 684 ἄλλως
3168 623 3446 675 ἐπανιόντι
3501 621 3745 673 θάνατον

2159 708 2301 764 εἶναι
2353 714 2444 765 τὸν
2493 715 2771 781 αἴσχιστον
2828 715 3197 784 τοῦπιτίμιον,
3248 715 3468 782 ἁπάσης
3520 715 3746 780 προφέ-

2160 823 2295 868 aee);
2331 806 2451 858 λίαν
2480 808 2828 876 ὑπέρτερον),
2859 809 2938 870 εἰς
2997 809 3246 874 ἀνάγκας
3288 807 3456 877 ¹ᾔεσαν
3518 808 3742 860 ἅπασαι

2157 899 2252 959 τὰς
2287 901 2480 963 αὑτὰς,
2541 901 2670 953 εὐθὺ
2726 902 3023 964 Βυζαντίου
3066 900 3314 953 ἐλαύνειν
3364 899 3742 967 ἑκασταχόθεν

2157 988 2375 1053 ἁπάσας
2425 992 2480 1042 ἐν
2505 991 2671 1060 ὁμοίᾳ
2702 994 2767 1057 τῇ
2793 993 3007 1062 γνώμῃ.
3048 992 3254 1063 Συνέϐη
3299 993 3484 1044 τοίνυν
3519 992 3740 1061 συχνῶν

2160 1082 2386 1150 ήμερῶν
2447 1085 2721 1154 σποράδας
2770 1085 3055 1153 ἠθροῖσθαι
3104 1087 3357 1155 τριήρεις
3404 1087 3465 1137 ἐκ
3527 1086 3741 1137 τούτων

2155 1175 2248 1228 δύο
2277 1176 2371 1227 καὶ
2392 1175 2745 1244 ὀγδοήκοντα,
2778 1178 2832 1231 αἳ
2850 1180 2912 1247 δὴ
2941 1180 3035 1231 καὶ
3068 1179 3205 1248 μετὰ
3229 1180 3404 1250 βραχὺ
3431 1180 3742 1233 κ;τέπὶ.ευο

2166 1283 2265 1318 σαν
2293 1267 2345 1329 ἐς
2374 1268 2595 1320 Τένεδον
2630 1269 2775 1336 μάλα
2813 1269 2983 1336 μόλις·
3009 1270 3241 1339 χειμῶνι
3267 1278 3376 1340 γὰρ
3410 1269 3737 1339 περιέτυχον

2160 1357 2345 1422 αὖθις,
2404 1362 2609 1428 μετρίῳ
2655 1362 2775 1429 μὲν,
2837 1363 3087 1431 ἐνέτυχον
3120 1362 3162 1414 δ’
3216 1358 3328 1414 οἷν.
3385 1362 3632 1429 Ἡμέρας
3687 1362 3738 1413 δ’

2158 1452 2276 1502 ἐκεῖ
2309 1452 2508 1520 συχνὰς
2545 1454 2963 1522 περιμείναντες
2993 1455 3086 1506 τοῦ
3110 1454 3397 1524 χειμερίου
3433 1455 3730 1517 κλύδωνος,

2157 1542 2282 1594 ὅσον
2307 1544 2551 1608 ἐφικτὸν,
2581 1544 2775 1606 ἑαυτὰς
2805 1545 3200 1614 ἀνελάμϐανον.
3236 1545 3446 1597 Νοτίων
3474 1545 3734 1597 δ’ἐπειτα

2159 1636 2321 1685 πνοαῖ
2382 1635 2439 1698 ἐξ
2470 1636 2661 1704 οὐρίας
2686 1638 2998 1705 γενομένων
3028 1638 3343 1706 ἀνήχθησαν
3373 1637 3563 1690 ἕωθεν.
3595 1640 3736 1705 Περὶ

2156 1726 2212 1777 δὲ
2264 1726 2445 1795 δείλην
2487 1728 2648 1797 ὀψίαν
2704 1730 3019 1793 ὀντιπνοίας
3072 1733 3372 1801 γενομένης
3422 1732 3609 1800 σφίσιν
3670 1734 3734 1782 ἐκ

2158 1818 2404 1889 πρώρας,
2445 1824 2498 1883 ἐς
2553 1824 2682 1891 μίαν
2707 1823 2815 1875 τῶν
2852 1827 2907 1876 ἐν
2941 1826 3271 1896 Χερρονήσῳ
3313 1826 3522 1877 πόλεων
3558 1842 3723 1895 προσ-

2155 1914 2512 1982 ωρμίσθησαν
2540 1956 2553 1977 ,
2591 1915 2934 1986 καλουμένην
2966 1917 3196 1987 Σηστόν.
3244 1917 3514 1971 Κάκεῖθεν
3576 1916 3732 1978 αὖθις

2160 2005 2297 2074 μετὰ
2334 2005 2533 2068 πολλὰς
2577 2008 2673 2071 τὰς
2708 2009 2924 2078 ἡμέρας
2966 2010 3324 2073 ἐξέπλευσαν,
3372 2012 3525 2063 νότου
3559 2011 3733 2076 μαλα-

2158 2096 2255 2150 ito-3
2299 2099 2400 2165 μὲν
2431 2098 2532 2169 τὴν
2560 2101 2735 2171 ἀρχὴν
2768 2103 3085 2171 γενομένου,
3135 2103 3531 2173 τραχυνθὲντος
3576 2102 3620 2156 δ’
3674 2105 3729 2164 ἐς

2154 2191 2254 2259 τὴν
2289 2192 2584 2262 ὑστεραίαν
2614 2192 2870 2248 τοσοῦτον
2899 2194 3040 2248 ὥστε
3077 2196 3230 2263 μόλις
3251 2196 3591 2267 ἐδυνήθησαν
3606 2200 3727 2259 ταῖς

2158 2285 2252 2349 τῆς
2280 2284 2642 2353 Προποντίδος
2666 2287 3131 2357 προσεληλυθέναι
3160 2289 3364 2357 νήσοις,
3408 2290 3551 2351 δυοῖν
3580 2290 3730 2341 δέου-

2160 2392 2252 2428 σαι
2303 2376 2698 2446 ἐϐδομήκοντα,
2753 2380 2847 2432 τοῦ
2905 2379 3100 2449 χρόνου
3148 2380 3452 2450 τηνικαῦτα
3486 2383 3582 2444 τὰς
3634 2381 3743 2441 τοῦ,

2158 2466 2427 2535 χειμῶνος
2488 2469 2748 2538 ἐσχατιὰς
2810 2473 3202 2541 παραθέοντος,
3270 2473 3365 2526 καὶ
3444 2475 3733 2542 μέλλοντος

2157 2558 2281 2611 ὅσον
2325 2558 2535 2612 οὐδέπω
2581 2561 2681 2623 τὲις
2736 2563 2838 2631 τῆς
2894 2564 3090 2634 ἡρινῆς
3145 2565 3437 2636 ἰσημερίας
3490 2566 3731 2635 ἀνίσχειν

2159 2653 2383 2721 τροπάς.
2416 2654 2666 2726 Κάπειδὴ
2713 2654 2880 2738 λιμὴν
2934 2660 3057 2720 ταῖς
3104 2659 3294 2726 νήσοις
3348 2660 3588 2722 ἐκείναις
3631 2660 3733 2711 οὐκ

2157 2739 2224 2814 ἦν
2276 2746 2488 2815 οὐδαμῆ
2552 2747 2792 2817 τοσούτῳ
2861 2750 3031 2821 στόλῳ
3080 2753 3397 2821 προσήκων,
3458 2753 3731 2822 μετέωροι

2159 2831 2529 2902 νυχθημέροις
2570 2835 2721 2887 δυσὶν
2784 2838 2870 2889 ἐπ’
2896 2840 3153 2908 ἀγκυρῶν
3209 2841 3464 2894 ἐσάλευον
3523 2841 3731 2895 ἅπασαι

2162 2925 2225 2998 [1⁵.
2270 2927 2370 2981 115
2400 2927 2454 2998 b]
2490 2929 2629 2981 πάνυ
2656 2947 2707 2982 τι
2743 2930 3111 3001 πλημμελῶς,
3145 2918 3239 2985 τοῦ
3266 2951 3324 2986 τε
3358 2934 3608 3002 κύματος
3635 2938 3731 2988 κά-

2159 3020 2332 3072 τωθεν
2361 3022 2717 3088 ἀνοιδοῦντος,
2754 3023 2968 3077 καὶτοῦ
3018 3028 3327 3094 πνεύματος
3380 3025 3590 3094 οὐδαμῆ
3648 3045 3735 3078 πω

493 3119 605 3173 bat.
636 3116 772 3172 Cum
802 3129 936 3167 vero
965 3113 1108 3166 baud
1142 3111 1353 3164 diutius
1380 3123 1503 3163 eum
1536 3107 1670 3159 mari
1696 3115 1859 3174 atque
1891 3104 2058 3159 ﬂucti-

2165 3113 2371 3180 λήξεως
2407 3115 2782 3185 μεμνημένου.
2822 3112 2899 3169 Ἷί
2924 3118 3032 3189 γὰρ
3086 3118 3151 3171 ἂν
3182 3118 3306 3187 ἐνῆν
3341 3120 3435 3171 καὶ
3488 3120 3735 3172 Γεννουῖ-

488 3209 614 3271 bus,
665 3206 1003 3275 tempestatis
1056 3205 1102 3254 vi
1161 3216 1267 3253 non
1328 3199 1685 3257 remittente,
1749 3195 2053 3249 conﬂictari

490 3306 739 3368 possent,
791 3295 1013 3349 ancoris
1046 3292 1280 3347 sublatis
1305 3290 1435 3346 inde
1487 3285 1727 3359 provecti
1757 3288 1920 3341 tertio
1965 3287 2055 3341 die

490 3389 595 3446 sub
623 3402 907 3457 vesperam
956 3385 1111 3439 tarde
1141 3394 1305 3452 atque
1338 3397 1479 3452 aegre
1512 3382 1565 3435 in
1605 3389 1820 3448 portum
1852 3379 2058 3447 Byzan-

486 3486 664 3535 tinutu
706 3479 1071 3549 navigabant,
1102 3487 1229 3531 octo
1262 3474 1586 3530 triremibus
1630 3474 1893 3527 Romanis
1940 3483 2054 3524 tra-

485 3571 668 3626 hendo
699 3581 754 3626 et
788 3570 1044 3624 ducendo
1087 3568 1376 3638 appulsnm
1412 3567 1465 3620 in
1500 3575 1717 3636 portum
1747 3563 2057 3633 adjuvanti-

485 3667 589 3721 bus
624 3674 680 3717 et
723 3661 1165 3718 sublevantibus.
1204 3658 1402 3713 Verum
1445 3657 1773 3727 priusquam
1815 3655 2056 3726 appelle-

486 3767 645 3823 rent,
705 3758 959 3812 triremes
1012 3753 1336 3809 Gennenses
1379 3753 1489 3821 jam
1526 3751 1617 3804 diu
1675 3751 1741 3803 iis
1787 3749 2056 3803 insidiata:

485 3860 712 3921 repente
745 3849 1094 3915 aduavigant.
1126 3844 1304 3914 Atque
1337 3844 1573 3913 primunt
1625 3841 1847 3910 quidem
1885 3855 2059 3909 expe-

487 3944 620 3999 ditis
642 3942 874 3996 navibus
902 3941 1047 3996 binis
1073 3950 1129 3994 ct
1159 3937 1331 3991 ternis
1356 3952 1421 3991 ex
1454 3934 1742 3989 intervallo
1772 3934 1824 3986 in
1846 3947 2057 4001 puppes

485 4052 675 4090 eorum
708 4034 1007 4105 praemissis
1058 4048 1181 4085 cum
1227 4030 1484 4083 onmibus
1515 4027 1747 4081 navibus
1772 4026 1918 4077 omni
1946 4024 2055 4093 87

487 4129 776 4183 celeritate
816 4141 871 4180 et
902 4125 1088 4179 studio
1131 4122 1339 4176 incitati
1380 4137 1406 4171 a
1441 4129 1593 4187 tergo
1620 4118 1741 4170 illos
1768 4117 2054 4181 invadunt,

494 4229 553 4272 tit
584 4219 778 4272 Veneti
818 4229 1134 4285 quanquam
1168 4212 1326 4263 valde
1371 4206 1574 4262 defessi
1610 4208 1662 4259 in
1702 4208 1834 4259 inari
1884 4205 2073 4259 ﬂucti-'

485 4313 589 4366 bus
639 4308 1125 4364 vehementissime
1168 4316 1298 4357 tunc
1347 4299 1566 4354 turbato
1610 4297 1864 4366 pratlium
1909 4312 2061 4350 com-

489 4403 708 4456 mittere
763 4396 1077 4451 nceessario
1135 4401 1488 4464 cogerentur.
1529 4388 1853 4443 Geunenses
1896 4386 2062 4457 igitur

486 4507 610 4546 cum
642 4506 739 4545 eos
765 4490 876 4560 jam
921 4488 975 4541 in
1024 4501 1083 4540 se
1131 4499 1325 4554 proras
1353 4488 1738 4537 convcrtentes
1784 4480 2056 4542 viderent,
2092 4474 2132 4528 ι)

490 4583 762 4656 puppibus
790 4578 1083 4634 confestim
1105 4575 1397 4633 retroactis
1416 4573 1706 4630 celerrima
1728 4572 1848 4641 fuga
1875 4571 2061 4628 fauces

491 4675 648 4733 Ponti
691 4682 747 4728 et
776 4672 970 4729 solitos
1005 4679 1198 4739 portus
1246 4668 1476 4738 petiere.
1509 4665 1590 4720 Illi
1632 4674 1815 4718 autem
1858 4666 2060 4719 acriter

490 4771 761 4824 instantes
800 4779 830 4818 a
869 4771 1022 4833 tergo
1044 4776 1143 4815 eos
1180 4759 1483 4825 caedebant,
1520 4769 1760 4827 quatuor
1793 4755 2059 4816 navibus,

488 4877 608 4932 qua:
656 4858 917 4913 ﬂuctibus
947 4855 1014 4908 ad
1066 4867 1193 4907 saxa
1256 4851 1311 4904 in
1369 4862 1520 4902 mare
1572 4846 1869 4901 eminentia
1922 4859 2061 4912 pene

494 4959 683 5011 fracta:
709 4964 887 5015 erant,
914 4951 977 5005 ad
1014 4958 1232 5018 portum
1264 4945 1489 5000 relictis.
1514 4944 1632 5000 Una
1657 4958 1779 4996 cum
1814 4943 1878 4994 iis
1894 4940 2059 4995 etiam

493 5053 757 5104 lloniana:
810 5047 915 5100 illae
958 5044 1211 5096 triremes
1249 5051 1482 5109 egressa
1517 5035 1727 5088 animos
1756 5047 1949 5087 eorum
1995 5031 2062 5084 ad

493 5156 730 5212 pugnam
769 5130 1183 5191 inﬂammabant
1209 5142 1375 5200 atque
1417 5126 1812 5181 accemlebant.
1851 5122 2063 5178 Accidit

490 5249 645 5297 vero,
700 5240 759 5283 ut
789 5226 1194 5284 contenderent
1227 5225 1374 5276 inter
1403 5235 1460 5274 se
1487 5235 1554 5272 eo
1585 5218 1727 5279 locu,
1776 5216 1868 5269 nlui
1922 5214 2063 5268 bina:

491 5328 763 5382 columna:
796 5320 1033 5390 speiicm
1078 5315 1317 5386 sepulcri
1358 5312 1642 5383 cujusdam
1670 5309 1954 5364 exhibent.
1986 5305 2062 5359 lbi

494 5418 641 5473 enim
705 5411 1005 5468 terribilem
1067 5410 1120 5463 in
1183 5407 1407 5462 modum
1471 5420 1684 5459 summa
1744 5400 2065 5455 fortitudine

498 5510 782 5578 congressi
826 5504 1081 5574 prmlium
1142 5501 1332 5555 navale
1381 5498 1827 5554 commiserunt;
1874 5506 2066 5543 (mines

494 5616 630 5656 vero
671 5595 950 5669 pugnandi
1004 5594 1201 5648 ardore
1233 5607 1340 5645 una
1388 5606 1452 5644 ex
1503 5598 1655 5657 parte
1690 5585 1966 5648 Cateiatti,
1999 5599 2066 5636 ex

490 5694 664 5747 altera
698 5701 852 5760 parte
879 5684 1165 5757 quingenti
1196 5684 1272 5737 illi
1309 5678 1655 5749 Leucopltori
1690 5677 2063 5745 superabant:

496 5786 718 5852 utrique
764 5795 905 5850 smpc
968 5795 1032 5833 ex
1075 5777 1191 5832 suis
1242 5775 1473 5829 navibus
1514 5772 1567 5824 in
1604 5771 1827 5825 hostiles
1869 5783 2067 5821 excur-

2162 3225 2281 3270 τοις
2318 3209 2407 3261 ἐπὶ
2446 3216 2584 3276 σφᾶς
2618 3207 2878 3280 ἐξαίφνης
2915 3210 3288 3274 πλευσεῖσθαι,
3348 3211 3515 3266 παλαι
3574 3211 3734 3264 τοῦτο

2169 3302 2463 3370 μελετηθὲν
2489 3303 2674 3364 αὐτοῖς
2705 3304 2799 3355 καὶ
2840 3304 3293 3370 παρασκευασθὲν
3322 3305 3734 3374 κεκοπωμένοις

2163 3395 2514 3447 ἐπεισπεσεῖν
2569 3396 2708 3447 κατὰ
2743 3395 2832 3446 τὸν
2886 3393 3180 3448 ἀνάπλουν.
3248 3397 3357 3449 Καὶ
3416 3396 3586 3449 ταῦτα
3635 3396 3733 3467 μὲν

2120 3556 2121 3559 η
2164 3486 2289 3555 τῇδέ
2318 3503 2393 3555 πη
2423 3486 2608 3555 ἔσχεν·
2671 3487 2786 3538 ἀλλ’
2850 3488 3151 3555 ἐπειδήπερ
3198 3489 3297 3541 οὐκ
3340 3485 3408 3560 ἦν
3460 3492 3516 3551 ἐς
3571 3489 3732 3542 πλέον

2170 3575 2283 3629 οὐδ’
2315 3576 2568 3629 ἐνταυθοῖ
2601 3577 2929 3648 καθημένοις
2963 3579 3201 3652 θαλάττῃ
3234 3581 3329 3633 καὶ
3386 3580 3594 3650 κύματι
3632 3580 3734 3651 μά-

2163 3669 2355 3738 χεσθαι
2395 3670 2486 3721 καὶ
2529 3670 2802 3739 πνεύματι
2834 3674 3223 3743 τραχυνομένῳ
3252 3672 3540 3742 διηνεκῶς,
3567 3674 3735 3743 ἄραν-

2161 3779 2252 3824 τες
2279 3762 2490 3814 ὲκεῖθεν
2524 3766 2755 3831 τριταῖοι
2811 3765 2939 3834 περὶ
2999 3764 3179 3834 δείλην
3233 3766 3393 3833 ὀψίαν
3456 3765 3731 3837 κατῄεσαν

2162 3853 2347 3923 ἦρέμα
2383 3854 2475 3907 καὶ
2500 3854 2791 3925 μοχθηρῶς
2820 3857 2875 3917 ἐς
2907 3855 2996 3909 τὸν
3021 3861 3127 3909 τῶν
3157 3856 3467 3918 Βυζαντίων
3511 3857 3728 3926 λιμένα.

2163 3946 2272 3998 Καὶ
2315 3944 2431 4014 ἅμα
2463 3948 2709 4014 τριήρεις
2745 3947 2998 4000 ἐντεῦθεν
3037 3946 3182 4001 ὀκτὼ
3223 3949 3547 4018 ἀναχθεῖσαι
3592 3949 3732 4001 Ῥω-

2167 4042 2360 4107 μαϊκαὶ
2390 4040 2738 4110 συνδιέφερον
2778 4040 2874 4109 τὴν
2929 4042 3264 4111 καταγωγὴν
3313 4044 3405 4094 καὶ
3476 4043 3703 4110 συνεκρό

2161 4143 2309 4189 τουν,
2347 4126 2686 4194 προάγουσαι
2743 4130 2835 4180 καὶ
2869 4128 3335 4198 χειραγωγοῦσαι.
3386 4128 3552 4183 Ἀλλά
3603 4131 3729 4198 πρῖν

2163 4218 2554 4287 ἆψτσοαιγῆς,
2589 4220 2944 4273 ἐπιπλέουσιν
2986 4220 3244 4289 ἐξαίφνης
3282 4220 3472 4284 αὑταῖς
3502 4223 3554 4273 αἱ
3606 4222 3733 4273 Γεν-

2163 4311 2432 4362 νουῖτιγαί
2464 4310 2730 4381 τριήρεις,
2762 4311 3150 4380 ἐφεδρεύουσαι
3202 4311 3370 4365 παλαι
3399 4312 3567 4365 πολύν
3610 4330 3731 4365 τινα

2163 4402 2370 4469 χρόνον,
2424 4402 2535 4454 Καὶ
2588 4402 2781 4470 πρῶτα
2832 4404 2929 4472 μὲν
2992 4400 3236 4471 τριήρεις
3289 4402 3732 4474 ταχυναυτούσας

2166 4492 2360 4544 σύνδυο
2409 4495 2500 4545 καὶ
2555 4494 2892 4562 σύντρειςέκ
2943 4493 3309 4562 διαστήματος
3372 4498 3428 4557 ἐς
3475 4495 3733 4564 πρύμνιν

2165 4586 2389 4638 ἐκείνων
2419 4585 2810 4656 προῦπεμψαν,
2856 4586 3093 4639 κᾶπειτα.
3131 4588 3577 4653 ἐσπουδασμένην
3609 4589 3732 4640 τινὰ

2167 4677 2259 4728 καὶ
2294 4677 2441 4744 μάλα
2463 4695 2515 4729 τι
2546 4678 2750 4746 σφόδρα
2799 4680 3028 4730 κατόπιν
3074 4679 3251 4744 ὀξεῖαν
3302 4680 3359 4731 αἱ
3413 4681 3583 4731 πᾶσαι
3636 4682 3733 4744 τὴν

2166 4768 2352 4833 ἔφοδον
2380 4767 2681 4828 ἐποιοῦντο,
2731 4766 2805 4825 ὡς
2845 4769 2901 4829 ἐς
2941 4768 3184 4834 ἀνάγκας
3219 4769 3354 4820 ἰέναι
3389 4768 3731 4831 Βενετικοῦς,

2165 4862 2370 4927 καίπερ
2397 4859 2539 4912 οὕτω
2566 4860 2993 4927 κεκοπωμένους
3023 4861 3117 4913 καὶ
3151 4862 3209 4912 ἐν
3241 4858 3385 4911 οὕτω
3422 4860 3731 4931 ἁστατούση

2166 4952 2404 5022 θαλάττῃ
2435 4951 2522 5002 δια
2552 4950 2643 5002 τὸν
2682 4952 2802 5003 τότε
2829 4950 3097 5015 κλύδωνα,
3135 4952 3367 5020 cantici/ut
3417 4955 3515 5021 τὴν
3552 4954 3734 5021 μάχην

2167 5041 2378 5095 αὐτόθι.
2413 5039 2758 5109 Στρέψαντας
2806 5037 2903 5092 οὖν
2942 5042 3031 5092 ἐπὶ
3065 5043 3203 5108 σφᾶς
3235 5042 3339 5110 ἤδη
3395 5042 3517 5101 ’τοὺς
3577 5043 3737 5092 πολε-

2172 5131 2328 5200 μίους
2366 5133 2414 5183 oi
2449 5129 2765 5184 Γεννουῗται
2806 5132 2904 5192 τας
2955 5132 3185 5201 πρώρας
3238 5132 3433 5193 ἰδόντες
3480 5130 3734 5200 πρύμιας

2166 5240 2222 5274 τε
2258 5222 2585 5292 ἐκρούσαντο
2634 5223 2817 5285 εὐθὺς,
2847 5224 2943 5275 καὶ
2977 5225 3425 5293 ἀμετραστρεπτὶ
3464 5229 3613 5291 παρὰ
3643 5227 3732 5276 τὸν

2168 5314 2369 5379 αὐχένα
2404 5311 2496 5363 τοῦ
2532 5312 2736 5364 Πόντου
2775 5312 2869 5363 καὶ
2898 5315 3019 5375 τοὺς
3064 5316 3313 5381 συνήθεις
3347 5313 3572 5379 λιμένας
3603 5332 3735 5365 κατ-

2168 5403 2415 5467 έφευγον.
2457 5402 2518 5452 Οἱ
2546 5400 2588 5452 δ’
2615 5402 2899 5455 ἐπέκειντο
2928 5403 3214 5465 διώκοντές
3244 5421 3301 5455 τε
3330 5404 3423 5455 καὶ
3454 5404 3736 5473 βάλλοντες

2171 5494 2311 5544 κατὰ
2337 5494 2532 5546 νώτου.
2567 5495 2845 5563 Τέτταρας
2874 5496 3038 5547 αὐτοῦ
3086 5498 3236 5564 παρὰ
3287 5498 3376 5547 τὸν
3422 5498 3613 5565 λιμένα
3648 5498 3732 5548 δια

2168 5586 2256 5637 τὸν
2283 5586 2528 5638 κλύδωνα
2568 5587 2768 5657 μικρόν
2798 5606 2846 5639 τι
2886 5591 3150 5658 ραγείσας
3183 5592 3239 5640 ἐν
3282 5593 3397 5649 ταῖς
3430 5593 3546 5640 ἐκεῖ
3596 5605 3734 5658 προ-

2170 5676 2332 5744 ϐλῆσι
2373 5677 2481 5728 τῶν
2517 5681 2734 5748 πετρῶν
2788 5680 3242 5743 καταλελαπὸτες
3299 5682 3568 5750 τριήρεις.
3630 5682 3747 5747 Καὶ,

2171 5768 2264 5832 ξύν
2297 5785 2358 5837 γε
2418 5771 2610 5834 αὐταῖς
2660 5771 2717 5822 αἱ
2773 5770 3080 5838 Ῥωμενῖκαὶ
3135 5772 3445 5836 συνεξέθ-ον
3506 5772 3735 5838 ἐκεῖναι,
