4070 6326
317 409 390 477 73
1310 406 1749 468 BYZANTINAS
1792 409 1880 467 HI:

1987 406 2171 468 )Rl.’E
2207 402 2347 467 LIB.
2391 405 2599 468 XXVI-
3478 405 3549 467 74

316 522 409 575 τὸν
444 517 669 573 ἐκείνων
690 516 860 589 θυμὸν
892 515 1350 585 άναζωπυροῦσαί
1381 535 1439 569 τε
1492 518 1584 569 καὶ
1648 517 1880 585 ἀναφλέ-

1987 531 2128 580 rere,
2184 526 2296 571 tum
2339 533 2403 572 ex
2464 517 2566 571 hac
2596 526 2747 587 parte
2809 516 2861 573 in
2893 514 3071 582 illam,
3115 526 3225 576 tum
3276 536 3341 576 cx
3374 521 3459 577 illa
3493 525 3547 578 iu

308 628 509 683 γουσαι
569 612 710 684 πρὸς
765 611 857 664 τον
905 610 1162 679 πόλεμον.
1204 609 1307 664 Καὶ
1358 611 1458 678 μὲν
1507 610 1572 682 δὴ
1606 610 1875 680 τετύχηκε

309 705 653 776 συρραγῆναι
686 704 825 771 σφᾶς
851 702 971 755 κατ’
992 702 1239 771 ἀλλήλων
1302 702 1409 771 ὅπη
1464 703 1645 763 κίονες
1698 700 1877 753 διπλοῖ

307 798 497 868 σχῆμα
527 796 699 864 τάφου
753 797 897 856 τινος
918 796 1204 863 ἀνέχοντες
1257 794 1527 847 ἵστανται.
1568 793 1717 846 Ἐκεῖ
1767 791 1877 862 γάρ

305 890 394 944 ἐπ’
446 888 703 958 ἀλλήλους
745 889 893 957 μάλα
941 905 993 941 τι
1043 885 1510 955 καταπληκτικῶς
1563 885 1657 937 καὶ
1712 883 1883 953 εὑρώ-

305 997 455 1043 στως
481 979 823 1047 ὁρμήσαντες
850 976 1218 1046 ἐναυμάχουν,
1259 976 1356 1028 καὶ
1397 975 1634 1041 μάλιστα
1659 972 1877 1027 πάντων

305 1073 459 1124 ἔνθεν
490 1073 589 1139 μὲν
619 1071 668 1122 oi
708 1069 1033 1135 Κατελάνοι,
1097 1070 1308 1122 ἐκεῖθεν
1362 1068 1409 1123 δ’
1440 1069 1489 1121 oi
1526 1068 1875 1122 πεντακόσιοι

305 1162 653 1230 λευχείμονες
714 1164 933 1226 ἐκεῖνοι,
1006 1162 1178 1231 συχνά
1233 1160 1589 1224 ἐπεκθέοντες
1639 1162 1703 1213 ὲκ
1756 1159 1866 1212 τῶν

308 1253 455 1304 ίδίων
480 1254 536 1314 ές
568 1252 667 1315 τὰς
694 1253 1029 1313 ἀντιπάλους
1062 1255 1313 1321 ἑκάτεροι
1346 1253 1501 1316 ναῦς,
1534 1252 1626 1304 καὶ
1657 1251 1752 1303 νῦν
1773 1252 1873 1319 μὲν

305 1346 557 1397 ἐντεῦθεν
593 1347 796 1409 ἐκεῖσε,
829 1344 926 1398 νῦν
972 1346 1017 1398 δ’
1047 1346 1261 1399 ἐκεῖθεν
1294 1345 1531 1399 ἐνταῦθα
1562 1342 1871 1413 περιειλού-

1990 608 2131 663 hanc
2162 618 2371 678 partem
2409 611 2611 679 urgeri,
2663 611 2868 665 celeres
2900 612 3257 668 excursiones
3307 616 3548 669 subitas-

1987 716 2095 770 que
2128 701 2475 757 incursiones
2513 702 2804 769 conticere,
2831 706 3129 760 crudeliter
3156 722 3277 761 sese
3313 707 3545 761 invicem

1986 792 2217 857 Cadere,
2247 792 2331 847 sui
2357 795 2638 864 sanguinis
2659 806 2715 850 et
2743 798 2992 868 carperis
3017 798 3173 868 quasi
3204 800 3366 855 alieni
3397 810 3548 854 atro-

1989 884 2126 938 citer
2155 895 2210 939 et
2242 886 2462 941 eﬂ‘erate
2499 888 2703 942 nullam
2752 904 2976 958 prorsus
3007 892 3207 946 habere
3257 894 3544 946 rationem.

1985 975 2100 1032 Nisi
2137 978 2314 1033 noctis
2344 979 2655 1034 interventu
2690 980 2841 1035 brevi
2880 989 3124 1052 tempore
3156 979 3268 1053 88
3299 986 3545 1053 puellum

1984 1068 2119 1122 illud
2171 1070 2362 1123 navale
2419 1070 2749 1140 diremptum
2793 1083 2960 1138 esset,
2994 1089 3186 1130 omnes
3216 1076 3375 1132 facile
3411 1077 3518 1131 iuvi

1985 1174 2102 1213 cem
2142 1161 2321 1229 gladio
2351 1172 2403 1215 et
2439 1162 2575 1215 mari
2603 1162 2878 1233 absumpti
2929 1164 3271 1221 interissent.
3311 1166 3547 1221 Dirimc-

1984 1250 2188 1306 bantur
2236 1265 2417 1307 autem
2451 1253 2597 1308 baud
2631 1268 2762 1310 sane
2810 1255 3021 1311 lubenti
3071 1258 3257 1311 animo
3308 1259 3549 1313 secunda

1983 1340 2098 1397 fere
2121 1352 2176 1398 et
2203 1346 2362 1399 tertia
2407 1349 2535 1401 hora
2568 1348 2768 1404 noctis.

307 1452 481 1508 μενοι,
550 1439 646 1489 καὶ
695 1439 1094 1509 ἀγχιστρόφους
1139 1438 1423 1500 τελοῦντες
1492 1438 1588 1499 τὰς
1638 1434 1909 1507 ἐκδρομὰς
1948 1436 2044 1487 καὶ
2106 1438 2479 1507 καταδρομάς,
2523 1441 2611 1493 καὶ
2647 1440 2883 1509 ἀφειδῶς
2927 1441 3019 1497 ὑπ’
3054 1441 3300 1516 ἀλλήλων
3343 1443 3548 1517 ῥηγνύ-

304 1529 457 1598 μειοί
482 1543 543 1580 τε
570 1531 663 1581 καὶ
705 1528 1022 1598 ῥηγνύντες.
1062 1530 1156 1580 καὶ¹
1190 1529 1300 1580 τῶν
1335 1529 1481 1580 ἰδίων
1554 1527 1802 1595 αἱμάτων
1863 1542 1923 1577 τε
1963 1526 2056 1578 καὶ
2092 1528 2313 1596 σαρκῶν
2344 1529 2418 1592 ὡς
2472 1531 2768 1602 ἀλλοτρίων
2831 1533 3176 1603 ἀφειδοῦντες
3229 1532 3397 1607 ὠμῶς
3452 1534 3548 1593 καὶ

301 1623 608 1693 θηριωδῶς.
644 1625 755 1677 Καὶ
783 1625 831 1676 εἰ
863 1624 936 1690 μὴ
967 1622 1064 1687 νὺξ
1092 1623 1149 1673 ὲν
1185 1621 1377 1691 βραχεῖ
1400 1619 1653 1687 διέκοψεν
1682 1615 1913 1670 ἐπιοῦσα
1944 1619 2043 1688 τὴν
2070 1620 2376 1689 ναυμαχίαν
2435 1624 2672 1696 ἐκείνην,
2744 1626 2864 1696 τάχ’
2896 1627 2960 1682 ἂν
3026 1628 3117 1681 ὑπ’
3174 1628 3421 1700 ἀλλήλων
3455 1637 3548 1686 xxi.

301 1718 401 1783 τῆς
439 1716 708 1784 Θαλάττης
738 1717 855 1767 ἐκεῖ
905 1715 1279 1783 διεφθείροντο
1340 1712 1572 1774 πάντες·
1609 1710 1938 1778 διελύθησαν
1978 1712 2088 1780 γάρ
2122 1713 2182 1764 οὐ
2205 1714 2348 1781 μάλα
2383 1717 2595 1780 ἑκόντες
2649 1719 2932 1793 ἑκατέρων
2953 1716 3205 1793 ἑκάτεροι
3254 1726 3382 1795 περὶ
3424 1725 3549 1779 δευ-

302 1809 469 1878 τέραν
510 1808 667 1875 μόγις
720 1826 822 1861 που
864 1807 955 1859 καὶ
995 1806 1187 1875 τρίτην
1232 1805 1381 1875 ὥραν
1412 1806 1507 1875 τῆς
1562 1802 1624 1876 [Γ.
1664 1802 1767 1856 116
1817 1799 1869 1870 a]
1906 1805 2120 1859 νυκτός.

373 1902 451 1954 Θ’.
486 1900 596 1970 Τῆς
627 1898 673 1952 δ’
704 1898 996 1970 ὑστεραίας
1040 1897 1300 1964 ἐπιούσης
1330 1895 1424 1948 καὶ
1472 1896 1536 1945 τά
1574 1895 1672 1963 τῆς
1708 1891 1870 1945 ἑσπέ-
1904 1894 1946 1951 Β

308 2011 410 2060 ρας
442 1995 660 2063 ἐκείνης
693 1990 1183 2061 ἀνακαλυπτούσης
1211 1991 1366 2062 ἔργα,
1406 1989 1669 2057 ὤφθησαν
1693 1988 1749 2038 αἱ
1779 1986 1876 2055 μὲν

303 2087 591 2138 Βενετικαὶ
619 2088 870 2155 τριήρεις
899 2085 1011 2137 άνω
1043 2101 1144 2136 που
1176 2085 1303 2151 περὶ
1334 2082 1427 2133 τὸν
1458 2079 1750 2149 Θεραπέαν
1787 2078 1877 2130 λε-

301 2178 540 2246 γόμενον
582 2176 789 2229 οὑτωσί
816 2190 930 2237 πως
957 2173 1176 2243 λιμένα,
1220 2172 1447 2242 πλησίον
1483 2170 1577 2223 τοῦ
1611 2170 1757 2238 ἱεροῦ
1781 2169 1877 2221 τοῦ

300 2270 634 2339 Σαράπιδος,
666 2268 959 2340 ὁρμοῦσαι.
994 2269 1050 2320 αἱ
1110 2268 1155 2319 δ’
1214 2266 1282 2321 αὖ
1339 2263 1708 2316 Γεννοιῆτικαὶ⁷
1741 2262 1878 2328 πρὸς

300 2362 376 2411 ἓω
410 2359 556 2429 παρά
582 2360 681 2420 τὰς
732 2359 895 2427 δχθας
926 2358 1024 2427 τῆς
1066 2354 1435 2426 Χαλκηδονίοις
1483 2354 1747 2422 μετέωροι
1779 2370 1879 2405 σα-

302 2452 589 2515 λεύουεαι,
630 2451 830 2521 μικρὸν
878 2450 1146 2519 ἐνδοτέρω
1204 2450 1303 2517 τῆς
1358 2448 1608 2516 ψάμμου.
1657 2446 1731 2497 Τὸ
1777 2445 1878 2514 γάρ

302 2545 564 2613 ἑσπέριον
603 2542 945 2611 πεφόόηνται
980 2540 1182 2610 μᾶλλον
1236 2539 1402 2609 μέρος
1458 2537 1491 2605 ἢ
1520 2536 1582 2589 τδ
1618 2533 1752 2605 πρὸς
1803 2534 1879 2585 ἕω

300 2637 392 2689 διά
422 2653 483 2704 γε
514 2635 576 2687 τὸ
615 2633 905 2703 Ῥωμαίοις
943 2634 1040 2698 μὲν
1092 2631 1324 2685 ἐνταῦθα
1370 2629 1665 2699 πολεμίους
1717 2624 1876 2690 εἶναι,

304 2726 603 2798 βαρϐάροις
625 2726 670 2778 δ’
706 2723 1029 2785 ἐνσπόνδους
1092 2723 1211 2776 ἐκεῖ
1240 2723 1337 2775 καὶ
1365 2721 1709 2792 συμμάχους,
1754 2720 1879 2772 ὅσον

304 2818 552 2886 ἐφικτὸν,
603 2814 1075 2886 έπιρῤωννύουσιν
1117 2812 1315 2879 ἔξωθεν
1371 2812 1466 2866 καὶ
1524 2808 1880 2881 ἐπικροτοῦσι

305 2911 516 2977 φωναῖς
565 2907 918 2977 συχνοτέραις
967 2904 1065 2958 καὶ
1121 2904 1360 2972 ἀσήμοις
1428 2895 1541 2955 οἷον
1584 2900 1877 2967 κλαγγαῖς.

304 3002 402 3053 καὶ
435 2998 655 3071 μάλισθ’
686 2998 769 3051 ὅτι
801 2998 897 3051 καὶ
957 2995 1163 3065 πλῆθος
1200 2994 1495 3064 Ῥωμαίων
1536 2993 1645 3060 πρὸ
1692 2992 1879 3060 δείλης

304 3091 451 3163 έῲας
478 3091 764 3143 τεθέανται
803 3088 947 3158 μάλα
992 3087 1163 3157 συχνά
1206 3085 1351 3139 κατὰ
1398 3085 1681 3154 ποταμοὺς
1726 3083 1879 3154 ἐπιρ-

305 3184 432 3252 ρέον
464 3180 524 3247 ἐξ
554 3180 787 3251 ἠπείρου
818 3177 956 3248 πρὸς
995 3176 1272 3228 θάλασσαν
1320 3173 1574 3244 βοηθείας
1606 3189 1667 3226 τε
1717 3173 1879 3225 ἕνεκα

302 3279 413 3329 τῶν
431 3271 759 3338 Βενετικῶν,
788 3270 884 3323 καὶ
906 3268 1021 3338 ἃμα
1052 3268 1163 3321 τῶν
1194 3269 1260 3321 ἑκ
1292 3267 1555 3335 ναυαγίου
1590 3264 1866 3335 λαφύρων.

304 3363 726 3420 Συνεπεπτὼκει
778 3361 823 3415 δ’
876 3360 935 3413 οὐ
1000 3358 1213 3430 μικρῶς
1266 3359 1379 3421 τοῖς
1464 3355 1873 3426 στρατεύμασιν

303 3459 591 3527 ἑκατέροις
619 3454 983 3526 ζημιωθῆναι.
1044 3450 1418 3527 Γεννουῖτικαὶ
1454 3450 1554 3520 μὲν
1576 3450 1684 3519 γάρ
1715 3448 1874 3502 ἀπώ-

302 3553 461 3605 λοντο
486 3549 584 3603 δύο
620 3551 718 3602 καὶ
763 3546 938 3601 εἴκοσι
994 3524 1146 3614 νῆές,
1184 3544 1470 3597 Βενετικαὶ
1521 3542 1566 3595 δ’
1599 3540 1875 3595 ὀκτωκαί-

299 3648 462 3711 δεκα,
495 3636 572 3697 ὧν
602 3642 661 3696 ai
701 3640 920 3703 πλείους
946 3634 1087 3710 ἦσαν
1108 3636 1217 3689 τῶν
1240 3635 1571 3690 Κατελάνων
1617 3635 1876 3704 κραταιό-

302 3756 465 3808 τερον
506 3731 993 3804 ἀγωνισαμένωνῆ
1028 3729 1170 3782 κατὰ
1204 3729 1437 3791 πάντας.
1481 3729 1643 3781 Κατά
1696 3729 1874 3795 στόμα

305 3838 418 3905 γάρ
488 3834 602 3895 τοῖς
636 3827 941 3898 πολεμίοις,
988 3825 1063 3889 ὡς
1118 3826 1354 3895 είρηται,
1389 3824 1869 3886 ἐπεισπίπτοντες,

308 3928 571 3996 ναυάρχῳ
595 3923 868 3994 ναύαρχος
898 3921 993 3973 καὶ
1021 3919 1189 3989 ναύτῃ
1228 3917 1453 3986 ναύτης,
1478 3919 1568 3969 καὶ
1602 3918 1873 3986 συστάδην

305 4020 381 4083 ὡς
412 4020 507 4072 ἐπὶ
532 4017 703 4088 ξηρᾶς
734 4013 1057 4085 μαχόμενοι,
1103 4012 1268 4064 πολιν
1324 4011 1655 4080 εἰργάσαντο
1711 4012 1873 4079 φόνον

308 4112 418 4165 τῶν
458 4108 760 4178 πολεμίων.
795 4106 870 4169 ὡς
926 4102 1219 4157 καταδῦναι
1262 4104 1360 4171 μὲν
1411 4103 1504 4156 καὶ
1553 4102 1687 4170 νῆας
1727 4102 1875 4165 ἐνίας

312 4199 646 4268 αὐτάνδρους
685 4195 789 4249 ὑπὸ
836 4192 1056 4264 βρίθους
1089 4192 1198 4245 τῶν
1248 4192 1503 4262 ἀλλήλοις
1563 4192 1877 4261 ἐπιπηδῶν-

311 4311 417 4346 των
446 4272 779 4357 ἀπροόπτως
832 4290 888 4341 έν
918 4288 1101 4339 σκότει
1153 4286 1250 4339 καὶ
1281 4286 1459 4338 νυκτί.
1512 4279 1692 4338 *Ησαν
1729 4286 1775 4338 δ’
1817 4286 1875 4339 αἲ

312 4386 405 4437 καὶ
437 4383 660 4452 ἀπειρίᾳ
687 4382 783 4434 καὶ
832 4381 1025 4449 ἀγνοίᾳ
1070 4378 1288 4449 χωρίων
1316 4380 1372 4440 ὲς
1407 4378 1585 4448 βράχη
1613 4380 1876 4450 συνερρή-

314 4475 513 4544 γννντό
542 4489 601 4525 τε.
634 4471 730 4525 καὶ
755 4472 834 4535 είς
861 4472 962 4539 γῆν
980 4472 1105 4533 τοὺς
1134 4469 1658 4542 άνδραςὲρῤίπτουν,
1678 4470 1880 4523 ὠθοῦν-

2046 1891 2141 1948 ΙΧ.
2164 1896 2391 1952 Postero
2416 1900 2503 1954 die
2535 1917 2658 1954 cum
2691 1918 2774 1957 res
2799 1906 2885 1961 illa
2905 1922 3127 1977 vespera
3153 1923 3318 1979 gesta:
3341 1929 3449 1968 revt
3470 1916 3519 1969 la
3537 1947 3553 1956 -

1982 1996 2195 2050 rentur,
2234 2004 2397 2044 naves
2427 1992 2640 2046 Veneta:
2674 1999 2958 2062 superiore
2991 2002 3210 2071 regione
3243 2004 3387 2058 circa
3421 2022 3551 2074 por-

1982 2085 2095 2128 tum
2133 2076 2499 2147 Thcrapeam,
2529 2083 2618 2150 qui
2646 2084 2869 2149 dicitur,
2907 2098 3075 2155 prope
3110 2091 3294 2146 l’anttm
3328 2090 3549 2165 Sarapi—

1980 2166 2067 2219 dis
2098 2169 2151 2221 in
2190 2172 2409 2224 anu-oris
2469 2177 2784 2229 constitutae
2823 2181 3329 2251 cetISpit-ichantnr,
3361 2183 3553 2241 Genu-

1979 2271 2141 2311 enses
2169 2269 2350 2313 autem
2380 2265 2645 2317 orientem
2691 2279 2884 2321 \etsus
2928 2270 2991 2322 ad
3025 2280 3149 2326 oras
3171 2273 3555 2330 Chalcedonia

1983 2348 2035 2401 iu
2080 2350 2193 2403 alto
2247 2352 2381 2405 mari
2435 2356 2597 2422 paulo
2655 2359 2880 2425 propius
2911 2377 2939 2413 a
2977 2362 3159 2417 littere
3196 2364 3527 2424 ﬂuctuantes

1984 2442 2199 2497 Partem
2254 2448 2401 2498 cnim
2453 2449 2519 2499 ad
2564 2461 2817 2504 occasum
2858 2462 3196 2520 spectantem
3243 2460 3414 2529 magis
3442 2479 3555 2513 ιιιυ-

1984 2535 2213 2589 tuebaut
2264 2550 2429 2607 quam
2483 2540 2808 2595 orientalem
2883 2554 3172 2615 propterea
3240 2552 3385 2619 quod
3440 2553 3553 2608 illic

1984 2625 2250 2679 llatuanis
2296 2627 2482 2681 hostes
2505 2639 2686 2695 erant,
2720 2631 2807 2685 hic
2835 2645 3019 2687 autetn
3053 2632 3304 2692 barbaris
3341 2642 3474 2694 socii
3499 2653 3555 2694 et

1983 2714 2258 2782 fmderati,
2301 2719 2420 2787 qui,
2456 2728 2721 2788 quantUm
2784 2722 2903 2776 lleri
2955 2726 3169 2793 potuit,
3208 2730 3555 2784 extrinsecus

1983 2810 2199 2863 aniunos
2232 2811 2299 2865 iis
2334 2812 2608 2866 addebant
2657 2813 2979 2884 crebrisque
3015 2818 3243 2873 vocibus
3273 2828 3330 2874 et
3382 2820 3553 2876 fuscis

1983 2901 2312 2969 quihusdam
2358 2903 2769 2972 incotiditisque
2811 2906 3162 2975 clangoribus
3209 2910 3553 2978 strepebant,

1983 3006 2106 3045 cum
2184 2994 2482 3062 prtcsertim
2561 2995 2775 3050 turbant
2840 2996 3212 3053 Romanorum
3283 3004 3555 3055 matutino

1986 3095 2231 3155 tempore
2288 3086 2608 3142 ﬂuminibus
2664 3103 2731 3142 ex
2764 3091 3070 3145 continenti
3110 3102 3254 3147 terra
3288 3093 3356 3147 ad
3403 3110 3556 3149 mare

1984 3178 2220 3233 subinde
2261 3177 2454 3233 devehi
2484 3182 2962 3250 conspicarentur,
3008 3193 3068 3237 ut
3091 3184 3316 3240 Venetis
3351 3182 3556 3241 auxilio

1990 3280 2177 3325 essent
2224 3271 2498 3341 simulque
2543 3273 2715 3342 spolia
2754 3290 2819 3330 ex
2864 3276 3153 3348 naufragio
3210 3276 3554 3351 colligerent.

1995 3364 2149 3418 llaud
2181 3365 2378 3434 exiguo
2406 3374 2587 3419 autem
2619 3366 2821 3421 damno
2851 3380 3085 3441 uterque
3113 3375 3395 3430 exercitus
3419 3388 3559 3445 pra:-

1988 3458 2065 3512 lio
2088 3457 2319 3512 allectus
2349 3466 2506 3523 erat;
2543 3457 2914 3515 Genuensium
2941 3464 3087 3517 enim
3120 3466 3337 3521 navium
3370 3468 3488 3522 dua:
3505 3482 3561 3523 et

1994 3550 2184 3620 viginti
2244 3550 2479 3620 periere,
2509 3552 2840 3607 Venetarum
2889 3554 3290 3624 duodeviginti,
3325 3576 3556 3629 quarum

1991 3639 2165 3709 major
2195 3653 2322 3706 pars
2353 3647 2477 3693 erat
2496 3638 2906 3705 Catelauorum,
2934 3643 3027 3713 qui
3062 3638 3260 3701 fortius
3292 3659 3348 3703 et
3374 3646 3560 3706 emcaa

1991 3732 2111 3786 eius
2146 3746 2311 3800 quam
2363 3747 2554 3786 omnes
2610 3743 3006 3804 pugnaverant.
3043 3735 3240 3794 Hostes
3272 3741 3416 3796 enim
3447 3743 3561 3813 89

1992 3838 2059 3876 ex
2095 3821 2367 3884 adverso.
2420 3832 2479 3875 ut
2522 3837 2685 3891 supra
2720 3825 2983 3888 dlximus,
3037 3828 3236 3894 adorti,
3270 3832 3561 3900 praefectus

1990 3914 2182 3969 classis
2206 3914 2547 3983 pratfectum,
2582 3922 2746 3969 nauta
2777 3922 2998 3971 nautam
3034 3920 3396 3992 cominusque
3442 3932 3561 3977 tan-

1991 4022 2154 4076 quam
2201 4020 2379 4076 pugna
2424 4005 2664 4060 terrestri
2700 4009 2952 4063 manibus
2978 4013 3271 4079 consertis,
3318 4013 3557 4069 hostium

1996 4109 2234 4169 stragem
2267 4100 2375 4153 late
2403 4098 2717 4165 ediderunt,
2754 4101 2827 4154 ita
2869 4110 2929 4155 ut
2958 4102 3236 4158 nonnullae
3266 4119 3435 4161 naves
3476 4112 3560 4161 ni-

1995 4193 2098 4245 mis
2140 4200 2378 4245 oneratm
2424 4207 2546 4245 cum
2604 4192 2922 4247 hominibus
2970 4189 3445 4265 demergereutur,
3504 4201 3559 4253 in

1994 4284 2239 4338 tenebris
2286 4284 2467 4339 noctis
2513 4284 2623 4338 alio
2655 4285 2708 4337 in
2745 4286 2912 4338 alium
2947 4285 3261 4345 inconsulto
3289 4289 3557 4346 irruente.

1989 4377 2278 4432 Nonnulla:
2331 4391 2460 4430 vero
2496 4377 2767 4445 imperitia
2816 4387 2873 4431 et
2925 4372 3268 4447 ignoratione
3309 4379 3560 4437 locorum

1996 4472 2052 4526 in
2084 4470 2272 4525 brevia
2296 4467 2433 4522 vada
2467 4469 2761 4537 compulsa:
2811 4468 3016 4524 milites
3046 4464 3305 4526 ﬂuctibus
3336 4471 3564 4529 truden-

314 4585 401 4630 τος
441 4564 535 4618 τοῦ
566 4563 836 4633 κύματος,
864 4561 939 4624 ὡς
970 4563 1064 4615 καὶ
1106 4564 1165 4624 ὲς
1190 4561 1287 4633 τὴν
1317 4561 1615 4631 ὑστεραίαν
1647 4562 1878 4631 ὁρᾶσθαι

1988 4564 2138 4618 tibus
2168 4570 2225 4616 et
2250 4560 2576 4631 urgentibus
2598 4561 2650 4615 in
2674 4569 2745 4615 ter
2762 4577 2875 4615 ram
2894 4563 3196 4631 eiecerunt,
3219 4579 3330 4634 quo
3357 4563 3560 4621 factum

314 4662 420 4711 τῶν
451 4657 781 4711 Κατελάνων
829 4655 1057 4715 πολλοὺς
1101 4653 1496 4722 πλανωμένους
1544 4656 1601 4705 ὲν
1634 4656 1700 4724 τῇ
1753 4654 1885 4708 Ῥω-

315 4754 491 4822 μαίων
531 4752 623 4822 γῇ.
659 4752 753 4801 καί⁵
792 4749 865 4817 μὴ
917 4746 1196 4808 συνιέντας
1246 4746 1490 4814 γλώττης
1542 4746 1884 4815 Ἑλληνικῆς,

320 4843 443 4911 μήθ’
474 4842 583 4908 ὅπη
613 4842 715 4909 γῆς
754 4840 881 4901 εἱσι,
911 4837 1039 4907 μήθ’
1069 4838 1176 4906 ὅπη
1208 4838 1315 4907 χρὴ
1340 4839 1762 4907 ,πορευομένους
1788 4840 1887 4907 τὴν

319 4933 596 5002 σωτηρίαν
627 4930 969 5000 πορίζεσθαι.
1019 4926 1200 4981 Ἷισαν
1256 4928 1302 4981 δ’
1335 4928 1384 4982 οἳ
1426 4932 1535 4981 κάκ
1569 4929 1677 4981 τῶν
1716 4945 1886 4998 τραυ-

322 5026 508 5093 μάτων
562 5021 1019 5092 λειποψυχοῦντες
1086 5020 1339 5077 ἔπιπτον.
1383 5023 1444 5074 Οἱ
1489 5020 1535 5073 δ’
1585 5020 1883 5091 ἡμιθνῆτες

320 5118 547 5169 ἔπιπτον
579 5116 723 5168 κατά
754 5116 850 5183 τῆς
876 5114 1134 5181 ψάμμου,
1169 5114 1220 5164 οί
1253 5113 1296 5165 δ’
1328 5113 1763 5174 ὲκπεπνευκότες
1786 5111 1887 5181 ἤδη

323 5209 517 5270 τελέως
549 5206 757 5275 ἀναμίξ
783 5207 1062 5275 ἑκατέρων
1100 5205 1210 5257 τῶν
1258 5206 1713 5273 στρατευμάτων.
1764 5203 1889 5253 Ἐκ-

319 5300 713 5369 6ρασσομένων
763 5298 869 5364 γάρ
900 5298 1006 5348 τῶν
1038 5297 1173 5349 νεῶν
1212 5296 1317 5348 ὑπὸ
1355 5296 1448 5347 τοῦ
1498 5295 1742 5364 κύματος
1780 5295 1887 5359 ἔξω

315 5394 468 5461 παρά
501 5392 600 5459 τὴν
646 5390 749 5456 γῆν
793 5388 1089 5452 ἐξέπιπτον
1150 5386 1248 5454 μὲν
1306 5387 1401 5437 καὶ
1461 5385 1641 5449 αὐτοὶ,
1686 5384 1785 5452 τῆς
1831 5385 1888 5438 δὲ

316 5483 635 5553 συμπλοκῆς
665 5482 764 5534 ούκ
816 5479 1079 5549 ἠμέλουν,
1136 5479 1250 5529 ἀλλ’
1318 5477 1507 5540 ὅπλοις
1570 5479 1888 5531 ἀντετίθουν

316 5580 451 5631 ὅπλά
473 5576 569 5627 καὶ
617 5572 853 5639 φάλαγξι
886 5571 1170 5638 φάλαγγας
1228 5568 1489 5633 πεζικὰς,
1521 5569 1598 5631 ὡς
1634 5567 1882 5635 γίνεσθαι

318 5669 532 5722 διπλοῦν
572 5666 783 5719 ἐκεῖνον
811 5663 1132 5731 συμϐαίνειν
1162 5661 1253 5714 τὸν
1273 5662 1532 5730 πόλεμον.
1570 5661 1887 5731 ναυμαχίαν

320 5779 374 5814 τε
425 5764 519 5816 καὶ
579 5756 926 5827 πεζομαχίαν
987 5756 1128 5809 κατά
1178 5756 1394 5810 ταυτὸν.
1447 5753 1799 5825 Τραυματίαι
1838 5754 1885 5807 δ’

313 5855 425 5910 ὅσοι
463 5853 709 5924 βαδίζειν
757 5850 1034 5906 ἐδύναντο.
1082 5848 1242 5910 ἄλλος
1281 5847 1426 5916 ἀλλφ
1475 5845 1710 5917 ἡγεμόσι
1753 5862 1889 5917 χρη-

635 5948 910 6008 Pin-net.
956 5946 1065 6005 Gn.
1108 5941 1374 6004 CXLIX.

1986 4662 2089 4712 est.
2125 4660 2186 4706 ιιι
2211 4661 2431 4722 postero
2482 4652 2571 4707 die
2625 4653 2780 4706 multi
2816 4653 3205 4709 Catelanorum
3266 4655 3320 4710 in
3361 4656 3562 4711 Roma—

1985 4762 2184 4801 norum
2211 4755 2353 4799 terra
2379 4746 2705 4800 aberrantes
2729 4747 3207 4816 conspicerentur,
3234 4749 3326 4819 qui
3358 4749 3561 4821 lingua:

1986 4838 2188 4895 Graecae
2229 4837 2468 4906 imperiti
2507 4852 2609 4891 nec
2642 4836 2733 4891 ubi
2771 4846 3042 4892 terrarum
3074 4847 3283 4906 essent,
3319 4854 3418 4893 nec
3449 4855 3560 4909 quo

1986 4930 2217 4997 profecti
2252 4931 2484 4984 salutem
2541 4930 2643 4983 sibi
2675 4940 3007 4999 quaererent,
3040 4929 3174 4985 satis
3210 4931 3558 5001 exploratum

1989 5021 2287 5075 habebant.
2320 5019 2425 5073 Alii
2464 5033 2592 5072 vero
2615 5019 3029 5074 ex‘Vulnerihus
3058 5020 3344 5089 linquente
3379 5021 3561 5076 anima

1989 5112 2447 5175 collabehantur;
2501 5110 2593 5164 alii
2639 5111 2983 5166 scmimortui
3037 5112 3089 5165 iu
3144 5128 3312 5167 arena
3350 5115 3559 5168 marina

1988 5202 2351 5256 concidebant
2377 5219 2390 5267 ;
2421 5197 2512 5254 alii
2546 5202 2705 5270 plane
2730 5201 2911 5255 anima
2945 5203 3219 5271 exspirata
3250 5203 3591 5273 promiscue

1986 5308 2052 5349 ex
2089 5306 2320 5364 utroque
2367 5293 2611 5348 exercitu
2658 5293 2933 5363 jaecbant.
2978 5294 3220 5350 Navibus
3254 5299 3398 5352 enim
3428 5302 3564 5355 ﬂuc-

1990 5400 2145 5442 tuum
2174 5399 2309 5442 testu
2342 5388 2409 5439 ad
2445 5398 2649 5441 terram
2679 5386 2871 5452 ejectis
2911 5386 3167 5443 homines
3192 5390 3516 5444 exciderunt
3546 5432 3560 5457 ,

1991 5480 2086 5535 sed
2133 5477 2451 5532 certaminis
2479 5477 2804 5531 conserendi
2853 5479 3172 5547 neutiquam
3208 5478 3359 5533 obliti
3390 5480 3562 5535 armis

1991 5585 2162 5631 arma.
2206 5568 2493 5623 ordinibus
2532 5569 2753 5620 ordines
2779 5568 3151 5637 apponebant.
3202 5569 3275 5623 lta
3313 5568 3561 5638 praelium

1992 5662 2126 5716 illud
2158 5673 2213 5717 et
2257 5660 2446 5714 navale
2499 5668 2554 5713 et
2604 5669 2862 5714 terrestre
2909 5670 3046 5714 erat.
3106 5660 3288 5714 Saucii
3328 5669 3562 5729 autem,

1994 5764 2351 5823 quotcunque
2388 5751 2619 5819 pedibus
2644 5750 2722 5805 ire
2744 5751 3001 5805 valebant
3022 5793 3036 5816 ,
3070 5752 3159 5805 alii
3187 5751 3311 5806 aliis
3343 5751 3563 5807 itineris

1991 5848 2229 5902 ducibus
2263 5846 2347 5900 usi
2391 5859 2487 5915 per
2537 5853 2713 5899 totum
2758 5845 2906 5899 diem
2943 5844 3263 5914 Byzantium
3291 5855 3569 5901 convene-

3182 5940 3221 6001 3
