4070 6326
542 382 610 443 75
1490 332 1493 337 ἴ
1748 381 1799 441 Ν
1810 382 2166 445 lCEPIIORI
2205 382 2523 446 GREGOR
2542 384 2589 442 2E
3734 384 3806 443 ’ῖῦ

542 508 691 564 runt,
722 496 1126 569 ubi,quantum
1164 496 1279 554 fieri
1323 496 1534 569 potuit,
1568 496 1743 551 lanam
1782 498 2115 553 curationem

2230 503 2456 570 σάμενοι
2489 499 2588 570 τῆς
2619 499 2760 564 (ἰδιῠ,
2811 500 2878 553 δι’
2906 498 3031 568 ὅλης
3065 499 3277 568 ἡμέρας
3339 497 3488 561 ἐντὸς
3547 499 3808 564 ἐγένοντο

544 596 690 650 nacti
730 604 882 649 sunt.
916 592 1100 649 Turba
1150 602 1331 648 autem
1372 594 1486 656 illa,
1521 592 1588 646 de
1628 609 1733 661 qua
1770 592 2027 653 diximus,
2053 607 2122 645 ex

545 688 849 742 continenti
873 687 940 741 ad
972 702 1124 741 oram
1154 686 1285 742 solis
1317 684 1648 751 ortu_delata
1679 699 1880 752 paucos
1909 693 2121 738 tantum

548 796 734 834 secum
768 778 1007 833 habebat
1062 778 1172 848 90
1227 776 1469 838 milites;
1516 774 1749 830 maxima
1780 788 1962 832 autem
2001 790 2125 845 pars

546 887 612 925 ex
648 868 795 924 omni
829 885 1030 940 genere
1066 868 1352 923 hominum
1390 877 1447 922 et
1467 866 1681 922 artibus
1720 866 1958 921 sordidis
1989 881 2123 936 ope-

551 979 664 1015 ram
700 962 1017 1016 narantium
1046 970 1103 1018 et
1144 960 1308 1016 rebus
1337 958 1560 1014 rusticis
1592 958 1936 1014 addictorum
1970 973 2122 1013 cout-

550 1055 710 1108 mista
745 1064 886 1106 erat.
923 1054 1121 1107 Eorum
1148 1051 1394 1107 omnium
1420 1066 1582 1107 nemo
1602 1061 1720 1107 erat
1747 1052 1880 1121 quin
1909 1052 2124 1106 lucrum

551 1144 826 1213 quoddam
865 1154 920 1198 et
949 1145 1186 1215 przedam
1218 1159 1404 1199 secum
1439 1143 1663 1197 domum
1694 1143 1996 1207 retulisset,
2022 1141 2125 1196 ilu-

554 1237 735 1290 ctibus
772 1236 984 1292 scilicet
1030 1251 1180 1290 arma
1212 1244 1269 1290 et
1320 1235 1425 1290 tela
1454 1235 1636 1289 omnis
1679 1234 1934 1305 generis,
1967 1243 2124 1289 scuta

545 1332 837 1400 galeasque
890 1346 953 1385 ac
994 1331 1249 1385 triremes
1283 1330 1571 1399 utriusque
1610 1328 1888 1383 exercitus
1922 1328 2127 1398 promi-

546 1441 678 1479 scue
707 1441 803 1495 per
833 1439 980 1478 mare
1011 1424 1245 1493 jactatas
1284 1422 1336 1476 in
1372 1432 1574 1477 terram
1610 1421 1995 1492 cjicientibus,
2030 1438 2127 1477 va-

547 1533 678 1573 cuas
712 1518 835 1571 illas
878 1517 1103 1587 quidem
1141 1515 1412 1570 militibus
1454 1514 1715 1584 omnique
1749 1515 2124 1584 gubernaculo

547 1609 847 1678 remisque,
880 1617 1123 1661 attamen
1159 1606 1394 1662 refertas
1447 1606 1615 1660 rebus
1662 1606 1921 1675 pretiosis
1959 1614 2123 1675 atque

546 1698 781 1753 mortuis
802 1696 976 1752 multo
1010 1695 1279 1767 sanguine
1305 1696 1590 1764 reSpersis.

615 1934 753 2034 Cum
785 1988 967 2033 autem
1004 1985 1128 2047 post
1161 1977 1407 2047 prrelium
1440 1976 1637 2032 navale
1660 1977 1852 2033 morbo
1875 1993 1963 2048 per
2007 1993 2122 2033 ma-

547 2075 746 2127 ximam
783 2080 997 2141 partem
1029 2069 1315 2138 utriusque
1359 2069 1641 2124 exercitus
1681 2078 1966 2140 grassante
2016 2086 2120 2125 nu-

543 2174 730 2218 merus
770 2162 1058 2217 hominum
1118 2159 1260 2216 haud
1313 2160 1548 2229 exiguus
1584 2160 1991 2225 absumeretur,
2023 2176 2122 2215 ne-

543 2255 793 2309 cessitate
829 2255 1004 2310 coacti
1034 2295 1048 2316 ,
1081 2251 1217 2321 quid
1251 2251 1387 2306 utile
1445 2249 1588 2307 factu
1651 2250 1950 2317 videretur,
1991 2252 2123 2306 u‘tri-

543 2362 650 2417 qne
701 2347 753 2399 in
813 2344 1269 2399 deliberationem
1309 2342 1602 2398 \‘OCabanl.
1658 2342 1880 2397 Venetis
1930 2344 2118 2412 igitur,

540 2451 852 2507 quanquam
882 2434 957 2488 ibi
991 2433 1228 2489 hostium
1262 2446 1431 2488 naves
1468 2430 1750 2493 onerarias
1808 2446 1933 2485 eum
1967 2446 2121 2487 com-

545 2537 728 2581 meatu
754 2541 818 2580 ex
855 2524 1074 2597 Scythis
1109 2533 1165 2579 et
1212 2524 1282 2583 ab
1310 2521 1552 2578 Tanaide
1585 2524 1755 2592 petito
1782 2522 2123 2578 descenden-

544 2630 626 2671 tes
653 2632 717 2669 ex
761 2614 937 2668 Ponto
992 2606 1322 2683 intercipere
1364 2611 1683 2680 cupiebant,
1733 2610 1908 2666 satius
1941 2619 2119 2665 tamen

542 2710 719 2763 risum
780 2715 906 2770 cst,
946 2705 1178 2761 classem
1236 2703 1346 2757 alio
1380 2703 1501 2757 loco
1548 2687 1820 2757 collocare
1848 2742 1864 2764 ,
1916 2700 2120 2770 quippe

545 2813 671 2851 cum
716 2813 823 2851 non
871 2795 1048 2851 solum
1092 2794 1409 2849 laborantes
1434 2807 1500 2846 ex
1533 2791 1727 2846 morbo
1779 2790 1848 2847 iis
1887 2791 2118 2847 curandi

541 2897 749 2952 essent,
783 2887 877 2943 sed
909 2887 1074 2940 etiam
1104 2899 1287 2939 rerum
1333 2882 1400 2937 ad
1441 2883 1645 2937 victum
1686 2883 2119 2937 necessariarum

543 2983 775 3052 penuria
840 2989 1194 3051 urgerentur,
1232 2992 1466 3047 quarutn
1510 2991 1703 3047 magna
1740 2986 1903 3045 atque
1933 2975 2121 3032 multi-

542 3070 668 3141 plici
706 3070 863 3142 copia
912 3069 1159 3139 quotidie
1212 3081 1351 3138 opus
1397 3076 1533 3121 erat.
1567 3064 1746 3132 Quare
1776 3067 1888 3121 oris
1924 3065 2120 3121 solutis

543 3160 671 3216 inde
720 3161 787 3215 ad
844 3161 1130 3215 introitum
1177 3168 1372 3231 portus
1407 3157 1691 3228 Byzantini
1735 3160 1799 3213 ad
1845 3156 2117 3212 orientem

542 3254 846 3324 Spectantis
878 3253 1043 3309 delati
1068 3262 1217 3317 sunt,
1255 3252 1499 3307 hostium
1528 3264 1715 3316 naves,
1738 3234 1872 3320 qua!
1893 3250 2116 3305 sinistra

542 3346 608 3402 ad
628 3363 780 3403 oram
796 3345 1174 3403 Chalcedoniae
1190 3353 1345 3402 terra:
1360 3345 1465 3416 91
1498 3360 1528 3398 a
1560 3344 1809 3399 barbaris
1840 3354 2117 3416 occupatae

543 3440 779 3504 stabant,
814 3438 1178 3510 praetervecti.
1206 3439 1340 3493 Nam
1387 3438 1424 3492 ii
1473 3452 1694 3506 quoque
1724 3437 1933 3507 pariter
1969 3453 2120 3492 eom-

544 3540 761 3585 meatus
799 3530 983 3600 impia
1023 3529 1336 3584 laborantes
1365 3538 1422 3583 et
1462 3528 1609 3584 viros
1642 3528 1997 3595 fortissimos,
2022 3527 2115 3600 qui

542 3622 723 3694 gladio
754 3620 1001 3675 hostium
1025 3636 1132 3674 non
1160 3619 1431 3689 absumpti
1460 3627 1642 3685 erant,
1676 3619 1871 3674 morbo
1894 3618 2117 3675 allectos

543 3713 816 3776 silentes,
841 3710 909 3765 ad
947 3721 1138 3782 portus
1168 3710 1525 3765 barbarorum
1569 3709 1670 3764 sibi
1713 3708 2116 3763 confoederato-

540 3804 703 3872 rum,
744 3815 803 3861 ut
862 3820 1029 3875 supra
1085 3802 1609 3867 demonstravimus,
1649 3803 2001 3873 appulerant,
2056 3812 2116 3858 ut

540 3897 799 3950 alimenta
830 3893 933 3947 sibi
968 3892 1320 3962 acquirerem
1352 3894 1569 3963 aliaque
1608 3894 1778 3948 multa
1832 3902 1887 3950 et
1921 3909 2113 3966 magna

540 3989 824 4043 commoda
862 3988 1224 4057 impetrarent
1263 3995 1429 4055 atque
1462 3997 1708 4042 mortuos
1741 3987 1932 4058 procul
1961 4003 1990 4041 a
2018 4003 2114 4057 pa-

542 4083 641 4137 tria
675 4082 730 4137 in
761 4081 938 4136 aliena
972 4092 1116 4135 terra
1154 4080 1471 4149 sepelirent,
1504 4094 1681 4148 neque
1719 4079 1981 4134 uxoribus
2014 4094 2115 4133 nec

540 4175 729 4230 liberis
761 4174 811 4228 id
845 4173 1237 4228 sentientibus.
1272 4171 1454 4241 Usque
1503 4171 1640 4224 adeo
1686 4171 1834 4224 enim
1873 4171 2111 4226 hostium

540 4267 768 4320 audacia
818 4264 1102 4321 conterriti
1140 4272 1319 4329 erant,
1361 4272 1418 4316 ut
1451 4279 1556 4315 non
1592 4260 1841 4316 sullicere
1878 4260 2120 4318 arbitra?

544 4368 750 4423 rentur,
790 4359 837 4412 si
871 4354 1089 4410 barbari
1121 4373 1186 4410 ex
1221 4356 1529 4425 propinquo
1555 4355 1659 4410 sibi
1685 4370 1847 4425 quam
1876 4357 2112 4412 maxime

542 4449 961 4512 auxiliarentur,
1003 4448 1094 4501 sed
1139 4446 1304 4501 etiam
1362 4448 1729 4501 necessarium
1780 4462 1902 4503 csse
1946 4448 2111 4504 duce-

2229 591 2546 657 Βυζαντίου.
2606 593 2713 645 Καὶ
2758 592 3120 663 ψυχαγωγίας
3176 593 3390 660 ἔτυχον,
3432 590 3633 644 ὁπόσον
3683 592 3813 656 ἐφι-

2228 684 2373 738 κτόν.
2409 686 2480 737 Τό
2532 702 2594 750 γε
2657 685 2767 757 μὴν
2824 684 2977 755 παρὰ
3023 685 3115 739 τὸν
3172 684 3421 752 αἰγιαλὸν
3462 684 3814 756 ἐπιρρεὖσαν

2228 774 2291 847 [Γ.
2328 777 2429 831 “6
2460 774 2513 848 ὁ]
2545 777 2716 829 ἕωθεν
2753 778 3143 847 ἠπειρωτικδν,
3182 776 3256 838 ὡς
3302 776 3542 846 εἴρηται,
3599 774 3814 844 πλῆθος

2225 869 2439 936 ὀλίγους
2470 869 2569 939 μὲν
2618 865 2734 939 εἶχε
2761 870 2887 931 τοὺς
2925 868 3293 940 στρατιώτας,
3343 868 3404 921 τὸ
3452 853 3508 922 si
3547 867 3813 921 πλεῖστον

2226 963 2284 1027 ἐξ
2317 962 2536 1025 ἀπάσης
2578 963 2777 1033 τέχνης
2832 957 2901 1033 ἦν
2940 960 3233 1031 ξυμμιγὲς,
3278 961 3378 1030 ὅση
3412 976 3472 1012 τε
3515 959 3814 1030 βαναυσὼ-

2225 1053 2322 1121 δης
2376 1054 2471 1106 καὶ
2516 1053 2614 1123 ὅση
2674 1055 2742 1122 τῇ
2807 1053 3053 1123 γεωργίᾳ
3118 1053 3536 1123 προσετετήκει·
3588 1053 3683 1105 καὶ
3740 1049 3814 1123 ἦν

2229 1143 2485 1196 ἁπάντων
2528 1143 2751 1197 ἐκείνων
2802 1143 2978 1207 οὐδεὶς
3013 1137 3058 1211 ᾧ
3095 1144 3172 1212 μὴ
3231 1143 3631 1214 προσεγεγόνει
3676 1145 3819 1214 κέρ-

2226 1236 2313 1297 δος
2345 1234 2517 1289 οἴκαδ’
2550 1236 2851 1300 ἐπανιόντι,
2911 1235 3019 1289 τῶν
3074 1235 3381 1290 θαλαττίων
3443 1236 3713 1304 κυμάτων
3754 1237 3814 1297 ἐς

2225 1328 2328 1396 γῆν
2373 1327 2514 1381 ὅπλα
2574 1329 2669 1381 καλ⁵
2718 1326 2848 1399 βέλη
2903 1328 3226 1382 παντοδαπά
3282 1328 3378 1381 καὶ
3423 1327 3660 1390 ἀσπίδας
3712 1335 3816 1380 καὶ

2228 1422 2427 1492 κράνη,
2462 1420 2556 1474 καὶ
2578 1421 2675 1483 τὰς
2709 1420 3165 1489 κενεμϐατούσας
3196 1423 3253 1474 ὲν
3276 1420 3354 1490 τῷ
3388 1421 3623 1488 πελάγει
3648 1424 3813 1491 τριή-

2231 1530 2347 1582 ρεις
2375 1512 2578 1582 ἀναμὶξ
2612 1513 2894 1583 ἑκατέρων
2942 1513 3054 1567 τῶν
3079 1513 3533 1583 στρατευμάτοιν,
3564 1514 3811 1584 ἐρήμου,

2229 1602 2329 1669 μὲν
2359 1602 2706 1657 παντάπασιν
2746 1600 2913 1666 οὔσας
2964 1605 3264 1671 ναυμάχων
3297 1603 3508 1674 ἀνδρῶν
3560 1605 3657 1656 καὶ
3697 1602 3817 1656 κώο

2229 1710 2337 1761 πης
2373 1693 2553 1762 πάσης
2586 1693 2681 1746 καὶ
2720 1693 2961 1761 ταρσῶν,
3016 1696 3224 1764 μεστάς
3254 1695 3311 1748 δὲ
3372 1697 3676 1766 χρημάτων
3706 1714 3810 1749 πο-

2230 1785 2469 1838 λυτελῶν
2491 1788 2588 1839 καὶ
2625 1786 2842 1856 νεκρῶν
2880 1787 3158 1850 πλουσίοις
3194 1790 3688 1860 συμπεφυρμένων
3715 1792 3810 1844 αῖς

2154 1860 2195 1916 Β
2227 1893 2386 1945 μασι.

2299 1969 2355 2024 l'.
2390 1972 2549 2025 Μετὰ
2608 1972 2792 2042 μέντοι
2850 1974 2950 2046 τήν
3006 1977 3319 2048 ναυμαχίαν
3380 1979 3597 2049 ἐκείνην
3645 1978 3806 2031 νόσου

2194 2065 2416 2133 ,κοινῆς
2465 2066 2892 2139 διανεμηθείσης
2951 2070 3013 2123 τὸ
3060 2071 3316 2126 πλεῖστον
3379 2074 3478 2141 τῆς
3536 2073 3808 2140 ναυτικῆς

2224 2157 2498 2228 ἑκατέρας
2542 2159 2847 2230 δυνάμεως,
2888 2163 3256 2234 ἀποθνήσκειν
3290 2165 3451 2237 ἐπῄει
3507 2164 3655 2234 μάλα
3704 2181 3808 2217 συ-

2224 2252 2386 2318 χνοὺς
2426 2252 2789 2323 ἑκατέρωθεν,
2816 2254 2891 2318 ὡς
2931 2256 3010 2318 είς
3043 2256 3292 2328 ἀνάγκην
3336 2259 3472 2313 ἰέναι
3504 2256 3804 2327 βουλεύσα-

2225 2339 2349 2393 σθαι
2372 2342 2671 2412 ἑκατέρους
2702 2344 2736 2398 ἃ
2765 2344 2945 2399 ἐδόκει
3000 2345 3322 2403 λυσιτελεῖν.
3367 2347 3574 2402 Ἐδόκει
3616 2348 3673 2403 δὲ
3702 2350 3807 2401 Bs-

2223 2437 2459 2497 νετικοῖς
2487 2435 2587 2505 μὲν
2617 2436 2708 2491 τὸν
2759 2439 2891 2492 ἴδιον
2952 2440 3295 2511 μεταστῆσαι
3354 2441 3563 2506 στόλον,
3617 2443 3802 2495 καίτοι

2225 2522 2589 2596 βουλομένους
2620 2529 2737 2582 ἐκεῖ
2768 2530 2865 2593 τὰς
2896 2533 2962 2585 ὲκ
2991 2532 3195 2586 Πόντου
3250 2533 3548 2597 κατιούσας
3602 2550 3803 2604 στρογ-

2223 2615 2392 2684 γύλας
2414 2619 2541 2672 -τὼν
2577 2621 2854 2691 πολεμίων
2877 2624 3110 2688 ὁλκάδας
3136 2625 3337 2697 αἱρεῖν,
3392 2626 3450 2679 αῖ
3487 2627 3803 2698 παρεκόμιο

2221 2711 2314 2773 ζον
2353 2710 2416 2765 ἐκ
2442 2729 2500 2765 τε
2553 2713 2778 2769 Σκυθῶν
2811 2715 2911 2770 καὶ
2957 2717 3220 2781 Τανάϊδος
3257 2719 3600 2789 τάπιτήδεια.
3651 2720 3801 2773 Ἀλλ’

2222 2803 2471 2858 ἀνθεῖλκε
2519 2809 2661 2875 σφᾶς
2686 2809 2749 2860 ού
2798 2808 2960 2877 μόνον
2990 2809 3051 2862 τὸ
3098 2812 3228 2872 τοὺς
3259 2810 3553 2876 νοσοῦντας
3612 2812 3802 2865 αὐτῶν

2221 2896 2561 2951 ἀνακτᾶσθαι
2598 2897 2913 2969 βούλεσθαι,
2940 2902 3079 2955 ἀλλὰ
3109 2904 3203 2956 καὶ
3235 2901 3345 2957 τῶν
3398 2903 3727 2972 ἐπιτηδείων
3766 2906 3800 2974 ἡ

2225 2991 2427 3052 σπάνις
2467 2990 2638 3062 πολλὴ
2668 2994 2782 3061 ,καὶ
2830 2993 3052 3063 ποικίλη
3106 2994 3232 3050 καθ’
3286 2994 3506 3066 ἡμέραν
3553 2996 3801 3067 ἑκάστην

2222 3079 2626 3148 ἀπαιτουμένη.
2686 3082 2778 3134 Διὺ
2809 3081 3073 3146 λύσαντες
3107 3085 3175 3138 τὰ
3231 3086 3550 3158 πρυμνήσια
3582 3087 3801 3143 ἐκεῖθεν

2223 3172 2375 3240 παρά
2401 3170 2492 3223 τὸν
2523 3170 2779 3225 εἴσπλουν
2815 3173 2910 3226 τοῦ
2950 3175 3060 3227 τῶν
3098 3177 3413 3242 Βυζαντίων
3461 3179 3681 3250 λιμένος
3739 3181 3797 3233 ἔ-

2223 3272 2430 3326 στησαν
2468 3258 2854 3330 καταχθέντες,
2907 3262 3000 3315 τοῦ
3034 3264 3169 3333 πρὸς
3211 3265 3288 3319 ἕω
3322 3267 3638 3336 βλέποντος,
3694 3271 3799 3333 τὰς

2221 3347 2489 3418 πολεμίας
2516 3350 2763 3415 ἑστώσας
2809 3353 3066 3424 εὐώνυμα
3115 3356 3250 3420 ναῦς
3298 3360 3798 3429 παραπλεύσαντες

2219 3439 2371 3507 παρά
2419 3441 2546 3504 τοὺς
2609 3443 2895 3509 αἰγιαλοὺς
2931 3447 3034 3515 τῆς
3089 3448 3466 3518 Χαλκηδονίας
3526 3453 3631 3522 γῆς
3684 3455 3798 3507 τῶν

2218 3530 2541 3602 βαρϐάρων.
2573 3535 3081 3607 Στενοχωρούμενοι
3141 3540 3250 3612 γὰρ
3291 3544 3536 3598 κάκείνω
3583 3549 3652 3617 τῇ
3682 3545 3796 3599 τῶν

2218 3625 2540 3694 ἐπιτηδείων
2599 3628 2803 3698 ὁμοίως
2874 3633 3094 3701 σπάνει,
3156 3635 3252 3691 καὶ
3306 3634 3425 3705 ἅμα
3494 3639 3797 3705 νοσοῦντας

2216 3716 2453 3785 ὁρῶντες
2477 3719 2697 3784 ὁπόσοις
2728 3721 2838 3774 τῶν
2861 3722 3099 3793 ἀρίστων
3142 3725 3354 3796 ἀνδρῶν
3406 3729 3481 3799 μή
3525 3730 3793 3800 πολεμίου

2217 3809 2405 3879 ξίφους
2430 3811 2735 3882 τετύχηκεν
2783 3813 2946 3887 ἔργον
2979 3818 3257 3885 γενέσθαι,
3286 3822 3400 3883 τοῖς
3435 3822 3546 3876 τῶν
3580 3823 3795 3896 βαρϐά-

2218 3914 2331 3969 ρων
2374 3902 2824 3973 προσωρμίζοντο
2870 3904 3085 3976 λιμέσιν
3130 3908 3447 3975 ἐνσπόνδοις
3490 3912 3667 3979 οὖσιν,
3716 3917 3795 3980 ὼς

2216 3992 2458 4064 εἴρηται,
2488 3997 2708 4066 τροφῶν
2737 4014 2797 4048 τε
2828 4000 3020 4055 εἵνεκα
3061 4001 3157 4054 καὶ
3184 4002 3457 4059 πλείστων
3487 4006 3666 4061 ἄλλων
3692 4012 3791 4063 καὶ

2218 4086 2471 4155 μεγάλων
2517 4090 2611 4142 καὶ
2670 4089 3038 4145 παντοδαπῶν
3091 4092 3349 4162 ἐλπίδων,
3411 4098 3508 4151 καὶ
3544 4100 3688 4167 πρός
3725 4118 3790 4171 γε

2215 4178 2295 4235 ἔτι
2330 4178 2559 4233 θάπτειν
2610 4183 2668 4234 ὲν
2721 4182 2983 4255 ἀλλοτρίᾳ
3035 4185 3225 4258 πόρρω
3264 4204 3367 4241 που
3425 4193 3524 4261 τῆς
3577 4194 3790 4257 οἰκείας

2214 4270 2316 4340 γῆς
2350 4270 2475 4333 τοὺς
2523 4271 2759 4335 οἰκείους
2799 4276 3053 4346 νεκροὺς,
3091 4277 3168 4346 μὴ
3226 4279 3339 4334 τῶν
3393 4281 3650 4351 γαμετῶν
3696 4287 3790 4337 καὶ

2212 4363 2421 4437 τέκνων
2455 4364 2892 4436 αἰσθανομένων.
2928 4370 3201 4425 Τοσοῦτον
3226 4374 3336 4444 γάρ
3362 4373 3462 4442 τὴν
3493 4374 3604 4430 τῶν
3625 4378 3787 4430 πολε-

2219 4455 2360 4525 μίων
2391 4457 2825 4528 κατεπλάγησαν
2857 4461 3063 4531 τόλμαν
3098 4462 3232 4517 ,ὥστ’
3293 4465 3393 4519 οὐκ
3447 4468 3641 4538 ἀρκεῖν
3669 4473 3786 4523 ἐνό-

543 4552 692 4603 rent,
751 4537 1012 4593 maximas
1066 4538 1280 4590 narium
1313 4538 1686 4593 onerariarum
1728 4554 1825 4609 per
1871 4539 2113 4611 singulos

2222 4566 2387 4619 μισαν
2419 4549 2731 4619 βαρϐάρους
2782 4554 2846 4605 ὲκ
2897 4555 2992 4608 τοῦ
3052 4557 3238 4625 σχεδὸν
3276 4560 3343 4611 τὰ
3385 4537 3619 4629 μέγιστα
3660 4562 3787 4633 βοη-

540 4632 761 4687 nrdines
787 4630 1019 4685 turrium
1044 4639 1094 4682 et
1129 4627 1391 4683 moenium
1420 4628 1591 4682 instar
1631 4630 1684 4683 in
1717 4628 1897 4685 fronte
1939 4631 2110 4685 collo-

540 4734 689 4777 catas
732 4736 928 4800 magno
957 4720 1191 4773 militum
1245 4733 1477 4772 numero
1507 4720 1782 4790 complere
1805 4762 1819 4787 ,
1854 4722 1947 4791 qui
1984 4738 2111 4777 saxa

542 4819 591 4869 in
649 4812 946 4870 constratis
998 4822 1053 4867 et
1099 4812 1164 4865 ad
1210 4826 1457 4866 summos
1507 4813 1691 4868 malos-
1726 4816 2002 4870 cumuPata
2054 4817 2112 4871 in

542 4909 727 4962 hostes
757 4906 1070 4977 injicerent,
1113 4914 1171 4959 ut
1201 4920 1394 4960 eorum
1427 4906 1688 4976 impetum
1726 4907 2107 4978 prohiberent.

536 4999 765 5055 Narium
802 5015 929 5053 vero
968 5014 1090 5053 cum
1146 4998 1414 5053 minorem
1469 5014 1759 5054 numerum
1793 5015 1953 5069 quam
2007 5000 2108 5054 ho-

538 5104 648 5146 stes
684 5107 919 5161 eumquc
957 5091 1162 5161 majore
1210 5107 1273 5146 ex
1319 5100 1472 5161 parte
1512 5095 1743 5147 v’acuum
1807 5091 2106 5158 haberent,

541 5182 806 5237 militibus
834 5193 889 5238 et
920 5184 1108 5253 praclio
1138 5185 1316 5238 navali
1369 5191 1423 5237 et
1460 5183 1656 5238 morbo
1688 5194 1871 5253 postea
1920 5186 2106 5256 ingru-

536 5283 661 5326 ente
715 5272 1051 5343 absumptis,
1089 5272 1460 5327 mercenaries
1498 5272 1806 5329 conducere
1851 5287 1916 5326 ex
1948 5287 2105 5343 pere-

535 5364 690 5433 grina
726 5376 869 5419 terra
893 5362 1065 5418 coacti
1095 5363 1301 5419 milites
1326 5376 1381 5418 et
1417 5361 1670 5436 Bithynis
1692 5363 1944 5419 barbaris
1974 5379 2107 5419 con-

532 5458 844 5526 seripsere,
892 5456 1031 5511 duce
1080 5472 1271 5512 eorum
1328 5454 1581 5528 Hyrcano
1630 5455 1863 5526 pecunia
1915 5458 2103 5526 grandi

531 5548 903 5616 permittente.
948 5542 1250 5603 Cunductis
1287 5548 1452 5618 igitur
1484 5548 1608 5617 plus
1640 5547 1787 5602 mille
1834 5548 1970 5603 levis
2014 5565 2104 5602 ar-

533 5654 757 5693 matura:
789 5641 1054 5696 militibus
1076 5640 1324 5729 bifariam
1346 5655 1440 5694 cos
1471 5640 1734 5705 divisere;
1754 5640 1979 5697 alterum
1995 5642 2103 5712 92

530 5740 763 5797 partem,
795 5748 957 5802 tinam
987 5746 1210 5785 necesse
1232 5734 1355 5786 ’crat
1397 5731 1502 5786 sibi
1534 5733 1810 5789 auxiliari.
1848 5732 1913 5786 ad
1949 5750 2101 5788 oram

527 5820 587 5905 in
620 5824 883 5876 orientem
920 5831 1255 5892 spectantem
1293 5822 1587 5893 collocant,
1621 5824 1847 5880 alteram
1886 5835 2097 5895 partem

2216 4641 2442 4705 θοῦντας
2472 4641 2707 4711 ἔχοντες,
2752 4643 2888 4697 ἀλλὰ
2922 4648 3017 4699 καί
3071 4658 3167 4709 τας
3218 4651 3331 4703 τῶν
3369 4653 3591 4706 οἰκείων
3632 4657 3789 4724 μεγί-

2215 4747 2344 4793 στας
2378 4731 2609 4794 causa;
2641 4732 2946 4799 ἀναγκαῖον
2985 4734 3167 4800 ἔδοξεν
3224 4738 3543 4807 ἀγαγόντας
3596 4759 3787 4813 στιχη-

2211 4820 2298 4876 δὸν
2327 4825 2464 4877 κατὰ
2519 4823 2774 4892 μέτωπον
2826 4828 3292 4897 παραστήσασθαι
3355 4831 3514 4902 δίκην
3558 4834 3784 4905 πύργων

2212 4914 2306 4967 καὶ
2338 4916 2558 4984 τειχῶν,
2587 4917 2934 4986 στρατιώτας
2987 4920 3345 4989 παμπόλλους
3386 4924 3643 4992 ἐχούσας,
3692 4928 3783 4978 ἐπί

2211 5023 2269 5058 τε
2346 5006 2458 5060 τῶν
2513 5010 3000 5079 καταστρωμάτων
3062 5013 3155 5066 καὶ
3207 5013 3321 5067 ἄνω
3357 5016 3507 5086 παρὰ
3552 5017 3622 5069 τὰ
3674 5017 3783 5070 τῶν

2212 5095 2374 5149 ia:th
2402 5097 2722 5168 ἀκρωτήρια
2769 5098 2933 5154 λίθων
2980 5107 3530 5174 παρεσκευασμένους
3562 5108 3783 5178 ἔχοντας

2213 5188 2423 5257 σωροὺς
2454 5191 2514 5252 ἐς
2544 5189 2605 5241 τὸ
2644 5191 2999 5261 ὲπιρῤίπτειν
3040 5196 3151 5257 τοῖς
3209 5196 3495 5265 πολεμίοις
3556 5202 3652 5251 καὶ
3692 5203 3780 5252 τὸν

2209 5281 2475 5336 ἐπίπλουν
2519 5282 2798 5354 ἀνείργειν
2854 5286 3059 5343 αὐτῶν.
3115 5287 3268 5358 Νῆας
3318 5289 3364 5344 δ’
3422 5291 3640 5362 ἔχοντες
3688 5294 3779 5345 τὸν

2208 5372 2444 5443 ἀριθμὸν
2473 5374 2730 5438 ἐλάττους
2757 5376 2789 5447 ἢ
2819 5380 2962 5433 κατὰ
2992 5382 3089 5444 τὰς
3113 5380 3402 5451 πολεμίας,
3438 5384 3533 5437 καὶ
3574 5385 3779 5437 τούτων

2207 5464 2303 5527 τὰς
2331 5461 2397 5534 [Γ.
2450 5467 2553 5521 117
2582 5466 2639 5540 α]
2674 5469 2896 5534 πλείους
2944 5473 3184 5545 ἐρήμους
3222 5476 3593 5545 στρατιωτῶν,
3625 5481 3690 5548 τῇ
3722 5494 3776 5530 τε

2209 5559 2488 5630 ναυμαχία
2516 5562 2610 5613 καὶ
2631 5564 2695 5632 τῇ
2720 5566 2953 5620 κατόπιν
2991 5568 3089 5638 τῆς
3127 5568 3441 5638 ναυμαχίας
3466 5570 3609 5639 νόσῳ
3641 5571 3779 5638 φθα-

2211 5650 2436 5720 ρέντων,
2491 5657 2572 5717 εἱς
2606 5656 2854 5725 ἀνάγκας
2901 5659 3073 5730 ⁴ᾔεσαν
3111 5665 3207 5714 καί
3264 5662 3419 5714 αὐτοὶ
3457 5663 3780 5734 μισθοςεορι-

2206 5739 2302 5792 κον
2339 5740 2617 5812 ἀθροίζειν
2648 5745 2707 5812 ἐξ
2729 5747 3037 5820 ἀλλοδαπῆς
3062 5752 3158 5803 καὶ
3192 5753 3540 5821 στρατιώτας
3572 5756 3636 5807 ὲκ
3666 5748 3774 5808 τῶν

2207 5830 2448 5920 Βιθυνῶν
2509 5841 2885 5910 καταγράφειν
2948 5839 3259 5912 βαρϐάρων,
3328 5842 3627 5910 ἐνδιδόντος
3677 5843 3770 5899 τοῦ
