4070 6326
547 397 626 466 79

1737 405 1782 464 Ν
1791 404 2148 466 ΙΕΕΡΠΟΗΙ
2193 403 2576 466 GREGORZE

2817 347 2848 356 -η

3719 401 3790 463 80

547 529 672 586 qua:
694 530 889 572 manus
919 517 1070 572 omni
1102 527 1280 575 morte
1323 519 1513 590 plenas
1543 520 1877 588 protendunt
1905 536 1922 586 ;
1953 535 2096 589 quan

2196 537 2374 589 .στην,
2419 523 2513 576 καὶ
2561 519 2638 590 μὴ
2671 520 2844 590 ῥᾷστα
2887 520 3194 590 δυναμένην
3241 519 3572 590 ἀναίμακτον
3603 521 3795 588 προϊε-

547 605 870 677 priusquam
919 610 1046 680 quis
1095 611 1286 665 lsthmi
1340 611 1513 666 instar
1567 609 1792 666 ﬂuctum
1849 611 2108 680 utrinque

546 696 850 755 irruentem
897 703 1160 771 reprimat
1197 713 1254 758 et
1301 705 1354 756 in
1403 687 1568 756 alium
1607 703 1788 756 locum
1833 713 2110 772 transgre-

545 783 750 853 diatur,
807 801 932 842 eum
1002 789 1292 857 utriusque
1353 803 1580 842 necesse
1633 800 1721 842 est
1771 786 2110 842 constituere

544 877 710 947 leges.

2217 615 2341 666 σθαι
2373 613 2472 682 τὴν
2523 612 2848 684 μεταϐολὴν,
2901 613 3009 667 οὐδ’
3051 613 3180 666 ἄνευ
3222 613 3283 665 τὸ
3328 611 3578 666 πλεῖστον
3613 613 3792 664 εἰπεῖν

2215 705 2310 760 τοῦ
2339 703 2541 774 βιαίου.
2577 703 2818 756 Δεδιέναι
2843 702 2974 772 γοῦν
3007 703 3100 758 καὶ
3134 704 3232 765 τὰς
3259 702 3654 772 ἐφεδρευούσας
3677 702 3793 764 τοῖς

2216 792 2477 855 τοιούτοις
2535 794 2734 862 κῆρας,
2782 793 2906 846 ὅσαι
2961 792 3206 846 θανάτων
3259 791 3530 846 παντοίων
3580 791 3792 860 μεστὰς

2217 879 2559 932 ὑποτείνουσι
2611 881 2836 950 χεῖρας’
2882 882 2974 933 καὶ
3028 879 3223 950 χρῆναι
3273 881 3358 932 διὰ
3395 881 3606 942 ταῦτα,
3658 876 3794 947 πρὶν

547 977 881 1046 μεταστῆναι
913 977 1006 1028 τὸν
1036 978 1188 1048 δίκην
1229 977 1422 1047 ἰσθμοῦ
1451 978 1575 1040 τοὺς
1609 975 1950 1046 ἑκατέρωθεν
2003 975 2426 1044 ἀναχαιτίζοντα
2477 976 2775 1042 κλύδωνας,
2819 977 2947 1039 τοὺς
3012 976 3290 1046 ἑκατέρων
3353 977 3636 1046 ὁρισθῆναι
3704 977 3792 1026 ιε-

545 1085 736 1139 σμους.

617 1163 737 1218 Xll.
781 1163 1086 1230 Imperator
1147 1160 1317 1231 igitur
1377 1176 1502 1214 cum
1569 1169 1773 1214 tantam
1825 1161 1880 1215 in
1942 1159 2136 1230 tantis,

543 1255 805 1324 temporis
855 1252 1131 1323 angustiis
1171 1253 1226 1306 in
1277 1268 1335 1306 se
1381 1253 1680 1307 irruentem
1720 1261 2130 1321 tempestatum-

535 1348 646 1399 vim
695 1345 930 1409 videret,
980 1345 1176 1399 acerbe
1233 1343 1288 1398 id
1341 1342 1569 1406 ferebat,
1621 1342 1940 1413 indignatus
1969 1351 2108 1410 erat,

539 1436 750 1506 magnis
775 1435 1054 1504 variisque
1103 1434 1388 1488 doloribus
1417 1435 1660 1488 animum
1698 1434 1952 1504 angebat.
1985 1433 2107 1488 Non

537 1525 687 1580 enim
733 1524 990 1588 habebat,
1027 1522 1171 1578 unde
1221 1523 1448 1578 verbum
1501 1522 1928 1578 consolatorium
1959 1522 2100 1578 acci-

537 1625 736 1687 peret;
775 1631 944 1686 quare
993 1631 1115 1670 sese
1147 1616 1326 1686 ipsum
1369 1615 1480 1670 fere
1513 1614 1836 1683 deplorabat
1860 1622 1916 1668 et
1944 1613 2104 1682 quasi

493 1778 504 1786 _
538 1709 888 1779 desperatam
927 1709 1100 1762 vitam
1150 1708 1348 1777 degere
1379 1706 1692 1761 videbatur.
1727 1705 1958 1776 Semper
1985 1715 2106 1762 erat

543 1801 852 1856 taciturnus
897 1815 1076 1869 neque
1119 1813 1245 1853 cum
1294 1813 1570 1868 quoquam
1611 1798 1828 1852 occulta
1861 1796 2102 1867 pectoris

2287 1159 2386 1215 IB'.
2419 1162 2703 1233 Τοσαύτην
2746 1161 2926 1215 τοίνυν
2962 1160 3084 1214 κατ’
3109 1159 3275 1216 αὐτοῦ
3314 1163 3576 1232 ραγεῖσαν
3607 1165 3791 1232 κυμά-

2212 1269 2322 1306 των
2351 1252 2644 1322 ἐπαγωγὴν
2675 1255 2732 1305 ἐν
2764 1252 2946 1322 ταυτῷ
2997 1253 3238 1324 συνορῶν
3285 1255 3312 1306 ὁ
3359 1252 3609 1322 βασιλεὺς
3640 1255 3790 1308 οὕτω

2216 1343 2387 1412 στενῷ
2417 1347 2611 1415 κομιδῆ
2641 1344 2721 1415 τῷ
2751 1345 2952 1417 καιρῷ,
2999 1347 3233 1416 ήσχαλλέ
3263 1362 3321 1398 τε
3351 1347 3444 1398 καὶ
3469 1346 3785 1416 ἐδυσφόρει,

2211 1435 2306 1486 καὶ
2339 1438 2572 1504 μακραῖς
2602 1419 2857 1489 ἐϐάλλετο
2912 1439 3008 1490 καὶ
3051 1438 3416 1507 πολυτρόποις
3461 1440 3558 1510 τήν
3603 1440 3788 1511 ψυχὴν

2210 1523 2446 1588 ὀδύναις.
2479 1524 2563 1594 Μὴ
2593 1525 2734 1596 έχων
2761 1525 2806 1580 δ’
2843 1527 2950 1597 ὅπη
2982 1525 3183 1598 βλέψας
3216 1529 3532 1599 παρήγορον
3565 1531 3630 1584 ἄν
3663 1548 3788 1584 τινα

2209 1613 2426 1678 δέξαιτο
2460 1614 2639 1680 λόγον,
2670 1616 2850 1668 ἔστενέ
2885 1632 3002 1680 πως
3033 1617 3130 1670 καὶ
3165 1619 3350 1682 αὑτὸν,
3385 1622 3476 1672 καὶ
3511 1616 3624 1672 οἶον
3647 1623 3790 1674 ἁπο-

2211 1704 2489 1786 λεγομένῳ
2519 1705 2684 1778 ἐῴκει
2711 1706 2773 1761 τὸ
2807 1707 2927 1777 ζῇν.
2973 1708 3285 1779 Ἐχεμυθῶν
3311 1711 3418 1781 γὰρ
3451 1706 3520 1781 ἦν
3543 1713 3653 1776 ἀεὶ,
3687 1715 3788 1767 καὶ

2209 1798 2386 1851 οὐδενί
2419 1814 2547 1852 ποτε
2583 1799 2691 1852 τῶν
2740 1799 2996 1854 ἁπάντων
3027 1801 3280 1857 ἐϐούλετο
3327 1803 3644 1860 κοινοῦσθαι
3671 1807 3787 1860 τῶν

537 1893 947 1948 communicare
985 1889 1228 1946 volebat.
1264 1887 1437 1945 Omne
1469 1888 1616 1944 enim
1648 1887 1938 1944 consilium
1974 1885 2096 1956 reji-

2203 1889 2304 1958 τῆς
2337 1888 2514 1960 ψυχῆς
2545 1891 2875 1964 ἀπορρήτων
2915 1892 3069 1946 οὐδὲν
3113 1893 3362 1965 οὐδαμῆ·
3412 1898 3633 1952 πάντων
3672 1899 3786 1970 γὰρ

536 2003 661 2043 cere
689 1985 902 2042 solebat
931 1985 1096 2039 etiam
1125 1993 1422 2052 antequam
1455 1980 1697 2034 audiret.
1723 1979 1902 2034 Tanta
1937 1977 2104 2047 igitur

534 2091 782 2131 aarumna
836 2089 959 2128 cum
995 2071 1281 2141 conjugem
1322 2069 1532 2124 videret
1575 2070 1835 2124 atllictum
1865 2068 2104 2136 impera-

537 2167 663 2232 trix,
702 2167 827 2221 talia
873 2165 936 2219 ad
976 2178 1102 2218 eum
1153 2162 1338 2216 dicere
1384 2176 1578 2217 exorsa
1608 2170 1732 2215 est:
1765 2178 1785 2212 ι
1831 2159 1948 2214 Non
1982 2159 2103 2212 sine

538 2261 628 2315 l‘ei
676 2259 900 2314 numine
931 2256 1250 2311 hominibus
1281 2263 1374 2308 aut
1405 2253 1704 2308 infortunia
1732 2253 1976 2307 accidere
2010 2259 2103 2304 aut

534 2367 624 2406 res
649 2365 940 2422 prosperas
971 2351 1217 2412 evenire,
1252 2347 1527 2402 neminem
1559 2346 1812 2415 ignorare
1839 2341 2100 2407 arbitror,

531 2441 625 2511 qui
658 2440 858 2494 mentis
895 2437 1003 2508 95
1039 2447 1204 2506 atque
1233 2435 1451 2492 consilii
1501 2435 1773 2504 particeps
1815 2448 1923 2498 res,
1965 2446 2102 2502 quo-

533 2531 696 2584 modo
742 2543 974 2600 quaeque
1025 2539 1274 2597 agantur,
1321 2534 1469 2580 recte
1517 2524 1836 2594 perspiciat.
1883 2521 2098 2576 Justum

531 2637 661 2678 vere
709 2636 831 2676 esse
877 2622 1045 2674 Deum
1089 2627 1146 2673 et
1185 2617 1364 2686 justos
1411 2617 1661 2670 homines
1701 2613 1771 2668 ab
1803 2627 1868 2666 eo
1903 2609 2097 2676 amari,

530 2717 696 2771 etiam
747 2713 854 2767 hoc
885 2719 1018 2782 puto
1047 2709 1305 2764 onmibus
1347 2722 1664 2777 persuasum
1711 2719 1832 2760 esse
1857 2718 2098 2774 quorum

531 2806 702 2861 animi
752 2803 1126 2875 gubernaculo
1175 2799 1480 2870 prudentia:
1522 2797 1850 2866 dirigantur.
1884 2795 1943 2851 Si
1974 2795 2101 2864 quis

529 2899 679 2954 enim
721 2910 882 2951 mane
909 2895 1093 2951 studio
1121 2908 1281 2947 suum
1321 2893 1446 2955 iter,
1479 2897 1539 2943 ut
1571 2889 1644 2944 ita
1671 2887 1873 2951 dicam,
1907 2901 2099 2955 perse-

527 2995 622 3066 qui
677 2993 784 3048 sibi
836 2987 1213 3062 proposuerit,
1244 2998 1476 3056 vespera
1513 2992 1697 3038 autem
1737 2997 1914 3051 usque
1957 2979 2096 3035 adeo

443 3113 450 3120 ι
529 3085 807 3156 posterius
840 3081 1041 3137 sedens
1071 3077 1461 3146 conspiciatur,
1497 3090 1660 3144 quam
1699 3073 1935 3130 debebat
1967 3087 2096 3141 pro-

527 3189 752 3248 gressus
777 3185 920 3237 esse,
953 3170 1040 3226 vel
1069 3168 1261 3240 pusilla
1303 3175 1485 3221 mente
1530 3165 1778 3220 imbutus
1817 3165 2096 3220 intellexeo
2121 3206 2162 3262 Ο

527 3271 623 3334 rit,
653 3268 759 3322 hoc
791 3263 884 3320 Dei
908 3277 1030 3328 esse
1062 3260 1292 3323 facinus,
1321 3260 1413 3329 qui
1447 3257 1685 3312 hominis
1713 3257 1873 3312 istius
1909 3271 2088 3311 mores

527 3359 852 3430 improbans
876 3353 1156 3416 omnibus,
1183 3365 1304 3421 quae
1329 3349 1420 3404 ille
1445 3349 1576 3420 agit,
1605 3347 1896 3403 manifesto
1931 3363 2092 3418 repu-

526 3461 655 3524 gnat
693 3451 921 3520 ejusque
963 3444 1206 3500 studium
1236 3441 1300 3495 ad
1335 3439 1695 3505 contrarium,
1720 3454 1885 3508 quam
1931 3438 2088 3492 initia

525 3542 923 3614 promiserunt,
953 3531 1337 3592 circumﬂectit
1365 3530 1595 3586 exitum.
1643 3529 1865 3584 Memini
1903 3538 2087 3584 autem

525 3635 824 3705 Gregoram
866 3643 974 3684 non
1003 3625 1172 3682 semel
1197 3639 1300 3679 nec
1333 3623 1420 3677 bis
1447 3631 1624 3688 terve,
1661 3619 1758 3676 sed
1789 3619 2089 3690 saepissime

525 3727 582 3782 in
611 3723 798 3794 longis
823 3729 990 3791 atque
1021 3719 1188 3773 variis
1227 3715 1524 3785 colloquiis
1571 3712 1770 3769 crebro
1798 3712 2086 3768 nobiscum

523 3819 616 3874 hic
663 3813 949 3878 institutis,
1001 3811 1056 3866 id
1099 3809 1244 3880 quod
1284 3809 1403 3878 ipse
1453 3805 1597 3862 haud
1653 3805 1898 3877 ignoras,
1925 3803 2087 3860 nobis

523 3907 733 3969 dicere.
781 3905 958 3961 libros
1007 3901 1236 3957 Palamze
1288 3913 1480 3968 magna
1530 3907 1747 3951 scatere
1787 3893 2084 3966 impietate.

521 4001 670 4068 Quos
709 3999 751 4054 si
785 4013 884 4053 nos
911 3996 1284 4062 recipercmus
1312 4005 1376 4044 ac
1409 4005 1605 4059 magno
1637 3989 1824 4043 favore
1857 3997 1911 4042 et
1939 3987 2084 4042 omni

523 4091 905 4150 benevolentia
939 4097 1425 4158 prosequeremur,
1464 4081 1600 4136 nulli
1649 4081 1724 4134 rei
1779 4081 2013 4150 publica:
2055 4095 2085 4133 a

521 4185 683 4243 nobis
709 4191 980 4251 susceptae
1007 4179 1182 4233 Deum
1222 4177 1432 4246 justum
1477 4187 1771 4243 prosperos
1799 4186 2088 4227 successus

522 4279 782 4334 daturum
825 4287 970 4338 esse,
1013 4269 1154 4323 dixit
1196 4275 1365 4334 atque
1395 4263 1648 4334 promisit
1681 4263 1790 4328 ille,
1815 4262 1909 4317 sed
1949 4263 2086 4328 fore,

525 4379 584 4425 ut
612 4367 796 4424 omnia
841 4363 1300 4432 subverterentur
1333 4369 1398 4409 ac
1447 4353 1736 4409 manifesto
1767 4367 2088 4423 corrumpe-

525 4469 714 4516 rentur
753 4453 916 4511 vcluti
967 4459 1182 4521 segetes
1209 4445 1520 4517 fulguribus
1561 4444 1837 4500 athereis.
1871 4443 1964 4500 Sin
1992 4460 2087 4499 au-

2207 1981 2464 2047 καθάπαξ
2494 1983 2922 2056 ἀποδοκιμάζειν
2955 1986 3144 2040 εἴωθεν
3177 1989 3266 2042 ἀεὶ
3309 1989 3376 2042 τὰ
3409 1991 3784 2062 βουλεύματα,

2203 2073 2298 2126 καὶ
2327 2076 2459 2144 πρὶν
2486 2077 2737 2133 ἀκοῦσαι.
2774 2081 2930 2134 Οὕτω
2957 2079 3139 2135 τοίνυν
3161 2081 3380 2152 ὁρῶσαν
3403 2085 3505 2152 τὴν
3533 2083 3784 2154 βασιλίδα

2203 2165 2294 2218 τὸν
2349 2165 2580 2235 σύζυγον
2618 2167 2810 2239 ἔχοντα
2859 2171 3057 2244 λύπης,
3109 2173 3340 2243 φάσκειν
3395 2174 3554 2246 ἐπῄει
3609 2177 3783 2230 τοιαδὶ

2205 2257 2341 2327 πρὸς
2408 2261 2600 2313 αὐτόν·
2663 2261 2788 2316 Ὀτι
2847 2263 2943 2333 μέν
2993 2265 3094 2317 οὒκ
3147 2266 3296 2318 ἀθεεὶ
3342 2266 3440 2329 τὰς
3490 2269 3783 2340 συμφορὰς

2203 2344 2415 2400 ἐπιέναι
2443 2349 2555 2410 τοῖς
2582 2349 2888 2421 ἀνθρώποις
2913 2353 3048 2420 ἔστι,
3075 2351 3328 2424 καθάπερ
3354 2354 3628 2425 δήπουθεν
3655 2359 3780 2412 οὐδὲ

2201 2431 2301 2496 τὰς
2333 2435 2661 2506 εὐπραγίας,
2703 2439 2918 2507 ἀγνοεῖν
2947 2435 3104 2511 οἶμαι
3147 2445 3257 2496 τῶν
3303 2446 3523 2500 πάντων
3558 2450 3776 2517 οὐδένα,

2201 2521 2282 2588 οἷς
2313 2525 2405 2578 νοῦ
2457 2527 2674 2595 μέτεστι
2707 2531 2802 2584 καὶ
2844 2531 3103 2600 διανοίας,
3157 2535 3267 2589 τῶν
3311 2537 3399 2590 ἀεὶ
3433 2544 3780 2609 γιγνομένων

2203 2617 2616 2686 στοχαζομένοις
2644 2619 2841 2689 ὀρθῶς.
2889 2623 3108 2677 Δίκαιον
3140 2625 3188 2679 δ’
3223 2623 3365 2680 εἶναι
3401 2629 3493 2684 τὸν
3519 2631 3654 2685 Θεὸν
3680 2637 3779 2690 καὶ

2199 2707 2382 2761 δίκαια
2406 2709 2648 2778 δρῶντας
2672 2713 2992 2784 ἀνθρώπους
3021 2717 3216 2784 φιλεῖν,
3245 2719 3338 2774 καὶ
3363 2719 3519 2775 τοῦτο
3545 2723 3590 2776 δ’
3618 2721 3778 2796 οἶμαι

2197 2799 2309 2861 τοῖς
2344 2801 2514 2853 ἅπασι
2545 2804 2822 2874 γνώριμον
2856 2801 2997 2859 εἷναι
3042 2802 3122 2870 οἷς
3153 2807 3245 2862 τὸν
3297 2810 3422 2865 νοῦν
3467 2813 3567 2884 τῆς
3592 2815 3776 2887 ψυχῆς

2197 2887 2336 2953 οἴαξι
2391 2891 2870 2961 πηδαλιουχεῖσθαι
2932 2893 3292 2968 Ευνερρυήκει
3349 2902 3641 2965 συνέσεως.
3697 2907 3776 2960 Τὸ

2197 2973 2331 3041 γοῦν
2357 2975 2527 3030 ἕωθέν
2556 2996 2678 3034 τινα
2703 2980 2802 3052 τὴν
2835 2984 3024 3047 πρόσω
3055 2986 3222 3054 φάναι
3255 2989 3481 3060 πορείαν
3532 2990 3776 3061 βαδίζειν

2197 3067 2386 3158 άπάσῃ
2417 3069 2621 3158 σπουδῇ
2646 3073 2981 3143 προθέμενον
3001 3076 3256 3132 τοσοῦτον
3276 3080 3498 3136 ὁπισθεν
3523 3085 3774 3158 ἑσπέρας

2195 3155 2428 3228 ὁρᾶσθαι
2458 3157 2767 3230 καθήμενον
2803 3161 2928 3216 ὅσον
2967 3163 3278 3233 ἔμπροσθεν
3307 3170 3496 3239 ἐχρῆν,
3523 3155 3682 3226 τοῦτο
3711 3173 3774 3228 δὲ

2195 3248 2290 3300 καὶ
2318 3242 2400 3312 οἷς
2424 3249 2604 3317 ὀλίγος
2629 3251 2914 3322 ἐμπέφυκε
2942 3253 3084 3320 νοῦς,
3113 3259 3268 3328 γνοίη
3295 3259 3363 3313 ἂν
3386 3261 3522 3314 Θεοῦ
3547 3262 3770 3328 πάντως

2191 3331 2352 3400 εἶναι,
2387 3337 2524 3406 μήτε
2563 3336 2666 3408 μὴν
2687 3341 2802 3403 τοῖς
2832 3340 2926 3394 τοῦ
2952 3340 3259 3412 βαδίζοντος
3286 3347 3510 3417 τρόποις
3534 3352 3770 3420 ἀρεσκο-

2193 3427 2382 3498 μένου,
2413 3428 2507 3482 καὶ
2539 3428 2655 3499 ἅμα
2678 3432 2790 3494 τοῖς
2815 3433 2990 3505 τούτῳ
3017 3435 3324 3506 δρωμένοις
3353 3437 3558 3494 ἅπασιν
3585 3443 3768 3510 ἐμφα-

2189 3517 2296 3580 νῶς
2341 3520 2679 3590 μαχομένου,
2729 3520 2825 3578 καὶ
2877 3526 2934 3588 ἐς
2987 3527 3060 3581 τὰ
3119 3529 3264 3582 πάνυ
3318 3530 3428 3584 τῶν
3463 3533 3764 3604 προοιμίων

2193 3608 2564 3666 ἐναντιώτατα
2595 3613 2808 3684 πέρατα
2843 3613 2942 3686 τήν
2981 3618 3218 3690 σπουδήν
3259 3621 3761 3694 ἀντιπεριάγοντος.

2189 3701 2488 3772 Μέμνημαι
2517 3705 2701 3760 τοίνυν
2727 3705 2841 3778 ὀὐχ
2871 3707 3037 3777 ἅπαξ,
3067 3711 3187 3765 οὐδὲ
3235 3711 3315 3776 δίς
3348 3729 3453 3767 που
3498 3717 3593 3771 καὶ
3642 3719 3761 3786 τρὶς

2191 3795 2374 3865 μόνον,
2423 3794 2560 3850 ἀλλὰ
2607 3797 2702 3852 καὶ
2736 3799 2878 3869 μάλα
2923 3799 3098 3870 δήπου
3147 3819 3210 3871 γε
3243 3804 3508 3870 πολλάκις
3555 3809 3760 3878 ἀμφοῖν

2189 3886 2321 3978 ήμῖν
2353 3887 2600 3978 εἰπόντος
2625 3887 3021 3978 τοῦ-Γρηγορᾶ
3051 3895 3191 3948 κατὰ
3220 3895 3316 3958 τὰς
3357 3897 3615 3952 ἐνταυθοῖ
3635 3901 3762 3978 πολ-

2186 3973 2342 4037 λάκις
2374 3974 2680 4040 ίδιαζούσας
2721 3975 2784 4051 [ί.
2819 3979 2923 4034 118
2971 3979 3028 4053 α]
3073 3983 3291 4052 μακρὰς
3320 3986 3413 4038 καὶ
3459 3973 3759 4051 πολυειδεῖς

2188 4067 2346 4138 ήμῶν
2380 4069 2598 4138 ὁμιλίας
2621 4064 2799 4141 (qtae:
2829 4071 2887 4125 δὲ
2913 4075 3005 4127 καὶ
3031 4074 3218 4146 αὐτὸς)
3247 4075 3345 4140 τὰς
3367 4077 3584 4147 βίδ-λους
3613 4075 3756 4136 εἶναι

2187 4159 2282 4213 τοῦ
2316 4159 2554 4230 Παλαμᾶ
2580 4161 2902 4226 δυσσεϐείας
2952 4163 3183 4235 πλήρεις
3223 4170 3440 4238 μακρᾶς
3461 4185 3476 4200 ’
3513 4169 3576 4234 ἃς
3605 4170 3756 4243 δεχο-

2191 4253 2374 4322 μένοις
2406 4256 2558 4326 ήμῖν,
2589 4257 2684 4310 καλ¹
2722 4257 2926 4326 πολλὴν
2958 4261 3053 4312 καὶ
3087 4261 3436 4334 παντοδαπὴν
3468 4265 3566 4336 τήν
3595 4265 3756 4336 εὐμέ-

2187 4363 2335 4400 νειαν
2369 4349 2520 4415 σφίσι
2551 4349 2968 4418 παρεχομένοις,
3005 4349 3210 4420 ἔφασκέ
3229 4371 3290 4408 τε
3323 4357 3416 4410 καὶ
3447 4356 3757 4428 ὑπισχνεῖτο

2191 4439 2382 4510 μηδενὶ
2418 4439 2528 4494 τῶν
2552 4441 2686 4511 ἡμῖν
2725 4458 2788 4510 γε
2817 4443 3113 4513 δρωμένων
3157 4446 3432 4517 δημοσίων
3459 4449 3756 4522 εὕδρομίαν

524 4563 631 4606 tem
684 4550 803 4603 haec
851 4545 937 4599 vel
987 4543 1079 4596 illa
1143 4554 1232 4594 res
1279 4538 1463 4608 aliquo
1511 4535 1672 4592 modo
1717 4536 1875 4591 initio
1925 4535 2086 4592 nobis

2196 4529 2577 4599 ἀκολουθήσειν
2604 4531 2741 4601 πρὸς
2773 4532 2866 4588 τοῦ
2908 4533 3116 4589 δικαίου
3168 4535 3328 4603 Θεοῦ,
3367 4539 3485 4594 ἀλλ’
3527 4543 3756 4614 ἀνατρέ-

522 4639 818 4699 succedere
843 4635 1028 4690 visura
1055 4641 1222 4697 esset,
1252 4639 1488 4686 attameu
1514 4645 1623 4684 non
1651 4629 1812 4699 longo
1841 4637 2086 4699 tempore

521 4727 850 4800 interposito
877 4726 988 4796 96
1011 4724 1155 4787 fore,
1174 4731 1234 4776 ut
1262 4721 1616 4777 acerbissima
1653 4722 1792 4776 mala
1814 4721 2088 4775 uberrime

521 4823 588 4878 ad
623 4829 930 4875 extremum
969 4821 1401 4870 succrescereut.
1441 4812 1588 4867 Idem
1631 4811 1765 4882 ipsis
1795 4812 2088 4866 vehemen-

523 4913 630 4970 tius
687 4907 1133 4982 pronuntiantem
1178 4903 1526 4968 audivimus,
1573 4913 1633 4959 ut
1684 4902 1824 4958 nihil
1871 4901 2088 4958 dubita-

521 5004 685 5059 tionis
745 5001 861 5056 suis
905 5002 1152 5057 moribus
1190 4998 1546 5061 admisceret,
1592 5011 1714 5066 quae
1761 4995 2084 5064 plerumque

519 5092 965 5148 incertitudinem
993 5091 1162 5144 futuri
1202 5089 1468 5157 temporis
1499 5085 1873 5140 metuentibus
1903 5086 2084 5140 inesse

517 5185 674 5242 solet.
713 5183 901 5253 Neque
949 5182 1148 5237 nescis.
1181 5189 1388 5252 quanto
1435 5177 1562 5233 odio
1611 5177 1860 5244 viripnon
1897 5191 1926 5230 a
1969 5177 2084 5232 suis

517 5275 702 5330 verbis
731 5275 1044 5330 recedentis
1074 5275 1386 5328 libertatem
1420 5269 1696 5340 persecuti
1726 5268 1918 5323 simus.
1943 5269 2083 5323 Con-

516 5367 870 5422 sidcrandum
925 5367 1089 5437 igitur
1145 5375 1251 5429 est,
1304 5379 1435 5418 num
1487 5361 1628 5415 forte
1685 5359 1798 5414 Deo
1847 5360 1965 5430 ipso
2011 5359 2082 5416 ob

515 5457 707 5527 dogma
743 5468 1082 5528 repugnante
1117 5457 1268 5510 irrita
1307 5453 1597 5508 faciamus.
1637 5470 1654 5502 ι

581 5725 717 5778 XIII.
763 5723 888 5778 llaec
915 5733 1078 5791 atque
1111 5720 1378 5790 ejusmodi
1437 5734 1560 5774 cum
1621 5719 1708 5772 illa
1741 5720 2077 5789 protulisset,

509 5817 839 5887 imperator.
883 5833 902 5864 ‹
945 5815 1154 5874 Mulier,
1189 5811 1390 5880 inquit,
1425 5825 1530 5864 non
1579 5811 1762 5864 omnia
1815 5812 2079 5867 debemus

2187 4615 2386 4671 πεσθαί
2409 4635 2466 4671 τε
2492 4619 2670 4674 πάντα
2691 4619 2788 4674 καὶ
2813 4620 3134 4691 φθείρεσθαι
3161 4627 3475 4695 προφανῶς,
3501 4628 3754 4702 καθάπερ

2188 4711 2474 4779 κεραυνοῖς
2501 4710 2764 4780 αἰθερίοις
2795 4712 2863 4766 τὰ
2891 4714 3038 4782 λήῖα.
3088 4715 3150 4769 Et
3191 4717 3248 4771 δέ
3279 4733 3386 4772 που
3435 4718 3530 4774 καὶ
3578 4719 3754 4788 δόξειε

2185 4801 2294 4854 τῶν
2319 4803 2608 4874 ἡμετέρων
2643 4801 2822 4874 ἔργων
2849 4801 2907 4857 ἓν
2936 4805 3222 4860 ὁποιονοῦν
3261 4808 3468 4881 ὁπηοῠν
3505 4811 3754 4884 εὐτυχεῖν

2185 4893 2250 4943 ἐκ
2289 4894 2612 4964 προοιμίων,
2648 4894 2764 4946 ἀλλ’
2790 4890 2884 4949 οῦν
2910 4899 3010 4950 ούκ
3042 4899 3126 4962 είς
3156 4901 3374 4970 μακρὰν
3401 4901 3522 4955 ἐκεῖ
3556 4905 3753 4976 πικρὸν

2186 4985 2514 5054 ἐπιφύεσθαι
2553 4987 2648 5042 καὶ
2689 4989 2835 5058 μάλα
2882 4989 3150 5060 πολύχουν
3199 4993 3256 5044 ἐν
3299 4995 3413 5054 τοῖς
3461 4993 3664 5065 πέρασι
3693 4999 3753 5051 τδ

2184 5078 2471 5148 γεώργιον.
2501 5078 2672 5133 Τοῦτο
2701 5079 2758 5132 δε
2788 5081 3020 5146 καύταῖς
3046 5081 3350 5153 πανδήμοις
3393 5084 3751 5158 σφοδρότερον

2183 5169 2520 5238 ήκηκὸειμεν
2554 5170 2812 5240 φάμενον,
2845 5173 2906 5225 οὐ
2937 5173 3238 5245 δισταγμοῦ
3268 5191 3414 5240 τινος
3445 5179 3616 5244 μέρος
3645 5195 3751 5232 πα-

2187 5262 2526 5329 ραμιγνύντα
2553 5262 2630 5333 τῷ
2658 5265 2800 5334 ήθει,
2830 5265 3010 5327 ὁποῖος
3043 5267 3152 5329 τοῖς
3181 5265 3407 5322 δεδιόσιν
3435 5269 3625 5323 ἕπεται
3653 5271 3749 5340 τὴν

2183 5354 2276 5407 τοῦ
2315 5354 2604 5423 μέλλοντος
2633 5355 2856 5423 ἀδηλίαν
2890 5356 2965 5418 ὡς
2995 5357 3064 5410 τὰ
3108 5357 3299 5424 πολλά.
3349 5360 3457 5412 Καὶ
3501 5357 3657 5414 οἶσθά
3686 5377 3748 5428 γε

2181 5445 2257 5508 ὡς
2297 5443 2578 5514 ἠχθόμεοα
2606 5446 2702 5516 τῆς
2737 5445 3048 5518 παρρησίας
3076 5447 3260 5518 τάνδρί
3285 5465 3300 5480 ·
3331 5450 3358 5501 ὁ
3380 5449 3425 5503 δ’
3456 5452 3555 5504 οὐκ
3579 5453 3748 5504 ἐνεδί-

2181 5535 2273 5590 δου
2301 5537 2494 5604 λέγων.
2528 5537 2798 5591 Σκεπτέον
2828 5537 2920 5594 οὖν
2948 5539 3024 5611 μὴ
3053 5538 3189 5594 Θεοῦ
3227 5543 3534 5610 μαχομένου
3559 5541 3649 5598 διὰ
3689 5543 3748 5597 τὸ

2181 5629 2358 5698 δόγμα
2393 5628 2646 5700 πονῶμεν
2671 5631 2931 5700 ἀνήνυτα.
2971 5651 2990 5684 ι

2253 5721 2352 5774 ll".
2384 5719 2567 5774 Ταῦτα
2593 5725 2772 5776 τοίνυν
2805 5724 2899 5777 καὶ
2927 5724 2994 5778 τὰ
3022 5723 3246 5777 τοιαῦτα
3279 5723 3576 5796 διεξιούσης
3607 5725 3746 5778 ἐκεί-

2183 5829 2302 5884 νης,
2340 5832 2358 5866 ι
2385 5809 2454 5866 Ὦ
2485 5813 2665 5882 γύναι,
2697 5817 2859 5884 φησιν
2893 5818 2920 5868 ὁ
2951 5814 3226 5884 βασιλεὺς,
3268 5817 3330 5870 οὐ
3362 5818 3538 5871 πάντα
3573 5817 3744 5871 καθά·
