4070 6326
332 425 399 492 81
1360 407 1807 487 BYZANTINE
1829 424 2211 486 uts'ronm
2240 424 2388 485 LIB.
2411 420 2618 484 XXVI.
3501 408 3572 472 82

333 541 444 605 παξ
491 539 670 610 χρεὼν
711 539 1024 594 ἀνατιθέναι
1080 537 1223 610 Θεῷ.
1279 535 1434 594 Εἶναι
1483 541 1594 610 γάρ
1639 558 1761 594 τινα
1806 540 1900 591 καὶ

2012 538 2072 589 ad
2110 536 2279 590 Deum
2311 536 2539 591 referre.
2570 531 2704 587 Nam
2739 529 2903 584 etiam
2930 527 3149 582 fortuna
3179 521 3398 578 domina
3427 533 3573 590 qum-

327 633 499 700 τύχην
549 629 831 700 τύραννον,
865 630 1007 684 κατά
1045 630 1108 684 τὺ
1156 631 1466 700 αὐτόματον
1505 629 1764 685 ἐπιοῦσαν
1788 634 1902 694 τοῖς

327 722 438 773 τῶν
469 720 774 788 ἀνθρώπων
815 721 1121 792 πράγμασι,
1144 723 1252 776 κάκ
1276 721 1370 776 τοῦ
1403 722 1706 793 προσεχοῦς
1732 722 1903 804 αὑτὴν

331 812 537 880 μᾶλλον
564 813 907 881 τάνθρώπεια
926 812 1290 884 διοικοῦσανῆ
1321 815 1413 868 τὸν
1437 814 1593 881 Θεὸν,
1619 815 1904 885 ἐνέργειαν

331 905 432 971 μὲν
465 903 806 975 καλουμένην
833 904 1110 970 ἀκτιστον,
1145 904 1503 968 δεσποτικοὺς
1533 906 1591 958 δὲ
1619 905 1902 976 χαρακτῆ-

331 1012 436 1062 pa;
489 996 762 1064 φέρουσάν
809 1011 868 1048 τε
904 999 1000 1049 καὶ
1045 996 1381 1060 δεσποτικῶς
1422 999 1534 1060 τοῖς
1577 999 1904 1068 πράγμασιν

328 1086 835 1154 ἑπιστρατεὺονσαν
862 1086 1005 1140 κατὰ
1036 1089 1135 1157 τὴν
1166 1085 1258 1140 τοῦ
1292 1087 1601 1155 αὐτομάτου
1643 1088 1817 1156 φοράν
1844 1104 1904 1140 τε

329 1178 426 1229 καὶ
447 1178 682 1245 κίνησιν.
712 1179 772 1232 El
801 1178 846 1231 δ’
874 1175 990 1245 οὖν,
1012 1177 1168 1247 λόγον
1197 1179 1307 1246 ὲγὼ
1335 1197 1417 1233 σοι
1445 1181 1536 1233 καὶ
1563 1180 1706 1249 μάλα
1730 1181 1905 1252 εῖδυίᾳ

330 1270 466 1338 ἐρῶ,
497 1270 599 1336 τῆς
626 1271 764 1339 ἐμῆς
790 1270 1048 1343 ἀληθείας
1077 1273 1333 1343 μάρτυρά
1365 1289 1422 1324 τε
1453 1275 1548 1327 καὶ
1577 1271 1903 1342 βεϐαιωτήν.

332 1358 504 1414 nam
535 1364 644 1433 γὰρ
663 1362 880 1426 ὁποίαις
905 1365 999 1416 καὶ
1026 1364 1178 1427 ὅσαις
1203 1366 1516 1434 ἠπειγόμην
1539 1364 1906 1434 ὲξευμενίζειν

329 1451 423 1503 τὸν
462 1451 596 1505 Θεὸν
639 1454 941 1522 χρημάτων
969 1453 1199 1518 δόσεσιν,
1243 1453 1309 1517 ἀς
1343 1453 1596 1522 ἀφθόνοις
1627 1455 1906 1523 παλάμαις

333 1546 622 1614 ιξήντλουν
669 1546 875 1617 ἱερεῦσι
919 1547 1015 1600 καὶ
1067 1547 1441 1618 μονοτρόποις,
1479 1549 1570 1600 καὶ
1617 1547 1732 1600 ὅσοι
1765 1541 1929 1615 σπη-’

332 1639 507 1700 λαίοις
534 1639 903 1692 ἐνδιαιτῶνται
946 1639 1042 1692 καὶ
1074 1639 1247 1708 ὄρεσι,
1284 1639 1379 1692 καὶ
1425 1639 1542 1690 ὅσοι
1588 1637 1696 1691 τῶν
1730 1638 1906 1700 ἄλλως

334 1729 497 1797 πενίᾳ
526 1729 622 1780 καὶ
649 1729 788 1797 νόσῳ
816 1728 1107 1791 συζώντων
1137 1729 1407 1799 ὑπῆρχον,
1441 1729 1534 1782 καὶ
1579 1731 1652 1799 πῆ
1693 1730 1788 1797 μὲν
1814 1729 1906 1798 δη-

338 1817 521 1887 μοσίᾳ,
559 1818 630 1886 πῆ
666 1817 724 1870 δὲ
758 1817 1050 1887 βλέποντος
1095 1819 1349 1873 ἁπάντων
1394 1818 1626 1881 οὐδενός.
1664 1820 1904 1887 Ὠνησαν

2002 628 2126 683 dam
2157 637 2262 691 est,
2292 642 2416 697 qua:
2452 639 2552 680 suo
2583 622 2816 678 arbitrio
2841 619 3129 675 hominum
3168 631 3259 671 res
3287 611 3572 684 aggredia-

2003 730 2112 786 tur,
2151 733 2313 788 atque
2345 717 2691 773 continenter
2741 713 2906 768 vitam
2938 710 3234 764 humanam
3265 704 3439 774 magis
3486 717 3573 755 re-

2002 819 2116 880 gat,
2147 823 2310 877 quam
2361 807 2543 861 Deus:
2578 802 2826 874 operatio
2865 798 3088 872 quidem
3149 797 3466 851 nominatur
3497 791 3575 843 in-

2003 911 2220 964 ereata,
2257 898 2448 953 induta
2488 905 2669 952 autem
2698 902 2781 948 est
2813 893 3025 966 tyranni
3061 889 3330 956 moribus,
3381 901 3575 954 super-

2004 994 2239 1063 bamque
2285 992 2340 1046 in
2373 1006 2567 1044 omnes
2610 1003 2700 1043 res
2745 987 3175 1041 dominationem
3225 990 3445 1038 exercet
3475 994 3574 1048 pro

2003 1085 2252 1140 libidinis
2285 1085 2494 1152 impetu
2527 1091 2696 1150 atque
2746 1089 2921 1134 motu.
2953 1077 3226 1147 Agedum!
3266 1074 3574 1131 orationem

2007 1174 2104 1228 tibi
2137 1173 2338 1236 dicam,
2369 1187 2531 1240 quant
2568 1171 2683 1247 ipsa
2715 1168 2859 1224 haud
2899 1183 3030 1223 sane
3063 1166 3308 1237 ignoras,
3338 1179 3458 1232 qua:
3489 1178 3576 1217 me

2004 1279 2132 1318 vere
2162 1263 2408 1318 locutum
2428 1276 2550 1316 esse
2582 1259 2909 1316 testificetur
2937 1267 3099 1328 atque
3125 1259 3432 1312 confirmet.
3456 1253 3576 1309 Seis

2005 1352 2176 1416 enim,
2205 1352 2428 1421 quantis
2454 1361 2508 1406 et
2534 1352 2792 1421 qualibus
2821 1365 2922 1421 ego
2952 1350 3256 1405 studuerim
3291 1347 3450 1402 donis
3477 1346 3573 1401 Dei

2009 1443 2251 1496 favorem
2299 1443 2429 1496 mihi
2483 1443 2804 1506 conciliare,
2836 1457 2958 1512 quae
2983 1441 3162 1512 plenis
3207 1440 3463 1494 manibus
3492 1454 3578 1493 sa-

2005 1533 2340 1596 ec-rdotibns,
2370 1533 2689 1587 hominibus
2715 1532 2996 1598 solitariis,
3023 1531 3338 1600 quicunque
3368 1531 3420 1584 in
3448 1546 3574 1600 spe-

2006 1624 2192 1680 luncis
2244 1625 2498 1678 habitant
2545 1634 2601 1679 et
2667 1623 2949 1678 montibus
2996 1632 3093 1677 aut
3145 1631 3469 1692 paupertate
3519 1631 3577 1677 et

2008 1714 2217 1768 morbis
2250 1716 2498 1784 oppressi
2528 1715 2695 1788 vitam
2723 1717 2949 1786 degunt,
2978 1724 3032 1770 et
3060 1715 3239 1784 palam
3271 1723 3329 1769 ct
3357 1713 3577 1768 occulto

2007 1806 2300 1876 largiebar.
2339 1807 2539 1861 Verum
2585 1808 2716 1862 nihil
2776 1807 3028 1862 utilitatis
3094 1806 3254 1862 nobis
3305 1806 3413 1877 97
3465 1806 3573 1860 illre

332 1878 380 1956 δ’
411 1878 542 1973 ἡμῖν
596 1878 771 1970 οὐδὲν,
814 1906 930 1960 ἀλλ’
977 1878 1194 1978 αὑραις,
1244 1907 1318 1971 ῶς
1369 1924 1430 1977 γε
1474 1878 1675 1972 ἔοικεν,
1727 1878 1908 1963 ὲκέῖνα

2012 1895 2329 1966 largitiones
2373 1898 2702 1960 attulerunt,
2753 1897 2849 1952 sed
2887 1897 3071 1952 ventis
3102 1897 3356 1951 videmur
3389 1896 3576 1953 omnia

333 1995 493 2048 πάντ’
548 1995 1030 2068 ὲκπεπονήκαμεν,
1083 1998 1178 2050 καὶ
1227 1998 1496 2068 περιέστη
1552 2000 1684 2070 ἡμῖν
1729 2001 1912 2053 ἐκεῖνα

334 2084 528 2136 παθεῖν
572 2085 608 2139 ἀ
650 2086 785 2156 μηδὲ
835 2089 948 2149 τοῖς
1002 2088 1207 2160 σφόδρα
1257 2091 1604 2161 ἀνδροφόνοις
1664 2091 1752 2144 διὰ
1792 2092 1909 2161 βίου

334 2177 664 2232 πεπονθέναι
705 2177 1128 2249 ξυμπὲπτωκεν.
1174 2183 1291 2253 Ἀφ’
1337 2177 1398 2238 οῦ
1440 2184 1484 2238 δ’
1529 2185 1785 2256 ὁμόφρων
1814 2203 1910 2255 γε-

335 2271 576 2340 γένημαι
606 2269 858 2342 Παλαμᾷ,
885 2273 977 2325 καὶ
1010 2272 1262 2344 βασιλεὺς
1305 2275 1465 2339 εὐθὺς
1511 2276 1845 2345 κεκράτηκα.
1885 2295 1903 2329 ›

412 2449 506 2502 ιΔν.
525 2449 589 2502 Ἢ
612 2449 656 2502 δ’
673 2449 1016 2506 ὑπολαϐοῦσα
1032 2452 1201 2506 τοιάδ’
1217 2453 1516 2522 ἀντέφησεν
1533 2452 1705 2518 αὖθις·
1731 2473 1748 2506 ι
1771 2452 1911 2523 Ἐγὼ

335 2542 419 2604 δὲ,
463 2544 721 2610 φησὶν,ὲκ
748 2544 855 2599 τῶν
884 2545 1173 2616 ἡμετέρων
1213 2548 1303 2600 καὶ
1328 2547 1684 2618 ἀνθρωπίνων
1707 2547 1912 2619 βραχέα

338 2651 421 2685 σοι
450 2633 770 2704 φθέγξομαι.
804 2635 936 2690 Εἰπὲ
962 2637 1069 2707 γάρ
1119 2654 1237 2706 μοι·
1275 2637 1342 2691 El
1389 2655 1471 2701 τις
1497 2640 1604 2692 τῶν
1621 2641 1911 2709 ἡμετέρων

332 2725 540 2778 δούλων
562 2727 886 2796 ἀμπελῶνος
915 2729 1090 2782 εἰπεῖν
1126 2729 1158 2800 ἢ
1195 2729 1302 2783 τῶν
1325 2729 1501 2783 ἄλλων
1524 2733 1756 2800 ἐχόντων
1779 2734 1911 2802 ἡμῖν

333 2817 634 2888 κτημάτων
683 2819 802 2883 ἑνὸς
861 2821 1170 2876 οὑτινοσοῦν
1223 2823 1558 2894 ἐπιμελητὴς
1621 2825 1710 2890 ὑφ’
1751 2825 1910 2894 ἡμῶν

334 2912 628 2977 καταστὰς,
655 2909 843 2964 ἔπειτα
871 2912 966 2982 τὴν
994 2913 1091 2983 μὲν
1117 2914 1432 2968 δεσποτείαν
1464 2915 1620 2984 ἡμῶν
1651 2916 1910 2986 ἀφῃρεῖτο

335 3001 677 3072 περιφανῶς,
723 3003 1185 3078 πολλοστημόριον
1230 3007 1281 3060 δὲ
1317 3008 1424 3060 τῶν
1463 3009 1676 3062 ἐκεῖθεν
1719 3009 1912 3078 παρεί-

334 3111 464 3163 χετο
493 3095 674 3164 φέρων
703 3097 834 3166 ἡμῖν
863 3098 1110 3167 καρπῶν,
1142 3098 1201 3150 οὑ
1242 3100 1441 3168 μᾶλλόν
1472 3099 1525 3167 γ’
1549 3099 1614 3153 ἂν
1643 3101 1910 3171 ὲμεμισὴ-

335 3201 537 3255 κειμεν
570 3186 779 3239 ἐκεῖνον
805 3186 837 3256 ἢ
870 3186 1252 3258 ἠγαπήκειμεν
1279 3207 1292 3255 ;
1328 3189 1483 3242 Τοῦτ’
1509 3191 1638 3243 αὑτὸ
1664 3193 1908 3260 νομίζειν
1936 3221 1981 3278 C

333 3277 514 3330 ἔπεισί
543 3295 633 3346 μοι
659 3279 750 3331 καὶ
777 3278 840 3353 [Γ.
879 3279 978 3334 118
1009 3281 1060 3352 b]
1093 3283 1221 3353 περὶ
1249 3299 1309 3352 γε
1337 3283 1428 3336 τοῦ
1460 3285 1622 3355 μόνου
1653 3284 1807 3339 Θεοῦ.
1847 3287 1905 3339 Ei

333 3371 447 3440 γὰρ
479 3371 715 3424 πλούτου
740 3373 831 3426 καὶ
864 3372 1018 3443 δόξης
1048 3375 1315 3444 τοσαύτης
1357 3378 1516 3446 ἡμεῖς
1545 3377 1905 3440 ἀπολαύοντες

337 3463 478 3532 πρὸς
515 3462 673 3530 Θεοῦ,
697 3463 888 3517 ἔπειτα
923 3467 1021 3537 τὴν
1062 3465 1226 3520 αὑτοῦ
1261 3466 1577 3520 δεσποτείαν
1617 3468 1905 3521 πολυθεῒαν

336 3550 559 3613 ἑκόντες
589 3551 752 3622 ἧτινι
783 3551 894 3604 τῶν
922 3553 1175 3607 ἁπάντων
1216 3554 1377 3624 ἑτέρᾳ
1414 3554 1542 3625 παρ’
1571 3556 1732 3608 αὑτὸν
1757 3558 1906 3626 ἐνερ-

334 3643 483 3715 γείᾳ,
529 3632 898 3714 ὲξευμενίζειν
927 3645 1134 3698 ἐκεῖνον
1179 3645 1492 3716 νομίζοιμεν
1534 3647 1907 3717 πολλοστημό-

337 3753 456 3804 ριον
484 3735 783 3805 χρημάτων
808 3735 914 3789 τῶν
935 3734 1096 3789 αὑτοῦ
1129 3737 1497 3806 προσάγοντες
1521 3738 1690 3808 αὑτῷ,
1715 3738 1907 3791 θᾶττον

341 3823 497 3892 μέντ’
531 3823 596 3877 ἂν
628 3823 910 3893 μισήσειεν
943 3823 976 3893 ἢ
1007 3825 1340 3895 ἀγαπήσειεν
1373 3825 1540 3896 ἡμᾶς,
1575 3827 1657 3880 ὅτι
1689 3827 1748 3879 τὸ
1786 3829 1906 3896 μεῖ-

341 3915 433 3978 ζον
469 3910 832 3982 ἀφαιροῦντες
873 3911 1162 3967 τοῦλαττον
1190 3913 1579 3985 παρέχομεν,ἢ
1619 3915 1818 3982 μᾶλλον
1848 3915 1908 3968 τὸ

341 4003 454 4055 πᾶν
485 4000 842 4071 ἀφαιροῦντες
866 4001 926 4054 τὸ
957 4001 1122 4072 μηδὲν
1149 4003 1479 4074 παρέχομεν.
1517 4003 1616 4073 Εἵη
1649 4003 1692 4056 δ’
1715 4004 1781 4058 ἂν
1799 4006 1909 4058 κάκ

339 4097 451 4148 τῶν
473 4095 762 4165 ἡμετέρων
788 4093 869 4147 ἔτι
899 4096 1238 4165 πραγμάτων
1273 4096 1638 4166 ἐναργέστερα
1665 4098 1732 4151 τὰ
1760 4097 1912 4167 λεγό-

345 4205 502 4258 μενα.
529 4183 701 4242 Οἶσθα
728 4187 836 4258 γὰρ
877 4187 952 4250 ὡς
978 4187 1108 4258 πρὶν
1137 4187 1170 4250 ἢ
1205 4191 1321 4251 ταῖς
1353 4188 1448 4241 τοῦ
1481 4189 1710 4256 Παλαμᾶ
1737 4207 1910 4262 προσ-

341 4281 566 4350 τεθῆναι
609 4279 994 4348 καινοφωνίαις
1031 4281 1206 4349 ἡμᾶς,
1255 4281 1458 4351 σφόδρα
1515 4297 1578 4350 γε
1618 4281 1678 4346 ἐξ
1724 4283 1910 4354 οὑρίας

342 4372 478 4440 ἡμῖν
509 4369 580 4422 τὰ
604 4371 704 4440 τῆς
749 4369 1092 4440 εὐδαιμονίας
1131 4369 1304 4438 ἔπλει,
1343 4371 1434 4424 καὶ
1468 4371 1622 4426 οὐδὲν
1657 4373 1910 4428 ἀντέπνει

342 4461 452 4514 τῶν
479 4459 672 4514 δεινῶν
719 4461 1089 4531 ἀντίπρωρον,
1120 4461 1256 4515 ἀλλὰ
1307 4463 1398 4516 καὶ
1441 4463 1532 4514 ὑπ’
1573 4462 1746 4517 ἀλλων
1774 4464 1913 4530 τέως

2009 1986 2299 2052 effecisse;
2345 1987 2690 2042 calamitates
2751 1986 2898 2041 enim
2953 1987 3006 2040 in
3061 2001 3162 2042 nos
3225 1987 3576 2055 ingruerunt,

2011 2079 2201 2147 quales
2249 2095 2316 2133 ne
2367 2078 2717 2133 audacissimi
2767 2078 2991 2148 quidem
3035 2078 3326 2134 homicidae
3375 2078 3430 2132 in
3465 2078 3576 2131 vita

2011 2172 2257 2240 perpessi
2285 2181 2433 2225 sunt.
2471 2172 2545 2226 Ex
2575 2187 2685 2241 quo
2716 2183 2898 2226 autem
2930 2182 3172 2242 tempore
3201 2187 3326 2228 cum
3359 2173 3573 2227 Palama

2011 2263 2137 2329 feci,
2178 2280 2244 2318 ex
2293 2278 2359 2318 co
2410 2264 2593 2318 statim
2637 2264 2986 2333 imperatoris
3029 2265 3326 2340 potentiam
3380 2275 3576 2320 nactus

2013 2369 2155 2409 sum.
2206 2371 2224 2405 ι

2080 2443 2220 2503 XIV.
2265 2445 2359 2501 Illa
2411 2455 2594 2504 autem
2640 2450 2946 2506 orationem
2989 2449 3270 2520 excipiens
3305 2450 3420 2505 haec
3462 2449 3578 2504 fere

2011 2539 2330 2606 respondit?
2369 2558 2386 2590 ι
2425 2539 2538 2610 Ego
2569 2557 2740 2610 pauca
2771 2543 3019 2612 qumdam
3053 2559 3118 2597 ex
3151 2543 3358 2598 nostris
3383 2542 3580 2596 huma-

2012 2627 2208 2697 nisque
2263 2630 2429 2686 rebus
2473 2648 2818 2703 proponam;
2852 2636 2942 2691 die
2978 2636 3124 2690 ettim
3174 2634 3332 2697 mihi,
3370 2635 3412 2687 si
3456 2634 3580 2702 quis

2011 2727 2326 2774 nostrorum
2381 2736 2665 2777 servorum
2719 2725 2870 2780 verbi
2916 2741 3080 2780 causa
3133 2725 3307 2779 vinea:
3358 2723 3440 2778 vel
3484 2723 3576 2776 alii

2010 2808 2225 2862 cuidam
2252 2821 2564 2867 nostrarum
2589 2815 2998 2885 possessionum
3025 2831 3055 2870 a
3087 2817 3242 2870 nobis
3262 2813 3576 2884 prazfectus,

2011 2895 2387 2956 doluinatione
2440 2902 2600 2957 nobis
2653 2905 2943 2959 manifesto
3005 2915 3233 2974 erepta.
3293 2904 3575 2973 parvulam

2011 2991 2306 3058 quamdam
2336 3003 2546 3062 partem
2573 2993 2789 3063 frugum
2823 2996 2946 3050 inde
2975 3006 3225 3050 natarum
3262 2995 3419 3049 nobis
3444 2992 3580 3061 pur-

2015 3084 2190 3149 beret,
2223 3101 2407 3141 nonne
2440 3088 2616 3158 majus
2663 3089 2716 3142 in
2749 3103 2873 3142 eum
2903 3089 3086 3142 odium
3133 3087 3575 3158 conciperemns,

2012 3193 2176 3247 quam
2219 3188 2379 3234 antea
2408 3195 2533 3236 eum
2567 3196 2904 3236 amassemus
2933 3182 2956 3235 ‘i
2987 3181 3100 3236 lloc
3135 3181 3278 3236 idcni
3309 3182 3475 3237 etiam
3509 3181 3578 3235 de

2014 3271 2179 3324 unico
2205 3270 2316 3324 Deo
2348 3279 2593 3326 statuere
2625 3273 2758 3326 mihi
2790 3274 2841 3326 in
2877 3285 3112 3328 mentem
3137 3275 3324 3339 venit;
3358 3274 3402 3327 si
3428 3274 3573 3327 enim

2014 3376 2112 3415 nos
2157 3376 2184 3414 a
2231 3361 2340 3415 Deo
2384 3363 2554 3417 tantis
2607 3361 2816 3419 divitiis
2851 3372 3108 3435 tantaque
3150 3366 3321 3436 gloria
3373 3368 3574 3431 ornati,
3658 3359 3659 3362 “

2013 3451 2390 3508 dominatione
2422 3453 2543 3524 ejus
2585 3454 2773 3510 multis
2795 3454 3174 3510 divinitatibus
3213 3465 3306 3510 aut
3343 3456 3431 3510 alii
3464 3456 3581 3511 Cui-

2014 3543 2137 3597 datn
2191 3545 2494 3614 operationi
2561 3547 2628 3600 ab
2677 3563 2743 3601 eo
2804 3547 3038 3604 diversa:
3092 3549 3235 3602 ultro
3290 3549 3573 3618 permissa,

2015 3637 2238 3704 parvula
2272 3637 2508 3706 quadam
2543 3647 2699 3707 parte
2732 3655 2894 3709 opum
2932 3639 3220 3710 praebenda
3260 3643 3420 3696 nobis
3448 3658 3575 3695 eum

2015 3726 2313 3802 conciliare
2347 3727 2686 3797 putabimus,
2713 3731 2949 3784 celerius
2973 3745 3102 3785 sane
3133 3748 3233 3787 nos
3260 3733 3387 3786 odio
3412 3748 3576 3797 quam

2016 3831 2203 3871 amore
2259 3827 2624 3887 persequetur
2667 3830 2959 3889 propterea
3000 3822 3145 3890 quod
3186 3823 3307 3892 plus
3339 3823 3388 3877 ci
3421 3824 3578 3878 dero-

2014 3925 2227 3979 gamus,
2259 3925 2422 3979 quam
2455 3910 2798 3978 exhibemus,
2826 3922 2919 3965 aut
2947 3913 3126 3980 potius
3148 3914 3292 3982 quod
3324 3916 3581 3972 ornnibns

2018 4002 2184 4056 rebus
2209 4002 2260 4056 ei
2294 4001 2612 4058 defraudato
2659 4005 2799 4058 nihil
2832 4004 3160 4074 praebemus.
3189 4005 3366 4062 Facile
3394 4019 3576 4064 autem

2017 4110 2082 4150 ex
2124 4104 2442 4150 nostrarum
2482 4112 2665 4150 rerum
2701 4098 3041 4163 conditione,
3071 4101 3215 4169 quod
3247 4101 3408 4155 modo
3442 4104 3578 4170 dixi,

2016 4187 2217 4242 clarius
2272 4189 2397 4242 erit.
2446 4187 2564 4243 Scis
2602 4189 2772 4252 enim,
2819 4199 3108 4260 antequam
3153 4191 3385 4248 Palama:
3442 4211 3580 4250 nova

2021 4288 2330 4333 commenta
2381 4280 2838 4351 amplexarentur,
2895 4297 3108 4337 summa
3152 4300 3274 4338 cutn
3323 4286 3581 4342 felicitate

2015 4371 2128 4442 98
2157 4372 2314 4442 quasi
2345 4373 2590 4429 secundo
2625 4384 2791 4430 vento
2833 4375 3052 4445 adjutas
3082 4388 3297 4432 nostras
3335 4394 3420 4434 res
3452 4395 3582 4448 pro-

2017 4463 2251 4519 cessisse
2300 4464 2546 4533 nihilqne
2595 4466 2875 4520 contrario
2905 4467 3142 4535 quodam
3176 4466 3305 4521 flatu
3349 4468 3584 4537 impedi-

346 4555 757 4625 βασιλευόμενοι
799 4553 975 4607 πλείω
1013 4553 1123 4607 τῶν
1158 4552 1550 4625 βασιλευόντων
1599 4557 1764 4626 ἡμεῖς
1812 4557 1911 4630 τὴν

2021 4563 2133 4609 tum
2179 4553 2369 4619 fuisse,
2414 4554 2510 4609 sed
2541 4555 2672 4610 licet
2708 4556 3026 4625 aliquandiu
3074 4557 3307 4612 aliorum
3351 4559 3582 4629 imperio

347 4647 500 4718 ἰσχὺν
548 4647 956 4716 ἔκαρποὺμεθα,
1008 4646 1195 4699 καὶτὸ
1224 4645 1323 4715 τῆς
1368 4645 1650 4718 βασιλικῆς
1700 4649 1914 4718 ἐκείνης

341 4739 499 4808 δόξης
530 4737 686 4799 κλέος
722 4737 907 4790 πλεῖον
932 4739 1064 4808 ἡμῖν
1089 4737 1121 4807 ἢ
1146 4739 1260 4799 τοῖς
1301 4738 1486 4808 ἔχουσι
1514 4739 1709 4810 περιῆν
1729 4756 1742 4770 ·
1771 4739 1915 4792 ὲκεί-

342 4846 450 4881 νων
477 4830 590 4899 γάρ
626 4829 908 4899 ἐνομίζετο
941 4831 1030 4882 καὶ
1075 4829 1232 4899 ἡμῶν
1279 4825 1370 4901 ἦν.
1433 4829 1555 4898 Ἀφ’
1593 4829 1654 4883 οῦ
1703 4829 1762 4883 δὲ
1803 4833 1913 4895 τοῖς

342 4916 487 4984 ἀμφὶ
514 4916 608 4968 τὸν
635 4916 895 4985 Παλαμᾶν
923 4917 1182 4988 φέροντες
1213 4919 1522 4988 συμμαχεῖν
1547 4918 1695 4988 ἡμᾶς
1723 4918 1916 4982 αὐτοὺς

341 5009 726 5079 ὲδεδώκειμεν,
761 5009 903 5064 κατὰ
930 5010 1156 5079 πόδαςή
1196 5010 1339 5073 τίσις
1382 5011 1546 5074 εὐθὺς
1586 5010 1871 5080 ἠκολούθει
1896 5028 1910 5044 ο

343 5103 524 5155 πᾶσαν
552 5102 654 5172 μὲν
684 5101 795 5172 γάρ
840 5101 1001 5164 εὐθὺς
1051 5102 1467 5171 κακοδαιμονίαν
1513 5101 1814 5171 συλλήϐδην
1840 5103 1919 5154 εῖ-

345 5198 467 5249 πεῖν
487 5195 916 5264 διηντλήκαμεν,
949 5195 1128 5248 πᾶσαν
1155 5193 1200 5247 δ’
1228 5195 1445 5264 ἐκείνην
1470 5192 1567 5263 τὴν
1590 5193 1745 5261 δόξαν
1779 5196 1918 5264 μετά

343 5285 438 5340 τοῦ
485 5286 722 5341 πλούτου
776 5287 980 5350 παντὸς
1026 5288 1157 5358 ἡμῖν
1214 5285 1649 5356 ἀποϐεϐληκέναι
1712 5284 1920 5356 ξυμπέ-

345 5395 555 5444 πτωκε,
609 5378 859 5450 καθάπερ
907 5381 1021 5442 τοῖς
1071 5379 1541 5450 διαγρηγορήσασι
1587 5379 1654 5432 τὰ
1697 5381 1756 5431 ἐν
1805 5380 1918 5444 τοῖς

348 5469 540 5532 ὕπνοις
567 5469 839 5540 ὀνείρατα.
869 5469 975 5523 Καὶ
1005 5470 1066 5522 τὸ
1096 5469 1193 5540 τῆς
1227 5469 1500 5540 βασιλείας
1534 5469 1581 5523 δ’
1625 5470 1723 5539 ὀψὲ
1757 5486 1918 5538 περι-

348 5559 689 5628 ζωσαμένοις
725 5559 924 5630 κράτος
952 5560 1140 5613 ἕπεται
1186 5560 1470 5631 δυστυχεῖν
1515 5563 1647 5632 ἡμῖν
1685 5561 1921 5633 ἀνακρὰ-

348 5666 460 5713 τοο,
513 5645 699 5717 οἶμαι,
752 5651 841 5704 διὰ
895 5652 957 5704 τὸ
1012 5650 1087 5721 μὴ
1138 5651 1238 5724 τὴν
1304 5653 1585 5723 βασιλικὴν
1639 5655 1790 5722 ἰσχὺν
1839 5654 1920 5716 εἰς

347 5741 658 5810 διόρθωσιν,
692 5741 805 5794 ἀλλ’
840 5745 916 5805 εἰς
949 5743 1188 5812 διωγμὸν
1217 5745 1473 5798 ἐκκενοῦν
1512 5745 1621 5797 τῶν
1651 5745 1790 5814 ὑπὲρ
1821 5747 1919 5816 τῆς

355 5832 590 5904 πατρίου
618 5831 883 5901 λεγόντων
915 5835 1372 5898 πίστεω;.,Ταῦτα
1409 5838 1455 5890 δ’
1488 5838 1546 5890 οὑ
1581 5837 1918 5908 συλλέγουσα

2017 4645 2254 4716 subjecti
2297 4660 2566 4709 essemus,
2614 4648 2818 4715 majore
2865 4658 3045 4703 tamen
3100 4651 3364 4719 potentia,
3417 4666 3579 4719 quam

2014 4732 2118 4805 ipsi
2163 4735 2495 4805 imperantes
2532 4736 2871 4804 fruebamur,
2906 4740 3172 4810 nobisque
3207 4742 3379 4812 gloria
3414 4743 3583 4810 impe-

2015 4828 2236 4882 ratoria:
2265 4829 2548 4898 dignitatis
2578 4831 2749 4902 major
2773 4832 3024 4900 contigit,
3043 4849 3206 4902 quam
3241 4833 3439 4903 iis,qui
3464 4850 3582 4888 eam

2015 4919 2390 4990 possidebant.
2409 4920 2627 4974 Illorum
2651 4923 2798 4975 enim
2815 4924 3111 4990 putabatur
3127 4939 3246 4980 esse
3265 4926 3580 4995 imperium,

2015 5019 2075 5064 et
2127 5021 2378 5066 nostrum
2431 5020 2571 5068 erat.
2619 5011 2694 5066 Ex
2727 5029 2838 5082 quo
2883 5030 3017 5069 vero
3075 5025 3319 5086 tempore
3366 5032 3466 5072 nos
3517 5017 3584 5072 ad

2019 5105 2252 5160 Palamze
2296 5115 2478 5174 partes
2507 5107 2894 5177 applieuimus,
2927 5123 3088 5179 pinna
3117 5125 3146 5162 e
3176 5111 3403 5181 vestigio
3447 5110 3588 5165 insc—

2018 5207 2145 5252 cnta
2191 5206 2296 5253 est.
2323 5197 2517 5252 Omnia
2557 5199 2730 5265 enim,
2765 5207 2824 5252 ut
2852 5200 3098 5255 breviter
3123 5201 3326 5266 dicam,
3353 5201 3587 5266 infortu—

2020 5289 2111 5342 nia
2162 5288 2345 5343 statim
2387 5289 2794 5344 exantlavimus
2823 5329 2837 5353 ,
2893 5293 3076 5346 omnis
3122 5292 3214 5346 illa
3266 5292 3436 5371 gloria
3483 5309 3587 5344 una

2019 5398 2144 5437 cum
2179 5383 2386 5436 divitiis
2411 5383 2571 5436 nobis
2594 5383 2798 5437 excidit
2824 5385 3017 5438 eodem
3047 5385 3230 5452 modo,
3259 5400 3369 5456 quo
3394 5400 3589 5452 exper-

2022 5473 2189 5528 rectis
2215 5473 2448 5526 somnia.
2478 5473 2895 5541 lmperatoriam
2944 5474 3267 5545 dignitatem
3307 5490 3431 5529 sero
3461 5474 3586 5542 qni-

2023 5566 2144 5615 dem
2196 5561 2340 5615 nacti
2393 5561 2542 5614 omni
2580 5561 2632 5614 vi
2685 5562 3069 5617 conﬂictamur
3111 5566 3275 5618 rebus
3313 5560 3584 5624 adversis,

2022 5654 2171 5707 nulla
2201 5653 2303 5707 alia
2338 5669 2403 5706 ex
2445 5667 2630 5716 causa,
2665 5654 2883 5723 opinor,
2918 5670 3082 5724 quam
3114 5653 3258 5722 quod
3296 5653 3588 5719 imperato-

2021 5745 2156 5798 riam
2187 5751 2510 5812 potcstatem
2555 5758 2662 5797 non
2705 5744 2768 5797 ad
2812 5745 3124 5812 dogmatum
3159 5740 3584 5806 correctionem,

2023 5835 2115 5891 scd
2153 5835 2217 5889 ad
2251 5835 2689 5905 persecutionem
2725 5851 2918 5890 eorum
2949 5835 3306 5904 conferimus,
3339 5831 3434 5904 qui
3485 5846 3591 5901 ινα--
