4070 6326
464 320 538 389 87
1671 324 2093 389 NICEPHORI
2132 329 2517 393 GREGORIE
3648 318 3714 382 88

466 432 524 489 Si
581 434 689 489 hoc
742 434 816 490 ita
847 445 968 502 est,
1007 438 1237 492 multmn
1270 436 1489 503 aberit,
1522 449 1582 494 ut
1610 440 1847 507 alterum
1901 441 2042 497 alter

2149 445 2309 512 οὕτω,
2356 442 2553 500 πολλοῦ
2606 444 2756 514 μέντ’
2784 441 2849 497 ἂν
2892 440 3103 511 δείσειε
3146 442 3212 495 τὰ
3254 440 3452 509 ἐτέρων
3497 434 3715 507 ἐτέρους

466 525 786 595 perspiciat.
823 529 932 585 Deo
960 530 1109 585 enim
1143 530 1247 585 soli
1282 530 1387 586 hoc
1409 532 1749 588 inaccessum
1785 543 2039 588 servatur

468 626 635 683 atque
669 619 901 687 regitur.
935 622 1028 690 qui
1061 621 1340 677 hominem
1374 623 1514 678 bene
1548 622 1839 695 facientem
1873 624 2039 679 vitam

468 718 726 763 acturum
790 710 1221 781 placidissimam
1277 730 1466 786 pacem
1517 716 1819 785 spirantem
1882 717 2039 792 103

471 799 763 866 promisit,
800 816 962 857 secus
996 814 1178 859 autem
1217 816 1468 875 agentem
1504 809 1672 862 etiam
1708 811 2039 863 contrariam

474 888 599 946 vitae
644 905 850 948 sortem
893 895 1231 951 habiturum.
1276 898 1467 969 Neque
1512 916 1642 956 vero
1693 900 1918 958 minima
1957 908 2043 956 est

471 984 557 1035 vel
593 983 855 1053 ignobilis
907 987 1263 1054 diﬁ'erentia,
1300 1006 1421 1060 qua:
1473 991 1705 1048 interest
1748 993 1895 1048 inter
1940 993 2043 1047 bo-

471 1091 605 1129 num
635 1085 691 1130 et
723 1076 928 1133 bonum
959 1088 1127 1150 atque
1161 1084 1304 1137 inter
1341 1083 1543 1138 malum
1575 1094 1631 1140 et
1661 1085 1885 1140 malum.
1913 1083 2045 1140 Om-

474 1164 628 1217 nium
661 1165 812 1219 enim
844 1166 1117 1224 bonorum
1145 1171 1415 1240 Optimum
1446 1182 1611 1242 atque
1647 1173 1884 1244 primum
1918 1186 2041 1227 esse

472 1258 834 1327 cognovimus
882 1260 1143 1331 pietatem
1192 1278 1322 1335 erga
1372 1263 1542 1319 Deum
1574 1275 1631 1319 et
1661 1265 2039 1334 incorruptam

476 1350 661 1406 ﬁdem.
683 1350 779 1407 llle
810 1354 983 1419 enim,
1023 1356 1269 1421 «Amato,
1298 1357 1497 1427 inquit,
1527 1357 1841 1425 Dominum,
1870 1359 2042 1414 Deum

477 1450 632 1496 tttum
670 1458 737 1498 ex
780 1444 977 1499 intimo
1020 1446 1190 1501 corde
1230 1455 1394 1515 atque
1430 1448 1675 1511 animo,»
1715 1458 1770 1503 et
1809 1463 2040 1503 rursus:

479 1532 768 1588 tAdorato
804 1535 1116 1603 Dominum,
1150 1537 1318 1593 Deum
1363 1548 1515 1592 tuum
1580 1554 1818 1607 eumque
1866 1539 2042 1593 solum

472 1625 683 1692 colito;
717 1644 736 1678 ›
766 1624 935 1680 alimn
973 1627 1120 1682 enim
1157 1630 1336 1683 colere
1369 1640 1455 1683 est
1490 1645 1579 1684 res
1614 1640 1827 1685 creatas
1863 1630 2047 1685 colere

475 1718 661 1782 potius
695 1733 858 1786 quam
899 1730 1229 1776 creatorem.
1276 1721 1572 1789 Perspeeta
1609 1720 1707 1775 tibi
1744 1721 1856 1775 erit
1891 1720 2043 1775 omni

2144 540 2347 595 είδέναι
2372 540 2523 593 ποτέ.
2556 538 2677 608 Θεῷ
2706 539 2814 608 γὰρ
2848 538 2995 608 μόνῳ
3023 534 3166 588 τοῦτ’
3197 534 3456 602 άπρόῖτον
3480 530 3717 598 τετήρη-

2141 634 2326 701 ταίγε
2366 633 2462 688 καὶ
2493 632 2863 702 τεταμίευται,
2906 628 3237 699 Ἀνθρώπων
3283 627 3329 679 δ’
3372 626 3429 688 ὃς
3469 623 3534 677 ἂν
3569 621 3718 691 δρῴη

2141 725 2380 793 τάγαθὰ,
2413 725 2645 777 πνέοντα
2687 723 2802 792 βίον
2832 722 3058 793 εἰρήνης
3086 716 3228 771 εἷναί
3248 718 3302 770 ὀί
3334 714 3716 784 ὑπεσχημένον

2142 817 2349 871 ἐκεῖθεν
2402 817 2550 886 βιοῦν
2575 832 2588 848 ·
2619 815 2678 880 ὃς
2704 816 2751 869 δ’
2779 814 2873 869 οὖν
2903 812 3180 875 τάναντία,
3200 811 3373 880 τούτῳ
3413 808 3458 861 δ’
3493 802 3563 861 αὖ
3591 808 3692 859 τάν

2142 909 2326 964 αντία.
2375 906 2526 963 Εἶναι
2565 908 2609 961 δ’
2656 907 2719 961 οὐ
2751 910 2892 962 πάνυ
2939 923 2993 959 τι
3042 903 3334 974 ἐλαχίστην
3370 901 3479 955 οὐδ’
3520 898 3716 966 ἀγεννῆ

2141 1017 2265 1054 τινα
2294 1001 2395 1073 τὴν
2438 1000 2640 1071 μεταξὺ
2681 1000 2966 1068 διαφορὰν,
3003 997 3070 1066 ῆν
3114 995 3296 1063 ἀγαθά
3339 1010 3397 1045 τε
3434 991 3550 1061 ἔχει
3584 988 3719 1057 πρὸς

2143 1094 2326 1163 ἀγαθά
2360 1094 2450 1148 καὶ
2494 1094 2560 1165 ἣν
2590 1089 2657 1146 αὖ
2690 1092 2857 1146 κακία
2899 1090 3035 1160 πρὸς
3072 1088 3291 1143 κακίαν.
3340 1084 3591 1149 ’Δγαθών
3622 1083 3720 1151 μὲν

2144 1188 2255 1257 γὰρ
2284 1188 2540 1241 ἁπάντων
2569 1187 2861 1256 κράτιστόν
2891 1199 2950 1237 τε
2988 1184 3082 1235 καὶ
3126 1180 3437 1250 πρώτιστον
3466 1177 3719 1241 ἔγνωμεν

2145 1271 2287 1329 εἶναι
2325 1275 2424 1346 τὴν
2452 1274 2589 1345 πρὸς
2616 1273 2749 1328 Θεὸν
2788 1270 3069 1325 εὐσέϐειάν
3102 1286 3163 1321 τε
3201 1266 3296 1320 καὶ
3337 1261 3721 1328 ἀκαπήλευτον

2147 1367 2351 1423 πίστιν.
2407 1383 2426 1418 ι
2458 1366 2795 1433 ’Δγαπήσεις
2834 1363 2964 1431 γὰρ.
3004 1360 3162 1431 φησὶ,
3218 1356 3424 1426 Κύριον
3457 1353 3547 1405 τὸν
3585 1348 3720 1402 Θεόι

2147 1476 2242 1512 σου
2274 1456 2333 1524 ἐξ
2364 1456 2494 1528 ὅλης
2514 1456 2691 1526 ψυχῆς
2744 1454 2839 1509 καὶ
2880 1453 2938 1517 ἐξ
2971 1452 3099 1519 ὅλης
3126 1453 3226 1519 τῆς
3272 1446 3510 1507 διανοίας
3541 1460 3659 1503 σου,
3695 1460 3713 1492 ι

2146 1548 2245 1603 καὶ
2281 1546 2468 1612 πάλιν,
2515 1564 2534 1598 ι
2574 1546 2779 1615 Κύριον
2816 1544 2907 1598 τὸν
2948 1543 3082 1596 Θεόν
3143 1558 3239 1594 σου
3295 1536 3720 1608 προσκυνήσεις.

2147 1643 2245 1697 καὶ
2281 1640 2431 1712 αῦτῷ
2475 1643 2623 1711 μόνῳ
2657 1639 2996 1708 λατρεύσεις.
3035 1654 3056 1689 ι
3099 1635 3174 1689 Τὸ
3200 1633 3309 1702 γάρ
3341 1631 3485 1699 ἄλλῳ
3518 1647 3596 1696 τῳ
3623 1627 3723 1678 λαο

2147 1733 2363 1806 τρεύειν
2419 1736 2487 1804 τῇ
2542 1732 2719 1786 κτίσει
2774 1730 2926 1798 παρὰ
2981 1728 3075 1783 τὸν
3126 1726 3390 1781 κτίσαντα
3435 1719 3723 1788 λατρεύειν

471 1826 536 1864 ev
593 1821 747 1877 parte
792 1810 1063 1865 bonorum
1111 1812 1456 1877 differentia,
1503 1812 1547 1867 si
1592 1827 1655 1866 ea
1687 1811 2042 1866 enumerahis

2149 1826 2281 1880 ἐστί.
2313 1822 2599 1894 Γνώριμον
2620 1823 2666 1876 δ’
2689 1822 2755 1875 ἂν
2785 1821 2872 1890 εἴη
2901 1836 2984 1873 σοι
3012 1819 3233 1879 πάντως
3268 1817 3300 1885 ἡ
3327 1813 3435 1866 τῶν
3460 1809 3722 1864 τοιούτων

471 1903 737 1971 deinceps
767 1918 833 1956 ex
864 1903 1053 1957 inﬁmo
1081 1903 1251 1972 gradu
1286 1914 1448 1973 atque
1483 1904 1866 1958 fundamento.
1896 1902 2044 1957 Con-

474 2002 554 2050 tra
582 2009 720 2047 vero
746 1993 990 2047 omnium
1025 1994 1289 2047 malorum
1337 1994 1633 2064 pessimum
1683 2005 1765 2047 est
1805 1994 2041 2047 secessio

473 2105 502 2141 ιι
546 2086 654 2140 Deo
678 2127 692 2149 ,
726 2087 885 2155 t-ujus
930 2086 1147 2155 signum
1180 2094 1346 2155 alque
1383 2086 1645 2139 indicium
1686 2085 2041 2140 manifestum

476 2186 560 2232 est
594 2176 897 2246 patriorum
935 2187 1337 2246 pneceptorum
1373 2189 1539 2247 atque
1576 2179 1756 2248 legum
1793 2178 2039 2244 abolitio,

473 2282 594 2339 qttte
644 2268 700 2321 ﬁt
749 2267 1140 2322 additatnentis
1189 2278 1241 2322 et
1288 2268 1733 2339 ademptionibus
1781 2286 1883 2325 nec
1933 2285 2041 2324 non

477 2359 894 2428 impudentibus
927 2359 1189 2429 periuriis
1222 2376 1415 2414 eorum
1444 2404 1457 2426 ,
1488 2362 1580 2430 qui
1620 2377 1745 2415 cum
1782 2363 1893 2416 Deo
1927 2363 2045 2417 bel-

475 2452 613 2511 lant.
663 2451 854 2521 Neque
906 2457 1054 2507 cnim
1102 2454 1393 2522 quisquam
1440 2454 1613 2508 Deum
1648 2454 1952 2525 peierabit,
1986 2454 2042 2510 in

472 2548 632 2612 cujus
674 2547 859 2602 animo
892 2545 964 2616 pii
998 2547 1050 2600 in
1092 2546 1258 2605 Deum
1295 2562 1490 2601 sensus
1519 2548 1735 2602 ardent.
1773 2549 2045 2602 Accurate

477 2638 531 2693 id
576 2635 733 2690 facile
780 2637 1121 2693 intellexeris
1150 2636 1195 2691 si
1232 2646 1445 2692 veteres
1475 2637 1692 2693 Judteos
1726 2637 1779 2690 in
1811 2652 2042 2691 examen

475 2729 726 2793 vocaris,
760 2728 853 2797 qui
886 2743 1011 2783 eum
1046 2727 1140 2783 Dei
1189 2730 1566 2783 reverentiam
1611 2730 1675 2782 ad
1722 2730 2046 2799 peregrinos

477 2826 610 2878 deos
655 2824 1090 2889 transtulerunt,
1123 2824 1308 2885 statim
1366 2827 1418 2878 in
1464 2823 1787 2879 servitutem
1836 2824 2047 2894 redige-

476 2916 678 2970 hantur
700 2933 728 2971 a
762 2917 1015 2971 ﬁnitimis
1045 2919 1326 2988 gentibus,
1355 2910 1588 2988 quarum
1620 2918 1831 2973 domini
1861 2927 2042 2983 erant,

476 3008 721 3078 quandiu
755 3010 841 3078 pie
874 3010 945 3063 de
975 3008 1088 3065 Deo
1120 3019 1453 3076 senserunt;
1489 3011 1579 3064 ubi
1615 3023 1797 3066 autem
1826 3012 1950 3080 pius
1978 3010 2045 3065 iis

475 3111 598 3157 erat
645 3102 942 3171 princeps,
991 3118 1189 3157 rursus
1236 3104 1555 3173 superiores
1601 3104 1852 3161 hostibus
1885 3103 2047 3176 104

476 3208 659 3250 erant.
707 3194 886 3265 Atque
936 3208 992 3251 ut
1026 3207 1211 3253 vetera
1244 3197 1586 3260 omittamus,
1616 3199 2041 3253 Constantinum

477 3289 731 3360 Magnum
763 3289 906 3346 inter
936 3292 1297 3360 imperatores
1326 3290 1661 3355 consideres,
1695 3307 1900 3361 quaaso,
1933 3291 2043 3354 cui,

478 3398 602 3437 cum
636 3383 846 3437 cultum
886 3382 1114 3437 deorum
1139 3422 1152 3445 ,
1193 3399 1302 3453 quo
1337 3383 1561 3452 quidem
1600 3384 1823 3439 nomine
1856 3398 2050 3453 perpe-

480 3492 595 3529 ram
627 3476 1108 3544 nnncUpabantm',
1136 3475 1201 3528 ad
1232 3491 1422 3528 verum
1454 3475 1622 3528 Deum
1651 3473 2043 3538 transtulisset,

477 3568 745 3638 contigit,
790 3578 850 3621 ιιι
887 3567 1180 3641 ampliores
1221 3566 1435 3635 imperii
1481 3565 1619 3625 ﬁnes
1653 3582 1816 3635 quam
1857 3579 2048 3619 omnes

481 3671 608 3715 ante
642 3676 768 3714 eum
802 3660 1165 3728 imperatores
1200 3660 1305 3713 sibi
1336 3659 1664 3714 vindicaret.
1702 3656 2049 3729 Imperatori-

480 3753 585 3806 bus
620 3763 802 3806 antetn
840 3761 961 3821 post
993 3766 1156 3815 eum,
1193 3750 1287 3820 qui
1329 3749 1715 3806 haereticorum
1758 3749 2049 3817 Opinioncs

482 3846 538 3901 in
577 3846 759 3899 divina
801 3845 926 3899 ﬁdei
963 3843 1218 3913 dogmata
1256 3843 1517 3898 inducere
1548 3844 1851 3910 Deumque,
1883 3855 2046 3909 quem

480 3952 539 3992 se
567 3935 831 3991 extremis
863 3935 1034 3989 labris
1073 3935 1257 3989 colere
1293 3934 1593 3997 dicebant,
1628 3934 1872 4002 peierare
1914 3929 2051 3987 inci-

483 4028 741 4097 piebant,
774 4028 956 4082 statim
987 4026 1307 4096 magnitudo
1339 4026 1431 4080 illa
1459 4025 1676 4094 imperii
1702 4023 1770 4077 ab
1800 4021 2051 4077 hostibus

480 4121 686 4176 sensim
728 4120 1097 4190 paulatimque
1134 4118 1546 4175 diminuebatur

554 4305 716 4363 XVII.
773 4304 879 4357 Sed
916 4304 1139 4372 longum
1180 4311 1397 4370 tempus
1435 4315 1522 4355 me
1555 4298 1844 4364 deﬁceret,
1878 4299 1922 4355 si
1960 4315 2054 4355 ve-

486 4406 601 4452 tera
637 4405 691 4449 et
728 4395 970 4448 recentia
1023 4394 1275 4461 cxeuqtla
1325 4392 1391 4445 ad
1443 4391 1731 4445 veritatem
1776 4391 2051 4446 dictorum

2144 1918 2367 1982 ἀγαθῶν
2405 1919 2470 1971 ἐκ
2512 1918 2622 1970 τῶν
2675 1913 2901 1985 βαθμῶν
2951 1910 3077 1981 ἑξῆς
3121 1911 3217 1963 καὶ
3264 1906 3588 1962 ύποϐάσεων
3623 1902 3723 1969 τῆς

2143 2010 2579 2083 ἁπαριθμήσεως
2612 2008 2868 2079 διαφορά.
2901 2005 3102 2060 Κακῶν
3141 2003 3185 2056 δ’
3231 1997 3299 2055 αὖ
3351 1998 3610 2054 ἁπάντων
3652 1993 3720 2047 ἂν

2143 2103 2227 2173 εἴη
2258 2102 2517 2157 κάκιστον
2553 2104 2615 2156 ἐκ
2644 2100 2931 2169 διαμέτρου
2952 2097 3170 2159 πάντως
3198 2097 3227 2149 ὁ
3252 2091 3389 2148 Θεοῦ
3416 2086 3718 2161 χωρισμὸς.

2142 2190 2202 2245 οὗ
2234 2194 2459 2261 σημεῖον
2492 2192 2583 2243 καὶ
2625 2188 2915 2257 γνώρισμα
2944 2185 3218 2258 προφανὲς
3255 2184 3287 2252 ὴ
3320 2180 3429 2235 τῶν
3470 2177 3717 2248 πατρίων

2144 2285 2386 2337 κανόνων
2411 2284 2503 2336 καὶ
2543 2284 2722 2352 νόμων
2756 2280 3034 2350 ἀθέτησις,
3074 2276 3143 2347 ἢν
3172 2268 3497 2347 προσθέσεσί
3533 2286 3594 2325 τε
3633 2267 3723 2335 γί-

2144 2376 2330 2430 νεσθαι
2382 2376 2472 2430 καὶ
2517 2374 2839 2444 ὑφαιρέσεσι
2889 2373 3001 2435 τοῖς
3048 2368 3340 2437 θεομάχοις
3391 2365 3718 2430 συμπίπτει,

2145 2468 2239 2521 καὶ
2290 2465 2409 2536 ἅμα
2460 2469 2576 2529 ταῖς
2634 2464 2905 2517 ἁναιδέσιν
2943 2459 3271 2530 ἐπιορκίαις.
3324 2456 3461 2513 Οὐδὲ
3500 2456 3611 2523 γὰρ
3656 2454 3723 2508 ἂν

2144 2559 2469 2629 ἐπιορκῆσαί
2503 2575 2631 2611 ποτε
2662 2557 2871 2625 γένοιτο
2899 2552 3054 2619 Θεὸν,
3078 2552 3187 2622 ὅτῳ
3218 2550 3284 2604 ἂν
3310 2548 3553 2610 εὐσεϐεῖς
3595 2547 3724 2616 περὶ

2136 2655 2285 2709 Θεοῦ
2308 2654 2405 2716 τὰς
2431 2651 2726 2723 ὑπολήψεις
2750 2654 2808 2703 ἐν
2830 2646 3031 2719 καρδίᾳ
3060 2644 3417 2716 περιθάλπειν
3448 2640 3506 2711 [ί.
3532 2640 3635 2693 1ἓο
3664 2635 3722 2708 α]

2145 2748 2312 2819 ἐνείη.
2353 2746 2560 2808 Μάθοις
2604 2744 2649 2797 δ’
2695 2742 2761 2798 ἂν
2808 2739 3090 2812 ἀκριϐῶς,
3136 2735 3404 2791 Ἰουδαίων
3449 2732 3722 2798 ἐξετάζων

2145 2837 2272 2901 τοὺς
2309 2835 2496 2897 πάλαι,
2539 2829 2621 2897 οἷς
2662 2833 2723 2885 τὸ
2770 2829 2863 2884 τοῦ
2905 2828 3041 2881 Θεοῦ
3084 2826 3246 2890 σέϐας
3286 2826 3365 2888 είς
3404 2822 3723 2891 ἀλλοτρίους

2148 2927 2592 3001 μετατιθεμένοις
2626 2923 2778 2983 θεοὺς
2806 2919 3014 2981 δούλοις
3040 2918 3203 2980 εὐθὺς
3230 2912 3722 3001 καθίστασθαιῗτῶν

2146 3000 2446 3091 περιοίκων
2484 3016 2813 3070 συνέπιπτεν
2846 3010 3035 3071 ἐθνῶν,
3077 3004 3151 3062 ὧν
3200 3006 3552 3065 εὐσεϐοῦντες
3583 3000 3722 3076 ἦσαν

2147 3113 2424 3179 δεσπόται,
2459 3106 2726 3179 ἡγεμόνος
2754 3104 2797 3157 δ’
2826 3098 2981 3164 αὖθις
3020 3098 3274 3161 εὐσεϐοῦς
3297 3097 3718 3169 καθισταμένου,

2150 3203 2381 3259 καὶτῶν
2414 3200 2667 3255 ἐναντίων
2714 3193 2869 3258 αὖθις
2909 3194 3235 3265 ύπερτέροις
3275 3189 3522 3260 γίνεσθαι
3560 3188 3719 3242 καθί-

2149 3313 2334 3351 στατο.
2380 3294 2484 3348 Καὶ
2514 3295 2603 3347 ἵνα
2646 3291 2773 3352 τοὺς
2816 3288 2982 3340 πάλαι
3045 3285 3452 3355 καταλίπωμεν,
3481 3284 3582 3355 ὅρα
3629 3300 3719 3352 μοι

2150 3390 2555 3445 Κωνσταντίνον
2592 3385 2684 3437 τὸν
2736 3384 2906 3453 μέγαν
2961 3382 3020 3433 ἐν
3070 3377 3402 3450 βασιλεῦσιν,
3441 3370 3485 3443 ᾧ
3521 3376 3582 3429 τὸ
3616 3380 3722 3427 τῂν

2147 3480 2516 3553 ιξευδωνύμων
2552 3476 2712 3538 σέϐας
2750 3477 2828 3537 εἰς
2857 3475 2949 3526 τὸν
2981 3472 3155 3543 ἀληθῆ
3179 3472 3558 3539 μετενεγκόντι
3588 3467 3721 3521 Θεὸν

2148 3574 2395 3636 πλείονος
2430 3570 2634 3641 ἦκατά
2667 3568 2878 3628 πάντας
2924 3564 3051 3621 τοὺς
3104 3563 3211 3635 πρὸ
3261 3561 3424 3615 αὑτοῦ
3466 3560 3719 3631 βασιλέας

2150 3663 2315 3732 ἄρξαι
2364 3662 2554 3729 γέγονε
2596 3656 2720 3726 γῆς.
2775 3655 2932 3709 Ἀλλὰ
2970 3654 3081 3718 τοῖς
3144 3650 3261 3722 μετ’
3308 3652 3514 3705 ἐκεῖνον
3555 3649 3718 3711 εὐθὺς

2149 3753 2347 3826 ἀρξασί
2400 3768 2459 3804 τε
2507 3749 2599 3802 καὶ
2652 3747 2976 3819 ἀρξαμένοις
3014 3747 3113 3806 τὰς
3162 3743 3405 3813 αἱρέσεις
3444 3742 3582 3795 κατά
3611 3742 3719 3795 τῶν

2153 3848 2313 3901 θείων
2368 3843 2653 3913 δογμάτων
2704 3839 2947 3907 εἰσάγειν
3002 3841 3100 3908 τῆς
3146 3836 3402 3899 πίστεως,
3455 3835 3547 3886 καὶ
3589 3834 3721 3887 Θεὸν

2152 3939 2431 4008 ἐπιορκεῖν
2474 3935 2533 3989 ὃν
2583 3934 2771 4002 ἄκροις
2815 3930 3052 3999 ἔερασκον
3094 3928 3276 3980 σέϐειν
3316 3929 3427 3989 τοῖς
3462 3926 3719 3996 χείλεσιν,

2152 4031 2315 4094 εὐθὺς
2369 4030 2462 4081 καὶ
2510 4026 2570 4079 τὸ
2614 4026 2713 4095 τῆς
2765 4023 2939 4092 ἀρχῆς
2976 4021 3188 4088 ἐκείνης
3230 4019 3333 4072 ὑπὸ
3363 4020 3468 4072 τῶν
3508 4018 3721 4088 ἐχθρῶν

2150 4122 2336 4195 ἡρέμα
2381 4122 2472 4174 καὶ
2517 4117 2661 4171 κατὰ
2712 4115 2906 4186 μικρὸν
2938 4112 3264 4183 ζημιοῦσθαι
3307 4112 3587 4167 συνέϐαινε
3622 4110 3722 4181 μέ-

2152 4217 2337 4286 γεθος.

2226 4305 2326 4364 lZ'.
2368 4305 2511 4360 Ἀλλ’
2546 4307 2574 4359 ὁ
2609 4303 2817 4374 μακρὸς
2857 4300 3121 4369 ἐπιλείψει
3148 4316 3216 4369 με
3252 4298 3442 4369 χρόνος
3473 4296 3724 4351 παλαιῶν

2155 4417 2214 4454 τε
2241 4400 2337 4454 καὶ
2366 4399 2503 4453 νέων
2544 4397 2957 4465 ὑποδειγμάτων
2985 4391 3294 4462 μεμνῆσθαι
3326 4391 3456 4459 πρὸς
3488 4388 3587 4457 τὴν
3615 4389 3723 4442 τῶν

485 4485 919 4542 conﬁrmandam
982 4485 1227 4554 proferre
1279 4484 1517 4551 vellem,
1575 4484 1628 4538 id
1681 4485 1829 4554 quod
1885 4484 2046 4538 etiam

2158 4492 2462 4564 εἰρημένων
2508 4490 2764 4559 ἀληθειαν
2819 4487 3063 4540 θέλοντα.
3094 4484 3266 4537 Τοῦτο
3297 4482 3342 4536 δ’
3377 4483 3437 4535 ού
3488 4484 3632 4535 πάνυ
3671 4499 3724 4533 τι

487 4581 646 4649 plane
672 4579 740 4631 ab
768 4577 1013 4631 historia:
1040 4576 1390 4646 simplicitate
1415 4577 1650 4629 alienmn
1676 4587 1843 4631 esset.
1873 4576 2051 4642 Quare

486 4671 590 4725 hoc
619 4677 836 4724 tantum
865 4668 1029 4723 dictis
1051 4667 1247 4721 addam
1280 4667 1610 4737 dicendique
1642 4669 1800 4722 ﬁnem
1834 4668 2049 4722 faciam.

485 4764 835 4832 Cognoscere
867 4761 1014 4813 enim
1070 4762 1293 4822 studes,
1328 4760 1604 4831 quomodo
1635 4760 1762 4824 ﬁat,
1797 4769 1890 4822 ut,
1925 4775 2050 4814 eum

488 4856 894 4926 imperatores,
930 4854 1186 4922 quamvis
1233 4855 1497 4908 continuo
1541 4853 1908 4923 improbitatis
1950 4867 2051 4906 au-

484 4958 666 5002 etores
696 4944 844 5010 sintl,
879 4944 1106 4999 minima
1142 4953 1322 4998 tamen
1357 4946 1495 4999 mala
1528 4944 1801 5001 interdum
1839 4944 2050 5013 patian-

486 5050 599 5103 tur,
633 5037 868 5107 subjecti
901 5037 970 5091 iis
1002 5036 1255 5092 homines
1287 5036 1691 5105 multiplicibus
1733 5034 2056 5089 calamitati-

490 5130 598 5185 bus
626 5129 1035 5194 conﬁictentur,
1056 5127 1187 5182 licet
1216 5142 1437 5198 parvam
1463 5128 1694 5181 fortasse
1726 5138 1817 5181 aut
1848 5128 2054 5180 nullam

486 5226 651 5282 aliam
699 5223 917 5292 culpam
966 5222 1294 5287 attulerint,
1331 5222 1434 5277 nisi
1473 5220 1619 5290 quod
1655 5221 1861 5273 conscii
1898 5228 2057 5273 erant

487 5329 543 5376 et
574 5324 724 5369 metu
760 5317 936 5370 coacti
970 5314 1109 5371 socii
1143 5314 1541 5384 improbitatis.
1593 5312 1658 5367 Ut
1697 5313 1862 5380 igitur
1897 5313 2054 5369 inuiti

488 5420 738 5465 veterum
778 5407 1045 5461 librorum
1098 5408 1417 5477 adjumeuta
1449 5421 1555 5459 non
1587 5406 1781 5475 exigua
1828 5405 1893 5459 ad
1939 5409 2057 5477 ejus

490 5502 571 5558 rei
629 5501 999 5570 cognitionem
1068 5500 1231 5554 nobis
1289 5500 1594 5553 attulerunt
1652 5507 1707 5552 et
1767 5499 2029 5555 diuturna

493 5603 681 5653 nostra
727 5592 883 5662 105
924 5592 1263 5662 experientia
1319 5604 1601 5662 utcunque
1656 5608 1754 5646 nos
1797 5593 2056 5654 edocuit,

492 5685 756 5746 Dominus
805 5685 872 5737 iis
917 5683 1295 5753 principibus,
1328 5684 1422 5753 qui
1475 5701 1582 5739 non
1630 5686 1778 5740 onmi
1812 5702 1875 5740 cx
1909 5695 2060 5755 parte

495 5789 715 5835 causam
766 5782 928 5849 atque
977 5773 1257 5834 licentiam
1316 5775 1688 5850 improbitatis
1744 5777 2056 5842 dederunt,

2158 4585 2462 4655 συγχωρεῖν
2502 4582 2599 4652 τὴν
2630 4581 2731 4648 τῆς
2768 4579 3011 4646 ίστορίας
3035 4576 3335 4644 ἁπλότητα.
3369 4575 3462 4627 Διὸ
3485 4579 3595 4636 τοῖς
3628 4575 3725 4643 ρη-

2157 4680 2327 4733 οεϊσιν
2375 4680 2551 4731 ἐκεῖνο
2585 4676 2745 4745 μόνον
2775 4671 3033 4743 προσθεὶς
3075 4668 3481 4737 ἀπαλλάξομαι.
3518 4666 3727 4720 Μαθεῖν

2156 4771 2264 4841 γὰρ
2293 4770 2580 4838 ἐζητήκεις
2610 4768 2703 4819 καὶ
2741 4764 2891 4825 ὅπως
2929 4763 3038 4816 τῶν
3069 4760 3351 4831 προσεχῶς
3382 4758 3478 4826 τῆς
3529 4758 3725 4817 κακίας

2156 4862 2345 4914 αἰτίων
2392 4859 2669 4929 ἀρχόντων
2713 4857 2913 4927 ἣκιστα
2951 4853 3273 4922 πασχόντων
3323 4849 3517 4912 ἐνίοτε,
3567 4847 3723 4917 μόνον

2157 4952 2515 5023 πολυτρόποις
2563 4950 2873 5002 δαπανᾶται
2911 4948 3108 5000 πάθεσι
3136 4946 3197 4996 τὸ
3224 4943 3487 5012 ὑπήκοον,
3523 4938 3724 5007 μικρὰν

2160 5040 2289 5104 ἴσως
2311 5042 2345 5111 ἦ
2382 5040 2651 5110 μηδεμίαν
2678 5037 2869 5108 ἑτέραν
2893 5032 3442 5100 συνεισενεγκάμενον
3469 5027 3527 5078 τὸ
3550 5026 3725 5093 παρά-

2158 5150 2264 5187 παν
2318 5131 2459 5200 πλὴν
2510 5129 2603 5185 τοῦ
2659 5128 2955 5181 συνειδέναι
3005 5125 3096 5176 καὶ
3155 5120 3603 5190 συμπαραιιομείν
3640 5113 3726 5166 διὰ

2160 5225 2345 5293 φόϐον.
2374 5222 2631 5276 Φαίνεται
2670 5222 2851 5272 τοίνυν
2884 5217 2956 5278 ὥς
2991 5233 3054 5284 γε
3084 5215 3194 5267 τῶν
3237 5212 3404 5266 πάλαι
3434 5209 3630 5279 βίϐλων
3671 5207 3725 5257 ei

2160 5316 2378 5374 πλείους
2417 5313 2477 5367 οὐ
2515 5312 2715 5382 μικρὰς
2749 5309 2986 5361 συνιέναι
3018 5307 3288 5373 παρέσχον
3318 5302 3416 5363 τὰς
3451 5298 3725 5367 ἀφορμὰς,

2160 5409 2256 5462 καὶ
2288 5406 2404 5475 ἅμα
2435 5406 2466 5474 ὴ
2523 5404 2736 5472 χρόνιος
2786 5401 2945 5469 ἡμῶν
2992 5397 3139 5457 ὅπως
3176 5394 3304 5447 ποτὲ
3342 5394 3599 5444 πέπεικεν
3632 5394 3728 5455 ἐμ-

2162 5498 2370 5567 πειρία,
2393 5496 2465 5555 ὼς
2487 5489 2567 5556 οἷς
2595 5493 2700 5545 τῶν
2731 5491 3012 5560 ἡγεμόνων
3044 5490 3179 5557 μήτε
3210 5488 3317 5538 πᾶν
3340 5484 3402 5536 τὸ
3424 5484 3519 5550 τῆς
3551 5481 3728 5540 αἰτίας

2161 5590 2420 5657 ἄντικρυς
2451 5587 2659 5640 ἀνεῖται
2692 5586 2746 5646 ἐς
2788 5584 2987 5635 κακίαν
3010 5579 3309 5642 ἐνδόσιμον,
3346 5576 3467 5637 ταῖς
3494 5590 3553 5625 τε
3588 5589 3727 5638 συμ-

2163 5684 2358 5753 φοραῖς
2397 5681 2506 5733 τῶν
2539 5661 2795 5747 ὑπηκόων
2826 5671 3195 5746 κηδεμονικῶς
3234 5666 3642 5737 καμπτομένοις
3673 5663 3731 5713 ἐν

2163 5773 2491 5829 ταπεινώσει
2538 5771 2752 5843 γίνεται
2809 5767 3036 5838 καρδίας
3084 5763 3295 5824 τούτοις
3352 5754 3728 5814 ἐπικαλεῖσθαι
