4070 6326
326 373 404 438 89
518 436 525 441 ,
1291 384 1744 447 ΒΥΖΑΝΤΙΝᾹΞ
1788 388 1915 448 IIIS

2015 389 2181 450 '8le
2219 392 2364 454 LIB.
2410 395 2620 459 XXVI.
3508 401 3584 467 90
3652 461 3663 476 ,

325 489 423 545 τὸν
454 487 698 581 Κύριον,
735 490 959 556 τούτους
1010 492 1278 564 δήπουθεν
1331 498 1622 571 οἰκτείρων
1664 501 1915 555 ἐνταυθοῖ

2021 505 2431 563 calamitatibus
2462 519 2642 563 autem
2686 508 3063 581 subjectorum
3097 511 3335 569 sollicite
3367 512 3487 567 ﬂexi
3523 512 3580 566 in

327 580 477 652 κατά
513 580 574 635 τὸ
603 580 702 651 τῆς
738 582 920 648 αἰτίας
952 584 1136 639 δίδωσι
1170 588 1400 659 πάσχειν
1428 591 1712 659 ἀνάλογον,
1750 590 1818 644 ἵν’
1851 594 1909 656 ἐς

321 672 392 725 τό
421 672 615 745 μέλλον
652 675 755 745 σχῇ
785 677 1123 748 κουφοτέραν
1152 679 1252 749 τὴν
1282 680 1527 736 κόλασιν.
1563 682 1624 735 Et
1654 683 1698 736 δ’
1733 685 1908 747 αίτιος

327 764 439 832 μὶν
468 766 567 835 τῆς
599 765 727 836 ὅλης
764 768 849 837 εἴη
888 771 1086 832 κακίας
1135 773 1390 839 καθάπαξ
1433 775 1617 837 αὐτὸς,
1651 775 1720 828 δι’
1755 776 1820 845 ἢν
1851 776 1908 838 ἐς

326 856 544 925 φθορὰν
590 855 852 928 ὁλοσχερῆ
899 860 961 912 τὸ
1012 861 1251 932 ὑπήκοον
1304 864 1694 935 καταφέρεται,
1739 860 1908 917 ἔπειτ’

329 947 497 1011 αὐτὸς
521 946 825 1019 ἀνάλγητός
848 967 907 1005 τε
940 954 1118 1022 μένων
1146 957 1238 1007 καὶ
1260 956 1461 1025 ἥκιστα
1485 959 1601 1019 ταῖς
1627 956 1909 1019 τοιαύταις

331 1040 648 1109 συμφοραῖς
685 1042 824 1111 μήτε
862 1044 1273 1114 καμπτόμενος,
1322 1049 1459 1118 μήτε
1500 1049 1607 1119 μὴν
1647 1049 1754 1102 οὐδ’
1779 1051 1909 1120 ἄχρι

325 1128 429 1180 τοῦ
487 1131 816 1200 φαινομένου
874 1134 1229 1203 συμπάσχειν
1279 1139 1556 1207 ὁρώμενος
1610 1140 1905 1210 σχήματος,

329 1218 526 1273 ἔπειτα
554 1221 767 1291 μακρὸν
798 1222 858 1289 δξ
888 1223 1143 1288 ἀπονοίας
1178 1226 1271 1280 καὶ
1297 1227 1465 1297 τῦφον
1494 1231 1551 1281 ἐν
1582 1230 1727 1301 ψυχῇ
1756 1247 1911 1300 περι-

335 1312 552 1376 θάλπει,
583 1312 862 1383 δικαίωμα
895 1316 992 1370 τοῦ
1025 1319 1100 1387 μὴ
1128 1317 1290 1388 δῆθεν
1331 1321 1497 1373 αὒτδν
1540 1321 1806 1391 ἁμαρτεῖν
1847 1321 1909 1373 τδ

333 1405 414 1474 μὴ
451 1405 687 1475 πάσχειν
716 1406 985 1478 οἰόμενος,
1036 1410 1212 1480 τούτῳ
1250 1410 1455 1475 πάντας
1487 1415 1604 1465 ἐκεῖ
1645 1415 1765 1471 soi);
1810 1415 1907 1482 τῆς

326 1496 485 1565 δὲκης
507 1495 779 1567 λαμπρῶς
798 1499 1049 1569 ταμιεύει
1080 1503 1421 1572 πρηστῆρας.
1455 1504 1605 1575 Μηδὲ
1628 1505 1735 1574 γὰρ
1768 1500 1907 1558 εἶναι

327 1589 430 1659 τὴν
459 1586 696 1644 ἐνταῦθα
739 1589 961 1647 κόλασιν
997 1593 1329 1664 ἀποχρῶσαν
1356 1594 1499 1648 οὕτω
1532 1596 1788 1664 μεγάλοις
1814 1598 1910 1650 καὶ

330 1682 824 1750 παρανομωτάτοις
856 1684 1191 1754 πταίσμασιν
1223 1685 1497 1749 ἀσεϐείας,
1527 1680 1593 1758 ἦς
1631 1688 1728 1747 τὰς
1752 1686 1909 1749 δίκας

330 1771 494 1834 αὐτός
527 1772 578 1825 θ’
608 1774 748 1843 ὑπὲρ
775 1774 973 1827 ἑαυτοῦ
1002 1774 1339 1844 ὀφλισκάνει,
1373 1778 1469 1830 καὶ
1500 1777 1616 1846 ἅμα
1648 1779 1787 1849 ὑπὲρ
1810 1774 1906 1831 τοῦ

327 1864 441 1917 τῶν
476 1864 735 1932 ὑπηκόων
777 1865 845 1919 δι’
888 1867 1049 1919 αὐτὸν
1095 1868 1434 1933 ἀπολωλότος
1469 1871 1708 1940 πλήθους
1736 1887 1749 1899 ·
1786 1887 1906 1924 ποι·
1941 1849 1980 1903 Β

331 1958 497 2026 μένος
541 1958 651 2027 γάρ
685 1958 1083 2029 ἀνειλημμένος
1132 1962 1321 2029 τόπον,
1375 1964 1451 2033 μὴ
1510 1964 1671 2033 μόνον
1710 1963 1772 2016 οὐ
1811 1980 1906 2015 πε-

328 2050 556 2120 πίιίηται
577 2050 677 2117 τὴν
699 2051 1083 2120 ἁρμόττουσαν
1112 2053 1187 2123 τῷ
1210 2055 1447 2126 ποιμνίῳ
1479 2055 1756 2125 πρόνοιαν,
1774 2053 1909 2108 ἀλλά

330 2141 431 2194 καὶ
466 2140 676 2211 φθορᾶς
708 2141 857 2211 αὐτῷ
892 2143 1497 2213 προσεπεδαψιλεύσατο
1528 2145 1783 2213 τρόπους,
1812 2143 1908 2195 λύ-

330 2250 428 2296 κος
462 2233 586 2287 ἀντὶ
621 2234 932 2305 προστάτου
970 2236 1065 2289 καὶ
1097 2236 1356 2304 ποιμένος
1409 2238 1620 2305 φανείς.
1678 2237 1910 2291 Ἔπειτα

330 2323 442 2376 οὐδ’
467 2325 601 2396 ἡμῖν
632 2324 941 2396 ἀνθρώποις
960 2320 1113 2379 οὖσιν
1133 2327 1341 2379 ἀνεῖται
1369 2331 1469 2396 τὴν
1498 2328 1554 2381 ὲν
1581 2328 1910 2393 ὁτουδηποτ-

332 2417 433 2470 οὖν
481 2418 669 2487 ἑτέρου
724 2420 1113 2489 κρυπτομένην
1156 2417 1217 2492 [ί.
1251 2418 1350 2472 120
1378 2416 1431 2491 ὁ]
1467 2418 1664 2490 καρδίᾳ
1712 2417 1910 2472 κακίαν

335 2514 365 2579 ἦ
400 2509 603 2583 ἀρετὴν
636 2510 777 2581 πλὴν
804 2512 928 2565 ὅσον
972 2513 1035 2564 ὲκ
1064 2511 1175 2564 τῶν
1222 2510 1423 2575 ἔξωθεν
1475 2510 1771 2581 σχημάτων
1817 2510 1910 2562 καὶ

331 2605 647 2676 χρωμάτων
688 2603 785 2658 τοῦ
835 2621 898 2657 τε
948 2604 1115 2674 ἧθους
1165 2606 1260 2657 καὶ
1308 2604 1415 2657 τῶν
1454 2604 1631 2672 λόγων
1664 2603 1910 2665 είκασίας

333 2691 608 2765 θήρᾶσθαί
649 2712 804 2757 τινας
847 2693 1126 2765 ἀμυδρῶς.
1170 2693 1360 2763 Γνοίης
1389 2692 1433 2745 δ’
1467 2688 1559 2745 οὖν
1599 2693 1748 2761 ὁμῶς
1779 2691 1909 2742 κάν-

332 2787 546 2852 τεῦθεν,
599 2788 649 2839 εί
697 2786 763 2840 τά
826 2787 999 2842 πλείω
1050 2787 1139 2840 διά
1189 2785 1485 2853 συντομίαν
1536 2785 1631 2837 κα)⁸
1684 2781 1912 2836 τουτωνὶ

336 2879 605 2948 παρέντες
626 2877 720 2931 τοῦ
746 2878 1007 2949 ἄρχοντος
1031 2877 1395 2945 διεξέλθωμεν
1417 2876 1553 2930 ἔνια.
1585 2875 1779 2929 Ἔσται
1802 2874 1912 2945 γὰρ

336 2976 400 3027 ἐκ
427 2972 536 3025 τῶν
572 2970 773 3035 ἔξωθεν
803 2968 1050 3040 σημείων
1075 2972 1351 3039 γνώριμος
1380 2970 1491 3028 τοῖς
1532 2966 1912 3034 συνετωτέροις

337 3065 433 3116 καὶ
470 3061 687 3116 τουτουῒ
724 3064 824 3132 τῆς
854 3061 1032 3132 ψυχῆς
1060 3063 1093 3130 ἡ
1125 3061 1388 3123 διάθεσις,
1419 3060 1509 3111 καὶ
1537 3058 1611 3119 ὡς
1648 3055 1915 3126 σφαλεραλ⁵

2016 600 2399 657 humiliatione
2444 603 2630 658 cordis
2677 619 2806 659 eum
2866 605 3158 670 invocant,
3212 621 3314 675 pro
3366 605 3581 659 ratione

2013 708 2195 748 causa:
2223 693 2604 750 misericordia
2641 712 2834 750 eorum
2870 705 3153 765 permotus
3182 696 3456 765 supplicia
3491 697 3582 750 hic
3628 733 3634 738 -

2014 784 2263 855 inﬂigere
2316 788 2559 854 videtur,
2612 804 2722 857 quo
2766 788 3169 857 expeditiorem
3223 788 3278 842 in
3330 788 3579 841 futurqu

2012 879 2213 934 habeat
2242 880 2683 948 castigationem.
2720 879 2815 933 Sin
2854 889 3034 933 autem
3074 881 3364 948 princeps,
3401 894 3582 948 quan~
3650 940 3657 949 ι

2011 987 2179 1041 quam
2223 974 2407 1025 omnis
2450 972 2850 1041 improbitatis,
2885 988 2991 1041 qua
3027 972 3092 1026 ad
3138 971 3352 1040 planam
3393 973 3581 1041 perni-

2014 1062 2154 1117 ciem
2189 1063 2420 1133 subjecti
2457 1063 2860 1128 detruduntur,
2894 1067 3046 1120 solus
3087 1077 3277 1120 auctor
3314 1079 3434 1129 est,
3470 1081 3579 1119 nou

2009 1154 2178 1208 modo
2218 1156 2430 1208 miserae
2460 1163 2516 1209 et
2551 1157 2764 1212 amicta:
2799 1174 2991 1212 eorum
3031 1161 3265 1213 fortuna-
3298 1159 3580 1214 duriorem

2010 1260 2069 1299 se
2115 1246 2321 1314 praebet
2366 1262 2543 1315 neque
2592 1249 2831 1317 speciem
2880 1249 3104 1318 quidem
3148 1265 3241 1303 eos
3286 1250 3584 1303 commise-

2012 1337 2183 1391 rantis
2234 1353 2346 1406 pra:
2377 1353 2435 1391 se
2472 1338 2614 1402 fert,
2663 1356 2856 1393 verum
2905 1340 3071 1395 etiam
3122 1339 3320 1393 fastum
3372 1354 3439 1391 ex
3484 1338 3584 1392 dc-

2009 1430 2214 1483 meutia
2246 1431 2349 1485 sibi
2375 1432 2545 1486 sumit
2569 1431 2892 1493 arbitratus,
2927 1431 2977 1484 id
3004 1431 3322 1485 testimonio
3346 1445 3493 1491 esse,
3520 1442 3581 1482 se

2014 1538 2123 1576 non
2162 1538 2454 1591 peccasse,
2488 1524 2632 1591 quod
2670 1527 2784 1593 ipse
2815 1527 2867 1577 in
2899 1524 3159 1577 adversas
3193 1537 3281 1576 res
3306 1537 3415 1574 nou
3449 1521 3584 1574 inci-

2008 1614 2138 1678 dat,
2172 1615 2301 1669 huic
2339 1630 2529 1669 omnes
2570 1616 2679 1668 illic
2730 1616 2979 1669 turbines
3018 1616 3208 1683 igneos
3260 1613 3327 1667 ad
3364 1626 3580 1680 poenam

2010 1716 2272 1761 reservat.
2297 1707 2414 1762 Non
2442 1709 2587 1761 enim
2618 1707 2818 1762 sufﬁcit
2838 1708 3190 1777 supplicium,
3216 1704 3361 1775 quod
3384 1704 3475 1756 hic
3497 1702 3583 1755 ἰη-

2010 1799 2117 1868 ﬂigi
2147 1799 2337 1867 possit.
2372 1808 2479 1852 tam
2512 1799 2720 1868 magnis
2744 1811 2907 1867 atque
2924 1797 3222 1853 audacibus
3250 1795 3583 1859 sceleribus.

2010 1905 2247 1959 quorum
2276 1906 2466 1959 poenas
2491 1899 2716 1959 propter
2744 1906 2802 1943 se
2821 1890 2980 1944 debet
3006 1897 3301 1959 etpropter
3336 1886 3585 1940 multitu-

2011 1982 2195 2037 dinem
2222 1984 2592 2053 subjeetorum
2619 1998 2715 2036 sua
2748 1984 2904 2050 culpa
2932 1983 3426 2053 pessumdatorum.
3452 1978 3582 2034 Oﬂi-

2008 2074 2151 2126 cium
2181 2074 2325 2125 enim
2360 2073 2596 2138 pastoris
2629 2072 2858 2125 sortitus
2890 2087 2998 2124 non
3032 2072 3207 2125 solum
3244 2051 3354 2122 non
3387 2068 3582 2122 habuit

2008 2180 2195 2220 curam
2218 2165 2365 2233 gregi
2388 2164 2836 2228 convenientem,
2864 2180 3051 2216 verum
3084 2163 3249 2218 etiam
3275 2163 3578 2231 perniciem

2008 2257 2058 2310 ei
2111 2255 2335 2326 profuse
2386 2257 2607 2319 attulit,
2663 2264 2862 2309 utnon
2905 2255 3197 2322 praefectus
3249 2255 3370 2324 ejus
3414 2262 3581 2322 atque

2010 2359 2223 2419 pastor,
2255 2349 2348 2403 sed
2384 2351 2547 2419 lupus
2578 2350 2879 2404 videretur.
2922 2349 3116 2402 Verum
3152 2347 3315 2401 nobis
3344 2347 3583 2401 homini-

2012 2441 2116 2495 bus
2166 2441 2576 2510 improbitatem
2608 2451 2700 2495 aut
2752 2441 3011 2494 virtutem
3047 2439 3100 2493 in
3132 2437 3362 2492 alterius
3395 2439 3581 2505 cujus-

2012 2548 2226 2601 cunque
2260 2534 2425 2588 corde
2472 2533 2808 2588 reconditam
2857 2532 3125 2586 duntaxat
3166 2530 3437 2585 hactenus
3488 2544 3583 2583 co-

2011 2642 2275 2696 gnoscere
2324 2626 2490 2692 licet,
2522 2634 2583 2680 ut
2610 2643 2675 2680 ex
2710 2635 2939 2680 externo
2980 2625 3171 2678 habitu
3216 2640 3281 2678 ac
3331 2621 3583 2677 moribus

2012 2720 2305 2788 verbisque
2325 2718 2558 2774 obscura
2582 2721 2829 2788 quaedam
2855 2719 3057 2773 indicia
3082 2717 3579 2787 deprehendamus.

2012 2813 2267 2864 Attamen
2311 2810 2397 2863 vel
2438 2825 2502 2864 ex
2536 2809 2623 2863 his
2655 2809 2815 2880 106
2843 2823 3144 2877 cognosces
3166 2847 3181 2869 ,
3213 2808 3296 2869 si,
3331 2806 3584 2876 complu-

2015 2901 2172 2956 ribus
2214 2900 2500 2956 brevitatis
2536 2916 2697 2956 causa
2733 2899 3151 2970 praetermissis.
3181 2900 3349 2953 etiam
3382 2898 3580 2951 harum

2016 3008 2200 3047 rerum
2232 2992 2529 3047 nonnullas
2559 2991 2826 3061 quasdam
2855 2992 2922 3045 de
2967 2990 3299 3057 imperatore
3342 3003 3584 3042 comme-

2017 3084 2378 3137 morabimus.
2432 3083 2735 3153 Perspiciet
2782 3082 2928 3137 enim
2976 3080 3303 3151 prudentior
3347 3078 3584 3148 quisque

336 3156 439 3224 μὲν
475 3154 608 3222 περὶ
643 3154 779 3207 Θεοῦ
824 3157 888 3224 τῇ
927 3154 1122 3207 τούτου
1157 3151 1355 3222 καρδία
1398 3148 1797 3219 θαλαμεύονται
1826 3149 1914 3200 ἐν·

2015 3189 2081 3228 ex
2114 3174 2357 3228 externis
2388 3173 2716 3243 quibusdam
2751 3173 2922 3243 signis
2942 3212 2957 3234 ,
2977 3148 3085 3243 ‘qui
3114 3173 3187 3226 sit
3218 3171 3386 3225 animi
3423 3168 3584 3224 istius

334 3265 501 3314 γοιαι,
540 3248 634 3301 καὶ
659 3247 892 3316 κηλίδων
913 3247 974 3300 οὐ
1004 3246 1129 3318 μάλ’
1158 3246 1325 3308 ἀξίων
1360 3246 1473 3306 τοῖς
1502 3245 1599 3312 τῆς
1631 3242 1913 3299 εὐσεῦείας

333 3342 565 3409 δόγμασι
596 3339 656 3393 τὸ
683 3338 1036 3409 λογιζόμενον
1072 3338 1414 3408 ἐμπίπλαται
1445 3337 1543 3403 τῆς
1572 3335 1773 3405 ψυχῆς.
1803 3333 1914 3387 Καὶ

333 3433 479 3485 τοῦτ’
523 3433 590 3485 ἂν
644 3431 730 3502 εῖη
781 3430 875 3484 τοῦ
935 3430 1102 3501 μηδὲν
1150 3429 1260 3483 τῶν
1311 3428 1459 3498 αύτῷ
1522 3428 1913 3499 πραττομένων

334 3527 655 3582 εὐοδοῦσθαι
698 3528 760 3580 τὸ
802 3527 999 3597 αἴτιον,
1053 3526 1236 3597 ἥκιστ’
1280 3524 1608 3594 ἀνεχομένου
1654 3522 1790 3575 Θεοῦ
1838 3519 1914 3591 μὴ

335 3620 650 3691 θεατρίζειν
681 3619 781 3692 τὴν
826 3621 886 3673 ἐν
928 3620 1042 3682 τοῖς
1088 3618 1185 3686 τῆς
1232 3616 1461 3686 καρδίας
1508 3614 1775 3683 θαλάμοις
1823 3628 1917 3666 κε-

336 3714 661 3785 κρυμμένην
685 3712 885 3767 κακίαν
904 3712 992 3767 διὰ
1015 3711 1125 3765 τῶν
1149 3709 1348 3772 ἔξωθεν
1373 3708 1734 3781 πραγμάτων.
1759 3706 1914 3777 Ἔχει

334 3808 392 3866 δὲ
421 3805 616 3870 οὕτως.

408 3988 516 4044 ιη’.
532 3989 593 4044 '0
628 3988 892 4051 Πισσαῖος
914 3986 1203 4052 Νικόλαος,
1233 3987 1261 4039 ὁ
1278 3983 1389 4037 τῶν
1412 3978 1915 4050 τεσσαρεσκαίδεκα

338 4081 648 4135 Βενετικῶν
682 4082 821 4134 νεῶν
849 4080 1122 4152 ναύαρχος
1145 4078 1390 4143 ἐκείνων,
1428 4076 1495 4139 ἀς
1536 4075 1918 4127 καταπεπλευ-

340 4174 494 4228 κέναι
522 4173 752 4239 πέρυσιν
791 4170 1003 4240 ἔφαμεν
1037 4168 1180 4224 κατά
1205 4169 1300 4222 τοῦ
1327 4169 1364 4220 Γ
1367 4164 1723 4234 αλατωνύμου
1752 4179 1917 4234 φρου-

342 4266 484 4335 ρίου,
514 4264 702 4334 ὲπειδὴ
740 4264 831 4316 καὶΙ
862 4263 1093 4333 βασιλέα
1141 4260 1433 4331 σύμμαχον
1472 4259 1627 4312 λάϐοι
1661 4258 1757 4311 καὶ
1783 4257 1913 4326 ὁμό-

341 4372 514 4424 φρονα
541 4357 653 4414 τοῖς
684 4354 989 4417 Βενετικοῖς
1023 4354 1167 4408 κατά
1195 4349 1688 4413 τῶν,Γεννουῖτῶν,
1710 4351 1915 4419 ὅρκους

341 4450 635 4521 φρικώδεις
676 4449 803 4511 δοὺς
857 4450 951 4502 καὶ
1009 4447 1212 4513 λαϐὼν,
1246 4446 1419 4500 ἔπειτ’
1450 4446 1611 4508 αὐτὸς
1650 4444 1751 4513 μὲν
1794 4445 1917 4505 ὅλος

336 4545 446 4597 τῶν
470 4542 789 4597 ἐνεστώτων
820 4541 1125 4613 τηνικαῦτα
1164 4542 1449 4611 γινόμενος
1492 4538 1668 4609 ἔργων
1700 4537 1791 4589 τὸν
1817 4536 1915 4603 βα·
1944 4538 1991 4594 D

338 4636 491 4689 σιλέα
517 4636 656 4705 πρὸς
690 4637 789 4706 μὲν
818 4635 914 4705 τὴν
949 4636 1133 4705 μάχην
1173 4635 1391 4704 εκείνην
1419 4632 1602 4704 ἀργῶς
1634 4631 1912 4699 διακείμε-

337 4746 428 4781 νον
457 4728 679 4793 ἕϐλεπε,
733 4728 870 4797 πρὸς
915 4727 961 4780 δ’
993 4729 1158 4796 ἕτερα
1192 4727 1293 4793 τὴν
1322 4726 1451 4795 ὅλην
1484 4723 1724 4793 σπουδὴν
1755 4739 1912 4792 περι-

340 4818 652 4887 σπώμενον,
690 4819 759 4871 τά
807 4818 931 4871 καθ’
967 4818 1123 4887 ἡμῶν
1166 4820 1348 4869 ἐκεῖνα⁷
1395 4815 1595 4883 δηλαδὴ
1640 4812 1914 4884 λῃστρικά

339 4912 618 4982 συνέδρια,
657 4912 962 4983 βιαιότερόν
1022 4929 1141 4974 πως
1200 4912 1439 4963 ἐνέκειτο
1496 4910 1780 4979 διεγείρων
1830 4911 1911 4971 εἰς

336 5008 591 5075 τοῦργον.
627 5008 853 5061 Πάντων
888 5009 997 5079 γὰρ
1033 5007 1221 5075 ἔλεγεν
1245 4984 1590 5076 ἦκισταδεῖν
1621 5006 1913 5074 καρτερεῖν
1962 5025 1969 5034 ·

338 5100 593 5153 ἐνταυθοῖ
620 5140 635 5165 ,
690 5100 798 5152 τῶν
838 5100 1156 5170 πολεμικῶν
1214 5100 1315 5153 οὐκ
1374 5099 1720 5169 ἀνεχομένων
1775 5098 1913 5159 ὅλως

340 5194 686 5263 πραγμάτιον
707 5194 818 5247 οὐδ’
844 5196 902 5258 ὲς
930 5195 1128 5266 μικρὸν
1161 5193 1581 5263 ὑπερτίθεσθαι,
1604 5191 1719 5244 ἀλλ’
1748 5197 1807 5244 ὲν
1835 5189 1914 5261 τῷ

341 5286 686 5357 παραχρῆμα
716 5288 815 5358 τὴν
849 5287 1170 5357 ἔμπρακτον
1226 5289 1602 5343 ἀπαιτούντων
1652 5285 1910 5355 ὀξύτητα.

338 5380 431 5440 Δὶς
456 5378 502 5431 δ’
528 5374 622 5431 οὖν
650 5380 746 5431 καὶ
793 5382 911 5449 τρὶς
940 5383 1035 5433 καὶ
1067 5380 1329 5444 πολλάκις
1368 5381 1561 5447 ὁμοίας
1591 5379 1739 5448 αὐτῷ
1771 5396 1916 5448 παρ-

340 5475 389 5524 εἱ
428 5490 454 5524 ε
478 5471 577 5536 τάς
602 5472 925 5542 ἀποκρίσεις
948 5475 977 5524 ὁ
1015 5474 1292 5544 βισιλεὺς,
1327 5475 1465 5543 μετὰ
1498 5474 1640 5543 μάλα
1682 5489 1734 5525 τι
1778 5470 1914 5540 γαύ-

346 5582 440 5635 pou
486 5566 584 5619 καὶ
635 5565 1196 5637 ἀναμφισϐητησίμου
1257 5568 1351 5620 τοῦ
1413 5567 1598 5638 ἤθους,
1637 5584 1658 5619 ‹
1688 5567 1910 5630 Μεῖνεν,

342 5656 537 5725 λέγων,
597 5659 794 5728 μικρόν
857 5675 924 5730 με
981 5658 1309 5713 καταϐαλεῖν
1358 5663 1484 5724 τοὺς
1547 5659 1915 5728 δογματικοὺς

347 5750 572 5819 ἐχθροὺς
619 5750 718 5818 τῆς
763 5752 899 5821 ἐμῆς
943 5752 1317 5821 προαιρέσεως
1362 5753 1740 5820 ἐπειγόμενον.
1798 5752 1914 5804 Κά-

350 5841 489 5902 πειτ⁹
523 5843 766 5911 ἀναστάς
791 5843 865 5911 ὡς
897 5844 1117 5902 νοσσιὰν
1143 5846 1203 5898 τὸ
1231 5845 1491 5919 πολέμιον
1533 5846 1714 5904 τουτοϊ
1740 5865 1911 5905 κατα-

2016 3266 2275 3332 babitus,
2321 3283 2487 3337 quam
2528 3267 2756 3321 fallaces
2797 3267 2865 3321 de
2911 3266 3022 3319 Deo
3068 3265 3362 3334 opiniones
3402 3263 3454 3317 in
3489 3278 3581 3331 pe-

2015 3368 2168 3414 ctore
2217 3360 2503 3413 occultatae
2552 3359 2698 3422 sint,
2749 3357 2972 3427 quantis
3023 3357 3281 3413 sordibus
3313 3353 3585 3422 dogmatis

2015 3465 2161 3506 verae
2191 3450 2480 3521 religionis
2506 3450 2653 3506 haud
2679 3466 2811 3506 sane
2841 3449 3023 3520 dignis
3055 3463 3209 3503 meus
3237 3446 3455 3516 oppleta
3489 3445 3583 3500 sit.

2016 3543 2133 3599 Hoc
2169 3543 2337 3597 etiam
2386 3544 2439 3596 in
2482 3558 2650 3597 causa
2697 3550 2821 3608 est,
2852 3557 2953 3597 cur
3000 3539 3136 3594 nihil
3180 3552 3412 3601 eorum,
3463 3549 3584 3605 qua:

2017 3635 2289 3705 suscipit,
2322 3649 2588 3704 prospere
2619 3633 2668 3687 ei
2700 3630 3006 3696 succedat;
3053 3630 3199 3683 Deus
3242 3627 3391 3683 enim
3443 3641 3471 3677 a
3525 3639 3583 3678 se

2016 3731 2313 3797 impetrare
2342 3742 2451 3780 non
2483 3732 2694 3796 potest,
2722 3723 2855 3793 quin
2882 3720 3294 3789 improbitatem
3324 3719 3377 3770 in
3407 3713 3583 3770 animi

2015 3819 2249 3874 latebris
2291 3819 2564 3874 occultam
2609 3817 2773 3872 etiam
2816 3814 2983 3869 rebus
3025 3814 3271 3867 externis
3302 3808 3584 3880 propalam

2016 3918 2074 3965 et
2104 3909 2160 3963 in
2190 3917 2446 3978 promptu
2477 3916 2664 3975 ponat.
2699 3907 2807 3960 Res
2840 3920 2970 3959 vero
2998 3905 3068 3958 ita
3103 3905 3291 3959 habet.

2084 4000 2346 4055 Nicolaus
2388 4000 2641 4065 Pisanus,
2683 3999 2976 4067 prmfectus
3034 3996 3261 4050 navium
3318 4002 3585 4062 quatuor-

2016 4093 2196 4148 decim
2227 4091 2582 4157 Venetarum,
2620 4106 2757 4161 quas
2783 4105 2928 4145 anno
2971 4089 3256 4159 superiore
3290 4088 3343 4140 in
3390 4084 3591 4139 castel-

2017 4184 2131 4239 lum
2164 4182 2369 4237 Galatae
2425 4182 2714 4253 navigasse
2760 4180 3022 4245 diximus,
3073 4194 3199 4234 cum
3242 4179 3594 4247 imperatore

2017 4293 2240 4348 quoque
2271 4278 2424 4333 socio
2451 4286 2641 4355 contra
2666 4276 2990 4332 Genuenses
3025 4275 3344 4343 adsumpto,
3401 4270 3590 4326 horri-

2017 4372 2115 4427 bili
2149 4371 2509 4443 jurejurando
2570 4371 2700 4425 dato
2756 4379 2921 4439 atque
2960 4377 3206 4438 accepto,
3262 4376 3410 4421 totus
3442 4373 3591 4420 esset

2020 4465 2074 4519 in
2107 4464 2275 4518 rebus
2299 4463 2631 4518 instantibus
2659 4463 2933 4533 gerendis,
2969 4462 3361 4531 imperatorem
3404 4469 3587 4513 autem

2020 4557 2087 4612 ad
2119 4565 2396 4613 certamen
2421 4571 2666 4626 segnem,
2690 4556 2755 4610 ad
2786 4557 2921 4610 alias
2946 4571 3055 4619 res,
3088 4555 3349 4609 nimirum
3374 4553 3437 4606 ad
3457 4567 3593 4606 con-

2022 4651 2145 4705 cilia
2174 4650 2265 4705 illa
2298 4648 2601 4704 latrociniis
2631 4647 2833 4703 similia
2864 4648 2916 4702 in
2952 4663 3055 4703 nos
3083 4646 3394 4713 conﬂamla,
3440 4644 3593 4699 omni

2021 4742 2205 4798 Studio
2234 4742 2642 4798 incumbentem
2683 4741 2917 4807 videret,
2951 4741 3334 4796 vehementius
3359 4755 3485 4795 eum
3525 4736 3593 4792 ad

2022 4852 2134 4890 rem
2165 4844 2389 4891 strenue
2419 4834 2688 4905 agendam
2720 4834 3006 4889 excitavit.
3055 4835 3198 4888 Dixit
3222 4835 3398 4896 enim,
3452 4833 3595 4887 nihil

2024 4929 2206 4983 minus
2239 4943 2376 4996 opus
2404 4944 2527 4983 esse
2555 4942 2719 4998 quam
2758 4927 3142 4988 cunctatione,
3178 4926 3348 4979 rebus
3378 4927 3595 4980 bellicis

2022 5020 2212 5091 utique
2241 5037 2307 5075 ne
2341 5021 2394 5074 in
2428 5020 2597 5075 breve
2625 5021 2850 5089 quidem
2887 5019 3212 5073 dilationem
3275 5016 3596 5084 recipienti-

2022 5115 2162 5183 bus,
2194 5113 2289 5169 sed
2316 5116 2500 5168 statim
2534 5114 2873 5169 alacritatem
2911 5111 3187 5166 eﬂicacem
3240 5110 3596 5180 eﬂlagitanti-

2022 5207 2148 5263 bus.
2180 5205 2269 5262 Bis
2302 5215 2414 5260 tum
2436 5214 2489 5259 et
2518 5214 2604 5260 ter
2631 5214 2685 5261 et
2708 5205 2909 5275 sapius
2930 5204 3120 5257 eadem
3151 5202 3307 5273 107
3331 5216 3597 5271 responsa.

2024 5301 2323 5369 imperator
2352 5299 2535 5355 animo
2565 5313 2827 5368 perquam
2863 5297 3008 5352 elato
3041 5295 3365 5366 ﬁduciaque
3391 5295 3596 5365 plenis—

2022 5393 2164 5448 simo
2200 5391 2251 5447 ei
2282 5392 2545 5447 reddidit.
2587 5391 2772 5445 «Mane
2820 5391 3118 5460 paulisper,
3160 5390 3362 5459 inquit,
3415 5388 3594 5442 donec

2024 5482 2280 5537 inimicos
2305 5496 2336 5536 a
2370 5481 2508 5535 meis
2533 5480 2857 5550 dogmaticis
2886 5480 3195 5535 rationibus
3231 5480 3595 5534 abhorrentes

2023 5572 2343 5627 deleverim.
2374 5572 2512 5627 Dein
2542 5587 2828 5642 assurgam
2885 5582 2939 5627 et.
2973 5583 3227 5643 tanquam
3264 5571 3454 5624 nidum
3489 5569 3591 5621 ho-

2025 5664 2191 5720 stium
2228 5664 2507 5719 castellum
2535 5664 2778 5717 omnium
2813 5676 3056 5720 vestrum
3088 5663 3347 5733 opinione
3378 5659 3598 5718 facilius

2026 5756 2296 5826 capiam.»
2343 5755 2484 5809 Tum
2550 5756 2700 5810 illius
2745 5774 2905 5810 causa
2963 5772 3087 5810 cum
3121 5763 3381 5809 conte-nlo
3407 5750 3596 5807 studio

2026 5860 2273 5910 nostram
2310 5850 2752 5907 amandatiouvm
2799 5851 2892 5904 ccl'
2919 5850 3051 5903 riter
3087 5847 3351 5919 expedire
3403 5843 3589 5910 vellet,
