4070 6326
297 385 332 447 9

296 585 451 656 οἶμαι
507 590 618 643 κάκ
665 589 870 645 τούτων
917 593 1130 646 ἀνιέναι
1190 601 1432 661 συνετοῖς
1480 601 1744 668 ἀνδράσι,
1783 604 1879 656 καὶ

299 681 540 749 μάλιστα
594 684 677 736 σοὶ
704 723 719 747 ,
753 683 842 738 διὰ
888 687 998 738 τῶν
1042 687 1147 749 ἔξω
1201 689 1459 743 τοιούτων
1503 694 1878 762 ίχνηλατοῦντι

299 775 544 840 εημείων
579 776 668 826 ἐπὶ
702 777 800 838 τὰς
834 777 1058 848 πρώτας
1105 780 1287 844 αἰτίας
1316 786 1410 835 καὶ
1440 785 1730 854 διαλήψεις
1771 789 1878 840 τῶν

295 867 398 933 τῆς
444 866 623 935 ψυχῆς
659 868 752 920 τοῦ
805 870 999 939 ἀνδρός
1038 871 1206 936 ἕξεων
1261 875 1354 927 καὶ
1413 875 1730 940 διαθέσεων,
1783 883 1881 934 καὶ

301 957 492 1026 ἠρέμα
530 960 625 1012 καὶ
663 961 804 1014 κατὰ
855 963 1056 1032 μικρὸν
1115 965 1204 1018 ἀεὶ
1259 970 1624 1038 σκοπουμένῳ
1673 988 1732 1022 τε
1787 974 1880 1025 καὶ

295 1047 743 1115 ἀναλαμϐάνοντι
788 1051 879 1104 τὸν
921 1053 1022 1122 τῆς
1080 1056 1338 1124 συνεχοῦς
1370 1060 1616 1122 εἰκασίας
1661 1063 1878 1131 εἱρμὸν,

296 1141 410 1199 τοῖς
447 1138 686 1210 πρώτοις
727 1143 1078 1212 ἐναρμόττειν
1138 1147 1306 1216 ἴχνεσι
1362 1149 1464 1212 τὰς
1511 1153 1739 1206 κατόπιν
1784 1155 1880 1216 τὰς

295 1232 363 1282 ἐκ
396 1229 674 1300 λογισμῶν
703 1233 945 1304 ἐφόδους,
972 1237 1082 1288 κάκ
1106 1243 1265 1302 ποίας
1295 1240 1456 1303 εὐθὺς
1486 1243 1684 1296 εἰδέναι
1723 1246 1881 1314 ῥίζης

296 1322 358 1373 τὸ
410 1327 644 1391 πονηρδν
696 1325 872 1378 ἐκεῖνο
912 1325 1201 1394 βλαστάνει
1249 1332 1536 1401 γεώργιον,
1573 1336 1679 1388 κάκ
1724 1337 1881 1401 ποίας

297 1415 479 1479 χεῖται
506 1415 691 1484 πηγῆς
723 1416 792 1470 τά
815 1419 1056 1472 τοσαῦτα
1106 1423 1245 1474 κατὰ
1273 1423 1378 1474 τῶν
1413 1424 1573 1475 Οείων
1608 1427 1704 1494 τῆς
1753 1428 1878 1478 Ἐκο

298 1504 532 1573 κλησίας
562 1506 852 1576 δογμάτων
898 1511 1161 1580 ναυάγια,
1198 1516 1291 1567 καὶ
1317 1516 1440 1569 ὅθεν
1484 1516 1564 1569 ἔτι
1615 1519 1881 1589 πολύχουν

295 1595 448 1648 οὕτω
478 1601 573 1650 καὶ
606 1599 838 1665 ἄφθονον
883 1607 1025 1658 κατὰ
1054 1606 1152 1674 τῆς
1186 1603 1471 1676 Ῥωμαίων
1515 1609 1683 1681 τύχης
1718 1615 1800 1681 ρεῖ
1822 1615 1883 1666 τὸ

296 1683 360 1755 [Γ.
405 1685 499 1740 121
552 1686 606 1758 b]
653 1691 1006 1759 κακόδαιμον,
1065 1692 1188 1748 καθ’
1228 1694 1352 1748 ὅσον
1400 1696 1620 1764 ἐφικτὸν
1674 1691 1882 1768 ἀνθρώ-

294 1796 452 1842 ποις”
492 1781 552 1833 τὸ
579 1784 687 1851 γὰρ
716 1782 901 1854 ἄκρως
936 1783 1136 1855 ἀληθὲς
1166 1786 1314 1858 μόνῳ
1343 1786 1464 1855 Θεῷ
1503 1790 1877 1857 τεταμίευται.

2943 309 2963 338 4

1274 391 1727 455 ΒΥΖᾹΝΤΙΝᾸΞ
1771 398 1876 458 [IIE

1982 400 2152 460 lRLE
2192 403 2340 466 LIB.
2389 403 2597 465 XXVI.
3492 404 3561 464 ιιι

353 386 366 411 1

296 499 381 587 δοῖ
426 496 532 568 τῆς
573 499 741 554 πάλαι
773 500 866 554 τοῦ
896 501 1090 568 ἀνδρὸς
1138 503 1343 573 φιλίας.
1387 509 1723 579 Ἀπογρῆναι
1765 513 1874 580 γὰρ

1983 516 2190 570 veteris
2219 532 2342 570 eum
2378 517 2601 572 homine
2627 517 2903 572 amicitiae.
2965 516 3060 572 Illa
3107 531 3239 572 vero
3269 517 3564 587 prudenti-

1986 606 2088 662 bus
2122 608 2254 663 viris
2284 618 2340 663 et
2366 609 2460 664 tibi
2486 609 2722 664 maxime
2746 611 2854 679 jam
2893 609 3143 664 suiiicere
3199 608 3464 673 arbitror,
3499 622 3558 666 ut

1985 697 2114 752 talia
2141 709 2370 754 externa
2402 700 2601 754 indicia
2631 700 3020 770 persequendo
3039 700 3106 754 ad
3138 701 3344 768 primas
3371 715 3565 754 causas

1982 800 2037 844 et
2073 792 2314 845 rationes
2346 792 2572 846 habitus
2595 792 2766 844 animi
2819 802 2876 845 et
2904 791 3216 844 aﬂ'eclionis
3265 792 3564 859 pervenias

1983 894 2148 951 atque
2187 884 2498 952 cognitione
2530 884 2736 937 sensim
2767 881 3144 950 paulatimque
3177 881 3562 954 progrediente

1983 975 2235 1028 ordinem
2269 975 2503 1029 assiduae
2548 975 2981 1043 comparationis
3037 991 3214 1042 usque
3263 974 3562 1043 repetendo

1985 1068 2178 1135 primis
2209 1068 2453 1136 vestigiis
2485 1069 2826 1138 posteriores
2857 1068 3224 1135 cogitationes
3260 1077 3427 1132 atque
3467 1063 3565 1117 ob-

1984 1161 2332 1214 servationes
2363 1162 2592 1229 adaptes
2619 1179 2634 1225 ;
2674 1161 2820 1229 quod
2851 1161 2895 1213 si
2930 1161 3149 1224 feceris,
3195 1174 3264 1212 ex
3294 1159 3437 1227 quali
3469 1174 3562 1212 ra-

1983 1251 2103 1306 dice
2137 1252 2437 1314 nialusille
2468 1253 2682 1307 fructus
2711 1262 2910 1306 enatus
2958 1254 3047 1314 sit,
3109 1261 3173 1306 ex
3216 1251 3362 1319 quali
3415 1250 3564 1304 fonte

1987 1353 2141 1398 tanta
2176 1344 2229 1397 in
2271 1355 2484 1399 sacrata
2505 1345 2765 1399 Ecclesiae
2798 1345 3051 1413 dogmata
3079 1343 3360 1412 naufragia
3387 1341 3562 1394 etfusa

1982 1437 2110 1498 sint.
2153 1437 2296 1492 unde
2322 1448 2467 1491 tanta
2503 1438 2737 1492 miseris;
2765 1439 2921 1506 copia
2956 1446 3119 1504 atque
3162 1437 3333 1490 moles
3369 1436 3421 1488 in
3457 1435 3562 1487 Ro-

1985 1543 2272 1580 manorum
2313 1528 2590 1582 fortunam
2617 1528 2941 1582 etiamnunc
2968 1527 3264 1590 redundet,
3305 1525 3558 1593 protinus

1983 1633 2302 1690 cognosces,
2339 1629 2612 1688 quatenus
2639 1619 2890 1674 homines
2945 1618 2997 1673 id
3056 1627 3240 1672 mente
3293 1617 3558 1684 consequi

1985 1723 2234 1781 possunt.
2279 1712 2438 1782 110
2467 1709 2623 1777 Nam,
2679 1711 2826 1781 quod
2873 1713 3024 1764 omni
3077 1727 3141 1765 ex
3179 1719 3335 1780 parte
3368 1725 3559 1764 verum

1982 1817 2087 1865 est,
2123 1804 2232 1859 Deo
2262 1806 2364 1857 soli
2390 1813 2724 1858 reservatur.
2759 1806 2942 1868 Quare
2985 1817 3111 1856 cum
3139 1803 3364 1864 multos,
3388 1816 3564 1870 quan-

296 1870 461 1922 Ὥστε
498 1888 557 1924 σε
587 1871 765 1942 χρεὼν
816 1874 1027 1944 ὁρῶντα
1082 1875 1370 1938 πλείστους
1418 1878 1476 1930 ού
1531 1879 1741 1947 μεγάλα
1781 1881 1876 1948 μὲν

1985 1851 2087 1865 ν--.
2123 1851 2228 1859 ν--
2263 1851 2364 1857 ν-.-
2392 1851 2528 1858 --η-
2556 1851 2724 1858 --ντη
2767 1851 2940 1868 ν---
2993 1851 3111 1856 η--
3139 1851 3364 1864 ---η-η,
3395 1851 3531 1870 γρ.

1985 1908 2147 1962 quam
2199 1893 2377 1962 palam
2434 1908 2544 1946 non
2612 1908 2808 1962 magna
2865 1891 3067 1946 delicta
3140 1890 3560 1954 commiserunt,

294 1965 353 2026 ἐς
386 1961 662 2033 προῦπτον
691 1967 1124 2037 ἁμαρτάνοντας,
1161 1969 1372 2038 μεγάλα
1401 1969 1446 2022 δ’
1476 1965 1568 2024 οῦν
1616 1973 1671 2034 ἐς
1717 1973 1881 2040 rapti)-

293 2073 434 2109 πτον
483 2055 832 2126 πάσχοντας,
863 2057 991 2128 μήτ’
1039 2061 1263 2131 ἀπορεῖν
1336 2062 1472 2131 μήτε
1515 2065 1882 2132 γνωσιμαχεῖν

293 2149 357 2210 ὲς
400 2148 679 2214 πλεῖστον,
712 2149 847 2201 ἀλλὰ
888 2149 965 2218 τῷ
1022 2152 1168 2222 μόνῳ
1204 2152 1320 2221 Θεῷ
1366 2153 1762 2223 παραπέμπειν
1786 2156 1883 2218 τὴν

293 2240 508 2310 κρίσιν,
540 2241 618 2309 τῷ
665 2243 767 2305 τὰς
817 2243 1040 2312 πρώτας
1074 2244 1251 2306 αίτίας
1286 2243 1608 2310 Υινώσκοντι
1643 2248 1740 2312 τῆς
1784 2249 1881 2312 τὶς

292 2331 511 2392 ἑννοίας
545 2331 774 2402 ἐχούσης
816 2333 998 2403 ψυχῆς
1041 2336 1172 2404 περὶ
1209 2333 1346 2386 Θεοῦ
1373 2352 1430 2388 τε
1462 2337 1554 2387 καὶ
1585 2336 1691 2388 τῶν
1725 2336 1882 2389 Θείων

293 2424 586 2493 δογμάτων
624 2425 765 2479 πάνυ
815 2443 868 2478 τι
929 2425 1228 2502 σφραλεράς,
1279 2429 1372 2480 καὶ
1424 2428 1605 2497 ἥκιστ’
1642 2431 1697 2490 ἐς
1730 2429 1880 2480 πλεῖ-

296 2531 424 2567 στον
473 2516 785 2590 ἀνεχομένῳ
839 2515 938 2586 τὴν
995 2517 1104 2570 τῶν
1154 2516 1419 2570 πλείστων
1450 2520 1506 2570 ὲν
1535 2523 1744 2582 τούτοις
1777 2537 1880 2572 κα-

297 2609 527 2662 λύπτειν
557 2609 739 2678 σιγὴν,
769 2610 876 2662 τῶν
914 2628 972 2662 τε
1015 2611 1194 2664 ἄλλων
1227 2611 1320 2664 καὶ
1351 2612 1466 2664 ὅσοι
1500 2614 1612 2675 τοῖς
1661 2615 1882 2666 ἐπισκοδ

300 2704 481 2763 πικοῖς
517 2702 854 2772 ὲνιδρύονται
911 2704 1144 2772 Θρόνοις,
1200 2705 1250 2756 οἳ
1303 2706 1644 2758 συνευδοκεῖν
1695 2707 1876 2758 ἑκοντὶ

295 2795 419 2856 ταῖς
447 2793 644 2862 ἀρχαῖς
671 2796 766 2846 καὶ
799 2795 1071 2858 ἐξουσίαις
1103 2795 1206 2847 οὐκ
1236 2796 1452 2848 ὀκνοῦσι
1485 2796 1574 2848 τοῦ
1605 2797 1873 2864 παρόντος

299 2882 521 2950 αἰῶνος,
565 2885 642 2952 πῆ
685 2885 784 2951 μὲν
843 2885 1075 2955 ματαίας
1125 2885 1288 2939 ἕνεκα
1337 2888 1495 2955 δόξης
1541 2890 1636 2941 καὶ
1682 2886 1873 2954 τύχης,

299 2977 376 3044 πῆ
415 2974 471 3026 δὲ
505 2977 852 3047 προτκαίρων
886 2977 1012 3030 οἴων
1076 2978 1137 3048 δή
1179 2995 1339 3030 τινων
1381 2979 1583 3044 φόϐων.
1628 2977 1882 3038 Ἐκόντες

300 3065 412 3132 γὰρ
479 3064 730 3135 ἑκάτεροι
771 3066 840 3116 τὰ
885 3065 1116 3133 μέγιστα
1169 3066 1489 3118 λανθάνουσι
1551 3065 1881 3135 βλάπτοντες

300 3158 456 3225 κοινῇ
480 3173 538 3206 τε
561 3158 654 3208 καὶ
681 3156 801 3207 καθ’
828 3156 1034 3208 ἕκαστα
1059 3156 1309 3217 ἑαυτοὺς,
1343 3157 1440 3222 τῆς
1471 3155 1694 3207 αἰωνίου
1723 3155 1880 3224 δόξης

303 3248 403 3313 τὴν
436 3247 652 3300 αἰώνιον
683 3247 1070 3317 ἁλλαττόμενοι
1102 3247 1341 3300 κόλασιν.
1371 3241 1448 3298 Ἷι
1483 3249 1591 3316 γὰρ
1624 3247 1688 3298 ἂν
1712 3248 1880 3302 καθά-

303 3339 416 3402 παξ
451 3340 712 3402 ἅπαντες,
761 3339 793 3408 ἦ
849 3339 910 3390 τό
943 3355 1006 3405 γε
1059 3339 1310 3407 δεύτερον
1368 3338 1416 3389 oi
1472 3339 1708 3402 πλείους,
1741 3337 1876 3406 ὑπὲρ

306 3435 403 3500 τῆς
438 3432 670 3500 πατρίου
705 3431 940 3492 πίστεως
973 3432 1030 3493 ἐς
1065 3430 1192 3500 μίαν
1220 3431 1521 3499 ἀθλητικὴν
1557 3431 1877 3499 παραταξά-

307 3542 461 3593 μενοι
493 3525 754 3592 φάλαγγα
799 3525 942 3578 δυοῖν
972 3541 1031 3577 τε
1069 3524 1176 3576 τῶν
1218 3525 1521 3578 καλλίστων
1559 3523 1876 3594 ἐτύγχανον,

305 3617 402 3667 καὶ
429 3616 548 3684 ἅμα
571 3614 714 3667 δυοῖν
747 3614 856 3667 τῶν
887 3615 1163 3667 κακίστων
1201 3615 1509 3684 ἀπείχοντο.
1543 3613 1656 3685 Τήν
1684 3633 1741 3666 τε
1771 3617 1878 3684 γὰρ

307 3706 522 3761 ἑαυτῶν
550 3705 722 3760 ἁῖ-διον
778 3707 1121 3776 ἐκαρποῦντο
1176 3707 1466 3776 ὠφέλειαν,
1498 3708 1590 3760 καὶ¹
1641 3706 1756 3774 ἅμα
1787 3708 1878 3760 τὸν

312 3798 540 3866 βασιλέα
583 3799 857 3869 μακάριον
918 3799 1109 3868 ἔδρων,
1157 3801 1272 3860 τοῖς
1311 3799 1559 3869 πατρίοις
1596 3799 1878 3862 πείθοντες

309 3891 459 3959 ὅροις
511 3889 774 3958 ἐμμένειν
818 3889 914 3943 καὶ
967 3887 1224 3958 δόγμασι.
1263 3890 1414 3959 Μηδὲ
1445 3891 1552 3960 γὰρ
1581 3889 1877 3960 δυνάμενος

307 3983 566 4047 καθάπαξ
592 3983 796 4036 ἅπασιν
825 3981 988 4046 αὐτὸς
1016 3981 1397 4046 ἀνθίστασθαι,
1429 3984 1524 4035 καὶ
1566 3982 1714 4035 ἄκων
1748 3981 1877 4050 γοῦν

308 4077 420 4138 τοῖς
465 4076 568 4143 τῆς
602 4075 989 4144 ὁμοφροσύνης
1024 4075 1307 4127 εὐσεϐἐσιν
1341 4075 1486 4142 ὅροις
1529 4073 1877 4142 συνηλαύνετ’

308 4173 397 4236 ἂν,
426 4171 570 4222 καθὰ
597 4171 690 4221 καὶ
721 4169 991 4229 πλείστοις
1022 4167 1198 4231 ἄλλοις
1231 4166 1433 4235 ἀλλαχῆ
1467 4167 1705 4233 πολλαχῆ
1738 4182 1877 4234 συμ-

308 4261 596 4322 πεπτωκὸς
625 4260 743 4313 κατ’
773 4260 945 4312 ἄλλοτ’
977 4259 1170 4321 ἄλλους
1204 4260 1328 4319 τοὺς
1361 4259 1605 4326 χρόνους,
1640 4255 1734 4308 νῦν
1777 4257 1876 4325 μὲν

309 4355 469 4415 ἐνίοις
503 4353 743 4421 ἐνιαχοῦ,
783 4351 876 4404 νῦν
903 4353 958 4405 δὲ
987 4352 1284 4413 πλείστοις,
1326 4350 1384 4401 τὸ
1419 4350 1669 4402 πλεῖστον
1703 4352 1875 4402 εἰπεῖν

307 4450 384 4507 είς
417 4446 691 4512 σωτηρίαν
722 4445 1022 4513 ἀπέχρησε,
1060 4445 1155 4496 καὶ
1210 4442 1384 4501 οὕτως
1421 4439 1547 4494 οὔτε
1597 4441 1698 4509 τῆς
1747 4442 1877 4493 αἰω-

306 4541 419 4589 νίου
471 4537 627 4604 δόξης
687 4536 968 4604 ὑπερόριοι
1013 4533 1280 4602 ἐγίγνοντ’
1318 4534 1410 4595 ἂν,
1458 4534 1554 4586 καὶ
1604 4535 1720 4603 ἅμα
1774 4535 1873 4600 τῆς

310 4625 526 4676 αἰωνίου
591 4623 870 4684 κολάσεως
923 4622 1203 4692 ὑπερόριοι
1268 4621 1412 4690 μάλα
1473 4639 1523 4674 τι
1581 4621 1875 4691 εὐπρεπῶς

309 4714 570 4780 ἐγίγνοντ’
609 4713 697 4766 ἄν.
741 4711 1056 4764 Κάντεῦοεν
1111 4713 1211 4782 τήν
1245 4711 1292 4763 τ’
1319 4713 1524 4765 οἰκείαν
1555 4715 1873 4766 συνέϐαινεν

307 4806 369 4856 ἂν
393 4805 575 4874 χώραν
601 4803 832 4874 ἀζήμιον
863 4804 1008 4872 ἔχειν
1030 4804 1138 4866 ἀεὶ,
1167 4806 1260 4856 κα)⁵
1290 4805 1402 4873 ἅμα
1438 4803 1536 4873 τὴν
1582 4807 1872 4872 ἀλλοτρίαν

309 4897 710 4966 προσκτᾶσθαι,
764 4899 858 4950 καὶ
912 4896 1228 4950 δουλοῦσθαι
1265 4897 1363 4964 μὲν
1413 4898 1619 4948 οὐδέσιν
1664 4897 1870 4949 ἔθνεσιν

309 4991 584 5052 οιδέποτε,
621 4991 888 5052 δεσπότας
913 4989 957 5042 δ’
991 4991 1169 5043 ἄλλοτ’
1213 4990 1388 5043 ἄλλων
1415 4989 1699 5056 γίγνεσθαι
1735 4992 1873 5040 κατὰ

314 5084 502 5152 μικρὸν
558 5083 727 5134 ἐθνῶν
782 5082 889 5147 ἀεὶ,
947 5079 1043 5146 τῆς
1093 5083 1238 5144 θείας
1279 5085 1362 5135 ἀεὶ
1400 5084 1582 5147 δεξιαῖς
1626 5082 1871 5146 εὐμενῶς

1912 4591 1952 4644 D

1955 1985 2200 2053 \magnis
2241 1993 2419 2037 tamen
2445 1985 2604 2038 malis
2631 1985 2809 2050 palam
2853 1983 2994 2036 atlici
3029 1983 3203 2045 vides,
3255 1997 3360 2036 non
3401 1981 3561 2050 inops

1988 2075 2206 2128 consilii
2250 2091 2370 2130 esse
2405 2075 2576 2129 debes
2623 2076 2706 2128 vel
2745 2075 3093 2130 dubitatione
3155 2084 3413 2135 aestuare,
3466 2074 3560 2128 sed

1985 2166 2086 2219 soli
2126 2167 2233 2218 Deo
2258 2168 2584 2233 permittere
2614 2165 2911 2235 judicium,
2967 2166 3062 2234 qui
3108 2165 3314 2234 primas
3366 2180 3561 2219 causas

1987 2255 2152 2308 animi
2193 2254 2422 2308 lubricis
2448 2254 2740 2309 admodum
2775 2253 2844 2308 de
2866 2254 2974 2308 Deo
2998 2253 3310 2321 divinisque
3335 2253 3560 2320 dogma-

1988 2349 2056 2400 tis
2079 2347 2432 2416 Opinionibus
2457 2345 2652 2400 imbuti
2675 2345 2962 2416 cognoscit
2989 2360 3164 2414 neque
3193 2345 3558 2412 plurimorum

1985 2433 2052 2488 de
2088 2435 2235 2488 hisce
2270 2436 2436 2489 rebus
2491 2437 2776 2489 silentium
2838 2435 2930 2490 diu
2993 2435 3253 2504 obtegere
3322 2434 3562 2488 sustinet

1985 2537 2108 2593 eum
2139 2521 2374 2574 aliorum
2409 2530 2523 2574 tum
2573 2538 2793 2584 eorum,
2849 2522 2944 2591 qui
3006 2522 3058 2575 in
3090 2522 3385 2591 episcopali
3433 2521 3561 2575 sede

1986 2611 2272 2665 constituti
2319 2611 2463 2665 ultro
2497 2628 2619 2666 cum
2656 2611 3067 2682 magistratibus
3115 2622 3169 2666 et
3197 2611 3563 2682 potesmtibus

1987 2703 2146 2772 hujus
2179 2704 2361 2757 smculi
2393 2705 2596 2760 sentire
2623 2720 2733 2758 non
2763 2704 3044 2764 dubitant,
3073 2719 3178 2772 qua
3221 2718 3356 2756 vana
3383 2703 3556 2771 gloria

1984 2806 2040 2848 et
2069 2795 2310 2860 fortuna,
2349 2811 2456 2865 qua
2511 2797 2804 2850 timoribus
2836 2797 3166 2864 quibusdam
3218 2796 3561 2863 temporariis

1985 2885 2156 2938 ducti.
2183 2886 2289 2940 Sua
2319 2888 2464 2940 enim
2493 2896 2690 2956 sponte
2732 2889 2950 2956 utrique
2987 2887 3091 2941 sibi
3147 2897 3202 2940 et
3257 2886 3560 2940 universirn

1985 2985 2042 3029 et
2071 2975 2385 3046 singulatim
2418 2979 2774 3033 Vehementer
2814 2977 2918 3032 sibi
2955 2985 3189 3038 nocent,
3229 2990 3352 3030 cmn
3397 2983 3560 3028 :eter-

1986 3082 2111 3120 nam
2143 3068 2375 3137 gloriam
2409 3084 2532 3123 cmn
2568 3080 2770 3122 aeterna
2804 3069 3164 3138 castigatione
3192 3075 3557 3122 commutent.

1935 3192 1951 3245 Ξ
1985 3153 2120 3236 Diam
2158 3159 2404 3228 profecto
2435 3162 2480 3214 si
2512 3159 2577 3214 ad
2613 3177 2782 3215 unum
2809 3177 3004 3214 omnes
3027 3161 3107 3215 vel
3151 3161 3324 3230 major
3363 3160 3556 3214 saltem

1987 3263 2114 3317 pars
2144 3247 2209 3300 ad
2237 3251 2467 3316 patriam
2507 3249 2666 3302 fidem
2695 3249 3098 3304 defendendam
3123 3250 3186 3303 ad
3217 3265 3376 3302 unam
3403 3249 3560 3317 quasi

1980 3338 2290 3392 athleticam
2326 3338 2497 3394 aciem
2527 3355 2646 3394 sese
2679 3342 3102 3412 conjungerent,
3146 3341 3284 3394 duas
3318 3357 3403 3393 res
3434 3357 3557 3394 eas-

1980 3443 2087 3498 que
2110 3427 2346 3496 optimns
2374 3430 2819 3484 nanciscerentur
2847 3431 3119 3500 simulque
3146 3431 3359 3484 duabus
3387 3431 3561 3498 iisque

1979 3519 2233 3588 pessimis
2271 3519 2776 3586 abstinerent;sibi
2825 3521 2975 3575 enim
3035 3522 3427 3590 sempiternam
3474 3537 3560 3573 sa-

1978 3613 2150 3667 lutem
2178 3621 2457 3683 pararent,
2485 3614 2870 3682 imperatorem
2887 3629 3020 3669 vero
3037 3613 3257 3668 beatum
3289 3614 3558 3680 facerent,

1980 3704 2025 3757 si
2054 3704 2103 3758 ei
2139 3703 2562 3773 persuaderent,
2627 3714 2688 3758 ut
2757 3703 2811 3758 in
2843 3703 3046 3758 finibus
3078 3717 3244 3774 atque
3286 3705 3558 3772 dogmatis

1978 3808 2008 3846 a
2037 3793 2284 3862 patribus
2315 3791 2631 3846 constitutis
2659 3803 3029 3860 permaneret.
3075 3793 3208 3848 Cum
3233 3793 3379 3846 enim
3404 3795 3557 3848 solus

1978 3880 2236 3936 omnibus
2275 3881 2534 3934 resistere
2586 3897 2694 3934 non
2743 3893 2953 3950 posset,
3021 3882 3102 3935 vel
3157 3883 3362 3936 invitus
3413 3883 3555 3935 intra

1977 3955 2284 4028 concordia:
2312 3972 2449 4027 liues
2488 3972 2940 4040 compelleretur,
2978 3973 3030 4025 id
3078 3975 3224 4042 quod
3258 3976 3558 4042 compluri-

1978 4067 2080 4121 bus
2110 4066 2232 4120 aliis
2283 4065 2387 4118 alia
2428 4069 2642 4119 ratione
2706 4064 2943 4134 aliisque
2983 4067 3321 4134 tenuioribus
3355 4067 3559 4120 accidit

1977 4168 2142 4228 atque
2176 4167 2288 4212 tum
2325 4157 2607 4211 nonnullis
2633 4156 2928 4222 interdum,
2993 4169 3104 4210 tum
3142 4158 3396 4226 plurimis
3447 4176 3559 4212 ma-

1977 4257 2122 4311 xime
2155 4255 2221 4310 ad
2249 4255 2478 4308 salutem
2509 4254 2662 4322 111
2699 4252 2933 4307 suffecit.
2962 4251 3079 4306 Tali
3117 4252 3348 4312 ratione,
3403 4264 3458 4305 ut
3485 4255 3554 4306 ab

1978 4359 2182 4403 aeterna
2213 4347 2382 4418 gloria
2421 4362 2529 4400 non
2558 4345 2792 4409 exclusi,
2851 4347 2923 4398 ita
2957 4345 3026 4398 ab
3070 4355 3274 4399 {eterna
3317 4346 3554 4416 castiga-

1978 4443 2128 4494 tione
2170 4438 2561 4493 decentissime
2593 4439 2787 4492 remoti
2834 4447 3040 4492 essent.
3093 4439 3223 4492 lude
3276 4440 3450 4502 fieret,
3495 4451 3554 4494 ut

1978 4547 2087 4584 non
2119 4531 2280 4584 modo
2328 4545 2481 4583 suam
2519 4539 2717 4584 terram
2765 4531 3028 4599 integram
3063 4547 3283 4598 semper
3313 4533 3560 4600 posside-

1983 4632 2124 4687 rent,
2160 4638 2348 4675 verum
2387 4621 2551 4675 etiam
2596 4621 2942 4691 peregrinanti
3011 4624 3116 4676 sibi
3171 4627 3551 4692 acquirerem,

1983 4733 2158 4786 neque
2183 4733 2211 4770 a
2246 4718 2542 4786 gentilibus
2579 4731 2818 4784 unquam
2860 4715 2914 4768 in
2962 4715 3284 4768 servitutem
3341 4717 3554 4783 redige-

1981 4819 2191 4872 rentur,
2221 4810 2315 4871 sed
2343 4809 2572 4861 aliarum
2608 4808 2715 4861 alio
2747 4817 2990 4875 tempore
3024 4809 3268 4876 gentium
3291 4806 3550 4859 domina—

1981 4902 2186 4954 tionem
2221 4901 2480 4968 paulatim
2523 4901 2999 4960 nanciscerentur,
3060 4899 3241 4950 divini
3302 4899 3547 4965 potentia

1980 5006 2260 5061 numquam
2315 5007 2422 5044 non
2472 4994 2724 5060 proprias
2783 4992 3158 5059 possessiones
3215 5000 3466 5044 servante
3499 5000 3554 5042 et

1979 5083 2044 5138 ad
2080 5083 2398 5154 ampliorem
2428 5095 2484 5138 et
2514 5079 2774 5155 majorem
2809 5083 3126 5137 felicitatem
3159 5082 3418 5136 ducente.

311 5178 686 5246 φυλαττούσης
714 5179 804 5230 τὸν
845 5179 974 5230 ἴδιον
1022 5179 1223 5247 κλῆρον
1253 5219 1269 5245 ,
1321 5179 1649 5246 εὐθυνοὺσης
1704 5178 1838 5247 πρὸς
1878 5180 2176 5250 εὐκληρί>ν
2211 5181 2409 5243 πλάτος
2458 5181 2551 5234 καὶ
2586 5179 2840 5251 μέγεθος.

381 5272 507 5323 KA'.
556 5270 693 5320 Ἀλλ’
727 5271 905 5338 ἔγωγέ
948 5288 1052 5333 σοι,
1089 5274 1218 5342 φίλη
1251 5291 1340 5343 μοι
1372 5275 1602 5343 κεφαλὴ.
1639 5286 1705 5328 τὶι
1760 5294 1866 5329 πα-

312 5363 587 5430 ραπλήσια
620 5360 864 5414 ἐπειπὼν
897 5361 1179 5432 βεϐαιώσω
1215 5368 1282 5416 τὰ
1316 5368 1580 5434 εἰρημένα
1611 5371 1864 5435 caesare-

312 5471 420 5519 ρον,
455 5456 518 5504 εκ
559 5459 698 5505 πάνυ
732 5453 939 5506 πολλῶν
969 5449 1042 5507 ὧν
1076 5472 1165 5522 μοι
1196 5456 1464 5526 τετύχηκε
1501 5459 1606 5524 πρὸ
1641 5463 1870 5529 βραχέος

309 5545 604 5616 ἀκηκοέναι
655 5547 748 5597 καὶ
801 5540 878 5598 ὧν
910 5547 1192 5615 εἰληφέναι
1231 5548 1297 5600 δι’
1329 5550 1529 5618 ὄψεων,
1565 5553 1704 5605 πάνυ
1739 5551 1871 5620 βρα-

310 5641 402 5702 χὲα
433 5639 532 5706 σὴν
570 5637 926 5706 ἐκλεξάμενος
975 5639 1156 5708 χάριν.
1195 5636 1364 5691 Οἶσθα
1415 5641 1480 5708 δὴ
1530 5643 1746 5704 πάντως
1781 5644 1872 5694 καὶ

311 5730 536 5796 Συμεὼν
591 5731 817 5793 ἐκείιον,
861 5724 905 5798 ᾧ
954 5731 1015 5783 τὸ
1070 5732 1444 5800 νομοφύλακος
1488 5737 1868 5802 προσεγεγόνει

310 5819 525 5886 οξίωμα
573 5819 628 5868 ἐν
659 5823 722 5888 τῇ
753 5820 857 5873 τῶν
895 5822 1237 5890 πραγμάτων
1271 5823 1427 5890 ζάλῃ,
1454 5825 1508 5886 ὃς
1544 5829 1639 5884 τοί¹
1687 5829 1867 5877 Παλα-

2053 5281 2195 5335 ΧΧΙ.
2232 5281 2336 5336 Sed
2381 5297 2504 5351 ego,
2545 5280 2926 5334 eba‘rissimum
2955 5285 3140 5344 caput,
3170 5263 3366 5330 simillia
3400 5273 3580 5343 (μιευέ

1979 5375 2102 5428 dam
2141 5374 2372 5437 addam,
2433 5383 2492 5425 ut
2529 5373 2672 5426 dicta
2718 5372 3035 5423 confirmem
3086 5368 3382 5424 dilucidius
3410 5405 3423 5427 ,
3482 5380 3549 5416 ex

1977 5467 2264 5536 permultis
2303 5466 2487 5525 rebus,
2523 5481 2658 5533 quas
2705 5464 2854 5516 brevi
2894 5474 3018 5516 ante
3070 5461 3253 5515 audivi
3293 5472 3347 5512 et
3374 5457 3552 5510 oculis

1980 5555 2221 5625 percepi,
2284 5571 2485 5624 paucas
2547 5565 2634 5607 tua
2694 5554 2865 5618 gratia
2921 5552 3189 5607 delibans.
3231 5546 3548 5618 Cognovisti

1979 5659 2126 5702 certe
2162 5649 2485 5718 Symeonem
2515 5647 2688 5702 ilium,
2737 5645 2827 5712 qui
2861 5644 3103 5698 custodis
3135 5642 3311 5709 legum
3349 5652 3549 5688 munus

1980 5737 2032 5787 in
2078 5753 2258 5789 rerum
2305 5737 2478 5789 turbis
2510 5747 2698 5788 nactus
2729 5735 3003 5787 I‘ulantitis
3044 5731 3154 5783 oris
3176 5739 3230 5781 et
3267 5728 3462 5796 lingua:
3492 5736 3550 5778 et

1978 5827 2109 5894 ίίᾋῖε
2143 5828 2310 5880 ill-*1"?
2338 5837 2453 5887 ρι’ἱὶῑ
2483 5841 2644 5896 atque
2679 5827 2878 5891 i'::;‘i:-*,
2911 5835 2964 5878 ut
3000 5825 3068 5876 ita
3094 5822 3549 5883 dicam,catcrvzs
