4070 6326
3300 332 3337 360 ο

500 395 576 460 95
1697 392 2126 457 NlCEPHORI
2166 391 2556 453 GREGORIE
3686 392 3748 455 96

500 507 657 576 quasi
685 505 793 561 dux
833 505 1188 571 constitutus,
1219 508 1290 563 'ut
1337 507 1428 575 qui
1480 515 1649 560 totum
1686 504 1818 559 illud
1870 504 2071 558 sodali-

2186 501 2370 570 μίταις
2424 503 2520 555 καὶ
2577 500 2750 571 στόμα
2802 501 2896 555 καὶ
2937 501 3150 571 γλῶττα
3196 505 3294 561 καὶ
3344 505 3510 576 νόμος
3537 500 3628 575 ἦν,
3662 504 3751 559 καὶ

501 602 638 651 lium
666 596 958 665 prudentia
991 608 1297 667 superaret.
1340 597 1437 651 llic
1479 612 1604 651 cum
1634 595 1880 662 alioquin
1931 604 2079 651 esset

495 689 892 756 egentissimus
950 698 1004 742 et
1060 688 1202 743 fame
1254 689 1704 752 conﬂictaretur,
1761 687 2077 740 adulatione

497 780 649 834 varie
682 780 965 834 circumiit
988 780 1167 834 claros
1199 780 1366 839 viros.
1411 790 1471 832 ut
1503 779 1630 833 vita:
1663 778 1959 833 toleranda:
1982 793 2079 847 op-

499 872 891 939 pirtuuitatem
926 881 1171 940 captaret
1219 871 1537 941 victumque
1591 882 1862 941 qua‘reret
1920 873 2070 934 sibi,

495 962 704 1025 liberis,
732 950 938 1023 ’uxori,
979 962 1076 1015 teti
1108 961 1349 1031 denique
1397 962 1641 1017 familiae.
1682 964 1943 1030 Quamvis
1979 964 2077 1033 igi-

499 1065 586 1104 tur
627 1056 813 1113 sciret.
864 1053 918 1106 in
950 1069 1113 1122 quam
1155 1053 1465 1121 perniciosa
1507 1062 1671 1124 atque
1720 1056 2075 1111 abominabili

492 1143 808 1197 mnditioue
859 1152 1216 1197 versarentur
1268 1143 1501 1199 Palamae
1560 1147 1833 1215 dogmata,
1893 1158 2073 1203 tamen

495 1237 684 1300 ᾳιωιυίιε
719 1245 883 1304 atque
906 1237 1063 1305 112
1086 1237 1400 1291 divitiarum
1427 1240 1884 1308 temporariarum
1911 1257 2073 1296 causa

492 1326 745 1393 dogmata
778 1325 1049 1381 Palamica
1081 1328 1385 1397 amplexus.
1436 1337 1496 1383 ut
1542 1335 1657 1399 Ipse
1689 1331 1884 1386 melius
1941 1334 2073 1397 scis,

492 1417 694 1485 oppido
734 1418 1014 1487 subjectos
1046 1427 1214 1488 atque
1242 1422 1468 1477 serviles
1499 1438 1609 1492 pra:
1635 1439 1694 1478 se
1722 1424 1843 1478 tulit
1871 1441 2072 1481 mores.

493 1511 672 1571 Quare
701 1524 890 1563 earum
930 1525 1136 1574 rerum,
1178 1527 1316 1579 quas
1353 1514 1587 1568 maxime
1612 1516 1923 1584 appetebat,
1963 1532 2074 1570 ma-

496 1601 636 1652 xima
692 1603 848 1669 copia
923 1601 1273 1657 continenter
1332 1605 1557 1671 quidem
1602 1607 1929 1672 fruebatur,
1981 1608 2075 1662 sed

495 1707 771 1758 nunquam
806 1700 986 1745 tamen
1015 1694 1341 1751 satiebatur.
1382 1696 1579 1750 Verum
1616 1699 1763 1752 enim
1790 1715 1918 1754 vero
1950 1716 2072 1754 rum

496 1797 674 1848 nuper
704 1794 1006 1837 extremam
1038 1794 1227 1852 ageret
1253 1788 1377 1842 vita:
1408 1790 1670 1851 animam,
1698 1791 1891 1843 morbo
1910 1801 2073 1861 atque

404 1930 411 1935 _
494 1875 921 1943 cogitationibus
951 1878 1227 1933 cruciatus
1261 1895 1356 1949 per
1402 1896 1598 1935 novem
1649 1883 1909 1952 deinceps
1955 1884 2074 1940 dies

494 1966 636 2018 lecto
661 1979 779 2023 erat
807 1968 1018 2034 aliixus,
1054 1971 1253 2039 quibus
1286 1987 1429 2039 sape
1455 1974 1611 2041 quasi
1647 1975 1911 2029 divinitus
1938 1991 2073 2031 con-

492 2058 696 2111 citatus
722 2059 950 2128 singulis
975 2060 1089 2116 fere
1114 2062 1454 2127 interpositis
1476 2064 1625 2119 horis
1644 2066 1708 2119 ad
1739 2082 1919 2120 aerem
1946 2067 2077 2121 sub-

494 2166 842 2206 murtnurare
860 2153 1064 2221 aliquid
1088 2155 1575 2227 videbatur,neque
1591 2159 1753 2213 aliter
1774 2176 1831 2213 se
1852 2162 2074 2229 gerebat

494 2256 557 2294 ac
581 2241 625 2295 si
660 2257 835 2309 pretia:
867 2244 963 2298 abs
997 2261 1063 2299 eo
1094 2259 1475 2311 repeterentur
1496 2266 1683 2304 carum
1715 2267 1918 2317 rerum,
1938 2269 2073 2315 quas

493 2333 753 2387 audacter
785 2347 1174 2403 perpetrasset.
1215 2339 1391 2409 Atque
1421 2356 1545 2395 cum
1603 2342 1705 2396 alia
1751 2343 1890 2397 dixit
1957 2354 2072 2399 tum

495 2422 726 2476 invitum
758 2439 880 2479 sese
910 2426 975 2479 ad
1026 2428 1166 2482 hanc
1195 2429 1428 2485 hzeresin
1458 2432 1807 2501 applicuisse.
1854 2436 1933 2489 Ad
1977 2451 2072 2490 ex-

494 2521 731 2565 tremum
776 2523 959 2568 autem
998 2531 1119 2571 sese
1160 2520 1431 2588 recipiens
1478 2533 1533 2575 et
1574 2524 1727 2591 quasi
1764 2523 1938 2579 libere
1988 2542 2073 2580 re-

496 2604 713 2664 spirans
754 2602 1022 2659 Palamica
1059 2606 1311 2677 dogmata
1345 2618 1508 2678 atque
1542 2611 1711 2666 libros
1735 2653 1748 2675 ,
1796 2629 2073 2682 quoscun-

492 2710 601 2762 que
633 2694 778 2749 domi
826 2697 1038 2761 habuit,
1073 2702 1221 2754 omni
1269 2700 1439 2754 animi
1472 2701 1667 2757 affectu
1695 2706 2066 2775 conquisivit,

493 2788 804 2854 conquisita
848 2789 902 2841 in
946 2789 1220 2845 ﬂammant
1281 2792 1424 2863 ignis
1463 2794 1607 2850 allati
1650 2797 1766 2851 suis
1816 2799 2069 2855 manibus

494 2879 715 2947 injecit,
772 2880 897 2934 talia
955 2881 1072 2936 fere
1116 2883 1292 2938 libero
1326 2902 1423 2940 ore
1471 2885 1702 2942 eﬂ‘atus:
1748 2907 1766 2940 ι
1806 2887 2066 2954 Quamvis

496 2971 638 3022 haud
671 2971 1002 3039 ignorarem,
1060 2986 1263 3043 quanta
1296 2985 1461 3047 atque
1504 2980 1650 3047 quali
1694 2980 1971 3050 impietate
2008 2982 2062 3036 bi

493 3060 621 3114 Lbri
671 3072 968 3128 scaterent,
1026 3075 1205 3121 tamen
1260 3071 1458 3138 partim
1497 3071 1723 3141 gloriam
1760 3072 2058 3140 affectans,

2182 594 2488 663 στρατηγδς
2520 596 2585 661 τῇ
2622 595 2924 666 παρανόμῳ
2957 596 3123 664 φάναι
3155 598 3458 652 καθίστατο
3488 598 3747 666 φάλαγγι,

2180 682 2275 736 ἆτε
2311 684 2514 753 μᾶλλον
2550 684 2832 752 ἐλλόγιμος
2877 684 2909 754 ἢ
2957 685 3079 738 κατ’
3116 687 3326 741 ἐκεῖνον
3361 688 3626 755 ὑπάρχων
3657 685 3749 738 τδν

2178 779 2384 831 θίασον.
2411 779 2585 844 Πένης
2615 776 2661 829 δ’
2691 776 2865 839 ἄλλως
2895 775 2971 829 ὢν
2998 777 3093 831 καὶ
3122 777 3269 850 λιμῷ
3305 779 3397 833 τὸν
3426 778 3542 848 βίον
3582 794 3751 847 στρα-

2177 870 2536 940 τηγούμενος,
2580 870 2845 939 κολακείᾳ
2878 870 3005 933 τοὺς
3060 872 3118 923 ἐν
3154 869 3283 941 δόξῃ
3336 869 3528 941 μετῄει
3554 886 3755 922 παντο-

2176 964 2343 1031 δαπῇ,
2402 962 2516 1031 βίον
2564 962 2838 1031 πρόφασιν
2894 962 3231 1032 ἐπιτηδεύων
3276 964 3371 1017 καὶ
3400 962 3552 1031 ζωῆς
3592 979 3751 1029 πορι-

2177 1057 2313 1125 σμὸν
2347 1055 2523 1125 ἑαυτῷ
2559 1056 2650 1108 καὶ
2687 1054 2846 1107 παισὶ
2885 1055 2981 1108 καὶ
3028 1054 3247 1123 συξύγῳ
3293 1055 3387 1109 καὶ
3438 1054 3535 1125 ὅλῃ
3586 1054 3752 1123 φάναι

2181 1147 2490 1216 συλλήϐδην
2523 1145 2693 1216 οἰκία.
2727 1145 2945 1214 Καί-περ
2978 1144 3073 1199 οὖν
3104 1146 3258 1208 εἰδὼς
3292 1146 3370 1209 ὡς
3407 1145 3655 1215 ὀλέθριόν
3695 1163 3754 1199 τε

2176 1241 2269 1293 καὶ
2308 1241 2561 1309 μυσαράν
2597 1240 2661 1293 τὰ
2694 1238 2787 1292 τοῦ
2824 1238 3060 1309 Παλαμᾶ
3113 1239 3463 1309 κεκλήρωται
3503 1239 3752 1305 δόγματα

2181 1334 2395 1402 μοῖραν,
2441 1332 2593 1400 ὅμως
2651 1331 2809 1398 δόξης
2851 1332 3018 1384 ἕνεκα
3068 1330 3164 1385 καὶ
3215 1330 3449 1382 πλούτου
3492 1330 3555 1399 δή
3610 1347 3753 1391 τινος

2179 1422 2520 1492 προσκαίρου
2560 1424 2674 1483 τοῖς
2720 1422 3062 1490 Παλαμικοῖς
3098 1421 3436 1474 συνευδοκῶν
3463 1415 3531 1491 ἦν
3554 1420 3757 1487 δόγμα-

2178 1529 2285 1576 σιν,
2328 1512 2404 1573 ώς
2444 1508 2599 1565 οἶσθα
2660 1513 2862 1581 μᾶλλον
2920 1510 3119 1576 αὐτὸς,
3173 1512 3266 1564 καὶ
3323 1510 3467 1579 μάλα
3517 1528 3570 1563 τι
3634 1511 3755 1563 λίαν

2176 1603 2470 1675 ἡττώμενά
2504 1623 2564 1658 τε
2608 1606 2701 1658 καὶ
2757 1605 3098 1673 ὑποκείμενα
3149 1605 3475 1675 παρεδείκνυ
3523 1605 3592 1657 τὰ
3619 1606 3750 1675 ἤθη.

2176 1697 2239 1771 [Γ.
2280 1697 2382 1752 122
2423 1696 2479 1769 α]
2511 1697 2600 1750 Διὸ
2640 1698 2735 1751 καὶ
2782 1692 2856 1751 ὧν
2908 1697 3017 1768 ἦρα
3052 1697 3309 1765 μάλιστα,
3352 1696 3585 1766 μάλιστα
3620 1700 3755 1751 πάν-

2175 1809 2285 1845 των
2319 1793 2481 1855 αὐτὸς
2528 1792 2811 1845 ἀπέλαυσε
2864 1791 2965 1860 μὲν
3002 1791 3262 1861 συνεχῶς,
3306 1791 3681 1858 ἐνεπίμπλατο
3710 1790 3754 1842 δ’

2176 1882 2455 1951 οὐδαμῶς.
2502 1880 2644 1936 Ἀλλ’
2682 1882 2807 1936 ἐπεὶ
2840 1882 2948 1953 πρὸ
2996 1880 3227 1951 βραχέος
3257 1882 3317 1935 ἐν
3346 1881 3602 1950 ἐσχάταις
3634 1881 3754 1948 ἐγε-

2175 1974 2324 2042 γόνει
2355 1974 2448 2027 τοῦ
2484 1973 2601 2043 βίου
2643 1974 2855 2037 πνοαῖς,
2904 1973 3063 2026 ἐννέα
3109 1971 3300 2026 λοιπὸν
3330 1972 3570 2043 ἡμέραις
3596 1972 3663 2039 τῇ
3694 1988 3751 2023 τε

2177 2066 2318 2135 νόσῳ
2371 2067 2466 2120 καὶ
2497 2067 2607 2128 τοῖς
2637 2066 2917 2134 λογισμοῖς
2952 2062 3389 2135 τυραννούμενος
3426 2065 3627 2126 ἔκειτο,
3659 2062 3752 2114 ὅτε

2174 2160 2243 2228 δὴ
2284 2160 2378 2212 καὶ
2423 2157 2625 2228 μεταξὺ
2680 2158 2943 2220 πολλάκις
2999 2154 3109 2210 οἷον
3159 2156 3346 2219 ἔνθους
3400 2156 3457 2208 ἐν
3496 2154 3751 2224 ώριαίοις

2173 2252 2287 2305 τισὶ
2342 2233 2746 2320 καθιστάμενος
2801 2251 3191 2320 διαστήμασιν,
3225 2247 3639 2318 ύποψιθυρίζων
3686 2263 3748 2299 τε

2174 2343 2430 2413 ἐφαίνετο
2483 2342 2619 2411 πρὸς
2672 2342 2832 2412 ἀέρα,
2881 2340 2975 2395 καὶ⁵
3022 2339 3229 2411 σφόδρα
3280 2339 3454 2409 δήπου
3484 2338 3642 2399 δίκας
3673 2330 3749 2389 ὧν

2173 2436 2480 2505 ἐπεπράχει
2514 2433 2700 2505 βιαίως
2731 2433 3117 2503 ἀπαιτουμένῳ
3150 2431 3337 2502 ἐῴκει.
3388 2431 3498 2485 Καὶ
3539 2430 3637 2499 μέν
3681 2428 3747 2498 δὴ

2171 2528 2243 2582 τά
2285 2526 2334 2580 τ’
2367 2527 2501 2581 ἀλλα
2533 2526 2708 2593 λέγων
2736 2520 2827 2595 ἦν.
2881 2525 2978 2578 καὶ
3024 2524 3099 2588 ὼς
3152 2523 3302 2578 ἄκων
3332 2522 3433 2591 τῆς
3480 2522 3749 2591 αἱρέσεως

2170 2619 2407 2689 ἥττηται
2453 2616 2707 2688 ταυτησί.
2741 2616 2907 2679 Τέλος
2968 2615 3014 2670 δ’
3068 2616 3261 2668 ἑαυτὸν
3316 2614 3625 2681 ἀνειληφὼς
3655 2614 3751 2667 καὶ

2168 2707 2281 2765 οἷον
2324 2706 2760 2771 ἀναπεπνευκὼς
2805 2708 3136 2777 ἐλευθέριον,
3186 2708 3288 2760 ὅσα
3344 2707 3454 2759 τῶν
3495 2705 3749 2773 Παλαμι-

2169 2806 2285 2858 κῶν
2316 2802 2605 2871 δογμάτων
2637 2817 2698 2853 τε
2743 2799 2839 2854 καὶ
2874 2799 3094 2870 βιϐλίων
3131 2799 3280 2866 παρά
3329 2796 3420 2850 τὸν
3451 2792 3603 2849 οἷκον
3634 2795 3752 2847 Etu-

2168 2912 2263 2967 χεν
2306 2896 2490 2963 ἔχων,
2544 2892 2695 2956 ὅλαις
2751 2891 3011 2960 ὲζητήκει
3070 2888 3362 2958 προθέσεσι
3391 2889 3496 2954 ,τῆς
3545 2886 3746 2956 ψυχῆς,

2170 2990 2267 3043 καὶ
2299 2985 2538 3057 εἰληφὼς
2569 2986 2648 3048 εἰς
2697 2984 2871 3052 φλόγα
2907 2981 3252 3053 παραχρῆμα
3289 2982 3477 3050 χερσὶν
3523 2980 3750 3041 οἰκείαις

2169 3078 2382 3149 καθῆκε
2420 3074 2874 3148 προσενεχθέντος
2910 3074 3105 3144 πυρὸς,
3159 3074 3252 3124 καὶ
3303 3072 3476 3124 τοιαδὶ
3531 3073 3752 3141 πεπαρο

497 3155 692 3222 partim
727 3157 1030 3225 principum
1062 3161 1517 3216 comminationes
1550 3174 1821 3229 metuens,
1861 3166 2057 3233 partim

2173 3169 2508 3244 ρησιασμένῃ
2553 3169 2619 3237 τῇ
2670 3165 2883 3237 γλώττῃ
2930 3164 3334 3234 φθεγγόμενος’
3372 3181 3390 3214 ι
3443 3160 3606 3229 Ἐγὼ,
3642 3179 3747 3228 φη-

493 3256 793 3311 egt-statem
835 3263 1045 3303 mecum
1080 3250 1416 3306 habitantem
1454 3254 1629 3309 lenire
1659 3256 1907 3320 studens,
1939 3274 2072 3313 con—

498 3350 578 3391 tra
612 3353 830 3393 onmem
866 3357 1043 3395 meam
1077 3330 1470 3399 conscientiam
1501 3347 1724 3415 agebam
1756 3357 1811 3402 et
1839 3356 1945 3401 tam
1970 3349 2071 3403 im-

495 3433 683 3502 probis
706 3434 975 3503 dogmatis
1006 3451 1091 3489 me
1122 3437 1502 3508 subjiciebam.
1537 3439 1641 3495 Per
1686 3440 1855 3495 Deum
1904 3442 2070 3512 igitur

497 3542 614 3588 vus,
646 3526 738 3595 qui
772 3528 974 3582 adestis
1006 3528 1163 3598 113
1210 3546 1499 3599 meamque
1545 3532 1944 3587 confessionem
1976 3550 2073 3588 au-

495 3618 647 3684 ditis,
682 3620 877 3674 anima:
908 3637 1041 3674 mea!
1074 3621 1406 3677 calamitosae
1439 3624 1669 3678 salutem
1704 3626 1917 3695 precari
1973 3641 2069 3679 ve-

496 3711 645 3775 litis,
699 3728 829 3783 rogo
887 3725 1048 3784 atque
1091 3715 1339 3769 obsecro.
1402 3734 1420 3766 »
1468 3715 1591 3770 [late
1641 3717 1859 3772 locutus
1910 3718 2071 3770 homo

496 3798 731 3851 animam
781 3800 999 3855 elliavit.
1035 3802 1161 3857 lude
1209 3804 1410 3857 multos
1465 3804 1584 3859 dies
1619 3821 1702 3859 res
1736 3822 1834 3875 per
1880 3807 2069 3860 urbem

497 3890 743 3957 dispcisa
779 3896 1018 3945 omnium
1050 3896 1365 3950 rumoribus
1388 3896 1770 3963 dilferebatur,
1804 3898 1977 3951 donec
2003 3897 2069 3951 ad

497 3996 660 4034 aures
690 3982 1039 4051 imperatoris
1071 3986 1406 4055 perveniret.
1443 3989 1536 4057 qui
1570 4004 1688 4041 eam
1733 3989 1953 4042 silentio
1977 4006 2073 4058 0p-

499 4073 656 4142 pritni
685 4074 870 4144 jussit.
909 4077 1087 4144 Atque
1136 4077 1270 4130 mihi
1319 4077 1452 4131 illud
1499 4094 1759 4148 perquam
1806 4080 2068 4135 idoneum

500 4168 788 4220 videbatur
847 4169 913 4221 ad
973 4169 1209 4223 Palama:
1265 4171 1597 4238 impietatem
1650 4172 2070 4239 corrigendatn,

499 4260 600 4311 nisi
655 4261 1000 4328 imperatoris
1043 4261 1205 4316 minae
1244 4261 1635 4330 impedimento
1674 4262 1929 4328 fuissent,
1978 4273 2073 4317 aut

502 4360 704 4415 potius,
736 4350 781 4402 si
813 4349 1059 4419 episcopi
1090 4350 1246 4405 vivos
1269 4351 1504 4415 animos,
1535 4366 1639 4405 non
1678 4352 1872 4405 timore
1907 4353 2072 4406 rusti-

498 4440 681 4493 citatis
713 4450 993 4493 emortuos
1019 4441 1283 4494 haberent
1308 4457 1485 4510 neque
1511 4441 1616 4495 ulla
1654 4457 1720 4497 ex
1752 4453 1904 4511 parte
1945 4460 2071 4512 pro—

2172 3262 2280 3328 σὶν,
2312 3262 2369 3324 ἐς
2408 3259 2669 3327 τάκριϐὲς
2701 3256 2856 3319 εἰδὼς
2888 3257 3090 3327 ὁπόσης
3118 3256 3210 3308 καὶ
3237 3256 3352 3318 οἵας
3393 3255 3554 3323 γέμει
3585 3252 3749 3307 ταυτὶ

2168 3354 2237 3406 τὰ
2270 3352 2450 3419 βιϐλία
2486 3352 2583 3420 τῆς
2616 3348 2890 3412 ἀσεϐείας,
2933 3349 3082 3417 ὅμως
3133 3347 3251 3410 πῶς
3295 3346 3396 3414 μὲν
3432 3344 3747 3415 θηρώμενος

2169 3444 2346 3510 δόξαν,
2381 3443 2504 3505 πῶς
2533 3441 2589 3494 δὲ
2622 3441 2717 3494 καὶ
2753 3439 2938 3503 δεδιὼς
2984 3440 3083 3503 τὰς
3130 3437 3452 3498 αύθεντικὰς
3494 3436 3746 3500 ἀπειλὰς,

2170 3536 2267 3588 καὶ
2303 3534 2420 3604 ἅμα
2451 3532 2551 3600 τὴν
2576 3530 2825 3584 σύνοικον
2857 3528 3301 3599 παραμυθεῖσθαι
3336 3527 3530 3580 πενίαν
3556 3527 3748 3594 ἐπιτη-

2170 3627 2360 3690 δεύων,
2417 3624 2606 3678 ἔλαϐον
2658 3623 2808 3694 παρά
2870 3623 3052 3675 πᾶσαν
3104 3622 3277 3690 δήπου
3322 3617 3622 3689 πεπραχὼς
3650 3618 3746 3684 τὴν

2172 3716 2412 3788 ἐμαυτοῦ
2448 3716 2773 3787 συνείδησιν,
2799 3716 2894 3767 καὶ
2919 3715 3030 3776 τοῖς
3054 3711 3197 3766 οὕτω
3227 3710 3530 3781 μοχθηρίας
3561 3708 3745 3779 ἔχουσι

2171 3805 2440 3873 δόγμασιν
2468 3801 2853 3871 ύποκεκυφώς.
2888 3801 3030 3873 Πρὸς
3059 3800 3189 3869 γοῦν
3214 3799 3373 3863 Θεοῦ,
3402 3800 3500 3869 τὴν
3537 3797 3745 3867 παροῦ-

2174 3913 2273 3949 σαν
2301 3893 2439 3964 ἐμὴν
2477 3894 2832 3964 ἐξαγόρευσιν
2858 3894 2907 3945 οῑ
2936 3892 3204 3965 παρόντες
3251 3890 3565 3955 ἀκούοντες,
3603 3891 3745 3959 ὑπὲρ

2170 3989 2269 4059 τῆς
2312 3989 2454 4058 ἐμῆς
2484 3989 2561 4059 τῷ
2590 3988 2711 4058 Θεῷ
2757 3988 3112 4058 ταλαιπώρου
3156 3987 3335 4057 ψυχῆς
3376 3985 3743 4051 συνεύξασθαι

2172 4077 2587 4150 προθυμήθητε,
2641 4079 2853 4147 δέομαι.
2896 4096 2916 4131 ι
2980 4078 3087 4131 Καὶ
3135 4077 3278 4131 οὕτω
3325 4079 3437 4140 τοῖς
3481 4077 3745 4138 τοιούτοις

2168 4171 2307 4241 ἀνὴρ
2342 4174 2546 4232 ἐκεῖνος
2584 4168 2928 4238 συναπὲψυξε
2960 4169 3233 4239 ῥήμασιν.
3264 4168 3429 4221 Ὅθεν
3477 4170 3569 4220 ἐπὶ
3613 4168 3744 4220 πολ-

2170 4263 2290 4324 λαῖς
2328 4264 2567 4331 ἡμέραις
2616 4260 2719 4315 ἀνά
2770 4261 2950 4312 πᾶσαν
3000 4257 3350 4327 διεσκεδάσθη
3396 4257 3457 4309 τδ
3508 4257 3743 4325 πρᾶγμα

2170 4351 2269 4421 τὴν
2301 4352 2473 4418 πόλιν,
2508 4352 2604 4404 καὶ
2634 4352 2840 4421 σφόδρα
2880 4351 3354 4420 διατεθρύλληται,
3397 4350 3502 4410 ἕως
3539 4350 3636 4401 καὶ
3666 4349 3746 4408 είς

2174 4441 2457 4509 βασιλικὰς
2492 4441 2567 4493 ἱὸν
2611 4441 2780 4503 ἀκοάς
2817 4440 3124 4493 σιωπᾶσθαι
3168 4442 3587 4509 προστέτακται.
3638 4435 3744 4490 Καί

501 4543 620 4597 pter
646 4530 870 4598 gloriam
918 4540 972 4585 et
1002 4530 1275 4585 luxuriem
1306 4533 1646 4603 principibus
1680 4533 1841 4604 hujus
1891 4535 2071 4589 szeeuli

2184 4550 2274 4601 μοι
2314 4533 2573 4594 ἐπιεικῶς
2620 4532 2802 4597 ἔδοξεν
2856 4530 3042 4583 ἱκανὸν
3074 4532 3156 4593 εἰς
3185 4530 3471 4601 διόρθωσιν
3516 4528 3615 4595 τῆς
3648 4524 3743 4579 τοῦ

500 4619 753 4672 assentiri
783 4619 1007 4674 vellent.

2177 4625 2412 4691 Παλαμᾶ
2449 4623 2768 4684 δυσσεϐείας
2811 4618 2950 4675 εἶναι
2979 4622 3155 4686 τουτὶ,
3204 4623 3253 4674 εί
3283 4623 3359 4692 μὴ
3400 4621 3654 4691 ἐμποδὼν
3688 4622 3745 4672 αἱ

505 4717 589 4767 τιιῦ
622 4717 884 4782 βασιλέως
937 4717 1278 4787 κατέστησαν
1333 4717 1592 4783 ἀπειλαὶ,
1650 4721 1681 4791 ἢ
1747 4720 1947 4789 μᾶλλον
2000 4721 2049 4772 εἰ
2091 4719 2270 4783 ζώσας
2326 4715 2472 4789 εἶχον
2496 4718 2787 4771 ἐπίσκοποι
2813 4719 2913 4781 τὰς
2975 4717 3156 4787 ψυχὰς
3186 4718 3279 4769 καὶ
3314 4718 3388 4787 μὴ
3420 4717 3745 4786 τεθνηκυίας

508 4813 575 4879 τῷ
623 4813 733 4864 δέει
799 4813 897 4879 τῆς
932 4812 1255 4880 ἀγροικίας,
1304 4815 1398 4866 καὶ
1433 4813 1636 4884 ἣκιστα
1689 4815 1780 4869 διὰ
1822 4816 1981 4880 δόξαν
2016 4817 2109 4869 καὶ
2149 4814 2360 4884 τρυφὴν
2408 4814 2745 4868 συνευδοκεῖν
2773 4815 2892 4877 ταῖς
2941 4814 3137 4883 ἀρχαῖς
3169 4812 3449 4865 ἐϐούλοντο
3478 4812 3572 4865 τοῦ
3606 4830 3748 4883 παρα

502 4908 653 4969 όντος
695 4907 914 4971 αἰῶνος.

575 5002 739 5057 XXII.
799 5002 912 5058 lloc
969 5020 1137 5059 unum
1172 5021 1351 5077 nuper
1401 5006 1646 5071 factum,
1687 5006 1834 5077 quod
1881 5024 1912 5062 a
1962 5010 2068 5063 tuis

504 5096 684 5150 verbis
704 5113 810 5149 non
838 5095 1121 5163 abhorret,
1140 5113 1241 5165 ego
1260 5098 1519 5169 adiunxi;
1553 5098 1854 5153 secundum
1883 5107 2066 5153 autem

503 5190 603 5241 huc
631 5197 750 5242 est:
783 5188 889 5241 scis
917 5197 1132 5258 gentem
1179 5190 1480 5245 Russorum
1513 5189 1832 5245 hominibus
1877 5192 2067 5260 copio-

502 5281 769 5333 sissimam
798 5296 917 5335 esse
952 5281 1211 5351 locosque
1241 5282 1590 5338 felicissimos
1632 5282 1893 5343 incolere.
1921 5284 2067 5338 unde

504 5372 679 5424 varias
736 5370 949 5424 divitias
1008 5369 1173 5425 habet
1214 5388 1390 5442 neque
1424 5373 1721 5441 quidquam
1776 5373 1950 5436 deest,
2008 5383 2067 5426 ut

502 5463 683 5515 obuia
728 5477 835 5515 una
879 5463 1370 5531 comprehensione
1418 5464 1765 5532 complectar,
1802 5464 1947 5533 quod
1997 5464 2062 5517 ad

504 5556 706 5623 largam
763 5570 947 5608 rerum
983 5556 1197 5624 copiam
1245 5555 1501 5622 pertim-t.
1536 5556 1806 5609 Praeterea
1858 5556 2071 5625 legibus

504 5661 644 5698 vri-te
679 5647 802 5701 lidei
842 5664 1120 5716 nunquam
1153 5646 1410 5700 ﬂuctibus
1435 5648 1651 5714 iactatis
1698 5650 1907 5702 ratione
1938 5650 2071 5701 sim-

508 5738 731 5805 pliciore
767 5749 823 5793 et
875 5738 1150 5792 incuriosa
1181 5737 1506 5804 obsequitur
1528 5780 1541 5801 ,
1575 5755 1637 5791 ex
1686 5756 1794 5806 quo
1829 5748 2073 5806 tempore

509 5830 666 5886 ttdctn
701 5830 954 5886 precibus
982 5829 1095 5886 suis
1131 5839 1424 5884 consecuta
1456 5837 1557 5882 est.
1596 5831 1689 5884 llis
1733 5830 2072 5890 temporibus

2254 5007 2380 5060 KB'.
2416 5004 2513 5057 Ἓν
2546 5002 2646 5071 μὲν
2680 5001 2743 5071 δὴ
2786 5000 2944 5053 τοῦτο
2971 5002 3080 5062 τοῖς
3114 5000 3226 5061 σοῖς
3260 4997 3487 5060 ἐκείνοις
3512 4998 3742 5051 ἀκόλου-

2175 5100 2266 5152 θον
2304 5098 2485 5165 λόγοις
2526 5093 2902 5164 συνεϐαλόμην
2937 5092 3114 5159 ἔγωγε
3166 5092 3432 5160 πρότριτα
3483 5092 3742 5159 γεγονός·

2172 5192 2426 5261 δεύτερον
2467 5188 2545 5253 δὲ,
2582 5188 2641 5240 τὸ
2671 5186 2825 5249 ἔθνος
2859 5186 2971 5239 τῶν
3008 5182 3145 5247 Ῥὼς
3188 5180 3345 5236 οἶσθα
3395 5183 3469 5245 ὡς
3510 5184 3745 5236 πολυαν·

2175 5278 2529 5351 θρωπότατόν
2582 5276 2640 5328 τέ
2691 5277 2810 5327 ἐστι
2861 5272 2957 5327 καὶ
2994 5272 3161 5324 τόπον
3191 5270 3489 5338 εὐδαίμονα
3513 5268 3634 5321 λίαν
3665 5271 3743 5321 οἰ-

2175 5370 2327 5423 κοῦν.
2367 5367 2605 5420 Πλοῦτον
2653 5365 2762 5432 γὰρ
2804 5363 3016 5417 ἐκεῖθεν
3059 5363 3199 5432 ἴσχει
3255 5358 3616 5423 παντοδαπὸν,
3652 5360 3748 5410 καὶ

2174 5462 2474 5530 συλλήϐδην
2511 5460 2710 5521 εἰπεῖν,
2743 5458 2957 5518 οὐδενὸς
2983 5453 3329 5525 ἀχορήγητόν
3359 5455 3476 5505 ἐστι
3516 5450 3625 5504 τῶν
3644 5450 3744 5502 ὅσα

2173 5554 2309 5622 πρὸς
2343 5552 2574 5617 ἀρθονον
2616 5551 2778 5619 χάριν
2810 5549 2914 5619 ὁρᾷ
2947 5549 3056 5600 τῶν
3084 5546 3428 5617 ἐπιτηδείων.
3474 5544 3583 5595 Καὶ
3610 5542 3744 5609 πρός

2172 5662 2235 5711 γε
2279 5644 2463 5710 νόμοις
2517 5641 2829 5711 όρθοδοξίας
2867 5640 3084 5710 οὐδαμῆ
3131 5638 3517 5705 σαλευομένοις
3552 5633 3743 5687 ἕπεται

2177 5736 2319 5788 κατά
2350 5752 2411 5801 γε
2461 5734 2548 5785 τὸν
2582 5733 2954 5802 ἁπλούστερον
2999 5733 3094 5784 καὶ
3149 5730 3482 5800 ἀπράγμονα
3516 5729 3739 5797 τρόπον,

2177 5827 2233 5888 ἐξ
2290 5828 2522 5890 ὅτουπερ
2562 5825 2730 5890 αδτὴν
2774 5824 2868 5887 τὰς
2925 5822 3088 5885 εὐχὰς
3127 5820 3433 5885 ἀνειλίιφειο
3465 5820 3660 5885 Ἕτυμ
3690 5812 3737 5870 δ’
