4070 6326
351 398 416 457 97
1334 398 1613 463 ΒΥΖΑΝῚ
1629 401 1781 465 ιΝΛζ
1816 401 1899 463 ΗΙ

2007 401 2202 461 DRUE
2239 402 2386 464 LIB.
2431 402 2645 463 XXVI.
3514 412 3585 473 €58

348 510 445 564 οὖν
475 509 576 563 κάν
614 508 825 572 τούτοις
857 514 969 575 τοῖς
1006 513 1214 582 χρόνοις
1246 517 1336 570 τὸν
1369 517 1724 571 ὲπισκοπικδν
1766 514 1903 567 ὲκεί-

2012 513 2177 584 igitur
2203 516 2571 584 episcopalem
2595 514 2779 569 sedem
2803 513 3019 569 ornavit
3046 523 3210 584 atque
3238 514 3451 571 animos
3480 518 3580 569 hn-

354 620 465 656 νοις
497 601 686 673 θρόνον
738 605 957 673 κοσμῶν
1007 609 1101 658 καὶ
1143 609 1244 677 τὴν
1293 608 1528 680 ψυχικὴν
1582 608 1676 661 τοῦ
1723 608 1914 670 ἔθνους

349 694 681 747 ἐπιστασίαν
736 695 1131 766 ἀνειλημμένος
1175 700 1314 769 ἀνὴρ
1355 702 1597 764 συνετὸς,
1631 698 1826 769 H.122
1857 696 1910 770 b]

344 787 420 849 ὡς
452 781 630 849 οἶσθα,
658 787 751 840 καὶ
777 787 886 840 τῶν
916 790 1077 843 θείων
1108 793 1349 845 κανόνων
1394 794 1488 846 καὶ
1537 794 1717 861 νόμων
1742 792 1798 856 ἐξ
1832 792 1910 846 ἔτι

342 879 469 931 νέου
498 881 697 945 πεῖραν
750 881 815 931 ἐκ
869 881 1029 949 τῆσδε
1080 884 1179 952 τῆς
1234 885 1500 953 μεγίστης
1549 886 1659 937 τῶν
1704 885 1911 936 πόλεων

341 966 616 1035 ἠθροικὼς
661 968 890 1037 ἀκριϐῆ.
960 973 1067 1023 Καὶ
1129 972 1215 1025 ἴνα
1294 973 1528 1027 συνελὼν
1572 975 1711 1027 εἴπω
1741 1014 1756 1037 ,
1786 977 1912 1037 τοὺς

339 1060 499 1119 νέους
564 1059 804 1129 κάκείνῳ
856 1063 1180 1131 πεπόμφασι
1218 1065 1419 1134 τόμους
1457 1068 1505 1118 οἱ
1540 1067 1637 1133 τῆς
1666 1066 1912 1133 Παλαμι-

340 1150 446 1213 κῆς
480 1150 744 1203 θιασῶται
778 1154 1033 1221 φατρίας,
1085 1156 1164 1217 είς
1202 1157 1293 1208 τὸν
1339 1159 1541 1210 οἰκεῖον
1571 1159 1669 1226 τῆς
1703 1158 1911 1211 ἑαυτῶν

336 1242 614 1304 ἀπωλείας
647 1246 892 1313 κρημνὸν
928 1246 1319 1316 ἐκκαλούμενοι
1380 1250 1477 1302 καὶ
1535 1251 1733 1323 αὐτὸνη
1756 1250 1909 1317 σφίσι

338 1334 514 1384 ποιεῖν
543 1335 732 1396 εἰωθὸς
761 1336 940 1388 τουτοῖ
997 1339 1133 1408 πρὸς
1188 1341 1408 1403 ἁπάσας
1443 1341 1626 1404 πόλεις
1672 1329 1766 1394 καὶ
1805 1342 1909 1411 χώ-

340 1442 467 1494 ρας.
499 1429 568 1478 ’Ὀ
621 1427 665 1479 δ’
697 1432 999 1495 ἀναγνοὺς,
1062 1432 1157 1482 καὶ
1220 1431 1344 1483 tam
1401 1433 1508 1484 τῶν
1544 1434 1910 1503 βλασφημιῶν

336 1517 567 1571 ἐκείνων
619 1520 680 1571 τὸ
738 1522 944 1590 σμῆνος
993 1522 1086 1575 καὶ
1135 1525 1235 1592 τὴν
1272 1524 1588 1594 Ἑλληνικὴν
1622 1525 1909 1578 πολυθεῖαν

336 1611 569 1665 ἁπασῶν
600 1613 718 1664 ἐκεῖ
746 1614 1181 1682 προεδρεύουσαν
1211 1618 1351 1669 πάνυ
1379 1618 1736 1682 δεσποτικῶς,
1768 1618 1909 1671 κατὰ

333 1706 443 1771 γῆς
472 1712 532 1756 τε
568 1703 794 1774 ἔρριψεν
823 1705 1007 1769 εὐθὺς,
1048 1709 1141 1761 καὶ
1176 1710 1242 1761 τὰ
1273 1702 1385 1761 ὦτα
1416 1710 1759 1779 φραξάμενος
1799 1712 1907 1763 ἀπὸ

334 1798 508 1864 ἀκοῆς
546 1799 791 1866 πονηρᾶς
835 1798 1158 1868 ἀπεπήδησε
1203 1801 1454 1872 τάχιστα.
1496 1805 1603 1856 Καὶ
1636 1802 1903 1873 λοιδορίας

339 1888 488 1954 μάλα
531 1889 745 1957 μακρὰς
791 1888 1086 1958 γεγραφὼς
1120 1893 1256 1959 μετὰ
1305 1894 1415 1946 τῶν
1442 1894 1668 1946 εἰκότων
1710 1896 1772 1947 ἐκ
1807 1896 1902 1962 τῆς

336 1976 489 2039 θείας
529 1977 749 2048 Γραφῆς
796 1980 1035 2049 ἐλέγχων
1068 1982 1158 2033 καὶ
1210 1982 1558 2047 ἀποδείξεων,
1594 1984 1905 2051 ἐπεπόμφει

338 2069 433 2135 ξύν
484 2085 548 2137 γε
580 2069 656 2139 τῷ
689 2072 1007 2144 πατριάρχῃ
1062 2073 1174 2135 τοῖς
1233 2074 1569 2137 ἐπισκόποις,
1611 2073 1907 2138 πολυθέους

333 2176 394 2212 τε
425 2160 521 2212 καὶ
558 2159 750 2221 ἀθέους
790 2161 1015 2224 τούτους
1061 2163 1354 2217 ἀποκαλῶν
1383 2168 1477 2217 καὶ
1512 2166 1719 2235 σφόδρα
1750 2166 1907 2218 ἀναι-

334 2252 446 2311 δεῖς
470 2253 577 2325 τῶν
602 2252 850 2321 πατρίων
896 2253 1169 2325 ἀθετητάς
1212 2257 1308 2309 καὶ
1336 2257 1570 2320 διῶκτας
1596 2257 1903 2326 δογμάτων,

333 2343 431 2397 καὶ
489 2343 610 2413 ἅμα
664 2346 776 2408 τοῖς
846 2347 1218 2417 προσήκουσιν
1267 2348 1605 2417 ἀναθέμασιν
1665 2351 1907 2405 ὑποϐάλ-

332 2436 463 2491 λων.

406 2524 536 2581 ΚΓ.
570 2526 678 2581 Καὶ
712 2526 781 2581 τά
822 2526 920 2595 μὲν
978 2529 1044 2581 ὲκ
1091 2526 1329 2591 Ῥωσίας
1361 2531 1666 2600 γράμματα
1716 2531 1906 2585 τοῦτον

347 2612 473 2685 Ισχε
514 2615 605 2666 τὸν
648 2616 869 2685 τρόπον,
900 2618 994 2670 καὶ
1027 2616 1168 2670 οὕτω
1208 2621 1335 2680 τοὺς
1379 2620 1742 2689 κακοσχιίλους
1784 2620 1907 2674 τού-

342 2724 464 2769 τους
519 2705 773 2775 ἐξήλεγξε
806 2708 927 2775 μὲν,
964 2709 1064 2761 οὐκ
1103 2708 1340 2779 ἐμάλαξε
1380 2709 1459 2765 δέ.
1488 2711 1821 2782 Τεθαύμακα
1858 2713 1905 2766 δ’

333 2798 513 2864 ἔγωγε
559 2796 679 2860 πῶς
736 2796 903 2852 τᾶλλα
956 2815 1020 2867 γε
1084 2800 1317 2868 ἀμαθεῖς
1378 2801 1715 2871 ὑπάρχοντες
1757 2796 1905 2857 οὗτοι

333 2888 493 2941 τοῦτο
524 2892 801 2961 φρονίμως
841 2893 1206 2963 οίκονομοῦσι,
1239 2896 1368 2964 πρὶν
1405 2894 1672 2949 ἔκπυστον
1701 2898 1903 2965 φθῆναι

337 2980 616 3047 γενέσθαι,
648 2985 848 3049 πάσαις
877 2984 1125 3049 ἀπειλαῖς
1149 2985 1495 3049 αὑθεντικαῖς
1520 2988 1904 3052 συστέλλοντες

337 3072 431 3125 καὶ
464 3072 668 3139 φόϐοις,
701 3077 796 3128 καὶ
828 3076 985 3147 τάφῳ
1018 3078 1188 3145 φάναι
1238 3078 1399 3147 σιγῆς
1432 3079 1491 3131 ὲν
1524 3078 1718 3148 βραχεῖ
1758 3096 1895 3147 συγ-

335 3162 660 3230 χωννύντες,
692 3159 870 3234 οἶμαι,
922 3166 1017 3219 τὸν
1067 3166 1306 3237 πονηρὸν
1368 3168 1655 3238 οἰκονόμον
1691 3170 1903 3223 ἐκεῖνον

338 3257 706 3323 μιμούμενοι,
746 3274 807 3311 ου
861 3258 961 3327 τὴν
1025 3259 1081 3310 ὲν
1143 3259 1386 3329 χρήμασι
1435 3262 1902 3333 μεμηχανημένην

335 3349 655 3417 οἰκονομίαν
687 3350 746 3401 ἐν
789 3350 1149 3418 Εὑαγγελίοις
1193 3354 1221 3405 ὁ
1261 3352 1463 3422 Κύριος
1499 3354 1756 3411 ἐπαινῶν.
1787 3350 1908 3411 εἷτα

336 3441 411 3508 τῷ
444 3440 649 3511 αξωνίῳ
684 3442 1054 3513 παραπέμπει
1081 3443 1240 3515 πυρί.

404 3616 532 3670 KA'.
571 3617 904 3688 Ἐϐουλόμην
934 3621 1028 3673 καὶ
1062 3620 1244 3690 τρίτον
1272 3621 1597 3692 προσθεῖναι
1632 3622 1903 3693 διήγημα,

334 3707 447 3761 τῶν
485 3710 795 3779 εἰρημένων
848 3713 946 3780 οὐχ
996 3705 1158 3781 ἦττον
1204 3712 1285 3775 είς
1337 3712 1563 3782 ἔλεγχον
1598 3713 1707 3783 ’τῆς
1740 3713 1905 3766 τῶνδε

332 3799 444 3850 τῶν
478 3800 687 3870 ἀνδρῶν
726 3803 1002 3865 ἀσεϐείας.
1049 3802 1209 3856 Ἀλλά
1269 3804 1327 3855 σὲ
1382 3804 1520 3873 πρὸς
1582 3803 1681 3875 τὴν
1736 3805 1906 3875 ἀκοὴν

335 3888 519 3960 ἁῆξῶς
575 3891 850 3963 θεώμενος
882 3894 1095 3964 ἔχοντα,
1130 3894 1221 3948 τὸν
1251 3894 1373 3948 νοῦν
1420 3896 1485 3949 ἐκ
1526 3912 1585 3948 τε
1627 3896 1798 3965 ἀκοῆς
1824 3899 1905 3959 εἰς

333 3991 432 4046 τας
465 3986 636 4047 ἀκοὰς
662 3985 757 4038 τοῦ
804 3986 989 4039 λοιποῦ
1033 3988 1365 4058 μεταφέρειν
1395 3986 1613 4056 ἔγνωκα
1644 3988 1776 4053 δεῖν,
1820 3988 1907 4042 ἵνα

337 4093 388 4127 τι
415 4077 514 4146 τῆς
551 4077 646 4145 σῆς
672 4077 1044 4145 ἀπολαύσαιμι
1082 4079 1353 4147 γλώττης.
1386 4079 1515 4147 πρὶν
1542 4078 1650 4132 τῶν
1675 4078 1891 4149 δημίων

339 4170 517 4231 ἐνίους
551 4169 807 4236 φυλάκων
849 4169 1179 4241 ἐληλυθότας
1216 4167 1545 4239 ὲπιταράξαι
1576 4169 1670 4222 καὶ
1713 4169 1900 4223 διακό·

335 4260 435 4329 «facit
466 4260 564 4331 τὴν
597 4261 821 4332 ἡσύχιον
847 4264 1067 4331 ὁμιλίαν
1088 4264 1248 4332 ἡμων
1291 4258 1517 4331 ταυτηνὶ
1547 4260 1644 4315 καὶ
1688 4259 1784 4313 ἀπ’
1810 4261 1907 4315 ἀλ·

336 4354 512 4424 λήλων
550 4356 697 4425 ἡμᾶς
738 4355 1047 4425 διαστῆσαι.

2016 608 2220 661 mittunt
2252 622 2352 662 suo
2402 608 2631 677 imperio
2660 607 2859 661 direxit
2890 605 2991 671 vir,
3031 617 3089 660 ut
3138 606 3253 675 ipse
3290 608 3417 669 scis,
3454 625 3586 677 pru-

2012 697 2369 754 dentissimus
2399 700 2824 769 divinarumque
2852 714 3168 753 normarum
3211 710 3376 769 atque
3401 702 3581 769 legum

2011 791 2139 845 inde
2168 807 2195 845 a
2242 793 2473 861 pueritia
2506 794 2558 847 in
2594 793 2695 848 bac
2745 792 2975 847 maxima
3010 791 3229 845 urbium
3269 793 3582 861 cognitione

2018 881 2176 952 114,
2232 894 2487 936 accurata
2544 884 2803 937 imbutus.
2848 884 2913 937 Ut
2945 882 3131 950 paucis
3183 898 3293 934 rem
3330 898 3584 950 compre-

2014 974 2271 1036 hendam,
2313 974 2437 1027 huic
2464 991 2681 1043 quoque
2709 975 2826 1027 viro
2864 974 3148 1028 Palamicm
3174 983 3336 1027 secta!
3367 974 3583 1027 sodales

2012 1080 2181 1117 novos
2209 1065 2407 1118 Tomos
2438 1067 2722 1125 miserunt,
2757 1064 2810 1117 in
2844 1080 3084 1131 prmeeps
3132 1065 3370 1131 ipsorum
3404 1065 3581 1116 inter-

2013 1153 2121 1206 itus
2162 1153 2479 1206 barathrum
2512 1172 2634 1207 eum
2672 1154 2939 1218 vocaturi,
2970 1170 3074 1222 qua
3118 1154 3336 1223 quidem
3372 1155 3584 1209 ratione

2015 1245 2067 1298 in
2112 1261 2302 1300 ontnes
2336 1249 2496 1299 urbes
2526 1248 2782 1315 loC08que
2817 1247 3049 1315 grassari
3100 1248 3292 1299 solent.
3332 1247 3426 1300 ille
3458 1263 3587 1300 vero

2010 1336 2077 1389 iis
2135 1339 2391 1405 perlectis
2443 1354 2566 1391 cum
2618 1338 3081 1406 blasphemiarum
3134 1354 3363 1391 examen
3419 1350 3585 1405 atque

2009 1425 2255 1481 Graecum
2314 1427 2740 1496 polythcistnuut
2776 1425 3167 1494 superbissime
3202 1430 3251 1480 in
3290 1427 3356 1479 iis
3404 1426 3585 1478 domi-

2011 1529 2229 1571 uantem
2267 1519 2499 1584 videret,
2531 1520 2581 1571 itt
2628 1528 2827 1573 terram
2873 1520 3053 1573 statim
3088 1534 3183 1573 eos
3213 1519 3409 1587 abjecit
3439 1518 3586 1571 auri-

2010 1608 2218 1678 busque
2244 1628 2270 1662 a
2304 1610 2507 1663 nefaria
2539 1611 2823 1665 auditione
2862 1610 3086 1662 munitis
3124 1610 3248 1662 inde
3284 1624 3446 1678 quam
3495 1625 3587 1662 ει·-

2007 1699 2226 1753 lerrime
2284 1718 2341 1754 se
2384 1702 2677 1769 proripuit.
2733 1702 2954 1770 Magnas
2997 1717 3125 1754 vero
3171 1699 3587 1756 criminationes

2008 1805 2132 1843 cum
2159 1795 2489 1859 argumentis
2519 1804 2681 1860 atque
2732 1793 3295 1845 demonstrationibus
3320 1808 3382 1845 ex
3430 1808 3585 1845 sacra

2012 1879 2296 1947 Srriptura
2336 1882 2522 1949 petitis
2554 1884 2883 1949 conscripsit
2924 1893 2975 1932 et
3016 1883 3338 1950 patriarchae
3367 1883 3585 1949 cpisco-
3645 1954 3652 1959 .

2012 1972 2203 2039 pisqttc
2248 1972 2413 2035 misit,
2437 1975 2731 2041 appellavzt
2758 1989 2850 2027 eus
2875 1974 3157 2042 polytbcos
3180 1983 3233 2026 et
3261 1974 3453 2027 atbeos
3486 1975 3587 2026 itu-

2013 2061 2551 2130 pudentissimosque
2598 2064 2895 2131 patriorum
2939 2065 3250 2129 dugmatunt
3302 2079 3585 2117 eversores

2010 2161 2175 2219 atque
2212 2164 2610 2219 persecutores,
2660 2152 2950 2205 anathema
2982 2153 3243 2221 denique,
3288 2152 3432 2221 quod
3485 2169 3582 2222 par

2010 2253 2149 2308 erat,
2187 2244 2241 2297 in
2266 2258 2360 2297 eos
2388 2244 2642 2312 ροιι]ο‹;ἰι.

2083 2505 2271 2559 XXI".
2303 2508 2476 2577 Atque
2505 2507 2769 2577 scriptum
2801 2523 2865 2561 ex
2911 2507 3104 2563 Russia
3139 2524 3363 2564 missum
3394 2511 3473 2564 sic
3520 2527 3580 2566 se

2010 2596 2244 2650 habebat
2272 2608 2325 2651 et
2354 2600 2433 2652 sic
2458 2598 2609 2662 istos,
2644 2599 2738 2668 qui
2770 2600 2822 2653 in
2854 2600 3012 2654 malis
3052 2601 3216 2655 rebus
3259 2615 3471 2672 tempus
3496 2618 3582 2656 tc-

2009 2678 2170 2754 runt,
2219 2690 2463 2757 coarguit
2520 2691 2780 2759 quidem,
2816 2700 3054 2746 attamen
3109 2709 3217 2747 non
3263 2693 3580 2749 infirtuavit.

2008 2778 2175 2833 Miror
2217 2789 2398 2833 autem
2428 2822 2441 2846 ,
2493 2781 2770 2850 quomodo
2800 2782 2915 2847 isti,
2960 2782 3089 2837 licet
3136 2785 3377 2854 alioquin
3419 2789 3574 2841 stulti

2006 2869 2136 2932 sint,
2166 2868 2269 2924 hoc
2297 2878 2475 2925 tamen
2509 2870 2811 2941 prudenter
2864 2873 3090 2939 faciant,
3124 2884 3205 2941 ut,
3254 2878 3573 2946 priusquam

2011 2961 2114 3015 tale
2164 2962 2293 3030 qttid
2330 2963 2384 3016 in
2439 2964 2631 3033 vulgus
2679 2965 3022 3032 innotescat,
3061 2970 3581 3037 comminationibus

2007 3054 2343 3122 quibuslibet
2389 3057 2599 3110 severis
2632 3067 2795 3127 atque
2844 3058 3154 3113 terroribus
3196 3062 3495 3129 reprimant
3524 3071 3581 3115 et

2006 3148 2175 3202 veluti
2224 3148 2428 3202 silentii
2486 3150 2741 3217 sepulcro
2798 3151 2951 3205 brevi
3007 3161 3253 3222 tempore
3309 3155 3577 3217 condant;

2010 3240 2329 3306 imitantur,
2370 3242 2586 3310 opinor,
2647 3244 2848 3297 malum
2896 3244 3048 3298 illum
3103 3245 3581 3314 dispensatorem,

2010 3333 2169 3403 cujus
2204 3332 2457 3387 callidam
2493 3334 2855 3404 pecuniarum
2903 3336 3369 3405 dispensationem
3402 3340 3583 3393 domi-

1994 3440 2114 3481 .uus
2165 3426 2218 3479 iu
2273 3426 2579 3496 Evangeliis
2616 3427 2910 3495 collaudat,
2957 3430 3324 3494 collaudatum
3376 3442 3582 3489 aeterno

2008 3516 2118 3585 igni
2151 3520 2389 3571 mandat.

2080 3608 2267 3666 XXIV.
2321 3610 2479 3680 115
2519 3611 2727 3667 Vellem
2779 3614 3037 3684 equidem
3086 3616 3303 3671 tertiam
3360 3632 3580 3688 quoque

2006 3698 2306 3770 adjungere
2332 3702 2726 3763 narrationem,
2762 3721 2883 3773 qua:
2906 3720 3013 3760 non
3041 3707 3221 3762 minus
3245 3722 3405 3777 quam
3433 3710 3582 3777 prio-

2008 3805 2097 3843 res
2130 3789 2291 3843 hOsce
2318 3792 2567 3846 homines
2594 3794 2890 3861 impietatis
2918 3795 3295 3865 redargueret.
3325 3798 3579 3851 Attamen

2009 3894 2133 3934 cum
2179 3879 2329 3934 hunc
2390 3897 2701 3936 sermonem
2756 3884 2983 3938 moleste
3034 3895 3084 3938 te
3136 3886 3277 3939 ferre
3332 3887 3584 3949 videam,

2011 3972 2259 4025 animum
2295 3973 2404 4043 jam
2440 3974 2507 4029 ab
2552 3974 2834 4032 auditione
2872 3976 3307 4030 convertendutn
3355 3981 3583 4047 c0gtto\'i

2009 4063 2075 4116 ad
2108 4064 2438 4130 auditiones,
2464 4074 2521 4119 ut
2548 4065 2783 4121 fructum
2813 4068 3055 4137 aliquem
3088 4078 3191 4123 tute
3217 4068 3417 4138 linguae
3462 4086 3585 4141 per-

2009 4158 2206 4226 cipiam
2234 4199 2249 4225 ,
2285 4159 2603 4228 priusquam
2636 4170 2707 4215 ex
2740 4161 3187 4216 wstodientibus
3238 4178 3336 4217 nos
3367 4164 3585 4217 rarniti-

2007 4252 2166 4307 cibus
2208 4251 2430 4321 quidam
2463 4254 2702 4323 aggressi
2750 4253 3101 4325 tranquillam
3150 4254 3579 4311 familiaritatem

2013 4344 2238 4398 turbent
2281 4352 2444 4412 atque
2489 4344 2756 4399 dtrimaut
2801 4354 2859 4401 et
2902 4345 3132 4398 alterum
3176 4347 3244 4400 ab
3288 4346 3461 4399 altero
3494 4361 3582 4399 se-

2005 4438 2256 4509 jungam.

402 4536 533 4590 κεν.
569 4532 719 4590 Πάνυ
757 4535 939 4596 καλῶς
962 4552 1020 4589 τε
1047 4535 1188 4606 ἐμῆς
1227 4536 1515 4607 ὲστοχάσω
1538 4537 1764 4611 γνώμης
1806 4541 1902 4595 καὶ

2007 4496 2023 4509 ’
2078 4496 2243 4587 ixv.
2294 4528 2510 4600 Optime
2559 4543 2735 4583 meam
2788 4528 3116 4582 sententiam
3183 4538 3346 4600 atque
3401 4532 3582 4585 censi-

334 4626 572 4689 διανοίας
611 4628 701 4681 διὰ
735 4628 844 4682 τῶν
885 4628 1084 4694 ἔξωθεν
1112 4627 1281 4699 ἠθῶν,
1333 4629 1467 4682 καλὲ
1506 4630 1899 4699 Ἀγαθάγγελε.

334 4720 425 4771 Διὸ
458 4720 527 4772 τὰ
554 4719 661 4772 τῶν
696 4720 875 4772 ἄλλων
904 4720 1169 4790 εὐφήμως
1220 4719 1526 4791 θεατρίζων
1558 4724 1901 4794 ἐγκλήματα,

335 4811 399 4862 τὰ
435 4809 557 4862 καθ’
588 4812 783 4863 ἑαυτὸν
803 4811 908 4879 ὅρα
933 4812 1027 4862 καὶ
1054 4812 1222 4877 γνῶσι
1259 4812 1478 4865 σαυτόν.
1512 4812 1635 4874 Τοῖς
1670 4812 1775 4883 γάρ
1806 4830 1903 4865 κα-

333 4903 450 4964 κοῖς
476 4901 638 4970 ἀρκεῖ
670 4902 730 4952 τὸ
774 4904 967 4963 κακοῖς
1008 4896 1173 4965 εἶναι,
1202 4904 1296 4954 καὶ
1344 4904 1441 4971 τὴν
1495 4903 1653 4973 δίκην
1686 4903 1903 4972 ἔχουσιν

336 4994 561 5047 αὐτόθεν
607 4995 961 5063 ἀποχρῶσαν.
997 4996 1207 5057 Ἀλλως
1256 5012 1317 5048 τε
1374 4998 1469 5049 καὶ
1519 4996 1742 5066 κηλῖδας
1785 4991 1903 5049 οἶδά

331 5103 485 5148 τινας
525 5087 1048 5154 ἐναποματτομὲνην
1082 5086 1330 5139 ἐντεῦθεν
1358 5089 1459 5156 τὴν
1495 5088 1685 5157 ἀκοὴν,
1721 5088 1815 5140 καί
1848 5105 1898 5140 τι

332 5177 492 5242 νέφος
518 5176 879 5247 ἀθροίζουσαν
926 5180 991 5247 τῇ
1025 5176 1169 5247 ψυχῇ
1219 5178 1517 5247 δυνάμενόν
1551 5196 1667 5241 πως
1717 5177 1902 5231 ἐπιθο-

331 5264 460 5316 λοῦν
508 5269 602 5319 καὶ
653 5266 947 5334 ἀμϐλύνειν
995 5269 1095 5337 μὲν
1143 5268 1202 5319 τὸ
1240 5268 1482 5337 καθαρὸν
1527 5270 1622 5322 καὶ
1662 5269 1898 5321 ἀνυπνον

335 5360 510 5409 ἐκεῖνο
544 5357 635 5409 τοῦ
683 5359 798 5419 νοῦ,
833 5358 1140 5423 ὲξυπνίζειν
1172 5359 1227 5411 δὲ
1273 5360 1332 5411 τὸ
1375 5362 1472 5428 τῆς
1506 5359 1685 5429 ψυχῆς
1722 5362 1898 5429 ὲμπα-

333 5449 445 5509 θές.
489 5449 640 5519 Ὄσῳ
681 5450 789 5520 γὰρ
818 5451 1079 5520 δύσεργόν
1107 5469 1163 5505 τε
1192 5454 1284 5503 καὶ
1311 5451 1759 5522 δυσκατόρθωτον
1794 5452 1893 5505 τιέ-

331 5556 469 5605 φυκε
499 5542 761 5608 τάγαθὸν,
790 5546 997 5596 ἀῦπνον
1031 5543 1120 5594 τὸν
1165 5542 1411 5596 διάϐολον
1443 5541 1566 5612 ἔχον
1610 5543 1891 5612 πολέμιον,

327 5632 544 5700 νύκτωρ
582 5635 678 5686 καὶ
712 5634 833 5703 μεθ’
867 5636 1080 5702 ἡμέραν
1143 5636 1242 5700 τὴν
1296 5634 1403 5685 τῶν
1460 5633 1740 5704 λογισμῶν
1773 5636 1896 5687 ἐπι·

330 5720 659 5791 ϐοσκόμενον
688 5725 872 5795 χώραν
923 5729 1017 5779 καὶ
1052 5726 1473 5796 μεθαρμόζοντα
1507 5726 1640 5793 πρὸς
1681 5726 1739 5777 τὸ
1778 5729 1893 5796 χείο

329 5829 418 5883 ρον
449 5816 537 5869 ἀεὶ
567 5816 667 5887 τὴν
692 5816 799 5869 τῶν
830 5819 1214 5889 χρηστοτέρων
1248 5818 1415 5884 ἕξεων
1446 5818 1615 5883 ἰδέαν,
1651 5819 1890 5886 τοσούτῳ

2006 4623 2141 4678 lium
2195 4637 2259 4677 ex
2312 4622 2554 4677 externis
2594 4621 2840 4676 moribus
2883 4630 3172 4674 assecutus
3216 4637 3314 4685 es,
3376 4624 3582 4692 Optime

2008 4716 2398 4787 Agatbangcle.
2440 4713 2620 4779 Quare
2649 4713 2886 4767 aliorum
2939 4714 3171 4767 crimina
3216 4716 3371 4769 bonis
3401 4716 3583 4770 verbis

2007 4808 2059 4862 in
2092 4816 2347 4878 promptu
2406 4822 2616 4875 ponens
2662 4818 2711 4861 te
2759 4807 2940 4875 aspice
2995 4814 3051 4859 et
3107 4807 3451 4877 temetipsum
3486 4824 3577 4863 co-

2003 4914 2225 4971 gnosce.
2258 4898 2526 4968 Improbis
2549 4899 2695 4953 enim
2724 4899 3166 4968 ltominibusjam
3190 4897 3410 4961 sufﬁcit,
3437 4904 3578 4968 quod

2006 5002 2136 5046 sunt
2176 4992 2413 5061 improbi
2433 5000 2489 5044 et
2517 4992 2643 5044 inde
2668 4990 2803 5045 satis
2833 5004 3007 5058 paena:
3038 4991 3239 5044 ferunt.
3280 4990 3398 5045 Huc
3428 5006 3583 5044 acce-

2004 5084 2104 5148 dit,
2130 5092 2189 5137 ut
2220 5083 2451 5137 maculis
2477 5082 2806 5151 quibusdam
2855 5082 2985 5135 inde
3025 5096 3187 5136 aures
3225 5090 3580 5151 aspergantur

2002 5186 2058 5231 et
2092 5178 2293 5231 nubem
2333 5178 2623 5246 quamdam
2647 5176 2927 5245 colligant,
2957 5189 3078 5241 quae
3116 5176 3360 5228 animum
3402 5174 3575 5228 sordi‘

2004 5269 2108 5324 bus
2169 5270 2414 5333 inlicere,
2474 5270 2765 5339 puritatem
2820 5266 2964 5320 illam
3018 5274 3181 5335 atque
3238 5266 3574 5336 vigilantiam

2001 5360 2204 5413 mentis
2252 5359 2548 5421 hebetare,
2592 5356 2920 5426 cupiditates
2975 5357 3215 5410 excitare
3271 5355 3463 5425 possit.
3508 5354 3575 5409 Ut

2001 5452 2148 5503 enim
2181 5451 2383 5504 bonum
2415 5465 2513 5504 sua
2547 5461 2743 5503 natura
2783 5464 3077 5518 operosum
3110 5459 3195 5503 est
3221 5464 3284 5502 ac
3331 5447 3571 5508 dillicile,

2001 5557 2125 5596 cum
2173 5541 2446 5595 diabolum
2507 5540 2820 5608 vigilantem
2867 5540 3154 5594 inimicum
3198 5539 3431 5604 habeat,
3476 5539 3572 5608 qui

2000 5636 2088 5690 die
2111 5642 2385 5702 noctuque
2407 5633 2649 5687 animum
2698 5631 2945 5700 depascit
2982 5643 3035 5686 et
3065 5646 3283 5700 semper
3318 5629 3574 5685 meliores

1997 5728 2226 5781 allectus
2252 5726 2304 5778 in
2332 5724 2486 5794 pejus
2536 5724 2793 5791 declinat,
2826 5727 2905 5780 sic
2943 5725 3157 5780 facilem
3189 5730 3245 5777 et
3279 5722 3445 5777 veluti
3475 5740 3572 5791 per

1998 5831 2231 5885 pronum
2263 5814 2699 5885 praecipitantem
2736 5816 2941 5870 aditum
2981 5815 3301 5885 improbitas
3339 5815 3443 5870 sibi
3471 5832 3569 5885 pa-
