4070 6326
495 387 597 451 103

1669 383 2097 446 ΝΙΕΕΡΠΟΒΙ
2136 384 2451 444 GREGOR
2482 383 2524 440 Β

3623 374 3724 438 Ῑθί

487 503 601 557 lum
664 498 886 553 omnino
937 497 1247 551 admitteret
1320 497 1599 569 solatium,
1659 499 1824 552 etiam
1876 495 2056 551 omnis

2167 496 2323 568 ρῶντι
2365 499 2450 551 διά
2505 514 2564 550 τε
2605 497 2664 549 τὸ
2697 497 2793 566 τῆς
2845 496 3175 564 καθείρξεως
3229 495 3488 557 ἐπιεικῶς
3535 495 3728 560 ἰταμὸν

490 607 615 661 spes
647 590 917 644 libertatis
942 591 1024 642 vel
1060 591 1124 642 ad
1180 589 1434 657 exiguum
1496 589 1757 655 temporis
1819 588 2055 656 spatium

489 682 878 750 recuperandae
914 681 1247 745 evaiiuisset,
1315 679 1588 746 siquidem
1635 689 2056 748 persecutorum

490 775 644 828 furor
666 775 911 829 nondum
937 772 1311 833 deferbuerat.
1343 770 1437 824 sed
1471 769 1656 838 potius
1680 769 1864 838 plures
1889 780 2056 825 noctu

489 866 695 934 diuque
731 866 784 918 in
833 863 1049 917 vincula
1112 863 1264 930 121
1322 861 1694 930 rapiebantur.
1737 862 1957 928 accidit,
1999 862 2081 916 ut'

489 957 561 1010 ob
600 973 684 1009 res
708 955 1056 1024 gravissimas
1092 963 1237 1006 metu
1267 951 1532 1006 aﬂicerer.
1599 952 1655 1006 1d
1688 953 1834 1006 enim
1874 962 2056 1007 mente

489 1048 778 1117 agitabam,
803 1061 869 1099 ne
902 1060 1049 1099 mors
1090 1061 1251 1113 quam
1289 1044 1418 1097 mihi
1462 1043 1920 1099 machinabantur
1965 1060 2056 1099 su-

491 1140 604 1194 bito
638 1153 739 1192 nec
770 1138 991 1206 opinato
1039 1152 1126 1189 me
1157 1137 1552 1205 comprimeret
1606 1144 1864 1204 tanquam
1916 1136 2057 1189 latro

487 1247 550 1285 ex
580 1230 812 1282 insidiis.
839 1229 1026 1297 itaque
1063 1228 1220 1280 tertia
1250 1229 1359 1297 jam
1411 1227 1596 1297 vigilia
1651 1243 1759 1295 quo
1810 1237 2059 1295 tempore

487 1323 727 1390 undique
753 1320 1012 1374 cellarum
1063 1319 1427 1372 tintinnabula
1481 1320 1727 1374 sonantia
1789 1328 1844 1374 et
1894 1334 2059 1388 super

483 1423 650 1481 caput
676 1427 801 1465 aera
821 1413 1084 1464 continuo
1131 1411 1435 1478 crepantia,
1477 1411 1776 1463 monachos
1808 1409 1874 1462 ad
1903 1410 2057 1480 hym‘

485 1519 588 1558 nos
650 1501 990 1571 conjunctim
1053 1502 1427 1555 decantandos
1486 1512 1543 1555 et
1594 1513 1915 1556 consuetam
1966 1503 2057 1556 Dei

485 1593 917 1649 celebrationem
983 1602 1307 1656 convocant,
1372 1591 1808 1663 Agathangelum
1866 1609 2059 1649 rursus

487 1682 705 1738 silentio
739 1683 888 1737 fores
917 1683 1188 1742 emittere.
1213 1693 1443 1736 conatus
1477 1697 1633 1747 sum;
1696 1683 2058 1751 quemadmo-

488 1775 618 1828 dum
643 1772 852 1826 Noham
881 1771 1073 1824 dicunt
1099 1785 1130 1824 e
1163 1771 1283 1824 navi
1320 1771 1568 1824 emisisse
1612 1772 1945 1837 columbam,
1978 1782 2056 1837 ut,

2160 591 2294 660 ope-3
2325 593 2414 653 καὶ
2446 592 2797 643 παντάπασιν
2823 591 3237 659 ἀπαράκλητον,
3270 589 3362 642 καὶ
3388 588 3504 656 ἅμα
3543 587 3604 637 τὸ
3633 583 3728 650 τῆς

2161 685 2476 750 ἐλευθερίας
2527 683 2559 751 ἢ
2598 686 2800 753 μικρᾶς
2841 684 2970 750 γοῦν
3013 700 3155 744 τινος
3209 681 3448 741 ἀνέσεως
3504 677 3732 730 δύσελπι

2162 777 2244 848 (τὺ
2280 779 2388 846 γὰρ
2424 776 2689 845 θηριῶδες
2722 774 2834 828 οὔτ’
2879 775 3042 846 ἔληγε
3083 774 3196 826 τῶν
3225 771 3475 826 διωκτῶν
3516 769 3730 835 οὐδαμῆ

2161 869 2256 922 καὶ
2291 869 2428 937 πρός
2459 884 2522 935 γε
2555 867 2725 920 πλείω
2759 867 2854 938 τὴν
2898 865 2992 922 τοῦ
3025 865 3212 932 αὔξειν
3246 864 3462 932 νύκτωρ
3495 863 3587 916 καὶ
3610 861 3734 932 μεθ’

2160 959 2375 1030 ἡμέραν
2405 958 2569 1028 ὁλκὴν
2601 960 2908 1036 empsim).
2944 959 3058 1019 δέος
3096 957 3220 1022 ἐμοὶ
3265 955 3370 1008 τῶν
3401 956 3540 1008 πάνυ
3576 956 3730 1021 μεγίο

2164 1069 2306 1104 στων
2339 1051 2737 1122 περικεχύσθαι
2778 1051 3115 1116 ξυνέϐαινεν,
3152 1047 3516 1102 ἀναπολοῦντι
3567 1045 3642 1114 μὴ
3673 1045 3733 1096 ὃν

2162 1126 2316 1195 αὐτοὶ
2348 1140 2469 1192 καθ’
2503 1140 2661 1211 ἡμῶν
2697 1141 2782 1192 ἀεὶ
2816 1139 3167 1210 μηχανῶνται
3203 1136 3440 1190 θάνατον
3470 1136 3733 1202 ἐπιγένη-

2162 1250 2272 1297 ται,
2303 1233 2435 1301 πρὶν
2480 1233 2628 1302 ἡμᾶς
2669 1233 2977 1297 αἰσθέσθαι,
3007 1230 3090 1303 ι[ί.
3129 1231 3233 1284 124
3275 1228 3332 1297 a]
3371 1228 3620 1294 καθάπερ
3669 1228 3734 1276 ὲκ

2161 1323 2319 1390 λόγου
2357 1321 2583 1392 λῃστής.
2616 1324 2756 1392 Ἤδη
2782 1323 3072 1391 τοιγαροῦν
3101 1321 3200 1386 τῆς
3233 1321 3352 1374 τότε
3383 1320 3574 1378 νυκτὸς
3603 1319 3735 1385 περὶ

2162 1412 2352 1480 τρίτην
2375 1414 2675 1481 γενομένης
2701 1412 2970 1483 φυλακὴν,
3006 1415 3062 1465 ὲν
3094 1405 3138 1478 ᾧ
3168 1412 3268 1479 τῆς
3298 1410 3445 1478 ὥρας
3499 1410 3734 1460 ἑκαστα-

2164 1505 2325 1575 χόθεν
2374 1505 2424 1554 οἱ
2459 1503 2568 1554 τῶν
2615 1503 3048 1572 φροντιστηρίων
3101 1501 3574 1569 ἀνθαμιλλώμενοι
3621 1497 3734 1550 κώ-

2161 1597 2361 1658 δωνες,
2407 1596 2499 1647 καὶ
2548 1595 2718 1665 συχνὰ
2757 1595 2850 1649 τὸν
2898 1594 3038 1664 ὑπὲρ
3083 1595 3324 1664 κεφαλῆς
3374 1589 3732 1664 θορυϐοῦντες

2162 1683 2320 1753 ἀέρα,
2359 1685 2485 1746 τοὺς
2538 1687 2630 1735 τὸν
2661 1685 2869 1755 μονήρη
2910 1684 3022 1752 βίον
3073 1684 3456 1754 ἀνῃρημένους
3505 1682 3564 1744 ὲς
3605 1680 3736 1740 τοὺς

2162 1770 2374 1834 κοινούς
2397 1788 2455 1824 τε
2483 1757 2828 1841 ἀθροίζουσιν
2863 1770 3066 1841 ὕμνους
3090 1773 3186 1824 καὶ
3221 1757 3316 1833 τάς
3348 1787 3412 1838 γε
3441 1770 3577 1839 πρὸς
3603 1767 3736 1820 Θεὸν

490 1878 619 1916 num
651 1863 746 1916 Dei
795 1861 1056 1916 Ecclesia:
1114 1862 1295 1916 eluvio
1353 1861 1717 1917 intermittere
1778 1867 2055 1933 ccepisset,

2167 1862 2304 1915 κατὰ
2348 1863 2410 1914 τὸ
2449 1861 2632 1929 σφίσιν
2684 1860 2873 1924 εἰωθὸς
2908 1861 2996 1913 ἀεὶ
3043 1860 3392 1929 δοξολογίας,
3428 1863 3520 1914 τὸν
3570 1862 3737 1927 Ἀγα-

485 1953 716 2008 videret.
754 1952 818 2006 Et
853 1953 968 2006 haec
991 1953 1099 2006 duo
1124 1953 1206 2005 vel
1228 1953 1461 2007 maxime
1485 1955 1795 2009 necessaria
1827 1955 1877 2008 ei
1909 1970 2059 2009 emn-

488 2045 632 2097 misi.
688 2044 929 2097 Primum
964 2053 1023 2097 ut
1055 2044 1123 2097 ab
1167 2059 1274 2097 uno
1323 2058 1354 2096 e
1391 2044 1522 2108 viris
1571 2044 1776 2099 sanctis
1815 2045 2058 2115 mihique

489 2135 795 2204 conjunctis
855 2136 1174 2205 particulam
1251 2136 1422 2191 divini
1499 2139 1680 2192 carnis
1755 2139 2059 2195 Salvatoris

489 2226 694 2282 Christi
719 2234 774 2280 ct
824 2225 922 2280 Dei
975 2226 1177 2289 nostri,
1226 2225 1496 2297 simulque
1545 2229 1702 2298 panis
1754 2229 2059 2284 consecrati

491 2320 645 2388 plura
671 2319 844 2372 frusta
884 2317 1018 2371 mihi
1055 2327 1360 2386 expeteret,
1396 2319 1526 2386 Qua:
1557 2321 1703 2376 enim
1767 2321 1912 2375 domi
1942 2323 2062 2375 'ha-

489 2412 709 2476 bebam,
738 2425 801 2464 ea
831 2410 1032 2479 szepius
1083 2412 1296 2465 edendo
1355 2423 1676 2481 consumpta
1732 2411 2060 2468 erantJJam

489 2519 622 2559 vero
668 2503 930 2572 quoniam
981 2505 1124 2557 sicut
1171 2519 1301 2573 apes
1360 2519 1567 2570 ceram,
1645 2505 2064 2562 insidiatoribus

491 2595 711 2649 tradere
747 2609 834 2648 me
866 2597 1150 2648 l'ornorem
1205 2609 1431 2648 necesse
1486 2605 1624 2660 erat,
1687 2597 1932 2650 animum
1992 2596 2058 2650 ad

492 2685 860 2741 constantiam
896 2684 1150 2754 colligere
1173 2684 1458 2739 studebam
1486 2703 1499 2749 ;
1530 2685 1694 2755 idque
1738 2697 1798 2740 ut
1827 2688 2064 2740 sanctili-

490 2776 708 2832 catione
730 2786 1024 2845 sanctaque
1070 2777 1462 2830 communione
1515 2776 1633 2830 loi-o
1669 2779 1815 2832 areis
1855 2795 2063 2848 propu-

493 2870 870 2939 gnaculorum,
906 2867 1090 2938 galeae,
1120 2867 1378 2936 pilorum,
1412 2866 1652 2922 thoracis
1685 2868 1899 2923 efficere
1943 2885 2065 2939 pos-

490 2977 606 3017 sem
632 2962 942 3030 cupiebam.
1006 2957 1131 3014 llaec
1161 2959 1328 3028 igitur
1401 2959 1639 3028 primum
1689 2961 2064 3032 Agathangelo

491 3054 764 3108 connnisi.
798 3051 1105 3117 Deinde,ut
1140 3052 1380 3120 singulos
1407 3068 1652 3123 quosque
1707 3054 1914 3109 amicos
1962 3057 2068 3124 pri-

489 3149 658 3200 Vatim
690 3157 745 3201 et
772 3147 990 3201 silentio
1016 3146 1191 3199 adiret
1223 3153 1275 3196 et
1321 3144 1660 3212 hortari-tur,
1725 3157 1948 3218 propter
1981 3163 2066 3201 mo

488 3243 747 3296 miserum
789 3241 945 3309 122
969 3240 1221 3309 preeihus
1274 3237 1447 3294 Deum
1484 3240 1820 3294 imocarent.
1877 3239 2065 3308 Neque

486 3337 632 3390 enim
664 3333 852 3400 credo,
874 3334 1143 3398 dicebam,
1172 3352 1267 3390 eos
1293 3338 1402 3404 jam
1429 3338 1611 3416 vivum
1638 3349 1722 3388 me
1747 3346 2066 3404 reperturus

485 3440 626 3481 esse.
667 3425 922 3495 Repente.
941 3423 1174 3480 fortasse
1229 3441 1430 3496 corpus
1457 3439 1641 3480 meum
1675 3441 1704 3480 a
1743 3437 2065 3496 persecuto-

490 3520 648 3574 ribus
705 3517 1060 3573 dilaceratum
1121 3517 1350 3571 canibus
1400 3519 1702 3584 avibusque
1758 3514 1861 3569 sub
1913 3515 2066 3570 urbis

490 3610 712 3667 ttimniis
743 3610 1016 3680 obiectum
1068 3607 1371 3664 odendent.
1407 3607 1541 3663 Nam
1575 3606 1688 3661 haec
1706 3605 1816 3676 jam
1845 3621 1912 3660 ex
1942 3606 2066 3659 lon-

488 3720 558 3775 go
580 3715 824 3773 tempore
851 3711 1232 3772 persecutores
1266 3701 1409 3772 apud
1461 3701 1701 3754 animum
1761 3697 2064 3752 constitue-

491 3806 641 3862 runt,
689 3797 795 3852 etsi
850 3812 960 3851 non
1009 3794 1066 3850 in
1122 3794 1269 3850 hunc
1323 3793 1570 3857 modum,
1627 3801 1807 3846 tamen
1864 3797 1924 3844 ut
1989 3788 2065 3844 ita

493 3890 624 3941 ﬁant
654 3887 1006 3942 vehementer
1044 3893 1322 3956 exoptant.
1388 3884 1454 3939 Et
1481 3884 1614 3937 mihi
1667 3880 1889 3952 quidem
1950 3878 2067 3933 haec

493 3991 752 4050 tanquam
779 3979 953 4050 prima
978 3978 1228 4034 laborum
1297 3977 1475 4046 palma
1532 3975 1813 4038 videntur,
1864 3972 2067 4041 quibus

488 4069 687 4137 dignus
720 4069 944 4132 habear.
977 4069 1070 4138 qui
1103 4067 1180 4121 rei
1207 4065 1534 4122 Christianae
1561 4061 2065 4134 propugnatoribus

491 4162 857 4226 adnumerer;
885 4160 993 4214 illis
1019 4167 1202 4213 autem
1231 4157 1348 4211 haec
1373 4159 1536 4210 linem
1569 4147 1771 4210 facient
1804 4154 2066 4209 molesta—

491 4266 612 4304 rnm
633 4250 1047 4305 contentionum
1070 4257 1126 4302 et
1154 4247 1426 4307 laborum.
1456 4260 1595 4316 quos
1617 4246 1884 4301 continuo
1913 4253 2064 4299 metu

491 4344 823 4412 scriptOrum
855 4356 1100 4396 meorum
1135 4340 1312 4396 coacti
1340 4348 1469 4393 sunt
1503 4349 1562 4392 ut
1592 4338 1916 4408 suscipiant.

2161 1953 2426 2020 θάγγε).ον
2449 1951 2612 2034 αὖθις
2641 1952 2881 2022 ἀψοφητὶ
2913 1954 3001 2006 διὰ
3039 1954 3139 2022 τῆς
3176 1951 3388 2020 θυρίδος
3413 1952 3588 2019 ἔγωγε
3616 1953 3736 2003 ἐνε-

2160 2041 2378 2111 χείρουν
2421 2039 2795 2110 προπέμπειν,
2849 2043 3103 2109 καθάπερ
3155 2041 3278 2093 Νῶε
3335 2042 3502 2094 πάλαι
3567 2044 3735 2108 φασῖν

2161 2142 2366 2192 ἐκεῖνον
2404 2141 2468 2191 ὲκ
2521 2133 2757 2190 κιϐωτοῦ
2815 2136 2915 2204 τὴν
2967 2135 3318 2205 περιστερὰν,
3349 2135 3540 2204 μλθεὶν
3593 2137 3642 2186 εἰ
3708 2133 3737 2184 ὁ

2159 2233 2259 2301 τῆς
2305 2231 2398 2284 τοῦ
2455 2230 2590 2284 Θεοῦ
2641 2228 2970 2295 Ἐκκλησίας
3028 2228 3216 2296 λωφᾷν
3260 2227 3535 2297 ἐπεχείρει
3572 2243 3740 2279 κατα-

2163 2323 2428 2391 κλυσμός.
2465 2324 2527 2375 Ei
2570 2321 2617 2374 δ’
2642 2320 2756 2385 οῦν,
2793 2319 2887 2372 δύο
2917 2321 3080 2373 ταυτὶ
3108 2318 3306 2388 τουτῳῒ
3343 2317 3732 2388 aspernatio:-

2165 2413 2292 2465 σθαι
2326 2412 2436 2464 τῶν
2482 2411 2931 2480 ἀναγκαιοτάτων
2974 2410 3150 2461 ἐδόκει
3207 2426 3320 2479 μοι,
3368 2407 3586 2478 πρῶτον
3638 2409 3737 2476 μὲν

2168 2506 2466 2578 προσιόντα
2495 2505 2572 2575 τῷ
2617 2505 2749 2558 δεῖνι
2775 2505 2884 2558 τῶν
2923 2505 3084 2574 ἱερῶν
3113 2502 3323 2574 ἀνδρῶν
3355 2503 3450 2556 καὶ
3491 2502 3737 2572 συνήθων

2167 2601 2288 2669 ἐμοὶ
2332 2599 2578 2668 κομίζειν
2628 2597 2838 2650 ἐκεῖθεν
2869 2596 3061 2666 μερίδα
3090 2595 3184 2668 τῆς
3217 2594 3366 2657 θείας
3402 2596 3602 2664 σαρκὸς
3639 2592 3736 2645 τοῦ

2167 2691 2422 2762 Σωτῆρος
2453 2692 2689 2761 Χριστοῦ
2714 2693 2807 2742 καὶ
2830 2687 2965 2741 Θεοῦ
2992 2689 3024 2758 ἡ
3034 2689 3152 2756 μῶν
3176 2687 3272 2740 καὶ
3297 2686 3412 2755 ἅμα
3439 2685 3738 2756 ἁντιδώρςυ

2165 2785 2405 2852 τεμάχια
2439 2783 2633 2835 πλείω.
2669 2785 2734 2836 "A
2768 2784 2877 2852 γὰρ
2913 2781 3055 2849 ἔχειν
3090 2781 3216 2846 ἐμοὶ
3244 2778 3465 2849 περιῆν,
3506 2779 3570 2829 ὲκ
3612 2779 3742 2828 πολ-

2165 2873 2261 2927 λοῦ
2295 2863 2703 2944 δεδαπανῆσθαι
2749 2872 3154 2943 συμπέπτωκεο
3206 2874 3299 2924 καὶ
3344 2869 3437 2922 νῦν
3471 2868 3592 2920 ἐπεί
3623 2884 3737 2936 μοι.

2167 2966 2421 3036 καθάπερ
2452 2964 2642 3036 κηρίον
2691 2964 2962 3035 μέλιτται,
2998 2961 3335 3034 πανταχόθεν
3387 2963 3500 3024 τοῖς
3532 2959 3738 3028 τούμοῦ

2169 3053 2401 3108 θανάτου
2445 3055 2799 3126 δημιουργοῖς
2839 3054 3233 3122 κραταιότερον
3283 3048 3625 3104 ἐπιτίθεσθαι
3659 3047 3743 3101 δέ-

2168 3147 2375 3212 δοκται,
2407 3146 2726 3211 ἀναγκαῖον,
2775 3143 2938 3214 εἴπερ
2973 3144 3126 3210 ποτὲ,
3166 3141 3262 3196 νῦν
3318 3142 3554 3211 μάλιστα
3597 3139 3741 3195 δέδο-

2171 3257 2298 3294 κται
2325 3239 2496 3309 κάμοὶ
2524 3238 2960 3310 προσεχέστερον
2989 3235 3413 3302 ἀνθοπλίζεσθαι
3451 3235 3741 3289 καὶταῦτα

2169 3331 2234 3403 δὴ
2269 3330 2406 3401 πρὸς
2448 3330 2722 3401 ἁγιασμόν
2763 3331 2858 3385 καὶ
2891 3330 3200 3402 μετάληψιν
3232 3330 3297 3383 ἐκ
3341 3328 3437 3382 τοῦ
3472 3326 3741 3397 σύνεγγυς

2169 3425 2336 3492 ἔχειν,
2368 3424 2485 3477 ἀντ’
2530 3425 2698 3494 ἄλλης
2748 3425 2926 3478 εἰπεῖν
2967 3423 3318 3494 ἀκροπόλεως
3364 3427 3460 3476 καὶ
3503 3423 3741 3494 κράνους

2169 3519 2266 3570 καὶ
2292 3517 2464 3583 τόξων
2496 3517 2591 3569 καὶ
2629 3515 2896 3587 θώρακος.
2943 3515 3169 3586 Πρῶτον
3205 3515 3306 3584 μὲν
3349 3509 3444 3569 οὖν
3489 3514 3741 3586 δήτοῦτο

2172 3610 2594 3679 προσανεθέμην
2620 3607 3031 3678 Ἀγαθαγγὲλῳ,
3067 3607 3321 3680 δεύτερον
3351 3608 3411 3662 δὲ
3443 3607 3552 3662 τῶν
3572 3607 3743 3678 φίλων

2173 3700 2426 3763 ἑκάστοις
2461 3700 2568 3772 ἰδίᾳ
2595 3704 2690 3752 καὶ
2722 3701 2898 3770 ἡσυχῆ
2934 3700 3211 3771 προσιόντ’
3240 3701 3430 3764 ἀξιοῦν
3469 3699 3572 3770 τῆς
3601 3699 3742 3771 ἐμῆς

2173 3789 2574 3860 ὕπερεύχεσθαι
2603 3790 2953 3862 ταλαιπώρου
2983 3791 3156 3861 ψυχῆς
3183 3805 3199 3820 ’
3229 3791 3292 3847 οὐ
3319 3792 3447 3862 γὰρ,
3471 3788 3624 3860 οίμαί
3655 3806 3741 3857 γε,

2174 3883 2413 3952 ἔφασκον
2441 3882 2520 3936 ἔτι
2557 3899 2625 3950 με
2680 3882 2858 3947 ζῶντα
2902 3883 3202 3938 θεάσασθαι
3249 3885 3424 3952 σφᾶςο
3455 3882 3743 3936 θεάσονται

2173 3972 2216 4024 δ’
2251 3972 2378 4036 ἴσως
2405 3970 2667 4041 ἐξαίφνης
2718 3973 3016 4044 συρόμενον
3048 3972 3138 4026 τὸν
3177 3973 3310 4044 ὲμὸν
3341 3975 3452 4038 τοῖς
3486 3972 3744 4036 διώκταις

2173 4063 2366 4131 νεκρὸν
2392 4063 2484 4114 καὶ
2520 4062 2716 4133 βρῶμα
2743 4063 2872 4115 κυσὶ
2920 4065 3016 4116 καὶ
3037 4063 3242 4133 ὀρνέοις
3272 4065 3370 4133 τῆς
3397 4064 3604 4126 πόλεως
3640 4064 3744 4129 ἔξω

2176 4154 2544 4224 ῥιπτόμενον⁹
2578 4155 2737 4209 τοῦτο
2769 4155 2878 4227 γὰρ
2923 4157 2987 4209 ὲκ
3019 4159 3158 4212 πάνυ
3205 4156 3404 4211 πολλοῦ
3437 4156 3744 4227 κεκύρωται

2171 4263 2232 4299 τε
2268 4249 2362 4299 καὶ
2401 4244 2633 4316 ὥρισται
2681 4247 2854 4317 σφίσι,
2889 4248 3142 4317 πρᾶγμα,
3173 4248 3223 4302 ει
3266 4249 3362 4302 καὶ
3389 4249 3465 4320 μὴ
3497 4249 3590 4303 τὸν
3633 4251 3746 4303 ῐσον

2172 4341 2396 4409 τρόπον,
2423 4338 2535 4392 ἀλλ’
2564 4339 2655 4392 οὖν
2681 4341 3066 4394 εὐκταιότατον
3091 4340 3239 4411 μάλα
3267 4357 3331 4412 γε
3358 4341 3639 4411 ἑκατέροις
3663 4341 3743 4406 ὃν,

491 4441 619 4508 ἐμοὶ
647 4439 744 4508 μὲν
773 4438 846 4500 ὡς
875 4437 1106 4490 ἐλπίδων
1154 4435 1298 4508 ἀρχὴ
1324 4436 1848 4506 στεφανηφορουσῶν
1873 4433 2049 4490 ταυτα
2087 4436 2199 4498 τοῖς
2226 4436 2364 4506 ὑπὲρ
2397 4435 2682 4494 εὲσεὸείας
2723 4437 3119 4505 ἠγωνισμένοις
3173 4437 3342 4490 πάλαι
3381 4437 3608 4499 ἐκείνοις
3645 4439 3744 4506 ὐφ-

491 4534 789 4603 ισταμένῳ,
863 4531 1015 4602 σφίσι
1075 4531 1121 4585 δ’
1184 4531 1259 4597 ὡς
1321 4532 1494 4604 πέρας
1557 4531 1666 4586 τῶν
1709 4534 1795 4602 ἐρ’
1831 4532 1981 4604 ἡμᾶς
2021 4531 2251 4585 ἐκείνων
2299 4533 2396 4585 καὶ
2452 4531 2669 4605 δρόμων
2736 4533 2828 4585 καὶ
2884 4532 3120 4603 μόχθων,
3162 4533 3263 4596 τὰς
3301 4531 3442 4604 ἐμὰς
3483 4531 3746 4604 διηνεκῶς

491 4630 690 4684 δεδιόσι
722 4629 963 4698 γραφάς.

566 4727 629 4779 ll.
675 4723 797 4778 Haec
852 4739 976 4778 cum
1059 4723 1340 4791 dixissem,
1405 4725 1816 4796 Agathangclus
1883 4725 2062 4779 animo

2247 4727 2324 4782 B'.
2364 4727 2508 4796 Πρὸς
2540 4724 2710 4777 ταῦτα
2737 4725 3040 4796 περιαλγής
3067 4741 3126 4777 τε
3157 4725 3252 4778 καὶ
3283 4723 3552 4796 ἔνδακρυς
3589 4726 3749 4796 Ἀγα-

489 4818 634 4875 tristi
660 4828 714 4871 et
742 4817 917 4871 oculis
958 4817 1386 4888 lacrymantibus
1455 4819 1752 4888 aliquando
1809 4818 1978 4871 tacuit
2013 4829 2069 4873 et

490 4912 680 4964 oculos
715 4912 768 4962 in
817 4910 1039 4964 humum
1063 4909 1273 4965 deﬁxit.
1310 4911 1516 4966 Deinde
1550 4927 1608 4966 sc
1663 4911 1834 4965 erexit
1885 4919 1940 4964 et
2003 4911 2068 4964 li-

492 5003 720 5058 bertatis
752 5019 883 5056 mea:
913 5020 1064 5074 spem
1107 5021 1302 5059 novam
1330 5006 1637 5074 amplexus,
1666 5019 1798 5057 num
1825 5003 2060 5057 absente

490 5098 798 5161 sacerdote,
849 5099 944 5169 qui
997 5115 1151 5153 sacra
1215 5100 1470 5168 mysteria
1541 5098 1772 5162 faceret,
1829 5095 2060 5151 cuilibet

489 5189 700 5244 licitum
732 5200 874 5243 esset
918 5191 1087 5259 ipsius
1149 5192 1404 5245 manibus
1461 5188 1808 5243 Dominicum
1869 5202 2070 5257 corpus

491 5289 546 5334 et
570 5281 886 5349 sanguinem
934 5280 1285 5350 participare,
1355 5295 1423 5332 ex
1475 5293 1558 5332 me
1623 5277 1903 5346 quzesivit.
1963 5276 2068 5332 Sed

491 5387 614 5426 eum
661 5371 712 5424 id
755 5371 1001 5427 audisset
1036 5381 1226 5426 sancto
1245 5370 1445 5424 Basilio
1476 5369 1707 5437 aliisque
1729 5370 1915 5425 multis
1949 5385 2074 5424 san-

496 5466 599 5519 ctis
640 5465 773 5519 viris
838 5482 1158 5538 concessum
1209 5465 1399 5529 fuisse,
1451 5464 1693 5533 itemque
1742 5468 1834 5536 qui
1893 5467 2063 5520 vitam

491 5555 797 5610 solitariam
824 5557 1066 5627 egissent
1104 5559 1183 5609 vel
1220 5557 1314 5624 qui
1351 5557 1799 5624 persecutionum
1853 5568 2063 5627 tempo-

491 5647 644 5702 ribus
673 5648 728 5702 in
760 5657 974 5704 montes
997 5655 1053 5703 et
1077 5647 1368 5716 Speluncas
1383 5648 1856 5722 confugissent,,id
1881 5651 2064 5705 facere

489 5754 806 5807 consuesse,
860 5740 1019 5794 facile
1076 5739 1181 5794 sibi
1230 5741 1528 5807 persuasit.
1597 5743 1806 5800 Deinde
1850 5758 1914 5798 ex
1978 5758 2065 5798 me

489 5832 761 5900 qum-ivit,
798 5848 930 5886 num
962 5831 1170 5886 licitum
1202 5840 1349 5886 esset
1368 5834 1551 5904 palam
1580 5834 2064 5913 cum_inﬁdelibus

2178 4821 2443 4889 θάγγελος
2465 4816 2706 4887 γεγονὼς
2740 4815 2824 4885 ἐφ’
2849 4817 3034 4870 ἱκανὸν
3062 4816 3378 4884 σεσιώπηκέ
3413 4834 3471 4870 τε
3504 4820 3597 4870 καὶ
3625 4823 3748 4873 ὲκε-

2173 4914 2336 4981 κύφει
2361 4926 2377 4942 ⁶
2411 4907 2510 4963 εἶτ’
2551 4907 2862 4978 ἀνενεγκὼν
2896 4911 2989 4960 καὶ
3025 4908 3120 4980 τὴν
3151 4911 3424 4980 ἡμετέραν
3467 4911 3605 4974 τέως
3647 4913 3749 4964 ἀπ-

2168 5004 2408 5075 αλλαγὴν
2474 5002 2869 5072 ὑπερθέμενος,
2939 5001 2988 5053 εί
3045 5003 3192 5072 ἐξείη
3247 5004 3321 5072 μὴ
3376 5003 3471 5057 τοῦ
3504 5003 3573 5057 τὰ
3628 5005 3749 5059 θεῖα

2170 5094 2588 5166 ἱερουργοῦντος
2641 5095 2921 5164 μυστήρια
2951 5094 3224 5164 παρόντος
3255 5097 3442 5164 χερσὶν
3472 5096 3630 5158 ἰδίαις
3663 5099 3748 5149 ὸν·

2167 5189 2346 5242 τινοῦν
2383 5189 2823 5260 μεταλαμϐάνειν
2863 5187 3048 5256 ῆρετο.
3094 5186 3369 5257 Ἀκηκοὼς
3397 5188 3444 5241 δ’
3483 5188 3556 5250 ὡς
3585 5190 3750 5242 Βασι-

2171 5281 2301 5351 λείῳ
2331 5282 2410 5350 τῴ
2444 5279 2574 5350 θείῳ
2599 5281 2693 5334 καὶ
2726 5281 2832 5332 τῶν
2862 5280 3039 5333 ἄλλων
3073 5280 3172 5333 οὐκ
3205 5279 3404 5348 ὀλίγοις
3431 5284 3584 5333 τουτὶ
3616 5299 3748 5348 συγ-

2174 5371 2492 5443 κεχώρηται
2515 5372 2623 5424 τῶν
2649 5373 2837 5440 ἁγίων,
2884 5374 2981 5427 ἆτε
3012 5374 3240 5436 καὶτοῖς
3271 5373 3328 5426 ἐν
3369 5390 3432 5442 γε
3474 5377 3596 5437 ταῖς
3622 5377 3752 5445 ἐρή-

2178 5482 2297 5535 μοις
2337 5465 2570 5534 ἄμικτον
2597 5464 2766 5518 πάλαι
2795 5464 2909 5533 βίον
2936 5465 3168 5518 ἀσκοῦσι
3194 5469 3369 5519 ποιεῖν
3408 5466 3622 5528 εἰωθὸς,
3656 5467 3750 5518 καὶ

2173 5557 2293 5610 ὅσοι
2325 5555 2384 5607 ἐν
2413 5558 2526 5618 τοῖς
2556 5555 2666 5608 τῶν
2695 5557 2952 5626 διωγμῶν
2997 5560 3208 5628 καιροῖς
3253 5557 3478 5622 ἑαυτοὺς
3507 5557 3659 5627 δρεσί
3691 5574 3749 5610 τε

2176 5652 2271 5702 καὶ
2303 5647 2591 5718 σπηλαίοις
2621 5649 2772 5702 ἄλλοι
2807 5649 2989 5714 ἄλλοις
3043 5650 3435 5720 συνέκρυπτον,
3471 5649 3534 5720 [Γ.
3569 5651 3670 5704 lii
3693 5648 3744 5722 ὁ]

2173 5741 2468 5796 πέπεισταί
2513 5759 2572 5795 τι
2626 5745 2803 5815 ῥᾷστα
2847 5743 2944 5796 καὶ
2970 5743 3226 5814 δεύτερον
3263 5744 3454 5814 ἠρώτα
3493 5743 3665 5802 τουτὶ.
3702 5745 3751 5794 εί

2174 5832 2325 5903 ἐξείη
2346 5831 2550 5903 δηλαδὴ
2581 5834 2690 5887 τῶν
2721 5834 3043 5904 ἑτεροδόξων
3064 5836 3240 5907 ’ἐνίοις
3269 5835 3624 5904 συνεύχεσθαι
3656 5834 3753 5884 καὶ
