4070 6326
363 368 469 433 105

1320 366 1764 428 BYZANTINE
1809 365 2194 427 IIISTORI/E
2232 366 2374 426 LIB.
2418 364 2656 427 XXVII.

3492 369 3593 433 106

356 483 481 552 βίας
511 478 839 550 ἐπειγούσης
865 479 1003 549 πρὸς
1032 478 1141 532 τῶν
1163 478 1419 530 τοιούτων
1451 476 1622 529 ἐνίοτε
1655 478 1746 529 καὶ
1782 479 1921 529 ἐνια-

2028 475 2356 545 quibusdam
2399 477 2685 532 instituere
2746 477 3090 548 precationes
3143 488 3198 532 et
3252 481 3302 532 vi
3364 493 3592 549 urgente

356 572 459 644 χοῦ
496 575 605 625 τῶν
657 573 817 625 θείων
865 571 1117 640 μετέχειν
1166 569 1498 639 μυστηρίων,
1549 569 1751 637 ὁμοίως
1801 569 1929 621 κάν-

353 664 537 719 ταῦθα
564 664 726 718 κάκεῖ
741 663 850 715 τῶν
874 661 1057 715 αὐτῶν
1095 659 1408 729 λεγομένων
1454 659 1652 729 εὐχῶν.
1702 658 1846 728 Ἐγὼ
1870 660 1926 712 δὲ

354 756 453 809 τδν
482 757 626 808 θεῖον
653 754 818 815 εὐθὺς
863 754 1193 823 παρήγαγον
1219 751 1286 804 ἐκ
1330 749 1629 818 Δαμασκοῦ
1671 750 1928 819 Ἰωάννην

355 849 511 919 αὑτῷ
529 849 629 917 (ί),
650 845 1019 917 φυλάττεσθαι
1062 845 1432 916 παραινοῦντα
1464 845 1601 913 μήτε
1628 843 1929 911 λαμϐάνειν

352 941 650 1012 αἱρετικῶν
702 939 1007 1011 μετάληψιν
1040 940 1178 1009 μήτε
1220 937 1451 991 διδόναιο
1487 954 1506 989 ι
1538 936 1630 1008 Μὴ
1670 936 1789 989 δότε
1821 937 1929 1005 γὰρ

355 1034 429 1086 τὰ
471 1034 604 1098 ἅγια
636 1032 748 1094 τοῖς
785 1030 966 1094 κυσὶν,
1009 1047 1028 1082 ι
1074 1028 1103 1081 δ
1150 1027 1355 1098 Κύριος
1392 1028 1581 1097 ἔφησε,
1616 1046 1637 1079 ι
1674 1026 1808 1098 μηδὲ
1845 1025 1929 1095 pt-

357 1142 526 1194 πτετε
573 1121 701 1186 τοὺς
737 1123 1088 1194 μαργαρίτας
1123 1123 1277 1192 ὑμῶν
1312 1121 1622 1191 ἔμπροσθεν
1663 1121 1772 1174 τῶν
1816 1119 1930 1190 χοί-

360 1193 494 1286 pinv,
531 1233 550 1265 ι
586 1216 670 1268 ῐνα
706 1214 782 1285 μὴ
818 1193 1039 1285 μέτοχοι
1088 1215 1188 1284 τῆς
1236 1214 1559 1280 κακοδοξίας
1588 1213 1809 1282 καὶτῆς
1836 1212 1929 1266 αῦ-

355 1306 468 1359 τῶν
501 1304 788 1375 γενώμεθα
843 1305 1265 1376 κατακρίσεωςο
1311 1305 1360 1358 εί
1405 1305 1514 1375 γὰρ
1568 1304 1761 1367 ἔνωσίς
1814 1304 1927 1357 ἐστι

359 1396 497 1465 πρὸς
526 1396 782 1465 Χριστὸν,
814 1396 911 1449 καὶ
942 1394 1081 1465 πρὸς
1116 1393 1378 1466 ἀλλήλους
1410 1394 1629 1457 πάντως
1649 1409 1661 1421 ·
1698 1394 1792 1446 καὶ
1823 1394 1929 1447 πᾶ-

357 1504 413 1540 σι
443 1490 555 1549 τοίς
577 1488 709 1557 ἡμῖν
763 1487 1366 1557 συμμιταλαμὸάνουσι
1413 1486 1555 1541 κατὰ
1606 1486 1928 1557 προαίρεσιν

354 1580 649 1647 ἑνούμκθα,
695 1581 790 1634 καὶ
833 1581 1033 1642 πάντες
1064 1580 1125 1637 ἓν
1170 1580 1335 1649 σῶμά
1378 1582 1566 1651 ἔσμεν,
1598 1581 1683 1635 ὅτι
1736 1581 1802 1635 ὲκ
1834 1582 1927 1634 τοῦ

353 1669 476 1732 ἑνὸς
505 1670 671 1739 ἄρτου
718 1671 1227 1741 μεταλαμᾶίινομεν,
1270 1671 1346 1734 ὡς
1374 1673 1403 1726 ὁ
1433 1672 1574 1734 θεῖος
1606 1670 1927 1735 Ἀπόστολος

356 1758 551 1827 ἔφησε.
601 1760 714 1828 Τῆς
754 1760 850 1812 οῦν
882 1762 1261 1830 προαιρέσεως
1308 1761 1560 1815 ἐνταυθοῖ
1607 1762 1929 1833 μαχομένης

2030 563 2304 618 interdum
2331 579 2455 619 cum
2484 566 2550 621 iis
2589 567 2849 636 m‘ysteria
2872 582 3033 636 agere
3084 583 3298 637 unaque
3347 570 3595 624 celebra-
3668 596 3679 607 -

2032 655 2232 711 tiones.
2288 656 2358 713 At
2392 672 2491 728 ego
2540 659 2724 714 statim
2783 659 2940 729 123
2987 659 3222 715 Joannis
3272 660 3594 721 Damasceni

2030 746 2350 800 memoriam
2403 747 2455 802 ei
2498 750 2774 812 revocavi,
2815 752 2909 820 qui
2946 760 3134 807 monet
3173 767 3186 803 :
3222 768 3292 809 ne
3334 768 3433 809 nos
3484 753 3597 809 ha:-

2029 838 2327 892 reticorum
2349 838 2626 894 doctrinas
2658 847 2935 897 sectemur
2960 857 3140 912 neque
3181 843 3247 898 iis
3273 844 3346 898 ad
3380 854 3600 899 nostras

2029 927 2246 982 aditum
2279 929 2692 997 patefaciamus.
2726 951 2745 983 ι
2778 932 2957 987 Nolite
2999 942 3246 989 sanctum
3280 934 3414 990 dare
3446 937 3597 989 cani-

2031 1017 2154 1084 bus,
2183 1038 2200 1070 ι
2240 1019 2373 1076 dicit
2406 1021 2691 1088 Dominus,
2723 1041 2741 1074 ι
2786 1038 2966 1094 neque
3011 1025 3241 1093 mittatis
3275 1025 3598 1096 margaritas

2029 1122 2241 1168 vestras
2282 1123 2410 1169 ante
2446 1130 2645 1185 porcos
2670 1115 2714 1181 ‘,
2742 1134 2762 1170 ι
2814 1126 2877 1171 ιιι
2920 1131 2989 1171 ne
3046 1117 3359 1173 imbuamur
3412 1119 3597 1189 pravis

2031 1202 2259 1259 istorum
2284 1205 2638 1276 opinionibus
2673 1216 2837 1278 atque
2874 1224 2999 1263 eum
3036 1209 3103 1266 iis
3134 1209 3592 1267 condemnemur.

2029 1294 2131 1351 Ubi
2159 1296 2304 1350 enim
2333 1298 2647 1352 communio
2669 1307 2754 1354 est
2784 1299 2944 1354 nobis
2999 1314 3127 1356 cum
3185 1300 3316 1357 Jesu
3350 1300 3595 1367 Christo,

2029 1387 2196 1441 etiam
2227 1388 2368 1443 inter
2392 1404 2493 1444 nos
2524 1392 2841 1446 communio
2869 1402 3126 1460 constat;
3152 1400 3208 1449 et
3238 1409 3366 1448 eum
3416 1394 3596 1448 omni-

2030 1479 2133 1533 bus
2162 1480 2383 1549 quidem
2418 1481 2510 1551 qui
2541 1482 2833 1538 nobiseum
2854 1492 3101 1539 sanctam
3152 1499 3365 1540 coenam
3424 1488 3596 1555 parti-

2025 1567 2219 1638 cipant
2245 1569 2299 1622 in
2353 1568 2461 1624 ﬁde
2527 1571 2808 1642 conjuncti
2873 1588 3084 1640 sumus,
3143 1582 3201 1629 et
3255 1591 3357 1630 nos
3403 1591 3600 1630 omnes

2030 1674 2200 1714 unum
2230 1676 2427 1730 corpus
2466 1661 2765 1728 efﬁcimur,
2802 1668 2947 1735 quod
2976 1681 3088 1721 uno
3118 1666 3212 1725 illo
3242 1682 3380 1736 pane
3418 1669 3596 1723 vesci-

2028 1764 2174 1814 mur,
2198 1756 2259 1802 ut
2294 1760 2518 1806 sanctus
2548 1750 2845 1821 Apostolus
2876 1754 3033 1810 dicit.
3068 1774 3086 1807 ι
3125 1755 3269 1821 Quid
3310 1757 3495 1825 igitur,
3551 1758 3595 1811 si

355 1851 455 1903 καὶ
484 1850 727 1916 ἀλλήλων
763 1852 913 1922 ἡμᾶς
933 1829 1227 1923 διιστώσης
1265 1852 1366 1923 τῆς
1405 1851 1514 1905 τῶν
1539 1829 1830 1923 δογμάτων
1871 1829 1921 1908 έ-

2030 1840 2087 1895 in
2119 1841 2224 1897 [ide
2251 1842 2606 1909 dissidemus,
2674 1861 2887 1916 nosque
2941 1848 3259 1917 dogmatqu
3303 1850 3599 1906 diversitas

354 1956 493 1993 νεκα
522 1942 917 2010 καινοτομίας,
955 1943 1070 2005 πῶς
1100 1943 1166 1996 ἂν
1200 1943 1327 2013 μίαν
1360 1944 1623 2013 σχοίημεν
1657 1944 1749 1997 τὸν
1788 1946 1947 2015 Χριι

352 2030 485 2083 στὸν
515 2030 778 2099 κεφαλὴν,
802 2031 847 2101 τῆ
902 2031 1019 2095 πῶς
1050 2032 1118 2086 ἂν
1170 2032 1425 2102 ἀλλήλοις
1483 2030 1922 2104 συνευξαίμεθας

356 2138 379 2171 ι
418 2119 515 2181 Τίς
544 2119 674 2189 γὰρ,
716 2138 733 2171 ι
780 2120 940 2189 φησὶ,
996 2138 1016 2173 ι
1057 2122 1214 2193 μερὶς
1268 2120 1445 2191 πιστῷ
1476 2121 1616 2191 μετὰ
1644 2122 1922 2191 ίάπίστους

349 2211 385 2282 ἢ
421 2212 507 2275 τίς
541 2211 799 2266 κοινωνία
839 2213 982 2280 φωτὶ
1032 2212 1171 2281 πρὸς
1219 2214 1446 2280 σκότος;
1503 2213 1536 2282 ἢ
1583 2214 1669 2276 τίς
1701 2214 1925 2282 συμφώ-

352 2321 511 2371 νησις
556 2303 777 2375 Χριστῷ
819 2305 957 2374 πρὸς
1001 2304 1232 2373 Βελίαρ;
1278 2322 1299 2357 ι
1350 2304 1595 2368 ’Δκούεις
1617 2305 1676 2358 δὲ
1707 2304 1922 2359 καὶτοῦ

344 2394 488 2448 Θεοῦ
520 2396 610 2448 διὰ
635 2396 735 2465 τῆς
765 2397 1115 2465 προφητικῆς
1144 2397 1524 2466 φθεγγομένου
1557 2395 1823 2465 γλώττης,
1846 2397 1923 2460 ὡς

354 2506 375 2539 ι
425 2488 554 2542 Ἐὰν
580 2488 896 2559 προφέρητέ
924 2506 1016 2559 μοι
1044 2488 1347 2557 σεμίδαλιν,
1377 2488 1605 2559 μάταιον
1623 2504 1637 2518 ο
1669 2487 1922 2557 θυμίαμα

348 2577 635 2647 βδέλυγμα
682 2578 836 2633 ἔσται
871 2594 996 2648 μοι·
1055 2597 1076 2631 ι
1129 2578 1207 2645 τῷ
1234 2570 1342 2646 γὰρ
1372 2576 1685 2647 ἁμαρτωλῷ
1712 2573 1867 2631 εἶπεν
1892 2579 1922 2630 ὁ

346 2670 508 2733 Θεὸς,
543 2688 562 2722 ι
599 2672 716 2723 Ἵνα
746 2671 799 2722 τί
847 2672 912 2724 σὺ
947 2670 1176 2740 ὲκδιηγῇ
1206 2671 1277 2723 τὰ
1310 2668 1658 2737 δικαιώματά
1691 2686 1792 2738 μου
1825 2670 1921 2723 καὶ

346 2762 757 2831 ἀναλαμϐάνεις
783 2762 880 2832 τὴν
907 2762 1174 2832 διαθήκην
1205 2778 1305 2831 μου
1330 2760 1419 2814 διὰ
1444 2762 1711 2830 στόματός
1730 2778 1824 2814 σου
1846 2779 1863 2829 ;
1893 2780 1912 2813 ι

344 2854 425 2907 οὐ
469 2853 579 2922 γὰρ
614 2853 681 2906 τὰ
709 2855 971 2922 γινόμενα
1017 2853 1124 2924 χρὴ
1158 2854 1380 2907 σκοπεῖν
1427 2852 1606 2922 μόνον,
1650 2850 1785 2905 ἀλλὰ
1828 2851 1919 2906 καὶ

342 2943 447 3014 τὴν
478 2945 660 2999 αἰτίαν
698 2946 808 2999 τῶν
851 2946 1152 3013 γινομένων
1197 2944 1499 3012 ἐπιζητεῖν,
1531 2944 1560 2997 ὁ
1606 2944 1919 3014 χρυσορῤής-

345 3052 468 3106 μων
498 3035 702 3103 ἔφησεν
736 3035 990 3105 Ἰωάννης
1020 3035 1120 3108 (2).
1148 3037 1224 3090 Τὸ
1246 3036 1347 3104 μὲν
1369 3035 1477 3106 γὰρ
1518 3036 1661 3088 κατὰ
1691 3034 1917 3106 γνώμην

342 3126 639 3194 γινόμενον
672 3124 766 3178 τοῦ
792 3125 949 3189 Θεοῦ,
980 3126 1086 3179 κᾶν
1117 3124 1319 3195 φαῦλον
1341 3121 1480 3178 εἶναι
1509 3126 1662 3196 δοκῇ,
1695 3125 1916 3179 πάντων

344 3218 501 3271 ἐστὶν
543 3218 768 3287 ἄριστον
802 3232 817 3247 ·
847 3218 909 3270 τὸ
947 3218 1003 3272 δὲ
1037 3218 1188 3287 παρὰ
1233 3217 1462 3288 γνώμην
1498 3218 1594 3271 καὶ
1629 3216 1705 3288 μὴ
1727 3217 1918 3272 δοκοῦν

340 3309 561 3377 ἐκείνῳ,
590 3309 701 3362 κᾶν
750 3308 975 3378 ἄριστον
1014 3304 1152 3364 εἶναι
1198 3309 1512 3379 νομίζηται,
1548 3309 1767 3364 πάντων
1799 3310 1917 3364 ἐστὶ

341 3401 682 3470 φαυλότατον
722 3404 818 3457 καὶ
865 3402 1351 3472 παρανομώτατον.
1400 3401 1517 3455 Κᾶν
1552 3402 1790 3474 φονεύσῃ
1833 3419 1917 3468 τις

337 3494 487 3549 κατὰ
517 3496 743 3565 γνώμην
760 3494 853 3549 τοῦ
875 3494 1031 3560 Θεοῦ,
1051 3494 1461 3565 φιλανθρωπίας
1482 3494 1664 3566 πάσης
1693 3496 1918 3567 βελτίων

334 3587 369 3639 ὁ
390 3587 550 3653 φόνος
568 3599 583 3613 ο
606 3584 710 3637 κᾶν
724 3583 977 3653 φείσηταί
994 3600 1078 3648 τις
1100 3584 1253 3654 παρὰ
1277 3584 1337 3637 τὸ
1362 3585 1553 3639 δοκοῦν
1572 3584 1788 3657 ἐκείνῳ,
1817 3586 1916 3655 φό-

335 3692 433 3729 νου
465 3677 666 3739 παντὸς
696 3675 1032 3746 ἀνοσιωτέρα
1055 3676 1253 3742 γένοιτ’
1286 3677 1352 3730 ἆν
1379 3677 1410 3746 ἡ
1436 3676 1625 3745 φειδώ.
1646 3677 1719 3730 Οὐ
1736 3678 1845 3749 γὰρ
1880 3679 1914 3749 ἠ

334 3768 506 3838 φύσις
536 3768 645 3820 τῶν
676 3768 1046 3838 πραγμάτων,
1069 3766 1187 3822 ἀλλ’
1222 3767 1283 3823 αί
1302 3768 1394 3821 τοῦ
1420 3768 1557 3822 Θεοῦ
1577 3769 1746 3839 ψῆφοι
1774 3770 1916 3824 καλὰ

339 3860 439 3913 καὶ
460 3858 641 3927 φαῦλα
669 3858 819 3913 ταῦτ’
847 3855 992 3914 εἶναι
1047 3858 1320 3915 ποιοῦσιν.
1349 3860 1559 3931 Ὠσπερ
1582 3861 1629 3914 δ’
1656 3861 1911 3927 ἐκείνοις,

337 3949 551 4016 φησὶν,
596 3946 932 4015 ἐγκαλοῦμεν
985 3948 1068 4000 ὅτι
1126 3947 1559 4017 παρανομοῦσιν,
1616 3947 1760 4003 οὕτω
1819 3949 1913 4002 καὶ

332 4038 522 4105 πολλῷ
560 4037 760 4108 μᾶλλον
795 4038 923 4107 ὑμῖν
953 4038 1036 4091 ὅτι
1079 4040 1192 4100 τοῖς
1243 4038 1621 4108 παρανομοῦσι
1656 4039 1913 4110 συνέρχε-

334 4131 454 4184 σθε.
518 4131 631 4183 Καὶ
663 4130 787 4200 οὐχὶ
829 4131 942 4192 τοῖς
1000 4129 1361 4201 συντρέχουσι
1408 4130 1593 4200 μόνον,
1634 4130 1772 4184 ἀλλὰ
1816 4132 1911 4186 καὶ

330 4224 447 4284 τοῖς
470 4221 679 4292 κυρίοις
711 4223 813 4290 μὲν
847 4217 967 4276 οὖσι
1014 4220 1280 4284 κωλῦσαι,
1328 4220 1404 4291 μὴ
1452 4221 1795 4292 βουλομένοις
1826 4223 1907 4278 δέ.

2027 1931 2310 2001 distrahit,
2336 1950 2446 2004 quo
2472 1946 2629 2005 pacto
2646 1938 2901 1994 eumdem
2936 1939 3217 1996 Christum
3230 1951 3399 2011 caput
3425 1942 3599 1999 habe-

2027 2038 2151 2079 mus
2168 2034 2262 2081 aut
2279 2027 2466 2081 eadem
2485 2044 2610 2083 eum
2642 2029 2710 2085 iis
2734 2032 3002 2086 sacriﬁcia
3025 2034 3274 2103 agimus?
3300 2035 3425 2101 Qum
3444 2036 3593 2090 enim

2027 2122 2339 2174 communia
2375 2131 2504 2176 sunt
2542 2123 2689 2178 ﬁdeli
2714 2140 2837 2179 cum
2872 2126 3235 2191 inﬁdeli,lttci
3279 2143 3405 2184 cum
3444 2139 3596 2191 tene-

2025 2210 2162 2276 bris,
2184 2212 2406 2269 Christo
2433 2231 2559 2270 cum
2592 2216 2807 2272 Beliare
2840 2218 2898 2272 "l
2945 2218 3088 2274 Audi
3118 2234 3240 2289 quae
3279 2220 3422 2277 Deus
3459 2222 3596 2278 dicit

2024 2317 2125 2373 per
2148 2318 2209 2358 os
2232 2306 2548 2376 prephetae:
2579 2328 2595 2359 ι
2622 2308 2845 2364 Frustra
2870 2309 3004 2364 mihi
3033 2310 3284 2367 oB‘eretis
3331 2314 3597 2387 similagi-

2022 2403 2182 2455 nem;
2214 2392 2552 2449 thuribulum
2589 2410 2617 2449 a
2644 2411 2733 2452 me
2762 2397 3143 2469 repudiabitur
3167 2401 3241 2455 ³.»
3290 2402 3383 2457 Sic
3421 2404 3597 2460 incre-

2020 2489 2113 2550 pat
2136 2481 2281 2539 Deus
2311 2485 2540 2555 impium
2574 2504 2590 2543 :
2622 2487 2764 2554 Quid
2784 2505 2958 2545 meam
2981 2492 3248 2562 justitiam
3272 2493 3596 2551 insectaris?

2020 2573 2153 2641 quid
2203 2574 2421 2630 divinos
2450 2577 2623 2633 libros
2659 2579 2715 2633 in
2763 2595 2860 2636 ore
2916 2592 3011 2637 tuo
3045 2583 3252 2639 babes?
3298 2585 3422 2640 Non
3446 2587 3591 2640 enim

2019 2665 2195 2720 solum
2230 2666 2390 2741 124
2417 2685 2538 2739 qua:
2568 2673 2623 2726 in
2650 2673 2825 2728 oculis
2853 2685 2981 2730 sunt
3004 2677 3278 2747 reSpicere
3304 2694 3406 2733 nos
3430 2695 3593 2748 opor—

2022 2762 2117 2819 tet,
2145 2758 2238 2811 sed
2260 2759 2423 2814 etiam
2458 2762 2701 2817 rationes
2736 2763 3015 2835 inquirere
3056 2782 3177 2836 qua:
3217 2768 3302 2824 his
3328 2769 3592 2838 subjectze

2018 2853 2147 2899 sunt
2175 2848 2309 2903 dicit
2329 2849 2568 2907 Joannes
2605 2852 3052 2923 Chrysostomus.
3085 2858 3221 2912 Nam
3250 2874 3591 2930 quascunque

2017 2939 2319 2994 secundum
2349 2942 2445 2996 Dei
2473 2942 2611 2999 fiunt
2637 2945 3147 3011 voluntatem,licet
3202 2950 3363 3006 nobis
3417 2967 3588 3020 prava

2016 3028 2331 3098 videantur,
2385 3043 2563 3089 tamen
2613 3045 2740 3090 sunt
2772 3038 3000 3107 Optima.
3045 3040 3177 3106 Qum
3222 3056 3352 3096 vero
3397 3053 3589 3107 contra

2017 3117 2113 3175 Dei
2146 3120 2283 3175 ﬁunt
2310 3122 2643 3181 voluntatem
2662 3128 2875 3184 etiamsi
2903 3131 3107 3199 optima
3144 3132 3438 3197 habentur,
3469 3150 3588 3188 om-

2020 3211 2170 3266 nium
2206 3215 2440 3284 pessima
2470 3227 2596 3273 sunt
2622 3230 2676 3274 et
2718 3224 3060 3290 pravissima.
3118 3224 3306 3294 Itaque
3369 3227 3413 3281 si
3464 3230 3589 3298 quis

2020 3298 2132 3355 Deo
2149 3300 2373 3371 jubcute
2399 3308 2708 3377 quempiam
2737 3311 2994 3379 trucidet,
3015 3313 3068 3369 id
3092 3315 3285 3369 melius
3307 3325 3394 3372 est
3426 3334 3585 3388 quam

2019 3390 2065 3447 si
2095 3406 2218 3447 eum
2251 3408 2434 3451 amore
2466 3410 2859 3469 prosequatur;
2883 3411 2943 3458 et
2976 3407 3022 3459 si
3065 3405 3189 3475 quis
3221 3417 3410 3477 parcat
3474 3412 3589 3467 eui-

2017 3482 2187 3552 piam,
2223 3486 2332 3541 Deo
2375 3498 2618 3555 vetante,
2660 3491 2716 3546 id
2755 3495 2907 3563 pejus
2948 3504 3033 3550 est
3079 3513 3242 3568 quam
3288 3499 3334 3554 si
3378 3501 3581 3559 ctedem

2016 3585 2314 3647 perpetret.
2341 3579 2531 3649 Neque
2550 3582 2700 3635 enim
2731 3585 2942 3652 species
2971 3586 3200 3644 bonaane
3242 3589 3355 3645 sint
3402 3608 3489 3647 res
3513 3608 3582 3648 an

2014 3681 2219 3738 pravae,
2243 3670 2338 3725 sed
2377 3687 2499 3741 qua)
2545 3674 2601 3728 in
2625 3673 2694 3731 iis
2726 3675 2821 3730 Dei
2860 3678 3117 3735 voluntas
3166 3695 3449 3752 appareat,
3494 3684 3582 3737 in.

2016 3758 2186 3816 dicat.
2233 3760 2304 3817 Ut
2361 3779 2491 3818 vero
2552 3780 2654 3821 nos
2698 3768 2833 3823 istos
2880 3771 3028 3841 quod
3075 3774 3329 3829 mandata
3381 3775 3584 3830 lmdunt

2014 3853 2089 3907 ita
2146 3856 2321 3911 multo
2354 3859 2523 3928 magis
2572 3859 2925 3933 increpamus
2968 3880 3084 3932 vos,
3134 3868 3281 3936 quod
3332 3884 3455 3923 cum
3490 3869 3579 3921 in-

2013 3945 2272 4003 ﬁdelibus
2303 3951 2619 4006 societatem
2655 3953 2849 4015 facitis.
2886 3957 3003 4013 Non
3034 3967 3217 4016 tamen
3248 3976 3342 4016 eos
3366 3969 3577 4019 tantum

2014 4039 2109 4109 qui
2150 4040 2617 4111 conspirationem
2648 4046 2857 4102 faciunt
2880 4047 3251 4118 increpamus,
3282 4050 3376 4106 sed
3410 4054 3577 4107 etiam

2012 4147 2153 4203 quos
2184 4134 2483 4204 prohibere
2545 4151 2706 4207 posse
2749 4138 2969 4208 quidem
3017 4140 3249 4209 scimus,
3298 4158 3401 4199 nec
3448 4160 3580 4200 vero

2010 4223 2177 4280 velle.
2225 4223 2283 4279 Si
2320 4228 2471 4284 enim
2509 4224 2858 4298 frequentare
2901 4230 3176 4287 theatrum
3208 4240 3473 4300 vetamus,
3525 4236 3579 4291 id

336 4314 404 4368 El.
426 4314 537 4383 γὰρ
558 4314 639 4375 είς
665 4313 891 4381 θέατρον
911 4312 1011 4367 οὐκ
1029 4312 1399 4382 ἐπιτρέπομεν
1416 4312 1696 4381 ἀπελθεῖν,
1723 4314 1908 4385 πολλῷ

2022 4314 2186 4370 multo
2211 4317 2382 4387 magis
2426 4332 2527 4374 nos
2565 4329 2782 4389 oportet
2834 4330 3101 4391 vetemus,
3149 4323 3294 4394 quod
3328 4325 3393 4379 ad
3418 4341 3581 4397 syna-

332 4405 541 4474 μᾶλλον
579 4404 670 4458 ἐπὶ
717 4403 1044 4475 συναγωγῆς
1088 4404 1247 4459 τοῦτο
1301 4404 1407 4475 χρὴ
1446 4407 1654 4459 ποιεῖν’
1702 4406 1906 4474 μείζων

2022 4421 2203 4478 gogam
2237 4410 2452 4465 attinet.
2491 4410 2620 4469 Nam
2644 4412 2761 4469 hanc
2788 4412 3041 4485 impietas
3069 4418 3242 4487 major
3284 4432 3448 4489 quam
3484 4420 3578 4473 illa

331 4496 447 4565 γὰρ
473 4496 787 4564 παρανομία
817 4495 1037 4563 ἐκείνης
1062 4493 1228 4565 αῦτη,
1260 4496 1344 4548 ὃτι
1384 4498 1501 4548 ἐκεῖ
1527 4495 1624 4566 μὴν
1658 4496 1904 4567 ἁμαρτία

2022 4509 2116 4554 3st.
2145 4501 2353 4571 Nempe
2390 4504 2504 4559 illic
2532 4520 2654 4574 quae
2695 4515 2932 4575 aguntur
2986 4508 3231 4580 improba
3277 4520 3429 4577 sunt,
3488 4512 3577 4567 hic

332 4589 394 4644 so
438 4586 746 4656 γινόμενον,
784 4586 1020 4641 ἐνταῦθα
1064 4586 1108 4638 δ’
1141 4586 1385 4640 ἁσέὸεια.
1420 4603 1441 4639 ο
1487 4586 1649 4657 Ὁρᾷς
1690 4587 1769 4649 ὡς
1813 4589 1909 4642 καὶ

2022 4602 2199 4649 autem
2236 4609 2368 4651 vere
2395 4596 2584 4665 impia.
2626 4616 2645 4650 ι
2684 4598 2850 4655 Vides
2895 4600 3063 4671 igitur
3116 4605 3575 4672 quemadmodum

330 4677 399 4733 τὸ
432 4694 540 4747 χρη
559 4678 688 4731 στὸν
715 4679 891 4734 ἐνίοτε
930 4677 1089 4745 δόξαν
1130 4674 1272 4735 εἶναι
1304 4678 1473 4731 κακὸν
1500 4679 1603 4731 ὑπὸ
1630 4676 1723 4731 τοῦ
1763 4678 1909 4733 θείου

2022 4698 2135 4753 qua:
2158 4685 2307 4758 justa
2338 4695 2728 4761 nonnunquam
2747 4689 3036 4749 videantur
3069 4694 3153 4749 vir
3185 4694 3275 4753 ille
3296 4699 3578 4753 sanctissi-

327 4769 486 4824 τοῦδε
516 4769 710 4838 ἀνδρὸς
746 4770 1069 4841 ἀπεδείχθη,
1108 4770 1202 4823 καὶ
1241 4770 1372 4839 ὅσην
1403 4769 1655 4826 ἐντεῦθεν
1692 4771 1902 4832 ἐκεῖνος

2022 4790 2133 4831 mus
2161 4791 2329 4849 prava
2358 4792 2478 4835 esse
2501 4780 2744 4848 dicat,et
2767 4794 3109 4855 quantopere
3138 4786 3230 4840 hic
3260 4803 3355 4843 eos
3389 4789 3573 4847 incre-

327 4861 428 4930 τὴν
455 4861 780 4931 ἐπιτίμησιν
810 4865 876 4933 τῇ
903 4864 1011 4915 τῶν
1043 4862 1369 4931 ἑτεροδόξων
1401 4861 1663 4932 κοινωνίᾳ
1690 4861 1904 4931 προσά-

2022 4876 2102 4935 pet
2152 4869 2248 4939 qui
2296 4885 2421 4925 cum
2477 4873 2788 4937 inﬁdelibus
2832 4875 3060 4932 faciunt.
3124 4878 3315 4949 Itaque
3364 4881 3409 4935 si
3448 4882 3573 4951 quis

328 4970 489 5018 πτεις
524 4956 591 5009 ’Δ
623 4954 732 5023 γάρ
784 4971 870 5017 τις
899 4954 1163 5009 δεσπότου
1208 4954 1637 5023 προστάττοντος
1680 4954 1813 5025 δρᾷν
1839 4954 1905 5024 ῆ-

2022 4959 2226 5015 Domini
2271 4964 2603 5019 voluntatem
2643 4981 2751 5022 non
2776 4970 3042 5039 exegerit,
3074 4972 3212 5025 hanc
3253 4972 3324 5037 ob
3350 4987 3570 5027 causam

330 5060 491 5096 κιστα
517 5045 644 5117 δρᾷ,
668 5044 875 5100 τούτων
912 5045 1187 5117 τιμωρίαν
1232 5045 1294 5115 υ.
1332 5044 1439 5101 125
1462 5043 1521 5115 a]
1560 5046 1800 5099 τίννυσιν
1826 5046 1907 5099 εί.-

2022 5063 2206 5119 pmnas
2236 5052 2390 5109 dabit
2409 5055 2539 5113 'sive
2574 5058 2712 5118 nihil
2736 5059 2885 5117 illinc
2913 5062 3039 5115 mali
3069 5062 3266 5129 exierit
3300 5064 3416 5119 sive
3439 5080 3571 5119 eou-

331 5135 505 5195 κὸτως
526 5135 693 5198 αὐτὸς
723 5137 753 5189 ὁ
792 5136 873 5206 μὴ
915 5134 1083 5207 δρῶν,
1117 5135 1291 5230 ttat-el
1315 5134 1395 5205 μὴ
1422 5134 1592 5188 κακὸν
1640 5136 1903 5208 ἀπαντῴη

2022 5142 2233 5198 .rarium
2262 5145 2547 5202 acciderit.
2592 5148 2725 5203 Nam
2758 5136 2898 5205 non
2940 5153 3324 5230 qualis,125
3384 5172 3567 5213 rerum

327 5221 390 5275 τὸ
420 5225 596 5293 πέρας
616 5240 634 5258 ο
673 5228 771 5279 καὶ
820 5224 1133 5280 τούναντίον
1175 5219 1331 5289 αὖθις
1355 5238 1369 5253 ⁶
1401 5224 1461 5279 οὐ
1511 5226 1619 5293 γὰρ
1656 5227 1771 5289 τοῖς
1798 5227 1909 5280 τῶν

2022 5243 2236 5290 :ventus
2259 5235 2329 5290 sit
2359 5235 2623 5292 Dominus
2645 5236 2878 5308 judicat,
2912 5219 3007 5296 sed
3033 5219 3441 5302 num—voluntas
3470 5263 3569 5302 sua
3609 5269 3612 5273 ’

324 5314 625 5385 δρωμένων
668 5319 904 5389 πέρασιν
957 5318 1108 5383 είκδς
1154 5318 1473 5372 ἀκολουθεῖν
1505 5318 1605 5390 τὴν
1657 5319 1753 5375 τοῦ
1792 5322 1912 5391 κρί-

2022 5337 2195 5381 :xacta
2255 5328 2346 5381 sit.
2404 5326 2531 5383 Ηςεο
2558 5341 2740 5385 autem
2785 5331 3001 5388 Domini
3033 5335 3286 5392 voluntas
3326 5338 3473 5408 leges
3513 5347 3569 5392 et

340 5426 526 5474 νοντος
549 5412 847 5482 ἀπόφασιν,
875 5412 992 5468 ἀλλ’
1022 5414 1073 5467 εί
1096 5415 1208 5475 τοῖς
1236 5412 1575 5476 δεσποτικοτς
1606 5414 1635 5467 ὸ
1678 5414 1820 5483 δρῶν
1850 5416 1911 5482 ἠ-

2022 5417 2257 5475 χιιειίιιιιει
2278 5426 2401 5474 sunt
2426 5420 2845 5494 imperatoribus
2869 5433 2925 5479 et
2954 5427 3294 5499 principibus
3312 5469 3329 5494 ,
3357 5427 3568 5484 civibus

400 5520 773 5623 ‘Matth.vu,
800 5556 853 5613 6.
945 5556 1312 5624 'llCor.v1,
1346 5556 1435 5613 l5.
1512 5556 1864 5623 'lsa.t,15.

398 5697 476 5767 (Ι)
513 5697 623 5749 Τοῦ
656 5697 1016 5775 Δαμασκηνοῦ
1046 5696 1111 5752 ὲκ
1142 5697 1234 5751 τοῦ
1268 5698 1399 5766 περὶ
1440 5697 1548 5751 τῶν
1594 5697 1763 5767 ἁγίων
1796 5700 1890 5752 καὶ
1998 5770 2011 5775 _
2043 5698 2145 5775 _(2)
2177 5694 2561 5769 Χρυσοστὸμου
2598 5699 2659 5751 ἐκ
2698 5697 2790 5751 τοῦ
2834 5699 2974 5753 κατὰ
3019 5702 3285 5754 Ἰουδαίων
3314 5702 3563 5775 δευτέρου

333 5769 615 5840 ἀχραντων
644 5768 737 5818 τοῦ
750 5770 850 5819 ‘Ku
860 5768 995 5835 ρίου.
1996 5770 2179 5837 λόγου.

651 5862 919 5923 Ρλτιιοι.
966 5862 1079 5921 Gn.
1118 5860 1293 5924 CXLI
1310 5862 1383 5927 Χ.

3104 5863 3143 5928 ﬁ
