4070 6326
530 355 634 422 1θῖ

1743 363 2160 426 NICEPHORI
2201 365 2583 429 GREGORE

3680 363 3782 432 108

531 473 587 520 et
610 464 751 536 plebi
779 465 1141 539 imperatores
1170 478 1222 525 et
1256 469 1560 541 principes,
1608 469 1681 526 ita
1713 479 1774 524 ut
1799 464 1893 539 qui
1928 471 2104 528 vocati

2218 473 2510 543 κολούθησε
2563 474 2822 542 δόγμασι.
2859 473 3130 527 Δεσπόται
3172 473 3217 527 δ’
3253 474 3321 528 ἀν
3360 466 3472 526 εἷεν
3503 475 3790 544 ἡγεμόνων

533 557 879 628 sirttjudices
923 559 1075 615 fonte
1114 572 1342 616 utamur
1392 562 1626 633 legibus.
1683 563 1751 617 Et
1782 562 1952 617 multa
1985 562 2112 631 qui-

531 649 658 704 dem
693 659 823 705 sunt
871 651 1118 706 facinora
1163 668 1306 722 qum,
1357 653 1486 707 dum
1527 669 1625 723 per
1659 669 1717 708 se
1771 662 2113 722 spectentur,

526 744 786 798 examina
826 745 1074 816 judicum
1122 746 1284 800 facile
1337 745 1636 815 decipiant,
1699 746 1810 799 imo
1855 745 2116 802 laudibus

533 834 588 889 .‘n
613 837 808 891 cmlum
830 835 1131 892 efferantur
1151 837 1221 891 ab
1245 837 1538 908 imperitis;
1561 837 1723 891 simul
1744 845 1906 906 atque
1929 844 2112 890 autem

533 943 658 995 qum
718 927 786 982 iis
831 928 1156 996 praefuerint
1207 928 1462 982 rationes
1515 928 1748 995 cognita:
1779 936 1930 991 sunt,
1967 925 2114 980 illico

531 1017 684 1072 mille
721 1018 1195 1072 exsecrationibus
1235 1018 1568 1072 obruantur.
1600 1017 1711 1073 Sed
1768 1025 2014 1072 revertar
2044 1016 2114 1070 ad

531 1112 694 1164 verba
731 1109 830 1164 viri
873 1110 1020 1166 illius
1066 1110 1429 1166 sanctissimi.
1468 1110 1710 1180 «.liomo,
1762 1109 1920 1173 dicit,
1978 1109 2113 1179 quid

529 1201 684 1270 agis?
732 1200 882 1270 leges
945 1201 1161 1256 violatae
1204 1210 1356 1267 sunt,
1418 1210 1477 1256 et
1541 1210 1598 1255 tu
1633 1198 1962 1255 violatoru’m
2024 1215 2114 1255 so-

522 1292 650 1346 vius
699 1307 862 1360 quam
919 1307 1146 1348 severus
1200 1294 1381 1364 legum
1429 1293 1740 1346 divinarum
1800 1291 1947 1347 ultor
1990 1307 2114 1347 esse

529 1383 742 1439 malis?
791 1385 897 1440 Sed
947 1401 1069 1456 quae
1120 1385 1221 1440 tibi
1266 1385 1374 1440 erit
1421 1384 1628 1439 venia?
1668 1383 1931 1438 nimirum
1964 1384 2114 1439 ulto-

536 1474 696 1528 ribus
751 1473 899 1529 Deus
943 1491 1051 1529 non
1086 1485 1210 1547 eget
1256 1490 1436 1546 neque
1485 1486 1676 1531 nostro
1715 1475 1972 1530 auxilio?
2005 1474 2114 1531 Sed

531 1581 696 1619 suum
754 1574 805 1620 te
863 1567 980 1621 vult
1031 1583 1154 1622 esse
1217 1567 1576 1633 ministrum,
1627 1567 1703 1623 ita
1769 1575 1830 1622 ut
1885 1566 2114 1637 gloriam

528 1658 814 1712 ostendas.
877 1678 895 1710 ι
961 1658 1137 1712 Etiam
1190 1673 1421 1729 magnus
1473 1658 1565 1712 ille
1616 1657 1946 1712 Athanasius
2003 1671 2115 1710 non

522 1763 627 1803 eos
679 1757 890 1804 tantum
945 1749 1035 1817 qui
1087 1750 1245 1804 thure
1286 1748 1488 1804 oﬁ'erre
1532 1757 1789 1804 recusent
1848 1757 2113 1818 martyras

517 1856 654 1895 esse
728 1843 898 1906 dicit,
958 1843 1052 1896 sed
1114 1844 1281 1896 etiam
1329 1841 1422 1912 qui
1483 1841 1644 1896 ﬁdem
1700 1856 1854 1896 suam
1909 1816 2108 1910 negare
2143 1816 2187 1872 Β

519 1934 736 1989 nolint.
768 1935 950 2003 Neque
1007 1934 1045 1989 ii
1079 1942 1290 1988 tantum
1355 1933 1448 2003 qui
1520 1932 1660 1987 idola
1721 1932 2106 1997 adoraverunt,

512 2035 662 2080 *sunt
693 2025 966 2099 inﬁdeles,
1007 2027 1102 2082 sed
1131 2027 1296 2082 etiam
1322 2027 1414 2095 qui
1447 2025 1812 2095 prodiderunt
1845 2025 2110 2079 doctrinm

533 2117 847 2170 veritatem.
881 2117 1017 2171 Nam
1046 2116 1358 2186 patriarcha
1388 2116 1664 2170 Abraham
1701 2131 1808 2170 non
1839 2127 1900 2170 ut
1932 2115 1980 2170 is
2011 2115 2109 2185 qui

513 2216 789 2262 'mortuus
813 2207 985 2276 sitpro
1019 2208 1154 2273 Deo,
1196 2207 1290 2262 sed
1323 2207 1416 2277 qui
1446 2207 1623 2262 ﬁdelis
1651 2207 1843 2273 fuerit,
1877 2209 2110 2278 palmam

501 2299 766 2372 --accepit.
821 2300 994 2353 Etiam
1055 2299 1232 2354 sancti
1266 2299 1454 2354 Patres
1504 2307 1560 2354 ct
1608 2299 1698 2354 alii
1734 2314 1872 2368 quos
1921 2314 2113 2354 omnes

523 2389 1002 2444 commemorandi
1065 2399 1286 2445 sanctus
1307 2390 1514 2444 Paulus
1568 2389 1702 2444 dicit
1744 2399 1958 2458 tempus
2009 2389 2113 2444 sibi

518 2481 700 2552 i126
730 2496 838 2535 non
871 2479 1144 2542 suﬁicere,
1178 2495 1286 2534 non
1318 2481 1466 2550 quod
1513 2480 1836 2552 sanguinem
1875 2495 1972 2550 pro
2001 2481 2114 2535 Deo

532 2573 899 2642 profuderunt
929 2573 985 2626 in
1011 2573 1210 2627 coelum
1235 2572 1407 2627 evecti
1423 2580 1574 2635 sunt,
1597 2572 1690 2626 sed
1707 2574 1855 2640 quod
1882 2587 1981 2641 pro
2005 2571 2116 2626 ﬁdo

516 2678 562 2738 τ
576 2672 867 2735 agnarunt.
884 2664 1033 2729 Quos
1055 2664 1217 2718 etiam
1242 2663 1952 2734 hodieadmiramur,quod
1971 2679 2117 2718 mor-

528 2767 645 2812 tem
674 2756 1010 2812 occumbere
1039 2759 1212 2826 parati
1245 2763 1404 2810 erant
1433 2764 1656 2825 propter
1680 2755 1936 2826 pietatem
1990 2771 2115 2825 erga

515 2849 728 2904 .Deurn.
755 2869 772 2901 ι
792 2848 957 2904 Vides
989 2850 1154 2915 igitur
1185 2848 1239 2902 in
1263 2847 1331 2901 iis
1363 2847 1499 2916 ipsis
1513 2862 1633 2916 qua:
1670 2847 1818 2917 parvi
1846 2848 2114 2902 habentur

517 2941 759 2996 virtutis
772 2941 1073 3011 plurimum
1097 2950 1308 3008 patere,
1338 2940 1504 3009 idque
1527 2939 1699 2994 multo
1727 2939 1899 3009 magis
1923 2940 1975 2993 in
2014 2939 2117 2992 mi-

2220 565 2318 632 μὲν
2369 565 2462 616 καὶ
2521 565 2805 633 ἀρχόντων
2865 565 3022 633 νόμοι
3071 565 3165 617 καὶ
3225 565 3464 634 στάθμαι
3524 567 3788 626 κανόνων.

2217 653 2475 723 ὑπηκόων
2523 654 2578 706 δὲ
2629 657 2723 707 καὶ
2779 655 3156 724 συρφετώδους
3226 655 3465 725 πλήθους
3521 656 3788 726 ἡγεμόνες

2217 746 2309 796 καί
2349 746 2630 815 ἄρχοντες,
2678 743 2754 806 ὥς
2812 748 2875 798 ἐκ
2941 747 3126 815 πηγῆς
3170 745 3280 800 τῶν
3323 750 3504 814 νόμων
3542 746 3686 815 ἔχειν
3732 747 3791 798 τὸ

2216 836 2424 907 κρίνειν
2472 838 2648 908 ὀρθῶς
2704 838 3033 906 ὀφείλοντες.
3111 840 3289 892 Πολλὰ
3365 841 3466 908 μὲν
3535 835 3627 890 οὖν
3679 838 3790 891 τῶν

2215 930 2512 1000 δρωμένων
2544 929 2666 984 καθ’
2709 931 2877 984 ἑαυτά
2919 931 3268 999 θεωρούμενα
3299 931 3490 1000 λέληθε
3546 931 3640 999 τὴν
3688 931 3788 998 τῆς

2216 1024 2452 1092 κρίσεως
2510 1024 2810 1077 κλέπτοντα
2873 1026 3107 1094 βάσανον
3165 1023 3262 1076 καὶ
3326 1026 3463 1090 πρὸς
3517 1022 3788 1090 αἰθερίου;

2217 1117 2476 1186 ἐξαίφνης
2523 1117 2581 1168 ὲν
2630 1118 2730 1169 ούκ
2782 1117 2982 1169 εἰδόσιν
3035 1116 3342 1184 ἀνέδραμεν
3389 1115 3614 1184 ὕμνους.
3658 1132 3761 1177 προ

2218 1205 2510 1273 σειληφότα
2549 1203 2605 1255 δὲ
2652 1204 2748 1256 καὶ
2795 1206 2894 1272 τὴν
2948 1204 3067 1272 μεθ’
3124 1199 3189 1274 ἦς
3235 1202 3530 1270 γεγένηται
3578 1202 3788 1269 πρόφα-

2218 1313 2303 1348 σιν
2361 1295 2569 1365 μυρίων
2620 1296 2770 1366 ἀρῶν
2830 1296 3108 1350 ὑπεύθυνα
3159 1295 3564 1362 ἀποπέφανται.
3625 1292 3789 1344 Ἀλλὰ

2221 1387 2552 1456 προσθετέον
2611 1404 2703 1456 μοι
2749 1387 2966 1448 τουτουῒ
3020 1387 3116 1441 τοῦ
3154 1387 3298 1440 θείου
3351 1386 3542 1454 ἀνδρὸς
3579 1385 3660 1454 (1)
3691 1385 3787 1436 καὶ

2215 1481 2284 1533 τὰ
2336 1483 2545 1543 τούτοις
2584 1480 2858 1534 ἀκόλουθα
2889 1519 2906 1535 .
2943 1498 2961 1531 ι
2997 1481 3063 1534 Τί
3110 1483 3304 1545 ποιεῖς,
3341 1497 3360 1531 ι
3407 1478 3594 1548 φησὶν,
3637 1495 3655 1528 ι
3692 1477 3785 1529 ἄν·

2214 1569 2401 1635 θρωπε
2428 1588 2443 1636 ;
2477 1571 2774 1641 Παρεὸἀθη
2830 1572 3018 1641 νόμος,
3051 1573 3146 1624 καὶ
3196 1574 3296 1624 οὐκ
3350 1574 3635 1641 ἐπιτιμᾷς,
3665 1568 3785 1621 οὐδὲ

2216 1661 2340 1731 γίνῃ
2370 1644 2604 1730 χαλεπός
2655 1660 2896 1732 τιμωρὸς
2927 1662 3034 1714 τῶν
3083 1661 3177 1714 τοῦ
3225 1660 3360 1714 Θεοῦ
3394 1661 3598 1730 νόμων,
3649 1658 3786 1710 ἀλλὰ

2217 1751 2529 1815 κοινωνεῖς
2580 1749 2687 1800 Καὶ
2741 1751 2898 1801 ποίαν
2956 1751 3145 1818 σχοῐης
3190 1749 3255 1802 ἂν
3291 1747 3658 1817 συγγνώμην;
3695 1745 3784 1813 Μὴ

2215 1845 2324 1911 γὰρ
2373 1845 2400 1894 6
2444 1842 2578 1904 Θεὸς
2634 1840 2865 1895 ὲκδίκων
2915 1841 3138 1912 χρῄζεις
3174 1841 3252 1908 μὴ
3280 1841 3390 1908 γὰρ
3440 1838 3784 1909 βοηθούντων

2213 1935 2424 1999 δεῖταις
2471 1932 2615 1987 Ἀλλ’
2661 1933 2947 2004 ὑπηρέτην
2988 1931 3158 1984 αὑτοῦ
3200 1930 3458 1997 γενέσθαι
3492 1945 3552 1982 σε
3591 1927 3783 1998 βούλε-

2211 2044 2324 2090 ται,
2356 2027 2442 2079 ἵνα
2468 2025 2765 2079 κάντεῦθεν
2795 2030 2856 2078 τὸ
2883 2024 3158 2094 φιλόδοξον
3181 2022 3382 2095 δείξῃς.
3425 2039 3446 2075 t
3479 2021 3589 2074 Καὶ
3617 2021 3648 2073 6
3688 2020 3786 2089 μέ-

2213 2137 2314 2188 γας
2339 2118 2383 2172 δ’
2414 2120 2614 2189 ὁμοίως
2639 2119 2805 2189 φησὶν
2819 2117 3134 2178 Ἀθανάσιος
3173 2114 3251 2186 (2)
3283 2115 3360 2179 ὡς
3401 2115 3504 2167 (ού
3537 2113 3701 2184 μόνον
3725 2112 3785 2164 τὸ

2217 2213 2292 2282 μὴ
2318 2212 2479 2264 θῦσαι
2517 2211 2738 2264 λίϐανον
2781 2210 3019 2264 δείκνυσι
3068 2209 3374 2280 μάρτυρας,
3420 2206 3556 2260 ἀλλά
3597 2205 3697 2258 καὶ
3725 2203 3785 2257 τὸ

2219 2305 2294 2376 μὴ
2327 2304 2428 2374 τὴν
2467 2304 2655 2356 πίστιν
2690 2301 3033 2372 ἀρνήσασθαι
3062 2317 3078 2332 ·
3126 2300 3221 2354 καὶ
3270 2301 3369 2369 οὐχ
3419 2299 3470 2351 oi
3502 2298 3787 2358 κλίναντες

2217 2400 2296 2461 είς
2327 2396 2521 2450 εἴδωλα
2555 2397 2716 2466 μόνον
2761 2393 3171 2464 κατεκρίθησαν
3208 2391 3285 2454 ὡς
3319 2391 3616 2460 ἀλλότριοι.
3649 2389 3788 2445 ἀλλὰ

2219 2487 2314 2540 καὶ
2365 2488 2413 2538 oi
2459 2482 2862 2555 προδεδωκότες
2909 2483 3010 2552 τὴν
3054 2482 3334 2551 ἀλήθειαν.
3383 2479 3634 2548 Ἀϐραὰμ
3679 2481 3788 2545 γὰρ

2217 2581 2244 2632 ό
2284 2581 2627 2648 πατριάρχης
2655 2576 2756 2628 οὐκ
2803 2573 3114 2644 ἀναιρεθεὶς
3149 2571 3529 2642 ἐστεφανώθη,
3560 2571 3680 2624 ἀλλ’
3710 2572 3790 2624 ὅτι

2220 2670 2412 2732 πιστὸς
2442 2670 2638 2737 γέγονε
2668 2667 2745 2739 τῷ
2777 2667 2896 2738 Θεῷ
2917 2683 2932 2700 ·
2978 2667 3030 2719 οἴ
3055 2683 3114 2718 τε
3155 2656 3307 2720 ἄλλοι
3352 2665 3498 2734 ἅγιοι
3545 2665 3791 2736 Πατέρες

2218 2760 2316 2810 καὶ
2338 2758 2386 2809 σί
2421 2758 2516 2809 σὺν
2551 2756 2754 2823 αὐτοῖς,
2780 2755 2906 2825 περὶ
2945 2748 3020 2808 ὢν
3047 2755 3304 2808 ἁπάντων
3331 2753 3359 2806 6
3381 2753 3594 2814 Παῦλος
3621 2755 3793 2821 φησιν

2220 2847 2522 2916 ἐπιλείψειν
2555 2847 2646 2899 τὸν
2672 2846 2866 2916 χρόνον
2894 2845 3056 2899 αὑτὸν
3083 2845 3463 2916 διηγούμενον,
3495 2846 3594 2914 οὐχ
3623 2845 3793 2913 αἵμα-

2217 2958 2308 2993 τος
2336 2940 2665 3010 ἐκχυθέντος
2688 2939 3114 3008 ἐτελειώθησαν,
3135 2939 3268 2992 ἀλλὰ
3293 2939 3381 2990 διὰ
3410 2938 3673 3001 πίστεως,
3699 2937 3795 2989 καὶ

512 3034 700 3088 mimis
723 3049 888 3103 quam
915 3033 970 3086 in
994 3032 1355 3100 gravissimis.
1385 3032 1520 3087 Nam
1551 3041 1611 3086 ut
1644 3032 1690 3086 is
1715 3037 1810 3103 qui
1841 3033 1899 3086 in
1932 3031 2116 3085 numis

2223 3035 2388 3104 μέχρι
2413 3031 2507 3085 νῦν
2550 3032 2940 3101 θαυμάζονται,
2982 3032 3066 3084 ὅτι
3109 3033 3203 3085 καὶ
3235 3032 3466 3084 θάνατον
3493 3030 3793 3097 ὑπομένειν

511 3124 696 3194 regiis
763 3123 1315 3193 quantulumcunque
1363 3131 1470 3188 est,
1516 3121 1873 3186 adulteravit,
1940 3129 2114 3175 totum

2218 3122 2362 3195 ἦσαν
2391 3123 2600 3193 ἕτοιμοι.
2621 3123 2709 3175 διὰ
2741 3123 2839 3193 τὴν
2866 3125 2923 3184 ἐς
2951 3122 3084 3174 Θεὸν
3123 3121 3426 3174 εὐσέϐειαν.
3467 3139 3486 3172 ι
3521 3119 3690 3189 Ὁρᾷς
3719 3119 3794 3181 ὡς

507 3217 857 3288 -pessundat,
890 3217 970 3271 sic
996 3216 1160 3270 etiam
1198 3216 1288 3285 qui
1319 3215 1374 3269 in
1399 3214 1570 3270 sacris
1597 3214 1810 3285 legibus
1831 3213 2114 3269 minimam

2218 3221 2274 3270 ἐν
2303 3219 2416 3279 τοῖς
2456 3217 2671 3286 μικροῖς
2723 3213 2925 3282 μᾶλλον
2970 3216 3039 3265 τὰ
3086 3213 3322 3282 μέγιστα
3359 3203 3634 3264 δείκνυται
3689 3211 3796 3263 τῶν

508 3308 824 3376 ‘transiliet,
845 3309 899 3362 in
924 3317 1038 3363 toto
1063 3307 1333 3376 peccabit.

2218 3309 2419 3370 καλῶν,
2461 3307 2555 3359 κοιλ⁵
2581 3305 2724 3372 μάλα
2765 3304 2968 3376 μᾶλλον
3011 3308 3066 3356 ὲν
3095 3308 3204 3366 τοῖς
3239 3303 3453 3374 μάλιστ’
3481 3303 3794 3372 ἐλαχίστοις

521 3402 702 3457 ἐνίοτε
725 3401 760 3472 ἢ
796 3402 908 3463 τοῖς
947 3400 1260 3470 μεγίστοις;
1310 3401 1395 3462 Ὠς
1431 3399 1538 3470 γὰρ
1568 3399 1625 3452 ὲν
1658 3401 1770 3463 τοῖς
1802 3399 2104 3470 βασιλικοῖς
2147 3403 2448 3471 νομίσμασι
2495 3403 2588 3455 καὶ
2636 3403 2666 3454 ό
2717 3400 2915 3471 μικρόν
2973 3387 3045 3454 τι’
3091 3400 3540 3470 παραχαράττων
3573 3398 3701 3450 ὃλον
3730 3399 3794 3453 ὰ⁸

528 3496 714 3566 χρεῖον
739 3495 904 3560 ποιεῖ,
933 3491 1075 3545 οὕτω
1145 3491 1238 3544 καὶ
1297 3492 1324 3545 ό
1359 3491 1494 3544 τῶν·
1543 3491 1703 3544 θείων
1749 3492 1991 3545 κανόνων
2057 3491 2406 3562 τούλάχιστον
2452 3493 2900 3563 ἀνατρεπόμενον
2944 3495 3220 3564 περιορῶν
3262 3494 3340 3562 τῷ
3380 3495 3543 3548 παντὶ
3592 3491 3794 3561 λυμαί-

519 3606 701 3643 νεται.
1279 3649 1281 3651 ι
2642 3620 2646 3627 .

601 3681 688 3735 111.
720 3679 840 3735 Jam
871 3693 1002 3734 vero
1029 3679 1175 3749 quod
1206 3687 1302 3734 eos
1324 3678 1520 3734 attinet
1545 3679 1640 3748 qui
1677 3678 1854 3733 sacris
1896 3675 2109 3735 aedibus

2284 3677 2358 3733 Γ’.
2404 3680 2464 3731 Ei
2493 3677 2549 3730 δὲ
2574 3677 2669 3730 καὶ
2695 3677 2806 3730 τῶν
2839 3675 3002 3747 ἱερῶν
3021 3675 3131 3739 ἔξω
3162 3674 3466 3744 περιϐόλων
3491 3672 3793 3741 ὡθούμινοι

501 3774 744 3846 expulsi
769 3782 918 3839 sunt,
950 3774 1250 3828 nonnullos
1297 3774 1503 3827 scimus
1549 3773 1670 3842 pios
1698 3774 1843 3826 viros
1876 3772 1930 3826 in
1984 3771 2109 3842 fuga

2218 3774 2306 3825 καὶ
2341 3772 2476 3840 πρὸς
2523 3769 2734 3840 ἔκφυλα
2783 3771 2880 3839 μὲν
2909 3768 3185 3832 ἐντεῦθεν,
3221 3767 3712 3837 φιλανθρωπότερα
3747 3766 3792 3817 δ’

507 3867 978 3942 .apudinﬁdcles,
1015 3867 1111 3935 qui
1160 3867 1416 3921 ﬁdelibus
1474 3866 1862 3920 clementiores
1925 3874 2107 3930 erant,

2218 3862 2307 3915 οὖν
2333 3862 2440 3913 τῶν
2457 3861 2744 3931 ὁμοφύλων
2772 3861 2905 3930 γένη
2932 3861 3172 3928 φυγάδες
3205 3859 3334 3910 ἔνιοι
3360 3857 3468 3910 τῶν
3498 3856 3792 3909 εὐσεϐούν-

505 3959 842 4033 rperfugium
871 3958 1172 4022 invenisse,
1199 3957 1381 4025 ibique
1417 3955 1606 4010 solitas
1632 3955 1687 4008 in
1718 3955 1889 4008 Deum
1918 3969 2112 4024 preca-

2218 3967 2324 4002 των
2372 3950 2648 4019 γινόμενοι
2675 3948 2885 4000 ἐκεῖθεν
2917 3947 3016 4010 τὰς
3041 3949 3249 4008 οἰκείας
3269 3945 3434 4014 εὐχὰς
3455 3943 3794 4011 ἀναφέρουσι

506 4031 714 4108 .tiones
747 4050 926 4104 facere
955 4047 1285 4119 perrexisse.
1315 4046 1503 4115 Neque
1532 4046 1688 4114 pauci
1702 4051 1830 4099 sunt
1854 4060 1886 4099 e
1913 4053 2115 4099 sanctae

2218 4040 2298 4110 τῷ
2327 4039 2467 4110 Θεῷ,
2515 4037 2701 4092 καινὸν
2729 4039 2882 4092 οὐδέν
2903 4053 2918 4069 ο
2955 4036 3141 4088 πολλοὶ
3169 4036 3282 4104 γὰρ
3307 4034 3416 4087 τῶν
3451 4031 3618 4086 πάλαι
3663 4033 3798 4086 θαυ-

529 4145 796 4201 Ecclesiae
829 4141 989 4206 viris,
1021 4141 1116 4210 qui
1161 4139 1217 4192 in
1254 4137 1528 4208 ejusmodi
1559 4137 1730 4191 duras
1767 4136 2115 4190 conditiones

2225 4132 2553 4201 μαζομένων
2578 4130 2677 4200 τῆς
2702 4130 2795 4183 τοῦ
2830 4129 2970 4181 Θεοῦ
3013 4128 3343 4196 Ἐκκλησίας
3371 4125 3579 4195 ἀνδρῶν
3621 4124 3795 4177 τοιού-

533 4250 679 4308 saepe
704 4234 1049 4296 inciderunt,
1066 4239 1422 4299 :ut‘tanquam
1449 4243 1642 4282 aurum
1661 4227 1881 4282 fornace
1897 4227 2111 4296 probati

2219 4243 2330 4288 τοις
2385 4225 2646 4286 πολλάκις
2693 4222 3127 4290 συντετυχήκασι
3171 4221 3284 4282 τοῖς
3339 4219 3556 4279 δεινοῖς,
3609 4215 3678 4267 ἵν’
3717 4217 3792 4279 ὡς

534 4329 848 4398 exemplum
889 4334 1076 4382 essent
1104 4325 1339 4394 posteris
1362 4321 1744 4377 ﬁrmissimum
1764 4320 2108 4383 constantiae,

535 4433 590 4479 et
636 4432 695 4476 ut
719 4421 920 4491 majora
947 4436 976 4472 a
1001 4420 1111 4472 Deo
1137 4417 1453 4487 accipereut
1491 4413 1734 4484 praemia.
1761 4413 1904 4467 Deus
1930 4421 2110 4466 autem

2219 4317 2421 4387 χρυσὸς
2451 4317 2508 4369 ὲν
2533 4305 2888 4385 χωνευτηρίῴ
2917 4313 3344 4382 δοκιμασθέντες
3373 4312 3487 4372 τοῖς
3516 4311 3564 4360 τ’
3595 4309 3793 4377 ἑφεξῆς

2219 4409 2524 4477 ὑπόδειγμα
2545 4408 2811 4474 γένωνται
2837 4407 3129 4475 κράτιστον
3161 4404 3388 4473 ἀρετῆς,
3413 4401 3508 4454 καὶ
3537 4399 3617 4468 ἀμ.
3629 4422 3652 4449 ι.
3684 4417 3795 4466 μει-

538 4520 656 4584 ipse
679 4527 872 4567 eorum
898 4511 1041 4563 viam
1086 4508 1346 4578 patefacit
1401 4516 1458 4560 et
1509 4504 1737 4580 vestigia
1788 4502 2114 4557 moderatur

2223 4500 2389 4564 ζόνων
2429 4500 2586 4553 αὐτοὶ
2639 4498 2938 4570 πρὸςθεοῦ
2969 4498 3063 4549 καὶ
3109 4497 3219 4548 τῶν
3242 4495 3570 4548 ἀντιδόσιων
3613 4491 3795 4562 τύχω-

535 4621 728 4661 eorum
756 4604 849 4674 qui
875 4609 1100 4672 propter
1122 4599 1591 4668 ipsumvexantur
1611 4594 2115 4667 pet'secutionibus,

537 4705 594 4750 et
629 4696 714 4750 his
752 4695 806 4748 in
849 4689 1204 4761 temporibus
1248 4684 1499 4741 inﬁdeles
1545 4685 1676 4740 facit
1723 4685 2118 4741 clementiores

539 4788 814 4843 ﬁdelibus.
846 4784 1015 4854 Cujus
1056 4781 1136 4836 rei
1180 4795 1301 4852 pra}
1330 4779 1454 4834 aliis
1496 4778 1807 4849 exemplum
1831 4785 1918 4834 est
1968 4777 2116 4852 quod

539 4882 608 4934 dc
638 4880 770 4933 feris
799 4885 855 4932 et
884 4873 1172 4929 indomitis
1225 4873 1417 4928 bestiis
1473 4872 1618 4926 circa
1647 4871 1926 4926 Danielem
1956 4869 2115 4939 127

537 4973 743 5025 factum
769 4983 890 5022 esse
921 4965 1255 5036 accepimus.
1287 4961 1471 5018 Facile
1522 4963 1669 5018 enim
1709 4961 1998 5017 feritatem
2055 4961 2111 5016 in

533 5058 1026 5121 mansuetudinem
1057 5055 1330 5112 convertit
1360 5055 1525 5119 Deus,
1547 5069 1709 5124 quem
1764 5069 1889 5109 cum
1913 5054 2117 5122 ubique

543 5155 708 5210 nobis
758 5151 949 5206 adesse
981 5151 1224 5203 sciamus
1276 5155 1442 5215 atque
1491 5144 1801 5210 credamus,
1858 5143 1977 5213 ipse
2009 5144 2118 5198 Da-

454 5266 457 5267 '
535 5245 638 5300 vid
671 5258 798 5299 eum
827 5241 1084 5298 omnibus
1107 5238 1262 5310 regni
1288 5237 1374 5293 sui
1417 5237 1558 5291 locis
1615 5233 1719 5290 coli
1753 5234 1925 5288 voluit
1972 5234 2117 5288 cele-

547 5336 918 5399 brationibus,
959 5347 1091 5388 sane
1143 5330 1342 5385 melius
1366 5336 1452 5383 est
1482 5326 1586 5382 sub
1650 5327 1798 5390 divo,
1838 5326 1893 5378 in
1919 5326 2117 5378 solitu-

545 5432 701 5497 dine,
749 5429 802 5483 in
828 5425 1106 5481 montibus
1142 5439 1308 5493 puras
1341 5421 1450 5475 Deo
1485 5420 1746 5475 exhibere
1766 5417 2121 5488 precationes

535 5538 714 5591 .quam
737 5535 862 5576 cum
890 5515 1204 5572 inﬁdelibus
1247 5515 1301 5567 in
1344 5512 1562 5583 templis
1614 5525 1748 5565 auro
1783 5518 1838 5564 et
1869 5507 2122 5579 splendi-

543 5617 637 5669 dis
668 5613 866 5668 tabulis
915 5609 1147 5664 ornatis.
1199 5605 1344 5661 Audi
1391 5619 1514 5675 quae
1571 5611 1796 5658 sanctus
1828 5598 2123 5667 Gregorius

625 5729 702 5788 ti)
735 5720 1122 5797 Χρυσοστόμου
1261 5717 1360 5797 τῆς
1409 5715 1700 5797 ἑρμηνείας
1740 5710 1834 5768 τοῦ
1882 5707 1935 5781 μ’
1974 5707 2213 5779 ψαλμοῦ.

612 5786 701 5862 ἐξ)
874 5796 970 5864 τῆς
1004 5786 1292 5860 ἐγκυκλίου
1317 5786 1633 5854 ἐπιστολῆς.

2222 4608 2332 4656 σιν,
2386 4590 2552 4644 αὐτοῦ
2585 4588 2682 4643 τοῦ
2733 4587 2873 4642 Θεοῦ
2927 4585 3413 4654 προοδοποιοῦντος
3464 4583 3657 4636 καὶτὰ
3687 4581 3793 4634 τῶν

2219 4679 2568 4749 διωκομένων
2613 4677 2754 4744 ὑπὲρ
2801 4675 2968 4729 αὑτοῦ
2999 4672 3423 4733 κατευθύνοντος
3452 4669 3790 4738 διαδήματα,

2221 4773 2316 4825 καὶ
2346 4772 2453 4823 τῶν
2477 4767 2768 4839 ὁμοφύλων
2795 4769 2925 4832 τοὺς
2983 4764 3320 4834 ἀλλοφύλους
3367 4762 3708 4836 πραοτέρους
3733 4761 3794 4810 γὲν

2217 4863 2330 4923 τοῖς
2359 4858 2623 4919 τοιούτοις
2668 4857 2907 4928 δρῶντος
2941 4853 3006 4925 [Γ.
3044 4850 3236 4922 1251)]
3266 4854 3502 4920 καιροῖς,
3539 4848 3793 4913 καθάπερ

2219 4953 2367 5006 εστιν
2398 4951 2434 5005 δι
2461 4949 2570 5002 τῶν
2624 4948 2832 5018 σφόδρα
2871 4946 3083 5016 ἀγρίων
3129 4947 3233 4997 καὶ
3267 4943 3561 5012 ἀνημέρων
3586 4941 3793 5010 θηρίων

2218 5045 2312 5098 ἐπὶ
2336 5042 2534 5113 Δανιὴλ
2556 5041 2652 5095 καὶ
2681 5039 2790 5093 τῶν
2821 5039 3021 5102 ἀλλων,
3046 5036 3141 5089 τοῦ
3161 5034 3465 5105 θηριώδους
3488 5033 3792 5104 τηνικαῦτα

2218 5136 2281 5188 τὸ
2329 5133 2598 5205 προσηνὲς
2636 5130 3000 5184 ἀλλάττεσθαι
3043 5130 3218 5198 ῥᾷστα
3255 5124 3791 5195 παρασκευάζοντος.

2231 5227 2387 5280 Ἐπεὶ
2417 5227 2525 5296 γὰρ
2556 5221 2834 5292 πανταχοῦ
2861 5221 3119 5290 παρεῖναι
3162 5219 3254 5272 τὸν
3282 5219 3417 5272 Θεὸν
3468 5217 3790 5286 μεμαθήκα-

2227 5319 2327 5386 μέν
2353 5333 2412 5369 τε
2449 5317 2544 5369 καὶ
2576 5311 3046 5380 πεπιστεύκαμεν,
3077 5311 3183 5364 κάν
3213 5309 3377 5362 παντὶ⁵
3399 5307 3552 5375 τόπῳ
3573 5309 3673 5374 τῆς
3698 5304 3792 5356 αὺ-

2223 5410 2316 5464 τοῦ
2349 5408 2666 5470 δεσποτείας
2711 5408 2739 5459 6
2787 5405 2953 5458 Δαὸὶδ
2993 5403 3156 5456 αὑτὸν
3191 5401 3439 5468 εὐλογεῖν
3480 5398 3786 5467 ἐπιτρέπει,

2225 5502 2435 5575 βέλτιον
2465 5502 2522 5553 ὲν
2551 5499 2839 5567 ὑπαίθροις
2879 5501 2974 5552 καὶ
3009 5496 3268 5567 ἐρημίαις
3309 5493 3405 5546 καὶ
3440 5490 3628 5562 ὄρεσιν
3671 5487 3789 5542 ἀκί-

2228 5592 2560 5665 ϐδηλονῗθεῷ
2587 5593 2882 5664 προσάγειν
2916 5588 3054 5644 τον-ὖ
3064 5605 3216 5660 μνον,
3250 5587 3282 5657 ἢ
3311 5584 3586 5639 δυσσεὸῶν
3604 5599 3793 5635 κοινω-
