4070 6326
264 367 371 434 109

1242 362 1687 423 suam”
1715 360 2099 422 HISTORUE
2125 363 2273 425 LIB.
2312 322 2575 423 xxvu.’

3402 361 3502 426 1ἷο

258 480 353 552 vi;
392 478 709 549 χρωμένους
740 476 930 548 χρυσῷ
982 477 1418 545 κεκοσμημένοις
1471 456 1564 528 καὶ
1610 457 1835 526 πλακῶν

1945 472 2156 528 locutus
2183 483 2268 528 est
2292 474 2408 528 suis
2432 473 2877 543 persecutoribus
2916 491 2929 528 :
2967 491 2986 525 ι
3021 471 3247 528 liabitas
3279 473 3505 543 quidem
3562 545 3574 558 '

260 572 618 639 στιλπνότητι
656 569 948 639 προσέχειν
978 567 1267 638 τεμένεσιν
1292 582 1308 597 ⁶
1344 567 1567 631 ἀκούεις
1597 566 1705 636 γάρ
1740 566 1837 619 καὶ

258 665 358 718 τοῦ
396 664 546 717 θείου
578 664 877 731 φάσκοντος
910 660 1215 732 Γρηγορίου
1266 662 1378 722 τοῖς
1410 659 1534 712 τότε
1576 655 1837 722 διώκταις

258 757 431 810 αὑτοῦ
462 754 563 825 (1)·
586 753 689 805 «Σὺ
715 753 773 806 δέ
809 769 898 822 μοι
933 752 1213 822 περιεῖχον
1238 753 1346 806 τῶν
1380 750 1576 818 τοίχων
1608 749 1702 802 καὶ
1728 747 1838 800 τῶν

264 845 502 903 πλακῶν
550 845 645 899 καὶ
698 844 798 913 τῆς
842 843 1267 913 κεκοσμημένης
1309 841 1541 912 ψηφῖδος
1587 840 1682 893 καὶ
1728 839 1838 892 τῶν

264 939 498 1009 μακρῶν
544 939 764 1008 δρόμων
812 938 903 990 καὶ
948 938 1316 1006 περιδρόμων,
1367 936 1463 988 καὶ
1512 933 1700 1005 χρυσῷ
1742 950 1840 987 κα-

259 1034 546 1101 τελάμπου
605 1032 701 1085 καὶ
767 1029 1184 1100 περιελάμπου,
1247 1028 1456 1097 ἀγνοῶν
1508 1032 1592 1083 ὃτι
1646 1029 1838 1099 κρείσ-

265 1143 379 1177 σων
437 1124 704 1193 ὕπαιθρος
767 1124 951 1187 πίστις
1002 1122 1329 1185 πολυτελοῦς
1387 1122 1684 1186 ἀσεϐείας,
1743 1121 1838 1173 καὶ

264 1218 491 1280 πλείους
538 1216 659 1285 Θεῷ
725 1218 873 1287 τρεῖς
938 1215 1270 1285 συνημμένοι
1343 1216 1401 1268 ἐν
1450 1213 1674 1283 ὀνόματι
1723 1214 1837 1266 Κυ-

268 1310 390 1378 ρίου
424 1309 630 1362 nol)an
652 1307 1002 1378 ἀρνουμένων
1025 1307 1257 1375 θεότητα
1287 1304 1421 1377 (2).»
1443 1307 1552 1358 Καὶ
1585 1306 1765 1368 Ἠλίας
1793 1305 1837 1358 δ’

262 1401 467 1469 ἔφευγε
495 1403 593 1463 τὰς
620 1404 718 1470 τῆς
769 1400 1006 1464 Ἰεζάϐελ
1029 1398 1279 1462 ἀπειλὰς,
1315 1399 1407 1450 καὶ
1431 1397 1528 1460 τὰς
1551 1399 1643 1449 τοῦ
1668 1396 1839 1450 Σαοὺλ

262 1494 295 1545 6
330 1494 517 1557 Aa6l6,
551 1493 645 1545 Scal
677 1493 787 1560 ὅπη
838 1490 1055 1560 τύχοιεν
1085 1488 1452 1543 ἐπεκαλοῦντο
1481 1489 1571 1541 τὸν
1609 1487 1835 1565 Κύριον,

267 1589 381 1641 Καὶ
436 1588 485 1639 οί
518 1586 795 1654 μάρτυρες
826 1585 926 1653 τῆς
974 1583 1233 1652 ἀληθείας
1262 1584 1465 1635 ἐκεῖνοι
1514 1582 1839 1652 διωκόμενοι

271 1680 374 1748 μὲν
398 1679 635 1748 ἔφευγον
664 1679 755 1730 καὶ
792 1674 1147 1736 λανθάνοντες
1192 1672 1546 1743 ἐκαρτέρουν,
1586 1674 1838 1741 εὑρισκό-

268 1789 428 1843 μενοι
454 1772 511 1823 δέ
559 1769 931 1840 ἐμαρτύρουν.
966 1787 985 1820 ι
1021 1768 1261 1820 Ἥκιστα
1287 1768 1381 1821 οὖν
1420 1784 1477 1818 σε
1509 1768 1688 1836 χρεὼν
1727 1770 1838 1831 τοῖς

1944 565 2087 620 intra
2134 581 2341 631 muros,
2371 567 2579 629 palatia
2614 568 2814 635 ampla,
2852 566 3119 636 porticus,
3156 576 3210 620 et
3232 581 3370 619 auro
3404 567 3481 621 ful

1939 671 2069 727 ges;
2096 656 2191 712 sed
2232 658 2399 712 Deum
2454 658 2556 712 sub
2588 657 2715 714 divo
2744 658 2927 713 colere
2958 657 3154 711 melius
3196 671 3319 712 esse
3344 672 3511 726 quam

1943 764 2095 804 sacra
2138 749 2424 818 splendida
2466 749 2649 806 facere
2704 765 2826 805 cum
2876 749 3045 820 impio
3096 750 3302 815 animo,
3345 750 3513 805 etiam

1945 849 2057 895 tres
2091 841 2342 895 homines
2380 842 2435 896 in
2482 842 2705 896 nomine
2759 841 2975 896 Domini
3019 842 3346 911 conjunctos
3401 841 3514 894 Deo

1944 934 2207 1003 gratiores
2229 948 2349 989 esse
2377 949 2538 1003 quam
2564 934 2737 988 multo
2755 933 2939 1003 plures
2967 934 3059 1003 qui
3091 934 3258 988 Deum
3291 944 3512 1002 negent.

1945 1025 2143 1080 neseis.
2202 1024 2572 1080 Eliasautem
2627 1024 2721 1095 qui
2772 1025 3038 1081 Jezahelae
3082 1033 3147 1080 et
3200 1026 3367 1082 David
3418 1026 3514 1095 qui

1945 1116 2096 1172 Sauli
2138 1117 2312 1172 minas
2354 1118 2509 1187 fugit,
2544 1131 2875 1187 quocunque
2919 1130 3190 1172 venerunt
3222 1118 3519 1173 laudarunt

1948 1209 2137 1263 Deum.
2170 1209 2347 1263 Etiam
2401 1220 2664 1280 martyres
2710 1210 2788 1265 illi
2833 1211 3081 1265 veritatis
3123 1210 3357 1280 primoa
3393 1226 3519 1279 pcr-

1943 1300 2292 1356 scculoribus
2322 1303 2497 1356 vexati
2553 1302 2605 1355 in
2642 1302 2818 1371 fugam
2857 1317 2915 1357 se
2949 1302 3220 1357 dederunt
3260 1318 3274 1358 :
3313 1301 3408 1356 sed
3459 1301 3516 1356 in

1945 1394 2162 1447 occulto
2218 1396 2462 1448 animum
2520 1395 2927 1450 conﬁrmarunt
2972 1405 3028 1450 et
3080 1394 3345 1462 protracti
3416 1407 3518 1461 pro

1945 1486 2057 1539 Deo
2087 1488 2286 1540 mortui
2318 1496 2467 1540 sunt.
2512 1506 2530 1538 ι
2574 1487 2928 1557 Nequaquam
2961 1487 3129 1557 igitur
3163 1487 3382 1541 utlevia
3414 1488 3518 1543 ista

1946 1577 2115 1633 debes
2164 1578 2456 1647 respicere.
2506 1578 2609 1644 Qui
2686 1580 2740 1633 in
2796 1579 2964 1634 rebus
3021 1578 3271 1646 angustis
3332 1580 3518 1648 pusilli

1940 1681 2073 1728 sunt
2101 1680 2157 1728 et
2186 1672 2373 1727 fractis
2399 1672 2596 1727 animis
2620 1672 2888 1728 mirantur
2927 1672 3071 1742 quod
3104 1672 3397 1741 impiorum
3421 1672 3520 1728 viae

1946 1764 2257 1820 istiusmodi
2302 1764 2356 1818 iu
2393 1765 2558 1820 rebus
2597 1766 2773 1834 plana:
2822 1776 2879 1820 et
2908 1766 3097 1821 felices
3146 1777 3296 1831 sunt,
3329 1778 3520 1823 contra

267 1824 1324 1937 σμικρολόγόιςέκείνοιςσυμφέρεσθαι
1355 1860 1455 1931 τὴν
1486 1824 1751 1925 δῖάνοιαν,
1788 1824 1840 1914 oi

1947 1857 2089 1927 quod
2121 1857 2157 1911 ii
2200 1858 2293 1926 qui
2324 1867 2549 1928 propter
2598 1860 2856 1929 pietatem
2894 1859 3232 1929 periculosas
3278 1861 3390 1914 vias
3436 1863 3522 1916 in-

260 1957 447 2027 δειλίᾳ
472 1957 577 2008 τινὶ
612 1954 815 2025 μεταξὺ
848 1954 957 2006 τῶν
986 1953 1177 2005 δεινῶν
1204 1953 1303 2022 τὴν
1334 1952 1514 2023 ψυχὴν
1554 1951 1843 2007 συνθολού-

269 2067 429 2119 μενοι
478 2049 848 2116 θαυμάζουσιν
892 2047 1042 2107 ὅπως
1089 2047 1209 2107 ὁδὸς
1252 2046 1352 2115 μὲν
1385 2045 1597 2109 ἀσεϐῶς
1632 2047 1690 2101 ὲν
1728 2047 1842 2108 τοῖς

264 2145 537 2204 τοιούτοις
585 2142 795 2209 καιροῖς
845 2140 1145 2200 εύοδοῦται,
1176 2133 1255 2201 οἷς
1299 2138 1359 2191 δὲ
1393 2138 1484 2192 τὸν
1515 2139 1655 2207 ὑπὲρ
1690 2139 1849 2191 εὐσε-

262 2238 428 2299 ϐείας
480 2235 889 2305 σταδιοδρομεῖν
931 2232 1210 2300 ἐξεγένετο
1258 2231 1499 2295 δίαυλον,
1546 2230 1756 2293 τούτοις
1801 2230 1848 2284 δ’

267 2324 618 2394 ὑϐρίζεσθαι,
643 2321 1110 2392 περιφρονεῖσθαι,
1143 2319 1616 2388 συκοφαντεῖσθαι,
1653 2319 1852 2388 χλευά-

266 2418 489 2482 ζεσθαι,
538 2414 633 2468 καὶ
669 2412 923 2478 καθάπαξ
954 2415 1152 2475 εἰπεῖν,
1187 2413 1296 2465 πᾶν
1346 2411 1584 2483 πονηρὸν
1616 2413 1841 2466 ἀκούειν
1880 2483 1886 2489 .

267 2510 429 2580 ρἧα
491 2507 701 2577 μακρόν
748 2523 869 2560 τινα
925 2505 1020 2556 καὶ
1078 2504 1424 2573 ἀτέκμαρτον
1475 2504 1843 2572 συγχωρεῖται

267 2601 474 2669 δρόμον
526 2598 620 2652 τοῦ
655 2598 872 2669 χρόνου,
906 2595 1001 2649 τοῦ
1039 2594 1173 2648 Θεοῦ
1224 2594 1300 2666 μὴ
1350 2599 1572 2666 ταχεῖαν
1617 2596 1844 2663 ἐπάγειν

273 2693 553 2755 ἐθέλοντος
601 2693 700 2760 τὴν
728 2692 1031 2761 ἐκδίκησιν,
1063 2688 1181 2741 ἀλλ’
1218 2688 1418 2749 ἐῶντος
1456 2688 1619 2740 παντὶ
1671 2689 1731 2740 τὸ
1759 2691 1845 2741 νό-

272 2806 457 2858 μισμα
496 2783 992 2846 διακωδωνίζεσθαι
1040 2782 1246 2851 τρόπῳ,
1285 2780 1401 2835 ἀλλ’
1449 2780 1845 2848 ἀναλογιζόμε-

268 2895 365 2933 νον
402 2880 491 2930 Eni
529 2874 727 2929 σαυτοῦ
760 2875 829 2927 τὰ
880 2874 1047 2929 πάλαι
1093 2873 1381 2942 γενόμενα,
1432 2873 1526 2925 καὶ
1578 2871 1844 2940 θεοφιλῶς

271 2987 632 3057 ἀνιχνεύοντά
662 3003 720 3038 τε
750 2986 844 3038 καὶ
876 2983 1276 3051 ἀναλεγόμενον
1310 2982 1539 3048 ἔκαστοι,
1576 2981 1757 3050 σαυτῷ
1782 2998 1843 3033 τε

272 3084 371 3135 καὶ
428 3080 645 3142 πολλοῖς
695 3079 903 3146 ἑτέροις
954 3074 1205 3127 ἐντεῦθεν
1261 3075 1525 3143 μεγίστην
1579 3074 1845 3145 παρέχειν

262 3172 566 3238 ὠφέλειαν.
613 3170 860 3228 Ἀκούεις
890 3168 997 3237 γὰρ
1031 3167 1124 3219 τοῦ
1177 3166 1414 3235 μεγάλου
1452 3165 1560 3218 τῶν
1586 3164 1846 3218 τοιούτων

270 3266 446 3320 ίατών
478 3263 927 3333 χρυσοῤῥὴμονος
955 3262 1201 3329 λέγοντος
1230 3259 1305 3327 (5)
1338 3259 1413 3321 ὡς
1442 3259 1501 3312 ἐν
1533 3258 1844 3328 προοιμίοις

262 3355 373 3408 τοῦ
424 3354 779 3441 κηρύγματος
810 3352 1081 3419 Στέφανος
1135 3351 1163 3402 6
1211 3349 1352 3419 ὑπὲρ
1400 3348 1528 3409 τοὺς
1563 3349 1846 3416 ποταμοὺς

270 3447 422 3517 ῥέων
458 3440 553 3498 καὶ
587 3446 796 3505 πάντας
836 3440 1231 3511 ἐπιστομίζων,
1262 3440 1382 3492 ούδέ
1419 3441 1587 3493 πολὺν
1612 3441 1845 3509 ποιήσας

269 3539 331 3589 ἐν
384 3535 463 3604 τῷ
490 3534 807 3603 κηρύγματι
861 3533 1075 3601 χρόνον,
1109 3530 1309 3601 ἀθρόον
1350 3532 1576 3601 ἡρπάγη
1634 3535 1729 3585 καὶ
1769 3530 1845 3592 ὡς

271 3629 599 3697 βλάσφημος
629 3623 1019 3684 κατεδικάξετό
1051 3639 1108 3674 τε
1144 3622 1238 3674 καὶ
1268 3621 1563 3674 κατελύετο
1586 3638 1601 3653 ο
1636 3622 1846 3674 καὶῚά-

270 3719 455 3781 κωϐος
484 3717 527 3769 δ’
568 3718 626 3769 ἐν
653 3718 802 3786 ἀρχῇ
828 3716 923 3767 καὶ
957 3713 1117 3775 αὐτὸς
1145 3712 1203 3776 ἐξ
1234 3712 1405 3780 αὐτῆς
1431 3712 1510 3773 ὼς
1549 3713 1723 3789 είπεῖν
1746 3712 1845 3779 τῆς

273 3813 527 3882 βαλϐῖδος
567 3809 884 3876 ἀνεσπάσθη
921 3808 1017 3860 καὶ
1064 3806 1404 3877 ἀποτμηθεὶς
1433 3807 1512 3867 εἰς
1546 3804 1702 3874 χάριν
1736 3803 1845 3856 τῶν

284 3903 562 3957 Ἰουδαίων
616 3899 706 3967 ὑφ’
750 3897 991 3967 Ἡρώδου
1032 3896 1124 3947 τὸν
1175 3895 1290 3964 βίον
1331 3894 1599 3947 κατέλυσε
1655 3893 1845 3955 στῦλος

272 3997 373 4049 καὶ
434 3992 719 4059 ἑδραίωμα
756 3989 1075 4057 τηλικοῦτον
1118 3986 1217 4057 τῆς
1272 3985 1556 4055 ἀληθείας.
1609 3985 1700 4053 Μὴ
1752 3982 1845 4035 οὖν

270 4088 570 4157 θαυμάσῃς
610 4085 657 4135 εί
698 4081 770 4151 μὴ
799 4082 862 4133 ἐκ
887 4081 1189 4150 προοιμίων
1218 4076 1344 4146 μηδ’
1373 4076 1575 4138 εὐθέως
1607 4075 1845 4128 ἐκδικεῖ-

274 4191 366 4225 ται
403 4174 552 4237 παρὰ
596 4168 732 4221 Θεοῦ
774 4166 843 4219 τὰ
886 4164 1162 4217 λυποῦντα
1185 4178 1200 4193 ⁸
1233 4164 1354 4226 ἔθος
1383 4163 1490 4233 γάρ
1511 4161 1658 4230 αὐτῷ
1691 4161 1766 4231 μὴ
1788 4163 1845 4215 ἐν

270 4269 423 4338 ἀρχῇ
457 4265 524 4318 τά
548 4262 698 4317 δεινὰ
716 4262 863 4313 λύειν
896 4259 996 4327 (ip),
1024 4258 1138 4312 ἀλλ’
1171 4258 1300 4309 ὅταν
1323 4255 1529 4323 αὐξηθῇ
1562 4254 1659 4308 καὶ
1694 4254 1846 4323 παρὰ

274 4357 388 4407 τῶν
429 4354 691 4404 πλειονων
724 4346 1077 4416 ἀπογνωσθῇ.
1122 4344 1372 4407 Ἀκούεις
1415 4343 1460 4395 δ’
1505 4343 1656 4406 ὅπως
1688 4344 1783 4395 καὶ
1818 4345 1845 4395 6

273 4448 384 4514 μὲν
420 4442 587 4496 Ἀϐελ
613 4442 816 4502 δίκαιος
850 4437 925 4490 ὢν
958 4435 1222 4505 ἐφονεύθη
1250 4435 1409 4503 ταχὺ»
1445 4435 1473 4486 ὁ
1501 4433 1557 4485 δὲ
1591 4434 1728 4487 Κάῖν
1749 4432 1842 4501 ἕνῖη

1946 1950 2117 2019 gressi
2147 1962 2298 2015 sunt,
2332 1966 2429 2020 per
2463 1952 2686 2021 longum
2722 1962 2775 2006 et
2812 1952 3087 2006 infinitum
3124 1961 3337 2023 tempus
3371 1954 3524 2009 inso-

1948 2043 2126 2097 lenter
2166 2051 2492 2109 tractantur,
2525 2053 2979 2109 contemnuntur,
3004 2046 3163 2114 128
3187 2047 3518 2116 produntur,

1949 2134 2279 2200 irridentur,
2331 2135 2455 2189 aliis
2488 2137 2675 2195 multis
2724 2138 2991 2192 molestiis
3046 2151 3327 2208 urgentur.
3378 2142 3523 2198 Deus

1949 2226 2098 2282 enim
2123 2242 2233 2282 non
2257 2227 2484 2282 festinat
2508 2227 2798 2298 judicium,
2824 2228 2919 2283 sed
2969 2246 3244 2300 quemque
3280 2234 3517 2288 stadium

1948 2335 2108 2374 suum
2136 2321 2665 2376 vultdecurrere.Tu
2694 2337 2828 2375 vero
2853 2338 2975 2391 qua:
3008 2343 3038 2377 a
3058 2325 3337 2393 majorbus
3360 2328 3521 2384 nobis

1946 2414 2147 2467 tradita
2175 2423 2302 2468 sunt
2342 2416 2503 2469 velim
2533 2416 2876 2471 consideres.
2911 2417 3065 2473 Unde
3114 2419 3161 2472 si
3211 2419 3301 2488 pio
3334 2422 3519 2474 animo

1946 2507 2365 2578 investigaveris
2386 2508 2598 2580 singula
2622 2525 2852 2580 qumque
2868 2519 2925 2566 et
2950 2521 3128 2565 tecum
3154 2515 3521 2582 reputaveris,

1945 2610 2001 2653 et
2034 2600 2132 2653 tibi
2159 2610 2217 2655 et
2254 2602 2378 2656 aliis
2408 2603 2593 2656 multis
2621 2604 2817 2672 Optimi
2850 2605 3063 2659 fructus
3104 2607 3518 2663 redundahunt.

1948 2691 2120 2747 Audis
2147 2693 2291 2746 enim
2321 2708 2386 2747 ex
2428 2710 2621 2763 magno
2654 2694 2752 2748 illo
2790 2695 3205 2766 Chrysoslomo,
3238 2700 3307 2752 ah
3350 2700 3522 2754 initiis

1949 2782 2233 2854 Evangelii
2263 2785 2628 2855 Stephanum,
2660 2789 2838 2843 amnis
2867 2790 3040 2857 rapidi
3075 2806 3228 2845 more
3259 2790 3519 2846 fluentem

1951 2882 2009 2930 et
2044 2891 2235 2931 omnes
2270 2878 2431 2932 silere
2487 2890 2796 2949 cogentem,
2827 2890 2951 2951 post
2978 2883 3141 2937 breve
3190 2892 3408 2954 tempus
3462 2885 3521 2940 in

1950 2970 2298 3038 praedicando
2348 2970 2644 3041 Evangelio
2698 2986 3108 3043 consumptum,
3157 2979 3340 3033 subito
3398 2994 3520 3035 esse

1944 3070 2262 3131 correptum
2315 3070 2479 3132 atque
2533 3072 2593 3117 ut
2642 3063 3025 3135 blasphemum
3089 3072 3517 3133 condemnatth

1945 3165 2003 3210 et
2032 3154 2403 3213 interfectum.
2435 3158 2841 3214 Jacobusinitio
2868 3170 2921 3214 et
2942 3162 3061 3231 ipse
3092 3164 3159 3218 ab
3190 3166 3324 3235 ipsis
3356 3180 3411 3223 et
3445 3171 3519 3227 ita

1873 3220 1916 3278 θ
1948 3247 2126 3301 dicam
2152 3250 2465 3305 carceribus
2497 3259 2804 3319 protractus
2823 3262 2879 3306 et
2899 3220 3291 3313 ablllerode-ut
3314 3260 3519 3318 Iudaeis

1947 3339 2292 3395 satisfaceret
2337 3342 2660 3398 interfectus
2686 3352 2796 3399 est.
2833 3345 3079 3412 Quocum
3144 3352 3395 3410 veritatis
3429 3356 3523 3409 fir-

1946 3432 2253 3487 missimum
2285 3434 2529 3489 concidit
2578 3436 2831 3491 columen
2889 3448 2945 3494 et
3000 3442 3339 3510 praesidium.
3397 3447 3521 3503 Noli

1946 3525 2113 3595 igitur
2155 3526 2366 3591 mirari,
2405 3529 2550 3597 quod
2611 3546 2718 3583 non
2754 3532 3021 3588 continuo
3072 3535 3287 3606 injuria}
3332 3554 3359 3593 a
3408 3541 3527 3596 Deo‘

1948 3616 2321 3672 vindicantur.
2373 3620 2517 3674 Deus
2567 3622 2714 3675 enim
2766 3624 3139 3692 improborum
3180 3630 3360 3684 studia
3407 3648 3520 3689 non

1947 3706 2086 3761 solet
2110 3708 2221 3776 jam
2255 3724 2286 3762 a
2317 3724 2347 3761 a
2371 3710 2642 3778 principio
2692 3700 2989 3778 retardare,
3022 3716 3115 3771 sed
3157 3728 3269 3773 tum
3297 3721 3520 3777 demum

1946 3811 2071 3851 cum
2119 3814 2444 3866 progressus
2495 3802 2766 3867 fecerunt,
2808 3813 2864 3858 et
2930 3807 3182 3874 plurimis
3232 3823 3519 3881 perspecta

1947 3898 2098 3943 sunt.
2132 3890 2225 3945 Uri
2256 3892 2384 3952 scis,
2415 3893 2547 3947 Abel
2586 3895 2679 3962 qui
2711 3895 2880 3950 homo
2902 3898 3083 3967 justus
3114 3910 3233 3954 erat
3305 3913 3521 3961 mature

1947 3991 2175 4036 necatus
2205 3992 2324 4046 est;
2371 3982 2509 4037 Cain
2561 4000 2693 4039 vero
2734 3997 2992 4055 provecta
3082 3990 3302 4047 demum
3360 4004 3518 4050 aetate

1947 4072 2200 4129 decessit.
2246 4073 2400 4139 Quod
2434 4076 2572 4131 Deus
2604 4087 2893 4147 propterea
2929 4079 3048 4134 fieri
3091 4097 3288 4151 passus
3333 4088 3518 4156 estiut

1948 4165 2039 4218 hic
2072 4166 2246 4236 culpas
2272 4182 2386 4221 suae
2423 4171 2680 4223 conscius
2712 4181 2858 4225 esset
2896 4188 2993 4241 per
3024 4172 3235 4244 longam
3274 4184 3515 4233 aetatem.

1947 4254 2125 4309 Etiam
2160 4272 2466 4326 praecursor
2502 4259 2744 4314 Joannes
2777 4261 3101 4318 interfectus
3133 4273 3237 4320 est.
3273 4267 3518 4323 llerodcs
3614 4244 3623 4252 ’

1945 4356 2130 4399 autem
2165 4349 2257 4415 qui
2311 4347 2586 4403 interfecit
2638 4350 2732 4403 diu
2773 4351 3079 4421 impunitus
3135 4356 3271 4409 vixit
3340 4374 3516 4430 usque

1948 4438 2014 4491 ad
2047 4438 2430 4507 diemjudicii,
2487 4442 2557 4493 ita
2611 4441 2833 4510 quidem
2875 4455 2933 4497 ut
2972 4446 3067 4514 qui
3118 4447 3230 4517 jam
3291 4448 3392 4505 hac
3463 4454 3514 4507 iu

275 4534 514 4602 μακρὸν,
557 4532 623 4584 ἵν’
676 4529 968 4597 ἐλέγχηται
1012 4526 1172 4578 πλέον
1204 4527 1236 4594 ἡ
1281 4525 1470 4575 τούτου
1505 4522 1673 4576 κακία
1696 4538 1710 4553 ο
1746 4526 1840 4574 καὶ

1953 4530 2111 4599 129
2144 4539 2286 4584 terra
2316 4534 2665 4585 verminosus
2696 4534 2872 4588 factus
2900 4545 2986 4590 est
3027 4548 3081 4592 et
3111 4540 3346 4594 animam
3374 4544 3517 4598 inter

272 4626 342 4682 αὖ
370 4627 433 4691 If.
472 4626 569 4680 l26
600 4622 656 4694 α]
679 4624 706 4675 6
732 4622 830 4691 μὲν
857 4619 1161 4691 πρόδρομος
1199 4618 1451 4685 Ἰωάννης
1470 4614 1569 4684 τὴν
1598 4614 1842 4682 κεφαλὴν

272 4694 564 4789 ἀφηρείτο,
609 4718 635 4767 ὁ
680 4714 724 4766 δ’
773 4712 978 4766 ἀνελὼν
1025 4706 1271 4779 Ἡρώδης
1318 4706 1427 4775 ἔζη.
1454 4706 1842 4774 ταμιευόμενος

271 4817 356 4875 είς
398 4809 589 4879 καιρὸν
618 4806 971 4875 ἐκδικήσεως,
1014 4802 1100 4854 ἵνα
1136 4799 1336 4869 δηλαδὴ
1378 4796 1844 4866 σκωληκόϐρωτος

274 4904 517 4960 ἐνταῦθα
557 4902 851 4970 γενόμενος
879 4897 973 4949 καὶ
1002 4893 1288 4964 ἀποψύξας
1327 4891 1544 4961 πικρῶς
1571 4890 1706 4959 πρὸς
1751 4890 1843 4942 τὸν

270 4997 583 5064 ἀκοίμητον
636 4992 842 5043 ἐκεῖνον
875 4987 1074 5039 οὑτωσὶ
1116 4982 1550 5053 παραπεμφθείη
1595 4982 1623 5032 6
1651 4980 1843 5033 ταλαί-

271 5105 459 5158 πωρος
516 5084 793 5151 σκώληκα.
836 5080 913 5130 Δι’
964 5095 1039 5131 ων
1067 5076 1197 5144 γὰρ,
1254 5076 1420 5142 φησὶν
1470 5074 1570 5142 (5),
1619 5073 1841 5125 ἐπιδου-

267 5180 545 5239 λενὶουσιν,
570 5176 784 5234 ἑαυτοῖς
818 5170 1016 5241 μᾶλλον
1044 5168 1076 5239 ἢ
1106 5167 1311 5234 ἑτέροις
1336 5166 1404 5217 τὰ
1433 5165 1683 5237 βάραθρα
1723 5166 1845 5217 ἀνο-

278 5274 569 5340 ρύττουσιν
596 5282 609 5294 ·
651 5266 700 5317 οἱ
745 5266 842 5332 μὲν
878 5263 987 5330 γὰρ
1027 5259 1501 5327 ἐπιϐουλευόμενοι
1534 5256 1632 5327 τὴν
1660 5258 1839 5310 οἰκου-

270 5367 444 5435 μένην
478 5360 711 5427 ἐραστὰς
742 5357 961 5425 ἔχουσιν
1005 5354 1301 5413 ἐπαινέτας
1336 5349 1837 5420 ἀνακηρύττοντας,

269 5450 695 5522 στεφανοῦντας,
726 5449 850 5509 τοὺς
890 5446 1099 5506 εἰδότας
1148 5446 1273 5504 τοὺς
1317 5442 1418 5493 ούκ
1453 5443 1685 5506 εἰδότας,
1715 5444 1840 5504 τοὺς

268 5548 376 5600 ἀπὸ
407 5547 517 5600 τῶν
564 5540 930 5613 πραγμάτων,
966 5539 1090 5599 τοὺς
1132 5536 1196 5587 ἐκ
1234 5535 1332 5602 τῆς
1365 5534 1550 5603 φήμης
1589 5536 1654 5586 τά
1699 5534 1842 5587 ἑκεί-

341 5714 417 5780 tl)
454 5711 552 5763 Ἐκ
587 5706 684 5759 τοῦ
708 5706 988 5780 ’ξυντακτη
998 5704 1137 5780 ρίουἶ
1388 5769 1412 5779 _

451 5777 778 5852 ‘ABava_o€ou
811 5774 1437 5852 §X_:t05_&:itolq‘{qt‘t\(05.

337 5843 542 5926 ί3)“Εκ
572 5849 671 5903 τοῦ
708 5843 1424 5908 κατὰ“Ίονᾶαῆσνο’λόγου.

1946 4622 2161 4675 dolores
2185 4621 2502 4690 exspiravit,
2542 4622 2682 4676 idem
2711 4624 2908 4680 deinde
2944 4628 3113 4681 vermi
3170 4629 3247 4684 illi
3302 4634 3517 4688 assidue

1949 4715 2259 4770 absumenti
2281 4716 2531 4770 incibum
2552 4718 2905 4786 praeberetur.
2929 4720 3111 4786 Quare
3132 4739 3259 4779 vere
3279 4740 3336 4780 sc
3353 4727 3519 4783 habet

1947 4809 2094 4879 quod
2123 4809 2330 4875 dicunt,
2361 4825 2458 4865 eos
2489 4811 2583 4879 qui
2614 4812 2736 4866 aliis
2778 4813 3002 4868 insidias
3052 4824 3348 4883 struerem,
3409 4821 3514 4876 sibi

1948 4901 2133 4970 potius
2162 4916 2324 4969 quam
2358 4902 2483 4956 aliis
2512 4909 2748 4958 struere.
2794 4905 3013 4960 Etenim
3040 4907 3075 4960 ii
3128 4909 3333 4978 quibus
3378 4912 3516 4968 insi-

1948 4992 2068 5046 dias
2115 5002 2307 5062 parant
2344 5009 2373 5047 a
2407 4993 2653 5063 plurimis
2684 5006 2959 5062 amantur,
3009 4999 3321 5066 laudantur,
3378 5021 3517 5073 pra»

1950 5083 2225 5151 dicantur,
2257 5099 2840 5159 coronautur,.nempc
2869 5092 2937 5144 ab
2963 5090 3031 5144 iis
3058 5091 3150 5160 qui
3182 5110 3267 5146 res
3327 5100 3515 5167 cogni-

1954 5186 2054 5243 tas,
2082 5190 2138 5234 et
2166 5182 2259 5250 qui
2285 5196 2390 5234 non
2428 5184 2676 5251 cognitas
2732 5182 2954 5247 habent,
3001 5185 3095 5251 qui
3158 5201 3247 5241 res
3307 5189 3409 5257 ipsi
3462 5202 3517 5245 ct

1945 5272 2039 5339 qui
2063 5272 2203 5326 fama
2237 5282 2443 5327 tantum
2472 5284 2782 5341 compertas
2801 5276 3024 5340 habent,
3055 5280 3143 5347 qui
3170 5295 3290 5334 cum
3328 5282 3394 5336 iis
3416 5282 3513 5336 do-

1945 5362 2091 5418 lores
2125 5365 2425 5433 patiuntur,
2454 5366 2548 5434 qui
2583 5365 2830 5419 laborum
2856 5368 2991 5420 socii
3044 5380 3193 5437 sunt,
3263 5372 3507 5439 denique

1948 5455 2017 5509 ab
2035 5456 2295 5509 omnibus
2326 5457 2419 5525 qui
2471 5472 2597 5509 cum
2652 5456 2717 5510 iis
2750 5458 2966 5511 veritati
3005 5462 3248 5517 student.
3308 5462 3514 5520 Contra

1949 5546 2297 5603 insidiatores
2346 5563 2375 5601 a
2407 5546 2660 5615 plurimis
2713 5545 2843 5600 odio
2896 5547 3189 5617 habentur,
3248 5567 3515 5607 accusan-

2018 5708 2091 5771 (λί)
2124 5708 2219 5760 Ἐκ
2244 5708 2348 5759 τῶν
2377 5709 2510 5777 πρὸς
2536 5706 2877 5775 Ὀλυμπιάδα
2909 5707 3229 5765 ἐπιστολῶν,

2015 5779 2091 5847 (ὅ)
2120 5779 2211 5830 Ἐκ
2244 5779 2335 5831 τοῦ
2378 5779 2420 5832 θ’
2446 5780 2602 5847 λόγου
2639 5779 2779 5832 κατὰ
2809 5777 3100 5830 Ἰουδαίων.
