4070 6326
553 386 666 456 ‘lll
1741 389 2157 453 NICEPHORI
2197 389 2583 451 GREGORA!
3735 391 3836 462 112

565 519 674 574 tur,
749 511 1205 574 contemnuntur,
1283 503 1670 578 obiurgentur,
1771 508 2144 576 negliguntur,

2250 521 2358 558 νων
2390 503 2786 574 μανθάνοντας,
2807 505 2936 568 τοὺς
2961 503 3386 575 συναλγοῦντας,
3421 507 3549 572 τοὺς
3583 524 3839 578 συναγω-

570 601 724 656 mille
755 599 1236 655 exsecrationibus
1262 599 1601 664 obruuntur,
1663 607 1720 652 et
1755 597 1870 652 haec
1925 596 2151 666 quidem

2264 595 2604 664 νιζομένους,
2655 597 2781 659 τοὺς
2811 596 2880 650 τὰ
2929 598 3144 668 χρηστά
3177 600 3610 670 συνευχομένους
3655 601 3841 666 αὐτοῖς

565 695 824 750 accidunt
853 695 904 748 in
935 694 1225 750 terra.lllic
1255 703 1438 749 autem
1471 691 1651 762 qualis
1679 705 1858 746 sermo
1880 705 2156 761 exponere

2263 688 2498 751 πάντας,
2535 689 2584 742 οἱ
2619 688 2666 741 δ’
2709 687 3160 752 ἐπιϐουλεύοντες
3205 691 3334 754 τοὺς
3395 691 3694 760 μισοῦντας
3745 693 3843 764 μὲν

565 788 1172 858 possetjnsidiatorum
1205 787 1495 856 impiorum
1519 797 1733 854 ρωπος,
1759 783 1972 853 piorum
2023 795 2154 836 vero

2266 781 2579 842 πλείστους,
2616 779 2796 850 πολλῷ
2847 781 2904 833 δὲ
2943 779 3162 844 πλείους
3206 783 3332 845 τοὺς
3373 785 3841 855 κατηγοροῦντας,

563 880 948 934 lacessitorum
987 879 1153 933 vitam
1195 877 1450 932 beatam?

2261 874 2392 935 τοὺς
2413 872 2826 939 διαϐάλλοντας,
2859 874 2988 936 τοὺς
3031 875 3376 946 ἐλέγχοντας,
3403 879 3526 940 τοὺς
3555 879 3847 948 αἰσχύνον-

473 1025 488 1051 Γ
565 989 684 1036 τας,
721 973 848 1035 τοὺς
887 971 1278 1041 ἐπαρωμένους
1313 969 1505 1040 μυρία.
1557 968 1665 1023 Καὶ
1683 967 1858 1022 ταῦτα
1879 967 1978 1036 μὲν
2011 963 2246 1018 ἐνταῦθα
2269 983 2280 996 ·
2307 965 2374 1018 τὰ
2403 966 2452 1018 δ’
2489 969 2608 1020 ἐκεῖ
2631 969 2794 1027 ποῖος
2819 968 3163 1038 παραστήσει
3196 969 3376 1037 λόγος,
3412 969 3575 1038 ἣτῶν
3615 971 3846 1025 διωκόν-

509 1107 512 1110 .
565 1085 676 1119 των
723 1055 938 1118 ἀσεϐῶν
973 1065 1072 1133 τὴν
1141 1063 1385 1127 κόλασιν,
1431 1063 1464 1133 ἢ
1501 1063 1612 1115 τῶν
1643 1062 1990 1131 διωκομένων
2019 1058 2263 1112 εὐσεϐῶν
2305 1059 2404 1130 τὴν
2437 1061 2772 1124 diminuam;

485 1137 491 1142 ’
635 1159 726 1214 IV.
769 1157 895 1212 llaec
918 1157 1090 1228 igitur
1119 1157 1248 1211 dum
1277 1156 1622 1220 consideres,
1649 1155 1976 1210 charissime
2003 1152 2092 1220 Ag:

2331 1156 2404 1208 A'.
2436 1153 2622 1208 Ταῦτα
2663 1151 2760 1208 οὖν
2793 1154 3014 1215 ἐννοῶν,
3045 1155 3270 1222 φίλτατε
3315 1157 3712 1226 ’Λγαθάγγελε,
3747 1163 3845 1214 καὶ

565 1251 846 1321 thangele,
871 1251 1087 1318 hacque
1115 1249 1434 1303 dulcissima
1466 1249 1688 1318 potione
1713 1247 1970 1301 aninmm'
1991 1255 2147 1298 tuum

2255 1249 2520 1310 τοιούτοις
2565 1247 2722 1300 ὕδασι
2772 1247 2872 1317 τὴν
2915 1247 3096 1318 ψυχὴν
3139 1249 3523 1318 ἀρδευὸμενος,
3583 1251 3662 1322 μὴ
3713 1257 3841 1323 σιγῇ

559 1345 886 1408 conﬁrmes,
947 1341 1139 1396 timide
1189 1351 1376 1396 tacere
1432 1349 1488 1394 et
1541 1341 1784 1409 linguam
1841 1339 2145 1406 reprimere

2255 1337 2512 1412 δειλιὼσῃ
2545 1341 2611 1392 τὰ
2654 1340 2750 1408 τῆς
2795 1341 2893 1409 σῆς
2947 1339 3268 1411 χαρίζεσθαι
3321 1342 3570 1410 γλώττης
3621 1345 3843 1413 προπύ-

563 1437 702 1500 noli,
767 1435 862 1490 sed
919 1448 1022 1505 pro
1077 1435 1312 1489 veritate
1381 1432 1599 1488 fortiter
1679 1445 1860 1504 pugna
1905 1441 1961 1484 et
2013 1428 2148 1482 alios

2254 1426 2382 1479 λαια
2433 1427 2554 1478 θέλε
2583 1443 2596 1458 ·
2643 1428 2762 1481 ἀλλ’
2821 1429 3017 1500 εὐγενῆ
3066 1431 3166 1500 τῆς
3213 1431 3473 1501 ἀληθείας
3523 1435 3841 1506 προστάτην

561 1528 770 1584 auxilio
801 1527 1097 1582 destitutos
1129 1540 1294 1594 opera
1331 1534 1424 1578 tua
1466 1533 1520 1577 et
1553 1524 1788 1578 consilio
1825 1519 2149 1591 adjuva,ita

2257 1518 2458 1571 σαυτὸν
2505 1520 2926 1590 καθιστάμενος,
2975 1522 3070 1575 καὶ
3109 1525 3224 1587 τοϊς
3273 1525 3594 1594 προσιοῦσιν
3633 1528 3843 1595 ἀγαθὸς

567 1631 629 1673 ut
670 1619 838 1673 animi
869 1619 946 1673 tui
977 1619 1210 1672 virtutes
1241 1616 1508 1672 continuo
1541 1613 1796 1669 ﬂoreant.
1825 1613 1932 1668 Sed
1963 1611 2030 1666 de
2063 1610 2153 1664 his

2257 1610 2542 1680 γινόμενος
2595 1611 2884 1680 σύμϐολος,
2933 1611 3078 1666 οὕτω
3137 1614 3406 1685 διηνεκῶς
3455 1617 3526 1670 τὰ
3575 1621 3677 1689 τῆς
3738 1619 3842 1688 σῆς

566 1711 855 1764 hactenus.
904 1708 1022 1762 Jam
1073 1714 1290 1773 tempus
1337 1713 1424 1759 est
1475 1713 1535 1758 ut
1583 1703 1773 1768 abeas,
1825 1715 1897 1756 ne
1951 1700 2154 1770 fugatis

2255 1701 2438 1772 ψυχῆς
2485 1701 2768 1770 ὲγκαίνιζε
2819 1701 3085 1775 χρώματα
3135 1706 3272 1775 πρὸς
3316 1711 3376 1760 τδ
3404 1708 3636 1777 βέλτιον.
3674 1707 3839 1764 Εἶεν·

567 1802 746 1857 stellis
781 1801 899 1855 dies
937 1799 1262 1853 illucescens
1310 1797 1409 1852 tibi
1451 1797 1707 1866 obrepat,
1773 1808 1955 1864 neque
1999 1807 2152 1846 man-

2259 1795 2357 1846 xui
2409 1792 2512 1862 μὲν
2559 1795 2624 1864 δὴ
2675 1794 2795 1866 ὥρα
2849 1797 2943 1850 καὶ
3001 1797 3058 1849 σὲ
3115 1799 3340 1852 ἀπιέναι
3382 1800 3570 1854 λοιπὸν
3619 1805 3752 1874 πρὶν
3785 1806 3843 1866 ές

559 1895 826 1950 datorum
855 1893 1148 1946 immemor
1181 1889 1279 1944 sis.

2255 1886 2486 1949 ἑωθινὰς
2515 1888 2639 1950 τοὺς
2671 1889 2958 1957 οὐρανίους
2995 1893 3338 1960 καταστῆναι
3368 1893 3606 1959 κύκλους
3637 1897 3839 1964 αὐγὰς,

2253 1977 2362 2030 τῶν
2399 1977 2838 2050 ἀνατεθειμένων
2873 1981 3100 2053 μηδενὸς
3129 1985 3581 2056 ἐπιλελησμένον.

643 2079 806 2150 130
839 2078 904 2134 γ.
931 2077 1118 2146 itaque
1145 2089 1270 2130 eum
1310 2071 1718 2144 Agathangelus
1765 2087 1792 2124 a
1825 2085 1911 2125 me
1949 2069 2152 2125 disces-

2327 2069 2403 2125 E’.
2445 2072 2854 2142 Ἀγαθαγγέλου
2913 2075 3013 2145 μὲν
3053 2077 3118 2146 δὴ
3173 2078 3429 2143 ἀπιόντος
3485 2081 3542 2133 ἐν
3595 2081 3837 2146 τούτοις.

557 2175 752 2236 sisset,
784 2169 1039 2240 equidem
1079 2169 1131 2220 in
1163 2166 1396 2237 pristina
1435 2179 1628 2220 rursus
1663 2163 1964 2219 solitudine
1999 2161 2149 2216 domi

2258 2160 2404 2232 μόνῳ
2435 2161 2534 2232 τὴν
2583 2163 2790 2233 συνήθη
2843 2165 3062 2231 βόσκει-ν
3107 2166 3265 2230 αὖθις
3301 2169 3442 2222 οἴκοι
3475 2171 3839 2226 κατελείπετο

567 2273 824 2336 versatus
850 2277 998 2315 sum.
1030 2259 1168 2316 Nam
1203 2273 1384 2327 neque
1419 2258 1512 2327 qui
1543 2256 1870 2326 mgritudine
1901 2263 1957 2310 et
1985 2253 2154 2308 tristi-

2255 2253 2490 2324 ἐρημίαν
2530 2257 2673 2325 ἐμοὶ,
2726 2257 2972 2327 μηδενὸς,
3007 2260 3181 2314 ὁπόσα
3235 2261 3650 2333 παραμυθεῖται
3691 2267 3839 2336 νόσῳ

563 2355 644 2408 tia
659 2335 928 2406 Iaﬂlietum
967 2363 1055 2402 me
1077 2347 1459 2400 consolaretur
1483 2344 1693 2406 aderat,
1713 2358 1893 2412 neque
1915 2351 2151 2396 utantea

2255 2347 2350 2398 καὶ
2415 2347 2628 2419 ἀθυμίᾳ
2681 2350 3072 2422 δαπανώμενον
3147 2353 3476 2424 ἄνθρωπον,
3542 2357 3675 2427 μήτ’
3731 2335 3835 2428 ηδῄ

565 2460 697 2501 eum
733 2450 1055 2512 exspectare
1088 2437 1226 2492 mihi
1256 2437 1418 2492 licuit
1455 2436 1510 2489 in
1545 2435 1692 2490 diem
1729 2445 2012 2504 posterum
2058 2442 2154 2487 aut

2249 2439 2524 2510 παρόντος
2557 2443 2690 2510 ἡμῖν
2727 2443 2866 2512 μήτε
2899 2445 3006 2513 μὴν
3037 2444 3184 2509 ὅπως
3221 2447 3350 2500 ποτὲ
3375 2449 3835 2522 προσδοκωμένου

567 2541 630 2596 in
657 2535 882 2591 tertium
915 2541 1011 2586 aut
1044 2533 1100 2585 in
1129 2531 1248 2585 dies
1271 2527 1366 2599 qui
1415 2536 1748 2598 sequuntur,
1789 2536 1848 2582 et
1885 2527 2152 2582 continuo

2258 2533 2394 2602 μετὰ
2447 2533 2552 2602 τὴν
2606 2535 2924 2604 ὑστεραίαν,
2953 2537 3121 2607 ἤγουν
3169 2540 3268 2610 τὴν
3307 2541 3427 2609 μετ’
3459 2543 3678 2612 ἐκείνην
3737 2546 3836 2599 καὶ

565 2627 756 2684 hacin
787 2622 1105 2679 conditione
1151 2626 1400 2676 versatus
1431 2631 1552 2672 sum
1603 2629 1968 2688 praeterquam
2004 2615 2150 2686 quod

2255 2625 2382 2695 ἑξῆς
2440 2628 2536 2679 καὶ
2595 2626 2796 2696 ὁμοίως
2847 2628 2955 2690 ἀεὶ,
3009 2629 3150 2699 πλήν
3209 2647 3270 2698 γε
3315 2633 3380 2703 δὴ
3433 2633 3529 2686 τοῦ
3580 2639 3833 2706 πανταχῆ

565 2717 708 2773 mihi
757 2715 948 2770 aderat
999 2711 1092 2782 qui
1147 2709 1408 2765 omnibus
1442 2707 1582 2762 locis
1634 2717 1834 2778 prmest
1884 2708 2154 2777 nobisque

2254 2712 2524 2782 παρόντος
2573 2714 2662 2766 ἀεὶ
2710 2714 2808 2767 καὶ
2853 2715 3080 2769 πάντων
3119 2717 3426 2787 κηδομένου
3470 2721 3632 2790 μόνου
3669 2722 3833 2789 Θεοῦ,

561 2807 827 2866 omnibus
851 2801 1140 2876 prospicit,
1175 2800 1319 2856 Deus
1355 2801 1602 2870 inquam.
1635 2799 1732 2854 llic
1764 2799 1910 2855 enim
1946 2800 2152 2852 interea

2253 2804 2312 2868 ὃς
2361 2805 2665 2875 τηνικαῦτα
2720 2809 2954 2878 μετρίαν
3003 2825 3095 2877 μοι
3137 2809 3234 2862 τοῦ
3289 2813 3596 2880 νοσήματος
3644 2815 3837 2868 ἄνεσιν

559 2899 956 2971 mgritudinem
985 2909 1164 2952 meam
1213 2893 1406 2948 lenivit
1440 2909 1636 2961 meque
1675 2893 1732 2947 in
1763 2891 2152 2947 continuandis

2255 2897 2556 2968 πεπραχὼς
2621 2899 2715 2950 τοῦ
2781 2900 3086 2969 συνήθους,
3145 2903 3392 2973 συνήθως
3461 2905 3837 2975 αὐτοσχεδίοις

561 2991 932 3050 historiarum
950 2985 1364 3042 commentariis
1385 2985 1618 3056 adjuvit,
1639 2999 1778 3056 quos
1798 2984 2153 3039 conscribere

2255 2989 2610 3058 ὑπομνήμασι
2641 2989 2824 3044 δοῦναι
2873 2991 2974 3061 τὴν
2999 2993 3107 3046 τῶν
3137 2994 3444 3063 γινομένων
3477 2997 3837 3066 παρεσκεύα-

554 3094 736 3142 antea
793 3091 1228 3142 consueveram,
1293 3091 1418 3128 cum
1485 3076 1648 3130 nobis
1717 3075 1890 3130 multa
1945 3073 2152 3143 perfrui

2255 3099 2350 3134 κεν
2385 3081 2649 3150 ἱστορίαν,
2681 3083 2821 3138 κατὰ
2855 3083 2915 3136 τὸ
2963 3083 3094 3154 πρὶν
3139 3087 3272 3156 ἡμῖν
3301 3087 3511 3150 εἰωθὸς,
3549 3089 3630 3141 ὅτ’
3672 3089 3837 3143 ὲλιυ-

571 3178 828 3232 libertate
856 3171 1071 3225 licitum
1101 3176 1238 3222 erat.
1272 3165 1428 3220 Tunc
1461 3180 1594 3220 vero
1624 3165 1726 3222 etsi
1767 3181 1875 3221 non
1917 3166 2147 3220 multum

2255 3173 2444 3243 θερίαν
2475 3176 2692 3245 μακρὰν
2733 3178 2848 3238 τοῖς
2879 3176 3172 3246 ἡμετέροις
3205 3177 3667 3246 ἐμπολιτεύεσθαι
3703 3183 3835 3252 βου-

573 3285 760 3338 neque
795 3275 855 3324 ut
882 3281 1024 3336 opus
1050 3275 1194 3331 erat,
1233 3275 1414 3320 tamen
1445 3271 1658 3318 tantum
1693 3261 1992 3316 scribendo
2023 3277 2150 3330 per-

2252 3265 2490 3337 λήμασιν
2527 3262 2616 3338 ἦν,
2663 3267 2712 3320 εἰ
2764 3269 2856 3322 καὶ
2901 3268 2976 3338 μὴ
3019 3269 3219 3334 τελέως
3263 3271 3364 3342 ήδη
3413 3275 3506 3326 καὶ
3533 3273 3606 3336 ὡς
3637 3261 3835 3346 έχρῆν,

555 3362 679 3418 τίεεί
711 3366 975 3429 quantum
1009 3357 1066 3412 in
1108 3356 1304 3412 mediis
1334 3355 1468 3410 mihi
1494 3353 1725 3410 summis
1758 3352 2026 3421 angustiis
2058 3366 2152 3406 va-

2253 3355 2371 3410 ἀλλ’
2415 3355 2510 3410 οὖν
2549 3356 2748 3409 ὁπόσον
2793 3357 2928 3428 ἡμῖν
2963 3359 3022 3412 ἐν
3067 3359 3330 3430 μεσότητι
3370 3363 3837 3434 συνειλημμένοις

565 3455 786 3523 τὶίεηυο
826 3453 882 3506 in
911 3448 1382 3506 sollicitudinibus
1426 3447 1534 3502 frui
1569 3446 1726 3500 licuit
1755 3443 2152 3513 omnipotentis

2255 3447 2531 3518 μεγίστων
2572 3446 2761 3500 δεινῶν
2810 3449 2904 3502 καὶ
2941 3450 3123 3518 φόϐων
3159 3452 3516 3522 πολυτρόπων
3557 3457 3657 3525 τὴν
3697 3475 3839 3510 παν-

569 3551 674 3604 Dei
703 3561 868 3606 manu
913 3543 1216 3614 adiutrice;
1249 3543 1344 3611 qui
1379 3555 1468 3596 me
1501 3540 1763 3611 adjuvare
1793 3537 2042 3608 mihique
2069 3537 2152 3592 la-

2251 3539 2554 3608 τοδύναμον
2581 3541 3022 3608 κεχορηγηκέναι
3049 3543 3237 3610 γέγονε
3265 3545 3470 3610 δεξιὰν,
3491 3563 3839 3618 συνεφαπτο-

571 3645 738 3698 bores
787 3639 972 3694 levare
1001 3651 1110 3690 non
1157 3635 1410 3690 cessavit.
1446 3632 1666 3686 Etenim
1711 3629 2000 3700 praesentia
2052 3644 2151 3683 sua

2256 3634 2429 3701 μένην
2472 3633 2621 3695 ὅπως
2667 3633 2800 3686 ποτὲ
2831 3635 2926 3686 καὶ
2967 3637 3538 3706 συνεπικουφίζουσάν
3565 3659 3659 3712 μοι
3701 3645 3837 3708 τοὺς

553 3733 756 3792 ιειῐοοίι
787 3741 848 3786 ut
879 3745 1102 3800 operam
1128 3741 1306 3784 meam
1333 3737 1596 3796 tanquam
1625 3723 1950 3780 miraculum
1979 3722 2152 3792 quod-

2253 3727 2472 3790 πόνους.
2501 3724 2675 3778 Εῐωθε
2721 3726 2828 3795 γὰρ
2877 3726 2908 3780 ό
2945 3731 3208 3797 κραταιὸς
3239 3731 3365 3800 ἐμοὶ
3414 3731 3607 3803 βοηθὸς
3637 3733 3830 3806 ὥσπερ

553 3826 698 3881 dum
726 3823 976 3877 homines
1007 3818 1422 3887 obstupuerint.
1456 3815 1668 3885 Nempe
1698 3823 1897 3884 prreter
1925 3828 2148 3868 omnem

2251 3819 2454 3888 τέρατα
2502 3817 2792 3886 φαίνεσθαι
2841 3820 2954 3882 τοῖς
3011 3820 3227 3884 πολλοῖς
3279 3825 3346 3877 τά
3396 3823 3647 3896 ἡμέτερα
3673 3827 3831 3900 δρᾷν,

549 3915 890 3986 ~opinionem
941 3911 1144 3966 factum
1194 3917 1278 3962 est
1327 3915 1385 3962 ut
1435 3923 1503 3962 ex
1547 3906 1838 3962 contrariis
1875 3905 2150 3960 contraria

2253 3911 2362 3964 κὰκ
2415 3909 2520 3962 τῶν
2571 3909 2832 3964 ἐναντίων
2879 3911 3140 3965 τάναντία
3181 3914 3501 3983 παραδόξως
3546 3919 3832 3988 περαίνειν

547 4007 780 4077 .optime
815 4003 1106 4062 evenerint.
1147 4010 1208 4054 et
1239 3997 1563 4066 sempiterni
1601 4011 1786 4054 rerum
1827 3994 1980 4050 orbis
2025 4009 2152 4064 pro-

2249 4003 2347 4054 ἐπὶ
2374 4002 2436 4060 τὸ
2463 4001 2573 4056 τῶν
2623 4002 2918 4073 βελτίστων
2965 4005 3108 4058 πάνυ
3163 4023 3214 4058 τι
3263 4009 3698 4080 ἀπροσδόκητον,
3733 4016 3832 4066 καὶ

547 4099 728 4152 cellae
787 4095 1104 4162 turbidique
1161 4101 1344 4146 motus
1407 4093 1462 4144 in
1521 4087 1926 4158 Alcyonitidam
1983 4101 2149 4156 quam

2251 4095 2380 4158 τοὺς
2431 4093 2494 4167 [Ι.
2525 4094 2630 4148 126
2683 4093 2760 4166 bj.
2807 4097 2895 4148 ἀεὶ
2935 4096 3046 4150 τῶν
3098 4097 3196 4168 τῆς
3249 4102 3520 4170 κοσμικῆς
3571 4105 3830 4172 περιόδου

515 4193 530 4207 ·
572 4191 768 4244 dicunt
795 4187 1080 4242 malaciam
1109 4192 1166 4237 et
1189 4181 1644 4250 tranquillitatem
1682 4179 1874 4234 mutati
1897 4181 2029 4236 sint.
2055 4179 2122 4233 Es

2253 4187 2604 4256 πραγμάτων
2645 4187 2824 4241 ἄλλοτ’
2851 4187 3048 4252 ἄλλους
3088 4192 3374 4255 κυκεῶνας
3419 4197 3515 4248 καὶ
3549 4195 3833 4261 κλύδωνας

547 4279 722 4335 εθηὶηι
749 4277 864 4332 avis
897 4291 1016 4345 quae
1063 4283 1121 4328 et
1173 4273 1226 4328 in
1257 4285 1386 4326 aere
1407 4279 1463 4325 et
1507 4271 1559 4324 in
1593 4285 1731 4340 aqua
1755 4271 1889 4325 vivit
1929 4269 2152 4324 nomine

2255 4281 2336 4342 εἰς
2382 4277 2760 4343 ἀλκυονίτιδας
2809 4275 2921 4334 οἷον
2970 4283 3143 4336 εἰπεῖν
3176 4285 3302 4352 ipsi
3347 4287 3613 4356 νηνεμίας
3659 4307 3833 4356 μετα.

577 4369 735 4442 131
766 4368 990 4437 Alt-you.
1020 4365 1144 4420 llaec
1167 4363 1210 4417 si
1227 4374 1458 4431 tempus
1479 4361 1637 4416 adest
1661 4359 1986 4445 procreandi
2007 4359 2152 4414 fetus

2255 4374 2454 4424 ποιεῖν.
2489 4371 2645 4425 Ἔστι
2681 4371 2792 4441 γάρ
2837 4387 2888 4425 τι
2923 4373 3062 4436 ζῶον
3096 4375 3220 4445 ἀέρι
3254 4376 3349 4429 καὶ
3393 4378 3632 4452 θαλάττῃ
3674 4384 3837 4452 μερί-

575 4463 632 4516 in
679 4475 848 4514 arena
893 4457 1060 4510 maris
1085 4471 1304 4512 summo
1329 4465 1576 4524 tempore
1609 4454 1828 4508 hiemali
1861 4453 2152 4508 vehemen-

2257 4463 2348 4526 ζον
2403 4465 2494 4516 τὸν
2553 4463 2668 4533 βίον
2719 4465 2893 4534 ὄνομα
2947 4465 3184 4520 ἀλκυών.
3239 4467 3390 4538 Αὕτη
3445 4471 3582 4540 πρὸς
3619 4473 3832 4527 παίδων

577 4551 920 4618 tissimisque
971 4545 1240 4616 procellis
1303 4545 1490 4600 nidum
1551 4543 1726 4613 ponit.
1785 4544 1918 4600 item
1967 4543 2153 4611 provi-

2229 4583 2232 4608 ι
2258 4555 2593 4625 ἐπειγομένη
2627 4556 2812 4622 γονὰς,
2843 4557 2930 4608 ἐπ’
2955 4557 3126 4620 αὐτὰς
3155 4557 3255 4630 τὴν
3299 4563 3498 4614 καλιὰν
3533 4562 3628 4626 τὰς
3653 4579 3836 4632 παρα-

575 4643 764 4698 dentia
813 4641 906 4696 Dei
944 4639 1054 4694 frui
1107 4638 1143 4692 ii
1197 4637 1548 4707 proﬁtentur,
1582 4637 1784 4706 quibus
1825 4650 1912 4690 res
1961 4645 2156 4704 praeter

2259 4647 2406 4710 λίους
2437 4647 2673 4716 πήγνυσι
2705 4648 2968 4716 ψάμμους
2991 4652 3046 4700 ὲν
3079 4651 3306 4720 χειμῶνι
3335 4653 3488 4720 μέσῳ
3521 4655 3613 4706 καὶ
3646 4656 3835 4725 κυμά-

576 4735 892 4805 opinionem
931 4731 1260 4794 succedunt,
1293 4745 1418 4784 cum
1453 4731 1520 4784 ab
1551 4731 1718 4784 Arcto
1749 4730 1924 4783 altum
1953 4728 2157 4782 sollici-

2255 4755 2364 4790 των
2412 4736 2790 4806 ἀκμαζούσαις
2855 4738 3022 4807 βίαις.
3083 4741 3304 4811 Ταύτην
3357 4743 3627 4814 τοσαύτης
3693 4751 3833 4800 ἀπο-

575 4839 728 4882 tatur
785 4825 1252 4892 vehementerque
1307 4821 1647 4892 ﬂagellatur,
1699 4821 1866 4874 etiam
1923 4823 2156 4876 summis

2257 4829 2442 4882 λαύειν
2473 4827 2798 4898 ὁμολογοῦσι
2827 4829 2926 4899 τῆς
2951 4830 3158 4884 ἄνωθεν
3183 4833 3528 4902 προμηθείας
3557 4836 3606 4887 oi
3635 4837 3833 4906 πεῖραν

577 4917 836 4989 procellis
855 4915 1042 4984 agitati
1071 4913 1272 4974 ﬂuctus
1295 4922 1596 4983 assurgunt
1615 4912 1674 4966 in
1697 4911 1912 4982 Olympi
1935 4921 1992 4966 et
2015 4913 2154 4967 Cau-

2255 4923 2348 4974 τοῦ
2407 4921 2712 4989 παραδόξου
2773 4921 3165 4991 λαμϐάνοντες,
3217 4926 3358 4978 ὥστε
3405 4926 3503 4994 τῆς
3557 4926 3831 4994 θαλάττης

576 5011 690 5066 casi
724 5009 990 5062 montium
1041 5007 1426 5070 altitudinem;
1477 5006 1554 5058 ita
1609 5013 1670 5058 ut
1725 5005 1769 5060 si
1819 5004 1954 5072 quid
1989 5003 2154 5058 nimis

2261 5013 2444 5082 μακρὰ
2493 5015 2610 5074 τοῖς
2661 5013 2756 5066 ἀπ’
2803 5015 3022 5083 ἄρκτων
3073 5015 3354 5088 ὑϐρίζουσι
3403 5019 3684 5087 πνεύμασι
3737 5003 3851 5073 καί

579 5101 814 5156 arduum
849 5099 939 5162 sit,
974 5099 1026 5151 iu
1060 5097 1395 5152 contrariam
1431 5105 1644 5164 partem
1677 5109 1764 5148 res
1804 5093 2066 5148 succedat
2098 5104 2154 5148 et

2257 5105 2400 5157 πάνυ
2447 5105 2874 5174 μαστιζομένης,
2923 5105 3018 5158 καὶ
3063 5109 3256 5176 καιρὸν
3301 5107 3534 5176 ἐχούσης
3567 5109 3670 5178 ήδη
3719 5112 3829 5171 τοῖς

577 5203 780 5264 prieter
814 5193 1131 5262 opinionem
1179 5189 1386 5258 aliquid
1437 5185 1656 5242 accidat
1702 5185 2008 5240 secundum
2057 5187 2154 5242 Dei

2259 5197 2498 5266 κύμασιν
2551 5197 2882 5264 ἁμιλλᾶσθαι
2931 5199 3066 5269 πρὸς
3112 5185 3419 5267 Ὀλύμπους
3467 5201 3562 5252 καὶ
3611 5203 3829 5254 Καυκά-

577 5285 1006 5356 providentiam.
1043 5283 1252 5351 Nempe
1307 5279 1530 5336 sedatur
1585 5289 1876 5332 ventorum
1933 5279 2150 5334 illorum

2259 5305 2383 5351 σους
2411 5287 2503 5339 καὶ
2535 5289 2586 5341 ei
2614 5305 2666 5340 τι
2689 5289 2800 5340 τῶν
2833 5289 3092 5356 ἐπιγείων
3125 5291 3267 5358 ὀρῶν
3295 5291 3442 5343 ἐστιν
3470 5289 3825 5361 ὑψηλότερον,

574 5379 859 5444 violentia,
889 5379 1114 5433 sedatur
1141 5385 1308 5430 aestus
1333 5371 1598 5426 ﬂuctuum
1632 5369 1722 5426 Dei
1759 5371 1992 5428 vinculis
2025 5387 2154 5426 scn-

2257 5379 2336 5441 εἰς
2395 5377 2708 5431 τούναντίον
2755 5383 2926 5450 χωρεῖ
2977 5383 3046 5432 τὰ
3103 5381 3194 5433 τοῦ
3256 5382 3604 5452 πράγματος,
3637 5384 3734 5436 καί
3777 5399 3829 5437 τι

576 5473 680 5526 sim
717 5470 962 5526 domitus
1007 5483 1072 5524 ac
1106 5479 1485 5535 compressus,
1515 5465 1691 5520 donec
1713 5463 1975 5534 Alcyonis
2021 5465 2151 5534 pulli

2257 5471 2563 5539 παράδοξον
2596 5472 2700 5523 ὑπὸ
2755 5473 2857 5540 τῆς
2909 5475 3168 5542 προνοίας
3217 5476 3412 5544 ὁρᾶται
3461 5476 3827 5543 γιγνόμενον·

574 5564 844 5633 pennulas
883 5562 1028 5616 llacli
1051 5569 1330 5628 protenus
1369 5573 1662 5614 excursum
1681 5567 1896 5613 tentare
1920 5558 2152 5626 possint.

2256 5563 2486 5631 ἀτρεμεῖ
2531 5562 2640 5632 γὰρ
2683 5565 2718 5631 ἡ
2759 5563 2866 5615 τῶν
2917 5567 3247 5634 πνευμάτων
3276 5567 3538 5636 ἀγριότης
3577 5567 3827 5633 ἐκείνων,

579 5657 787 5710 Similia
815 5669 916 5723 ego
947 5665 1164 5720 quoque
1189 5665 1288 5717 per
1317 5650 1368 5702 id
1403 5651 1664 5720 temporis
1691 5651 1926 5719 spatium
1956 5665 2152 5717 exper-

2255 5653 2484 5726 ἀτρεμεῖ
2505 5657 2547 5708 δ’
2575 5659 2602 5708 ὁ
2632 5655 2741 5710 τῶν
2783 5659 3044 5726 κυμάτων
3077 5659 3316 5728 ὑϐρίζων
3367 5661 3550 5727 ὄγκος,
3577 5661 3830 5713 δεσποτι-

572 5758 668 5801 tus
700 5763 821 5802 sum
859 5745 952 5799 Dei
983 5741 1210 5796 auxilio.
1243 5741 1376 5796 Nam
1413 5743 1541 5795 dum
1577 5751 1954 5811 persecutores
1980 5757 2062 5794 me
2099 5743 2153 5794 in

2257 5745 2372 5804 κοῖς
2419 5745 2748 5814 ἁπορῤήτως
2801 5745 3020 5815 δεσμοῖς
3071 5747 3483 5817 χαλινούμενος,
3527 5751 3729 5821 μέχρις
3765 5753 3829 5804 ἂν

569 5838 800 5893 nomine
823 5835 1029 5892 Christi
1061 5834 1304 5889 vinctum
1335 5835 1530 5889 crebro
1562 5839 2002 5892 circumcursant
2037 5849 2151 5889 me-

2258 5837 2612 5907 πτεροφυήσῃ
2661 5855 2717 5892 τε
2752 5845 2847 5892 καὶ
2882 5841 2961 5902 είς
3006 5841 3236 5912 νόμιμον
3271 5845 3340 5896 τὰ
3371 5845 3565 5912 νεογνὰ
3613 5848 3714 5913 τῆς
3741 5848 3828 5906 ὸ).-
