4070 6326
308 370 417 436 113

1252 375 1695 439 BYZANTlN/E
1727 378 2115 448 HISTORle
2146 383 2291 444 LIB.
2334 385 2575 448 XXVII.

3449 393 3551 459 114

307 491 506 553 κυόνος
563 489 830 561 ἀφίκηται
881 491 1082 562 πτῆσιν
1131 490 1375 548 ἐκτόκια.
1409 493 1532 549 Τῶν
1586 496 1881 567 παραπλη-

1998 513 2089 568 lue
2118 510 2283 557 noctu
2331 500 2537 573 diuque
2584 503 2991 560 circumsedent
3031 503 3198 559 etiam
3244 519 3462 559 omnem
3497 507 3555 560 in

308 582 447 635 σίων
491 581 675 635 τοίνυν
714 582 861 651 κάμέ
912 583 1047 653 πρὸς
1076 583 1177 655 τῆς
1206 584 1300 639 τοῦ
1345 586 1480 640 Θεοῦ
1519 586 1700 653 δεξιᾶς
1736 606 1886 660 τηνι-

313 669 495 723 καῦτα
535 670 735 742 συνέϐη
767 673 1067 742 πειρᾶσθαι
1090 690 1106 707 ο
1143 674 1254 728 τῶν
1286 676 1397 747 γάρ
1429 694 1510 730 τοι
1558 677 1883 745 διωκόντων,

310 763 503 835 κύκλῳ
547 765 675 835 περὶ
721 768 816 819 τδν
862 767 1083 835 δέσμιον
1126 769 1185 823 ἐν
1219 762 1439 840 Χριστῷ
1488 771 1683 842 κομιδῆ
1716 773 1886 842 συχνά

310 858 757 928 περιτρεχόντων
791 858 891 929 ἐμὲ
917 860 1009 912 καὶ
1034 860 1252 933 νύκτωρ
1282 881 1341 917 τε
1374 865 1467 917 καὶ
1502 863 1623 933 μεθ’
1671 864 1886 935 ἡμέραν

312 948 728 1017 ἐνεδρευόντων,
754 951 848 1003 καὶ
888 953 1069 1005 πᾶσαν
1095 950 1185 1006 ἐπ’
1214 954 1315 1024 ἐμὲ
1341 955 1635 1011 κινούντων
1661 955 1887 1027 γνώμης

311 1062 374 1096 τε
434 1047 529 1099 καὶ
587 1045 836 1118 γλώττης
893 1049 1125 1119 μανίαν,
1183 1051 1512 1124 ὠρυομένων
1572 1053 1730 1126 δίκην
1792 1055 1889 1110 καὶ

312 1137 698 1193 ὑλακτούντων
734 1140 939 1211 θηρῶν,
969 1142 1063 1197 καὶ
1104 1145 1242 1215 μήτε
1274 1148 1482 1216 μηδένα
1518 1149 1745 1221 μηδαμῆ
1778 1150 1888 1203 τῶν

312 1228 624 1298 ἀνθρώπων
656 1231 823 1300 μηδὲν
854 1235 1080 1307 μηδαμῆ
1114 1238 1226 1293 τῶν
1271 1240 1596 1310 ἐπιτηδείων
1646 1241 1889 1311 εἰσκομί-

314 1321 431 1382 ζειν
483 1318 812 1391 όθενδήποτε
866 1327 1319 1398 συγχωρούντων,
1365 1332 1504 1403 μήτε
1562 1334 1728 1403 μηδὲν
1778 1334 1888 1387 τῶν

312 1412 412 1463 ὅσα
435 1413 535 1482 τὴν
559 1414 652 1467 τοῦ
680 1415 915 1486 γράφειν
942 1421 1245 1489 παρέχεται
1288 1422 1479 1494 χρείαν
1510 1424 1727 1478 ἐώντων
1757 1427 1888 1497 μήτ’

315 1503 471 1557 ἔνδον
528 1506 661 1576 ἡμῖν
720 1512 991 1565 συνοικεῖν
1050 1512 1178 1584 μήτ’
1228 1513 1427 1581 ἔξωθεν
1477 1515 1702 1571 εἰσιέναι
1758 1519 1891 1589 παρ’

313 1593 561 1660 ὁτουοῦν,
590 1595 858 1666 ἐλάθομεν
901 1601 1201 1673 ἀπορρήτῳ
1245 1606 1383 1659 Θεοῦ
1423 1608 1650 1677 προνοίᾳ
1684 1608 1888 1680 μικροῦ

314 1683 418 1754 τὴν
467 1686 598 1756 ὅλην
662 1688 773 1740 τῶν
825 1693 1135 1761 γενομένων
1177 1699 1363 1768 γραφῇ
1417 1700 1890 1770 παραπέμψαντες

322 1774 572 1845 ἱστορίαν
603 1777 662 1829 ἐν
692 1780 875 1850 μικρῷ
907 1782 1104 1851 καιροῦ
1145 1783 1501 1857 διαστήματι,
1531 1792 1668 1860 μήτε
1702 1791 1890 1861 μακρὰ

314 1863 427 1915 τῶν
474 1865 793 1933 ἀναγκαίων
846 1871 1273 1938 παραλιπόντες,
1327 1876 1467 1945 μήτε
1528 1878 1715 1947 μακρὰ
1781 1880 1890 1932 τῶν

312 1954 521 2022 οίοισδή
556 1973 699 2009 τισιν
740 1956 883 2012 εἶναι
909 1960 1212 2016 δοκούντων
1257 1968 1670 2037 παραμίξαντες
1700 1987 1891 2041 περιτ-

311 2044 450 2106 τῶν,
487 2046 605 2098 ἀλλ’
653 2049 1023 2120 ἁπλούστερον
1070 2056 1388 2111 παντάπασι
1437 2060 1515 2130 τῷ
1552 2060 1652 2127 τῆς
1676 2063 1893 2134 ἀφηγή-

319 2148 463 2196 σεως
514 2140 715 2205 τρόπον
752 2145 1092 2212 χρησάμενοι
1150 2149 1410 2219 σχήματι.
1466 2152 1661 2208 Καίτοι
1724 2155 1892 2226 ἐχρῆν

318 2228 474 2294 ἡμᾶς
503 2231 996 2306 ἐπιστατικώτερον
1019 2238 1312 2310 δήπουθεν,
1333 2244 1408 2307 th;
1439 2244 1537 2314 ἐμέ
1564 2263 1626 2313 γε
1661 2248 1890 2315 οἴεσθαι,

313 2319 385 2371 τὰ
420 2322 520 2390 τῆς
560 2324 899 2397 δογματικῆς
938 2330 1255 2395 ὑποθέσεως
1294 2335 1387 2387 καὶ
1413 2337 1515 2389 ὅσα
1558 2338 1673 2401 τοῖς
1699 2339 1891 2409 λῃστι-

319 2412 440 2472 κοῖς
473 2414 845 2481 συμπέπτωκε
874 2420 1173 2488 συνεδρίοις
1207 2423 1680 2495 ἐπεξεργάζεσθαί
1707 2447 1767 2481 τε
1796 2431 1893 2482 καὶ

322 2502 822 2571 πολλαπλασιάζειν
862 2512 1211 2579 ἀμωσγέπως
1243 2515 1340 2577 τὰς
1382 2517 1490 2571 τῶν
1532 2519 1751 2573 ἐννοιῶν
1786 2520 1891 2590 ἀγ-

320 2593 656 2661 χιστρόφους
700 2597 985 2664 μεθόδους,
1025 2600 1471 2667 ἀνακυκλοῦντας
1520 2604 1635 2675 ἅμα
1666 2608 1761 2660 καὶ
1790 2626 1894 2662 πα-

321 2685 780 2752 ρεισκυκλοῦντας
825 2691 1017 2759 συχνά,
1070 2692 1163 2745 καὶ
1208 2694 1283 2762 πῆ
1335 2694 1436 2763 μιν
1480 2696 1589 2749 τῶν
1633 2699 1894 2753 ἐναντίων

320 2779 617 2844 εὐρώστως
664 2782 1073 2851 ἀποκρούεσθαι
1121 2787 1215 2839 καὶ
1268 2788 1556 2843 ἀνασοϐεῖν
1606 2792 1672 2844 τὰ
1701 2794 1893 2857 τοξεύ-

323 2887 492 2939 ματα,
530 2872 607 2942 πῆ
647 2873 704 2927 δὲ
735 2879 1103 2945 καιριωτέραν
1134 2881 1482 2950 ἐγγοητεύειν
1523 2884 1615 2935 καὶ
1649 2884 1795 2951 μάλα
1828 2887 1893 2953 γέ

319 2977 405 3014 τοι
439 2963 657 3034 ἀσφαλῆ
694 2969 815 3029 ταῖς
846 2969 1145 3038 ἡμετέραις
1179 2969 1301 3025 κατ’
1330 2973 1553 3026 ἐκείνων
1586 2973 1770 3043 βολαῖς
1794 2976 1895 3046 τὴν

322 3055 647 3123 περίνοιανο
689 3059 800 3112 δεῖν
839 3061 948 3131 γάρ
988 3062 1130 3115 κατά
1173 3063 1299 3125 τοὺς
1333 3067 1677 3135 στρατηγοὺς
1706 3068 1896 3120 ἐνταυ-

1986 606 2075 647 me
2107 594 2463 649 consiliorum
2509 595 2769 665 vocisque
2810 595 3052 650 furorem
3088 594 3330 649 fundunt
3379 595 3553 649 instar

1986 681 2282 738 bestiarum
2312 684 2645 755 rugientium
2673 663 2729 741 ct
2760 686 3174 751 aliatrantium;
3208 684 3338 739 dum
3372 700 3561 754 neque
3618 663 3624 689 '

1987 773 2242 842 cuiquam
2263 775 2569 829 necessaria
2595 776 2727 830 mihi
2757 786 2851 831 aut
2886 776 3088 846 quibus
3120 778 3186 832 ad
3218 778 3545 847 scripturam

1988 879 2124 932 opus
2164 873 2249 920 est
2294 876 2607 936 apportare,
2647 884 2825 937 neque
2874 871 3137 939 quiquam
3184 886 3292 924 una
3340 883 3565 925 mecum

1990 956 2136 1012 intus
2169 958 2414 1014 habitare
2455 975 2539 1014 me
2578 975 2751 1031 neque
2784 963 3077 1018 convenire
3094 963 3438 1033 permittunt,
3474 971 3558 1015 ta-

1988 1065 2112 1105 men
2145 1051 2237 1105 Dei
2272 1052 2477 1107 auxilio
2519 1053 2570 1108 id
2624 1066 2906 1111 assecutus
2948 1071 3069 1110 sum
3127 1065 3187 1111 ut
3242 1058 3555 1111 universam

1989 1159 2168 1197 rerum
2197 1143 2478 1200 historiam
2500 1145 2650 1202 brevi
2670 1156 2913 1216 tempore
2932 1148 3558 1216 conscriberem.Neque

1991 1238 2169 1287 tamen
2201 1234 2356 1304 132
2386 1237 2438 1289 in
2467 1236 2554 1291 bis
2581 1239 2904 1306 praetermisi
2931 1239 3084 1307 plura
3117 1237 3556 1292 memorabilium

1988 1336 2166 1393 neque
2210 1324 2480 1381 immiscui
2535 1328 2689 1397 plura
2744 1344 2933 1383 eorum
2981 1345 3104 1398 qua:
3151 1344 3557 1397 supervacanea

1989 1412 2280 1482 videntur;
2307 1417 2402 1472 sed
2431 1420 2753 1489 simpliciori
2780 1423 3005 1476 omnino
3027 1421 3323 1476 enarrandi
3348 1421 3562 1475 ratione

1992 1522 2125 1562 usus
2167 1524 2305 1562 sum.
2344 1508 2547 1564 Tamen
2588 1510 2905 1580 diligentius
2951 1528 3073 1584 qum
3123 1513 3190 1567 ad
3243 1511 3559 1582 dogmatum

1992 1597 2233 1651 rationes
2261 1598 2585 1666 spectabant
2615 1610 2844 1671 Quaeque
2873 1600 2929 1655 in
2968 1601 3260 1671 rapacibus
3290 1600 3564 1671 synedriis

1991 1691 2306 1745 acciderant
2367 1701 2599 1747 tractare
2649 1705 2815 1765 atque
2868 1695 3239 1764 multiplicare
3301 1695 3567 1764 quodam-

1994 1783 2157 1837 modo
2190 1785 2509 1854 repetundis
2543 1787 2850 1857 crebroque
2898 1788 3212 1843 intexendis
3252 1788 3415 1840 variis
3451 1801 3567 1840 mo~

1996 1873 2305 1943 bllihusque
2327 1876 2686 1931 consiliorum
2706 1878 3012 1932 rationibus
3032 1892 3253 1932 necesse
3278 1875 3530 1946 putabam
3551 1891 3575 1939 ί

1991 1969 2157 2022 etiam
2196 1968 2491 2023 observare
2520 1979 2631 2022 tum
2676 1969 2955 2038 quomodo
2983 1969 3432 2023 adversariorum
3459 1968 3569 2022 tela

1992 2057 2152 2113 facile
2199 2066 2422 2128 possent
2467 2058 2737 2113 retardari
2788 2069 2951 2129 atque
3001 2061 3215 2129 repelli,
3265 2070 3381 2113 tum
3429 2073 3567 2113 vero

1994 2149 2271 2219 quomodo
2302 2164 2399 2203 nos
2428 2148 2633 2205 nostris
2665 2150 2717 2203 in
2744 2152 2889 2220 ipsus
2923 2151 3046 2205 telis
3080 2151 3466 2219 percommode
3510 2159 3567 2205 et

1996 2248 2111 2294 tute
2139 2249 2442 2296 uteremur.
2473 2240 2606 2294 Nam
2654 2250 2715 2294 ut
2747 2240 2981 2295 militum
3026 2241 3195 2295 duces
3236 2239 3428 2294 oculos
3456 2254 3570 2293 non

1993 2330 2170 2386 solum
2204 2330 2258 2384 in
2293 2331 2582 2386 adversum
2614 2340 2830 2385 vertere
2872 2345 3094 2385 necesse
3116 2337 3219 2395 est,
3256 2328 3352 2386 sed
3399 2330 3569 2383 etiam

1994 2438 2023 2476 a
2058 2432 2208 2491 tergo
2237 2424 2439 2492 quippe
2470 2438 2579 2492 quo
2611 2423 2713 2476 tela
2743 2421 3017 2492 conjicere
3047 2430 3102 2476 et
3129 2436 3347 2475 omnem
3378 2421 3431 2473 in
3467 2435 3573 2472 nos

1996 2514 2182 2568 dolum
2216 2513 2502 2569 intendere
2535 2513 2869 2568 adversariis
2904 2512 3222 2569 facillimum
3253 2519 3421 2567 esset.
3455 2509 3563 2565 Sed

1995 2619 2175 2674 neque
2213 2620 2405 2659 eorum
2459 2605 2553 2675 qui
2606 2619 2895 2661 sacrorum
2942 2603 3275 2673 scriptorum
3312 2602 3560 2657 consiliis

1990 2697 2183 2767 iuvare
2235 2711 2322 2751 me
2375 2697 2607 2751 antehac
2643 2696 2909 2763 solebant,
2947 2696 3089 2750 ullus
3149 2695 3282 2749 mihi
3336 2695 3556 2759 aderat,

1995 2803 2174 2857 neque
2243 2802 2459 2851 eorum,
2498 2801 2636 2857 quos
2687 2801 2791 2841 una
2862 2801 3075 2840 mecum
3124 2783 3426 2854 dogmatica
3477 2782 3567 2836 illa

1996 2880 2294 2936 certamina
2323 2888 2380 2934 et
2405 2879 2633 2935 consilia
2666 2879 2951 2948 suscipere
2983 2879 3252 2947 Oportuit.
3289 2875 3445 2942 Quod
3478 2874 3565 2929 vel

1996 2976 2228 3029 maxime
2260 2973 2367 3027 hoc
2402 2980 2646 3042 tempore
2686 2982 2917 3041 questus
2951 2985 3071 3025 sum
3118 2976 3344 3038 propter
3380 2965 3570 3020 oculo-

1997 3081 2119 3119 rum
2171 3064 2449 3135 totiusque
2496 3064 2691 3133 capitis
2747 3062 3002 3117 morbum
3056 3070 3111 3116 ct
3155 3060 3334 3115 intimi
3396 3058 3563 3111 animi

319 3146 409 3199 θοῖ
434 3148 531 3202 καὶ
569 3151 718 3219 ἡμᾶς
764 3152 863 3222 οὐχ
916 3153 1067 3218 ὅπως
1117 3155 1221 3225 πρὸ
1262 3156 1560 3227 ὀφθαλμῶν
1592 3156 1738 3227 ἔχειν
1766 3159 1893 3221 τοὺς

1998 3156 2419 3213 sollicitudines.
2447 3152 2602 3227 133
2626 3156 3041 3210 Praatermittam
3073 3154 3221 3208 enim
3254 3151 3398 3223 quod
3429 3150 3564 3204 mihi

318 3236 657 3306 ὀφθαλμοὺς,
687 3239 824 3294 ἀλλά
854 3243 990 3295 κάπὶ
1016 3244 1127 3297 τῶν
1163 3245 1515 3315 μεταφρένων
1542 3245 1646 3316 δπη
1679 3263 1740 3299 τε
1767 3247 1893 3315 βάλ-

316 3324 438 3377 λειν
467 3318 1001 3397 εὐχερέστερόν’πως
1044 3331 1124 3401 τῷ
1162 3332 1360 3403 ἐχθρῷ,
1394 3333 1489 3385 καὶ
1520 3333 1625 3402 ὅπη
1657 3334 1892 3404 μάλιστα

319 3417 424 3484 τὴν
454 3417 581 3488 ὅλην
636 3420 763 3473 καθ’
798 3421 955 3490 ἡμῶν
986 3423 1232 3477 ἐπίνοιαν
1267 3423 1331 3496 [ί.
1362 3426 1461 3479 ίῖῚ
1490 3425 1547 3497 α]
1582 3429 1610 3480 ὁ
1637 3427 1892 3496 πολέμιος

320 3509 508 3577 ἐκχεῖν
543 3511 848 3578 ἐπείγεται.
889 3512 1031 3567 Ἀλλ’
1078 3514 1191 3569 οὔτ’
1220 3516 1393 3580 οὐδεὶς
1427 3516 1550 3585 ἐμοὶ
1588 3519 1892 3587 τηνικαῦτα

322 3600 509 3668 παρῆν
561 3594 641 3662 οἷς
685 3603 843 3656 εῖωθε
898 3606 1029 3673 πρὶν
1071 3608 1191 3670 ταῖς
1235 3608 1345 3660 τῶν
1379 3611 1725 3680 γραμμάτων
1757 3613 1893 3680 ἡμῖν

320 3692 717 3761 ὑπηρετεῖσθαι
760 3695 1219 3767 ὑπαγορεύσεσιν,
1265 3698 1389 3752 οὗτε
1446 3704 1555 3771 μὴν
1607 3701 1785 3764 οὐδεὶς
1831 3702 1894 3755 τὸ

320 3782 592 3851 παράπαν
624 3778 706 3846 οἷς
759 3785 925 3855 ἐχρῆν
976 3788 1088 3839 τῶν
1119 3788 1467 3855 δογματικῶν
1511 3788 1717 3843 τούτων
1746 3790 1895 3858 ἁγώ-

320 3892 431 3926 νων
487 3892 547 3928 τε
599 3876 693 3928 καὶ
741 3875 1130 3945 βουλευμάτων
1175 3878 1301 3947 ἐμοὶ
1361 3880 1742 3948 συναίρεσθαι,
1801 3881 1896 3934 καὶ

325 3968 568 4037 μάλιστα
597 3969 692 4022 νῦν
731 3971 1042 4039 ὀφθαλμοὺς
1078 3971 1172 4026 καὶ
1212 3972 1342 4040 ὃλην
1371 3971 1598 4040 ἀλγοῦσι
1652 3975 1895 4044 κεφαλὴν

323 4063 426 4115 καὶ
470 4063 601 4131 ὃλην
641 4063 965 4132 ἀνιωμένοις
1010 4063 1257 4133 καρδίαν.
1294 4064 1404 4119 Ἐὦ
1445 4065 1554 4135 γάρ
1600 4065 1781 4133 λέγειν
1821 4065 1896 4129 ώς

324 4157 413 4208 διὰ
446 4155 507 4207 τὸ
535 4155 801 4223 αἰφνίδιον
827 4156 925 4226 τῆς
948 4157 1172 4226 εἱρκτῆς
1202 4156 1311 4210 οὐδ’
1344 4158 1523 4225 εὐφυᾶ
1543 4176 1665 4213 τινα
1688 4160 1897 4231 χάρτην

326 4252 475 4317 ἔχειν
506 4248 633 4316 ἐμοὶ
666 4248 965 4314 τηνικαῦτα
1005 4249 1305 4319 τετύχηκεν
1350 4252 1430 4313 είς
1476 4268 1536 4303 τε
1565 4252 1898 4320 ἀποχρῶσαν

325 4342 602 4411 ὑποδοχὴν
631 4342 912 4396 συλλαϐῶν
948 4342 1042 4395 καὶ
1070 4342 1297 4411 γραφῶν
1331 4344 1688 4397 πολυπλόκων
1715 4361 1775 4396 τε
1803 4344 1897 4398 καὶ

326 4435 713 4499 παντοδαπῶν,
761 4436 854 4488 καὶ
905 4436 1021 4503 ἅμα
1069 4436 1336 4507 ἁρμονίαν
1383 4436 1498 4498 τοῖς
1551 4436 1900 4505 δογματικοῖς

1999 3249 2092 3320 qui
2130 3248 2429 3318 improviso
2461 3248 2515 3303 in
2551 3246 2854 3303 custodiam
2883 3245 3081 3300 ductus
3110 3259 3286 3315 essent
3319 3243 3566 3298 nancisci

1999 3358 2107 3397 non
2155 3342 2309 3397 licuit
2354 3341 2553 3395 bonam
2604 3337 2871 3403 chartam,
2923 3338 3106 3407 itaque
3140 3335 3255 3390 istis
3299 3335 3355 3390 in
3401 3334 3569 3390 undis

1999 3433 2353 3490 vehementer
2395 3431 2790 3487 ﬂuctuantibus
2839 3426 3084 3499 mihique
3115 3426 3569 3497 obstrepentibus

1999 3542 2071 3582 ne
2107 3542 2277 3596 pauca
2321 3524 2542 3596 quidem
2576 3539 2672 3580 ore
2706 3523 3074 3595 pronuntiare.
3094 3520 3226 3574 mihi
3263 3519 3440 3586 licuit,
3470 3519 3566 3573 sed

2001 3629 2063 3674 ut
2109 3619 2347 3690 linguam
2392 3631 2793 3688 compescerem
2832 3624 2887 3670 ct
2935 3629 3156 3683 exspem
3205 3612 3567 3683 Endymionis

2000 3726 2196 3767 somno
2225 3725 2315 3765 me
2352 3710 2539 3764 darent
2586 3707 2913 3763 necessitate
2940 3714 3166 3762 coactus
3199 3720 3370 3758 eram.
3410 3705 3566 3770 Qttml

2003 3814 2183 3859 tamen
2209 3817 2550 3872 nequaquam
2574 3817 2715 3870 :egre
2746 3800 2986 3853 tulissem
3014 3798 3059 3852 si
3085 3798 3214 3850 mihi
3240 3813 3347 3851 non
3379 3812 3573 3849 veren-

2002 3897 2133 3950 dum
2163 3895 2355 3949 fuisset
2388 3908 2457 3947 ne
2496 3893 2669 3963 pietas
2703 3906 2824 3945 mea
2859 3890 3187 3944 obrueretur
3229 3889 3572 3942 criminatio-

2001 3986 2168 4040 nibus
2197 3984 2500 4039 inﬁdeiium
2534 3981 2886 4052 impudenter
2904 3980 3064 4035 nobis
3098 3980 3339 4049 ipsorum
3374 3981 3571 4048 impro-

2002 4077 2228 4132 bitatem
2281 4074 2670 4144 appiieantium
2700 4092 2714 4138 ;
2747 4087 2915 4141 porro
2970 4071 3014 4127 si
3058 4087 3157 4140 pro
3197 4071 3398 4124 misero
3446 4086 3568 4124 meo

2002 4182 2233 4239 corpore
2278 4167 2440 4222 linem
2488 4164 2736 4222 laborum
2766 4181 2864 4235 pro
2900 4166 3080 4219 anima
3109 4179 3227 4218 mea
3274 4165 3567 4219 immortaii

2004 4260 2584 4317 certamen-ultimum
2635 4260 2951 4328 prospicere
2990 4258 3311 4327 potuissem.
3360 4255 3464 4309 Sed
3520 4259 3566 4310 si

2004 4370 2153 4424 spem
2185 4352 2381 4407 fallunt
2409 4361 2638 4407 eventus
2666 4358 2721 4405 et
2764 4350 2888 4420 iuga
2932 4350 3176 4403 laborum
3211 4348 3451 4417 iniquior
3483 4359 3568 4402 est

2006 4446 2139 4517 ipsis
2163 4445 2463 4507 laboribus,
2484 4445 2663 4498 inanis
2682 4452 2765 4497 est
2788 4441 3048 4511 splendor
3068 4443 3566 4510 exspectationum,

328 4530 720 4598 προσήκουσαν
788 4529 1207 4598 ἀγωνίσμασιν·
1259 4528 1400 4583 ὥστε
1471 4529 1567 4581 καὶ
1623 4527 1894 4583 τοσούτων

2002 4538 2183 4592 inanis
2216 4535 2411 4589 ﬁducia
2446 4536 2501 4588 in
2534 4533 2775 4589 ferendis
2806 4534 3106 4588 laboribus.
3145 4532 3323 4598 Quare
3357 4533 3573 4600 scapha:

324 4621 735 4692 περιρρεόντων
764 4619 957 4690 ῥοθίων
979 4621 1111 4689 ἡμῖν
1137 4619 1368 4690 σφοδρόν
1395 4636 1456 4673 τε
1486 4619 1773 4673 οίδούντων
1799 4620 1896 4673 καὶ

325 4714 477 4783 μάλα
508 4710 853 4781 ἀντίπρωρον
884 4712 1019 4781 ἡμῖν
1047 4711 1503 4780 ἐπενηνεγμένων
1534 4710 1631 4780 τὴν
1662 4711 1898 4777 κίνησιν,

320 4808 382 4868 ἐς
406 4805 656 4872 ἀνάγκας
701 4804 1022 4858 ἐλαύνεσθαι
1065 4800 1134 4875 ἦν
1169 4804 1291 4858 οὐδὲ
1332 4804 1506 4873 μικρά
1562 4820 1684 4858 τινα
1711 4803 1899 4867 ἁπλῶς

328 4898 651 4967 φράσαντας
686 4898 812 4966 σιγῇ
858 4912 918 4948 τε
946 4896 1042 4966 τὴν
1076 4896 1322 4963 γλῶτταν
1351 4896 1711 4949 κατακλεῖσαι
1747 4895 1896 4963 ἑξῆς,

328 4989 427 5043 καὶ
456 4990 549 5042 τὸν
596 4988 958 5056 Ἐνδυμίωνος
987 4988 1047 5052 ἐξ
1089 4988 1455 5055 ἀπογνώσεως
1496 4986 1662 5040 ὕπνον
1705 4986 1905 5040 καθεύ-

328 5083 461 5138 δειν.
507 5080 671 5133 Ἀλλά
709 5080 855 5133 τοῦτ’
892 5079 1022 5143 ἴσως
1046 5076 1115 5149 ἦν
1143 5080 1209 5133 ἀν
1235 5096 1351 5143 πως
1382 5080 1681 5150 εὐπρεπὲς,
1718 5081 1767 5132 εἰ
1801 5096 1905 5148 μη-

328 5172 421 5225 δὲν
458 5188 514 5223 τι
565 5172 802 5240 πρᾶγμα
843 5165 914 5240 ἦν
962 5171 1135 5240 δήπου
1183 5169 1566 5224 διαϐάλλεσθαι
1611 5169 1746 5237 πρὸς
1795 5168 1904 5223 τῶν

330 5264 641 5327 κακοδόξων
694 5264 793 5331 τὴν
843 5263 1121 5333 ἡμετέραν
1169 5262 1474 5326 εὐσέϐειαν,
1522 5261 1756 5322 ἀναιδῶς
1808 5261 1902 5313 οό-

328 5358 467 5409 τωσὶ
521 5355 620 5425 τὴν
666 5355 937 5425 σφετέραν
994 5354 1440 5424 περιτρεπόντων
1500 5352 1700 5405 κακίαν
1745 5352 1899 5422 ἡμῖν,

331 5450 428 5502 καλ⁵
481 5448 660 5509 ἄλλως
710 5448 759 5499 εί
807 5446 937 5516 περὶ
987 5446 1147 5514 σῶμα
1186 5446 1373 5514 γήινον
1414 5439 1483 5515 ἦν
1521 5444 1584 5497 τὸ
1624 5442 1777 5507 τέλος
1807 5443 1905 5513 τῆς

338 5543 521 5612 μάχης
574 5541 705 5610 ὁρᾷν
755 5539 850 5592 καὶ
892 5540 1096 5609 ἥκιστα
1125 5538 1214 5591 τόν
1245 5554 1307 5605 γε
1336 5538 1466 5607 περὶ
1496 5538 1595 5605 τῆς
1631 5535 1903 5589 ἀθανάτου

333 5634 516 5704 ψυχῆς
548 5631 915 5698 ἀγωνίζεσθαι
944 5631 1165 5700 δρόμον.
1206 5631 1381 5681 Ὅπου
1408 5628 1465 5681 δὲ
1493 5627 1604 5680 τῶν
1639 5644 1697 5679 τε
1738 5626 1906 5679 ὲλπί-

336 5727 442 5778 δων
481 5725 546 5777 τὸ
597 5723 771 5792 πέρας
810 5723 954 5777 κατά
983 5723 1082 5785 τὰς
1123 5721 1347 5783 ἐλπίδας
1379 5720 1479 5773 οὐκ
1518 5718 1583 5771 ἂν
1617 5717 1904 5789 ἀπαντῴη,

338 5821 430 5875 καὶ.
468 5819 572 5890 τὴν
605 5816 780 5888 φυγὴν
822 5816 915 5871 τοῦ
960 5813 1145 5878 κακῶς
1195 5814 1386 5867 παθεῖν
1436 5812 1647 5880 ἐφόδιον
1678 5810 1772 5864 τοῦ
1806 5828 1903 5864 κα-

2003 4626 2284 4697 pmclaris
2343 4624 2846 4694 exspectationibus
2904 4634 3144 4679 onerata:
3202 4624 3408 4679 clarum
3458 4622 3569 4675 Deo

2004 4720 2201 4776 tradidi
2232 4734 2331 4790 pro
2374 4734 2484 4790 quo
2523 4720 2701 4786 ipsum
2734 4731 2956 4771 cursum
3005 4716 3374 4777 institueram,
3406 4715 3571 4782 eique

2004 4809 2227 4881 permisi
2249 4809 2415 4863 etiam
2450 4807 2773 4877 graphium;
2804 4820 2913 4875 quo
2938 4805 3140 4859 factum
3176 4815 3257 4857 est
3286 4810 3344 4857 ut
3377 4812 3574 4871 praeter

2004 4915 2225 4956 omnem
2253 4899 2570 4969 opinionem
2601 4898 2831 4966 plurima
2856 4897 3009 4952 brevi
3036 4907 3280 4964 tempore
3313 4894 3573 4962 prmclare

2005 4993 2253 5048 confecta
2288 4990 2544 5045 viderim.
2578 4990 2768 5059 Neque
2812 4988 3011 5043 deinde
3044 4988 3158 5042 hare
3197 4985 3429 5053 amplius
3474 5000 3575 5037 eu-

2006 5085 2124 5139 ravi
2155 5084 2249 5139 scd
2286 5082 2362 5137 uti
2397 5082 2643 5137 confecta
2674 5088 2803 5135 sunt
2835 5080 2889 5133 in
2938 5079 3116 5132 medio
3147 5078 3367 5145 reliqui.
3404 5077 3576 5129 Νῖιιιῐ-

2008 5188 2129 5227 rum
2175 5172 2321 5242 quod
2379 5173 2523 5226 inter
2569 5171 2718 5225 viros
2761 5168 3198 5238 sapientissimos
3244 5175 3481 5229 constat,
3522 5176 3580 5218 ut

2007 5272 2218 5319 statuas
2234 5262 2515 5331 pulchras,
2542 5261 2612 5314 ita
2633 5273 2851 5329 quoque
2876 5275 2996 5327 quas
3020 5268 3275 5312 accurate
3296 5256 3582 5311 cilicienda
3619 5244 3621 5246 ’

2008 5354 2118 5408 sint
2162 5355 2365 5421 scripta
2413 5351 2651 5407 secunda
2695 5367 2759 5405 ac
2808 5352 2965 5404 tertia
3019 5366 3181 5405 manu
3235 5348 3579 5405 retractanda

2008 5460 2131 5500 esse
2183 5458 2291 5497 non
2334 5442 2590 5498 dilliteor.
2654 5441 2813 5512 134
2873 5442 2979 5497 Sed
3036 5454 3161 5497 eum
3216 5443 3351 5496 mihi
3403 5453 3581 5507 neque

2012 5537 2147 5592 satis
2180 5545 2329 5592 esset
2373 5535 2658 5603 temporis,
2709 5550 2888 5604 neque
2919 5536 3087 5590 ullum
3139 5536 3385 5605 quietum
3435 5532 3585 5585 hora:

2012 5637 2373 5693 momentum,
2399 5641 2508 5695 quo
2536 5628 2753 5693 quidem
2776 5627 2947 5695 prima
2976 5640 3135 5681 manu
3161 5628 3223 5681 ad
3254 5623 3582 5680 sententiam

2016 5736 2189 5776 meam
2220 5730 2425 5782 uterer,
2457 5719 2734 5788 quomodo
2768 5721 2862 5788 qui
2900 5721 2951 5773 in
2986 5721 3150 5774 tantis
3190 5732 3371 5771 rerum
3408 5715 3585 5769 turbis

2015 5829 2076 5868 ac
2108 5811 2349 5869 motibus
2382 5811 2669 5867 demersus
2693 5825 2872 5867 essem
2905 5820 2960 5866 et
2988 5810 3079 5879 qui
3115 5809 3380 5864 continuo
3412 5808 3587 5878 magis

3116 5930 3145 5955 ό
