4070 6326
528 393 631 461 115
1707 403 2133 468 NICEPHORI
2172 405 2564 469 GREGORE

483 523 494 534 ·
523 523 687 614 quam
713 507 922 567 Tantali
947 512 1186 584 lapidem
1209 527 1598 587 persecutores
1623 517 1692 573 ad
1717 518 1860 574 fores
1883 519 2104 576 assidue

2222 523 2325 599 κῶς
2376 525 2574 578 παθεῖν
2624 524 2988 597 περιγίνεται,
3033 525 3264 596 μάταιος
3305 524 3402 595 μέν
3432 523 3464 595 ή
3496 523 3604 577 τῶν
3634 524 3789 576 ἑλπί-

519 599 822 690 assidentes
860 613 917 659 et
953 605 1169 676 singula
1215 623 1449 680 qumque
1505 610 1982 681 impudentissime
2016 613 2101 668 in-

2222 615 2312 669 ἴων
2367 617 2666 686 πρόφασις,
2703 617 2938 688 μάταιος
2965 618 3010 672 δ’
3043 621 3075 690 ἠ
3125 618 3261 689 προς
3307 617 3370 670 τὸ
3401 618 3585 669 πονεῖν
3620 615 3790 686 ρᾳθυ-

523 689 789 760 dagantes
812 695 1086 763 timerem,
1107 699 1272 755 etiam
1294 704 1454 757 tertia
1481 717 1641 756 manu
1667 702 1734 757 ad
1753 703 2102 759 retractanda

2222 705 2332 759 aia.
2364 707 2455 758 Διδ
2500 706 2579 777 τῷ
2623 708 2770 778 μόνῳ
2819 707 2941 780 Θεῷ
2972 689 3069 762 τοῦ
3122 708 3231 761 τῶν
3266 704 3505 774 εὐγενῶν
3552 704 3788 756 ἐλπίδων

523 784 729 854 scripta
787 787 962 844 libere
1016 791 1094 846 uti
1157 793 1470 862 potuerim?
1525 795 1706 860 Quare
1763 794 1816 850 in
1880 797 2103 865 scriptis

2222 796 2468 865 {épOV‘t0;
2515 797 2758 864 σκάφους
2805 797 2935 862 τοὺς
2981 799 3176 860 οἴακας
3209 798 3612 868 θαρρήσαντες,
3643 793 3789 856 ὑπὲρ

526 885 809 948 utcunque
829 897 859 936 ο
885 883 1059 951 prima
1088 900 1251 940 manu
1280 887 1607 956 prodierunt
1645 888 1897 959 acquievi
1929 887 2103 942 fretus

2222 887 2266 940 ›ῦ
2301 887 2398 942 καὶ
2450 887 2543 941 τὸν
2572 888 2742 943 πλοῦν
2777 889 3017 956 ἀνύομεν
3067 889 3240 953 τόνδε,
3282 893 3378 942 καὶ
3422 887 3590 957 μόνην
3635 884 3789 952 αὐτῷ

525 970 624 1026 Dei
656 987 818 1029 manu
850 975 1136 1046 adjutrice.

2222 979 2306 1048 τὴν
2337 979 2494 1049 χεῖρα
2531 979 2672 1049 μετὰ
2698 981 2797 1047 τῆς
2829 981 3091 1052 γραφίδος
3119 982 3448 1051 χρήσαντες,
3467 978 3793 1048 εὐχερέστε-

530 1068 682 1139 ρονῆ
725 1072 868 1126 κατά
903 1076 1086 1130 πᾶσαν
1117 1077 1453 1147 προσδοκίαν
1497 1078 1558 1131 τδ
1627 1077 1813 1131 πλεῖον
1859 1078 1916 1130 ἐν
1986 1076 2181 1147 βραχεῖ
2216 1075 2316 1144 τῆς
2341 1076 2471 1146 ὅλης
2505 1077 2742 1147 σπουδῆς
2770 1077 3020 1131 τελεσθὲν
3047 1077 3385 1151 τεθεάμεθα,
3413 1075 3654 1128 κᾶπειτα
3685 1089 3791 1142 μη·-

524 1160 616 1215 δὲν
663 1163 889 1238 μηδαμῆ
947 1167 1606 1244 πολυπραγμονήσαντες,
1639 1170 1784 1242 ἔχειν
1817 1169 1894 1233 ὡς
1948 1169 2106 1240 ἔσχεν
2144 1169 2464 1238 ἀφήκαμεν,
2495 1169 2592 1224 καὶ
2636 1171 2828 1238 ταῦτα,
2892 1171 3144 1242 καθάπερ
3203 1169 3312 1225 τῶν
3343 1167 3678 1238 ἀγαλμάτων
3720 1164 3789 1217 τὰ

522 1258 807 1329 κάλλιστα,
872 1264 1016 1319 οὕτω
1059 1268 1122 1338 δὴ
1163 1270 1256 1322 καὶ
1325 1270 1453 1332 τοὺς
1506 1268 1578 1324 δι’
1637 1267 1924 1339 ἀκριϐείας
1970 1267 2164 1334 λόγους
2215 1266 2445 1337 δευτέρᾳ
2495 1267 2591 1321 καὶ
2645 1267 2805 1340 τρίτῃ
2837 1269 2980 1340 χειρὶ
3028 1268 3229 1339 χρῆναι
3278 1263 3644 1321 καθίστασθαι
3680 1262 3792 1314 τῶν

525 1351 813 1418 βελτιόνων
862 1359 1045 1427 σοφῶν
1085 1362 1517 1430 παραινούντων.
1576 1362 1722 1415 Ἀλλ’
1761 1363 1897 1432 ἡμῖν
1927 1376 1990 1428 γε
2031 1358 2095 1429 δὴ
2139 1357 2270 1430 μήθ’
2299 1358 2435 1422 ὅλως
2459 1359 2578 1414 ὅλον
2619 1359 2803 1432 έχουσι
2857 1360 3044 1429 καιρὸν
3088 1363 3144 1424 ές
3187 1361 3326 1425 δέον,
3349 1357 3424 1422 ῶς
3452 1375 3516 1426 γε
3553 1356 3793 1425 ἔφαμεν.

523 1445 664 1515 μήτε
724 1448 832 1520 μὴν
883 1451 1004 1506 οὐδὲ
1061 1453 1238 1524 βραχύ
1293 1474 1344 1509 τι
1397 1457 1560 1526 μέρος
1631 1454 1782 1525 ὥρας
1833 1452 2129 1523 ἀκλόνητον
2170 1451 2306 1522 μηδὲ
2353 1454 2420 1522 τῇ
2480 1453 2676 1524 πρώτῃ
2723 1453 2854 1522 γοῦν
2930 1455 3078 1525 χειρὶ
3130 1453 3270 1506 κατά
3311 1452 3372 1506 τὸ
3423 1452 3520 1519 τῆς
3563 1447 3796 1518 γνώμης

523 1536 847 1610 βουλόμενον
877 1545 1184 1616 χρήσασθαι
1215 1549 1364 1621 (πῶς
1405 1549 1514 1620 γὰρ
1548 1543 1631 1612 οἷς
1665 1546 1940 1610 τοσούτοις
1977 1543 2362 1599 κεκυκλῶσθαι
2392 1544 2686 1616 Κύκλωψιν
2727 1547 2874 1618 ἐνῆν,
2915 1547 3008 1600 καὶ
3045 1541 3132 1610 οἷς
3164 1547 3310 1616 μάλα
3344 1545 3548 1615 μᾶλλον
3572 1542 3606 1612 ἢ
3647 1542 3795 1594 Ταν-

519 1630 738 1687 τάλειον
788 1638 952 1705 φάναι
1004 1640 1149 1693 λίθον
1209 1642 1338 1711 ἑξῆν
1405 1642 1495 1697 ἀεὶ
1558 1639 1874 1714 περιφανῶς
1939 1638 2170 1692 δεδιέναι
2208 1639 2336 1702 τοίλς
2367 1639 2454 1691 ἀεὶ
2480 1639 2586 1710 πρὸ
2616 1639 2798 1710 θυρῶν
2832 1639 3223 1710 ἐφεδρεύοντάς
3260 1657 3320 1692 τε
3347 1639 3442 1693 καὶ
3473 1634 3672 1690 ἅπαντ’
3706 1634 3797 1686 ἀεὶ

522 1729 675 1799 τάμὰ
705 1732 894 1797 δεινῶς
941 1753 1002 1789 τε
1037 1738 1132 1791 καὶ
1181 1738 1391 1809 ίταμῶς
1436 1737 1901 1810 ἀνιχνεύοντας;)
1937 1733 2101 1806 σχολῇ
2143 1734 2199 1802 γ’
2231 1734 2296 1788 ἂν
2329 1735 2458 1806 ἄχρι
2507 1737 2601 1791 καὶ
2671 1738 2729 1801 ἐς
2797 1739 2992 1809 τρίτην
3044 1738 3182 1791 ίέναι
3236 1736 3422 1806 χειρὸς
3461 1733 3800 1800 αὐτονομου-

3684 403 3791 471 116

527 1826 699 1898 μένην
746 1830 981 1900 ζήτησιν
1015 1834 1126 1905 εἴη.
1208 1835 1302 1889 Διὸ
1346 1837 1441 1891 καὶ
1491 1838 1746 1906 στέργειν
1804 1835 1953 1896 ὅπως
2011 1831 2142 1884 ποτὲ
2181 1831 2581 1904 ἠναγκάσμεθα
2646 1836 2714 1906 τῇ
2748 1834 2944 1908 πρώτῃ
2963 1835 3055 1887 καὶ
3099 1832 3174 1897 ῶς
3197 1833 3387 1902 ἔτυχεν
3415 1828 3616 1900 ἐχούσῃ
3648 1825 3801 1898 χειρὶ

523 1922 618 1978 τοῦ
645 1925 713 1979 τὰ
746 1929 996 2002 ἡμέτερα
1036 1933 1531 2005 πηδαλιουχοῦντος
1561 1934 1723 1990 Θεοῦ.
3321 1917 3324 1921 Α

595 2019 684 2076 Vl.
725 2020 1093 2095 Quadraginta
1136 2027 1334 2084 diebus
1361 2029 1863 2100 postAgathangeli
1892 2027 2104 2082 disces-

2279 2022 2372 2088 ς’.
2407 2022 3011 2094 Τεσσαρακονθημέρου
3055 2021 3101 2074 δ’
3131 2019 3234 2090 ἤδη
3293 2017 3388 2072 τὸν
3425 2013 3635 2088 μεταξῦ
3692 2016 3798 2085 τῆς

523 2127 645 2167 sum
675 2117 1068 2187 prmterlapsis.
1106 2135 1230 2176 sera
1273 2131 1435 2177 nocte
1460 2137 1558 2194 per
1586 2125 1808 2176 domum
1839 2119 2107 2190 posticam

525 2204 819 2274 strepitum
857 2207 1151 2276 quemdam
1202 2211 1472 2280 percipio.
1515 2210 1582 2265 Et
1635 2210 1862 2280 quidem
1910 2206 2110 2262 accidit

525 2304 590 2348 ut
615 2310 724 2349 nox
755 2296 916 2352 initio
940 2299 1177 2354 obscura
1205 2310 1374 2356 esset.
1398 2301 1531 2357 Nam
1562 2311 1685 2372 post
1715 2299 2108 2371 plenilunium,

527 2400 654 2439 cum
693 2387 821 2440 luna
861 2388 927 2441 ad
964 2389 1119 2444 orbis
1156 2391 1538 2446 lustrationem
1585 2406 1616 2446 e
1668 2399 1859 2445 centro
1907 2389 2106 2444 iterum

525 2477 766 2543 excedit,
787 2480 965 2550 prima
999 2491 1156 2538 nocte
1188 2483 1367 2538 lucem
1398 2483 1451 2536 in
1484 2493 1680 2538 terram
1710 2496 1818 2535 non
1848 2480 2108 2535 demittit.

525 2568 643 2624 Jam
680 2586 780 2641 ego
810 2574 1078 2630 accedens
1132 2586 1318 2630 notam
1371 2574 1519 2629 illam
1571 2559 1788 2644 portam
1834 2574 2020 2642 aperio
2053 2579 2111 2626 et

527 2675 656 2714 cum
691 2663 913 2718 silentio
949 2665 1382 2736 Agatbangclum
1405 2665 1630 2735 recipio,
1651 2665 1744 2735 qui
1773 2679 2114 2733 quaecunque

528 2751 786 2806 mandata
826 2767 985 2810 erant
1017 2755 1157 2811 bene
1182 2766 1238 2811 et
1273 2771 1339 2810 ex
1372 2765 1559 2826 Optato
1591 2755 1922 2824 perfecerat,
1947 2769 2117 2823 expo-

530 2857 738 2912 suerat,
756 2857 1162 2917 apportaverat.
1183 2848 1448 2919 Equidem
1473 2849 1602 2904 dum
1627 2849 1776 2902 hunc
1801 2848 1988 2902 labore
2017 2846 2116 2900 de-

526 2937 731 2992 fessum
747 2939 969 3010 jamque
986 2940 1261 2996 interdum
1283 2951 1431 2997 metu
1457 2942 1836 3010 perturbatum
1854 2942 1918 2995 ad
1941 2939 2116 3009 respi-

528 3031 761 3085 randum
783 3029 959 3085 locum
979 3047 1043 3086 ac
1060 3041 1273 3102 tempus
1295 3032 1398 3088 sibi
1413 3048 1630 3087 sumere
1649 3033 1770 3088 volo
1786 3048 1936 3103 θείη(
1951 3032 2116 3085 Isme-

528 3120 638 3175 niae
663 3120 776 3188 isti,
793 3122 1526 3194 charissimaAgatbangele,
1546 3123 1886 3194 resipiscenti
1901 3138 2040 3192 saepe
2058 3123 2112 3177 iu

529 3219 773 3266 mentem
803 3213 958 3268 venit
995 3215 1177 3270 dicere
1207 3214 1394 3270 :Nunc
1418 3215 1591 3270 musis
1613 3231 1675 3270 ac
1697 3215 1830 3268 mihi
1859 3215 1959 3285 ipsi
1987 3230 2111 3269 car-

530 3319 658 3359 men
683 3305 946 3373 cantabo;
984 3315 1182 3363 etvere
1198 3315 1352 3378 grato
1378 3307 1646 3363 exanimo
1678 3306 1933 3370 canebat,
1978 3311 2105 3374 post

531 3401 842 3456 discessum
875 3412 1028 3456 tuum
1061 3419 1185 3460 cum
1246 3404 1490 3458 animum
1524 3418 1862 3458 recreassem
1895 3417 2018 3472 quze
2054 3403 2109 3455 in

529 3492 776 3548 Ecclesia
794 3504 851 3548 et
872 3495 925 3548 in
952 3495 1293 3566 vitapublica
1316 3496 1660 3560 acciderunt,
1685 3494 1902 3564 135m
1926 3494 2115 3549 decem

533 3583 694 3641 libris
713 3587 1040 3657 conscripsi,
1062 3588 1253 3657 bisque
1291 3589 1495 3642 librum
1517 3603 1696 3643 meum
1720 3589 1990 3642 universae
2031 3603 2117 3641 reo

536 3694 658 3733 rum
680 3678 1050 3735 Romanarum
1073 3680 1680 3751 historireamplificavi.
1699 3680 1889 3736 electis
1914 3680 1979 3734 iis
1996 3694 2119 3749 quae

535 3779 842 3825 memoratu
862 3770 1177 3834 (lignissima
1195 3783 1396 3828 suntet
1413 3788 1536 3844 quae
1561 3772 1722 3844 paulo
1739 3781 2033 3841 antequam
2060 3772 2116 3825 in

537 3867 846 3923 custodiam
875 3869 998 3923 veni
1023 3884 1121 3938 pro
1139 3880 1324 3925 sancta
1343 3869 1594 3926 doctrina
1610 3878 1798 3924 nostra
1821 3882 2118 3939 perpessus

539 3974 686 4014 sum.
716 3960 857 4027 Quid
888 3972 1078 4017 autem
1107 3961 1254 4016 aliud
1293 3961 1428 4017 viris
1460 3962 1806 4032 sapientibus
1843 3961 1937 4031 qui
1971 3962 2117 4032 ejus-

539 4051 687 4106 modi
707 4053 760 4106 in
781 4053 1100 4108 conditione
1114 4064 1406 4110 versantur
1426 4055 1598 4123 magis
1617 4053 1930 4116 conveniat,
1952 4067 2116 4122 quam

538 4143 608 4198 ad
631 4143 1007 4215 hujuscemodi
1031 4160 1118 4199 res
1135 4146 1337 4200 mentis
1355 4144 1689 4214 applicatio?
1711 4142 1813 4208 Qui
1833 4144 1888 4197 in
1909 4145 2019 4198 vita
2039 4145 2119 4198 la-

539 4235 712 4290 bores
748 4237 988 4291 subcunt
1016 4237 1085 4291 ad
1120 4237 1391 4291 incertum
1433 4236 1649 4301 lucrum
1676 4234 2008 4304 divitiasque
2033 4235 2118 4290 in-

541 4329 1162 4399 tenti,fquotiescunque
1189 4329 1244 4383 in
1277 4330 1562 4399 angustias
1584 4327 1858 4391 incidunt,
1882 4328 2120 4383 libenter

542 4421 780 4476 tolerant
811 4437 911 4491 spe
961 4423 1232 4476 bonorum
1271 4419 1587 4476 sustentati.
1622 4419 1735 4474 lloc
1767 4421 1930 4476 modo
1978 4421 2108 4476 olim

541 4511 797 4575 hornines
817 4512 1076 4582 deceptos
1096 4511 1354 4566 audimus
1377 4512 1668 4567 cantilenis
1694 4513 1971 4577 Sirenum,
2000 4527 2121 4582 quae

542 4605 865 4674 dulcissima
902 4621 1038 4660 voce
1081 4621 1247 4660 aures
1295 4605 1573 4674 implendo
1619 4613 1676 4660 et
1724 4605 2118 4675 permulcendo

2212 2113 2479 2185 ἐκδημίας
2527 2113 2937 2183 Ἀγαθαγγέλου
2966 2110 3370 2182 διαμετρούσης
3405 2109 3622 2182 χρόνον,
3653 2109 3787 2178 ήνίκ

2210 2205 2309 2276 ὀψὲ
2359 2206 2461 2275 τῆς
2486 2205 2812 2270 τελευταίας
2839 2205 2903 2277 [ί.
2939 2206 3040 2261 127
3071 2203 3123 2276 b]
3162 2204 3378 2275 ἡμέρας
3423 2203 3655 2270 γένοιτο,
3692 2201 3802 2270 ψό-

2213 2316 2316 2367 φου
2359 2299 2504 2362 τινὸς
2534 2301 2675 2355 κατὰ
2722 2301 2813 2354 τὸν
2842 2299 3204 2368 ὀπισθόδομον
3251 2295 3538 2350 αἰσθέσθαι
3576 2312 3666 2362 μοι
3703 2295 3796 2362 γί-

2213 2409 2387 2454 νεται,
2448 2393 2547 2461 τῆς
2604 2409 2668 2462 γε
2730 2393 3036 2462 τηνικαῦτα
3101 2391 3296 2453 νυκτὸς
3357 2391 3422 2440 ὲκ
3485 2387 3794 2457 προοιμίων

2213 2484 2493 2553 ἀφεγγοῦς
2517 2485 2875 2556 ὑπαρχούσης
2901 2502 2915 2516 ·
2954 2481 3094 2554 μετά
3146 2485 3254 2553 γὰρ
3288 2479 3626 2548 πανσέληνον
3653 2481 3797 2541 τέως

2213 2577 2272 2640 ἐς
2310 2576 2372 2630 τὸ
2420 2577 2700 2646 περίγειον
2749 2578 2845 2630 τοῦ
2873 2576 3073 2644 ἑαυτῆς
3103 2577 3136 2646 ὴ
3175 2575 3376 2643 σελήνη
3402 2571 3697 2641 ἐληλυθυῖα
3733 2572 3799 2622 ἐκ

2214 2671 2444 2741 κέντρου
2469 2671 2530 2722 1:5
2560 2669 2838 2738 δεύτερον,
2877 2667 2973 2721 καὶ⁵
2999 2666 3142 2720 κατά
3181 2665 3525 2734 τετράγωνον
3552 2661 3630 2730 τῷ
3660 2659 3802 2731 ἡλίῳ

2218 2764 2475 2834 γινομένη
2505 2761 2922 2834 σχηματισμὸν,
2959 2760 3022 2832 ού
3057 2758 3202 2830 μάλα
3233 2757 3601 2826 ἀκρονύκτους
3631 2755 3695 2820 τῇ
3724 2752 3797 2821 τῇ

2217 2857 2478 2927 παρέχειν
2502 2854 2756 2908 ἐϐούλετο
2802 2851 2899 2915 τὰς
2933 2851 3134 2920 αὐγὰς.
3166 2849 3275 2901 Καὶ
3301 2848 3417 2915 ἃμα
3449 2844 3652 2913 σπουδῇ
3689 2862 3800 2897 πα-

2217 2946 2351 3020 ριὼν
2399 2948 2533 3016 ἐγὼ,
2587 2946 2683 2999 καὶ
2739 2946 2837 3014 τὴν
2899 2943 3104 3012 συνήθη
3169 2938 3363 2994 πυλίδα
3419 2936 3802 3001 ἀναπετάσας,
3885 2929 3888 2933 ’

2214 3040 2398 3112 ἡσυχῆ
2431 3039 2523 3093 τὸν
2568 3037 2970 3106 ’Δγαθάγγελον
3006 3032 3294 3104 ἐδεχόμην,
3331 3029 3368 3085 ἃ
3397 3031 3806 3097 ἐπιτέτραπται

2219 3133 2377 3190 πάντ’
2409 3135 2466 3196 ἔς
2495 3132 2612 3187 δέον
2642 3130 2738 3184 καὶ⁵
2769 3131 2915 3184 κατά
2943 3128 3000 3181 τὸ
3031 3126 3298 3194 ἀνάλογον
3344 3121 3673 3194 πεπραχότα
3704 3121 3806 3174 καὶ

2215 3226 2476 3297 εἰρηκότα
2516 3225 2612 3278 καὶ⁵
2656 3221 3016 3292 κεκομικότα.
3054 3220 3178 3272 Ἔτι
3221 3216 3404 3270 τοίνυν
3449 3215 3555 3268 ὑπό
3597 3231 3662 3283 γε
3702 3213 3801 3267 τοῦ

2223 3319 2425 3391 μόχθου
2477 3315 2572 3370 καὶ
2618 3315 2727 3375 τῶν
2773 3310 3214 3375 έπιπολαζόντων
3265 3308 3569 3380 τηνικαῦτα
3617 3307 3807 3376 φόϐων

2219 3409 2658 3481 τεθορυϐημένον
2715 3407 2926 3460 ἐκεῖνον
2969 3404 3029 3458 τὸ
3083 3402 3184 3472 τῆς
3227 3402 3405 3472 ψυχῆς
3446 3398 3805 3468 λογιζόμενον

2219 3505 2577 3561 διαναπαύειν
2615 3503 2821 3557 ἐθέλων
2869 3501 3001 3570 ἐγὼ,
3048 3499 3143 3552 καὶ
3187 3498 3384 3569 καιρὸν
3422 3499 3500 3560 είς
3534 3492 3804 3564 ἀνάψυξιν

2221 3598 2486 3669 παρέχειν
2552 3595 2866 3660 ὁντιναοῦν,
2919 3613 2938 3646 ι
2978 3594 3237 3669 -Ἱσμηνία
3309 3595 3444 3661 μὲν,
3534 3607 3552 3640 ι
3625 3588 3803 3658 ἔφην,

2226 3710 2245 3744 ι
2285 3663 2498 3760 ἐκείνῳ,
2534 3690 2758 3757 φίλτατε
2801 3663 3200 3754 Ἀγαθάγγελε,
3237 3684 3358 3737 καθ’
3407 3680 3600 3735 ἑαυτὸν
3659 3697 3805 3750 γινο-

2226 3784 2374 3852 μένῳ
2442 3779 2704 3842 πολλάκις
2732 3779 2911 3850 λέγειν
2937 3776 3114 3848 ἐπῄει,
3150 3802 3221 3814 —-
3242 3793 3261 3826 ι
3285 3772 3400 3826 Νῦν
3425 3773 3547 3834 ταῖς
3575 3771 3804 3840 μούσαις

2221 3875 2338 3948 ᾅσω
2369 3875 2464 3928 καὶ
2497 3870 2720 3943 ἐμαυτῷ
2746 3888 2760 3901 ·
2801 3889 2820 3923 ι
2860 3871 2955 3923 καὶ
2986 3863 3112 3938 ἦνή
3147 3866 3257 3937 ᾠδὴ
3289 3863 3646 3937 χαριστήριός
3677 3880 3760 3926 τις
3786 3879 3801 3894 ·

2221 3967 2348 4038 ἐμοὶ
2371 3967 2430 4021 δὲ
2452 3967 2575 4020 καθ’
2597 3965 2762 4021 αὐτὸν
2789 3962 3068 4032 γενομένῳ
3097 3959 3236 4030 μετά
3259 3959 3359 4028 τὴν
3386 3957 3486 4029 σὴν
3508 3955 3804 4026 ἐκδημίαν,

2222 4059 2400 4116 ὁπόσα
2447 4059 2560 4113 τῶν
2606 4058 2654 4112 τ’
2688 4053 3166 4125 ὲκκλησιαστικῶν
3207 4050 3344 4121 ὁμοῦ
3393 4050 3490 4104 καὶ
3525 4049 3806 4119 δημοσίων

2223 4153 2572 4226 πραγμάτων
2632 4150 2710 4222 τῷ
2763 4149 2944 4221 χρόνῳ
3003 4147 3241 4215 γένοιτο,
3307 4145 3432 4197 ὅσον
3491 4141 3658 4205 είκδς,
3711 4140 3807 4194 καὶ

2222 4251 2370 4318 ἡμᾶς
2395 4251 2454 4300 ὲν
2484 4247 2616 4300 δέκα
2641 4245 2822 4314 λόγοις
2865 4239 3190 4310 ἀναγράψαι
3221 4236 3414 4304 γέγονε
3451 4233 3547 4287 καὶ
3584 4235 3650 4303 τῇ
3681 4250 3810 4286 συν-

2223 4341 2343 4412 ήθει
2374 4340 2559 4392 δοῦναι
2604 4337 2704 4407 τῆς
2748 4335 2880 4405 ὅλης
2929 4331 3251 4400 Ῥωμαϊκῆς
3312 4328 3552 4396 ἱστορίας
3611 4327 3808 4394 ptas»,

2223 4432 2622 4502 ἐκλεξαμένους
2652 4429 2721 4480 τὰ
2763 4424 3102 4494 καιριώτερα
3149 4414 3225 4475 ὧν
3255 4438 3314 4472 τε
3350 4416 3486 4490 μετά
3519 4421 3622 4486 τὴν
3663 4417 3810 4487 ἐμὴν

2225 4521 2310 4585 δὶς
2340 4521 2506 4581 αὐτὸς
2552 4514 2974 4585 ἐπιδεδημηκὼς
3020 4513 3294 4582 αφηγήσω
3346 4505 3652 4576 κάθειρξιν,
3699 4509 3798 4560 καὶ

2223 4608 2301 4669 ὧν
2331 4613 2504 4685 βραχύ
2534 4629 2586 4664 τι
2615 4611 2905 4682 πρότερον,
2939 4606 3071 4676 πρὶν
3099 4607 3131 4675 ἢ
3161 4603 3573 4673 καθειρχθῆναι,
3604 4602 3806 4655 παθεῖν

541 4713 818 4769 quemque
850 4698 1110 4753 audiendi
1159 4697 1462 4767 cupiditate
1514 4698 1802 4752 incensum
1850 4704 2115 4766 caperent

2223 4708 2374 4778 ἡμᾶς
2419 4705 2559 4774 ὑπὲρ
2601 4701 2714 4757 τῶν
2753 4701 2915 4761 θείων
2965 4696 3270 4768 συνηνέχθη
3307 4695 3596 4763 δογμάτων
3622 4711 3637 4724 ο
3671 4695 3807 4746 ποία

540 4798 598 4844 et
625 4788 832 4844 ultimae
864 4788 1130 4859 perniciei
1163 4789 1466 4852 traderent,
1504 4788 1578 4842 ita
1611 4797 1670 4842 ut
1706 4787 1931 4842 brevem
1964 4785 2116 4841 dele-

541 4881 841 4936 ctationem
890 4879 1011 4935 dira
1027 4883 1210 4950 {penna
1246 4881 1542 4950 exciperet.
1576 4880 1776 4936 Conlra
1811 4881 2118 4935 litterarum

543 4974 725 5031 studia
751 4973 965 5029 fructus
992 4989 1179 5029 secum
1207 4972 1392 5028 ferunt
1415 4977 1652 5043 optimos
1675 4973 1769 5043 qui
1798 4987 1905 5026 non
1940 4971 2117 5026 solum

541 5066 699 5121 vivos
715 5074 1006 5132 exornant,
1034 5064 1128 5120 sed
1156 5065 1321 5119 etiam
1351 5074 1603 5118 mortuos
1631 5062 1755 5117 illos
1779 5063 1979 5132 quibus
2004 5062 2118 5116 otio

540 5174 646 5216 suo
694 5160 904 5228 optimo
951 5159 1031 5214 uti
1075 5160 1315 5215 licuerit.
1355 5157 1491 5213 Nam
1539 5171 1648 5211 una
1689 5155 1995 5225 eademque
2035 5162 2122 5210 est

540 5250 854 5305 litterarum
888 5260 946 5305 et
981 5250 1182 5306 mentis
1237 5249 1397 5320 136
1444 5257 1649 5303 nostra:
1695 5255 1917 5308 natura,
1947 5245 2114 5300 etiam

540 5341 733 5398 eadem
767 5341 1168 5407 immortalitas,
1214 5357 1341 5412 qua:
1371 5351 1664 5408 utrumque
1699 5338 1752 5393 in
1788 5353 1955 5392 unum
1988 5352 2120 5393 con-

538 5434 795 5504 junctum
833 5445 1004 5502 tenet,
1023 5433 1328 5490 dummodo
1354 5447 1424 5488 ne
1457 5432 1782 5487 alterutrum
1807 5429 2119 5486 concordiae

541 5526 892 5583 conditiones
926 5527 1108 5591 ltedat,
1139 5536 1235 5581 aut
1275 5523 1530 5579 amicitia:
1569 5537 1900 5593 generosum
1932 5521 2118 5576 tauto-

542 5634 662 5675 rem
697 5629 753 5676 et
794 5620 1064 5688 aurigam,
1100 5628 1160 5671 ut
1183 5619 1256 5672 ita
1300 5615 1504 5684 dicam,
1538 5615 1799 5686 depellat,
1834 5623 1894 5668 ut
1937 5613 2123 5683 Lydus

543 5711 637 5767 ille
685 5710 836 5766 ferox
882 5710 1084 5780 Pelops
1129 5707 1454 5774 bellicosum
1507 5707 1782 5779 Myrtilum
1827 5706 1895 5761 de
1953 5721 2120 5760 curru

543 5804 825 5874 depulisse
879 5812 1044 5874 atque
1079 5801 1429 5871 impudenter
1461 5800 1812 5856 moderamen
1841 5814 2060 5868 mquum
2093 5814 2122 5853 a

545 5910 604 5950 se
642 5894 897 5965 reiecisse
945 5893 1172 5962 dicitur.
1230 5893 1418 5964 itaque
1471 5909 1572 5964 ego
1633 5899 1754 5963 post
1814 5889 2119 5947 discessum

2227 4800 2337 4869 γὰρ
2363 4798 2428 4852 ἂν
2448 4796 2583 4864 άλλη
2611 4812 2694 4857 τις
2717 4795 2804 4863 είη
2841 4790 3196 4862 σχολάζουσιν
3225 4788 3573 4857 ἁρμόττουσα
3604 4786 3809 4852 μᾶλλον

2227 4889 2400 4957 αὐτῆς
2440 4885 2667 4956 ἀσχολία
2720 4885 2944 4952 σοφοῖς;
2979 4881 3138 4947 Λέγω
3180 4879 3236 4931 δὲ
3278 4877 3378 4942 τὴν
3423 4879 3479 4938 ὲς
3525 4875 3808 4936 τοιούτους

2226 4975 2418 5043 λόγους
2465 4972 2680 5041 κίνησιν
2723 4969 2818 5023 τοῦ
2869 4969 2985 5024 νοῦ.
3025 4969 3150 5030 Τοῖς
3203 4966 3304 5037 μὲν
3353 4968 3468 5037 γὰρ
3500 4966 3646 5019 κατά
3693 4965 3809 5034 βίον

2231 5063 2526 5138 μοχθοῦσιν
2577 5061 3070 5132 ἀμφισϐητησίμου
3127 5059 3352 5125 κέρδους
3399 5057 3495 5108 καὶ
3541 5055 3810 5124 συλλογῆς

2228 5159 2533 5230 χρημάτων
2585 5154 2868 5225 φροντίδες
2918 5149 3329 5220 ἀπασχολοῦσαι
3376 5147 3438 5201 τὸ
3475 5147 3662 5215 νοερδν
3710 5147 3809 5215 τῆς

2227 5246 2408 5318 ψυχῆς
2450 5242 2804 5298 ὑποσαίνουσί
2854 5258 2914 5295 τε
2969 5242 3064 5295 καὶ
3099 5241 3304 5308 κοῦφον
3337 5237 3399 5291 τὸ
3442 5238 3550 5290 τῶν
3581 5237 3672 5289 ἀεὶ
3707 5255 3811 5291 πα-

2232 5342 2432 5411 ρόντων
2463 5337 2773 5409 ἀλγηδόνων
2797 5335 3053 5389 ἐπίπονον
3092 5333 3180 5386 διὰ
3205 5333 3312 5387 τῶν
3342 5334 3399 5383 ἐν
3426 5331 3638 5394 τούτοις
3663 5333 3814 5394 ὅπως

2233 5431 2366 5486 ποτὲ
2396 5431 2596 5500 δρῶσιν
2639 5430 3037 5498 αἰωρουμένων
3067 5427 3320 5488 ἐλπίδων,
3350 5425 3608 5492 καθάπερ
3634 5424 3809 5492 δήπου

2236 5525 2330 5577 καὶ
2362 5523 2460 5585 τάς
2494 5521 2602 5573 τῶν
2649 5521 2948 5588 Σειρήνων,
2981 5519 3186 5580 αἵτινές
3233 5515 3354 5569 ποτ’
3402 5515 3490 5586 ἄρ’
3527 5512 3809 5568 εἷενὲκεῖ-

2232 5634 2344 5683 ναι,
2387 5615 2710 5685 προτάττειν
2754 5613 2898 5684 ᾠδὰς
2939 5611 3211 5681 ἀκούομεν
3248 5609 3441 5675 πάλαι,
3477 5609 3535 5662 αἳ
3587 5612 3654 5679 τῇ
3709 5608 3812 5678 τῆς

2227 5707 2508 5779 ἐμμελοῦς
2547 5707 2743 5779 ἡδονῆς
2776 5707 3066 5778 ὲμϐριθείςι
3110 5705 3209 5766 τὰς
3242 5703 3412 5765 ἀκοὰς
3443 5699 3811 5774 γοητεύουσαί

2227 5815 2288 5855 τε
2317 5803 2411 5855 καὶ
2442 5800 2753 5869 θέλγουσαι,
2781 5798 3003 5870 δέσμιον
3041 5796 3153 5852 οἷον
3188 5799 3389 5864 εἰπεῖν,
3418 5797 3568 5859 ὅστις
3599 5791 3720 5846 ποτ’
3742 5786 3810 5861 ἦν

2225 5897 2252 5950 ὁ
2297 5894 2390 5949 τοῦ
2441 5893 2638 5963 μέλους
2686 5892 2896 5947 ἐκείνου
2945 5890 3334 5962 κατατρυφῶν,
3376 5889 3510 5960 πρὸς
3551 5887 3653 5950 τὰς
3711 5882 3809 5939 τοῦ
