4070 6326
384 390 489 454 117

1332 390 1778 451 BYZANTlNrﬁ
1813 391 2198 454 HlSTORI/E
2236 393 2382 454 LIB.
2424 392 2668 455 XXVII.

3544 389 3660 454 113

379 508 614 562 θανάτου
663 504 938 559 συνώθουν
977 506 1268 575 κρηπῖδας,
1307 506 1572 577 βραχείας
1617 509 1813 579 ἡδονῆς
1859 506 1959 578 ζη-

2087 524 2217 562 uum
2253 525 2375 564 eum
2409 508 2555 563 vires
2598 523 2929 564 recreasscm
2961 507 3127 563 hosce
3153 506 3342 562 decem
3374 507 3542 560 libros
3589 507 3644 559 in

381 601 512 672 μίαν
570 598 795 669 μακρὰν
841 597 1268 667 ἀλλαττόμενον.
1337 601 1406 652 Ἦ
1457 601 1515 654 δὲ
1569 599 1706 669 πρὸς
1759 601 1955 668 λόγους

377 691 606 761 ἀσχολία
641 688 871 743 αὐτόθεν
896 687 1012 758 ἔχει
1044 689 1104 742 τὸ
1136 688 1232 743 τοῦ
1263 689 1486 760 κέρδους
1509 691 1782 760 χρήσιμον
1809 707 1954 760 συμ-

378 779 775 854 παρομαρτοῦν
803 780 894 836 ἀεὶ
923 783 1019 835 καὶ
1050 780 1188 844 ζῶσι
1222 781 1318 836 καὶ
1347 781 1677 836 τελευτῶσιν
1701 783 1952 847 ἐκείνοις,

376 872 459 940 οἷς
495 875 562 930 ἂν
592 878 650 936 ἐς
677 873 794 928 δέον
819 859 961 942 σφῆς
985 871 1331 940 καρποῦσθαι
1356 872 1680 940 συμϐαίνοι·
1709 873 1956 942 συμφυὲς

379 968 490 1038 γάρ
537 984 590 1020 τι
622 968 814 1037 χρῆμα
843 964 1001 1034 λόγος
1057 963 1250 1035 λογικῇ
1305 963 1618 1035 καθέστηκε
1655 963 1826 1036 ψυχῇ,
1857 964 1956 1034 τῆς

380 1059 552 1128 αὐτῆς
582 1058 886 1122 ἀθανασίας
916 1056 1419 1127 ὲμπολιτευομένης
1451 1058 1658 1128 ἀμφοῖν
1703 1058 1798 1112 καὶ
1833 1075 1958 1110 συν-

380 1150 660 1220 απτούσης
702 1147 848 1219 μάλα
877 1166 962 1202 τοι
989 1148 1288 1219 προσφυῶς
1311 1149 1392 1207 είς
1427 1151 1650 1215 ταυτὸν,
1690 1151 1854 1204 ὁπότε
1883 1149 1958 1220 μὴ

383 1237 740 1304 μεταϐάλλειν
765 1235 938 1290 ἐθέλοι
962 1237 1058 1300 τὰς
1087 1234 1469 1306 ἁρμοττούσας
1496 1223 1960 1307 θάτερον’τούτων

381 1331 481 1399 τῆς
520 1328 843 1399 συμφωνίας
871 1327 1146 1398 συνθήκας
1173 1327 1267 1381 καὶ
1301 1327 1392 1381 τὸν
1422 1329 1620 1397 εὐγενῆ
1649 1329 1748 1398 τῆς
1779 1329 1959 1396 φιλίας

383 1421 666 1492 ἁρμοστὴν
721 1423 820 1474 καὶ
863 1421 1079 1492 ἡνίοχον
1133 1420 1513 1486 ἀποσείεσθαι,
1549 1421 1804 1490 καθάπερ
1866 1420 1960 1474 τοῦ

380 1511 574 1580 δίφρου
612 1510 786 1564 πάλαι
823 1510 916 1563 τὸν
961 1511 1210 1580 Ἀργεῖον
1243 1511 1516 1579 Μυρτίλον
1551 1511 1580 1563 ό
1604 1510 1784 1580 Πέλοψ
1816 1511 1964 1565 Exsi-

383 1619 472 1664 νος
524 1603 552 1654 ό
597 1601 768 1662 Λυδὸς
812 1598 876 1672 ει.
909 1601 1008 1656 {28
1056 1601 1112 1671 ο]
1156 1603 1182 1655 ό
1227 1603 1459 1672 θρασὺς,
1494 1602 1722 1671 ἀναίδην
1763 1603 1963 1657 οὑτωσί

386 1712 502 1756 πως
551 1694 678 1756 τοὺς
723 1693 825 1763 τῆς
857 1695 1013 1763 δίκης
1067 1694 1353 1764 ἀτιμάζων
1382 1694 1626 1763 θρόνους.
1674 1695 1834 1764 Ἐμοὶ
1864 1697 1964 1765 μὲν

384 1784 479 1840 οὗν
514 1790 634 1842 καθ’
673 1789 892 1855 ἑαυτὸν,
947 1791 1023 1852 ὡς
1067 1790 1304 1858 είρηται,
1358 1789 1637 1858 γενομένῳ
1681 1790 1821 1859 μετά
1865 1790 1964 1860 τὴν

2061 597 2274 652 chartis
2328 597 2470 652 forte
2514 598 2714 652 oblatis
2756 598 3064 666 conscripsi
3117 599 3314 652 sedulo
3365 608 3420 652 et
3479 599 3646 651 anxio
3706 645 3711 667 ί

2061 691 2268 754 animo,
2303 691 2510 760 quippe
2553 692 2648 759 qui
2685 691 2880 745 mediis
2912 691 2965 744 in
3014 690 3409 744 turbidissimis
3456 706 3640 748 rerum

2063 767 2318 838 motibus.
2356 791 2602 837 versatus
2637 799 2836 838 essem.
2896 784 3101 837 Deinde
3149 782 3242 836 ubi
3292 783 3479 852 quieto
3521 797 3643 834 esse

2063 873 2248 926 animo
2275 872 2408 926 mihi
2438 872 2620 934 licuit,
2647 887 2744 926 eos
2771 872 2994 926 caeteris
3022 873 3160 926 meis
3189 871 3648 940 historiazmoma»

2065 977 2147 1015 nae
2173 961 2334 1016 libris
2381 962 2630 1031 adjunxi.
2673 961 2796 1016 Tibi
2831 972 2992 1016 nunc
3043 976 3191 1015 cura:
3239 960 3310 1014 sit
3362 966 3645 1023 asportare

2064 1052 2181 1109 hare
2213 1055 2417 1124 scripta
2445 1062 2501 1108 et
2533 1053 2751 1108 tradere
2783 1066 2890 1107 non
2931 1054 3108 1108 solum
3155 1052 3345 1108 amicis
3372 1057 3648 1121 quotquot

2063 1159 2282 1200 mecum
2336 1146 2526 1200 eadem
2583 1145 2700 1200 haec
2754 1155 2978 1215 propter
3032 1146 3291 1216 pietatem
3341 1144 3647 1198 certamina

2065 1246 2430 1306 susceperunt
2447 1236 2821 1292 transmittere
2841 1238 3157 1306 ubicunque
3182 1246 3454 1291 terrarum
3478 1235 3644 1289 amici

2067 1327 2354 1382 nobiscum
2391 1328 2600 1384 faciunt
2623 1337 2677 1383 et
2713 1327 3032 1397 ubicunque
3069 1327 3320 1382 habitant
3350 1326 3648 1380 orthodoxi

2064 1421 2388 1484 Christiani,
2446 1421 2552 1491 qui-
2600 1421 2792 1476 eadem
2851 1420 3038 1475 divina
3098 1419 3320 1490 pietatis
3377 1427 3651 1488 prmcepta

2068 1513 2192 1566 vita:
2217 1512 2572 1582 simplicitate
2605 1528 2669 1568 ac
2692 1513 2943 1567 castitate
2977 1523 3259 1567 tueantur.
3294 1512 3428 1566 Nam
3468 1527 3653 1582 perse—

2068 1611 2321 1658 cutorum
2360 1604 2518 1675 137
2559 1603 2800 1660 furorem
2836 1614 2892 1660 et
2922 1604 3198 1659 insaniam
3235 1619 3452 1672 unaque
3483 1604 3650 1656 misc-

2069 1711 2186 1750 ram
2223 1710 2399 1750 meam
2449 1696 2824 1752 conditionem
2857 1699 3132 1768 cognitam
3185 1711 3376 1751 OlllllCS
3419 1696 3654 1750 habeant

2072 1789 2214 1853 volo,
2257 1790 2424 1844 etiam
2456 1805 2578 1858 quae
2607 1789 2678 1844 sit
2707 1790 2928 1859 pietatis
2960 1806 3023 1844 ac
3056 1789 3179 1844 ﬁdei
3208 1800 3408 1843 nostra:
3440 1788 3656 1844 confes-

385 1883 488 1942 σὴν
541 1877 810 1948 ἐκδημίαν
858 1877 1053 1932 τούσδε
1101 1877 1380 1932 συνθεῖναι
1425 1877 1553 1941 τοὺς
1611 1878 1748 1933 δέκα
1791 1883 1978 1934 συενέ-

2086 1882 2180 1945 sio,
2211 1897 2374 1951 quam
2405 1881 2560 1936 hisce
2589 1883 2643 1935 in
2671 1882 2829 1937 libris
2858 1885 3123 1952 expressi,
3149 1896 3380 1951 qumque
3412 1882 3510 1934 hac
3539 1881 3651 1934 for-

383 1965 561 2034 δραμε
603 1967 816 2035 λόγους,
838 1971 952 2031 τοῖς
1002 1969 1368 2040 προστυχοῦσι
1413 1970 1643 2039 χάρταις
1679 1988 1955 2025 κατεσπου

2067 1974 2210 2028 mnia
2236 1973 2764 2044 comprehenditur:

382 2057 672 2127 δασμένως
721 2076 783 2111 τε
839 2061 934 2113 καὶ
999 2060 1207 2131 σφόδρα
1255 2078 1317 2128 γε
1377 2061 1644 2131 περιδεῶς
1691 2062 1779 2116 διὰ
1835 2065 1962 2124 τοὺς
1999 2064 2240 2133 δαψιλῶς
2300 2066 2696 2136 περιρῤἑοντάς
2725 2083 2784 2118 τε
2844 2067 2937 2119 καὶ
2963 2064 3428 2136 περικυκλοῦντας
3451 2063 3654 2133 φόϐους

386 2153 538 2219 ἡμᾶς
598 2151 842 2221 κομιδῆ·
911 2155 1006 2203 καὶ
1060 2152 1174 2214 τοῖς
1231 2151 1413 2212 ἀλλοις
1467 2151 1578 2203 τῶν
1649 2152 1810 2222 ὲμῶν
1858 2153 1960 2220 τῆς
2013 2152 2332 2223 Ῥωμαῖκῆς
2405 2155 2652 2224 ἱστορίας
2722 2156 3027 2226 συντέταχα
3074 2156 3279 2223 λόγοις,
3307 2155 3381 2216 ὡς
3413 2155 3470 2206 τὸ
3500 2171 3652 2224 τηνι-

389 2242 570 2296 καῦτα
601 2242 898 2315 ξυνεχώρει
922 2245 1020 2314 τῆς
1049 2241 1196 2312 ῶρας
1229 2241 1437 2295 στενόν.
1507 2243 1607 2296 Σὺν
1635 2243 1679 2297 δ’
1710 2243 1804 2296 οὖν
1873 2243 2035 2312 ἔργον
2072 2244 2138 2298 ἂν
2163 2245 2248 2314 εἴη
2281 2245 2376 2298 τοῦ
2409 2231 2597 2299 λοιποῦ
2627 2246 2860 2299 λαϐόντα
2891 2247 3116 2317 κομίσαι
3144 2248 3240 2301 καὶ
3268 2247 3544 2300 διαδοῦναι
3578 2245 3659 2315 μὴ

392 2339 557 2406 μόνον
609 2337 722 2399 τοῖς
753 2336 958 2403 -φίλοις
995 2334 1179 2407 ἡμῶν,
1229 2335 1419 2388 ὁπόσοι
1466 2335 1558 2388 τὸν
1619 2337 1785 2389 αὐτὸν
1831 2338 1963 2406 ἡμῖν
2003 2339 2145 2409 ὑπὲρ
2179 2339 2466 2401 εὐσεϐείας
2530 2338 2612 2392 ἔτι
2673 2341 3052 2410 παραμένουσι
3087 2342 3374 2413 τρέχοντες
3409 2341 3650 2404 δίαυλον,

388 2429 528 2484 ἀλλά
579 2429 677 2483 καὶ
734 2429 906 2484 πολλά
948 2430 1010 2482 τὸ
1064 2428 1124 2482 ἓν
1211 2431 1552 2501 πεποιηκότα
1629 2430 2044 2500 παραπλησίαις
2083 2448 2142 2483 τε
2191 2433 2601 2501 μετεγγραφαϊς
2628 2432 2723 2485 καὶ
2773 2433 2935 2502 μέχρι
2981 2433 3080 2502 τῆς
3109 2432 3376 2504 τυχούσης
3428 2432 3658 2504 κεραίας

390 2523 490 2577 καὶ
547 2526 816 2593 γραμμῆς
873 2523 1080 2592 ὁμοίως
1133 2525 1244 2586 τοῖς
1313 2522 1691 2592 πρωτοτύττοις
1742 2521 1956 2594 ἔχοντα,
1992 2523 2302 2593 διαπέμψαι
2344 2523 2461 2578 καί.⁴
2503 2527 2612 2595 ὅπη
2676 2528 2777 2596 τῆς
2820 2525 3153 2597 οἰκουμένης
3199 2525 3463 2597 ἡμέτεροι
3507 2524 3658 2593 φίλοι
3715 2593 3718 2595 _

389 2621 758 2689 τυγχάνουσιν
809 2619 985 2684 ὄντες,
1052 2619 1148 2674 καὶ
1186 2619 1323 2690 πρός
1353 2636 1417 2688 γε
1458 2619 1564 2689 μὴν
1603 2619 1683 2672 ἔτι
1731 2621 1838 2691 ὅπη
1911 2621 2042 2691 περὶ⁸
2081 2623 2146 2674 ἀν
2176 2620 2261 2692 εἴη
2287 2637 2352 2689 γε
2386 2621 2505 2675 κατ’
2530 2621 2725 2685 ἄλλους
2757 2621 2962 2691 ἀλλαχῆ
2994 2637 3099 2674 που
3129 2621 3330 2684 τόπους
3359 2618 3662 2690 ὀρθοδόξων

293 2786 298 2794 ι
393 2714 791 2784 προσοικοῦντα
835 2714 968 2782 γένη
1014 2714 1379 2783 Χριστιανῶν,
1423 2714 1644 2782 ὁμοίους
1703 2715 1790 2767 ἀεὶ
1841 2715 1967 2778 τούς
2006 2715 2106 2784 τῆς
2157 2714 2442 2776 εὐσεϐείας
2489 2715 2698 2770 ἄνωθεν
2783 2715 2945 2785 ὄρους
2991 2716 3052 2767 ἐν
3099 2714 3327 2784 γνώμης
3394 2711 3668 2781 ἁπλότητι

396 2811 753 2876 διασώζοντα.
791 2809 1061 2880 Βούλομαι
1093 2811 1201 2881 γὰρ
1225 2809 1322 2880 τὴν
1387 2811 1497 2864 τῶν
1529 2811 1775 2863 διωκτῶν
1837 2811 2037 2864 εἰδέναι
2075 2810 2284 2865 τούτων
2335 2810 2597 2865 ἀπόνοιαν
2647 2810 2858 2874 πάντας
2903 2810 3213 2880 ἀπανταχῆ,
3264 2807 3662 2861 διαϐαλλόντων

398 2907 550 2976 ἡμᾶς
602 2907 874 2976 πανταχῆ,
912 2908 1006 2961 καὶ
1050 2906 1166 2976 ἅμα
1211 2906 1311 2975 τὴν
1377 2905 1475 2974 τῆς
1521 2906 1796 2976 ἡμετέρας
1835 2907 2128 2977 ὁμολογίαν
2199 2906 2486 2972 εὐσεϐείας
2527 2907 2621 2962 καὶ
2673 2906 2933 2971 πίστεως.
2975 2908 3045 2959 'll
3077 2907 3174 2961 καὶ
3218 2906 3355 2975 αὐτή
3405 2921 3498 2975 μοι
3545 2905 3666 2967 τοῖς

389 2996 670 3068 ’παροῦσιν
724 2999 1040 3051 ἐντέτακται
1094 2997 1312 3066 λόγοις,
1369 2996 1511 3050 κατά
1567 2996 1713 3062 λέξιν
1769 2997 1974 3067 ἔχουσα
2012 2998 2256 3052 οὑτωσίι

473 3141 547 3192 Ζ’.
580 3137 826 3191 Πιστεύω
854 3139 931 3199 είς
963 3136 1061 3189 ἕνα
1099 3136 1232 3190 Θεὸν
1273 3138 1497 3208 Πατέρα
1528 3139 1970 3209 παντοκράτορα,

2147 3141 2258 3196 νη.
2287 3138 2466 3195 Credo
2487 3139 2538 3194 in
2561 3155 2728 3193 unum
2748 3140 2944 3203 Deum,
2963 3140 3180 3195 Patrem
3201 3138 3666 3209 omnipotentem.

400 3228 633 3300 ποιητὴν
667 3225 900 3298 οὐρανοῦ
955 3229 1049 3282 καὶ
1095 3228 1219 3294 γῆς,
1250 3229 1461 3300 ὁρατῶν
1490 3247 1551 3282 τε
1609 3229 1828 3284 πάντων
1883 3231 1978 3283 καὶ

401 3324 687 3391 ἀοράτων·
739 3320 834 3374 καὶ
883 3322 961 3383 είς
991 3320 1087 3373 ἕνα
1115 3320 1322 3391 Κύριον
1379 3321 1590 3390 Ἰησοῦν
1622 3322 1856 3392 Χριστὸν
1887 3323 1978 3376 τὸν

403 3415 532 3467 Υίὸν
586 3413 679 3466 τοῦ
735 3412 871 3466 Θεοῦ
917 3413 1010 3466 τὸν
1041 3414 1350 3487 μονογενῆ,
1389 3413 1483 3466 τὸν
1524 3413 1588 3466 ὲκ
1633 3415 1728 3467 τοῦ
1765 3415 1979 3485 Πατρός

404 3502 739 3572 γεννηθέντα
788 3501 894 3572 πρὸ
943 3503 1162 3555 πάντων
1205 3500 1314 3554 τῶν
1345 3501 1584 3566 αἰώνων,
1624 3503 1740 3570 φῶς
1778 3503 1842 3555 ἐκ
1873 3520 1984 3572 φω-

399 3597 518 3660 τὸς,
552 3596 684 3649 Θεὸν
730 3593 981 3666 ἀληθινὸν
1016 3596 1080 3647 ἐκ
1127 3593 1262 3646 Θεοῦ
1306 3592 1590 3664 ἀληθινοῦ,
1625 3593 1981 3664 γεννηθέντα,

400 3692 468 3745 οὐ
505 3689 820 3759 ποιηθέντα,
855 3687 1140 3757 ὀμοούσιον
1166 3685 1242 3757 τῷ
1277 3688 1473 3757 Πατρὶ,
1507 3687 1576 3740 δι’
1616 3686 1676 3740 οῦ
1704 3685 1773 3740 τὰ
1807 3685 1985 3740 πάντα

405 3783 648 3852 ἐγένετο,
685 3783 774 3835 τὸν
806 3781 874 3835 δι’
900 3782 1052 3851 ἡμᾶς
1091 3781 1218 3843 τοὺς
1249 3780 1572 3851 ἀνθρώπους
1608 3783 1702 3834 καὶ
1745 3780 1835 3834 διὰ
1884 3780 1985 3850 τὴν

405 3876 688 3945 ἡμετέραν
749 3873 1026 3944 σωτηρίαν
1075 3872 1411 3927 κατελθόντα
1458 3875 1524 3927 ὲκ
1575 3873 1686 3926 τῶν
1717 3871 1988 3942 οὐρανῶν,

407 3968 504 4022 καὶ
555 3965 912 4036 σαρκωθὲντα
963 3968 1027 4018 ὲκ
1078 3964 1400 4036 Πνεύματος
1440 3967 1596 4034 ἁγίου
1639 3967 1735 4018 καὶ
1764 3967 1987 4037 Μαρίας

303 4108 305 4110 ,
406 4063 509 4131 τῆς
543 4060 837 4130 παρθένου,
878 4061 973 4114 καὶ
1024 4059 1556 4130 ὲνανορωπήσαντα,
1601 4061 1989 4132 σταυρωθέντα

406 4172 470 4206 τε
513 4153 656 4223 ὑπὲρ
700 4153 858 4225 ἡμῶν
903 4154 995 4205 ἐπὶ
1038 4153 1269 4206 Ποντίου
1320 4153 1556 4206 Πιλάτου
1609 4155 1706 4207 καὶ
1746 4154 1990 4208 παθόντα

410 4245 509 4301 καὶ
564 4245 808 4314 ταφέντα
843 4243 940 4299 καὶ
987 4244 1302 4299 ἀναστάντα
1333 4247 1399 4316 τῇ
1442 4245 1604 4317 τρίτῃ
1634 4247 1818 4318 ἡμέρᾳ
1850 4248 1990 4301 κατὰ

412 4342 510 4405 τὰς
555 4339 800 4412 Γραφάς,
845 4341 940 4392 καὶ
983 4337 1282 4391 ἀνελθόντα
1315 4339 1394 4401 είς
1421 4339 1548 4401 τοὺς
1598 4339 1991 4409 οὐρανοὺςοκαὶ

415 4432 782 4502 καθεζόμενον
829 4431 887 4484 ἐν
914 4430 1062 4501 δεξιᾷ
1096 4429 1190 4483 τοῦ
1228 4431 1467 4500 Πατρός,
1496 4431 1590 4484 καὶ
1638 4430 1802 4484 πάλιν
1840 4433 1994 4503 ἐρχό-

418 4544 580 4596 μενον
625 4525 765 4594 μετά
814 4524 974 4592 δόξης
1027 4525 1212 4593 κρῖναι
1246 4521 1456 4588 ζῶντας
1502 4524 1598 4576 καὶ
1643 4525 1895 4592 νεκροὺς,
1932 4523 1992 4575 οῦ
2019 4503 2074 4563 D

416 4623 511 4690 τῆς
558 4616 839 4689 βασιλείας
868 4617 968 4670 οὐκ
1017 4615 1173 4668 ἔσται
1218 4615 1410 4677 τέλος·
1446 4615 1539 4667 καὶ
1561 4615 1641 4678 είς
1679 4615 1742 4666 τὺ
1773 4615 1994 4683 Πνεῦμα

417 4712 477 4765 τὸ
515 4711 693 4780 ἆγιον,
719 4709 781 4762 τὸ
812 4708 1048 4778 Κύριον,
1077 4707 1138 4760 τὸ
1155 4705 1436 4771 ζωοποιδν,
1471 4706 1532 4758 τδ
1563 4707 1626 4757 ἐκ
1654 4705 1749 4758 τοῦ
1784 4705 1994 4772 Πατρός

417 4802 878 4874 ἐκπορευόμενον,
908 4801 969 4853 τὺ
1016 4804 1114 4853 σὺν
1149 4798 1323 4868 Πατρὶ
1355 4797 1451 4850 καὶ
1497 4796 1614 4865 Υίῴ
1640 4813 1998 4865 συμπροσκυο

419 4896 682 4966 νούμενον
726 4895 821 4947 καὶ
849 4891 1302 4960 συδοξαξόμενον,
1334 4889 1395 4944 τὸ
1447 4887 1694 4960 λαλῆσαν
1746 4889 1836 4942 διὰ
1888 4889 2001 4941 τῶν

419 4987 756 5059 προφητῶν
789 4986 872 5050 είς
921 4985 1048 5054 μίαν
1081 4984 1244 5052 ἁγίαν
1285 4981 1583 5054 καθολικὴν
1636 4982 1730 5036 καὶ
1767 4982 2004 5035 ἀποστ-ο·-

419 5079 576 5150 λικὴι
616 5076 969 5148 Ἐκκλησίαν.
1010 5076 1291 5146 Ὀμολογῶ
1336 5075 1394 5127 ἒν
1430 5073 1715 5145 βάπτισμα
1757 5073 1836 5136 είς
1867 5073 2002 5140 ἄφε-

423 5189 508 5223 σιν
565 5171 872 5240 ἁμαρτιῶν.
932 5169 1220 5240 Προσδοκῶ
1265 5170 1566 5222 ἀνάστασιν
1637 5165 1849 5235 νεκρῶν
1906 5165 2002 5218 καὶ

425 5265 569 5332 ζωὴν
619 5263 713 5316 τοῦ
757 5263 1044 5333 μέλλοντος
1095 5261 1310 5324 αἰῶνος.
1355 5261 1550 5330 Ἀμήν.
1605 5260 1725 5312 Ἔτι
1774 5258 2005 5328 δέχομαι

426 5360 520 5409 καὶ
561 5355 838 5427 ὁλοψύχως
900 5355 1116 5425 στέργω
1170 5357 1265 5408 καὶ
1319 5352 1640 5423 ἀσπάζομαι
1687 5355 1788 5414 τας
1841 5352 2004 5418 ἁγίας

427 5452 523 5504 καὶ
572 5450 779 5513 σεπτὰς
828 5447 926 5501 καὶ
961 5447 1347 5518 οἰκουμενικᾶις
1404 5447 1545 5500 ἑπτὰ
1596 5444 1874 5506 συνόδους,
1908 5445 2003 5495 καὶ

425 5548 525 5608 τὰς
563 5544 792 5606 τοπικὰς
818 5543 1014 5614 ἑτέρας
1055 5542 1122 5606 ἃς
1162 5541 1382 5606 ἐδέξατο
1427 5540 1522 5592 καὶ
1557 5539 1778 5608 στέργει
1810 5539 1843 5604 ἡ
1877 5537 2007 5604 ἁγία

427 5639 522 5694 τοῦ
553 5637 698 5698 Θεοῦ,
720 5635 985 5703 καθολικὴ
1030 5635 1122 5686 καὶ
1156 5631 1493 5701 ἀποστολικὴ
1531 5630 1839 5700 Ἐκκλησὶα
1865 5645 1879 5659 ·
1916 5627 2010 5680 καὶ

429 5729 524 5793 οὓς
585 5727 835 5792 ἐδέξαντο
890 5725 1083 5788 αὗται,
1119 5707 1362 5796 ’δάχομαι
1419 5726 1514 5776 καὶ
1578 5722 1767 5785 αὐτὸς,
1812 5717 1906 5782 οὒς
1953 5717 2010 5771 δὲ

431 5821 799 5888 ἀπ;ϐἀλοντο,
857 5818 1286 5890 ἀποϐάλλομαι,
1336 5815 1609 5888 μηδεμίαν
1689 5813 2010 5888 προσθήκην

2080 3232 2340 3288 factorem
2371 3233 2492 3288 caeli
2527 3243 2583 3288 et
2624 3241 2804 3295 terrm,
2839 3231 3138 3287 visibilium
3165 3241 3220 3286 et
3273 3233 3660 3296 invisiltilium,

2080 3333 2136 3379 et
2163 3325 2218 3379 in
2246 3340 2416 3378 unum
2452 3324 2742 3380 Dominum
2774 3323 2960 3379 Jesum
3001 3323 3301 3390 Christum,
3336 3325 3536 3379 Filium
3568 3326 3666 3380 Dei

2083 3413 2447 3485 unigenitum,
2497 3431 2564 3470 ex
2622 3415 2780 3469 Patre
2816 3425 3005 3468 natum
3058 3423 3186 3469 ante
3221 3418 3403 3470 omnia
3444 3417 3672 3482 sarcula,

2081 3505 2255 3560 Deum
2287 3507 2355 3561 de
2383 3507 2512 3572 Deo,
2541 3507 2725 3562 lumen
2759 3506 2826 3560 de
2872 3506 3106 3572 lumine,
3139 3507 3312 3562 Deum
3355 3523 3544 3562 rerum
3597 3510 3672 3563 de

2084 3597 2199 3653 Deo
2223 3615 2374 3666 vero,
2405 3599 2679 3670 genitum,
2716 3614 2826 3654 non
2863 3598 3090 3662 factum,
3134 3600 3670 3654 consubstantialem

2085 3692 2262 3757 Patri,
2300 3707 2397 3762 per
2426 3708 2588 3759 quem
2618 3693 2802 3747 omnia
2829 3692 2968 3748 facta
3005 3703 3155 3758 sunt,
3202 3695 3293 3763 qui
3317 3704 3540 3763 prepter
3569 3712 3672 3750 nos

2087 3784 2336 3840 homines
2369 3794 2424 3840 et
2455 3794 2679 3854 prepter
2704 3794 2944 3840 nostram
2999 3786 3231 3840 salutem
3291 3786 3574 3842 descendit
3601 3789 3673 3843 dc

2087 3877 2262 3940 cmlis,
2284 3887 2340 3931 et
2364 3876 2680 3931 incarnatus
2711 3885 2793 3929 est
2817 3876 2883 3930 de
2908 3876 3115 3944 Spiritu
3164 3887 3356 3931 sancto
3400 3895 3466 3932 cx
3506 3879 3672 3934 Maria

2091 3965 2334 4034 Virgine,
2369 3978 2424 4020 et
2460 3965 2627 4018 homo
2662 3966 2836 4019 factus
2887 3973 2992 4020 est.
3031 3964 3343 4022 Crucilixus
3375 3970 3539 4022 etiam
3573 3985 3674 4038 pro

2089 4058 2248 4114 nobis
2272 4057 2376 4112 sub
2405 4057 2598 4111 Pontio
2643 4058 2840 4122 Pilato,
2874 4073 3068 4128 passus
3097 4068 3153 4112 et
3195 4060 3443 4128 sepultus
3474 4070 3592 4123 est;
3621 4071 3675 4115 et

2090 4151 2390 4206 resurrexit
2419 4152 2582 4205 tertia
2627 4150 2718 4205 die
2767 4151 3070 4204 secundum
3105 4149 3442 4220 Seripturas.
3470 4153 3534 4205 Et
3589 4167 3676 4206 as-

2090 4245 2277 4299 cendit
2311 4243 2368 4296 in
2426 4243 2652 4309 ctelum,
2713 4243 2867 4297 sedet
2916 4242 2983 4296 ad
3033 4243 3318 4296 dexteram
3381 4243 3582 4305 Patris,
3620 4255 3678 4297 et

2092 4338 2289 4393 iterum
2324 4346 2591 4392 venturus
2638 4345 2722 4389 est
2765 4350 2890 4390 cum
2950 4335 3120 4406 gloria
3149 4331 3400 4405 judhare
3436 4337 3588 4389 rivos
3623 4346 3680 4390 et

2093 4439 2384 4494 mortuos;
2415 4429 2575 4500 cujus
2632 4428 2782 4497 regni
2835 4443 2942 4482 non
2985 4429 3094 4482 erit
3138 4427 3280 4482 linis.
3313 4428 3382 4483 Et
3406 4428 3462 4481 in
3500 4426 3677 4496 Spiri-

2102 4533 2217 4578 tum
2281 4533 2532 4577 sanetum
2578 4521 2870 4576 Dominum
2929 4531 2987 4577 et
3050 4521 3437 4582 viviﬁcantem,
3468 4522 3561 4590 qui
3610 4535 3678 4574 ex

2101 4615 2260 4668 Patre
2296 4614 2559 4682 procedit,
2588 4614 2681 4682 qui
2707 4629 2830 4668 cum
2863 4614 3025 4668 Patre
3045 4624 3102 4669 et
3133 4613 3269 4668 Filio
3295 4613 3458 4668 simul
3485 4614 3684 4668 adora-

2103 4719 2195 4764 tur
2226 4719 2282 4764 et
2305 4709 2751 4779 congloritieatur
2777 4725 2795 4774 ;
2821 4709 2914 4777 qui
2945 4709 3164 4763 locutus
3201 4719 3286 4764 est
3318 4724 3414 4778 per
3441 4710 3684 4778 prophe-

2103 4811 2205 4858 tas.
2232 4802 2296 4856 Et
2331 4817 2492 4854 unam
2533 4800 2696 4871 138
2731 4811 2975 4856 sanctam
3008 4802 3334 4856 catholicam
3372 4811 3428 4856 ct
3467 4812 3686 4872 aposto-

2105 4892 2262 4948 licam
2298 4894 2621 4949 Ecclesiam.
2675 4893 2955 4948 Conﬁteor
2987 4909 3156 4946 unum
3214 4893 3481 4965 baptisma
3516 4895 3569 4948 in
3603 4910 3687 4949 re-

2103 4984 2421 5042 missionem
2451 4992 2823 5054 peccatorum,
2851 4991 2906 5038 ct
2928 4991 3188 5050 exspecto
3224 4983 3683 5036 resurrectionem

2105 5085 2449 5131 mortuorum
2484 5086 2540 5131 ct
2584 5077 2751 5129 vitam
2780 5073 2999 5128 venturi
3036 5072 3244 5126 εει-(διιεῖ.
3280 5074 3470 5127 Λιιιιιιι.
3511 5075 3686 5128 Etiam

2104 5184 2340 5238 agnosco
2362 5178 2416 5222 et
2445 5176 2558 5221 toto
2579 5167 2764 5220 animo
2787 5180 3042 5220 revereor
3066 5174 3304 5226 sanctas,
3325 5167 3686 5235 venerandas,

2105 5259 2476 5314 metunenicas
2505 5259 2624 5312 illas
2666 5266 2872 5326 septem
2908 5256 3188 5328 synodos},
3219 5267 3275 5310 et
3307 5254 3543 5324 reliquas
3591 5257 3694 5309 mi—

2107 5367 2276 5405 nores
2306 5366 2440 5418 quas
2467 5351 2718 5419 agnoscit
2749 5359 2801 5402 ct
2831 5357 3115 5402 reveretur
3146 5357 3333 5403 sancta
3359 5349 3448 5401 Dei
3495 5348 3691 5400 catho-

2108 5444 2213 5498 lica
2233 5453 2288 5496 et
2313 5443 2614 5511 apostolica
2660 5441 2922 5495 Ecclesia.
2953 5441 3022 5495 Et
3059 5458 3198 5511 quos
3229 5443 3310 5496 lim
3361 5451 3690 5506 receperunt

2109 5550 2209 5606 ego
2275 5548 2496 5602 quoque
2552 5533 2798 5602 recipio;
2867 5549 3007 5602 quos
3075 5533 3539 5591 condemnarunt,
3587 5548 3697 5600 ego

2113 5641 2331 5698 quoque
2358 5622 2693 5686 condemno,
2730 5638 2910 5692 neque
2943 5622 3137 5676 horum
3169 5621 3332 5673 ullam
3385 5619 3692 5671 doctrinam

2115 5719 2182 5774 iis
2218 5732 2340 5788 qua:
2372 5715 2532 5770 nobis
2563 5713 2778 5768 tradita:
2826 5724 2954 5768 sunt
2991 5717 3108 5782 ipse
3147 5721 3242 5764 aut
3300 5709 3470 5775 addo,
3497 5717 3594 5760 aut
3625 5710 3696 5762 ab

2115 5810 2236 5866 aliis
2268 5807 2510 5863 additam
2574 5819 2838 5876 agnosco,
2872 5813 2929 5857 ut
2965 5820 2991 5856 a
3036 5799 3239 5856 sanctis
3300 5797 3410 5853 illis
3473 5796 3706 5865 synotl'is
