4070 6326
424 371 528 440 flii

1629 388 2050 456 NICEPHORI
2088 397 2470 460 GBEGORiE

3570 388 3678 456 190

420 487 752 552 prmeeptum
783 489 890 538 est.
926 481 1118 554 Neque
1157 489 1482 557 prmiermisi
1544 492 1844 565 quidquam
1901 508 1997 555 aut

2111 503 2195 557 iui
2234 507 2345 570 τοῖς
2373 505 2638 577 optabam
2669 504 2800 576 παρ’
2833 503 3071 575 αὖτῶνῆ
3105 503 3266 568 αὐτὸς
3296 503 3609 574 προστιθεὶς
3637 501 3673 572 ἢ

418 573 661 627 resecavi
693 589 831 643 ipse,
862 590 1042 646 neque
1074 593 1196 648 qum
1232 580 1301 637 ab
1351 580 1474 637 aliis
1507 592 1719 640 resecta
1763 596 1892 643 sunt
1923 587 1991 644 ad

416 665 633 734 apicem
663 675 720 720 et
745 665 987 723 litteram
1021 670 1243 738 agnovi.

2099 596 2230 666 παρ’
2283 596 2463 653 ἄλλων
2512 598 2837 670 γινομένην,
2871 599 2950 664 ὥς
3002 597 3167 655 αὗται
3201 600 3258 653 αί
3310 601 3452 652 θεῖαι
3481 599 3677 651 θεσπίο

2101 686 2255 753 ζουσι
2305 689 2541 757 σύνοδοι,
2567 688 2864 763 δεχόμενος
2889 689 3028 756 ὅλως
3049 707 3066 724 ⁶
3103 693 3244 764 μήτε
3275 690 3515 760 unum
3546 706 3676 743 τινα

415 755 514 810 και
566 757 860 857 ἀραιρεσιν
903 759 1098 833 p.128
1127 761 1181 834 ὁ]
1221 760 1253 833 ἦ
1317 764 1484 832 αὐτὸς
1527 766 1780 841 ἀφαιρῶν
1833 770 1945 841 tm
1991 773 2026 847 ἢ
2063 777 2430 852 ἀφαιροῦντος
2502 755 2857 857 misr.“
2885 755 3049 840 ελλάυ
3097 755 3261 856 ξιιξςρι
3307 755 3540 855 κεραίας
3577 783 3682 836 καὶ

414 853 701 924 γραμμῆς.

493 944 628 1002 Vlll.
687 947 841 1003 llanc
897 949 1234 1021 propositam
1286 953 1580 1012 formulam
1635 967 1696 1014 ut
1751 973 1880 1016 vera
1933 975 1999 1018 ac

417 1043 682 1092 constans
707 1045 891 1093 nostra
927 1038 1105 1109 pietas
1137 1057 1202 1099 ac
1229 1042 1481 1102 doctrina
1524 1047 1684 1104 facile
1713 1047 1782 1104 ab
1815 1050 1997 1106 omni-

415 1124 520 1180 bus
545 1127 717 1197 possit
743 1126 968 1200 intelligi
997 1130 1208 1188 reddidi
1253 1134 1582 1204 simplicem,
1629 1140 1999 1210 perspicuam,

417 1219 754 1288 incomptam
789 1221 1034 1293 satisque
1072 1226 1331 1282 omnibus
1379 1239 1650 1300 apertam.
1675 1229 1866 1302 Neque
1896 1232 2000 1288 im-

421 1307 632 1362 mutavi
689 1308 992 1380 quidquam
1027 1326 1205 1382 neque
1236 1315 1534 1372 verborum
1563 1317 1776 1374 ambitu
1838 1334 1999 1378 arsus

416 1415 537 1453 sum
574 1401 630 1455 in
662 1401 898 1459 formula
930 1402 1034 1461 hac
1078 1406 1465 1465 renuntianda.
1499 1409 1688 1480 Neque
1731 1410 1998 1470 formulas

418 1487 758 1560 theologicas
785 1507 882 1546 seu
927 1491 1264 1564 dogmaticas
1299 1496 1533 1565 iutexui,
1567 1514 1693 1555 cum
1745 1501 1998 1559 obscurat

421 1579 526 1634 sint
539 1580 791 1650 plurimis
806 1581 1108 1641 lectoribus
1129 1601 1309 1657 neque
1328 1589 1461 1644 satis
1485 1589 1554 1645 ad
1582 1589 1996 1663 intelligendum

420 1681 625 1741 apertre
657 1673 759 1728 nisi
794 1674 1040 1730 adhibita
1071 1678 1457 1748 explicatione.
1493 1679 1647 1740 Unde
1677 1697 1821 1755 saepe
1853 1684 1914 1740 fit
1938 1692 1998 1741 ut

2173 962 2257 1021 H'.
2306 967 2526 1040 Ταύτην
2577 968 2678 1040 τὴν
2733 968 3012 1042 εγγραφόν
3081 983 3184 1040 μου
3233 963 3528 1040 ὁμολογίαν
3580 974 3681 1028 ἐπὶ

2102 1058 2450 1133 πληροφορίᾳ
2473 1053 2771 1133 τῆςόρθῆς
2814 1061 2911 1116 καὶ
2945 1062 3356 1134 ἀπαρεγκλίτου
3387 1063 3679 1128 εὐσεϐείας

2103 1168 2211 1220 μου
2255 1153 2354 1208 καὶ
2394 1152 2635 1217 πίστεως
2679 1151 2874 1224 δίδωμι
2923 1155 3123 1225 ἁπλῆν,
3156 1154 3328 1226 σαφῆ,
3365 1155 3674 1219 ἀποίκιλον,

2102 1238 2373 1309 εὔληπτον
2400 1242 2496 1296 καὶ
2519 1244 2635 1306 τοῖς
2659 1243 2796 1297 πᾶσι
2832 1242 3030 1314 ῥᾳδίως
3057 1241 3489 1314 γνωριζομένην,
3518 1243 3682 1298 οὐδὲν

2101 1331 2406 1396 ἀλλοιώσας
2465 1332 2589 1388 οὐδὲ
2651 1336 3011 1406 μεταφράσας
3059 1334 3170 1388 τῶν
3215 1335 3274 1388 ὲν
3313 1334 3390 1404 τῷ
3419 1335 3552 1407 θείῳ
3578 1337 3676 1391 καὶ

2105 1425 2239 1495 ίερῷ
2295 1423 2551 1496 συμϐόλῳ
2600 1426 2700 1495 τῆς
2748 1426 3009 1492 πίστεως,
3052 1427 3178 1482 οὐδὲ
3233 1427 3512 1495 θεολογίας
3575 1427 3677 1482 καὶ

2103 1517 2351 1586 δόγματα
2399 1518 2804 1589 παρεγγράψας
2849 1519 3038 1589 ἀσαφῆ
3089 1521 3200 1583 τοῖς
3253 1519 3530 1582 πλείστοις
3575 1518 3676 1573 καὶ

2103 1605 2339 1665 ἀσύνετα
2367 1606 2462 1660 καὶ
2496 1605 2794 1676 ἑρμηνείας
2818 1603 3068 1676 δεόμενα,
3083 1606 3158 1668 ὡς
3187 1609 3283 1661 καὶ
3306 1606 3677 1669 καινοφωνίας

2101 1695 2353 1752 ἐντεῦθεν
2384 1685 2684 1770 εἰρημένας
2715 1696 3000 1754 λανθάνειν
3030 1695 3235 1767 μεταξῦ
3263 1698 3358 1750 καὶ
3391 1698 3676 1767 παρατρέ-

419 1762 603 1817 inania
648 1765 892 1836 irrepant
936 1783 1072 1839 quae.
1097 1784 1261 1826 aures
1297 1772 1494 1829 surdas
1533 1774 1839 1833 oll'endunt.
1891 1777 2001 1834 Sed

2111 1807 2220 1861 μιν
2251 1790 2382 1854 τοὺς
2422 1762 2744 1855 ἀκούοντας,
2773 1790 2896 1845 ἀλλ’
2921 1762 3061 1844 αὐτα
3093 1791 3272 1844 ἐκεῖνα
3302 1762 3487 1850 ἁπλῶς
3519 1762 3674 1842 ὲκ-τιο

417 1853 743 1923 simpliciter
774 1858 929 1913 retuli
953 1862 1342 1919 sanctificatum
1363 1865 1510 1922 illam
1536 1868 1826 1924 formulam
1852 1870 1999 1940 pari-

422 1952 508 2000 ter
535 1962 598 2001 ac
626 1949 756 2003 mihi
796 1951 993 2006 tradita
1019 1963 1122 2008 est.
1151 1953 1292 2020 Quin
1355 1957 1473 2026 ipsa
1503 1959 1652 2015 nuda
1720 1969 1778 2016 et
1810 1971 1999 2032 aperta

419 2039 587 2094 verba
617 2041 842 2095 exhibui
874 2054 1191 2100 sanctorum
1218 2047 1482 2116 Patrum;
1510 2050 1564 2104 in
1596 2065 1833 2120 quorum
1881 2062 2002 2108 stu-

422 2129 529 2185 diis
551 2141 605 2185 et
631 2131 878 2188 doctrina
903 2151 1002 2205 per
1033 2146 1200 2194 totam
1231 2138 1398 2194 vitam
1441 2144 1806 2211 perseverabo
1842 2143 2004 2218 139

425 2231 484 2277 ut
513 2223 710 2296 dignus
737 2227 838 2282 sim
871 2229 1032 2299 cujus
1071 2233 1254 2287 anima
1287 2249 1315 2287 a
1345 2235 1455 2290 Deo
1485 2237 1804 2307 recipiatur,
1836 2247 1894 2294 et
1941 2250 2000 2297 ut

425 2316 622 2386 dignus
642 2319 742 2373 sim
769 2320 1251 2390 deprecationibus
1278 2324 1467 2381 Matris
1495 2329 1860 2386 sanctissimae
1882 2345 2001 2386 om-

427 2410 694 2479 niumque
743 2421 1084 2468 sanctorum.
1129 2414 1327 2470 Amen.
1367 2416 1523 2483 Quod
1583 2419 1650 2474 ad
1707 2420 2000 2476 Calabrum

426 2498 674 2556 Barlaam
706 2515 763 2558 et
789 2504 1131 2578 Acindynum
1181 2510 1397 2575 attinet,
1431 2525 1555 2566 cum
1607 2517 1766 2580 plura
1812 2513 2002 2569 dicere

427 2610 538 2650 non
567 2595 748 2662 liceat,
789 2612 934 2652 nunc
967 2598 1020 2652 id
1059 2608 1270 2653 tantum
1321 2597 1603 2671 prefiteor,
1629 2619 1714 2659 me
1746 2620 2004 2675 quaecun-

426 2703 535 2757 que
574 2687 818 2756 iudicata
862 2701 992 2746 sunt
1024 2691 1091 2747 de
1126 2702 1360 2762 utroque
1389 2703 1444 2748 et
1497 2696 1718 2752 decreta
1747 2713 1778 2752 a
1813 2707 2001 2754 sancta

430 2780 523 2836 llei
561 2781 802 2838 Ecclesia
835 2797 1159 2853 agnoscere.
1192 2784 1297 2841 Sed
1337 2786 1453 2842 haec
1503 2789 1790 2847 hactenus.

498 2963 588 3019 IX.
621 2961 696 3019 Ex
724 2967 980 3022 mandato
1011 2969 1311 3038 apportasti
1336 2970 1467 3024 mihi
1516 2971 1727 3029 viviﬁca
1758 2983 1815 3029 et
1843 2974 1999 3030 miri-

433 3052 531 3110 fica
568 3057 682 3111 luet:
713 3067 916 3112 sancta:
973 3057 1327 3115 Eucharistite
1378 3063 1660 3133 mysteria,
1700 3080 1826 3134 quae
1861 3067 1997 3121 mihi

2100 1882 2333 1952 θέμενος
2381 1883 2452 1938 τὰ
2504 1883 2884 1954 παραδοθέντα
2916 1899 3008 1953 μοι
3037 1881 3244 1936 ἄνωθεν
3283 1881 3404 1952 ἱερὰ
3449 1882 3675 1952 ῥήματα

2100 1975 2176 2038 ὡς
2210 1974 2611 2047 παρεδόθησαν,
2646 1978 2741 2029 καὶ
2788 1975 2958 2039 αὐτὰς
3007 1975 3106 2038 τὰς
3135 1975 3364 2044 γνησίας
3411 1975 3524 2028 τῶν
3576 1970 3666 2026 θε-

2103 2065 2341 2120 σπεσίων
2390 2067 2650 2136 Πατέρων
2697 2067 2881 2132 φωνὰς
2929 2066 3141 2136 γυμνὰς
3167 2066 3261 2120 καὶ
3313 2065 3678 2136 ἀπαρακαλᾶ-

2102 2174 2270 2222 πτους
2322 2158 2634 2228 προφέρων.
2661 2150 2761 2212 Ὧν
2789 2159 2857 2228 τῇ
2907 2157 3106 2229 μελέτῃ
3151 2157 3246 2214 καὶ
3275 2155 3539 2225 ὁμολογίᾳ
3581 2155 3674 2208 διὰ

2101 2249 2304 2313 παντὸς
2340 2249 2598 2318 ιμμένων
2623 2247 2720 2302 τοῦ
2762 2249 2879 2318 βίου
2920 2247 3215 2316 ἀξιωθείην
3261 2245 3676 2316 τὴν,ἠμετέραν

2099 2339 2178 2409 τῷ
2219 2338 2340 2409 Θεῷ
2387 2336 2725 2408 παραδοῦναι
2773 2335 2974 2407 ψυχὴν,
3006 2333 3325 2406 πρεσϐείαις
3369 2334 3468 2402 τῆς
3502 2349 3674 2386 πανυ-

2102 2431 2378 2500 περάγνου
2422 2428 2593 2482 αὐτοῦ
2624 2429 2848 2498 Μητρὸς
2900 2429 2996 2480 καὶ
3037 2425 3255 2479 πάντων
3312 2425 3422 2478 τῶν
3475 2425 3673 2492 ἁγίων.

2113 2506 2310 2591 Ἀμήν.
2343 2520 2479 2591 Περὶ
2521 2519 2578 2573 δὲ
2624 2519 2717 2573 τοῦ
2773 2517 3064 2590 Καλαδροῦ
3107 2516 3374 2588 Βαρλαὰμ
3431 2517 3524 2570 καὶ
3575 2515 3676 2570 τοῦ

2114 2613 2419 2668 ’Ᾱκινδύνου
2451 2613 2612 2666 πλέον
2642 2631 2692 2666 τι
2720 2611 2901 2680 λέγειν
2930 2611 3028 2665 οὐκ
3061 2610 3200 2681 ἔχων
3229 2610 3288 2661 ὲν
3334 2607 3414 2677 τῷ
3443 2607 3677 2676 παρόντι

2102 2705 2259 2759 τοῦτο
2314 2704 2473 2775 μόνον
2529 2705 2696 2774 φημὶ,
2726 2703 2811 2757 δτι
2848 2703 3070 2772 στέργω
3116 2703 3242 2756 ὅσον
3296 2702 3421 2753 τότε
3475 2699 3672 2767 διέγνω

2102 2793 2231 2862 περὶ
2286 2793 2467 2846 αὐτῶν
2513 2791 2774 2863 ἑκατέρου
2819 2791 2915 2845 καὶ
2955 2779 3261 2860 ἐψηφίσατο
3312 2789 3348 2860 ἡ
3401 2789 3537 2857 ἁγία
3576 2787 3676 2841 τοῦ

2102 2885 2234 2938 Θεοῦ
2275 2883 2588 2952 Ἐκκλησία.

2174 2974 2253 3029 Θ’.
2279 2973 2352 3027 Ἀ
2380 2991 2442 3042 γε
2479 2975 2587 3045 μὴν
2611 2975 2752 3028 κατὰ
2779 2975 2878 3038 τὰς
2907 2975 3046 3045 ἐμὰς
3075 2974 3296 3039 ἐντολὰς
3322 2973 3674 3046 ὲκεκομίκεις

2101 3067 2234 3136 ἡμῖν
2281 3067 2522 3132 ζωοποιὰ
2567 3067 2725 3121 ταυτὶ
2769 3069 2861 3121 καὶ
2911 3067 3116 3139 φρικτὰ
3158 3069 3454 3140 μυστήρια,
3511 3067 3678 3129 ζῶντι

433 3149 564 3203 dum
592 3150 741 3205 inter
769 3151 923 3205 vivos
954 3151 1056 3206 sim
1086 3151 1284 3206 animae
1314 3167 1533 3224 unaque
1571 3155 1822 3226 corporis
1854 3157 2004 3212 salu-

2115 3159 2214 3229 μὲν
2238 3159 2509 3230 παρέσται
2556 3176 2646 3229 μοι
2696 3160 3085 3230 συνεχέστερον
3133 3159 3338 3214 τούτων
3391 3160 3676 3230 μετέχοντι

432 3253 538 3296 tum
567 3243 809 3311 prmbent
831 3251 896 3312 et.
932 3241 1302 3298 firmissimum
1342 3255 1532 3300 contra
1551 3261 1745 3302 omnes
1778 3248 2005 3306 insidias

431 3333 744 3403 praesidium
772 3352 792 3399 ι
821 3349 944 3389 eum
977 3350 1107 3390 vero
1137 3336 1245 3390 vita
1269 3336 1555 3404 excedam,
1585 3339 1794 3408 optimo
1837 3354 1922 3394 me
1951 3339 2004 3395 in

432 3430 596 3482 vitam
649 3435 906 3482 aeternam
952 3436 1358 3498 prosequentur
1411 3428 1630 3483 viatico.
1668 3430 1796 3484 Haec
1870 3431 2006 3487 mihi

430 3535 654 3591 quoque
677 3520 1029 3575 verissimum
1055 3529 1187 3576 sunt
1208 3521 1585 3576 testimonium
1617 3522 1864 3576 omnium
1891 3521 2008 3576 illoc

431 3629 552 3669 rum
599 3614 982 3678 certaminum,
1013 3628 1133 3682 quae
1190 3614 1422 3670 antehac
1475 3613 1690 3684 suscepi
1736 3615 2009 3683 etiamque

357 3725 360 3727 λ
432 3718 582 3760 nunc
627 3703 1042 3773 suscipimcum
1106 3712 1422 3759 constanter
1472 3703 1750 3774 professus
1791 3704 1891 3760 sim
1943 3718 2009 3761 ea

434 3810 622 3852 revera
656 3811 777 3851 esse
807 3795 1076 3851 inearnati
1105 3793 1198 3851 Dei
1220 3811 1422 3866 corpus
1453 3807 1509 3852 et
1534 3797 1881 3868 sanguinem,
1905 3811 2009 3853 nec

435 3904 564 3944 vero
592 3889 790 3944 horum
846 3888 1133 3960 imaginem
1169 3895 1264 3943 aut
1308 3889 1653 3944 efficientiam
1688 3889 2008 3946 insubstan-

433 3986 581 4041 tialis
611 3994 819 4040 natura:
840 3999 1004 4054 quam
1033 3999 1138 4052 ope
1175 3983 1477 4052 phantasia:
1508 3982 1702 4037 dicunt
1737 3981 2010 4036 incarnari

434 4093 617 4147 neque
646 4092 838 4132 revera
869 4089 991 4131 esse
1052 4089 1218 4130 unam
1279 4075 1406 4128 trini
1462 4082 1518 4128 et
1564 4073 1730 4127 unius
1782 4071 2009 4142 ingenitl

435 4171 693 4241 beatique
749 4170 842 4224 Dei
901 4168 1065 4226 Verbi
1129 4166 1520 4221 substantiam.
1557 4165 2012 4220 Persecutorihus

435 4267 575 4320 meis
605 4267 719 4319 haec
753 4262 930 4332 palam
965 4271 1022 4316 et
1051 4272 1308 4329 expresse
1340 4256 1785 4312 renuntiantibus
1834 4270 2013 4326 neque

437 4359 616 4428 pudor
672 4355 845 4411 inest.
886 4366 1067 4422 neque
1118 4349 1426 4406 caelestium
1480 4355 1658 4402 metus
1700 4347 2010 4402 fulminum.

435 4453 569 4519 Quae
617 4464 742 4505 eum
773 4449 846 4501 ita
875 4445 1138 4512 sint,ego
1173 4457 1298 4496 cum
1330 4441 1418 4496 bis
1448 4439 1649 4495 divinis
1677 4448 1734 4494 et
1766 4440 2013 4498 mirificis

441 4541 719 4616 mysteriis
745 4538 811 4594 ad
846 4538 1016 4591 Deum
1047 4534 1292 4591 Verbum
1340 4547 1472 4589 vere
1519 4533 1858 4587 inearnatum
1907 4533 2012 4588 iter

445 4637 648 4707 parabo
671 4675 690 4706 ,
715 4633 812 4688 ubi
841 4628 1237 4686 revelabuntur
1270 4640 1402 4682 sane
1440 4639 1584 4680 vera:
1623 4623 1891 4679 doctrina:
1920 4624 2014 4695 ju.

443 4730 606 4785 dicia.
642 4726 723 4781 Tu
761 4737 890 4779 vero
919 4719 1077 4792 ιω
1101 4718 1212 4774 noli
1237 4732 1457 4788 operam
1490 4715 1719 4786 perdere
1750 4715 2016 4784 sepelien-

442 4826 512 4878 do
538 4822 770 4878 cadaver
801 4830 1006 4881 meum,
1039 4813 1134 4868 ubi
1156 4812 1387 4868 canibus
1409 4810 1708 4878 avibusque
1738 4808 2015 4879 obiectum

444 4909 817 4983 conspexeris.
846 4906 1001 4974 Quod
1027 4906 1139 4976 jam
1181 4903 1353 4958 multo
1385 4918 1451 4957 ex
1479 4913 1724 4970 tempore
1754 4915 2017 4970 persecu-

447 5017 593 5062 tores
626 5002 695 5056 de
727 5015 813 5055 me
842 4996 1151 5053 decrevisse
1184 4995 1320 5050 seio.
1351 4993 1514 5061 Quid,
1543 4994 1587 5048 si
1642 4992 2020 5064 plurimi.san-

443 5111 663 5155 ctorum
686 5109 792 5149 non
829 5089 987 5146 inviti
1016 5102 1218 5158 corpus
1253 5087 1444 5142 bestiis
1474 5086 1637 5156 ohjici
1699 5085 1842 5155 passi
1867 5093 2018 5147 sunt,

445 5191 633 5255 etiam,
660 5185 804 5258 quod
825 5181 1050 5254 quidem
1081 5180 1149 5235 de
1183 5181 1434 5250 pluribus
1458 5186 1697 5244 constat,
1723 5185 2017 5244 antequam

449 5298 682 5353 corpore
710 5281 892 5335 anima
914 5277 1171 5338 decessu,
1209 5275 1280 5328 ita
1319 5285 1378 5327 ut
1411 5275 1552 5327 inter
1581 5269 1881 5324 acerrimos
1924 5267 2021 5320 do-

448 5377 595 5430 lores
622 5387 821 5441 corpus
843 5367 1169 5422 dilaniatum
1194 5365 1307 5419 sit?
1360 5362 1613 5418 Profecto
1651 5375 1736 5414 me
1761 5359 1854 5428 qui
1880 5357 2024 5412 mille

452 5468 694 5535 nece-tis
761 5473 1021 5518 oneratus
1079 5461 1202 5523 sim,
1233 5457 1405 5511 multo
1451 5454 1622 5524 magis
1682 5453 1917 5507 tolerare
1968 5451 2020 5506 id

450 5557 954 5628 docet,prtrsertim
1017 5568 1140 5606 eum
1187 5553 1238 5604 in
1300 5565 1500 5618 corpus
1526 5549 1635 5618 jam
1679 5547 1824 5601 omni
1863 5561 2024 5599 sensu

452 5653 730 5714 orbatum,
757 5650 812 5702 in
836 5647 1066 5701 cadaver
1094 5642 1340 5696 saeviant.
1378 5640 1512 5693 Nam
1544 5641 1811 5707 voluptas,
1845 5638 2022 5701 dolor,

451 5749 556 5806 ira,
588 5755 790 5802 metus,
851 5743 1123 5808 quotquot
1171 5733 1260 5786 alii
1308 5741 1432 5784 sunt
1473 5731 1635 5784 animi
1685 5742 1868 5784 motus
1931 5741 2024 5783 aut

455 5848 576 5904 qua:
647 5832 863 5901 (torpori
921 5831 1107 5883 sul-est
1159 5824 1328 5878 solam
1389 5823 1626 5876 animum
1691 5834 1874 5877 tenent
1934 5832 2026 5875 aut

2107 3251 2285 3322 ψυχῆς
2310 3249 2448 3320 ὁμοῦ
2480 3253 2576 3306 καὶ
2620 3253 2875 3322 σώματος
2929 3253 3202 3323 ἁγιασμὸς
3246 3255 3342 3307 καὶ
3386 3254 3682 3323 κράτιστον

2110 3349 2254 3397 κατὰ
2282 3345 2498 3399 πάντων
2526 3345 2718 3400 δεινῶν
2754 3344 3145 3416 φυλακτήριον,
3179 3344 3279 3412 τῆς
3309 3344 3354 3398 δ’
3373 3344 3678 3414 ἐνεστώσης

2113 3435 2500 3507 μεθισταμένῳ
2527 3438 2673 3507 ζωῆς
2711 3437 2968 3507 μέγιστον
3008 3433 3162 3499 αὖθις
3197 3437 3410 3506 ἐφόδιον
3457 3435 3678 3490 αἰωνίου

2111 3529 2257 3600 ζωῆς
2289 3529 2386 3583 καὶ
2431 3530 2539 3583 τῶν
2576 3528 2726 3597 ἐμῶν
2783 3529 2960 3583 ἄθλων
3005 3527 3306 3599 μαρτύριον
3352 3526 3676 3598 ἀκραιφνὲς,

2111 3622 2204 3687 οὓς
2257 3623 2397 3694 ὑπὲρ
2448 3622 2654 3677 τούτων
2698 3622 3011 3692 ἠγώνισμαι
3054 3639 3114 3675 τε
3164 3623 3260 3675 καλ⁸
3299 3620 3676 3691 ἀγωνίζομαι,

2111 3713 2286 3768 ταῦτα
2319 3712 2553 3783 βεϐαίως
2582 3713 2986 3784 διατεινόμενος
3029 3709 3169 3766 εἶναι
3213 3711 3273 3766 τδ
3303 3711 3396 3764 τοῦ
3430 3710 3497 3763 δι’
3533 3711 3680 3780 ἡμᾶς

2115 3806 2494 3877 σαρκωθέντος
2524 3806 2700 3874 Λόγου
2743 3805 2878 3858 Θεοῦ
2921 3806 3081 3873 σῶμα
3125 3804 3219 3856 καὶ
3253 3798 3414 3872 αἷμα,
3439 3803 3532 3856 καὶ
3559 3801 3680 3870 οὐχὶ

2114 3901 2287 3954 τύπον
2336 3899 2561 3953 ἐκείνων
2613 3897 2644 3970 ἢ
2698 3900 2795 3952 καὶ
2846 3899 3099 3951 ἀνουσίου
3141 3897 3288 3958 τινὸς
3331 3895 3682 3965 ἀποτέλεσμα

2113 3992 2416 4063 ἐνεργείας,
2453 3995 2519 4064 ἣν
2555 3990 2943 4061 φαντασιωδῶς
2988 4005 3106 4052 πως
3157 3986 3540 4058 σεσαρκῶσθαι
3587 3985 3685 4037 καὶ

2114 4085 2236 4155 οὐχὶ
2268 4082 2399 4155 μίαν
2440 4086 2548 4137 τῶν
2588 4084 2758 4152 τριῶν
2788 4083 2888 4152 τῆς
2927 4082 3100 4152 μόνης
3145 4081 3404 4133 ἀκτίστου
3450 4079 3542 4131 καί
3581 4095 3686 4148 μα·

2113 4178 2314 4248 καρίας
2339 4177 2558 4247 ἐκείνης
2586 4177 2776 4238 οὐσίας
2804 4174 2940 4229 Θεοῦ
2979 4174 3154 4242 Λόγου
3203 4172 3528 4234 ὑπόστασιν,
3570 4172 3684 4232 τοῖς

2113 4267 2268 4336 ἐμοῖς
2298 4267 2597 4338 διαρρήδην
2637 4264 2803 4335 βοῶσι
2833 4261 3091 4325 διώκταις
3129 4260 3294 4324 αἰδὼς
3337 4260 3438 4314 οὐκ
3471 4259 3686 4312 ἔπεισιν

2114 4357 2234 4410 οὐδ’
2265 4356 2524 4426 αίθερὲων
2553 4355 2718 4423 φόϐος
2761 4352 3069 4424 κεραυνῶν.
3118 4350 3216 4404 Διὰ
3257 4351 3323 4421 δὴ
3371 4349 3540 4403 ταῦτα
3592 4349 3687 4402 καὶ

2117 4447 2455 4518 συνέκδημος
2484 4448 2595 4509 τοῖς
2623 4445 2790 4506 θείοις
2819 4445 3059 4498 τουτοισὶ
3086 4443 3184 4496 καὶ
3204 4444 3449 4514 φρικτοῖς
3479 4458 3689 4513 μυστη-

2120 4539 2258 4608 ρίοις
2289 4535 2545 4606 γενέσθαι
2577 4534 2844 4605 βούλομαι
2873 4533 2974 4604 τὴν
3004 4534 3145 4605 πρὸς
3191 4533 3282 4586 τὸν
3306 4531 3521 4604 ἀληθῶς
3552 4549 3689 4603 σαρ-

2117 4630 2367 4682 κωθέντα
2415 4628 2549 4682 Θεὸν
2574 4625 2750 4694 Λόγον
2795 4627 3019 4696 πορείαν
3053 4625 3426 4694 στελλόμενος,
3453 4625 3560 4694 ὅπη
3593 4625 3693 4679 καὶ

2117 4723 2418 4794 τρανότερα
2445 4722 2513 4774 τὰ
2541 4721 2640 4792 τῆς
2657 4719 2891 4791 ἀληθοῦς
2915 4718 3373 4791 ἀνακαλυπτήρια
3395 4721 3524 4788 περὶ
3549 4719 3689 4771 πάν-

2119 4831 2230 4866 των
2258 4812 2580 4867 παντάπασι
2622 4810 2877 4880 γνώσεως
2909 4809 3086 4865 ἔσται.
3136 4809 3230 4863 Σοὶ
3257 4810 3302 4863 δ’
3332 4811 3522 4864 ἐατέον
3556 4827 3697 4862 παν-

2119 4901 2361 4954 τάπασιν
2413 4899 2508 4953 καὶ
2545 4899 2623 4967 μὴ
2668 4898 2758 4951 διὰ
2805 4899 3044 4967 σπουδῆς
3089 4897 3317 4970 μηδαμῆ
3349 4899 3694 4970 περιστεῖλαι

2122 4994 2214 5045 τὸν
2251 4993 2383 5062 ὲμδν
2411 4989 2655 5060 γενέσθω
2681 4991 2898 5062 νεκρὸν,
2945 4992 3145 5061 όρῶντι
3190 4993 3319 5046 κυσὶ
3354 4992 3448 5045 καὶ
3486 4992 3695 5061 ὀρνέοις

2122 5085 2371 5154 δαπάνην
2415 5084 2768 5153 ῥιπτόμενον,
2803 5083 2878 5146 ὥς
2909 5099 2974 5152 γε
3027 5085 3142 5147 τοῖς
3189 5085 3344 5154 ὲμοῖς
3369 5083 3583 5153 δημίοις
3628 5085 3694 5135 ἐκ

2125 5174 2323 5228 πολλοῦ
2349 5163 2483 5228 κείιύ
2494 5189 2662 5245 ρωται
2681 5173 2972 5243 ψηφισθένο
3007 5173 3056 5226 εί
3083 5173 3191 5244 γὰρ
3226 5173 3495 5228 πλείστων
3519 5173 3700 5242 ἁγίων

2127 5270 2361 5322 ἑκόντων
2384 5265 2585 5336 ἐρρίφη
2610 5267 2679 5320 τὰ
2703 5264 2956 5336 σώματα,
2986 5266 3081 5320 καὶ
3103 5266 3278 5320 ταῦτα
3301 5265 3410 5318 τῶν
3428 5283 3492 5334 γε
3517 5266 3698 5319 πλειόο

2126 5374 2234 5411 νων
2285 5357 2416 5427 πρὶν
2454 5357 2487 5426 ἢ
2527 5355 2627 5422 τῆς
2661 5355 2947 5426 συμφυοῦς
2989 5355 3328 5428 χωρισθῆναι
3364 5357 3572 5428 ψυχῆς,
3605 5359 3695 5410 ὅτε

2125 5449 2190 5518 δὴ
2229 5449 2466 5517 μάλιστα
2493 5449 2590 5498 καὶ
2634 5447 2992 5520 δριμυτέραις
3030 5449 3224 5502 ἕπεται
3270 5449 3696 5520 διαπερονᾶσθαι

2125 5545 2245 5603 ταῖς
2281 5540 2565 5607 ἀλγηδόσι,
2617 5541 2797 5610 πολλῷ
2830 5543 3004 5612 δήπου
3050 5542 3250 5612 μᾶλλον
3286 5545 3433 5613 ἡμᾶς
3483 5543 3699 5614 μυρίοις

2131 5636 2284 5702 ἁμαρ
2307 5635 2498 5701 ⁸ήμαισι
2535 5631 2820 5701 βρίθοντας
2852 5636 3147 5705 ὑπομένειν
3175 5636 3372 5707 χρεὼν,
3418 5635 3514 5688 καὶ
3543 5633 3701 5689 ταῦτ’

2131 5727 2208 5787 εἰς
2237 5723 2564 5793 ἀναίσθητον
2584 5725 2742 5793 σῶμα
2764 5728 2860 5779 καὶ
2878 5727 3072 5794 νεκρὸν
3088 5727 3194 5778 τῶν
3210 5726 3400 5778 δεινῶν
3422 5723 3484 5798 [ἶ.
3520 5726 3621 5780 129
3643 5722 3709 5794 a1

2137 5817 2665 5888 περιανιλουμένων.
2712 5820 2926 5871 Ἥδοναὶ
2954 5819 3061 5890 γὰρ
3095 5819 3192 5871 καὶ
3213 5817 3274 5872 λῦ
3288 5837 3380 5873 παι
3416 5819 3507 5872 καὶ
3533 5818 3702 5888 ὀργαὶ
