4070 6326
260 409 353 474 121

1208 405 1655 469 ΒΥΖΛΝΤΙΝᾸΞ
1694 404 2082 468 HISTORUE
2117 405 2265 468 LIB.
2305 406 2546 471 XXVII.

3402 408 3509 475 122

252 527 350 583 καὶ
400 524 580 594 φόϐοι,
630 526 727 579 καὶ
783 525 907 580 ὅσαι
954 524 1065 579 τῶν
1098 525 1414 596 ἐπιθυμιῶν
1455 525 1753 587 διαθέσεις.
1802 523 1836 593 ἢ

1940 525 2179 580 animam
2221 540 2440 597 unaque
2480 538 2723 595 corpus;
2774 522 3097 595 neutiquam
3142 539 3275 583 vero
3321 542 3524 599 corpus

247 616 430 690 ψυχὴν
455 615 816 687 ὑποκείμενον
838 615 1009 687 μόνην
1028 616 1212 683 ἕξουσι
1243 616 1366 671 καθ’
1393 616 1568 685 αὐτὴν
1590 615 1622 685 ἢ
1646 614 1826 685 ψυχὴν

248 710 544 783 χρωμένην
574 708 814 780 σώματι,
851 710 1011 780 σῶμα
1054 708 1100 764 δ’
1130 710 1260 765 ἀνευ
1304 711 1485 781 ψυχῆς
1517 709 1638 763 καθ’
1666 708 1825 775 αὐτὸ,

247 802 415 855 τοῦτο
466 800 513 854 δ’
564 799 751 854 οὔποτ’
781 801 849 854 ἂν
896 801 1148 872 οὐδαμῆ·
1184 802 1452 871 πρότερον
1480 800 1591 872 γάρ
1635 799 1703 855 ἀν
1743 817 1829 864 τις

244 892 571 961 ἐγκαλέσειε
622 889 800 957 ξύλοις
830 891 1064 961 ἀψύχοις
1114 893 1210 947 καὶ
1241 892 1411 956 λίθοις
1458 895 1632 965 χαρᾶς
1673 892 1829 963 ἐντή-

250 982 451 1038 κεσθαι
500 983 596 1037 καὶ
645 981 824 1053 λύπης
862 983 1122 1054 αἴσθησιν
1170 985 1268 1039 καὶ
1318 984 1426 1039 τῶν
1477 985 1826 1057 τοιούτωνΛί

247 1074 504 1145 σώμασιν
527 1074 895 1145 ἀνθρωπίνοις
927 1075 1293 1146 ἀπαλλαγεῖσι
1330 1077 1533 1148 ψυχῆς.
1577 1076 1828 1134 Γίνεσθαι

245 1159 297 1218 δ’
335 1162 431 1217 οῦν
461 1163 613 1235 ὅμως
665 1166 803 1235 πρὸς
831 1164 967 1219 Θεοῦ
1014 1168 1127 1231 τοῖς
1175 1165 1275 1236 μιν
1323 1165 1527 1235 δρῶσιν
1559 1166 1831 1235 ἀκούομεν

246 1252 477 1323 ἔλεγχον
508 1253 580 1308 τὰ
611 1255 788 1309 τοιαδὶ
830 1255 1031 1320 κακίας
1059 1258 1157 1311 καὶ⁵
1198 1256 1317 1326 ἅμα
1352 1256 1550 1326 φλογὸς
1587 1259 1705 1310 ἐκεῖ
1733 1274 1827 1311 κου

247 1345 527 1417 λαζούσης
563 1345 908 1416 ἐτοιμασίαν,
964 1342 1047 1411 οἷς
1080 1347 1127 1402 δ’
1170 1349 1468 1419 ὑπομένειν
1499 1350 1647 1413 ὅπως
1698 1348 1829 1403 ποτὲ

246 1439 537 1510 προθυμία
560 1477 577 1504 ,
615 1439 830 1503 τούτοις
862 1441 909 1493 δ’
944 1442 1271 1513 ἀπαλλαγὴν
1319 1441 1687 1513 ἔγκλημάτων
1724 1441 1829 1511 ψυ-

248 1533 377 1601 κῆς⁹
417 1532 556 1602 μηδὲ
598 1532 707 1601 γὰρ
747 1532 875 1585 ἀλλο
901 1551 954 1586 τι
985 1533 1273 1605 βούλεσθαι
1301 1535 1403 1605 τὴν
1432 1533 1671 1606 θηριώδη
1696 1551 1830 1586 τανα-

244 1620 378 1691 τηνὶ
407 1620 530 1676 καθ’
568 1622 727 1693 ἡμῶν
775 1624 1014 1695 κατοχὴν
1059 1628 1174 1689 τοῖς
1216 1627 1371 1696 ἐμοῖς
1415 1626 1634 1696 δημίοις
1666 1627 1700 1697 ἡ
1735 1624 1828 1679 τοῦ

244 1711 522 1781 παρόντος
561 1712 821 1783 ἐπίτομον
869 1713 986 1782 βίου
1036 1714 1387 1786 ἀπαλλαγήν.
1440 1718 1504 1770 Ὃ
1554 1717 1662 1786 γὰρ
1700 1717 1831 1769 ’1ου-

244 1804 421 1867 δαίοις
475 1804 707 1869 ἐκείνοις
742 1806 1066 1876 ἐπέπρακτο
1116 1805 1308 1871 πάλαι,
1361 1806 1544 1875 ἔργοις
1590 1807 1693 1877 μὲν
1734 1806 1830 1860 καὶ

246 1894 460 1959 πάσαις
516 1897 740 1968 γνώμης
781 1900 982 1968 ὁρμαῖς
1032 1898 1123 1953 τὸν
1170 1900 1409 1970 Χριστοῦ
1459 1876 1827 1956 συσκὲυάσασι
1862 1876 1906 1934 Β

245 1987 506 2053 Θάνατον,
538 1988 679 2058 λόγῳ
704 1989 749 2042 δ’
778 1990 1205 2060 εὐλαϐουμένοις
1238 1991 1400 2062 δῆθεν
1433 1991 1579 2063 ψιλῷ
1625 1994 1828 2063 χωρεῖν

244 2084 330 2144 εἰς
371 2080 707 2150 πραιτώριον
736 2082 1069 2154 ὀψιαίτερον,
1109 2085 1257 2139 τοῦτ’
1298 2084 1561 2155 ἄντικρυς
1611 2084 1712 2139 ῖδοι
1743 2100 1831 2147 τις

244 2173 317 2224 ἂν
340 2174 473 2225 κάπ’
506 2173 639 2243 ὲμοῦ
700 2176 1142 2240 συσκευάζοντας
1183 2178 1441 2231 τουτουσὶ
1485 2176 1612 2239 τοὺς
1660 2177 1831 2245 ἐμοὺς

257 2265 595 2331 Ἰουδαίουςο
643 2269 882 2333 δεδιότες
926 2271 1036 2340 γάρ
1093 2270 1225 2333 ἴσως
1275 2270 1405 2332 τοὺς
1455 2270 1830 2341 ἀνθρωπίνους

243 2359 530 2429 ἐλέγχους,
580 2359 800 2431 σίδηρον
837 2362 938 2431 μὲν
984 2363 1086 2416 οὐκ
1133 2363 1360 2430 ιπάγειν
1397 2363 1569 2431 ταχὺν
1612 2362 1828 2431 οὐδαμῆ

246 2454 395 2506 κατά
421 2469 485 2518 γε
514 2452 607 2505 τοῦ
641 2454 779 2523 ἐμοῦ
833 2455 1216 2525 συγχωροῦσιν
1270 2454 1533 2522 ἐμφανῶς
1579 2454 1829 2522 αὐχένος,

252 2546 331 2614 μὴ
360 2544 602 2601 λάθωσιν
625 2547 971 2617 ἀνδροφόνων
995 2548 1053 2609 ἐς
1080 2546 1354 2616 προῦπτον
1377 2547 1629 2615 δφλοντες
1650 2546 1829 2616 δίκην,

252 2636 434 2705 βίαιον
484 2637 532 2690 δ’
570 2635 748 2702 ἄλλως
797 2654 892 2707 μοι
948 2640 1160 2692 τουτονὶ
1191 2639 1278 2693 διὰ
1316 2639 1519 2702 παντὸς
1566 2640 1833 2694 συσκενά-

251 2733 409 2796 ζουσι
444 2734 642 2803 χρόνου
674 2734 769 2788 τὸν
806 2735 1061 2799 θάνατον,
1104 2736 1186 2800 είς
1233 2736 1645 2805 ἀπροφάσιστον
1669 2736 1833 2807 δῆθεν

251 2826 438 2879 αὐτῶν
488 2826 687 2881 κακίαν
736 2826 1125 2892 διατυποῦντες
1176 2828 1340 2882 αὐτὸν
1368 2828 1588 2882 οὑτωσί·
1633 2827 1695 2881 τὺ
1723 2830 1830 2899 γάρ

250 2935 337 2971 τοι
373 2918 557 2987 μεῖζον
583 2919 1047 2990 δημιουργοῦντες
1090 2919 1387 2974 τοῦλαττον
1421 2921 1828 2989 είρωνεύονται.

250 3011 328 3064 Σὺ
362 3010 407 3063 δ’
435 3011 572 3063 ἀλλά
605 3011 703 3065 καὶ
740 3012 1065 3066 τελευταίαν
1098 3012 1329 3082 ταυτηνὶ
1364 3012 1439 3082 μὴ
1487 3014 1832 3082 κατοκνήσῃς

251 3103 572 3155 καταθεῖναι
604 3121 694 3170 μοι
720 3104 905 3173 χάριν·
946 3103 1128 3158 λαϐὼν
1174 3104 1283 3174 γὰρ
1321 3104 1385 3157 τὺ
1432 3104 1605 3174 ἄγγος
1651 3106 1827 3173 τουτὶ,

1931 618 2289 683 exanimum;
2322 618 2435 673 imo
2465 618 2665 673 durum
2719 617 2929 689 lignum
2989 618 3173 689 potius
3212 634 3520 690 saxumque

1930 711 2215 779 voluptate
2245 708 2385 766 adici
2406 719 2464 764 et
2486 710 2709 765 dolores
2739 725 2983 781 quasque
2997 711 3198 766 similia
3230 720 3362 767 sunt
3391 728 3520 769 sen-

1933 801 2039 856 tire
2086 799 2296 856 dixeris
2353 814 2521 870 quam
2584 790 2899 856 exanimata
2951 816 3185 871 corpora
3252 802 3517 862 humana.

1931 891 2137 949 Tamen
2171 892 2315 963 apud
2348 895 2518 949 Deum
2551 894 2667 949 hinc
2689 902 3042 963 peccatorum
3097 895 3257 952 nobis
3312 912 3520 968 oppro-

1931 982 2213 1039 brio.esse
2255 986 2483 1040 scimus.
2517 985 2706 1055 Neque
2758 985 2893 1055 quid
2929 986 3083 1041 aliud
3113 986 3221 1042 hac
3256 989 3521 1043 custodias

1932 1077 2269 1132 immanitate
2303 1087 2682 1146 persecutores
2711 1079 2819 1133 mei
2844 1080 3138 1135 intendunt
3165 1094 3328 1149 quam
3360 1082 3515 1153 141

1931 1177 1992 1224 ut
2014 1184 2160 1225 mors
2183 1170 2311 1224 mihi
2332 1180 2659 1226 maturetur.
2684 1170 3162 1235 Quemadmodum
3190 1170 3363 1227 Judaei
3387 1173 3517 1228 olim

1930 1276 1992 1316 re
2022 1272 2079 1316 et
2107 1263 2353 1318 consiliis
2383 1268 2441 1318 ut
2485 1262 2647 1318 Jesus
2674 1264 2927 1320 Christus
2979 1277 3157 1319 morte
3182 1266 3513 1320 condemns-

1931 1363 2086 1409 retur
2115 1354 2441 1414 eﬂecerunt.
2487 1354 2583 1409 sed
2649 1356 2970 1424 praetorium
3030 1355 3184 1411 adire
3246 1371 3319 1410 ne
3370 1355 3520 1412 nuda

1930 1444 2068 1514 legis
2096 1446 2261 1499 verba
2288 1446 2631 1501 oﬂ‘endereut
2664 1448 2987 1511 noluerunt,
3034 1447 3111 1502 ita
3145 1448 3247 1503 hos
3296 1461 3519 1518 quoque

1914 1528 2021 1603 qui
2049 1535 2183 1588 mihi
2206 1544 2436 1589 mortem
2466 1536 2857 1591 machinantur
2880 1537 3102 1592 Iudaeos
3127 1553 3291 1605 agere
3316 1538 3519 1607 cuique

1929 1633 2180 1693 apertum
2234 1634 2340 1679 est.
2398 1625 2534 1680 Nam
2606 1626 2839 1681 aliorum
2896 1628 3196 1696 opprobria
3252 1643 3319 1684 ne
3375 1628 3517 1683 inci-

1931 1716 2063 1770 dant
2093 1716 2407 1772 cervicibus
2439 1718 2575 1771 meis
2600 1719 2776 1785 palam
2805 1720 2991 1772 statim
3045 1720 3289 1789 gladium
3322 1722 3520 1775 admo-

1932 1822 2063 1862 vere
2095 1809 2311 1869 nolunt,
2367 1808 2599 1863 fortasse
2653 1810 2811 1864 veriti
2862 1826 2933 1863 ne
2994 1811 3302 1867 manifestae
3351 1813 3521 1868 caedis

1932 1900 2010 1955 rei
2040 1901 2193 1955 ﬁant.
2225 1900 2429 1955 Tamen
2453 1902 2564 1970 jam
2629 1902 2802 1954 multo
2835 1917 2900 1955 ex
2958 1909 3207 1971 tempore
3261 1918 3359 1971 per
3405 1903 3519 1957 vim

1931 1992 2063 2045 mihi
2112 2006 2309 2045 manus
2359 1992 2562 2046 illaturi
2593 2002 2742 2046 sunt.
2777 1992 2857 2046 Tu
2912 2008 3044 2046 vero
3097 1993 3201 2047 hoc
3257 2003 3520 2063 prmwrea

1930 2084 2066 2138 mihi
2116 2094 2329 2153 gratum
2379 2084 2560 2137 facere
2608 2099 2680 2138 ne
2722 2098 2899 2138 cessa.
2937 2084 3105 2139 Sume
3153 2098 3415 2149 urceum,
3459 2093 3520 2138 et

1928 2189 1996 2232 ex
2027 2185 2190 2247 puteo
2219 2175 2353 2230 mihi
2378 2191 2575 2245 aquam
2602 2174 2859 2246 frigidam
2890 2175 3117 2231 haurire
3134 2176 3301 2241 aude,
3335 2176 3521 2245 quoad

1930 2267 2191 2323 custodes
2217 2269 2322 2322 mei
2346 2269 2499 2337 gravi
2534 2276 2590 2323 et
2634 2267 2744 2322 alto
2783 2282 2978 2323 somno
3034 2270 3199 2339 sopiti
3248 2270 3379 2323 sint.
3409 2268 3523 2323 Hac

1930 2361 2084 2417 enim
2115 2361 2231 2429 ipsa
2257 2361 2388 2414 hora
2427 2360 2481 2415 id
2533 2361 2718 2416 facere
2761 2376 3088 2417 consueram
3133 2362 3317 2431 quinis
3363 2361 3524 2416 denis

1933 2457 2016 2512 vel
2041 2457 2294 2525 pluribus
2324 2457 2527 2511 diebus
2573 2457 2965 2528 praeterlapsls.
3006 2456 3112 2512 Sed
3165 2456 3341 2511 multo
3390 2466 3523 2510 ante

1930 2549 2121 2621 viginti
2152 2550 2271 2605 dies
2334 2565 2459 2604 cum
2516 2550 2659 2605 hanc
2713 2565 2876 2620 quam
2918 2551 3185 2619 reliquam
3243 2550 3397 2604 vides
3420 2561 3523 2618 po-

1933 2643 2139 2697 tionem
2172 2642 2500 2708 hausissem,
2535 2652 2701 2697 nocte
2734 2659 2875 2699 eatea
2926 2644 2993 2698 ad
3027 2642 3266 2711 lapidem
3320 2656 3415 2710 pes
3443 2640 3527 2694 οί-

1931 2736 2120 2792 fensus
2155 2744 2259 2800 est,
2294 2751 2363 2791 ex
2396 2752 2503 2806 quo
2532 2751 2703 2806 usque
2727 2735 2907 2793 adhuc
2944 2752 3053 2790 non
3100 2734 3301 2791 leviter
3346 2748 3523 2802 aegro-

1933 2829 2062 2892 tavi,
2084 2829 2155 2882 ita
2186 2837 2247 2883 ut
2280 2844 2401 2899 quae
2429 2828 2690 2883 consuevi
2720 2828 2903 2885 facere
2922 2828 3172 2899 Iamplius
3191 2818 3524 2897 nequierim.

1933 2920 2124 2990 Itaque
2162 2936 2303 2990 aqua
2336 2921 2451 2976 hare
2501 2921 2806 2991 putrefacta
2833 2931 2999 2977 estet
3051 2922 3192 2976 male
3220 2922 3352 2975 olet.
3388 2922 3524 2977 Nam

1933 3028 2077 3086 aqua
2098 3023 2355 3085 stagnans
2389 3025 2442 3070 et
2465 3015 2568 3069 alia
2625 3030 2973 3085 quascunque
3002 3031 3032 3070 ε
3092 3015 3250 3087 142
3301 3016 3411 3070 Deo
3456 3018 3526 3072 ad

1939 3105 2239 3160 motionem
2271 3104 2542 3161 destinata
2562 3115 2693 3161 sunt
2722 3106 2881 3161 facile
2916 3115 3260 3176 putrescunt,
3294 3122 3527 3175 przesero

252 3195 451 3265 νεαρὸν
484 3198 549 3249 ὲκ
575 3195 670 3249 τοῦ
700 3197 937 3266 φρέατος
966 3197 1109 3268 ὕδωρ
1161 3198 1387 3268 κομίσαι
1415 3215 1506 3268 μοι
1550 3197 1833 3270 προθυμή-

1936 3199 2033 3254 tim
2061 3212 2206 3253 nunc
2239 3212 2364 3253 cum
2404 3206 2570 3253 astus
2616 3196 3030 3254 fervidissimus
3054 3207 3164 3254 est.
3226 3192 3317 3253 Sol
3372 3199 3525 3253 enim

252 3287 408 3358 θητι,
437 3289 543 3351 ἓως
572 3290 655 3342 ἔτι
682 3292 913 3361 νεαροὺς
954 3292 1050 3344 καὶ
1087 3291 1438 3361 ἀκμάζοντας
1464 3294 1496 3361 ἡ
1542 3292 1639 3359 νὺξ
1669 3290 1831 3362 ληνο-

251 3383 500 3436 6ατοῦσα
531 3385 750 3454 κίρνησι
794 3386 919 3446 τοὺς
967 3382 1172 3448 ὕπνους
1210 3385 1325 3445 τοῖς
1365 3384 1521 3452 ἐμοῖς
1551 3384 1829 3454 δεσμοφύ-

1935 3293 2281 3348 sidereorum
2313 3292 2520 3362 ignium
2545 3292 2802 3361 princeps
2824 3290 2915 3346 ille
2940 3299 3003 3345 ct
3027 3299 3220 3345 auctor
3242 3304 3370 3343 cum
3400 3297 3531 3360 post

1937 3384 2157 3440 Orionis
2189 3398 2443 3439 occasum
2477 3383 2640 3438 orbes
2669 3384 2725 3438 in
2756 3384 2897 3438 etelo
2938 3384 3165 3446 evolvit,
3201 3383 3318 3438 dies
3366 3383 3531 3437 nobis

251 3474 403 3540 λαξι·
440 3476 567 3546 τῇδε
596 3476 704 3547 γὰρ
738 3474 909 3545 κάμοὶ
934 3478 1001 3546 τῇ
1032 3475 1151 3547 ὥρᾳ
1184 3478 1359 3529 ποιεῖν
1387 3476 1578 3536 εἰωθὸς
1618 3477 1695 3540 ώς
1742 3477 1833 3529 ἐπὶ

1940 3477 2108 3532 nimis
2168 3476 2355 3532 aridos
2409 3474 2575 3532 efﬁcit
2620 3484 2677 3530 et
2722 3476 2986 3541 fervidus,
3030 3484 3088 3530 et
3120 3491 3242 3546 quae
3281 3477 3337 3531 in
3381 3484 3529 3530 terra

255 3567 319 3618 τὸ
346 3567 600 3619 πλεῖστον
635 3567 774 3637 μετὰ
804 3568 1201 3622 πεντεκαίδεκα
1236 3568 1332 3621 καὶ
1377 3567 1599 3630 πλείους
1632 3569 1834 3636 μεταξῦ

1942 3581 2075 3627 sunt
2108 3572 2551 3639 arefacit.Quare
2571 3572 2740 3627 etiam
2778 3572 2874 3626 Dei
2916 3571 3265 3641 providentia
3301 3568 3518 3624 vicissi-

252 3662 356 3725 τὰς
380 3663 618 3734 ἡμέρας.
656 3661 725 3715 '0
754 3662 811 3715 δὲ
843 3662 937 3715 νῦν
973 3663 1129 3732 ὁρᾷς,
1161 3663 1333 3715 εἴκοσι
1376 3660 1644 3731 πρότερον
1687 3661 1832 3731 ἡμέ-

1947 3664 2195 3719 tudinem
2230 3675 2621 3734 tempestatum
2643 3665 2889 3720 instituit
2923 3674 2978 3718 et
3013 3664 3149 3718 alias
3181 3662 3527 3716 humidiores

256 3773 362 3824 ρας
389 3739 634 3824 κομίζων
664 3755 879 3819 νυκτὸς,
927 3753 1121 3809 ἔλαθον
1145 3753 1234 3806 διὰ
1272 3753 1498 3816 σκότους
1528 3752 1662 3823 λίθῳ
1702 3753 1813 3807 τινὶ

1936 3770 1983 3809 te
2005 3755 2313 3825 frigidiores
2334 3756 2539 3819 effecit,
2556 3771 2676 3825 quae
2696 3756 2896 3809 nimios
2917 3756 3047 3810 solis
3068 3754 3220 3822 ignes
3241 3755 3515 3807 minuant.

256 3847 353 3899 τὸν
380 3846 522 3899 πόδα
556 3847 809 3916 πληγεὶς,
860 3847 957 3898 καὶ
1016 3844 1308 3913 ἀλγηδόσιν
1349 3844 1563 3897 ἐκεῖθεν
1609 3846 1668 3909 ἐς
1716 3844 1833 3899 τόδε
1873 3846 2219 3915 χρησάμενος
2288 3845 2347 3896 οὐ
2392 3844 2673 3913 βραχέσιν,
2715 3843 2788 3906 ὡς
2862 3842 2937 3913 μὴ
2968 3844 3264 3913 δυνηθῆναι
3322 3844 3522 3913 πρᾶξαι

257 3942 354 3996 τοῦ
385 3941 577 3994 λοιποῦ
640 3941 709 3993 τά
741 3938 1050 4009 εἰθισμένα.
1107 3938 1201 3991 Διὸ
1255 3939 1346 3991 καὶ
1397 3939 1606 4009 σέσηπέ
1661 3955 1742 4004 τε,
1796 3939 1869 4000 ὡς
1908 3940 2063 4010 ὁρᾷς,
2102 3941 2197 3992 καὶ
2258 3938 2495 3991 δδιυδεψ
2552 3936 2721 4000 ἑστὼς
2765 3938 2871 4004 γὰρ
2922 3937 3016 3989 καὶ
3063 3937 3240 3998 ἄλλως
3279 3939 3430 3988 νοσεῖ
3466 3936 3529 3985 τὸ

259 4034 431 4104 ὕδωρ,
469 4034 721 4102 καθάπερ
755 4031 820 4099 δὴ
865 4030 961 4085 καὶ
990 4030 1159 4084 τᾶλλα
1189 4029 1350 4084 πάνθ’
1376 4030 1551 4083 ὁπόσα
1578 4045 1641 4098 γε
1664 4031 1763 4101 τὴν
1799 4031 2013 4098 γένεσιν
2050 4033 2103 4092 ἐς
2146 4029 2209 4081 τὸ
2260 4029 2527 4081 κυεῖσθαι
2564 4027 2700 4096 πρὸς
2761 4026 2855 4078 τοῦ
2905 4028 3267 4094 πεποιηκότος
3315 4026 3529 4093 εἰλήφει

261 4123 422 4189 Θεοῦ,
453 4124 687 4193 μάλιστα
725 4124 781 4176 δὲ
819 4121 917 4177 νῦν
942 4122 1104 4175 ὁπότε
1136 4121 1229 4174 τοῦ
1254 4118 1536 4189 καύματος
1576 4122 1661 4189 εἴη
1700 4121 1761 4173 τὸ
1790 4122 2183 4191 ἀκμαιότατονο
2227 4121 2368 4188 μετά
2405 4120 2514 4188 γὰρ
2540 4120 2640 4182 τὰς
2662 4117 2757 4170 τοῦ
2806 4119 3064 4188 Ὠρίωνος
3087 4117 3359 4178 ἐπιτολὰς
3400 4118 3530 4179 τοὺς

260 4217 550 4287 οὐρανίους
577 4219 867 4270 ἀνελίττων
891 4217 1097 4287 ἀρτίως
1134 4213 1369 4276 κύκλους
1394 4216 1422 4266 ό
1446 4213 1552 4266 τῶν
1578 4213 1836 4285 αἱθερίων
1862 4215 2164 4285 λαμπάδων
2207 4213 2513 4284 βραϐευτὴς
2541 4204 2635 4264 καὶ
2675 4210 2876 4281 ταμίας
2901 4211 3051 4281 ἥλιος
3095 4210 3240 4276 μάλα
3274 4209 3438 4277 ξηρόν
3470 4225 3530 4261 τε

265 4316 361 4365 rati.
393 4314 624 4381 ἀνικμον
649 4311 727 4380 τῷ
754 4312 1001 4379 περιόντι
1033 4309 1135 4380 τῆς
1158 4309 1365 4382 θέρμης
1403 4309 1465 4361 οὗ
1513 4307 1675 4377 μόνον
1698 4310 1844 4360 ποιεῖ
1867 4309 1960 4362 τὸν
1997 4309 2154 4377 ἀέρα,
2189 4305 2325 4359 ἀλλά
2353 4308 2451 4359 καὶ
2483 4306 2582 4359 ὅσα
2605 4304 2708 4373 τῆς
2733 4306 2827 4356 τοῦ
2864 4309 3024 4376 ἀέρος
3051 4304 3201 4356 τοῦδε
3252 4301 3534 4372 μεταλπμς

263 4408 422 4459 δάνει
453 4404 755 4474 ποιότητος.
782 4403 882 4457 Διά
911 4403 1019 4471 γάρ
1046 4401 1204 4456 τοῦτο
1241 4401 1337 4456 καὶ
1358 4403 1425 4472 τῇ
1450 4400 1572 4471 θείᾳ
1596 4399 1825 4470 προνοίᾳ
1855 4400 2091 4472 ἐμέλησε
2123 4399 2223 4464 τὰς
2272 4398 2384 4451 τῶν
2430 4402 2644 4470 χρόνων
2671 4399 2873 4471 καρπῷ
2906 4399 3195 4465 ποιότητας
3231 4395 3531 4466 ὑγροτέρας
3611 4435 3618 4442 .

263 4501 383 4570 ἅμα
421 4500 518 4552 καὶ
536 4496 880 4567 ψυχροτέρας
904 4497 968 4549 ὲκ
995 4496 1242 4567 διαδοχῆς
1263 4495 1529 4563 ἀναλόγου
1582 4497 1761 4547 ποιεῖν
1795 4496 1873 4559 είς
1911 4496 2209 4550 ἀντίπαλον
2254 4495 2350 4548 τοῦ
2403 4495 2630 4564 ἡλιακοῦ
2669 4495 2841 4564 πυρὸς
2911 4492 3121 4546 ἐκείνου
3168 4490 3527 4558 κατάστασιν,

338 4594 397 4648 ι’.
438 4592 603 4646 Ἀλλά
648 4590 855 4643 τούτων
899 4588 998 4659 μὲν
1030 4588 1151 4651 ἃλις
1175 4605 1186 4618 ·
1224 4588 1309 4642 σοὶ
1352 4589 1397 4642 δ’
1442 4587 1564 4642 ἔνια
1599 4588 1709 4641 τῶν
1742 4588 1836 4641 ὅσα

1948 4645 1954 4651 .
2021 4589 2091 4644 Χ.
2121 4591 2227 4646 Sed
2257 4591 2391 4647 satis
2440 4587 2509 4644 de
2545 4588 2670 4644 hoc.
2736 4586 2818 4641 Tu
2879 4601 3012 4641 vero
3068 4598 3217 4639 nunc
3281 4583 3529 4653 qutedam

265 4687 347 4754 τῷ
393 4686 496 4756 βίῳ
531 4686 791 4751 τελεῖται,
834 4683 1074 4752 καίριον,
1113 4679 1271 4751 εἴπερ
1321 4681 1474 4746 ποτὲ,
1510 4680 1577 4737 ἂν
1621 4680 1704 4752 εἴη
1749 4679 1836 4733 νῦν

1947 4700 2171 4739 enarres
2196 4684 2329 4739 mihi
2361 4684 2520 4739 velim
2563 4697 2594 4737 e
2627 4681 2738 4735 vita
2775 4679 3012 4752 publica.
3037 4678 3171 4733 Nam
3203 4676 3271 4731 ad
3308 4680 3411 4729 me'
3435 4676 3532 4744 qui

270 4784 406 4851 ἡμῖν
437 4778 755 4848 προτιθέναι
796 4777 1093 4844 καινότερα
1135 4772 1199 4845 [ί.
1238 4772 1343 4828 129
1376 4770 1427 4844 b]
1484 4773 1836 4842 διηγήματα·

1949 4778 2054 4832 hac
2097 4778 2347 4833 custodia
2387 4776 2634 4832 inclusus
2668 4790 2814 4841 sum,
2853 4774 2997 4829 fama
3052 4775 3202 4827 nulla
3257 4771 3528 4842 pervenit.

269 4879 497 4929 πάντων
526 4872 632 4939 γὰρ
657 4872 807 4939 ἡμᾶς
828 4869 937 4922 τῶν
964 4868 1225 4921 τοιούτων
1247 4868 1305 4918 ἐν
1328 4866 1523 4935 ἀγνοίᾳ
1557 4865 1845 4934 πέπρακεν

271 4965 415 5020 εἶναι
441 4964 511 5017 τά
541 4963 642 5032 τῆς
674 4959 1012 5031 καθείρξεως
1051 4958 1339 5027 ταυτησίν.
1384 4958 1638 5022 Είκάζειν
1669 4958 1715 5011 δ’
1752 4954 1846 5010 οὖν

269 5061 422 5118 ὅπως
456 5055 577 5108 ποθ’
602 5056 735 5124 ἡμῖν
768 5052 1071 5123 παρέχεται
1095 5052 1163 5104 τά
1187 5046 1286 5119 τῆς
1310 5049 1648 5119 ήλικιώτιδος
1674 5049 1845 5103 πάλαι

275 5150 476 5220 πείρας
505 5145 681 5202 ἄλλοτ’
712 5145 848 5199 ἀλλα
869 5144 1025 5212 φύειν
1059 5144 1149 5197 ἀεὶ
1171 5142 1264 5195 τὸν
1297 5142 1509 5211 χρόνονο
1544 5142 1706 5209 φύσις
1737 5141 1845 5212 γὰρ

275 5243 470 5312 ὥσπερ
516 5242 630 5303 τοῖς
676 5238 946 5308 αἰθερίοις
981 5237 1202 5307 δρόμοις
1240 5234 1503 5297 ὡσαύτως
1542 5233 1688 5305 ἔχειν
1736 5235 1844 5299 ἀεὶ,

272 5338 371 5390 καὶ
403 5333 729 5407 μεταὸολαῖς
750 5330 1063 5402 κεχρῆσθαι
1093 5328 1317 5399 μυρίαις
1352 5326 1448 5381 καὶ
1476 5326 1848 5397 ἀτεκμάρτοις

1948 4866 2156 4925 Tamen
2188 4871 2242 4926 id
2286 4887 2373 4925 me
2426 4870 2656 4941 pristina
2697 4868 3035 4940 experientia
3098 4867 3230 4920 satis
3284 4865 3533 4926 edocuit,

1946 4969 2161 5016 aetatem
2205 4961 2469 5014 continuo
2522 4975 2714 5029 parere
2774 4957 2983 5028 aliquid
3055 4957 3204 5010 novi.
3257 4954 3533 5008 Nimirum

1947 5051 2122 5104 instar
2152 5051 2273 5105 coeli
2320 5059 2569 5106 motuum
2604 5066 2709 5105 una
2750 5050 3050 5117 eademque
3082 5060 3301 5115 semper
3338 5056 3533 5098 natura

1949 5146 2246 5214 conspicua
2280 5155 2386 5211 est,
2421 5155 2604 5199 tamen
2659 5143 2814 5197 mille
2863 5152 2919 5196 et
2976 5142 3293 5193 innumeras
3350 5136 3537 5190 induit

1946 5337 2033 5381 est
2062 5338 2121 5379 ut
2150 5342 2257 5382 non
2291 5328 2555 5382 continuo
2597 5332 2784 5379 nostro
2822 5338 2886 5378 ac
2922 5322 3073 5377 vario
3109 5335 3363 5376 sermone
3394 5333 3542 5389 Opus

1946 5235 2264 5299 varietates,
2300 5252 2478 5307 neque
2506 5235 2806 5306 quidquam
2850 5241 2960 5288 tam
2995 5232 3214 5285 ﬁrmum
3242 5246 3303 5285 ac
3333 5230 3542 5284 stabile
3656 5234 3659 5236 ’

277 5432 370 5485 καὶ
414 5429 585 5501 μηδὲν
637 5426 865 5498 μηδαμῆ
909 5424 1124 5495 βέϐαιον
1177 5422 1345 5493 ἔχειν,
1479 5422 1555 5494 μὴ
1590 5421 1849 5493 συνεχοῦς

276 5539 422 5587 τινος
453 5524 554 5577 καὶ
586 5519 939 5589 παντοδαπῆς
961 5519 1139 5589 δεήσει
1171 5517 1269 5584 τῆς
1300 5516 1546 5589 γλώττης
1586 5515 1681 5570 καὶ
1715 5517 1850 5569 ἀπο-

278 5615 500 5687 χρώσης
533 5611 838 5683 πορθμείου
868 5609 1022 5679 δίκην
1052 5606 1233 5661 ἄλλοτ’
1278 5608 1414 5681 ἄλλῃ
1448 5608 1850 5679 παραπέμπειν

277 5711 439 5781 ἀκοῇ.
488 5706 659 5778 Ὁρᾷς
706 5703 752 5756 δ’
803 5703 877 5765 ὡς
918 5702 1013 5754 καὶ
1061 5700 1238 5761 αὐτοῖς
1294 5716 1357 5768 γε
1414 5700 1546 5769 ἡμῖν
1584 5700 1740 5761 ἀνίας
1786 5698 1847 5751 οὐ

284 5805 429 5875 μάλα
458 5819 512 5856 τι
548 5799 773 5871 μέτριον
796 5797 996 5867 ἧνεγκε
1042 5795 1111 5863 τῇ
1139 5792 1285 5864 ψυχῇ
1323 5793 1415 5845 τὸν
1442 5790 1537 5844 τοῦ
1577 5789 1851 5862 ἐπαχθοῦς

277 5898 475 5969 φόρτον
500 5893 568 5949 τὰ
598 5892 885 5962 φθάσαντα
931 5887 1036 5941 τῶν
1079 5886 1209 5957 ἡμῖν
1263 5883 1708 5957 συμϐεϐηκότων,
1758 5882 1850 5936 καὶ

1951 5420 2170 5483 habent,
2202 5428 2458 5487 tanquam
2484 5417 2737 5472 navicula
2771 5431 2878 5485 qua
2914 5412 3167 5470 hucillue
3196 5411 3541 5467 transmitta-

1952 5521 2062 5566 tur.
2111 5510 2266 5577 Quod
2327 5509 2392 5564 ad
2453 5525 2539 5563 me
2601 5510 2815 5571 attinet,
2850 5508 2985 5564 satis
3037 5508 3134 5563 tibi
3196 5514 3387 5559 notum
3446 5509 3539 5556 est

1952 5603 2172 5675 quantis
2215 5618 2300 5656 me
2333 5600 2571 5656 miseriis
2602 5601 2825 5657 fortuna
2880 5600 3238 5661 demerserit;
3274 5612 3396 5665 qua:
3450 5595 3534 5650 le-

1952 5698 2178 5752 niantur
2244 5710 2309 5750 ac
2364 5696 2735 5765 reprimuntur
2816 5692 3219 5767 quodammodo
3289 5689 3535 5743 novitate

1954 5800 2171 5843 tuarum
2203 5788 2576 5843 narrationum
2625 5789 2980 5844 vehementer
3015 5788 3196 5855 cupio.
3235 5782 3355 5837 Scis
3381 5783 3536 5837 enim

1958 5882 2313 5953 Pythagoram
2346 5880 2501 5947 illum
2527 5880 2769 5938 Samium
2796 5881 2973 5947 primo
3002 5893 3159 5933 mane
3196 5876 3262 5931 ad
3293 5875 3535 5931 chorda-
