4070 6326
551 424 653 491 1-23

1760 430 2176 492 NICEPHORI
2217 431 2601 493 GREGOIUE

3712 438 3814 505 124

547 561 668 600 rum
691 562 886 603 sonutn
919 563 1142 605 carmen
1175 557 1395 603 cantare
1418 560 1736 613 ροηευρεεο,
1757 562 1868 615 quo
1887 547 2130 600 animum

2242 548 2320 600 δεῖ
2345 548 2706 619 ψυχαγωγίας
2735 549 2934 616 ἔξωθεν
2969 549 3160 617 ίκανῆς
3188 550 3246 614 ἐξ
3284 551 3594 604 ἀντιπάλων
3631 555 3815 622 ῥαγείο

545 651 578 690 a
620 631 795 692 'variis
845 656 908 695 ac
941 639 1174 695 turbidis
1209 639 1494 693 noeturnis
1547 637 1777 691 somniis
1823 648 2127 704 revocaret,

548 727 789 799 eu'mqne
824 731 979 785 bona:
1013 731 1167 801 143
1206 728 1588 797 tranquillitati
1638 727 1798 782 facile
1851 727 2128 782 redderet;

545 819 682 876 Nam
749 823 962 877 somnia
1031 835 1426 889 nonnunquam
1501 821 1700 872 mirum
1774 818 1830 873 in
1901 818 2126 873 modum

548 924 807 983 tanquam
863 914 977 968 aeri
1018 912 1275 966 violentia
1337 919 1578 964 mentem
1643 910 1962 976 sollicitant,
1991 911 2129 980 quin

547 1003 598 1058 si
650 1007 835 1074 gravia
878 1011 1007 1061 sunt
1054 1004 1522 1073 vehementerque
1581 1017 1778 1058 sensus
1838 1010 2128 1070 occupant,

549 1109 769 1151 omnem
800 1096 915 1152 fere
953 1111 1014 1151 se
1039 1102 1042 1104 ⁷
1069 1095 1363 1165 colligendi
1419 1101 1740 1164 potestatem
1779 1094 1830 1148 ei
1863 1093 2128 1163 eripiunt.

545 1186 734 1257 itaque
768 1186 901 1240 mihi
934 1200 1155 1254 quoque
1206 1184 1576 1255 gratissimum
1630 1184 1772 1238 foret
1821 1184 2070 1252 accipere
2100 1198 2130 1237 a

549 1286 605 1332 te
642 1293 815 1333 novas
846 1278 1218 1343 narrationes,
1243 1286 1300 1331 et
1330 1275 1589 1345 quoniam
1632 1275 1736 1330 boc
1770 1275 1888 1344 ipso
1917 1284 2131 1344 tempo-

546 1383 609 1424 re
635 1370 782 1424 Deus
811 1377 1035 1439 propter
1055 1383 1193 1423 verae
1221 1367 1483 1422 doctrinae
1512 1365 1921 1437 perversionem
1954 1365 2130 1421 iratus

549 1470 630 1516 tot
685 1476 749 1514 ac
805 1469 986 1515 tantas
1015 1459 1182 1513 mittit
1233 1458 1506 1524 miserias,
1570 1457 1764 1512 borum
1808 1457 2131 1511 alterutrum

549 1566 765 1605 mecum
791 1550 1226 1606 communieabis
1250 1569 1262 1604 :
1287 1558 1383 1604 aut
1411 1563 1497 1602 me
1523 1549 1825 1603 amicorum
1856 1547 2135 1602 conditio-

550 1643 639 1696 nis
663 1643 958 1697 certiorem
1017 1642 1204 1697 facies.
1237 1642 1350 1712 Ego
1396 1653 1581 1696 autem
1625 1641 1978 1710 complorabo
2037 1656 2134 1697 eos

549 1734 828 1802 etiamque
851 1742 912 1787 ut
943 1734 1195 1789 laborum
1253 1734 1596 1804 fortunaeque
1657 1735 1835 1788 socios
1873 1735 2132 1790 salutabo

548 1831 606 1878 et
652 1825 816 1877 mutis
866 1824 1006 1878 meis
1033 1823 1217 1879 verbis
1255 1838 1576 1894 prosequar,
1625 1832 1680 1878 et
1723 1838 1830 1877 una
1887 1839 2012 1878 cum
2065 1824 2133 1880 iis

2236 656 2334 703 σης
2374 641 2755 711 δηγημάτων.
2815 637 2987 696 Οἶσθα
3042 643 3153 712 γὰρ
3207 642 3284 706 ὡς
3337 642 3436 696 καὶ
3487 644 3813 716 Πυθαγόρας

2232 733 2440 793 ἐκεῖνος
2492 734 2520 785 ό
2568 733 2772 802 Σάμιος
2815 733 2985 804 λύρας
3018 733 3190 786 ἕωθεν
3222 732 3316 787 καὶ
3343 733 3499 804 ᾠδῶν
3535 738 3813 803 μουσικῶν

2233 825 2624 894 νενουθέτηκεν
2659 824 2951 892 ᾶπτεσθαι,
3011 825 3210 879 ὁπόσαι
3267 843 3330 893 γε
3381 827 3565 879 ἱκαναὶ
3611 828 3674 878 τδ
3703 829 3813 880 τῶν

2233 915 2515 986 λογισμῶν
2543 915 2844 986 τηνικαῦτα
2876 917 3146 987 κοιμίζειν
3190 920 3458 987 κυμαῖνον
3488 920 3552 972 ἐκ
3580 920 3691 973 τῶν
3717 919 3813 973 τοῦ

2235 1009 2406 1064 ὕπνου
2439 1011 2774 1082 νυκτερινῶν
2805 1011 3141 1081 ἀθυρμάτων
3171 1011 3576 1082 καθιστάμενον
3611 1012 3814 1080 ῥόθιον,

2234 1105 2332 1158 καὶ
2376 1103 2785 1173 μεθαρμόττειν
2829 1093 3032 1172 ῥᾳδίως
3077 1102 3172 1155 ἐπὶ
3203 1101 3262 1154 τὸ
3294 1101 3538 1173 εὕθυμον
3575 1103 3815 1174 όπόσαὴ

2235 1194 2344 1248 τῶν
2396 1193 2622 1262 ὀνείρων
2693 1192 2993 1263 αύτονομία
3048 1192 3317 1256 παίζουσα
3375 1193 3814 1264 δραστικώτερον

2235 1285 2409 1341 ἐνίοτε
2465 1285 2611 1339 κατά
2649 1284 2752 1355 τῆς
2809 1285 3051 1354 γαλήνης
3094 1284 3208 1337 τῶν
3255 1284 3536 1354 λογισμῶν
3563 1285 3847 1354 ἀφίησιν.

2237 1378 2551 1447 ἀπαρκτίου
2585 1376 2742 1446 δίκην
2790 1373 3008 1446 μακροῦ
3055 1392 3236 1440 τινος,
3268 1375 3356 1428 ὅτε
3405 1375 3471 1446 δὴ
3518 1377 3614 1429 καὶ
3667 1377 3812 1444 μάλα

2236 1469 2570 1539 ἀταμίευτος
2624 1469 2740 1530 τοῖς
2791 1465 3173 1537 αίσθητηρίοις
3222 1467 3251 1519 ό
3305 1465 3472 1543 ύπνος
3536 1467 3814 1537 ἐντρέχων

2235 1561 2436 1630 ἣκιστα
2462 1560 2522 1613 τὸ
2549 1558 2686 1630 πρὸς
2709 1560 2926 1628 ἄμυναν
2951 1559 3090 1619 τέως
3117 1558 3261 1629 ἔχειν
3290 1557 3595 1626 δυνάμενον
3624 1557 3814 1624 σφίσιν

2236 1651 2344 1722 ἐῴη
2376 1651 2460 1706 ἄν.
2511 1651 2601 1703 Διὸ
2635 1650 2728 1702 καὶ
2759 1651 2890 1718 ἡμῖν
2927 1648 3147 1719 ἥδιστον
3199 1648 3266 1701 ἂν
3311 1649 3521 1716 γένοιτο
3555 1646 3814 1718 ἄκουσμα

2235 1743 2346 1796 τῶν
2380 1743 2485 1808 ἐξω
2516 1741 2864 1814 πραγμάτων
2909 1741 3029 1796 ἐνια
3065 1741 3372 1810 διηγήσεως
3417 1739 3684 1792 ὑπόθεσιν
3718 1740 3816 1793 νῦν

2237 1835 2554 1906 κομίζοντος
2584 1835 2678 1886 σοῦ
2711 1851 2800 1902 γε.
2829 1834 2986 1887 Ἐπεὶ
3039 1832 3148 1903 γὰρ
3199 1832 3410 1899 κακῶν,
3459 1831 3621 1901 εἴπερ
3654 1833 3814 1897 ποτὲ,

551 1929 848 1969 tnuerorem
935 1915 1148 1983 capiam
1200 1925 1258 1971 et
1313 1915 1579 1982 laetitiam,
1651 1929 1832 1985 neque
1885 1931 2128 1984 unquam

2242 1901 2333 1979 νῦν
2369 1927 2398 1978 ό
2426 1927 2540 1996 βίος
2580 1901 2967 1995 ἐμπέπλησται
2992 1901 3360 1995 ὀργιζομένου
3401 1923 3540 1976 Θεοῦ
3579 1924 3670 1976 διὰ
3712 1925 3816 1992 τὴν

549 2014 756 2059 tantam
783 2021 974 2060 eorum
1010 2006 1377 2060 constantiam
1409 2006 1668 2060 admirari
1723 2006 1973 2061 cessabo.
2023 2006 2133 2061 Ant

547 2097 614 2152 de
651 2108 1066 2166 persecutorum
1098 2099 1414 2154 conditione
1455 2099 1590 2152 mihi
1640 2098 1913 2163 narrabis,
1948 2107 2003 2153 et
2035 2100 2132 2154 la:-

547 2190 676 2244 tiori
699 2191 930 2247 fortasse
959 2206 1056 2261 spe
1110 2189 1432 2246 alliciemur.
1455 2189 1592 2244 Nam
1641 2189 1792 2260 ipsos
1837 2191 2132 2261 aliquando

550 2283 822 2338 insaniam
849 2299 1004 2340 suam
1038 2283 1324 2353 agnituros
1355 2297 1476 2338 esse
1501 2296 1680 2352 spero,
1714 2283 1988 2352 siquidem
2023 2285 2138 2354 jam

548 2380 695 2432 inter
722 2378 869 2447 ipsos
898 2377 1231 2448 ﬂagitiorum
1276 2376 1570 2446 opprobria
1598 2377 1860 2439 suboriri.
1887 2385 2080 2430 contra
2108 2391 2140 2432 ο

549 2469 861 2525 recessibus
887 2485 1080 2524 eorum
1121 2483 1260 2538 quos
1301 2477 1712 2538 persequuntur
1739 2476 1796 2522 et
1845 2483 1877 2521 e
1903 2467 2136 2523 summis

550 2561 795 2616 tenebris
815 2561 1031 2631 plenam
1060 2561 1266 2616 sensim
1297 2558 1588 2614 veritatem
1615 2558 1670 2613 in
1697 2559 1878 2614 lucem
1909 2558 2138 2629 prodire

550 2654 821 2708 sentiunt.

2234 2019 2346 2071 τῶν
2373 2017 2533 2071 θείων
2563 2017 2853 2087 δογμάτων
2890 2015 3178 2085 ἀθέτησιν,
3220 2017 3365 2070 δυοῖν
3396 2015 3546 2069 ἐσται
3584 2014 3817 2083 θάτερον

2237 2109 2482 2171 πάντως·
2533 2107 2567 2178 ἢ
2615 2109 2724 2178 γὰρ
2752 2109 2923 2176 φίλων
2950 2110 3082 2178 ἡμῖν
3111 2107 3446 2177 ἀπαγγελεῖς
3491 2107 3812 2176 συμφορὰς,

2236 2200 2332 2255 καὶ
2364 2198 2624 2270 δακρύσω
2671 2201 2772 2270 μέν
2824 2200 2900 2264 ώς
2934 2201 3082 2262 είκδς
3116 2201 3305 2270 ἕτερον
3335 2199 3537 2269 τρόπον
3570 2197 3704 2266 ἐγὼ,
3741 2200 3812 2265 τῇ

2237 2287 2294 2341 δέ
2324 2286 2580 2358 κοινωνίᾳ
2605 2288 2702 2341 τοῦ
2741 2288 2954 2350 πάθους
2984 2289 3228 2350 ἐκείνους
3260 2287 3691 2359 προσαγορεύσω
3719 2288 3818 2342 καὶ

2236 2377 2859 2448 πόῤῥωθεν,ἀφθόγγοις
2875 2396 2934 2431 τι
2956 2379 3170 2442 λαλιαῖς
3190 2378 3264 2442 ώς
3287 2381 3467 2432 είπεῖν
3494 2379 3816 2447 προσφθεγ-

2236 2470 2493 2537 γόμενος,
2531 2467 2628 2522 καὶ
2652 2469 2820 2541 οἴκτῳ
2857 2471 2949 2523 τὸν
2977 2467 3160 2523 οἶκτον
3186 2470 3488 2532 ἀντιδιδοὺς
3520 2473 3616 2525 καὶ
3645 2485 3816 2537 συνησ-

2235 2560 2463 2630 δόμενος
2502 2560 2682 2630 σφίσι,
2733 2563 2830 2614 καὶ
2863 2560 3163 2632 θαυμάζων
3205 2562 3308 2632 τῆς
3353 2562 3655 2634 καρτερίας
3687 2561 3817 2622 τοὺς

2234 2651 2461 2721 ἄνδρας,
2493 2650 2525 2721 ἢ
2553 2653 2846 2723 συμφορὰς
2885 2653 3135 2707 διωκτῶν
3165 2655 3534 2726 ἀκουσόμεθα,
3565 2656 3663 2708 καὶ
3696 2654 3814 2724 βελ-

547 2747 701 2811 τίους
721 2746 908 2802 λοιπὸν
931 2749 1027 2803 καὶ
1056 2746 1198 2816 ὑπὲρ
1233 2746 1416 2801 αὐτῶν
1462 2745 1565 2811 τὰς
1617 2747 1843 2811 ἐλπίδας
1879 2745 2186 2817 ληψόμεθα.
2225 2745 2452 2801 Σύνεσιν
2496 2747 2607 2817 γὰρ
2665 2745 2820 2820 οἶμαι
2875 2750 2972 2804 καὶ
3022 2752 3164 2817 σφᾶς
3222 2749 3320 2816 ὀψὲ
3355 2748 3498 2818 ’γοῦν
3527 2749 3817 2820 εἰληφότας

549 2843 932 2913 διορθωθῆναι,
995 2839 1180 2912 ἔργοις
1237 2841 1340 2914 ἤδη
1371 2841 1674 2913 βλέποντας
1715 2839 2014 2911 προφανεῖς
2054 2838 2360 2909 φυομένους
2385 2839 2516 2904 τοὺς
2543 2841 2656 2894 τῶν
2717 2841 2939 2896 οἰκείων
2969 2842 3358 2913 ἀτοπημάτων
3421 2845 3698 2915 ἐλέγχους,
3721 2851 3823 2905 καὶ

550 2935 663 2997 τῶν
699 2941 757 2989 ἐν
791 2936 983 3005 μυχοῖς
1012 2933 1275 3004 διωγμῶν
1309 2937 1408 2988 καὶ
1461 2934 1636 3003 σκότῳ
1675 2931 1828 3003 βαθεῖ
1867 2930 2231 3002 κοιμωμένων
2264 2933 2587 3004 προτάσεων
2621 2933 2838 3006 ἀληθῶν
2876 2939 2938 2989 τδ
2977 2937 3354 3008 συμπέρασμα
3385 2938 3699 2993 ἀνατέλλον.

619 3026 714 3083 XI.
753 3028 1023 3098 Equidem
1049 3029 1125 3085 mi
1155 3027 1475 3084 cbarissime
1498 3027 1610 3097 jam
1647 3034 1872 3096 paratus
1909 3040 2056 3092 sum,
2085 3031 2140 3078 et

551 3133 936 3190 quamcunque
969 3119 1054 3174 vis
1091 3119 1467 3173 narrationem
1499 3117 1724 3172 faciam.

2325 3025 2430 3081 IA'.
2461 3027 2571 3080 Καὶ
2598 3027 2707 3097 μὴν
2738 3027 2955 3097 ἕτοιμος
2987 3030 3186 3098 ἐγωγε,
3221 3029 3484 3100 βέλτιστε,
3515 3030 3695 3100 λέγειν
3718 3034 3825 3088 ὅσα

2249 3117 2312 3188 δὴ
2341 3120 2438 3173 καὶ
2464 3113 2551 3171 οἷα
2585 3118 2796 3188 βούλοιο
2825 3120 2891 3172 ἂν
2921 3121 3230 3174 ἐπιτάττειν
3255 3122 3437 3184 αὑτός.

625 3206 788 3280 144
801 3208 918 3263 XII.
937 3208 1018 3264 Tu
1043 3225 1200 3277 vero,
1219 3208 1540 3265 cbarissime
1557 3207 1949 3278 Agathangele,
1965 3221 2138 3262 nonne

2318 3208 2422 3264 lB'.
2459 3210 2670 3266 Οὐκοῦν
2708 3211 3091 3282 ἁρμόττουσαν
3130 3213 3307 3282 ἀρχὴν
3331 3211 3610 3267 ἀναθεῖναι
3637 3213 3722 3266 δεῖ
3742 3215 3828 3283 τῷ

552 3301 712 3368 prius
769 3300 1077 3355 narrationi
1129 3309 1318 3371 aptum
1373 3300 1663 3356 exordium
1715 3299 1941 3363 addere.
1986 3298 2135 3369 quod

553 3391 815 3462 deinceps
831 3391 1076 3448 invenire
1099 3407 1231 3449 sane
1260 3391 1479 3448 diliicile
1508 3399 1613 3458 est,
1649 3400 1745 3446 aut
1777 3391 1977 3460 prioris
2007 3407 2139 3446 nar-

555 3485 786 3541 rationis
810 3485 1128 3540 memoriam
1161 3500 1422 3541 revocare
1451 3484 1614 3540 nobis
1633 3485 1688 3539 in
1713 3485 1898 3538 animo
1930 3484 2141 3540 habes?

557 3575 635 3630 ita
671 3583 732 3630 ut
760 3576 1088 3631 narrationis
1132 3575 1431 3630 momentis
1461 3582 1667 3630 catenae
1714 3575 1890 3629 instar
1941 3573 2144 3632 adnec-

555 3665 738 3721 tendis
763 3675 974 3721 certum
1007 3667 1301 3737 quemdam
1329 3666 1396 3722 ad
1417 3681 1601 3722 rerum
1624 3666 1995 3720 narrationem
2022 3682 2143 3736 qua

559 3767 750 3829 postea
780 3770 914 3814 actae
939 3769 1070 3814 sunt
1102 3759 1394 3814 transitum
1422 3758 1520 3813 tibi
1545 3757 1878 3828 patefacias?
1899 3758 2143 3813 Primum

557 3851 709 3907 enim
737 3852 926 3908 auditu
949 3851 1174 3922 dignum
1197 3861 1282 3907 est
1319 3850 1449 3921 quid
1482 3859 1605 3920 post
1633 3865 1868 3920 pugnam
1889 3851 2144 3905 navalem

448 3945 452 3947 ’
556 3943 707 4000 illam
739 3943 1056 3999 Latinorum
1103 3945 1308 3999 classes
1348 3944 1584 3999 invicem
1630 3957 1690 3997 se
1739 3943 2041 4011 premendo
2087 3951 2144 3997 et

557 4036 865 4092 obsidendo
912 4035 1231 4103 effecerint;
1296 4035 1497 4090 deinde
1567 4034 1695 4103 quid
1747 4034 1904 4088 lreue
1957 4035 2144 4103 regina

558 4135 846 4198 postquam
883 4127 1226 4183 Orestiadem
1269 4137 1325 4181 et
1383 4125 1826 4197 Didymoticltutn
1891 4125 2148 4193 pervenit

551 4218 822 4281 elIccerit,
881 4219 1119 4274 filiorum
1192 4216 1346 4287 regni
1415 4215 1768 4284 cupiditatem
1829 4216 2146 4284 priusquam

472 4351 479 4356 .
557 4312 741 4368 furore
775 4311 983 4367 incitati
1015 4311 1218 4366 caedem
1257 4309 1487 4364 ederent
1512 4321 1868 4376 repressnra;
1920 4306 2147 4361 tertium

458 4455 466 4461 .
557 4419 679 4474 qua!
716 4403 936 4458 fanatici
1009 4410 1392 4472 persecutores
1443 4398 1499 4453 iu
1555 4413 1658 4452 nos
1721 4396 2033 4467 concipiant
2093 4405 2150 4453 et

559 4505 902 4566 concoquant
939 4495 1189 4549 consilia.

2237 3301 2381 3372 λόγῳ
2405 3300 2697 3372 πρότερον,
2725 3304 2950 3370 φίλτατε
2995 3305 3391 3372 Ἀγαθὸιγγελε⁴
3419 3305 3488 3376 ἢν
3513 3305 3613 3358 οὑκ
3640 3306 3826 3368 ἄλλως

2241 3393 2519 3463 ἁλώσιμον
2551 3391 2770 3448 ἔσεσθαι
2807 3389 2961 3464 οἶμαι
2996 3395 3030 3464 ἢ
3061 3396 3118 3457 ἐς
3151 3397 3213 3448 τδ
3244 3396 3510 3465 πρότερον
3539 3396 3685 3465 ἴχνος
3710 3395 3826 3448 τῶν

2239 3484 2416 3553 λόγων
2451 3485 3111 3556 ἐκείνωννάναπόμπιμον
3151 3489 3508 3558 πεπραχότας
3537 3487 3636 3557 τὴν
3677 3488 3823 3556 μνή-

2245 3592 2376 3644 μην,
2406 3577 2500 3629 καὶ
2524 3576 2684 3647 δίκην
2715 3579 2906 3648 σειρᾶς
2933 3579 3030 3642 τὰς
3051 3579 3152 3650 τῆς
3170 3581 3420 3648 γλώττης
3445 3578 3658 3631 ἐκεῖθεν
3683 3595 3824 3647 κρη-

2243 3667 2401 3730 πῖδας
2460 3668 2801 3739 ἀνάψαντας,
2835 3671 3052 3740 ἀσφαλῆ
3086 3672 3155 3724 τά
3187 3672 3286 3738 τῆς
3333 3670 3659 3741 ἀναλήψεως
3717 3671 3824 3740 ἠδη

2246 3761 2435 3829 ἐφόδια
2466 3761 2521 3824 ἐς
2549 3761 2648 3831 τὴν
2681 3761 2788 3814 τῶν
2823 3763 2954 3832 ἐξῆς
2979 3762 3284 3833 κεκτῆσθαι
3317 3763 3571 3831 διήγησιν
3599 3763 3658 3815 ἐν
3685 3762 3824 3831 βρα·

2245 3851 2353 3918 χεῖ.
2383 3845 2538 3903 Εἶναι
2571 3850 2618 3903 δ’
2653 3851 2956 3918 ἀναγκαῖον
3001 3850 3269 3904 πυθέσθαι
3300 3851 3517 3921 πρῶτον
3561 3852 3710 3920 ἡμᾶς
3738 3852 3821 3904 ὅτι

2248 3941 2379 3994 ποτέ
2441 3941 2582 4010 μετά
2634 3943 2732 4010 τὴν
2766 3943 3082 4014 ναυμαχίαν
3120 3943 3338 4012 ἐκείνην
3391 3941 3824 4012 ἀντικαθήμενοι

2249 4036 2343 4087 καὶ
2375 4033 2867 4104 ἀντνεφεδρεύοντες
2893 4034 3177 4104 ἑκατέροις
3205 4033 3459 4102 ἑκάτεροι
3498 4031 3607 4085 τῶν
3655 4033 3822 4086 Δατίσ

2249 4144 2358 4179 νων
2385 4126 2433 4178 οἱ
2475 4101 2656 4179 στόλοι
2679 4126 2802 4179 τότε
2839 4101 3179 4195 πεπράκασι·
3208 4101 3460 4192 δεύτερον
3493 4124 3536 4175 δ’
3576 4125 3660 4176 ότι
3693 4126 3821 4176 ποτὲ
3853 4101 3864 4121 ’

2250 4221 2346 4273 καὶ
2382 4219 2414 4287 ἡ
2459 4217 2673 4287 βασιλὶς
2698 4217 2903 4288 Εἰρήνη
2929 4217 2992 4289 [ί.
3029 4217 3127 4272 150
3166 4214 3230 4289 a].
3252 4215 3536 4269 τετέλεκεν
3583 4215 3824 4270 ἀπιοῦσά

2249 4329 2309 4365 τε
2342 4313 2400 4374 ἐς
2441 4310 2768 4380 Ὀρεστιάδα
2797 4311 2896 4363 καὶ
2923 4308 3334 4378 Διδυμότειχον,
3368 4307 3463 4359 καὶ
3491 4305 3588 4369 τὰς
3615 4305 3822 4376 μεταξὺ

2250 4402 2350 4470 τῆς
2377 4401 2671 4472 φιλαρχίας
2698 4401 2809 4455 τῶν
2831 4401 3040 4455 παίδων
3067 4399 3250 4470 ἐριδας
3280 4401 3610 4468 ἐπειγομένη
3642 4399 3823 4468 κοιμί-

2255 4509 2370 4558 σαι,
2405 4494 2534 4564 πρ“ιν
2566 4494 2646 4556 εἰς
2677 4489 2931 4562 αἱμάτων
2960 4491 3144 4562 χύσεις
3190 4493 3250 4549 τὸ
3296 4492 3418 4544 κατ’
3446 4491 3695 4561 ἀλλήλων
3729 4494 3824 4545 ἐκ·

559 4585 721 4655 ϐῆναι
752 4584 1102 4656 μαινόμενον·
1134 4584 1230 4637 καὶ
1259 4583 1447 4652 τρίτον
1476 4582 1669 4647 ὁποίας
1697 4583 1792 4636 καὶ
1817 4581 1941 4635 καθ’
1972 4583 2130 4654 ἡμῶν
2167 4584 2268 4650 τὰς
2298 4587 2530 4657 μελέτας
2553 4588 2582 4641 ό
2606 4586 2715 4640 τῶν
2776 4585 3024 4639 διωκτῶν
3091 4586 3374 4656 ίστουργεῖ
3396 4585 3491 4638 καὶ
3517 4584 3825 4654 συρράπτει

560 4681 775 4742 θίασος.

629 4771 916 4827 Xlll.ll.ec
970 4785 1096 4825 cum
1135 4767 1341 4839 Optime
1385 4783 1445 4824 se
1474 4767 1712 4825 habeant
1744 4770 1967 4842 obloqui
2018 4771 2138 4837 tibi,

2329 4771 2431 4827 ll".
2477 4771 2606 4842 Ἐμέ
2644 4770 2690 4825 δ’
2725 4767 2787 4825 εὖ
2816 4787 2898 4824 σοι
2923 4769 3160 4838 λέγοντι,
3189 4769 3309 4822 θεία
3353 4787 3444 4838 μοι
3477 4768 3712 4839 κεφαλὴ,
3739 4772 3829 4823 ἀν·

559 4864 644 4919 vir
699 4863 906 4927 divine,
967 4862 1119 4930 nolo,
1169 4861 1281 4916 imo
1323 4875 1548 4930 prorsus
1609 4861 1710 4916 tibi
1757 4863 2030 4933 obsequar
2083 4872 2140 4919 et

556 4957 720 5011 .initio
750 4954 972 5024 quidem
1009 4954 1054 5009 si
1092 4969 1203 5007 non
1256 4953 1469 5023 singula
1507 4953 1692 5009 omnia
1743 4969 1868 5025 quae.
1918 4956 2138 5011 interim

555 5058 682 5103 .aeta
731 5056 877 5111 sunt,
936 5056 1116 5102 tamen
1169 5061 1292 5117 qua:
1337 5055 1768 5102 commemorato
1822 5047 2142 5118 dignissima

565 5149 695 5192 sunt
725 5138 820 5192 tibi
854 5154 1149 5207 exponam.

639 5230 775 5287 XIV.
812 5231 1144 5289 Venetorum
1175 5230 1367 5287 classis
1395 5229 1710 5302 praefectus,
1743 5229 1986 5286 incertus
2010 5229 2144 5300 quid

563 5321 776 5376 faceret
807 5338 932 5376 eum
981 5333 1180 5394 printer
1215 5338 1436 5379 omnem
1470 5323 1791 5393 Opinionem
1835 5324 1948 5394 jam
2001 5323 2145 5378 facta

569 5429 751 5484 pugna
782 5415 957 5469 navali
989 5415 1310 5472 Genuenses
1339 5415 1664 5472 oﬂ‘eudisset
1689 5415 1747 5470 in
1772 5415 2034 5471 societate
2060 5417 2149 5470 Bi-

570 5508 866 5580 thynorum
896 5507 1053 5564 ducis
1084 5507 1340 5580 Hyrcani,
1371 5509 1462 5565 cui
1491 5523 1614 5563 cum
1645 5522 1916 5562 summam
1954 5508 2021 5562 ad
2051 5507 2150 5563 de-

579 5602 944 5669 sperationem
980 5601 1138 5673 145
1172 5601 1390 5657 adducti
1426 5608 1632 5667 essent,
1687 5599 1767 5654 illi
1822 5615 1882 5655 se
1911 5600 2152 5655 tradide-

570 5702 730 5756 rant;
773 5709 1008 5762 cutnque
1040 5695 1140 5749 bos
1165 5708 1357 5763 magna
1394 5707 1520 5746 cum
1562 5691 1856 5746 securitate
1904 5705 1972 5745 ex
2021 5692 2148 5746 Asia

579 5785 834 5854 traicere
893 5788 1124 5842 vidisset
1184 5784 1371 5854 cupias
1425 5783 1794 5838 mercenarius
1841 5798 1961 5852 qua:
2017 5782 2149 5838 satis

580 5874 787 5933 idoneae
809 5891 992 5936 essent
1013 5879 1079 5934 ad
1115 5881 1302 5934 hostes
1333 5874 1754 5947 impugnandos,
1779 5876 2145 5945 repellendos,

2246 4866 2485 4933 τιλέγειν
2512 4864 2614 4933 μέν
2643 4862 2848 4934 ἥκιστα
2884 4863 3126 4926 πάντων,
3164 4861 3451 4915 πείθεσθαι
3493 4861 3552 4914 δὲ
3586 4861 3828 4928 μάλιστα

2249 4956 2471 5010 πάντων
2502 4955 2701 5026 χρεών.
2749 4955 2858 5008 Καί
2898 4971 2982 5007 σοι
3025 4956 3165 5023 ἐρῶν
3197 4955 3429 5024 ἔρχομαι
3459 4955 3508 5006 εί
3539 4953 3612 5023 μὴ
3648 4954 3830 5008 πάντα

2247 5049 2313 5119 δὴ
2345 5049 2413 5103 τὰ
2471 5047 2677 5119 μεταξὺ
2728 5049 2850 5102 καθ’
2888 5047 3118 5114 ἕκαστα,
3163 5047 3281 5102 ἀλλ’
3327 5044 3421 5102 οὖν
3461 5047 3732 5111 ἀπολέξας
3762 5047 3829 5099 τὰ

2251 5139 2614 5208 καιριώτερα.
3229 5126 3231 5128 ’

2254 5275 2256 5277 .
2323 5229 2422 5284 lA’.
2467 5231 2528 5283 '0
2553 5229 2664 5302 γάρ
2714 5247 2798 5284 τοι
2851 5229 2944 5283 τοῦ
2977 5231 3266 5283 Βενετικοῡ
3318 5227 3505 5282 στόλου
3551 5227 3829 5297 ναύαρχος

2251 5321 2433 5392 ἥκιστ’
2468 5321 2608 5391 ἔχων
2635 5323 2663 5376 ὅ
2693 5340 2746 5376 τι
2785 5320 3043 5391 πράξειεν
3069 5323 3166 5391 ἀφ’
3196 5315 3258 5374 οὗ
3302 5319 3454 5388 παρά
3485 5321 3668 5373 πᾶσαν
3709 5319 3827 5372 ἐνέ-

2256 5431 2386 5485 τυχε
2418 5415 2750 5487 προσδοκίαν
2783 5415 2886 5484 ήδη
2922 5415 3061 5482 μετὰ
3086 5415 3184 5485 τὴν
3215 5411 3527 5483 ναυμαχίαν
3561 5413 3675 5472 τοῖς
3699 5411 3832 5462 Γεν-

2254 5507 2498 5569 νουϊταις
2545 5503 2626 5576 τῷ
2685 5506 2795 5559 τῶν
2847 5505 3089 5558 Βιθυνῶν
3144 5503 3532 5572 σπεισαμένοις
3595 5501 3830 5571 ἡγεμόνι

2255 5593 2487 5666 Περσῶν
2526 5592 2803 5665 Ὑρκανῷ,
2855 5593 2991 5663 πρὸς
3025 5592 3194 5663 μόνην
3239 5591 3468 5661 ταυτηνὶ
3505 5587 3831 5642 τελευταίαν

2252 5686 2312 5750 ἐξ
2340 5683 2709 5752 ἀπογνώσεως
2729 5685 3012 5756 ἐληλυθόσι
3037 5683 3361 5752 καταφυγὴν
3382 5681 3662 5751 πολεμίοις
3684 5682 3828 5735 πάνυ

2255 5797 2306 5833 τι
2333 5778 2788 5832 δυσαντίϐλεπτον
2814 5763 2909 5831 καὶ
2937 5772 3051 5832 οἷον
3093 5774 3590 5843 ἀνανταγώνιστον,
3632 5773 3829 5827 κάκεῖ-

2257 5875 2348 5929 θεν
2377 5873 2477 5944 ἢδη
2518 5871 2657 5943 μετά
2691 5873 2914 5943 μακρᾶς
2967 5870 3065 5942 τῆς
3118 5868 3301 5935 ἀδείας
3344 5867 3745 5940 μισθοφορικὴν
3774 5860 3838 5929 ἐξ
