  <div class='ocr_page' id='page_1' title='image "/cluster/home/n/w/nwhite01/storage/ocr_20150623/149/mdp.39015078384750/070.png"; bbox 0 0 4070 6326; ppageno 0'>
   <div class='ocr_carea' id='block_1_1' title="bbox 351 422 458 489">
    <p class='ocr_par' dir='ltr' id='par_1_1' title="bbox 351 422 458 489">
     <span class='ocr_line' id='line_1_1' title="bbox 351 422 458 489; baseline 0.019 -2"><span class='ocrx_word' id='word_1_1' title='bbox 351 422 458 489; x_wconf 78' lang='lat'>125</span> 
     </span>
    </p>
   </div>
   <div class='ocr_carea' id='block_1_2' title="bbox 1317 429 2611 503">
    <p class='ocr_par' dir='ltr' id='par_1_2' title="bbox 1317 429 2611 503">
     <span class='ocr_line' id='line_1_2' title="bbox 1317 429 2611 503; baseline 0.009 -14"><span class='ocrx_word' id='word_1_2' title='bbox 1317 429 1760 492; x_wconf 70' lang='lat' dir='ltr'>BYZANTIN/E</span> <span class='ocrx_word' id='word_1_3' title='bbox 1788 430 2173 497; x_wconf 68' lang='lat' dir='ltr'>HISTORIA!</span> <span class='ocrx_word' id='word_1_4' title='bbox 2198 436 2345 503; x_wconf 87' lang='lat' dir='ltr'>LIB.</span> <span class='ocrx_word' id='word_1_5' title='bbox 2370 438 2611 502; x_wconf 83' lang='lat' dir='ltr'>XXVII.</span> 
     </span>
    </p>
   </div>
   <div class='ocr_carea' id='block_1_3' title="bbox 3498 445 3603 509">
    <p class='ocr_par' dir='ltr' id='par_1_3' title="bbox 3498 445 3603 509">
     <span class='ocr_line' id='line_1_3' title="bbox 3498 445 3603 509; baseline -0.038 0"><span class='ocrx_word' id='word_1_6' title='bbox 3498 445 3603 509; x_wconf 68' lang='lat'>1%</span> 
     </span>
    </p>
   </div>
   <div class='ocr_carea' id='block_1_4' title="bbox 359 540 1932 630">
    <p class='ocr_par' dir='ltr' id='par_1_4' title="bbox 359 540 1926 621">
     <span class='ocr_line' id='line_1_4' title="bbox 359 540 1926 621; baseline 0.006 -26"><span class='ocrx_word' id='word_1_7' title='bbox 359 542 548 606; x_wconf 85' lang='grc' dir='ltr'>Ἀσίας</span> <span class='ocrx_word' id='word_1_8' title='bbox 574 540 955 607; x_wconf 72' lang='grc' dir='ltr'>διαϐιϐάζουσι</span> <span class='ocrx_word' id='word_1_9' title='bbox 983 542 1234 614; x_wconf 85' lang='grc' dir='ltr'>δύναμιν,</span> <span class='ocrx_word' id='word_1_10' title='bbox 1269 545 1446 618; x_wconf 79' lang='grc' dir='ltr'>ὁπόση</span> <span class='ocrx_word' id='word_1_11' title='bbox 1480 548 1549 603; x_wconf 79' lang='grc' dir='ltr'>ἂν</span> <span class='ocrx_word' id='word_1_12' title='bbox 1581 548 1664 621; x_wconf 74' lang='grc' dir='ltr'>εἴη</span> <span class='ocrx_word' id='word_1_13' title='bbox 1703 549 1926 621; x_wconf 74' lang='grc' dir='ltr'>μάλισθ²</span> 
     </span>
    </p>
   </div>
   <div class='ocr_carea' id='block_1_5' title="bbox 2038 540 3611 630">
    <p class='ocr_par' dir='ltr' id='par_1_5' title="bbox 2038 546 3611 630">
     <span class='ocr_line' id='line_1_5' title="bbox 2038 546 3611 630; baseline 0.006 -22"><span class='ocrx_word' id='word_1_14' title='bbox 2038 552 2097 609; x_wconf 87' lang='lat' dir='ltr'>iis</span> <span class='ocrx_word' id='word_1_15' title='bbox 2131 546 2508 612; x_wconf 83' lang='lat' dir='ltr'><strong>omnesaditus</strong></span> <span class='ocrx_word' id='word_1_16' title='bbox 2549 555 3031 627; x_wconf 79' lang='lat' dir='ltr'>intercludendos;</span> <span class='ocrx_word' id='word_1_17' title='bbox 3065 559 3198 615; x_wconf 86' lang='lat' dir='ltr'><strong>velis</strong></span> <span class='ocrx_word' id='word_1_18' title='bbox 3226 562 3400 630; x_wconf 81' lang='lat' dir='ltr'><strong>passis</strong></span> <span class='ocrx_word' id='word_1_19' title='bbox 3430 562 3611 617; x_wconf 77' lang='lat' dir='ltr'><strong>Vene-</strong></span> 
     </span>
    </p>
   </div>
   <div class='ocr_carea' id='block_1_6' title="bbox 346 636 1924 710">
    <p class='ocr_par' dir='ltr' id='par_1_6' title="bbox 346 636 1924 710">
     <span class='ocr_line' id='line_1_6' title="bbox 346 636 1924 710; baseline 0.004 -21"><span class='ocrx_word' id='word_1_20' title='bbox 346 637 514 706; x_wconf 80' lang='grc' dir='ltr'>ῖκανή</span> <span class='ocrx_word' id='word_1_21' title='bbox 562 638 877 706; x_wconf 77' lang='grc' dir='ltr'>συμμαχεῖν</span> <span class='ocrx_word' id='word_1_22' title='bbox 910 654 968 689; x_wconf 89' lang='grc' dir='ltr'>τε</span> <span class='ocrx_word' id='word_1_23' title='bbox 1025 636 1118 689; x_wconf 70' lang='grc' dir='ltr'>καὶ</span> <span class='ocrx_word' id='word_1_24' title='bbox 1188 638 1471 710; x_wconf 78' lang='grc' dir='ltr'>πόρρωθεν</span> <span class='ocrx_word' id='word_1_25' title='bbox 1514 641 1924 710; x_wconf 74' lang='grc' dir='ltr'>ἀποκρούεσθαι</span> 
     </span>
    </p>
   </div>
   <div class='ocr_carea' id='block_1_7' title="bbox 346 728 1927 804">
    <p class='ocr_par' dir='ltr' id='par_1_7' title="bbox 346 728 1927 804">
     <span class='ocr_line' id='line_1_7' title="bbox 346 728 1927 804; baseline 0.003 -22"><span class='ocrx_word' id='word_1_26' title='bbox 346 731 447 782; x_wconf 71' lang='grc' dir='ltr'>καὶ</span> <span class='ocrx_word' id='word_1_27' title='bbox 473 728 759 783; x_wconf 78' lang='grc' dir='ltr'>ἀνασοὸεἰν</span> <span class='ocrx_word' id='word_1_28' title='bbox 792 729 1067 799; x_wconf 86' lang='grc' dir='ltr'>πολεμίων</span> <span class='ocrx_word' id='word_1_29' title='bbox 1106 730 1368 783; x_wconf 77' lang='grc' dir='ltr'>ἁπάντων</span> <span class='ocrx_word' id='word_1_30' title='bbox 1412 730 1623 801; x_wconf 76' lang='grc' dir='ltr'>ἔφοδον,</span> <span class='ocrx_word' id='word_1_31' title='bbox 1661 734 1927 804; x_wconf 76' lang='grc' dir='ltr'>πλήρεσιν</span> 
     </span>
    </p>
   </div>
   <div class='ocr_carea' id='block_1_8' title="bbox 346 822 1929 894">
    <p class='ocr_par' dir='ltr' id='par_1_8' title="bbox 346 822 1929 894">
     <span class='ocr_line' id='line_1_8' title="bbox 346 822 1929 894; baseline 0.003 -19"><span class='ocrx_word' id='word_1_32' title='bbox 346 822 663 875; x_wconf 73' lang='grc' dir='ltr'>ἀπέπλευσε</span> <span class='ocrx_word' id='word_1_33' title='bbox 706 825 817 885; x_wconf 85' lang='grc' dir='ltr'>τοῖς</span> <span class='ocrx_word' id='word_1_34' title='bbox 853 822 1049 885; x_wconf 85' lang='grc' dir='ltr'>ίστίοις</span> <span class='ocrx_word' id='word_1_35' title='bbox 1087 824 1145 886; x_wconf 76' lang='grc' dir='ltr'>ἐς</span> <span class='ocrx_word' id='word_1_36' title='bbox 1198 824 1474 889; x_wconf 78' lang='grc' dir='ltr'>Βενετίαν,</span> <span class='ocrx_word' id='word_1_37' title='bbox 1519 825 1929 894; x_wconf 74' lang='grc' dir='ltr'>ἐπαγγειλάμε-</span> 
     </span>
    </p>
   </div>
   <div class='ocr_carea' id='block_1_9' title="bbox 346 911 1923 984">
    <p class='ocr_par' dir='ltr' id='par_1_9' title="bbox 346 911 1923 984">
     <span class='ocr_line' id='line_1_9' title="bbox 346 911 1923 984; baseline 0.002 -19"><span class='ocrx_word' id='word_1_38' title='bbox 346 929 443 976; x_wconf 87' lang='grc' dir='ltr'>νος</span> <span class='ocrx_word' id='word_1_39' title='bbox 502 911 643 982; x_wconf 83' lang='grc' dir='ltr'>μετά</span> <span class='ocrx_word' id='word_1_40' title='bbox 697 911 944 976; x_wconf 78' lang='grc' dir='ltr'>πλείονος</span> <span class='ocrx_word' id='word_1_41' title='bbox 996 911 1290 983; x_wconf 67' lang='grc' dir='ltr'>ἐπανήξειν</span> <span class='ocrx_word' id='word_1_42' title='bbox 1330 913 1427 982; x_wconf 77' lang='grc' dir='ltr'>ὀψὲ</span> <span class='ocrx_word' id='word_1_43' title='bbox 1478 913 1577 980; x_wconf 80' lang='grc' dir='ltr'>τῆς</span> <span class='ocrx_word' id='word_1_44' title='bbox 1620 914 1923 984; x_wconf 86' lang='grc' dir='ltr'>δυνάμεως.</span> 
     </span>
    </p>
   </div>
   <div class='ocr_carea' id='block_1_10' title="bbox 346 1003 1925 1075">
    <p class='ocr_par' dir='ltr' id='par_1_10' title="bbox 346 1003 1925 1075">
     <span class='ocr_line' id='line_1_10' title="bbox 346 1003 1925 1075; baseline 0.002 -18"><span class='ocrx_word' id='word_1_45' title='bbox 346 1006 658 1058; x_wconf 78' lang='grc' dir='ltr'>Κατὲλειπε</span> <span class='ocrx_word' id='word_1_46' title='bbox 702 1003 748 1056; x_wconf 83' lang='grc' dir='ltr'>δ’</span> <span class='ocrx_word' id='word_1_47' title='bbox 779 1005 930 1072; x_wconf 83' lang='grc' dir='ltr'>ὅμως</span> <span class='ocrx_word' id='word_1_48' title='bbox 978 1004 1257 1075; x_wconf 76' lang='grc' dir='ltr'>συνθήκας</span> <span class='ocrx_word' id='word_1_49' title='bbox 1310 1006 1423 1069; x_wconf 82' lang='grc' dir='ltr'>τοῖς</span> <span class='ocrx_word' id='word_1_50' title='bbox 1464 1005 1804 1067; x_wconf 84' lang='grc' dir='ltr'>Γεννουῖταις</span> <span class='ocrx_word' id='word_1_51' title='bbox 1833 1007 1925 1060; x_wconf 71' lang='grc' dir='ltr'>τόν</span> 
     </span>
    </p>
   </div>
   <div class='ocr_carea' id='block_1_11' title="bbox 351 1097 1923 1168">
    <p class='ocr_par' dir='ltr' id='par_1_11' title="bbox 351 1097 1923 1168">
     <span class='ocr_line' id='line_1_11' title="bbox 351 1097 1923 1168; baseline 0.001 -18"><span class='ocrx_word' id='word_1_52' title='bbox 351 1097 581 1167; x_wconf 83' lang='grc' dir='ltr'>βασιλέα</span> <span class='ocrx_word' id='word_1_53' title='bbox 631 1098 810 1151; x_wconf 83' lang='grc' dir='ltr'>ποιεῖν</span> <span class='ocrx_word' id='word_1_54' title='bbox 867 1097 1161 1168; x_wconf 72' lang='grc' dir='ltr'>καιρικάς,</span> <span class='ocrx_word' id='word_1_55' title='bbox 1214 1098 1320 1161; x_wconf 75' lang='grc' dir='ltr'>ἕως</span> <span class='ocrx_word' id='word_1_56' title='bbox 1373 1099 1441 1153; x_wconf 77' lang='grc' dir='ltr'>ἂν</span> <span class='ocrx_word' id='word_1_57' title='bbox 1495 1099 1782 1168; x_wconf 75' lang='grc' dir='ltr'>ἑκατέροις</span> <span class='ocrx_word' id='word_1_58' title='bbox 1811 1101 1923 1163; x_wconf 88' lang='grc' dir='ltr'>τοῖς</span> 
     </span>
    </p>
   </div>
   <div class='ocr_carea' id='block_1_12' title="bbox 354 1188 1922 1263">
    <p class='ocr_par' dir='ltr' id='par_1_12' title="bbox 354 1188 1922 1263">
     <span class='ocr_line' id='line_1_12' title="bbox 354 1188 1922 1263; baseline 0 -19"><span class='ocrx_word' id='word_1_59' title='bbox 354 1192 549 1261; x_wconf 77' lang='grc' dir='ltr'>μέρεσι</span> <span class='ocrx_word' id='word_1_60' title='bbox 600 1188 1040 1244; x_wconf 88' lang='grc' dir='ltr'>διαναπαύσασιν</span> <span class='ocrx_word' id='word_1_61' title='bbox 1091 1191 1356 1255; x_wconf 81' lang='grc' dir='ltr'>ἑαυτοὺς,</span> <span class='ocrx_word' id='word_1_62' title='bbox 1398 1192 1507 1245; x_wconf 69' lang='grc' dir='ltr'>’καὶ</span> <span class='ocrx_word' id='word_1_63' title='bbox 1559 1191 1922 1263; x_wconf 78' lang='grc' dir='ltr'>διαρκέστερα</span> 
     </span>
    </p>
   </div>
   <div class='ocr_carea' id='block_1_13' title="bbox 349 1281 1931 1353">
    <p class='ocr_par' dir='ltr' id='par_1_13' title="bbox 349 1281 1931 1353">
     <span class='ocr_line' id='line_1_13' title="bbox 349 1281 1931 1353; baseline 0.001 -20"><span class='ocrx_word' id='word_1_64' title='bbox 349 1281 673 1351; x_wconf 80' lang='grc' dir='ltr'>τάπιτήδεια</span> <span class='ocrx_word' id='word_1_65' title='bbox 703 1281 1213 1352; x_wconf 80' lang='grc' dir='ltr'>εῖσκομισαμένοις,</span> <span class='ocrx_word' id='word_1_66' title='bbox 1248 1281 1651 1352; x_wconf 78' lang='grc' dir='ltr'>ἀνδρικώτερον</span> <span class='ocrx_word' id='word_1_67' title='bbox 1681 1284 1820 1353; x_wconf 72' lang='grc' dir='ltr'>προς</span> <span class='ocrx_word' id='word_1_68' title='bbox 1839 1284 1931 1335; x_wconf 77' lang='grc' dir='ltr'>τὸν</span> 
     </span>
    </p>
   </div>
   <div class='ocr_carea' id='block_1_14' title="bbox 350 1374 1933 1444">
    <p class='ocr_par' dir='ltr' id='par_1_14' title="bbox 350 1374 1933 1444">
     <span class='ocr_line' id='line_1_14' title="bbox 350 1374 1933 1444; baseline -0.002 -15"><span class='ocrx_word' id='word_1_69' title='bbox 350 1375 550 1443; x_wconf 76' lang='grc' dir='ltr'>ἑφεξῆς</span> <span class='ocrx_word' id='word_1_70' title='bbox 588 1374 838 1444; x_wconf 75' lang='grc' dir='ltr'>ἀπαντᾷν</span> <span class='ocrx_word' id='word_1_71' title='bbox 900 1375 1275 1443; x_wconf 82' lang='grc' dir='ltr'>προσγένηται</span> <span class='ocrx_word' id='word_1_72' title='bbox 1335 1375 1593 1444; x_wconf 75' lang='grc' dir='ltr'>πόλεμον.</span> <span class='ocrx_word' id='word_1_73' title='bbox 1651 1375 1933 1428; x_wconf 83' lang='grc' dir='ltr'>Ἐνταυοοῖ</span> 
     </span>
    </p>
   </div>
   <div class='ocr_carea' id='block_1_15' title="bbox 349 1466 1927 1538">
    <p class='ocr_par' dir='ltr' id='par_1_15' title="bbox 349 1466 1927 1538">
     <span class='ocr_line' id='line_1_15' title="bbox 349 1466 1927 1538; baseline -0.001 -18"><span class='ocrx_word' id='word_1_74' title='bbox 349 1469 407 1522; x_wconf 86' lang='grc' dir='ltr'>δέ</span> <span class='ocrx_word' id='word_1_75' title='bbox 438 1486 528 1538; x_wconf 91' lang='grc' dir='ltr'>μοι</span> <span class='ocrx_word' id='word_1_76' title='bbox 559 1467 841 1537; x_wconf 76' lang='grc' dir='ltr'>γενομένῳ</span> <span class='ocrx_word' id='word_1_77' title='bbox 870 1467 965 1519; x_wconf 80' lang='grc' dir='ltr'>τοῦ</span> <span class='ocrx_word' id='word_1_78' title='bbox 995 1468 1156 1535; x_wconf 87' lang='grc' dir='ltr'>λόγου</span> <span class='ocrx_word' id='word_1_79' title='bbox 1184 1468 1364 1537; x_wconf 76' lang='grc' dir='ltr'>ἥκιστ’</span> <span class='ocrx_word' id='word_1_80' title='bbox 1389 1466 1547 1521; x_wconf 80' lang='grc' dir='ltr'>εὔοδα</span> <span class='ocrx_word' id='word_1_81' title='bbox 1587 1468 1652 1521; x_wconf 66' lang='grc' dir='ltr'>τὰ</span> <span class='ocrx_word' id='word_1_82' title='bbox 1686 1466 1815 1535; x_wconf 77' lang='grc' dir='ltr'>ἑξῆς</span> <span class='ocrx_word' id='word_1_83' title='bbox 1842 1468 1927 1535; x_wconf 76' lang='grc' dir='ltr'>εἴη</span> 
     </span>
    </p>
   </div>
   <div class='ocr_carea' id='block_1_16' title="bbox 349 1559 1926 1631">
    <p class='ocr_par' dir='ltr' id='par_1_16' title="bbox 349 1559 1926 1631">
     <span class='ocr_line' id='line_1_16' title="bbox 349 1559 1926 1631; baseline 0 -20"><span class='ocrx_word' id='word_1_84' title='bbox 349 1559 438 1623; x_wconf 80' lang='grc' dir='ltr'>ἂν,</span> <span class='ocrx_word' id='word_1_85' title='bbox 476 1559 785 1630; x_wconf 80' lang='grc' dir='ltr'>βουλομένῳ</span> <span class='ocrx_word' id='word_1_86' title='bbox 816 1560 955 1613; x_wconf 80' lang='grc' dir='ltr'>κατά</span> <span class='ocrx_word' id='word_1_87' title='bbox 998 1577 1061 1627; x_wconf 91' lang='grc' dir='ltr'>γε</span> <span class='ocrx_word' id='word_1_88' title='bbox 1108 1561 1207 1630; x_wconf 79' lang='grc' dir='ltr'>τὴν</span> <span class='ocrx_word' id='word_1_89' title='bbox 1240 1561 1339 1631; x_wconf 79' lang='grc' dir='ltr'>σήν</span> <span class='ocrx_word' id='word_1_90' title='bbox 1378 1560 1658 1627; x_wconf 79' lang='grc' dir='ltr'>τὸνλόγον</span> <span class='ocrx_word' id='word_1_91' title='bbox 1704 1560 1926 1613; x_wconf 77' lang='grc' dir='ltr'>συστέλ-</span> 
     </span>
    </p>
   </div>
   <div class='ocr_carea' id='block_1_17' title="bbox 348 1648 1923 1724">
    <p class='ocr_par' dir='ltr' id='par_1_17' title="bbox 348 1648 1923 1724">
     <span class='ocr_line' id='line_1_17' title="bbox 348 1648 1923 1724; baseline -0.002 -20"><span class='ocrx_word' id='word_1_92' title='bbox 348 1652 466 1705; x_wconf 85' lang='grc' dir='ltr'>λειν</span> <span class='ocrx_word' id='word_1_93' title='bbox 496 1654 551 1715; x_wconf 75' lang='grc' dir='ltr'>ἐς</span> <span class='ocrx_word' id='word_1_94' title='bbox 573 1654 633 1706; x_wconf 78' lang='grc' dir='ltr'>τὸ</span> <span class='ocrx_word' id='word_1_95' title='bbox 672 1648 1010 1724; x_wconf 78' lang='grc' dir='ltr'>βραχύτερον</span> <span class='ocrx_word' id='word_1_96' title='bbox 1038 1651 1314 1722; x_wconf 88' lang='grc' dir='ltr'>βούλησιν.</span> <span class='ocrx_word' id='word_1_97' title='bbox 1358 1652 1424 1706; x_wconf 78' lang='lat' dir='ltr'><strong>Ei</strong></span> <span class='ocrx_word' id='word_1_98' title='bbox 1460 1650 1533 1722; x_wconf 82' lang='grc' dir='ltr'>μὴ</span> <span class='ocrx_word' id='word_1_99' title='bbox 1572 1652 1678 1720; x_wconf 77' lang='grc' dir='ltr'>γὰρ</span> <span class='ocrx_word' id='word_1_100' title='bbox 1714 1650 1923 1705; x_wconf 79' lang='grc' dir='ltr'>ἀνωθεν</span> 
     </span>
    </p>
   </div>
   <div class='ocr_carea' id='block_1_18' title="bbox 2035 645 3611 721">
    <p class='ocr_par' dir='ltr' id='par_1_18' title="bbox 2035 645 3611 721">
     <span class='ocr_line' id='line_1_18' title="bbox 2035 645 3611 721; baseline 0.004 -22"><span class='ocrx_word' id='word_1_101' title='bbox 2035 645 2164 700; x_wconf 87' lang='lat' dir='ltr'><strong>tiam</strong></span> <span class='ocrx_word' id='word_1_102' title='bbox 2194 648 2535 717; x_wconf 78' lang='lat' dir='ltr'><strong>renavigavit</strong></span> <span class='ocrx_word' id='word_1_103' title='bbox 2580 663 2704 702; x_wconf 92' lang='lat' dir='ltr'>cum</span> <span class='ocrx_word' id='word_1_104' title='bbox 2738 648 2989 717; x_wconf 81' lang='lat' dir='ltr'><strong>pluribus</strong></span> <span class='ocrx_word' id='word_1_105' title='bbox 3031 651 3230 721; x_wconf 92' lang='lat' dir='ltr'><strong>opibus</strong></span> <span class='ocrx_word' id='word_1_106' title='bbox 3274 668 3396 706; x_wconf 80' lang='lat' dir='ltr'>mox</span> <span class='ocrx_word' id='word_1_107' title='bbox 3428 669 3484 707; x_wconf 89' lang='lat' dir='ltr'>se</span> <span class='ocrx_word' id='word_1_108' title='bbox 3517 668 3611 705; x_wconf 86' lang='lat' dir='ltr'><strong>re-</strong></span> 
     </span>
    </p>
   </div>
   <div class='ocr_carea' id='block_1_19' title="bbox 2032 738 3615 813">
    <p class='ocr_par' dir='ltr' id='par_1_19' title="bbox 2032 738 3615 813">
     <span class='ocr_line' id='line_1_19' title="bbox 2032 738 3615 813; baseline 0.005 -24"><span class='ocrx_word' id='word_1_109' title='bbox 2032 750 2324 791; x_wconf 85' lang='lat' dir='ltr'><strong>versurum</strong></span> <span class='ocrx_word' id='word_1_110' title='bbox 2357 753 2477 793; x_wconf 89' lang='lat' dir='ltr'><strong>esse</strong></span> <span class='ocrx_word' id='word_1_111' title='bbox 2509 738 2805 808; x_wconf 84' lang='lat' dir='ltr'><strong>pollicitus.</strong></span> <span class='ocrx_word' id='word_1_112' title='bbox 2848 741 3103 797; x_wconf 86' lang='lat' dir='ltr'><strong>Permisit</strong></span> <span class='ocrx_word' id='word_1_113' title='bbox 3153 758 3373 813; x_wconf 86' lang='lat' dir='ltr'><strong>quoque</strong></span> <span class='ocrx_word' id='word_1_114' title='bbox 3408 744 3517 813; x_wconf 85' lang='lat' dir='ltr'><strong>regi</strong></span> <span class='ocrx_word' id='word_1_115' title='bbox 3552 751 3615 797; x_wconf 86' lang='lat' dir='ltr'>ut</span> 
     </span>
    </p>
   </div>
   <div class='ocr_carea' id='block_1_20' title="bbox 2035 828 3613 901">
    <p class='ocr_par' dir='ltr' id='par_1_20' title="bbox 2035 828 3613 901">
     <span class='ocr_line' id='line_1_20' title="bbox 2035 828 3613 901; baseline 0.005 -20"><span class='ocrx_word' id='word_1_116' title='bbox 2035 830 2091 881; x_wconf 90' lang='lat' dir='ltr'>in</span> <span class='ocrx_word' id='word_1_117' title='bbox 2151 837 2399 897; x_wconf 90' lang='lat' dir='ltr'><strong>tempore</strong></span> <span class='ocrx_word' id='word_1_118' title='bbox 2449 843 2572 883; x_wconf 89' lang='lat' dir='ltr'>eum</span> <span class='ocrx_word' id='word_1_119' title='bbox 2619 828 3000 885; x_wconf 82' lang='lat' dir='ltr'><strong>Genuensibus</strong></span> <span class='ocrx_word' id='word_1_120' title='bbox 3053 833 3202 901; x_wconf 84' lang='lat' dir='ltr'><strong>pacis</strong></span> <span class='ocrx_word' id='word_1_121' title='bbox 3270 834 3613 889; x_wconf 80' lang='lat' dir='ltr'><strong>conditiones</strong></span> 
     </span>
    </p>
   </div>
   <div class='ocr_carea' id='block_1_21' title="bbox 2033 919 3611 992">
    <p class='ocr_par' dir='ltr' id='par_1_21' title="bbox 2033 919 3611 992">
     <span class='ocr_line' id='line_1_21' title="bbox 2033 919 3611 992; baseline 0.004 -18"><span class='ocrx_word' id='word_1_122' title='bbox 2033 919 2221 985; x_wconf 79' lang='lat' dir='ltr'><strong>iniret,</strong></span> <span class='ocrx_word' id='word_1_123' title='bbox 2268 922 2443 976; x_wconf 90' lang='lat' dir='ltr'><strong>donec</strong></span> <span class='ocrx_word' id='word_1_124' title='bbox 2474 932 2719 991; x_wconf 68' lang='lat' dir='ltr'>llll&#39;il’Qlle</span> <span class='ocrx_word' id='word_1_125' title='bbox 2750 933 2935 992; x_wconf 85' lang='lat' dir='ltr'><strong>partes</strong></span> <span class='ocrx_word' id='word_1_126' title='bbox 2968 939 3026 977; x_wconf 85' lang='lat' dir='ltr'>se</span> <span class='ocrx_word' id='word_1_127' title='bbox 3075 925 3397 981; x_wconf 70' lang='lat' dir='ltr'><strong>reiecissent</strong></span> <span class='ocrx_word' id='word_1_128' title='bbox 3426 936 3481 981; x_wconf 87' lang='lat' dir='ltr'>et</span> <span class='ocrx_word' id='word_1_129' title='bbox 3510 942 3611 981; x_wconf 89' lang='lat' dir='ltr'><strong>nc-</strong></span> 
     </span>
    </p>
   </div>
   <div class='ocr_carea' id='block_1_22' title="bbox 2030 1012 3609 1074">
    <p class='ocr_par' dir='ltr' id='par_1_22' title="bbox 2030 1012 3609 1074">
     <span class='ocr_line' id='line_1_22' title="bbox 2030 1012 3609 1074; baseline 0.003 -7"><span class='ocrx_word' id='word_1_130' title='bbox 2030 1013 2284 1067; x_wconf 84' lang='lat' dir='ltr'><strong>cessariis</strong></span> <span class='ocrx_word' id='word_1_131' title='bbox 2333 1012 2669 1067; x_wconf 82' lang='lat' dir='ltr'><strong>sufficienter</strong></span> <span class='ocrx_word' id='word_1_132' title='bbox 2727 1013 3011 1069; x_wconf 67' lang='lat' dir='ltr'><strong>instructa:</strong></span> <span class='ocrx_word' id='word_1_133' title='bbox 3050 1016 3353 1074; x_wconf 91' lang='lat' dir='ltr'><strong>animosius</strong></span> <span class='ocrx_word' id='word_1_134' title='bbox 3403 1018 3609 1071; x_wconf 84' lang='lat' dir='ltr'><strong>bellum</strong></span> 
     </span>
    </p>
   </div>
   <div class='ocr_carea' id='block_1_23' title="bbox 2029 1104 3608 1176">
    <p class='ocr_par' dir='ltr' id='par_1_23' title="bbox 2029 1104 3608 1176">
     <span class='ocr_line' id='line_1_23' title="bbox 2029 1104 3608 1176; baseline 0.004 -18"><span class='ocrx_word' id='word_1_135' title='bbox 2029 1104 2401 1173; x_wconf 76' lang='lat' dir='ltr'><strong>redintegrare</strong></span> <span class='ocrx_word' id='word_1_136' title='bbox 2433 1113 2673 1174; x_wconf 86' lang='lat' dir='ltr'><strong>possent.</strong></span> <span class='ocrx_word' id='word_1_137' title='bbox 2708 1105 2803 1159; x_wconf 86' lang='lat' dir='ltr'><strong>His</strong></span> <span class='ocrx_word' id='word_1_138' title='bbox 2841 1106 3200 1176; x_wconf 79' lang='lat' dir='ltr'><strong>ita-expositis</strong></span> <span class='ocrx_word' id='word_1_139' title='bbox 3231 1117 3292 1161; x_wconf 89' lang='lat' dir='ltr'>ut</span> <span class='ocrx_word' id='word_1_140' title='bbox 3332 1110 3608 1164; x_wconf 73' lang='lat' dir='ltr'><strong>voluntati</strong></span> 
     </span>
    </p>
   </div>
   <div class='ocr_carea' id='block_1_24' title="bbox 2027 1198 3613 1265">
    <p class='ocr_par' dir='ltr' id='par_1_24' title="bbox 2027 1198 3613 1265">
     <span class='ocr_line' id='line_1_24' title="bbox 2027 1198 3613 1265; baseline 0.003 -15"><span class='ocrx_word' id='word_1_141' title='bbox 2027 1198 2440 1265; x_wconf 43' lang='lat' dir='ltr'><strong>tuaa‘reliquam</strong></span> <span class='ocrx_word' id='word_1_142' title='bbox 2474 1199 3067 1265; x_wconf 82' lang='lat' dir='ltr'><strong>narrationcm&#39;paucis</strong></span> <span class='ocrx_word' id='word_1_143' title='bbox 3102 1199 3423 1254; x_wconf 79' lang='lat' dir='ltr'><strong>absolvendi</strong></span> <span class='ocrx_word' id='word_1_144' title='bbox 3450 1202 3613 1255; x_wconf 78' lang='lat' dir='ltr'><strong>obse~</strong></span> 
     </span>
    </p>
   </div>
   <div class='ocr_carea' id='block_1_25' title="bbox 2022 1286 3617 1357">
    <p class='ocr_par' dir='ltr' id='par_1_25' title="bbox 2022 1286 3617 1357">
     <span class='ocr_line' id='line_1_25' title="bbox 2022 1286 3617 1357; baseline 0.003 -17"><span class='ocrx_word' id='word_1_145' title='bbox 2022 1286 2131 1356; x_wconf 87' lang='lat' dir='ltr'>qui</span> <span class='ocrx_word' id='word_1_146' title='bbox 2162 1287 2293 1340; x_wconf 85' lang='lat' dir='ltr'><strong>mihi</strong></span> <span class='ocrx_word' id='word_1_147' title='bbox 2344 1288 2754 1353; x_wconf 84' lang='lat' dir='ltr'><strong>liceatvereor,</strong></span> <span class='ocrx_word' id='word_1_148' title='bbox 2792 1302 2915 1341; x_wconf 92' lang='lat' dir='ltr'>eum</span> <span class='ocrx_word' id='word_1_149' title='bbox 2984 1287 3089 1341; x_wconf 87' lang='lat' dir='ltr'><strong>nisi</strong></span> <span class='ocrx_word' id='word_1_150' title='bbox 3142 1302 3308 1357; x_wconf 87' lang='lat' dir='ltr'><strong>supra</strong></span> <span class='ocrx_word' id='word_1_151' title='bbox 3356 1289 3617 1345; x_wconf 86' lang='lat' dir='ltr'><strong>indicatis</strong></span> 
     </span>
    </p>
   </div>
   <div class='ocr_carea' id='block_1_26' title="bbox 2030 1378 3612 1448">
    <p class='ocr_par' dir='ltr' id='par_1_26' title="bbox 2030 1378 3612 1448">
     <span class='ocr_line' id='line_1_26' title="bbox 2030 1378 3612 1448; baseline 0.002 -17"><span class='ocrx_word' id='word_1_152' title='bbox 2030 1378 2273 1432; x_wconf 84' lang='lat' dir='ltr'><strong>rationes</strong></span> <span class='ocrx_word' id='word_1_153' title='bbox 2325 1379 2718 1448; x_wconf 84' lang='lat' dir='ltr'><strong>subsequentis</strong></span> <span class='ocrx_word' id='word_1_154' title='bbox 2807 1380 3149 1434; x_wconf 84' lang='lat' dir='ltr'><strong>narrationis</strong></span> <span class='ocrx_word' id='word_1_155' title='bbox 3204 1381 3405 1434; x_wconf 68' lang='lat' dir='ltr'><strong>additae</strong></span> <span class='ocrx_word' id='word_1_156' title='bbox 3462 1391 3612 1445; x_wconf 74' lang='lat' dir='ltr'><strong>Slllll,</strong></span> 
     </span>
    </p>
   </div>
   <div class='ocr_carea' id='block_1_27' title="bbox 2030 1467 3615 1539">
    <p class='ocr_par' dir='ltr' id='par_1_27' title="bbox 2030 1467 3615 1539">
     <span class='ocr_line' id='line_1_27' title="bbox 2030 1467 3615 1539; baseline 0.001 -18"><span class='ocrx_word' id='word_1_157' title='bbox 2030 1468 2169 1521; x_wconf 87' lang='lat' dir='ltr'><strong>nihil</strong></span> <span class='ocrx_word' id='word_1_158' title='bbox 2200 1467 2429 1522; x_wconf 82' lang='lat' dir='ltr'><strong>fortasse</strong></span> <span class='ocrx_word' id='word_1_159' title='bbox 2457 1468 2715 1536; x_wconf 84' lang='lat' dir='ltr'><strong>cuiquam</strong></span> <span class='ocrx_word' id='word_1_160' title='bbox 2748 1478 2998 1538; x_wconf 87' lang='lat' dir='ltr'><strong>apertum</strong></span> <span class='ocrx_word' id='word_1_161' title='bbox 3048 1469 3162 1531; x_wconf 82' lang='lat' dir='ltr'><strong>fiat,</strong></span> <span class='ocrx_word' id='word_1_162' title='bbox 3200 1469 3303 1522; x_wconf 91' lang='lat' dir='ltr'><strong>nisi</strong></span> <span class='ocrx_word' id='word_1_163' title='bbox 3337 1470 3481 1539; x_wconf 92' lang='lat' dir='ltr'><strong>quod</strong></span> <span class='ocrx_word' id='word_1_164' title='bbox 3510 1486 3615 1539; x_wconf 94' lang='lat' dir='ltr'>ego</span> 
     </span>
    </p>
   </div>
   <div class='ocr_carea' id='block_1_28' title="bbox 2027 1558 3618 1630">
    <p class='ocr_par' dir='ltr' id='par_1_28' title="bbox 2027 1558 3618 1630">
     <span class='ocr_line' id='line_1_28' title="bbox 2027 1558 3618 1630; baseline 0.003 -19"><span class='ocrx_word' id='word_1_165' title='bbox 2027 1558 2294 1627; x_wconf 90' lang='lat' dir='ltr'><strong>suppetiis</strong></span> <span class='ocrx_word' id='word_1_166' title='bbox 2325 1573 2561 1629; x_wconf 82' lang='lat' dir='ltr'><strong>egerem,</strong></span> <span class='ocrx_word' id='word_1_167' title='bbox 2581 1560 2784 1630; x_wconf 86' lang='lat' dir='ltr'><strong>quippe</strong></span> <span class='ocrx_word' id='word_1_168' title='bbox 2814 1559 2907 1630; x_wconf 87' lang='lat' dir='ltr'>qui</span> <span class='ocrx_word' id='word_1_169' title='bbox 2934 1560 3312 1629; x_wconf 89' lang='lat' dir='ltr'><strong>imperfectam</strong></span> <span class='ocrx_word' id='word_1_170' title='bbox 3349 1562 3618 1615; x_wconf 42' lang='lat' dir='ltr'><strong>narratio‘</strong></span> 
     </span>
    </p>
   </div>
   <div class='ocr_carea' id='block_1_29' title="bbox 2025 1648 2503 1705">
    <p class='ocr_par' dir='ltr' id='par_1_29' title="bbox 2025 1648 2503 1705">
     <span class='ocr_line' id='line_1_29' title="bbox 2025 1648 2503 1705; baseline 0 -2"><span class='ocrx_word' id='word_1_171' title='bbox 2025 1664 2152 1703; x_wconf 84' lang='lat' dir='ltr'>nem</span> <span class='ocrx_word' id='word_1_172' title='bbox 2187 1648 2503 1705; x_wconf 84' lang='lat' dir='ltr'><strong>redderem.</strong></span> 
     </span>
    </p>
   </div>
   <div class='ocr_carea' id='block_1_30' title="bbox 351 1741 3615 1819">
    <p class='ocr_par' dir='ltr' id='par_1_30' title="bbox 351 1741 3615 1819">
     <span class='ocr_line' id='line_1_30' title="bbox 351 1741 3615 1819; baseline -0.001 -18"><span class='ocrx_word' id='word_1_173' title='bbox 351 1748 651 1818; x_wconf 73' lang='grc' dir='ltr'>ἧργμένοις</span> <span class='ocrx_word' id='word_1_174' title='bbox 683 1749 780 1811; x_wconf 71' lang='grc' dir='ltr'>τὰς</span> <span class='ocrx_word' id='word_1_175' title='bbox 811 1748 922 1800; x_wconf 82' lang='grc' dir='ltr'>τῶν</span> <span class='ocrx_word' id='word_1_176' title='bbox 951 1747 1369 1818; x_wconf 79' lang='grc' dir='ltr'>λεχθησομένων</span> <span class='ocrx_word' id='word_1_177' title='bbox 1422 1746 1603 1809; x_wconf 81' lang='grc' dir='ltr'>αἰτίας</span> <span class='ocrx_word' id='word_1_178' title='bbox 1673 1744 2021 1815; x_wconf 75' lang='grc' dir='ltr'>προστιθέναι</span> <span class='ocrx_word' id='word_1_179' title='bbox 2049 1741 2252 1811; x_wconf 82' lang='grc' dir='ltr'>γένοιθ’</span> <span class='ocrx_word' id='word_1_180' title='bbox 2317 1745 2473 1813; x_wconf 70' lang='grc' dir='ltr'>ἡμῖν,</span> <span class='ocrx_word' id='word_1_181' title='bbox 2540 1744 2640 1798; x_wconf 82' lang='grc' dir='ltr'>οὐκ</span> <span class='ocrx_word' id='word_1_182' title='bbox 2680 1743 2746 1798; x_wconf 80' lang='grc' dir='ltr'>ἀν</span> <span class='ocrx_word' id='word_1_183' title='bbox 2813 1761 2942 1798; x_wconf 86' lang='grc' dir='ltr'>ποτε</span> <span class='ocrx_word' id='word_1_184' title='bbox 2974 1747 3187 1815; x_wconf 84' lang='grc' dir='ltr'>γένοιτο</span> <span class='ocrx_word' id='word_1_185' title='bbox 3214 1748 3494 1819; x_wconf 80' lang='grc' dir='ltr'>γνώριμον</span> <span class='ocrx_word' id='word_1_186' title='bbox 3520 1747 3615 1799; x_wconf 85' lang='grc' dir='ltr'>ού-</span> 
     </span>
    </p>
   </div>
   <div class='ocr_carea' id='block_1_31' title="bbox 349 1827 3614 1912">
    <p class='ocr_par' dir='ltr' id='par_1_31' title="bbox 349 1827 3614 1912">
     <span class='ocr_line' id='line_1_31' title="bbox 349 1827 3614 1912; baseline 0 -18"><span class='ocrx_word' id='word_1_187' title='bbox 349 1842 471 1894; x_wconf 84' lang='grc' dir='ltr'>δέσι</span> <span class='ocrx_word' id='word_1_188' title='bbox 504 1840 611 1892; x_wconf 85' lang='grc' dir='ltr'>τῶν</span> <span class='ocrx_word' id='word_1_189' title='bbox 642 1839 951 1893; x_wconf 77' lang='grc' dir='ltr'>ἀκουόντων</span> <span class='ocrx_word' id='word_1_190' title='bbox 978 1839 1152 1903; x_wconf 79' lang='grc' dir='ltr'>οὐδὲν,</span> <span class='ocrx_word' id='word_1_191' title='bbox 1188 1838 1327 1909; x_wconf 84' lang='grc' dir='ltr'>πλὴν</span> <span class='ocrx_word' id='word_1_192' title='bbox 1379 1838 1461 1891; x_wconf 79' lang='grc' dir='ltr'>ὅτι</span> <span class='ocrx_word' id='word_1_193' title='bbox 1510 1839 1811 1908; x_wconf 80' lang='grc' dir='ltr'>ἀμεινόνων</span> <span class='ocrx_word' id='word_1_194' title='bbox 1865 1853 1930 1905; x_wconf 87' lang='grc' dir='ltr'>γε</span> <span class='ocrx_word' id='word_1_195' title='bbox 1966 1836 2077 1889; x_wconf 86' lang='grc' dir='ltr'>τῶν</span> <span class='ocrx_word' id='word_1_196' title='bbox 2139 1837 2387 1909; x_wconf 77' lang='grc' dir='ltr'>ἀποριῶν</span> <span class='ocrx_word' id='word_1_197' title='bbox 2451 1838 2691 1908; x_wconf 75' lang='grc' dir='ltr'>ἐσόμεθα</span> <span class='ocrx_word' id='word_1_198' title='bbox 2739 1838 3014 1910; x_wconf 79' lang='grc' dir='ltr'>πρόξενοι,</span> <span class='ocrx_word' id='word_1_199' title='bbox 3050 1840 3318 1912; x_wconf 80' lang='grc' dir='ltr'>ήμίεργόν</span> <span class='ocrx_word' id='word_1_200' title='bbox 3364 1859 3486 1894; x_wconf 90' lang='grc' dir='ltr'>τινα</span> <span class='ocrx_word' id='word_1_201' title='bbox 3518 1827 3614 1895; x_wconf 71' lang='grc' dir='ltr'>καὶ</span> 
     </span>
    </p>
   </div>
   <div class='ocr_carea' id='block_1_32' title="bbox 353 1930 2183 2004">
    <p class='ocr_par' dir='ltr' id='par_1_32' title="bbox 353 1930 2183 2004">
     <span class='ocr_line' id='line_1_32' title="bbox 353 1930 2183 2004; baseline -0.001 -19"><span class='ocrx_word' id='word_1_202' title='bbox 353 1933 589 2004; x_wconf 75' lang='grc' dir='ltr'>ἡμιτελῆ</span> <span class='ocrx_word' id='word_1_203' title='bbox 620 1936 685 2004; x_wconf 77' lang='grc' dir='ltr'>τῇ</span> <span class='ocrx_word' id='word_1_204' title='bbox 726 1933 982 2003; x_wconf 74' lang='grc' dir='ltr'>διηγήσει</span> <span class='ocrx_word' id='word_1_205' title='bbox 1012 1932 1110 2003; x_wconf 81' lang='grc' dir='ltr'>τὴν</span> <span class='ocrx_word' id='word_1_206' title='bbox 1135 1932 1237 2001; x_wconf 83' lang='grc' dir='ltr'>τῆς</span> <span class='ocrx_word' id='word_1_207' title='bbox 1273 1932 1523 2001; x_wconf 77' lang='grc' dir='ltr'>γλώττης</span> <span class='ocrx_word' id='word_1_208' title='bbox 1556 1931 1927 2001; x_wconf 74' lang='grc' dir='ltr'>παρεχόμενοι</span> <span class='ocrx_word' id='word_1_209' title='bbox 1967 1930 2183 2000; x_wconf 79' lang='grc' dir='ltr'>χρείαν.</span> 
     </span>
    </p>
   </div>
   <div class='ocr_carea' id='block_1_33' title="bbox 423 2025 1932 2099">
    <p class='ocr_par' dir='ltr' id='par_1_33' title="bbox 423 2027 1929 2097">
     <span class='ocr_line' id='line_1_33' title="bbox 423 2027 1929 2097; baseline -0.003 -14"><span class='ocrx_word' id='word_1_210' title='bbox 423 2028 527 2083; x_wconf 83' lang='grc' dir='ltr'><strong>1Ε’.</strong></span> <span class='ocrx_word' id='word_1_211' title='bbox 563 2028 897 2097; x_wconf 74' lang='grc' dir='ltr'>Ἐϐουλόμην</span> <span class='ocrx_word' id='word_1_212' title='bbox 959 2044 1018 2080; x_wconf 89' lang='grc' dir='ltr'>σε</span> <span class='ocrx_word' id='word_1_213' title='bbox 1063 2028 1264 2096; x_wconf 76' lang='grc' dir='ltr'>ἔγωγε,</span> <span class='ocrx_word' id='word_1_214' title='bbox 1318 2028 1449 2082; x_wconf 77' lang='grc' dir='ltr'>καλὲ</span> <span class='ocrx_word' id='word_1_215' title='bbox 1507 2027 1881 2096; x_wconf 77' lang='grc' dir='ltr'>Ἀγαθὰγγελε</span> <span class='ocrx_word' id='word_1_216' title='bbox 1915 2069 1929 2092; x_wconf 93' lang='grc'>,</span> 
     </span>
    </p>
   </div>
   <div class='ocr_carea' id='block_1_34' title="bbox 2038 2025 3614 2099">
    <p class='ocr_par' dir='ltr' id='par_1_34' title="bbox 2108 2025 3614 2099">
     <span class='ocr_line' id='line_1_34' title="bbox 2108 2025 3614 2099; baseline 0.005 -21"><span class='ocrx_word' id='word_1_217' title='bbox 2108 2025 2221 2082; x_wconf 66' lang='grc' dir='ltr'>κν.</span> <span class='ocrx_word' id='word_1_218' title='bbox 2257 2027 2545 2096; x_wconf 83' lang='lat' dir='ltr'><strong>Equidem,</strong></span> <span class='ocrx_word' id='word_1_219' title='bbox 2597 2028 2922 2084; x_wconf 89' lang='lat' dir='ltr'><strong>charissime</strong></span> <span class='ocrx_word' id='word_1_220' title='bbox 2971 2029 3047 2084; x_wconf 90' lang='lat' dir='ltr'>mi</span> <span class='ocrx_word' id='word_1_221' title='bbox 3100 2029 3503 2099; x_wconf 79' lang='lat' dir='ltr'><strong>Agathangele,</strong></span> <span class='ocrx_word' id='word_1_222' title='bbox 3559 2038 3614 2085; x_wconf 86' lang='lat' dir='ltr'>te</span> 
     </span>
    </p>
   </div>
   <div class='ocr_carea' id='block_1_35' title="bbox 348 2108 1936 2191">
    <p class='ocr_par' dir='ltr' id='par_1_35' title="bbox 348 2108 1936 2191">
     <span class='ocr_line' id='line_1_35' title="bbox 348 2108 1936 2191; baseline -0.003 -18"><span class='ocrx_word' id='word_1_223' title='bbox 348 2122 499 2175; x_wconf 80' lang='grc' dir='ltr'>πάνυ</span> <span class='ocrx_word' id='word_1_224' title='bbox 533 2138 585 2173; x_wconf 87' lang='grc' dir='ltr'>τι</span> <span class='ocrx_word' id='word_1_225' title='bbox 621 2119 874 2174; x_wconf 86' lang='grc' dir='ltr'>πλεῖστον</span> <span class='ocrx_word' id='word_1_226' title='bbox 898 2120 1023 2189; x_wconf 70' lang='grc' dir='ltr'>ἐμοὶ</span> <span class='ocrx_word' id='word_1_227' title='bbox 1066 2123 1307 2174; x_wconf 84' lang='grc' dir='ltr'>συνεῖναι</span> <span class='ocrx_word' id='word_1_228' title='bbox 1355 2120 1445 2173; x_wconf 78' lang='grc' dir='ltr'>τὸν</span> <span class='ocrx_word' id='word_1_229' title='bbox 1475 2121 1667 2191; x_wconf 85' lang='grc' dir='ltr'>χρόνον</span> <span class='ocrx_word' id='word_1_230' title='bbox 1695 2108 1792 2174; x_wconf 59' lang='grc' dir='ltr'>καῖ</span> <span class='ocrx_word' id='word_1_231' title='bbox 1814 2121 1936 2189; x_wconf 88' lang='grc' dir='ltr'>όμι-</span> 
     </span>
    </p>
   </div>
   <div class='ocr_carea' id='block_1_36' title="bbox 347 2210 1938 2286">
    <p class='ocr_par' dir='ltr' id='par_1_36' title="bbox 347 2210 1938 2286">
     <span class='ocr_line' id='line_1_36' title="bbox 347 2210 1938 2286; baseline -0.003 -20"><span class='ocrx_word' id='word_1_232' title='bbox 347 2215 464 2268; x_wconf 80' lang='grc' dir='ltr'>λεῖν</span> <span class='ocrx_word' id='word_1_233' title='bbox 492 2213 763 2274; x_wconf 77' lang='grc' dir='ltr'>ἐνταυθοῖ,</span> <span class='ocrx_word' id='word_1_234' title='bbox 789 2211 884 2264; x_wconf 77' lang='grc' dir='ltr'>καὶ</span> <span class='ocrx_word' id='word_1_235' title='bbox 912 2211 1128 2283; x_wconf 73' lang='grc' dir='ltr'>μακρὰν</span> <span class='ocrx_word' id='word_1_236' title='bbox 1159 2213 1289 2280; x_wconf 88' lang='grc' dir='ltr'>παρ’</span> <span class='ocrx_word' id='word_1_237' title='bbox 1324 2213 1602 2286; x_wconf 77' lang='grc' dir='ltr'>ἑκατέρων</span> <span class='ocrx_word' id='word_1_238' title='bbox 1640 2210 1938 2280; x_wconf 79' lang='grc' dir='ltr'>ἑκατέρους</span> 
     </span>
    </p>
   </div>
   <div class='ocr_carea' id='block_1_37' title="bbox 348 2296 1935 2370">
    <p class='ocr_par' dir='ltr' id='par_1_37' title="bbox 348 2296 1935 2370">
     <span class='ocr_line' id='line_1_37' title="bbox 348 2296 1935 2370; baseline -0.004 -14"><span class='ocrx_word' id='word_1_239' title='bbox 348 2302 603 2357; x_wconf 77' lang='grc' dir='ltr'>ἐντεῦθεν</span> <span class='ocrx_word' id='word_1_240' title='bbox 633 2303 779 2370; x_wconf 74' lang='grc' dir='ltr'>ἡμᾶς</span> <span class='ocrx_word' id='word_1_241' title='bbox 827 2304 928 2367; x_wconf 70' lang='grc' dir='ltr'>τὴν</span> <span class='ocrx_word' id='word_1_242' title='bbox 962 2299 1311 2370; x_wconf 82' lang='grc' dir='ltr'>παραμυθίαν</span> <span class='ocrx_word' id='word_1_243' title='bbox 1348 2299 1486 2368; x_wconf 83' lang='grc' dir='ltr'>μετά</span> <span class='ocrx_word' id='word_1_244' title='bbox 1535 2298 1629 2350; x_wconf 83' lang='grc' dir='ltr'>τοῦ</span> <span class='ocrx_word' id='word_1_245' title='bbox 1660 2296 1935 2367; x_wconf 82' lang='grc' dir='ltr'>ὠφελίμου</span> 
     </span>
    </p>
   </div>
   <div class='ocr_carea' id='block_1_38' title="bbox 350 2387 1937 2464">
    <p class='ocr_par' dir='ltr' id='par_1_38' title="bbox 350 2387 1937 2464">
     <span class='ocr_line' id='line_1_38' title="bbox 350 2387 1937 2464; baseline -0.006 -16"><span class='ocrx_word' id='word_1_246' title='bbox 350 2391 723 2464; x_wconf 81' lang='grc' dir='ltr'>καρποῦσθαι,</span> <span class='ocrx_word' id='word_1_247' title='bbox 787 2390 978 2461; x_wconf 80' lang='grc' dir='ltr'>χρείας</span> <span class='ocrx_word' id='word_1_248' title='bbox 1013 2390 1207 2460; x_wconf 83' lang='grc' dir='ltr'>χρείαν</span> <span class='ocrx_word' id='word_1_249' title='bbox 1269 2388 1636 2451; x_wconf 75' lang='grc' dir='ltr'>ἀντιδιδόντας</span> <span class='ocrx_word' id='word_1_250' title='bbox 1669 2387 1937 2457; x_wconf 82' lang='grc' dir='ltr'>ἀλλήλους</span> 
     </span>
    </p>
   </div>
   <div class='ocr_carea' id='block_1_39' title="bbox 350 2481 1936 2554">
    <p class='ocr_par' dir='ltr' id='par_1_39' title="bbox 350 2481 1936 2554">
     <span class='ocr_line' id='line_1_39' title="bbox 350 2481 1936 2554; baseline -0.003 -16"><span class='ocrx_word' id='word_1_251' title='bbox 350 2485 607 2553; x_wconf 77' lang='grc' dir='ltr'>ἀλλήλοις</span> <span class='ocrx_word' id='word_1_252' title='bbox 652 2486 748 2538; x_wconf 74' lang='grc' dir='ltr'>καὶ</span> <span class='ocrx_word' id='word_1_253' title='bbox 794 2482 863 2535; x_wconf 80' lang='grc' dir='ltr'>αὖ</span> <span class='ocrx_word' id='word_1_254' title='bbox 902 2484 1032 2554; x_wconf 80' lang='grc' dir='ltr'>παρ’</span> <span class='ocrx_word' id='word_1_255' title='bbox 1076 2482 1321 2553; x_wconf 85' lang='grc' dir='ltr'>ἀλλήλων</span> <span class='ocrx_word' id='word_1_256' title='bbox 1364 2482 1632 2549; x_wconf 83' lang='grc' dir='ltr'>ἀλλήλους</span> <span class='ocrx_word' id='word_1_257' title='bbox 1669 2481 1936 2548; x_wconf 83' lang='grc' dir='ltr'>ἀντιλαμ-</span> 
     </span>
    </p>
   </div>
   <div class='ocr_carea' id='block_1_40' title="bbox 351 2570 1935 2642">
    <p class='ocr_par' dir='ltr' id='par_1_40' title="bbox 351 2570 1935 2642">
     <span class='ocr_line' id='line_1_40' title="bbox 351 2570 1935 2642; baseline -0.004 -16"><span class='ocrx_word' id='word_1_258' title='bbox 351 2574 623 2635; x_wconf 84' lang='grc' dir='ltr'>6ἀνοντας</span> <span class='ocrx_word' id='word_1_259' title='bbox 676 2574 751 2636; x_wconf 87' lang='grc' dir='ltr'>ώς</span> <span class='ocrx_word' id='word_1_260' title='bbox 809 2575 979 2638; x_wconf 70' lang='grc' dir='ltr'>είκδς,</span> <span class='ocrx_word' id='word_1_261' title='bbox 1040 2573 1237 2642; x_wconf 86' lang='grc' dir='ltr'>μέχρις</span> <span class='ocrx_word' id='word_1_262' title='bbox 1290 2574 1378 2635; x_wconf 82' lang='grc' dir='ltr'>ἂν,</span> <span class='ocrx_word' id='word_1_263' title='bbox 1406 2574 1453 2625; x_wconf 81' lang='grc' dir='ltr'>εί</span> <span class='ocrx_word' id='word_1_264' title='bbox 1484 2573 1579 2625; x_wconf 74' lang='grc' dir='ltr'>καὶ</span> <span class='ocrx_word' id='word_1_265' title='bbox 1612 2573 1744 2641; x_wconf 80' lang='grc' dir='ltr'>ἡμῖν</span> <span class='ocrx_word' id='word_1_266' title='bbox 1785 2570 1935 2639; x_wconf 78' lang='grc' dir='ltr'>ἐξείη</span> 
     </span>
    </p>
   </div>
   <div class='ocr_carea' id='block_1_41' title="bbox 352 2664 1938 2739">
    <p class='ocr_par' dir='ltr' id='par_1_41' title="bbox 352 2664 1938 2739">
     <span class='ocr_line' id='line_1_41' title="bbox 352 2664 1938 2739; baseline -0.002 -21"><span class='ocrx_word' id='word_1_267' title='bbox 352 2669 455 2739; x_wconf 78' lang='grc' dir='ltr'>ζῇν</span> <span class='ocrx_word' id='word_1_268' title='bbox 479 2709 495 2732; x_wconf 91' lang='grc'>,</span> <span class='ocrx_word' id='word_1_269' title='bbox 544 2668 571 2720; x_wconf 87' lang='grc' dir='ltr'>ό</span> <span class='ocrx_word' id='word_1_270' title='bbox 602 2669 702 2738; x_wconf 83' lang='grc' dir='ltr'>τῆς</span> <span class='ocrx_word' id='word_1_271' title='bbox 734 2667 951 2737; x_wconf 78' lang='grc' dir='ltr'>αἰθρίας</span> <span class='ocrx_word' id='word_1_272' title='bbox 992 2665 1276 2737; x_wconf 76' lang='grc' dir='ltr'>ἐπιλάμψῃ</span> <span class='ocrx_word' id='word_1_273' title='bbox 1313 2666 1527 2736; x_wconf 78' lang='grc' dir='ltr'>καιρὸς,</span> <span class='ocrx_word' id='word_1_274' title='bbox 1569 2668 1658 2717; x_wconf 64' lang='grc' dir='ltr'>καὶ</span> <span class='ocrx_word' id='word_1_275' title='bbox 1687 2664 1762 2735; x_wconf 85' lang='grc' dir='ltr'>δῷ</span> <span class='ocrx_word' id='word_1_276' title='bbox 1794 2665 1938 2735; x_wconf 80' lang='grc' dir='ltr'>πσρ-</span> 
     </span>
    </p>
   </div>
   <div class='ocr_carea' id='block_1_42' title="bbox 356 2755 1937 2829">
    <p class='ocr_par' dir='ltr' id='par_1_42' title="bbox 356 2755 1937 2829">
     <span class='ocr_line' id='line_1_42' title="bbox 356 2755 1937 2829; baseline -0.003 -19"><span class='ocrx_word' id='word_1_277' title='bbox 356 2758 556 2829; x_wconf 80' lang='grc' dir='ltr'>ρησίαν</span> <span class='ocrx_word' id='word_1_278' title='bbox 588 2760 655 2829; x_wconf 78' lang='grc' dir='ltr'>τῇ</span> <span class='ocrx_word' id='word_1_279' title='bbox 678 2757 897 2828; x_wconf 84' lang='grc' dir='ltr'>γλώττῃ</span> <span class='ocrx_word' id='word_1_280' title='bbox 930 2756 1026 2822; x_wconf 80' lang='grc' dir='ltr'>ξύν</span> <span class='ocrx_word' id='word_1_281' title='bbox 1063 2773 1125 2824; x_wconf 91' lang='grc' dir='ltr'>γε</span> <span class='ocrx_word' id='word_1_282' title='bbox 1152 2755 1294 2824; x_wconf 77' lang='grc' dir='ltr'>Θεῷ,</span> <span class='ocrx_word' id='word_1_283' title='bbox 1325 2758 1417 2808; x_wconf 70' lang='grc' dir='ltr'>καὶ</span> <span class='ocrx_word' id='word_1_284' title='bbox 1465 2755 1592 2827; x_wconf 83' lang='grc' dir='ltr'>δοθῇ</span> <span class='ocrx_word' id='word_1_285' title='bbox 1650 2773 1741 2825; x_wconf 90' lang='grc' dir='ltr'>μοι</span> <span class='ocrx_word' id='word_1_286' title='bbox 1779 2756 1937 2823; x_wconf 83' lang='grc' dir='ltr'>λόγος</span> 
     </span>
    </p>
   </div>
   <div class='ocr_carea' id='block_1_43' title="bbox 354 2848 1935 2917">
    <p class='ocr_par' dir='ltr' id='par_1_43' title="bbox 354 2848 1935 2917">
     <span class='ocr_line' id='line_1_43' title="bbox 354 2848 1935 2917; baseline -0.002 -14"><span class='ocrx_word' id='word_1_287' title='bbox 354 2852 498 2906; x_wconf 83' lang='grc' dir='ltr'>κατά</span> <span class='ocrx_word' id='word_1_288' title='bbox 529 2851 621 2905; x_wconf 62' lang='grc' dir='ltr'>τὸν</span> <span class='ocrx_word' id='word_1_289' title='bbox 654 2851 797 2904; x_wconf 84' lang='grc' dir='ltr'>θεῖον</span> <span class='ocrx_word' id='word_1_290' title='bbox 853 2850 1158 2902; x_wconf 75' lang='grc' dir='ltr'>ἀπόστολον</span> <span class='ocrx_word' id='word_1_291' title='bbox 1189 2849 1247 2901; x_wconf 74' lang='grc' dir='ltr'>ὲν</span> <span class='ocrx_word' id='word_1_292' title='bbox 1282 2849 1483 2913; x_wconf 81' lang='grc' dir='ltr'>ἀνοίξει</span> <span class='ocrx_word' id='word_1_293' title='bbox 1532 2848 1625 2901; x_wconf 75' lang='grc' dir='ltr'>τοῦ</span> <span class='ocrx_word' id='word_1_294' title='bbox 1664 2850 1935 2917; x_wconf 83' lang='grc' dir='ltr'>στόματός</span> 
     </span>
    </p>
   </div>
   <div class='ocr_carea' id='block_1_44' title="bbox 358 2936 1935 3009">
    <p class='ocr_par' dir='ltr' id='par_1_44' title="bbox 358 2936 1935 3009">
     <span class='ocr_line' id='line_1_44' title="bbox 358 2936 1935 3009; baseline -0.002 -18"><span class='ocrx_word' id='word_1_295' title='bbox 358 2956 461 3008; x_wconf 89' lang='grc' dir='ltr'>μου</span> <span class='ocrx_word' id='word_1_296' title='bbox 497 2938 780 3009; x_wconf 74' lang='grc' dir='ltr'>παρρησία</span> <span class='ocrx_word' id='word_1_297' title='bbox 814 2936 1075 3006; x_wconf 82' lang='grc' dir='ltr'>γνωρίσαι</span> <span class='ocrx_word' id='word_1_298' title='bbox 1123 2937 1183 2989; x_wconf 79' lang='grc' dir='ltr'>τὸ</span> <span class='ocrx_word' id='word_1_299' title='bbox 1232 2940 1532 3006; x_wconf 69' lang='grc' dir='ltr'>μυστήριον</span> <span class='ocrx_word' id='word_1_300' title='bbox 1566 2936 1661 2989; x_wconf 79' lang='grc' dir='ltr'>τοῦ</span> <span class='ocrx_word' id='word_1_301' title='bbox 1691 2938 1935 3004; x_wconf 76' lang='grc' dir='ltr'>Εὑαγγε-</span> 
     </span>
    </p>
   </div>
   <div class='ocr_carea' id='block_1_45' title="bbox 353 3030 1931 3099">
    <p class='ocr_par' dir='ltr' id='par_1_45' title="bbox 353 3030 1931 3099">
     <span class='ocr_line' id='line_1_45' title="bbox 353 3030 1931 3099; baseline -0.003 -13"><span class='ocrx_word' id='word_1_302' title='bbox 353 3032 471 3086; x_wconf 81' lang='grc' dir='ltr'>λίου</span> <span class='ocrx_word' id='word_1_303' title='bbox 533 3031 673 3099; x_wconf 82' lang='grc' dir='ltr'>ὑπὲρ</span> <span class='ocrx_word' id='word_1_304' title='bbox 729 3030 788 3082; x_wconf 75' lang='grc' dir='ltr'>οὗ</span> <span class='ocrx_word' id='word_1_305' title='bbox 821 3030 1109 3099; x_wconf 74' lang='grc' dir='ltr'>πρεσῆεύω</span> <span class='ocrx_word' id='word_1_306' title='bbox 1168 3031 1225 3081; x_wconf 80' lang='grc' dir='ltr'>ὲν</span> <span class='ocrx_word' id='word_1_307' title='bbox 1263 3030 1507 3098; x_wconf 82' lang='grc' dir='ltr'>δεσμοῖς,</span> <span class='ocrx_word' id='word_1_308' title='bbox 1563 3030 1649 3082; x_wconf 78' lang='grc' dir='ltr'>ἵνα</span> <span class='ocrx_word' id='word_1_309' title='bbox 1683 3031 1739 3081; x_wconf 84' lang='grc' dir='ltr'>ὲν</span> <span class='ocrx_word' id='word_1_310' title='bbox 1782 3030 1931 3098; x_wconf 69' lang='grc' dir='ltr'>αὐτῷ</span> 
     </span>
    </p>
   </div>
   <div class='ocr_carea' id='block_1_46' title="bbox 353 3121 1933 3195">
    <p class='ocr_par' dir='ltr' id='par_1_46' title="bbox 353 3121 1933 3195">
     <span class='ocr_line' id='line_1_46' title="bbox 353 3121 1933 3195; baseline 0 -18"><span class='ocrx_word' id='word_1_311' title='bbox 353 3123 721 3195; x_wconf 74' lang='grc' dir='ltr'>παρῤησιάσω</span> <span class='ocrx_word' id='word_1_312' title='bbox 752 3122 824 3185; x_wconf 90' lang='grc' dir='ltr'>ώς</span> <span class='ocrx_word' id='word_1_313' title='bbox 854 3122 936 3175; x_wconf 87' lang='grc' dir='ltr'>δεῖ</span> <span class='ocrx_word' id='word_1_314' title='bbox 963 3139 1032 3192; x_wconf 90' lang='grc' dir='ltr'>με</span> <span class='ocrx_word' id='word_1_315' title='bbox 1063 3121 1317 3191; x_wconf 86' lang='grc' dir='ltr'>λαλῆσαι.</span> <span class='ocrx_word' id='word_1_316' title='bbox 1356 3123 1511 3175; x_wconf 76' lang='grc' dir='ltr'>Ἐπεὶ</span> <span class='ocrx_word' id='word_1_317' title='bbox 1533 3122 1578 3175; x_wconf 89' lang='grc' dir='ltr'>δ’</span> <span class='ocrx_word' id='word_1_318' title='bbox 1602 3122 1780 3176; x_wconf 77' lang='grc' dir='ltr'>ἄλλοτ’</span> <span class='ocrx_word' id='word_1_319' title='bbox 1796 3124 1933 3177; x_wconf 79' lang='grc' dir='ltr'>ἀλλα</span> 
     </span>
    </p>
   </div>
   <div class='ocr_carea' id='block_1_47' title="bbox 352 3212 1930 3286">
    <p class='ocr_par' dir='ltr' id='par_1_47' title="bbox 352 3212 1930 3286">
     <span class='ocr_line' id='line_1_47' title="bbox 352 3212 1930 3286; baseline -0.001 -17"><span class='ocrx_word' id='word_1_320' title='bbox 352 3219 454 3278; x_wconf 69' lang='grc' dir='ltr'>τὰς</span> <span class='ocrx_word' id='word_1_321' title='bbox 494 3217 636 3286; x_wconf 75' lang='grc' dir='ltr'>ἔμας</span> <span class='ocrx_word' id='word_1_322' title='bbox 662 3215 879 3285; x_wconf 79' lang='grc' dir='ltr'>νύκτωρ</span> <span class='ocrx_word' id='word_1_323' title='bbox 916 3217 1011 3269; x_wconf 75' lang='grc' dir='ltr'>καὶ</span> <span class='ocrx_word' id='word_1_324' title='bbox 1048 3212 1169 3284; x_wconf 85' lang='grc' dir='ltr'>μεθ’</span> <span class='ocrx_word' id='word_1_325' title='bbox 1210 3215 1429 3285; x_wconf 78' lang='grc' dir='ltr'>ἡμέραν</span> <span class='ocrx_word' id='word_1_326' title='bbox 1475 3216 1655 3285; x_wconf 87' lang='grc' dir='ltr'>σμήνη</span> <span class='ocrx_word' id='word_1_327' title='bbox 1685 3215 1930 3268; x_wconf 84' lang='grc' dir='ltr'>διωκτῶν</span> 
     </span>
    </p>
   </div>
   <div class='ocr_carea' id='block_1_48' title="bbox 356 3303 1927 3379">
    <p class='ocr_par' dir='ltr' id='par_1_48' title="bbox 356 3303 1927 3379">
     <span class='ocr_line' id='line_1_48' title="bbox 356 3303 1927 3379; baseline -0.001 -20"><span class='ocrx_word' id='word_1_328' title='bbox 356 3306 819 3379; x_wconf 79' lang='grc' dir='ltr'>περιστοιχίζουσι</span> <span class='ocrx_word' id='word_1_329' title='bbox 871 3303 1064 3374; x_wconf 83' lang='grc' dir='ltr'>θύρας,</span> <span class='ocrx_word' id='word_1_330' title='bbox 1096 3305 1283 3373; x_wconf 81' lang='grc' dir='ltr'>θηρῶν</span> <span class='ocrx_word' id='word_1_331' title='bbox 1309 3305 1681 3375; x_wconf 85' lang='grc' dir='ltr'>χαλεπώτεροι</span> <span class='ocrx_word' id='word_1_332' title='bbox 1709 3308 1927 3358; x_wconf 81' lang='grc' dir='ltr'>πάντων</span> 
     </span>
    </p>
   </div>
   <div class='ocr_carea' id='block_1_49' title="bbox 2047 2119 3615 2191">
    <p class='ocr_par' dir='ltr' id='par_1_49' title="bbox 2047 2119 3615 2191">
     <span class='ocr_line' id='line_1_49' title="bbox 2047 2119 3615 2191; baseline 0.002 -19"><span class='ocrx_word' id='word_1_333' title='bbox 2047 2119 2316 2189; x_wconf 89' lang='lat' dir='ltr'><strong>temporis</strong></span> <span class='ocrx_word' id='word_1_334' title='bbox 2362 2120 2662 2188; x_wconf 85' lang='lat' dir='ltr'><strong>plurimum</strong></span> <span class='ocrx_word' id='word_1_335' title='bbox 2720 2120 2911 2175; x_wconf 88' lang='lat' dir='ltr'><strong>adesse</strong></span> <span class='ocrx_word' id='word_1_336' title='bbox 2966 2121 3101 2174; x_wconf 91' lang='lat' dir='ltr'><strong>mihi</strong></span> <span class='ocrx_word' id='word_1_337' title='bbox 3155 2122 3348 2175; x_wconf 81' lang='lat' dir='ltr'><strong>vellem</strong></span> <span class='ocrx_word' id='word_1_338' title='bbox 3411 2122 3615 2191; x_wconf 89' lang='lat' dir='ltr'><strong>bicque</strong></span> 
     </span>
    </p>
   </div>
   <div class='ocr_carea' id='block_1_50' title="bbox 2039 2211 3619 2281">
    <p class='ocr_par' dir='ltr' id='par_1_50' title="bbox 2039 2211 3619 2281">
     <span class='ocr_line' id='line_1_50' title="bbox 2039 2211 3619 2281; baseline 0.002 -17"><span class='ocrx_word' id='word_1_339' title='bbox 2039 2225 2252 2265; x_wconf 89' lang='lat' dir='ltr'><strong>mecum</strong></span> <span class='ocrx_word' id='word_1_340' title='bbox 2286 2211 2648 2272; x_wconf 81' lang='lat' dir='ltr'><strong>confabulari,</strong></span> <span class='ocrx_word' id='word_1_341' title='bbox 2708 2212 2779 2265; x_wconf 84' lang='lat' dir='ltr'>ita</span> <span class='ocrx_word' id='word_1_342' title='bbox 2830 2220 2889 2265; x_wconf 88' lang='lat' dir='ltr'>ut</span> <span class='ocrx_word' id='word_1_343' title='bbox 2924 2220 3157 2281; x_wconf 89' lang='lat' dir='ltr'><strong>uterque</strong></span> <span class='ocrx_word' id='word_1_344' title='bbox 3189 2222 3436 2267; x_wconf 89' lang='lat' dir='ltr'><strong>nostrum</strong></span> <span class='ocrx_word' id='word_1_345' title='bbox 3470 2213 3619 2267; x_wconf 85' lang='lat' dir='ltr'><strong>sola-</strong></span> 
     </span>
    </p>
   </div>
   <div class='ocr_carea' id='block_1_51' title="bbox 2044 2302 3617 2371">
    <p class='ocr_par' dir='ltr' id='par_1_51' title="bbox 2044 2302 3617 2371">
     <span class='ocr_line' id='line_1_51' title="bbox 2044 2302 3617 2371; baseline 0 -15"><span class='ocrx_word' id='word_1_346' title='bbox 2044 2304 2177 2357; x_wconf 84' lang='lat' dir='ltr'><strong>tium</strong></span> <span class='ocrx_word' id='word_1_347' title='bbox 2213 2318 2428 2371; x_wconf 90' lang='lat' dir='ltr'><strong>unaque</strong></span> <span class='ocrx_word' id='word_1_348' title='bbox 2470 2302 2758 2357; x_wconf 84' lang='lat' dir='ltr'><strong>utilitatem</strong></span> <span class='ocrx_word' id='word_1_349' title='bbox 2795 2311 3015 2371; x_wconf 89' lang='lat' dir='ltr'><strong>caperet</strong></span> <span class='ocrx_word' id='word_1_350' title='bbox 3045 2303 3278 2357; x_wconf 82' lang='lat' dir='ltr'><strong>invicem</strong></span> <span class='ocrx_word' id='word_1_351' title='bbox 3306 2318 3406 2357; x_wconf 89' lang='lat' dir='ltr'>nos</span> <span class='ocrx_word' id='word_1_352' title='bbox 3437 2313 3493 2357; x_wconf 93' lang='lat' dir='ltr'>ut</span> <span class='ocrx_word' id='word_1_353' title='bbox 3519 2318 3617 2371; x_wconf 91' lang='lat' dir='ltr'>par</span> 
     </span>
    </p>
   </div>
   <div class='ocr_carea' id='block_1_52' title="bbox 2041 2392 3614 2462">
    <p class='ocr_par' dir='ltr' id='par_1_52' title="bbox 2041 2392 3614 2462">
     <span class='ocr_line' id='line_1_52' title="bbox 2041 2392 3614 2462; baseline -0.002 -11"><span class='ocrx_word' id='word_1_354' title='bbox 2041 2404 2126 2452; x_wconf 89' lang='lat' dir='ltr'>est</span> <span class='ocrx_word' id='word_1_355' title='bbox 2176 2395 2522 2449; x_wconf 92' lang='lat' dir='ltr'><strong>sermonibus</strong></span> <span class='ocrx_word' id='word_1_356' title='bbox 2570 2392 2891 2448; x_wconf 87' lang='lat' dir='ltr'><strong>delectando</strong></span> <span class='ocrx_word' id='word_1_357' title='bbox 2930 2400 2983 2445; x_wconf 92' lang='lat' dir='ltr'>et</span> <span class='ocrx_word' id='word_1_358' title='bbox 3036 2392 3386 2462; x_wconf 84' lang='lat' dir='ltr'><strong>adjuvaudo,</strong></span> <span class='ocrx_word' id='word_1_359' title='bbox 3436 2394 3614 2449; x_wconf 87' lang='lat' dir='ltr'><strong>donec</strong></span> 
     </span>
    </p>
   </div>
   <div class='ocr_carea' id='block_1_53' title="bbox 2039 2483 3615 2555">
    <p class='ocr_par' dir='ltr' id='par_1_53' title="bbox 2039 2483 3615 2555">
     <span class='ocr_line' id='line_1_53' title="bbox 2039 2483 3615 2555; baseline -0.001 -17"><span class='ocrx_word' id='word_1_360' title='bbox 2039 2485 2342 2555; x_wconf 83' lang='lat' dir='ltr'><strong>quietiores</strong></span> <span class='ocrx_word' id='word_1_361' title='bbox 2395 2485 2514 2537; x_wconf 89' lang='lat' dir='ltr'><strong>dics</strong></span> <span class='ocrx_word' id='word_1_362' title='bbox 2573 2498 2767 2553; x_wconf 88' lang='lat' dir='ltr'><strong>capere</strong></span> <span class='ocrx_word' id='word_1_363' title='bbox 2822 2492 2896 2548; x_wconf 89' lang='lat' dir='ltr'>et,</span> <span class='ocrx_word' id='word_1_364' title='bbox 2932 2483 3042 2537; x_wconf 83' lang='lat' dir='ltr'><strong>Deo</strong></span> <span class='ocrx_word' id='word_1_365' title='bbox 3069 2483 3383 2553; x_wconf 84' lang='lat' dir='ltr'><strong>adjuvante,</strong></span> <span class='ocrx_word' id='word_1_366' title='bbox 3416 2483 3615 2552; x_wconf 75' lang='lat' dir='ltr'><strong>lingua:</strong></span> 
     </span>
    </p>
   </div>
   <div class='ocr_carea' id='block_1_54' title="bbox 2040 2572 3616 2643">
    <p class='ocr_par' dir='ltr' id='par_1_54' title="bbox 2040 2572 3616 2643">
     <span class='ocr_line' id='line_1_54' title="bbox 2040 2572 3616 2643; baseline -0.003 -14"><span class='ocrx_word' id='word_1_367' title='bbox 2040 2575 2296 2629; x_wconf 87' lang='lat' dir='ltr'><strong>fiduciam</strong></span> <span class='ocrx_word' id='word_1_368' title='bbox 2356 2574 2605 2643; x_wconf 77' lang='lat' dir='ltr'><strong>recipere</strong></span> <span class='ocrx_word' id='word_1_369' title='bbox 2667 2573 2823 2626; x_wconf 91' lang='lat' dir='ltr'><strong>nobis</strong></span> <span class='ocrx_word' id='word_1_370' title='bbox 2872 2572 3078 2635; x_wconf 67' lang='lat' dir='ltr'><strong>licent,</strong></span> <span class='ocrx_word' id='word_1_371' title='bbox 3140 2572 3385 2640; x_wconf 85' lang='lat' dir='ltr'><strong>mihique</strong></span> <span class='ocrx_word' id='word_1_372' title='bbox 3432 2586 3616 2625; x_wconf 88' lang='lat' dir='ltr'><strong>sermo</strong></span> 
     </span>
    </p>
   </div>
   <div class='ocr_carea' id='block_1_55' title="bbox 2038 2648 3616 2737">
    <p class='ocr_par' dir='ltr' id='par_1_55' title="bbox 2038 2648 3616 2737">
     <span class='ocr_line' id='line_1_55' title="bbox 2038 2648 3616 2737; baseline -0.002 -18"><span class='ocrx_word' id='word_1_373' title='bbox 2038 2668 2196 2721; x_wconf 90' lang='lat' dir='ltr'><strong>datus</strong></span> <span class='ocrx_word' id='word_1_374' title='bbox 2217 2667 2377 2737; x_wconf 63' lang='grc'>146</span> <span class='ocrx_word' id='word_1_375' title='bbox 2403 2668 2491 2730; x_wconf 90' lang='lat' dir='ltr'><strong>sit,</strong></span> <span class='ocrx_word' id='word_1_376' title='bbox 2522 2676 2580 2719; x_wconf 93' lang='lat' dir='ltr'>ut</span> <span class='ocrx_word' id='word_1_377' title='bbox 2611 2675 2832 2719; x_wconf 84' lang='lat' dir='ltr'><strong>sanctus</strong></span> <span class='ocrx_word' id='word_1_378' title='bbox 2849 2664 3145 2733; x_wconf 86' lang='lat' dir='ltr'><strong>Apostolus</strong></span> <span class='ocrx_word' id='word_1_379' title='bbox 3162 2664 3295 2718; x_wconf 89' lang='lat' dir='ltr'><strong>dicit</strong></span> <span class='ocrx_word' id='word_1_380' title='bbox 3320 2648 3362 2727; x_wconf 75' lang='grc'>⁸,</span> <span class='ocrx_word' id='word_1_381' title='bbox 3385 2663 3616 2734; x_wconf 70' lang='grc' dir='ltr'>ἱηξιιρρτ-</span> 
     </span>
    </p>
   </div>
   <div class='ocr_carea' id='block_1_56' title="bbox 2039 2756 3613 2825">
    <p class='ocr_par' dir='ltr' id='par_1_56' title="bbox 2039 2756 3613 2825">
     <span class='ocr_line' id='line_1_56' title="bbox 2039 2756 3613 2825; baseline -0.004 -11"><span class='ocrx_word' id='word_1_382' title='bbox 2039 2761 2188 2814; x_wconf 85' lang='lat' dir='ltr'><strong>tione</strong></span> <span class='ocrx_word' id='word_1_383' title='bbox 2221 2759 2334 2813; x_wconf 89' lang='lat' dir='ltr'><strong>oris</strong></span> <span class='ocrx_word' id='word_1_384' title='bbox 2375 2758 2480 2812; x_wconf 90' lang='lat' dir='ltr'>mei</span> <span class='ocrx_word' id='word_1_385' title='bbox 2512 2774 2633 2811; x_wconf 92' lang='lat' dir='ltr'>cum</span> <span class='ocrx_word' id='word_1_386' title='bbox 2694 2757 2909 2821; x_wconf 72' lang='lat' dir='ltr'><strong>fiducia,</strong></span> <span class='ocrx_word' id='word_1_387' title='bbox 2973 2767 3162 2810; x_wconf 90' lang='lat' dir='ltr'><strong>notum</strong></span> <span class='ocrx_word' id='word_1_388' title='bbox 3192 2756 3375 2810; x_wconf 86' lang='lat' dir='ltr'><strong>facere</strong></span> <span class='ocrx_word' id='word_1_389' title='bbox 3412 2763 3613 2825; x_wconf 78' lang='lat' dir='ltr'><strong>myste-</strong></span> 
     </span>
    </p>
   </div>
   <div class='ocr_carea' id='block_1_57' title="bbox 2036 2846 3613 2921">
    <p class='ocr_par' dir='ltr' id='par_1_57' title="bbox 2036 2846 3613 2921">
     <span class='ocr_line' id='line_1_57' title="bbox 2036 2846 3613 2921; baseline -0.004 -16"><span class='ocrx_word' id='word_1_390' title='bbox 2036 2856 2177 2906; x_wconf 89' lang='lat' dir='ltr'><strong>rium</strong></span> <span class='ocrx_word' id='word_1_391' title='bbox 2220 2850 2519 2921; x_wconf 77' lang='lat' dir='ltr'><strong>Evangelii,</strong></span> <span class='ocrx_word' id='word_1_392' title='bbox 2551 2864 2650 2916; x_wconf 91' lang='lat' dir='ltr'>pro</span> <span class='ocrx_word' id='word_1_393' title='bbox 2682 2863 2790 2918; x_wconf 90' lang='lat' dir='ltr'>quo</span> <span class='ocrx_word' id='word_1_394' title='bbox 2836 2847 3110 2918; x_wconf 89' lang='lat' dir='ltr'><strong>legatione</strong></span> <span class='ocrx_word' id='word_1_395' title='bbox 3166 2846 3362 2916; x_wconf 91' lang='lat' dir='ltr'><strong>fungor</strong></span> <span class='ocrx_word' id='word_1_396' title='bbox 3415 2847 3469 2898; x_wconf 90' lang='lat' dir='ltr'>iu</span> <span class='ocrx_word' id='word_1_397' title='bbox 3518 2860 3613 2899; x_wconf 87' lang='lat' dir='ltr'><strong>ea-</strong></span> 
     </span>
    </p>
   </div>
   <div class='ocr_carea' id='block_1_58' title="bbox 2039 2926 3616 3010">
    <p class='ocr_par' dir='ltr' id='par_1_58' title="bbox 2039 2926 3616 3010">
     <span class='ocr_line' id='line_1_58' title="bbox 2039 2926 3616 3010; baseline -0.004 -13"><span class='ocrx_word' id='word_1_398' title='bbox 2039 2953 2182 3007; x_wconf 88' lang='lat' dir='ltr'><strong>tena,</strong></span> <span class='ocrx_word' id='word_1_399' title='bbox 2221 2926 2293 2996; x_wconf 85' lang='lat' dir='ltr'>ita</span> <span class='ocrx_word' id='word_1_400' title='bbox 2341 2951 2400 2996; x_wconf 90' lang='lat' dir='ltr'>ut</span> <span class='ocrx_word' id='word_1_401' title='bbox 2437 2942 2489 2994; x_wconf 88' lang='lat' dir='ltr'>in</span> <span class='ocrx_word' id='word_1_402' title='bbox 2545 2941 2664 3010; x_wconf 88' lang='lat' dir='ltr'><strong>ipso</strong></span> <span class='ocrx_word' id='word_1_403' title='bbox 2699 2940 2926 2993; x_wconf 89' lang='lat' dir='ltr'><strong>audeam</strong></span> <span class='ocrx_word' id='word_1_404' title='bbox 2967 2947 3129 3008; x_wconf 88' lang='lat' dir='ltr'><strong>prout</strong></span> <span class='ocrx_word' id='word_1_405' title='bbox 3176 2948 3392 3005; x_wconf 86' lang='lat' dir='ltr'><strong>oportet</strong></span> <span class='ocrx_word' id='word_1_406' title='bbox 3421 2952 3508 2991; x_wconf 88' lang='lat' dir='ltr'>me</span> <span class='ocrx_word' id='word_1_407' title='bbox 3536 2938 3616 2990; x_wconf 81' lang='lat' dir='ltr'><strong>lo-</strong></span> 
     </span>
    </p>
   </div>
   <div class='ocr_carea' id='block_1_59' title="bbox 2038 3031 3617 3104">
    <p class='ocr_par' dir='ltr' id='par_1_59' title="bbox 2038 3031 3617 3104">
     <span class='ocr_line' id='line_1_59' title="bbox 2038 3031 3617 3104; baseline -0.004 -15"><span class='ocrx_word' id='word_1_408' title='bbox 2038 3036 2153 3104; x_wconf 89' lang='lat' dir='ltr'><strong>qui.</strong></span> <span class='ocrx_word' id='word_1_409' title='bbox 2234 3034 2339 3088; x_wconf 89' lang='lat' dir='ltr'><strong>Sed</strong></span> <span class='ocrx_word' id='word_1_410' title='bbox 2391 3034 2652 3103; x_wconf 90' lang='lat' dir='ltr'><strong>quoniam</strong></span> <span class='ocrx_word' id='word_1_411' title='bbox 2698 3033 2961 3086; x_wconf 90' lang='lat' dir='ltr'><strong>continuo</strong></span> <span class='ocrx_word' id='word_1_412' title='bbox 2994 3040 3411 3101; x_wconf 76' lang='lat' dir='ltr'><strong>persecuturum</strong></span> <span class='ocrx_word' id='word_1_413' title='bbox 3442 3031 3617 3083; x_wconf 67' lang='lat' dir='ltr'><strong>turba:</strong></span> 
     </span>
    </p>
   </div>
   <div class='ocr_carea' id='block_1_60' title="bbox 2037 3127 3613 3197">
    <p class='ocr_par' dir='ltr' id='par_1_60' title="bbox 2037 3127 3613 3197">
     <span class='ocr_line' id='line_1_60' title="bbox 2037 3127 3613 3197; baseline -0.003 -12"><span class='ocrx_word' id='word_1_414' title='bbox 2037 3131 2184 3187; x_wconf 83' lang='lat' dir='ltr'><strong>fores</strong></span> <span class='ocrx_word' id='word_1_415' title='bbox 2213 3131 2653 3192; x_wconf 82' lang='lat' dir='ltr'><strong>circumsistunt,</strong></span> <span class='ocrx_word' id='word_1_416' title='bbox 2693 3131 2762 3183; x_wconf 90' lang='lat' dir='ltr'>ita</span> <span class='ocrx_word' id='word_1_417' title='bbox 2796 3138 2855 3182; x_wconf 90' lang='lat' dir='ltr'>ut</span> <span class='ocrx_word' id='word_1_418' title='bbox 2892 3144 3075 3197; x_wconf 89' lang='lat' dir='ltr'><strong>neque</strong></span> <span class='ocrx_word' id='word_1_419' title='bbox 3106 3128 3279 3181; x_wconf 85' lang='lat' dir='ltr'><strong>libere</strong></span> <span class='ocrx_word' id='word_1_420' title='bbox 3314 3127 3498 3196; x_wconf 86' lang='lat' dir='ltr'><strong>lingua</strong></span> <span class='ocrx_word' id='word_1_421' title='bbox 3530 3129 3613 3180; x_wconf 86' lang='lat' dir='ltr'>uti</span> 
     </span>
    </p>
   </div>
   <div class='ocr_carea' id='block_1_61' title="bbox 2038 3217 3617 3292">
    <p class='ocr_par' dir='ltr' id='par_1_61' title="bbox 2038 3217 3617 3292">
     <span class='ocr_line' id='line_1_61' title="bbox 2038 3217 3617 3292; baseline -0.005 -17"><span class='ocrx_word' id='word_1_422' title='bbox 2038 3238 2213 3292; x_wconf 85' lang='lat' dir='ltr'><strong>neque</strong></span> <span class='ocrx_word' id='word_1_423' title='bbox 2246 3221 2545 3290; x_wconf 84' lang='lat' dir='ltr'><strong>quidquam</strong></span> <span class='ocrx_word' id='word_1_424' title='bbox 2589 3232 2788 3288; x_wconf 72' lang='lat' dir='ltr'><strong>prmter</strong></span> <span class='ocrx_word' id='word_1_425' title='bbox 2818 3219 3109 3287; x_wconf 84' lang='lat' dir='ltr'><strong>strepitum</strong></span> <span class='ocrx_word' id='word_1_426' title='bbox 3160 3217 3447 3285; x_wconf 81' lang='lat' dir='ltr'><strong>percipere</strong></span> <span class='ocrx_word' id='word_1_427' title='bbox 3490 3230 3617 3284; x_wconf 83' lang='lat' dir='ltr'><strong>pos—</strong></span> 
     </span>
    </p>
   </div>
   <div class='ocr_carea' id='block_1_62' title="bbox 2037 3307 3609 3377">
    <p class='ocr_par' dir='ltr' id='par_1_62' title="bbox 2037 3307 3609 3377">
     <span class='ocr_line' id='line_1_62' title="bbox 2037 3307 3609 3377; baseline -0.006 -9"><span class='ocrx_word' id='word_1_428' title='bbox 2037 3315 2233 3376; x_wconf 87' lang='lat' dir='ltr'><strong>simus,</strong></span> <span class='ocrx_word' id='word_1_429' title='bbox 2270 3314 2412 3366; x_wconf 90' lang='lat' dir='ltr'><strong>hauc</strong></span> <span class='ocrx_word' id='word_1_430' title='bbox 2460 3321 2706 3365; x_wconf 90' lang='lat' dir='ltr'><strong>nostram</strong></span> <span class='ocrx_word' id='word_1_431' title='bbox 2756 3309 3106 3363; x_wconf 88' lang='lat' dir='ltr'><strong>solitudiuen</strong></span> <span class='ocrx_word' id='word_1_432' title='bbox 3158 3308 3414 3377; x_wconf 83' lang='lat' dir='ltr'><strong>quamvis</strong></span> <span class='ocrx_word' id='word_1_433' title='bbox 3458 3307 3609 3359; x_wconf 91' lang='lat' dir='ltr'><strong>omni</strong></span> 
     </span>
    </p>
   </div>
   <div class='ocr_carea' id='block_1_63' title="bbox 356 3382 1932 3465">
    <p class='ocr_par' dir='ltr' id='par_1_63' title="bbox 356 3394 1931 3465">
     <span class='ocr_line' id='line_1_63' title="bbox 356 3394 1931 3465; baseline -0.004 -12"><span class='ocrx_word' id='word_1_434' title='bbox 356 3402 555 3464; x_wconf 69' lang='grc' dir='ltr'>εἰπεῖν,</span> <span class='ocrx_word' id='word_1_435' title='bbox 614 3398 691 3461; x_wconf 83' lang='grc' dir='ltr'>ὡς</span> <span class='ocrx_word' id='word_1_436' title='bbox 742 3397 979 3459; x_wconf 81' lang='grc' dir='ltr'>δεδιότας</span> <span class='ocrx_word' id='word_1_437' title='bbox 1048 3394 1172 3464; x_wconf 76' lang='grc' dir='ltr'>μηδ’</span> <span class='ocrx_word' id='word_1_438' title='bbox 1209 3396 1357 3464; x_wconf 75' lang='grc' dir='ltr'>ἔχειν</span> <span class='ocrx_word' id='word_1_439' title='bbox 1398 3397 1545 3464; x_wconf 82' lang='grc' dir='ltr'>ἡμᾶς</span> <span class='ocrx_word' id='word_1_440' title='bbox 1578 3397 1713 3465; x_wconf 76' lang='grc' dir='ltr'>μήτε</span> <span class='ocrx_word' id='word_1_441' title='bbox 1747 3397 1931 3465; x_wconf 71' lang='grc' dir='ltr'>φωνὴν</span> 
     </span>
    </p>
   </div>
   <div class='ocr_carea' id='block_1_64' title="bbox 2038 3382 3604 3465">
    <p class='ocr_par' dir='ltr' id='par_1_64' title="bbox 2038 3395 3604 3464">
     <span class='ocr_line' id='line_1_64' title="bbox 2038 3395 3604 3464; baseline -0.006 -7"><span class='ocrx_word' id='word_1_442' title='bbox 2038 3405 2261 3458; x_wconf 90' lang='lat' dir='ltr'><strong>omnino</strong></span> <span class='ocrx_word' id='word_1_443' title='bbox 2292 3402 2485 3457; x_wconf 88' lang='lat' dir='ltr'><strong>solatio</strong></span> <span class='ocrx_word' id='word_1_444' title='bbox 2517 3402 2689 3455; x_wconf 87' lang='lat' dir='ltr'><strong>instar</strong></span> <span class='ocrx_word' id='word_1_445' title='bbox 2724 3399 3106 3454; x_wconf 85' lang='lat' dir='ltr'><strong>defunctorum</strong></span> <span class='ocrx_word' id='word_1_446' title='bbox 3139 3399 3190 3452; x_wconf 92' lang='lat' dir='ltr'>iu</span> <span class='ocrx_word' id='word_1_447' title='bbox 3224 3397 3451 3450; x_wconf 86' lang='lat' dir='ltr'><strong>Tartaro</strong></span> <span class='ocrx_word' id='word_1_448' title='bbox 3486 3395 3604 3464; x_wconf 90' lang='lat' dir='ltr'><strong>pri-</strong></span> 
     </span>
    </p>
   </div>
   <div class='ocr_carea' id='block_1_65' title="bbox 356 3487 1923 3561">
    <p class='ocr_par' dir='ltr' id='par_1_65' title="bbox 356 3487 1923 3561">
     <span class='ocr_line' id='line_1_65' title="bbox 356 3487 1923 3561; baseline -0.002 -17"><span class='ocrx_word' id='word_1_449' title='bbox 356 3491 488 3561; x_wconf 74' lang='grc' dir='ltr'>γοῦν</span> <span class='ocrx_word' id='word_1_450' title='bbox 518 3491 812 3556; x_wconf 71' lang='grc' dir='ltr'>ἐλευθέραν</span> <span class='ocrx_word' id='word_1_451' title='bbox 839 3487 1173 3559; x_wconf 78' lang='grc' dir='ltr'>χαρίσασθαι</span> <span class='ocrx_word' id='word_1_452' title='bbox 1208 3490 1345 3556; x_wconf 87' lang='grc' dir='ltr'>μήτε</span> <span class='ocrx_word' id='word_1_453' title='bbox 1374 3490 1431 3539; x_wconf 85' lang='grc' dir='ltr'>σέ</span> <span class='ocrx_word' id='word_1_454' title='bbox 1473 3490 1522 3554; x_wconf 81' lang='grc' dir='ltr'>γ’</span> <span class='ocrx_word' id='word_1_455' title='bbox 1553 3489 1677 3556; x_wconf 74' lang='grc' dir='ltr'>ἐμοὶ</span> <span class='ocrx_word' id='word_1_456' title='bbox 1706 3489 1830 3560; x_wconf 81' lang='grc' dir='ltr'>μήτ’</span> <span class='ocrx_word' id='word_1_457' title='bbox 1857 3488 1923 3541; x_wconf 77' lang='grc' dir='ltr'>αὖ</span> 
     </span>
    </p>
   </div>
   <div class='ocr_carea' id='block_1_66' title="bbox 354 3579 1928 3651">
    <p class='ocr_par' dir='ltr' id='par_1_66' title="bbox 354 3579 1928 3651">
     <span class='ocr_line' id='line_1_66' title="bbox 354 3579 1928 3651; baseline -0.002 -15"><span class='ocrx_word' id='word_1_458' title='bbox 354 3585 663 3636; x_wconf 71' lang='grc' dir='ltr'>τούναντῖον</span> <span class='ocrx_word' id='word_1_459' title='bbox 695 3582 777 3633; x_wconf 90' lang='grc' dir='ltr'>σοί</span> <span class='ocrx_word' id='word_1_460' title='bbox 812 3597 872 3648; x_wconf 89' lang='grc' dir='ltr'>γε</span> <span class='ocrx_word' id='word_1_461' title='bbox 902 3580 1024 3649; x_wconf 76' lang='grc' dir='ltr'>ἐμὲ,</span> <span class='ocrx_word' id='word_1_462' title='bbox 1057 3580 1200 3649; x_wconf 77' lang='grc' dir='ltr'>πλὴν</span> <span class='ocrx_word' id='word_1_463' title='bbox 1236 3580 1267 3650; x_wconf 82' lang='grc' dir='ltr'>ἢ</span> <span class='ocrx_word' id='word_1_464' title='bbox 1309 3579 1453 3647; x_wconf 86' lang='grc' dir='ltr'>μάλα</span> <span class='ocrx_word' id='word_1_465' title='bbox 1487 3581 1640 3649; x_wconf 88' lang='grc' dir='ltr'>μόλις</span> <span class='ocrx_word' id='word_1_466' title='bbox 1670 3581 1928 3651; x_wconf 80' lang='grc' dir='ltr'>τονθορύ-</span> 
     </span>
    </p>
   </div>
   <div class='ocr_carea' id='block_1_67' title="bbox 356 3672 1927 3742">
    <p class='ocr_par' dir='ltr' id='par_1_67' title="bbox 356 3672 1927 3742">
     <span class='ocr_line' id='line_1_67' title="bbox 356 3672 1927 3742; baseline -0.003 -13"><span class='ocrx_word' id='word_1_467' title='bbox 356 3677 550 3740; x_wconf 81' lang='grc' dir='ltr'>ζοντας</span> <span class='ocrx_word' id='word_1_468' title='bbox 584 3674 847 3742; x_wconf 75' lang='grc' dir='ltr'>ἑκάτερον</span> <span class='ocrx_word' id='word_1_469' title='bbox 881 3673 1145 3742; x_wconf 76' lang='grc' dir='ltr'>ἑκατέρου</span> <span class='ocrx_word' id='word_1_470' title='bbox 1176 3672 1420 3734; x_wconf 80' lang='grc' dir='ltr'>ἀκούειν,</span> <span class='ocrx_word' id='word_1_471' title='bbox 1474 3674 1726 3742; x_wconf 79' lang='grc' dir='ltr'>στέργειν</span> <span class='ocrx_word' id='word_1_472' title='bbox 1757 3672 1802 3726; x_wconf 83' lang='grc' dir='ltr'>δ’</span> <span class='ocrx_word' id='word_1_473' title='bbox 1835 3672 1927 3726; x_wconf 81' lang='grc' dir='ltr'>οὖν</span> 
     </span>
    </p>
   </div>
   <div class='ocr_carea' id='block_1_68' title="bbox 352 3763 1929 3836">
    <p class='ocr_par' dir='ltr' id='par_1_68' title="bbox 352 3763 1929 3836">
     <span class='ocr_line' id='line_1_68' title="bbox 352 3763 1929 3836; baseline -0.004 -14"><span class='ocrx_word' id='word_1_474' title='bbox 352 3771 500 3830; x_wconf 86' lang='grc' dir='ltr'>τέως</span> <span class='ocrx_word' id='word_1_475' title='bbox 527 3766 741 3836; x_wconf 79' lang='grc' dir='ltr'>ἀνάγκη</span> <span class='ocrx_word' id='word_1_476' title='bbox 774 3769 840 3834; x_wconf 82' lang='grc' dir='ltr'>τῇ</span> <span class='ocrx_word' id='word_1_477' title='bbox 875 3764 1355 3835; x_wconf 70' lang='grc' dir='ltr'>καταψηφισθείσῃ</span> <span class='ocrx_word' id='word_1_478' title='bbox 1401 3763 1631 3832; x_wconf 88' lang='grc' dir='ltr'>μονώσει</span> <span class='ocrx_word' id='word_1_479' title='bbox 1673 3765 1929 3831; x_wconf 80' lang='grc' dir='ltr'>καθάπαξ</span> 
     </span>
    </p>
   </div>
   <div class='ocr_carea' id='block_1_69' title="bbox 355 3854 1931 3926">
    <p class='ocr_par' dir='ltr' id='par_1_69' title="bbox 355 3854 1931 3926">
     <span class='ocr_line' id='line_1_69' title="bbox 355 3854 1931 3926; baseline -0.006 -11"><span class='ocrx_word' id='word_1_480' title='bbox 355 3858 588 3916; x_wconf 81' lang='grc' dir='ltr'>ἀπασῶν</span> <span class='ocrx_word' id='word_1_481' title='bbox 620 3860 675 3910; x_wconf 81' lang='grc' dir='ltr'>ὲν</span> <span class='ocrx_word' id='word_1_482' title='bbox 708 3854 965 3925; x_wconf 75' lang='grc' dir='ltr'>στερήσει</span> <span class='ocrx_word' id='word_1_483' title='bbox 999 3855 1346 3924; x_wconf 76' lang='grc' dir='ltr'>καθημένους</span> <span class='ocrx_word' id='word_1_484' title='bbox 1377 3855 1737 3926; x_wconf 83' lang='grc' dir='ltr'>ἀνθρωπίνων</span> <span class='ocrx_word' id='word_1_485' title='bbox 1762 3874 1931 3924; x_wconf 80' lang='grc' dir='ltr'>προσ-</span> 
     </span>
    </p>
   </div>
   <div class='ocr_carea' id='block_1_70' title="bbox 357 3946 1928 4024">
    <p class='ocr_par' dir='ltr' id='par_1_70' title="bbox 357 3946 1928 4024">
     <span class='ocr_line' id='line_1_70' title="bbox 357 3946 1928 4024; baseline -0.003 -21"><span class='ocrx_word' id='word_1_486' title='bbox 357 3955 594 4024; x_wconf 83' lang='grc' dir='ltr'>ρήσεων,</span> <span class='ocrx_word' id='word_1_487' title='bbox 626 3949 1028 4019; x_wconf 75' lang='grc' dir='ltr'>παραπλησίως</span> <span class='ocrx_word' id='word_1_488' title='bbox 1084 3948 1260 3999; x_wconf 73' lang='grc' dir='ltr'>εἰπεῖν</span> <span class='ocrx_word' id='word_1_489' title='bbox 1300 3948 1411 4002; x_wconf 77' lang='grc' dir='ltr'>τοῖς</span> <span class='ocrx_word' id='word_1_490' title='bbox 1453 3948 1685 4009; x_wconf 71' lang='grc' dir='ltr'>αἱωνίως</span> <span class='ocrx_word' id='word_1_491' title='bbox 1720 3949 1776 3998; x_wconf 79' lang='grc' dir='ltr'>ὲν</span> <span class='ocrx_word' id='word_1_492' title='bbox 1800 3946 1928 4017; x_wconf 73' lang='grc' dir='ltr'>ᾅδου</span> 
     </span>
    </p>
   </div>
   <div class='ocr_carea' id='block_1_71' title="bbox 358 4038 1932 4118">
    <p class='ocr_par' dir='ltr' id='par_1_71' title="bbox 358 4038 1932 4118">
     <span class='ocr_line' id='line_1_71' title="bbox 358 4038 1932 4118; baseline -0.007 -19"><span class='ocrx_word' id='word_1_493' title='bbox 358 4046 423 4118; x_wconf 72' lang='grc' dir='ltr'>[Γ.</span> <span class='ocrx_word' id='word_1_494' title='bbox 464 4046 563 4099; x_wconf 71' lang='grc'>150</span> <span class='ocrx_word' id='word_1_495' title='bbox 614 4043 664 4115; x_wconf 73' lang='grc' dir='ltr'>ιι]</span> <span class='ocrx_word' id='word_1_496' title='bbox 714 4042 1101 4095; x_wconf 82' lang='grc' dir='ltr'>καθεύδουσιν’</span> <span class='ocrx_word' id='word_1_497' title='bbox 1164 4040 1311 4109; x_wconf 83' lang='grc' dir='ltr'>ὅμως</span> <span class='ocrx_word' id='word_1_498' title='bbox 1372 4038 1517 4107; x_wconf 77' lang='grc' dir='ltr'>αὐτῷ</span> <span class='ocrx_word' id='word_1_499' title='bbox 1554 4038 1932 4115; x_wconf 73' lang='grc' dir='ltr'>θαρρήσαντες</span> 
     </span>
    </p>
   </div>
   <div class='ocr_carea' id='block_1_72' title="bbox 357 4132 1931 4207">
    <p class='ocr_par' dir='ltr' id='par_1_72' title="bbox 357 4132 1931 4207">
     <span class='ocr_line' id='line_1_72' title="bbox 357 4132 1931 4207; baseline -0.004 -16"><span class='ocrx_word' id='word_1_500' title='bbox 357 4138 459 4207; x_wconf 64' lang='grc' dir='ltr'>ήδη</span> <span class='ocrx_word' id='word_1_501' title='bbox 488 4134 569 4203; x_wconf 82' lang='grc' dir='ltr'>τῷ</span> <span class='ocrx_word' id='word_1_502' title='bbox 616 4136 762 4205; x_wconf 83' lang='grc' dir='ltr'>μόνῳ</span> <span class='ocrx_word' id='word_1_503' title='bbox 808 4132 950 4203; x_wconf 84' lang='grc' dir='ltr'>Θεῷ,</span> <span class='ocrx_word' id='word_1_504' title='bbox 992 4133 1134 4203; x_wconf 82' lang='grc' dir='ltr'>ὑπὲρ</span> <span class='ocrx_word' id='word_1_505' title='bbox 1170 4132 1228 4184; x_wconf 80' lang='grc' dir='ltr'>οὗ</span> <span class='ocrx_word' id='word_1_506' title='bbox 1263 4133 1358 4185; x_wconf 71' lang='grc' dir='ltr'>καὶ</span> <span class='ocrx_word' id='word_1_507' title='bbox 1383 4134 1625 4184; x_wconf 77' lang='grc' dir='ltr'>τουτοισὶ</span> <span class='ocrx_word' id='word_1_508' title='bbox 1659 4133 1931 4202; x_wconf 75' lang='grc' dir='ltr'>ἐγκαρτε-</span> 
     </span>
    </p>
   </div>
   <div class='ocr_carea' id='block_1_73' title="bbox 360 4224 1933 4300">
    <p class='ocr_par' dir='ltr' id='par_1_73' title="bbox 360 4224 1933 4300">
     <span class='ocr_line' id='line_1_73' title="bbox 360 4224 1933 4300; baseline -0.002 -19"><span class='ocrx_word' id='word_1_509' title='bbox 360 4230 566 4300; x_wconf 81' lang='grc' dir='ltr'>ρούμεν</span> <span class='ocrx_word' id='word_1_510' title='bbox 592 4231 705 4287; x_wconf 80' lang='grc' dir='ltr'>τοῖς</span> <span class='ocrx_word' id='word_1_511' title='bbox 734 4226 939 4291; x_wconf 84' lang='grc' dir='ltr'>ἀθλοις,</span> <span class='ocrx_word' id='word_1_512' title='bbox 968 4227 1099 4295; x_wconf 77' lang='grc' dir='ltr'>φέρε</span> <span class='ocrx_word' id='word_1_513' title='bbox 1146 4226 1261 4287; x_wconf 82' lang='grc' dir='ltr'>δέος</span> <span class='ocrx_word' id='word_1_514' title='bbox 1296 4224 1439 4277; x_wconf 84' lang='grc' dir='ltr'>ἆπαν</span> <span class='ocrx_word' id='word_1_515' title='bbox 1470 4224 1756 4296; x_wconf 87' lang='grc' dir='ltr'>κονιορτοῦ</span> <span class='ocrx_word' id='word_1_516' title='bbox 1779 4225 1933 4292; x_wconf 90' lang='grc' dir='ltr'>δίκην</span> 
     </span>
    </p>
   </div>
   <div class='ocr_carea' id='block_1_74' title="bbox 359 4305 1959 4395">
    <p class='ocr_par' dir='ltr' id='par_1_74' title="bbox 359 4305 1959 4395">
     <span class='ocr_line' id='line_1_74' title="bbox 359 4305 1959 4395; baseline -0.002 -23"><span class='ocrx_word' id='word_1_517' title='bbox 359 4319 833 4395; x_wconf 66' lang='grc' dir='ltr'>ἀποτριψώμεθα·</span> <span class='ocrx_word' id='word_1_518' title='bbox 870 4321 966 4371; x_wconf 71' lang='grc' dir='ltr'>καὶ</span> <span class='ocrx_word' id='word_1_519' title='bbox 1013 4320 1164 4387; x_wconf 81' lang='grc' dir='ltr'>τρεῖς</span> <span class='ocrx_word' id='word_1_520' title='bbox 1194 4317 1382 4369; x_wconf 72' lang='grc' dir='ltr'>λοιπὸν</span> <span class='ocrx_word' id='word_1_521' title='bbox 1408 4316 1516 4369; x_wconf 83' lang='grc' dir='ltr'>τῶν</span> <span class='ocrx_word' id='word_1_522' title='bbox 1564 4306 1791 4387; x_wconf 68' lang='grc' dir='ltr'>ἡμερῶν</span> <span class='ocrx_word' id='word_1_523' title='bbox 1840 4305 1959 4370; x_wconf 67' lang='grc' dir='ltr'>καὶ·</span> 
     </span>
    </p>
   </div>
   <div class='ocr_carea' id='block_1_75' title="bbox 359 4404 1933 4477">
    <p class='ocr_par' dir='ltr' id='par_1_75' title="bbox 359 4404 1933 4477">
     <span class='ocr_line' id='line_1_75' title="bbox 359 4404 1933 4477; baseline -0.004 -14"><span class='ocrx_word' id='word_1_524' title='bbox 359 4411 651 4477; x_wconf 73' lang='grc' dir='ltr'>τέτταρας,</span> <span class='ocrx_word' id='word_1_525' title='bbox 680 4411 726 4459; x_wconf 81' lang='grc' dir='ltr'>εί</span> <span class='ocrx_word' id='word_1_526' title='bbox 749 4408 880 4475; x_wconf 73' lang='grc' dir='ltr'>ξέοι,</span> <span class='ocrx_word' id='word_1_527' title='bbox 914 4406 979 4459; x_wconf 91' lang='grc' dir='ltr'>σύ</span> <span class='ocrx_word' id='word_1_528' title='bbox 1014 4423 1074 4475; x_wconf 88' lang='grc' dir='ltr'>γε</span> <span class='ocrx_word' id='word_1_529' title='bbox 1102 4408 1278 4477; x_wconf 86' lang='grc' dir='ltr'>δήπου</span> <span class='ocrx_word' id='word_1_530' title='bbox 1304 4404 1627 4475; x_wconf 83' lang='grc' dir='ltr'>περιμείνας</span> <span class='ocrx_word' id='word_1_531' title='bbox 1661 4405 1933 4469; x_wconf 70' lang='grc' dir='ltr'>ἐνταυθοῖ,</span> 
     </span>
    </p>
   </div>
   <div class='ocr_carea' id='block_1_76' title="bbox 361 4494 1933 4570">
    <p class='ocr_par' dir='ltr' id='par_1_76' title="bbox 361 4494 1933 4570">
     <span class='ocr_line' id='line_1_76' title="bbox 361 4494 1933 4570; baseline -0.006 -17"><span class='ocrx_word' id='word_1_532' title='bbox 361 4498 711 4570; x_wconf 83' lang='grc' dir='ltr'>μακροτέραν</span> <span class='ocrx_word' id='word_1_533' title='bbox 745 4514 803 4549; x_wconf 83' lang='grc' dir='ltr'>τε</span> <span class='ocrx_word' id='word_1_534' title='bbox 861 4496 957 4548; x_wconf 61' lang='grc' dir='ltr'>καὶ⁹</span> <span class='ocrx_word' id='word_1_535' title='bbox 994 4496 1119 4547; x_wconf 82' lang='grc' dir='ltr'>ὅσον</span> <span class='ocrx_word' id='word_1_536' title='bbox 1177 4495 1399 4563; x_wconf 71' lang='grc' dir='ltr'>ἐφικτὸν</span> <span class='ocrx_word' id='word_1_537' title='bbox 1454 4494 1677 4547; x_wconf 82' lang='grc' dir='ltr'>ἀνενδεᾶ</span> <span class='ocrx_word' id='word_1_538' title='bbox 1707 4495 1805 4564; x_wconf 82' lang='grc' dir='ltr'>τήν</span> <span class='ocrx_word' id='word_1_539' title='bbox 1836 4496 1933 4563; x_wconf 84' lang='grc' dir='ltr'>τῆς</span> 
     </span>
    </p>
   </div>
   <div class='ocr_carea' id='block_1_77' title="bbox 360 4584 1935 4661">
    <p class='ocr_par' dir='ltr' id='par_1_77' title="bbox 360 4584 1935 4661">
     <span class='ocr_line' id='line_1_77' title="bbox 360 4584 1935 4661; baseline -0.006 -15"><span class='ocrx_word' id='word_1_540' title='bbox 360 4592 695 4661; x_wconf 79' lang='grc' dir='ltr'>ἀφηγήσεως</span> <span class='ocrx_word' id='word_1_541' title='bbox 724 4584 1001 4657; x_wconf 74' lang='grc' dir='ltr'>τράπεζαν</span> <span class='ocrx_word' id='word_1_542' title='bbox 1030 4588 1167 4656; x_wconf 82' lang='grc' dir='ltr'>ἡμῖν</span> <span class='ocrx_word' id='word_1_543' title='bbox 1218 4584 1447 4653; x_wconf 78' lang='grc' dir='ltr'>ταυτηνὶ</span> <span class='ocrx_word' id='word_1_544' title='bbox 1485 4584 1791 4654; x_wconf 86' lang='grc' dir='ltr'>παρατίθει.</span> <span class='ocrx_word' id='word_1_545' title='bbox 1823 4584 1935 4637; x_wconf 70' lang='grc' dir='ltr'>Καὶ</span> 
     </span>
    </p>
   </div>
   <div class='ocr_carea' id='block_1_78' title="bbox 359 4676 1935 4750">
    <p class='ocr_par' dir='ltr' id='par_1_78' title="bbox 359 4676 1935 4750">
     <span class='ocr_line' id='line_1_78' title="bbox 359 4676 1935 4750; baseline -0.006 -14"><span class='ocrx_word' id='word_1_546' title='bbox 359 4685 470 4737; x_wconf 87' lang='grc' dir='ltr'>τῶν</span> <span class='ocrx_word' id='word_1_547' title='bbox 503 4681 705 4750; x_wconf 77' lang='grc' dir='ltr'>ὀρνέων</span> <span class='ocrx_word' id='word_1_548' title='bbox 724 4682 831 4748; x_wconf 79' lang='grc' dir='ltr'>γὰρ</span> <span class='ocrx_word' id='word_1_549' title='bbox 856 4678 981 4740; x_wconf 78' lang='grc' dir='ltr'>τοὺς</span> <span class='ocrx_word' id='word_1_550' title='bbox 1012 4678 1240 4740; x_wconf 88' lang='grc' dir='ltr'>κύκνους</span> <span class='ocrx_word' id='word_1_551' title='bbox 1272 4677 1403 4744; x_wconf 76' lang='grc' dir='ltr'>φασὶ</span> <span class='ocrx_word' id='word_1_552' title='bbox 1441 4678 1540 4746; x_wconf 82' lang='grc' dir='ltr'>τῆς</span> <span class='ocrx_word' id='word_1_553' title='bbox 1580 4676 1730 4745; x_wconf 83' lang='grc' dir='ltr'>σφῶν</span> <span class='ocrx_word' id='word_1_554' title='bbox 1759 4676 1935 4728; x_wconf 76' lang='grc' dir='ltr'>αὐτῶν</span> 
     </span>
    </p>
   </div>
   <div class='ocr_carea' id='block_1_79' title="bbox 360 4767 1936 4842">
    <p class='ocr_par' dir='ltr' id='par_1_79' title="bbox 360 4767 1936 4842">
     <span class='ocr_line' id='line_1_79' title="bbox 360 4767 1936 4842; baseline -0.007 -15"><span class='ocrx_word' id='word_1_555' title='bbox 360 4773 718 4842; x_wconf 81' lang='grc' dir='ltr'>αἰσθομένους</span> <span class='ocrx_word' id='word_1_556' title='bbox 740 4771 840 4841; x_wconf 81' lang='grc' dir='ltr'>ήδη</span> <span class='ocrx_word' id='word_1_557' title='bbox 871 4770 1152 4839; x_wconf 81' lang='grc' dir='ltr'>τελευτῆς,</span> <span class='ocrx_word' id='word_1_558' title='bbox 1187 4768 1530 4839; x_wconf 85' lang='grc' dir='ltr'>μακρότερόν</span> <span class='ocrx_word' id='word_1_559' title='bbox 1574 4784 1627 4821; x_wconf 86' lang='grc' dir='ltr'>τι</span> <span class='ocrx_word' id='word_1_560' title='bbox 1658 4770 1753 4822; x_wconf 74' lang='grc' dir='ltr'>καὶ</span> <span class='ocrx_word' id='word_1_561' title='bbox 1782 4767 1936 4835; x_wconf 87' lang='grc' dir='ltr'>λιγυ-</span> 
     </span>
    </p>
   </div>
   <div class='ocr_carea' id='block_1_80' title="bbox 365 4860 1937 4938">
    <p class='ocr_par' dir='ltr' id='par_1_80' title="bbox 365 4860 1937 4938">
     <span class='ocr_line' id='line_1_80' title="bbox 365 4860 1937 4938; baseline -0.004 -18"><span class='ocrx_word' id='word_1_562' title='bbox 365 4866 606 4938; x_wconf 86' lang='grc' dir='ltr'>ρώτερον</span> <span class='ocrx_word' id='word_1_563' title='bbox 636 4864 938 4934; x_wconf 80' lang='grc' dir='ltr'>τηνικαῦτα</span> <span class='ocrx_word' id='word_1_564' title='bbox 972 4862 1177 4932; x_wconf 78' lang='grc' dir='ltr'>μᾶλλον</span> <span class='ocrx_word' id='word_1_565' title='bbox 1203 4862 1243 4929; x_wconf 10' lang='grc' dir='ltr'>ἦ,</span> <span class='ocrx_word' id='word_1_566' title='bbox 1284 4861 1425 4915; x_wconf 87' lang='grc' dir='ltr'>κατὰ</span> <span class='ocrx_word' id='word_1_567' title='bbox 1457 4860 1635 4914; x_wconf 82' lang='grc' dir='ltr'>πάντα</span> <span class='ocrx_word' id='word_1_568' title='bbox 1658 4860 1804 4931; x_wconf 79' lang='grc' dir='ltr'>ᾅδειν</span> <span class='ocrx_word' id='word_1_569' title='bbox 1839 4861 1937 4914; x_wconf 85' lang='grc' dir='ltr'>τὸν</span> 
     </span>
    </p>
   </div>
   <div class='ocr_carea' id='block_1_81' title="bbox 363 4951 1936 5024">
    <p class='ocr_par' dir='ltr' id='par_1_81' title="bbox 363 4951 1936 5024">
     <span class='ocr_line' id='line_1_81' title="bbox 363 4951 1936 5024; baseline -0.002 -17"><span class='ocrx_word' id='word_1_570' title='bbox 363 4956 499 5024; x_wconf 79' lang='grc' dir='ltr'>βίον.</span> <span class='ocrx_word' id='word_1_571' title='bbox 552 4954 705 5006; x_wconf 79' lang='grc' dir='ltr'>Ἐπεὶ</span> <span class='ocrx_word' id='word_1_572' title='bbox 752 4952 843 5008; x_wconf 80' lang='grc' dir='ltr'>οὖν</span> <span class='ocrx_word' id='word_1_573' title='bbox 890 4954 985 5008; x_wconf 80' lang='grc' dir='ltr'>καὶ</span> <span class='ocrx_word' id='word_1_574' title='bbox 1028 4953 1162 5022; x_wconf 81' lang='grc' dir='ltr'>ἡμῖν</span> <span class='ocrx_word' id='word_1_575' title='bbox 1200 4954 1327 5022; x_wconf 80' lang='grc' dir='ltr'>περὶ</span> <span class='ocrx_word' id='word_1_576' title='bbox 1355 4952 1796 5023; x_wconf 49' lang='grc' dir='ltr'>τοὺςλσχάτους</span> <span class='ocrx_word' id='word_1_577' title='bbox 1832 4951 1936 5023; x_wconf 86' lang='grc' dir='ltr'>ήδη</span> 
     </span>
    </p>
   </div>
   <div class='ocr_carea' id='block_1_82' title="bbox 364 5041 1935 5111">
    <p class='ocr_par' dir='ltr' id='par_1_82' title="bbox 364 5041 1935 5111">
     <span class='ocr_line' id='line_1_82' title="bbox 364 5041 1935 5111; baseline -0.003 -14"><span class='ocrx_word' id='word_1_578' title='bbox 364 5043 639 5105; x_wconf 85' lang='grc' dir='ltr'>κινδύνους</span> <span class='ocrx_word' id='word_1_579' title='bbox 672 5042 1022 5111; x_wconf 81' lang='grc' dir='ltr'>σκηνοϐατεῖν</span> <span class='ocrx_word' id='word_1_580' title='bbox 1051 5043 1436 5111; x_wconf 77' lang='grc' dir='ltr'>περιέστηκεν,</span> <span class='ocrx_word' id='word_1_581' title='bbox 1466 5041 1543 5103; x_wconf 88' lang='grc' dir='ltr'>ώς</span> <span class='ocrx_word' id='word_1_582' title='bbox 1586 5041 1935 5110; x_wconf 81' lang='grc' dir='ltr'>εἰρήκειμεν,</span> 
     </span>
    </p>
   </div>
   <div class='ocr_carea' id='block_1_83' title="bbox 363 5134 1938 5204">
    <p class='ocr_par' dir='ltr' id='par_1_83' title="bbox 363 5134 1938 5204">
     <span class='ocr_line' id='line_1_83' title="bbox 363 5134 1938 5204; baseline -0.002 -15"><span class='ocrx_word' id='word_1_583' title='bbox 363 5136 463 5189; x_wconf 74' lang='grc' dir='ltr'>οὐκ</span> <span class='ocrx_word' id='word_1_584' title='bbox 486 5136 552 5189; x_wconf 80' lang='grc' dir='ltr'>ἄν</span> <span class='ocrx_word' id='word_1_585' title='bbox 576 5154 675 5190; x_wconf 90' lang='grc' dir='ltr'>που</span> <span class='ocrx_word' id='word_1_586' title='bbox 710 5136 821 5187; x_wconf 84' lang='grc' dir='ltr'>τῶν</span> <span class='ocrx_word' id='word_1_587' title='bbox 851 5135 1157 5188; x_wconf 84' lang='grc' dir='ltr'>ἀπεικότων</span> <span class='ocrx_word' id='word_1_588' title='bbox 1213 5134 1295 5204; x_wconf 79' lang='grc' dir='ltr'>εἴη</span> <span class='ocrx_word' id='word_1_589' title='bbox 1355 5134 1716 5204; x_wconf 81' lang='grc' dir='ltr'>μακροτέροις</span> <span class='ocrx_word' id='word_1_590' title='bbox 1748 5134 1938 5204; x_wconf 88' lang='grc' dir='ltr'>διηγή-</span> 
     </span>
    </p>
   </div>
   <div class='ocr_carea' id='block_1_84' title="bbox 369 5224 1937 5296">
    <p class='ocr_par' dir='ltr' id='par_1_84' title="bbox 369 5224 1937 5296">
     <span class='ocr_line' id='line_1_84' title="bbox 369 5224 1937 5296; baseline -0.001 -18"><span class='ocrx_word' id='word_1_591' title='bbox 369 5243 503 5293; x_wconf 88' lang='grc' dir='ltr'>μασι</span> <span class='ocrx_word' id='word_1_592' title='bbox 564 5228 910 5296; x_wconf 88' lang='grc' dir='ltr'>μακροτέραν</span> <span class='ocrx_word' id='word_1_593' title='bbox 964 5226 1315 5288; x_wconf 81' lang='grc' dir='ltr'>ὲκτείναντας</span> <span class='ocrx_word' id='word_1_594' title='bbox 1374 5224 1547 5295; x_wconf 77' lang='grc' dir='ltr'>ἀκοὴν</span> <span class='ocrx_word' id='word_1_595' title='bbox 1591 5224 1937 5289; x_wconf 80' lang='grc' dir='ltr'>τελευταίοις</span> 
     </span>
    </p>
   </div>
   <div class='ocr_carea' id='block_1_85' title="bbox 365 5313 1941 5386">
    <p class='ocr_par' dir='ltr' id='par_1_85' title="bbox 365 5313 1941 5386">
     <span class='ocr_line' id='line_1_85' title="bbox 365 5313 1941 5386; baseline -0.001 -17"><span class='ocrx_word' id='word_1_596' title='bbox 365 5316 776 5386; x_wconf 76' lang='grc' dir='ltr'>ἀφοσιώσασθαι</span> <span class='ocrx_word' id='word_1_597' title='bbox 839 5317 1172 5384; x_wconf 89' lang='grc' dir='ltr'>ἀσπασμοῖς.</span> <span class='ocrx_word' id='word_1_598' title='bbox 1242 5315 1444 5384; x_wconf 80' lang='grc' dir='ltr'>Ἀρτος</span> <span class='ocrx_word' id='word_1_599' title='bbox 1488 5313 1533 5368; x_wconf 88' lang='grc' dir='ltr'>δ’</span> <span class='ocrx_word' id='word_1_600' title='bbox 1566 5314 1702 5386; x_wconf 77' lang='grc' dir='ltr'>ἡμῖν</span> <span class='ocrx_word' id='word_1_601' title='bbox 1749 5316 1777 5368; x_wconf 91' lang='grc' dir='ltr'>ό</span> <span class='ocrx_word' id='word_1_602' title='bbox 1809 5332 1941 5370; x_wconf 85' lang='grc' dir='ltr'>κατ-</span> 
     </span>
    </p>
   </div>
   <div class='ocr_carea' id='block_1_86' title="bbox 366 5407 1940 5479">
    <p class='ocr_par' dir='ltr' id='par_1_86' title="bbox 366 5407 1940 5479">
     <span class='ocr_line' id='line_1_86' title="bbox 366 5407 1940 5479; baseline -0.001 -17"><span class='ocrx_word' id='word_1_603' title='bbox 366 5407 649 5479; x_wconf 80' lang='grc' dir='ltr'>εσκληκώς</span> <span class='ocrx_word' id='word_1_604' title='bbox 672 5410 884 5462; x_wconf 67' lang='grc' dir='ltr'>οὑτοσὶν</span> <span class='ocrx_word' id='word_1_605' title='bbox 913 5410 992 5473; x_wconf 75' lang='grc' dir='ltr'>εἰς</span> <span class='ocrx_word' id='word_1_606' title='bbox 1045 5409 1254 5478; x_wconf 80' lang='grc' dir='ltr'>τροφὴν</span> <span class='ocrx_word' id='word_1_607' title='bbox 1280 5409 1610 5479; x_wconf 86' lang='grc' dir='ltr'>ἀποχρήσει,</span> <span class='ocrx_word' id='word_1_608' title='bbox 1648 5410 1744 5463; x_wconf 75' lang='grc' dir='ltr'>καὶ</span> <span class='ocrx_word' id='word_1_609' title='bbox 1776 5409 1804 5462; x_wconf 82' lang='grc' dir='ltr'>δ</span> <span class='ocrx_word' id='word_1_610' title='bbox 1844 5408 1940 5463; x_wconf 80' lang='grc' dir='ltr'>νῦν</span> 
     </span>
    </p>
   </div>
   <div class='ocr_carea' id='block_1_87' title="bbox 365 5496 1939 5568">
    <p class='ocr_par' dir='ltr' id='par_1_87' title="bbox 365 5496 1939 5568">
     <span class='ocr_line' id='line_1_87' title="bbox 365 5496 1939 5568; baseline 0 -18"><span class='ocrx_word' id='word_1_611' title='bbox 365 5499 773 5567; x_wconf 81' lang='grc' dir='ltr'>είσκεκομίκεις</span> <span class='ocrx_word' id='word_1_612' title='bbox 811 5496 973 5558; x_wconf 71' lang='grc' dir='ltr'>αὐτὸς</span> <span class='ocrx_word' id='word_1_613' title='bbox 1024 5497 1082 5563; x_wconf 58' lang='grc' dir='ltr'>ἐξ</span> <span class='ocrx_word' id='word_1_614' title='bbox 1114 5496 1330 5549; x_wconf 78' lang='grc' dir='ltr'>ἐκείνου</span> <span class='ocrx_word' id='word_1_615' title='bbox 1388 5496 1481 5549; x_wconf 82' lang='grc' dir='ltr'>τοῦ</span> <span class='ocrx_word' id='word_1_616' title='bbox 1511 5499 1751 5568; x_wconf 84' lang='grc' dir='ltr'>φρέατος</span> <span class='ocrx_word' id='word_1_617' title='bbox 1776 5496 1939 5567; x_wconf 63' lang='grc' dir='ltr'>ιῦδωρ</span> 
     </span>
    </p>
   </div>
   <div class='ocr_carea' id='block_1_88' title="bbox 362 5586 1939 5657">
    <p class='ocr_par' dir='ltr' id='par_1_88' title="bbox 362 5586 1939 5657">
     <span class='ocr_line' id='line_1_88' title="bbox 362 5586 1939 5657; baseline 0 -17"><span class='ocrx_word' id='word_1_618' title='bbox 362 5589 443 5651; x_wconf 84' lang='grc' dir='ltr'>είς</span> <span class='ocrx_word' id='word_1_619' title='bbox 475 5590 655 5643; x_wconf 85' lang='grc' dir='ltr'>πόσιν,</span> <span class='ocrx_word' id='word_1_620' title='bbox 691 5588 909 5657; x_wconf 67' lang='grc' dir='ltr'>Τροφῆς</span> <span class='ocrx_word' id='word_1_621' title='bbox 937 5586 1036 5656; x_wconf 81' lang='grc' dir='ltr'>μὲν</span> <span class='ocrx_word' id='word_1_622' title='bbox 1070 5586 1135 5657; x_wconf 83' lang='grc' dir='ltr'>δή</span> <span class='ocrx_word' id='word_1_623' title='bbox 1168 5587 1261 5639; x_wconf 76' lang='grc' dir='ltr'>καὶ</span> <span class='ocrx_word' id='word_1_624' title='bbox 1288 5588 1523 5651; x_wconf 85' lang='grc' dir='ltr'>πόσεως,</span> <span class='ocrx_word' id='word_1_625' title='bbox 1562 5587 1682 5640; x_wconf 86' lang='grc' dir='ltr'>θεία</span> <span class='ocrx_word' id='word_1_626' title='bbox 1718 5605 1809 5657; x_wconf 88' lang='grc' dir='ltr'>μοι</span> <span class='ocrx_word' id='word_1_627' title='bbox 1844 5606 1939 5641; x_wconf 82' lang='grc' dir='ltr'>κε-</span> 
     </span>
    </p>
   </div>
   <div class='ocr_carea' id='block_1_89' title="bbox 368 5679 1937 5752">
    <p class='ocr_par' dir='ltr' id='par_1_89' title="bbox 368 5679 1937 5752">
     <span class='ocr_line' id='line_1_89' title="bbox 368 5679 1937 5752; baseline -0.001 -17"><span class='ocrx_word' id='word_1_628' title='bbox 368 5683 535 5752; x_wconf 78' lang='grc' dir='ltr'>φαλὴ,</span> <span class='ocrx_word' id='word_1_629' title='bbox 570 5681 713 5733; x_wconf 71' lang='grc' dir='ltr'>πάνυ</span> <span class='ocrx_word' id='word_1_630' title='bbox 750 5698 801 5733; x_wconf 90' lang='grc' dir='ltr'>τι</span> <span class='ocrx_word' id='word_1_631' title='bbox 855 5679 1137 5749; x_wconf 78' lang='grc' dir='ltr'>ἐλαχίστου</span> <span class='ocrx_word' id='word_1_632' title='bbox 1167 5680 1200 5751; x_wconf 84' lang='grc' dir='ltr'>ἢ</span> <span class='ocrx_word' id='word_1_633' title='bbox 1231 5681 1438 5749; x_wconf 83' lang='grc' dir='ltr'>μᾶλλον</span> <span class='ocrx_word' id='word_1_634' title='bbox 1463 5680 1559 5735; x_wconf 76' lang='grc' dir='ltr'>τοῦ</span> <span class='ocrx_word' id='word_1_635' title='bbox 1593 5680 1823 5751; x_wconf 84' lang='grc' dir='ltr'>μηδενὸς</span> <span class='ocrx_word' id='word_1_636' title='bbox 1871 5681 1937 5734; x_wconf 75' lang='grc' dir='ltr'>ἄν</span> 
     </span>
    </p>
   </div>
   <div class='ocr_carea' id='block_1_90' title="bbox 370 5768 1934 5844">
    <p class='ocr_par' dir='ltr' id='par_1_90' title="bbox 370 5768 1934 5844">
     <span class='ocr_line' id='line_1_90' title="bbox 370 5768 1934 5844; baseline -0.002 -18"><span class='ocrx_word' id='word_1_637' title='bbox 370 5791 458 5843; x_wconf 86' lang='grc' dir='ltr'>μοι</span> <span class='ocrx_word' id='word_1_638' title='bbox 480 5772 701 5843; x_wconf 85' lang='grc' dir='ltr'>δεήσειν</span> <span class='ocrx_word' id='word_1_639' title='bbox 724 5768 873 5840; x_wconf 78' lang='grc' dir='ltr'>οἶμαι</span> <span class='ocrx_word' id='word_1_640' title='bbox 897 5774 963 5826; x_wconf 79' lang='grc' dir='ltr'>τὰ</span> <span class='ocrx_word' id='word_1_641' title='bbox 988 5772 1106 5837; x_wconf 74' lang='grc' dir='ltr'>νῦν,</span> <span class='ocrx_word' id='word_1_642' title='bbox 1126 5775 1222 5844; x_wconf 80' lang='grc' dir='ltr'>τῆς</span> <span class='ocrx_word' id='word_1_643' title='bbox 1257 5772 1357 5843; x_wconf 84' lang='grc' dir='ltr'>σῆς</span> <span class='ocrx_word' id='word_1_644' title='bbox 1382 5772 1602 5843; x_wconf 84' lang='grc' dir='ltr'>ὁμιλίας</span> <span class='ocrx_word' id='word_1_645' title='bbox 1630 5772 1704 5834; x_wconf 82' lang='grc' dir='ltr'>ὡς</span> <span class='ocrx_word' id='word_1_646' title='bbox 1728 5773 1934 5825; x_wconf 61' lang='grc' dir='ltr'>ἐπίπαν</span> 
     </span>
    </p>
   </div>
   <div class='ocr_carea' id='block_1_91' title="bbox 2042 3491 3621 3564">
    <p class='ocr_par' dir='ltr' id='par_1_91' title="bbox 2042 3491 3621 3564">
     <span class='ocr_line' id='line_1_91' title="bbox 2042 3491 3621 3564; baseline -0.005 -18"><span class='ocrx_word' id='word_1_647' title='bbox 2042 3498 2151 3550; x_wconf 84' lang='lat' dir='ltr'><strong>vati</strong></span> <span class='ocrx_word' id='word_1_648' title='bbox 2186 3496 2381 3558; x_wconf 85' lang='lat' dir='ltr'><strong>simus,</strong></span> <span class='ocrx_word' id='word_1_649' title='bbox 2423 3510 2579 3564; x_wconf 69' lang='lat' dir='ltr'><strong>aequo</strong></span> <span class='ocrx_word' id='word_1_650' title='bbox 2613 3492 2797 3547; x_wconf 86' lang='lat' dir='ltr'><strong>animo</strong></span> <span class='ocrx_word' id='word_1_651' title='bbox 2832 3491 3070 3545; x_wconf 86' lang='lat' dir='ltr'><strong>feramus</strong></span> <span class='ocrx_word' id='word_1_652' title='bbox 3107 3506 3203 3543; x_wconf 91' lang='lat' dir='ltr'>nos</span> <span class='ocrx_word' id='word_1_653' title='bbox 3236 3496 3621 3557; x_wconf 75' lang='lat' dir='ltr'><strong>Oportet,una-</strong></span> 
     </span>
    </p>
   </div>
   <div class='ocr_carea' id='block_1_92' title="bbox 2039 3581 3619 3659">
    <p class='ocr_par' dir='ltr' id='par_1_92' title="bbox 2039 3581 3619 3659">
     <span class='ocr_line' id='line_1_92' title="bbox 2039 3581 3619 3659; baseline -0.005 -18"><span class='ocrx_word' id='word_1_654' title='bbox 2039 3605 2145 3659; x_wconf 88' lang='lat' dir='ltr'>que</span> <span class='ocrx_word' id='word_1_655' title='bbox 2180 3588 2517 3643; x_wconf 84' lang='lat' dir='ltr'><strong>confidentes</strong></span> <span class='ocrx_word' id='word_1_656' title='bbox 2539 3587 2702 3640; x_wconf 83' lang='lat' dir='ltr'><strong>unico</strong></span> <span class='ocrx_word' id='word_1_657' title='bbox 2735 3584 2846 3639; x_wconf 75' lang='lat' dir='ltr'><strong>Deo</strong></span> <span class='ocrx_word' id='word_1_658' title='bbox 2883 3595 3103 3653; x_wconf 86' lang='lat' dir='ltr'><strong>propter</strong></span> <span class='ocrx_word' id='word_1_659' title='bbox 3129 3599 3286 3652; x_wconf 88' lang='lat' dir='ltr'><strong>quem</strong></span> <span class='ocrx_word' id='word_1_660' title='bbox 3319 3581 3619 3636; x_wconf 84' lang='lat' dir='ltr'><strong>certamina</strong></span> 
     </span>
    </p>
   </div>
   <div class='ocr_carea' id='block_1_93' title="bbox 2037 3676 3617 3748">
    <p class='ocr_par' dir='ltr' id='par_1_93' title="bbox 2037 3676 3617 3748">
     <span class='ocr_line' id='line_1_93' title="bbox 2037 3676 3617 3748; baseline -0.006 -15"><span class='ocrx_word' id='word_1_661' title='bbox 2037 3681 2253 3735; x_wconf 79' lang='lat' dir='ltr'><strong>fortiter</strong></span> <span class='ocrx_word' id='word_1_662' title='bbox 2286 3679 2651 3748; x_wconf 88' lang='lat' dir='ltr'><strong>suscepimus,</strong></span> <span class='ocrx_word' id='word_1_663' title='bbox 2690 3692 2787 3745; x_wconf 86' lang='lat' dir='ltr'>age</span> <span class='ocrx_word' id='word_1_664' title='bbox 2839 3690 2939 3730; x_wconf 90' lang='lat' dir='ltr'>nos</span> <span class='ocrx_word' id='word_1_665' title='bbox 2985 3676 3131 3729; x_wconf 91' lang='lat' dir='ltr'><strong>omni</strong></span> <span class='ocrx_word' id='word_1_666' title='bbox 3168 3684 3315 3728; x_wconf 88' lang='lat' dir='ltr'><strong>metu</strong></span> <span class='ocrx_word' id='word_1_667' title='bbox 3361 3682 3617 3741; x_wconf 86' lang='lat' dir='ltr'><strong>tanquam</strong></span> 
     </span>
    </p>
   </div>
   <div class='ocr_carea' id='block_1_94' title="bbox 2042 3766 3623 3841">
    <p class='ocr_par' dir='ltr' id='par_1_94' title="bbox 2042 3766 3623 3841">
     <span class='ocr_line' id='line_1_94' title="bbox 2042 3766 3623 3841; baseline -0.007 -14"><span class='ocrx_word' id='word_1_668' title='bbox 2042 3772 2161 3827; x_wconf 90' lang='lat' dir='ltr'><strong>luto</strong></span> <span class='ocrx_word' id='word_1_669' title='bbox 2192 3786 2509 3841; x_wconf 89' lang='lat' dir='ltr'><strong>purgemus.</strong></span> <span class='ocrx_word' id='word_1_670' title='bbox 2564 3768 2644 3821; x_wconf 91' lang='lat' dir='ltr'><strong>Tu</strong></span> <span class='ocrx_word' id='word_1_671' title='bbox 2681 3783 2812 3822; x_wconf 87' lang='lat' dir='ltr'><strong>vero</strong></span> <span class='ocrx_word' id='word_1_672' title='bbox 2854 3776 2966 3820; x_wconf 90' lang='lat' dir='ltr'><strong>tres</strong></span> <span class='ocrx_word' id='word_1_673' title='bbox 2993 3767 3075 3819; x_wconf 89' lang='lat' dir='ltr'>vel</span> <span class='ocrx_word' id='word_1_674' title='bbox 3117 3766 3160 3819; x_wconf 89' lang='lat' dir='ltr'>si</span> <span class='ocrx_word' id='word_1_675' title='bbox 3190 3782 3331 3834; x_wconf 91' lang='lat' dir='ltr'><strong>opus</strong></span> <span class='ocrx_word' id='word_1_676' title='bbox 3364 3776 3449 3818; x_wconf 89' lang='lat' dir='ltr'>est</span> <span class='ocrx_word' id='word_1_677' title='bbox 3484 3781 3623 3832; x_wconf 81' lang='lat' dir='ltr'><strong>qua-</strong></span> 
     </span>
    </p>
   </div>
   <div class='ocr_carea' id='block_1_95' title="bbox 2039 3856 3621 3927">
    <p class='ocr_par' dir='ltr' id='par_1_95' title="bbox 2039 3856 3621 3927">
     <span class='ocr_line' id='line_1_95' title="bbox 2039 3856 3621 3927; baseline -0.006 -10"><span class='ocrx_word' id='word_1_678' title='bbox 2039 3864 2162 3917; x_wconf 91' lang='lat' dir='ltr'><strong>luor</strong></span> <span class='ocrx_word' id='word_1_679' title='bbox 2213 3862 2332 3914; x_wconf 87' lang='lat' dir='ltr'><strong>dies</strong></span> <span class='ocrx_word' id='word_1_680' title='bbox 2383 3861 2472 3913; x_wconf 88' lang='lat' dir='ltr'>hic</span> <span class='ocrx_word' id='word_1_681' title='bbox 2522 3859 2663 3927; x_wconf 88' lang='lat' dir='ltr'><strong>apud</strong></span> <span class='ocrx_word' id='word_1_682' title='bbox 2704 3872 2788 3912; x_wconf 88' lang='lat' dir='ltr'>me</span> <span class='ocrx_word' id='word_1_683' title='bbox 2838 3872 3083 3919; x_wconf 87' lang='lat' dir='ltr'><strong>remane,</strong></span> <span class='ocrx_word' id='word_1_684' title='bbox 3122 3865 3178 3909; x_wconf 91' lang='lat' dir='ltr'>et</span> <span class='ocrx_word' id='word_1_685' title='bbox 3227 3856 3530 3924; x_wconf 90' lang='lat' dir='ltr'><strong>pleniorem</strong></span> <span class='ocrx_word' id='word_1_686' title='bbox 3566 3863 3621 3907; x_wconf 92' lang='lat' dir='ltr'>et</span> 
     </span>
    </p>
   </div>
   <div class='ocr_carea' id='block_1_96' title="bbox 2042 3945 3618 4023">
    <p class='ocr_par' dir='ltr' id='par_1_96' title="bbox 2042 3945 3618 4023">
     <span class='ocr_line' id='line_1_96' title="bbox 2042 3945 3618 4023; baseline -0.006 -16"><span class='ocrx_word' id='word_1_687' title='bbox 2042 3966 2307 4023; x_wconf 82' lang='lat' dir='ltr'><strong>quan&#39;um</strong></span> <span class='ocrx_word' id='word_1_688' title='bbox 2340 3952 2450 4004; x_wconf 85' lang='lat' dir='ltr'><strong>fieri</strong></span> <span class='ocrx_word' id='word_1_689' title='bbox 2490 3962 2666 4019; x_wconf 87' lang='lat' dir='ltr'><strong>potest</strong></span> <span class='ocrx_word' id='word_1_690' title='bbox 2698 3960 2783 4003; x_wconf 89' lang='lat' dir='ltr'>sat</span> <span class='ocrx_word' id='word_1_691' title='bbox 2817 3949 3084 4018; x_wconf 86' lang='lat' dir='ltr'><strong>integram</strong></span> <span class='ocrx_word' id='word_1_692' title='bbox 3118 3945 3250 3999; x_wconf 90' lang='lat' dir='ltr'><strong>tnihi</strong></span> <span class='ocrx_word' id='word_1_693' title='bbox 3299 3946 3383 3999; x_wconf 87' lang='lat' dir='ltr'>fac</span> <span class='ocrx_word' id='word_1_694' title='bbox 3424 3961 3618 3998; x_wconf 81' lang='lat' dir='ltr'><strong>narra-</strong></span> 
     </span>
    </p>
   </div>
   <div class='ocr_carea' id='block_1_97' title="bbox 2043 4035 3617 4108">
    <p class='ocr_par' dir='ltr' id='par_1_97' title="bbox 2043 4035 3617 4108">
     <span class='ocr_line' id='line_1_97' title="bbox 2043 4035 3617 4108; baseline -0.008 -7"><span class='ocrx_word' id='word_1_695' title='bbox 2043 4052 2269 4101; x_wconf 82' lang='lat' dir='ltr'><strong>tionem.</strong></span> <span class='ocrx_word' id='word_1_696' title='bbox 2314 4043 2435 4099; x_wconf 87' lang='lat' dir='ltr'><strong>Scis</strong></span> <span class='ocrx_word' id='word_1_697' title='bbox 2466 4044 2611 4097; x_wconf 90' lang='lat' dir='ltr'><strong>enim</strong></span> <span class='ocrx_word' id='word_1_698' title='bbox 2643 4059 2673 4096; x_wconf 87' lang='lat' dir='ltr'>e</span> <span class='ocrx_word' id='word_1_699' title='bbox 2702 4041 2986 4093; x_wconf 89' lang='lat' dir='ltr'><strong>volucrum</strong></span> <span class='ocrx_word' id='word_1_700' title='bbox 3035 4052 3233 4108; x_wconf 80' lang='lat' dir='ltr'><strong>genere</strong></span> <span class='ocrx_word' id='word_1_701' title='bbox 3263 4051 3460 4106; x_wconf 82' lang='lat' dir='ltr'><strong>cycnos</strong></span> <span class='ocrx_word' id='word_1_702' title='bbox 3486 4035 3617 4089; x_wconf 86' lang='lat' dir='ltr'>dum</span> 
     </span>
    </p>
   </div>
   <div class='ocr_carea' id='block_1_98' title="bbox 2040 4128 3622 4197">
    <p class='ocr_par' dir='ltr' id='par_1_98' title="bbox 2040 4128 3622 4197">
     <span class='ocr_line' id='line_1_98' title="bbox 2040 4128 3622 4197; baseline -0.008 -6"><span class='ocrx_word' id='word_1_703' title='bbox 2040 4139 2164 4192; x_wconf 47' lang='lat' dir='ltr'><strong>vitae</strong></span> <span class='ocrx_word' id='word_1_704' title='bbox 2199 4138 2360 4190; x_wconf 89' lang='lat' dir='ltr'><strong>finem</strong></span> <span class='ocrx_word' id='word_1_705' title='bbox 2401 4136 2590 4188; x_wconf 71' lang='lat' dir='ltr'><strong>adesse</strong></span> <span class='ocrx_word' id='word_1_706' title='bbox 2643 4132 2903 4194; x_wconf 83' lang='lat' dir='ltr'><strong>sentiant,</strong></span> <span class='ocrx_word' id='word_1_707' title='bbox 2961 4138 3186 4183; x_wconf 90' lang='lat' dir='ltr'><strong>cantum</strong></span> <span class='ocrx_word' id='word_1_708' title='bbox 3227 4128 3526 4197; x_wconf 89' lang='lat' dir='ltr'><strong>pleniorem</strong></span> <span class='ocrx_word' id='word_1_709' title='bbox 3562 4134 3622 4181; x_wconf 83' lang='lat' dir='ltr'>et</span> 
     </span>
    </p>
   </div>
   <div class='ocr_carea' id='block_1_99' title="bbox 2046 4218 3620 4292">
    <p class='ocr_par' dir='ltr' id='par_1_99' title="bbox 2046 4218 3620 4292">
     <span class='ocr_line' id='line_1_99' title="bbox 2046 4218 3620 4292; baseline -0.008 -12"><span class='ocrx_word' id='word_1_710' title='bbox 2046 4226 2348 4281; x_wconf 87' lang='lat' dir='ltr'><strong>acutiorem</strong></span> <span class='ocrx_word' id='word_1_711' title='bbox 2375 4223 2540 4278; x_wconf 89' lang='lat' dir='ltr'><strong>edere</strong></span> <span class='ocrx_word' id='word_1_712' title='bbox 2578 4236 2741 4292; x_wconf 90' lang='lat' dir='ltr'><strong>quam</strong></span> <span class='ocrx_word' id='word_1_713' title='bbox 2776 4220 2933 4274; x_wconf 89' lang='lat' dir='ltr'><strong>alias.</strong></span> <span class='ocrx_word' id='word_1_714' title='bbox 2989 4218 3154 4287; x_wconf 81' lang='lat' dir='ltr'><strong>Atqui</strong></span> <span class='ocrx_word' id='word_1_715' title='bbox 3188 4232 3309 4271; x_wconf 85' lang='lat' dir='ltr'>cum</span> <span class='ocrx_word' id='word_1_716' title='bbox 3345 4230 3446 4270; x_wconf 90' lang='lat' dir='ltr'>nos</span> <span class='ocrx_word' id='word_1_717' title='bbox 3480 4231 3620 4285; x_wconf 86' lang='lat' dir='ltr'><strong>quo-</strong></span> 
     </span>
    </p>
   </div>
   <div class='ocr_carea' id='block_1_100' title="bbox 2049 4308 3623 4388">
    <p class='ocr_par' dir='ltr' id='par_1_100' title="bbox 2049 4308 3623 4388">
     <span class='ocr_line' id='line_1_100' title="bbox 2049 4308 3623 4388; baseline -0.004 -20"><span class='ocrx_word' id='word_1_718' title='bbox 2049 4334 2155 4388; x_wconf 86' lang='lat' dir='ltr'>que</span> <span class='ocrx_word' id='word_1_719' title='bbox 2191 4326 2252 4371; x_wconf 89' lang='lat' dir='ltr'>ut</span> <span class='ocrx_word' id='word_1_720' title='bbox 2283 4316 2525 4370; x_wconf 78' lang='lat' dir='ltr'><strong>diximus</strong></span> <span class='ocrx_word' id='word_1_721' title='bbox 2557 4313 2897 4382; x_wconf 89' lang='lat' dir='ltr'><strong>ultimisjam</strong></span> <span class='ocrx_word' id='word_1_722' title='bbox 2930 4311 2985 4364; x_wconf 92' lang='lat' dir='ltr'>in</span> <span class='ocrx_word' id='word_1_723' title='bbox 3029 4311 3157 4364; x_wconf 82' lang='lat' dir='ltr'><strong>vitae</strong></span> <span class='ocrx_word' id='word_1_724' title='bbox 3205 4308 3461 4378; x_wconf 90' lang='lat' dir='ltr'><strong>periculis</strong></span> <span class='ocrx_word' id='word_1_725' title='bbox 3497 4323 3623 4362; x_wconf 82' lang='lat' dir='ltr'><strong>ver-</strong></span> 
     </span>
    </p>
   </div>
   <div class='ocr_carea' id='block_1_101' title="bbox 2048 4400 3623 4471">
    <p class='ocr_par' dir='ltr' id='par_1_101' title="bbox 2048 4400 3623 4471">
     <span class='ocr_line' id='line_1_101' title="bbox 2048 4400 3623 4471; baseline -0.005 -9"><span class='ocrx_word' id='word_1_726' title='bbox 2048 4423 2257 4471; x_wconf 88' lang='lat' dir='ltr'><strong>semur,</strong></span> <span class='ocrx_word' id='word_1_727' title='bbox 2318 4406 2545 4460; x_wconf 90' lang='lat' dir='ltr'><strong>minime</strong></span> <span class='ocrx_word' id='word_1_728' title='bbox 2594 4419 2724 4457; x_wconf 87' lang='lat' dir='ltr'><strong>sane</strong></span> <span class='ocrx_word' id='word_1_729' title='bbox 2776 4404 3022 4471; x_wconf 87' lang='lat' dir='ltr'><strong>ineptum</strong></span> <span class='ocrx_word' id='word_1_730' title='bbox 3081 4400 3223 4454; x_wconf 88' lang='lat' dir='ltr'><strong>foret</strong></span> <span class='ocrx_word' id='word_1_731' title='bbox 3283 4400 3623 4468; x_wconf 88' lang='lat' dir='ltr'><strong>longioribus</strong></span> 
     </span>
    </p>
   </div>
   <div class='ocr_carea' id='block_1_102' title="bbox 2051 4490 3619 4569">
    <p class='ocr_par' dir='ltr' id='par_1_102' title="bbox 2051 4490 3619 4569">
     <span class='ocr_line' id='line_1_102' title="bbox 2051 4490 3619 4569; baseline -0.006 -17"><span class='ocrx_word' id='word_1_732' title='bbox 2051 4499 2206 4569; x_wconf 67' lang='grc'>147</span> <span class='ocrx_word' id='word_1_733' title='bbox 2240 4498 2590 4551; x_wconf 88' lang='lat' dir='ltr'><strong>sermonibus</strong></span> <span class='ocrx_word' id='word_1_734' title='bbox 2619 4508 2783 4548; x_wconf 90' lang='lat' dir='ltr'><strong>aures</strong></span> <span class='ocrx_word' id='word_1_735' title='bbox 2815 4494 3034 4563; x_wconf 87' lang='lat' dir='ltr'><strong>longius</strong></span> <span class='ocrx_word' id='word_1_736' title='bbox 3086 4503 3303 4561; x_wconf 90' lang='lat' dir='ltr'><strong>tempus</strong></span> <span class='ocrx_word' id='word_1_737' title='bbox 3353 4490 3619 4561; x_wconf 89' lang='lat' dir='ltr'><strong>erigendo</strong></span> 
     </span>
    </p>
   </div>
   <div class='ocr_carea' id='block_1_103' title="bbox 2038 4582 3623 4661">
    <p class='ocr_par' dir='ltr' id='par_1_103' title="bbox 2038 4582 3623 4661">
     <span class='ocr_line' id='line_1_103' title="bbox 2038 4582 3623 4661; baseline -0.007 -16"><span class='ocrx_word' id='word_1_738' title='bbox 2038 4590 2316 4661; x_wconf 87' lang='lat' dir='ltr'><strong>supremis</strong></span> <span class='ocrx_word' id='word_1_739' title='bbox 2375 4587 2678 4642; x_wconf 89' lang='lat' dir='ltr'><strong>honoribus</strong></span> <span class='ocrx_word' id='word_1_740' title='bbox 2747 4600 2845 4640; x_wconf 92' lang='lat' dir='ltr'>nos</span> <span class='ocrx_word' id='word_1_741' title='bbox 2896 4584 3147 4655; x_wconf 83' lang='lat' dir='ltr'><strong>obsequi.</strong></span> <span class='ocrx_word' id='word_1_742' title='bbox 3206 4582 3360 4649; x_wconf 88' lang='lat' dir='ltr'><strong>Quod</strong></span> <span class='ocrx_word' id='word_1_743' title='bbox 3422 4583 3489 4635; x_wconf 90' lang='lat' dir='ltr'>ad</span> <span class='ocrx_word' id='word_1_744' title='bbox 3537 4582 3623 4634; x_wconf 82' lang='lat' dir='ltr'><strong>vi-</strong></span> 
     </span>
    </p>
   </div>
   <div class='ocr_carea' id='block_1_104' title="bbox 2044 4678 3620 4749">
    <p class='ocr_par' dir='ltr' id='par_1_104' title="bbox 2044 4678 3620 4749">
     <span class='ocr_line' id='line_1_104' title="bbox 2044 4678 3620 4749; baseline -0.008 -10"><span class='ocrx_word' id='word_1_745' title='bbox 2044 4692 2192 4740; x_wconf 90' lang='lat' dir='ltr'><strong>ctum</strong></span> <span class='ocrx_word' id='word_1_746' title='bbox 2224 4681 2441 4747; x_wconf 87' lang='lat' dir='ltr'><strong>attinet,</strong></span> <span class='ocrx_word' id='word_1_747' title='bbox 2480 4680 2634 4749; x_wconf 89' lang='lat' dir='ltr'><strong>panis</strong></span> <span class='ocrx_word' id='word_1_748' title='bbox 2675 4678 2763 4732; x_wconf 92' lang='lat' dir='ltr'>hic</span> <span class='ocrx_word' id='word_1_749' title='bbox 2804 4682 2910 4749; x_wconf 73' lang='lat' dir='ltr'><strong>jam</strong></span> <span class='ocrx_word' id='word_1_750' title='bbox 2946 4678 3140 4731; x_wconf 88' lang='lat' dir='ltr'><strong>adesus</strong></span> <span class='ocrx_word' id='word_1_751' title='bbox 3171 4685 3225 4731; x_wconf 90' lang='lat' dir='ltr'>et</span> <span class='ocrx_word' id='word_1_752' title='bbox 3252 4691 3412 4745; x_wconf 88' lang='lat' dir='ltr'><strong>aqua,</strong></span> <span class='ocrx_word' id='word_1_753' title='bbox 3455 4690 3620 4744; x_wconf 88' lang='lat' dir='ltr'><strong>quam</strong></span> 
     </span>
    </p>
   </div>
   <div class='ocr_carea' id='block_1_105' title="bbox 2043 4766 3619 4842">
    <p class='ocr_par' dir='ltr' id='par_1_105' title="bbox 2043 4766 3619 4842">
     <span class='ocr_line' id='line_1_105' title="bbox 2043 4766 3619 4842; baseline -0.007 -12"><span class='ocrx_word' id='word_1_754' title='bbox 2043 4776 2204 4831; x_wconf 89' lang='lat' dir='ltr'><strong>modo</strong></span> <span class='ocrx_word' id='word_1_755' title='bbox 2258 4774 2371 4842; x_wconf 86' lang='lat' dir='ltr'><strong>ipse</strong></span> <span class='ocrx_word' id='word_1_756' title='bbox 2401 4786 2431 4826; x_wconf 90' lang='lat' dir='ltr'>e</span> <span class='ocrx_word' id='word_1_757' title='bbox 2467 4780 2631 4840; x_wconf 91' lang='lat' dir='ltr'><strong>puteo</strong></span> <span class='ocrx_word' id='word_1_758' title='bbox 2682 4768 2935 4831; x_wconf 89' lang='lat' dir='ltr'><strong>hausisti,</strong></span> <span class='ocrx_word' id='word_1_759' title='bbox 2983 4767 3141 4821; x_wconf 81' lang='lat' dir='ltr'><strong>nobis</strong></span> <span class='ocrx_word' id='word_1_760' title='bbox 3166 4766 3619 4836; x_wconf 86' lang='lat' dir='ltr'><strong>suppeditabunt.</strong></span> 
     </span>
    </p>
   </div>
   <div class='ocr_carea' id='block_1_106' title="bbox 2046 4856 3626 4935">
    <p class='ocr_par' dir='ltr' id='par_1_106' title="bbox 2046 4856 3626 4935">
     <span class='ocr_line' id='line_1_106' title="bbox 2046 4856 3626 4935; baseline -0.007 -17"><span class='ocrx_word' id='word_1_761' title='bbox 2046 4865 2157 4935; x_wconf 73' lang='lat' dir='ltr'><strong>Ego</strong></span> <span class='ocrx_word' id='word_1_762' title='bbox 2218 4878 2382 4928; x_wconf 81' lang='lat' dir='ltr'><strong>vero,</strong></span> <span class='ocrx_word' id='word_1_763' title='bbox 2415 4864 2498 4915; x_wconf 85' lang='lat' dir='ltr'>vir</span> <span class='ocrx_word' id='word_1_764' title='bbox 2557 4860 2761 4923; x_wconf 84' lang='lat' dir='ltr'><strong>divine,</strong></span> <span class='ocrx_word' id='word_1_765' title='bbox 2792 4874 2983 4928; x_wconf 79' lang='lat' dir='ltr'><strong>partem</strong></span> <span class='ocrx_word' id='word_1_766' title='bbox 3019 4867 3075 4911; x_wconf 85' lang='lat' dir='ltr'>et</span> <span class='ocrx_word' id='word_1_767' title='bbox 3113 4858 3390 4925; x_wconf 83' lang='lat' dir='ltr'><strong>potionem</strong></span> <span class='ocrx_word' id='word_1_768' title='bbox 3460 4856 3626 4909; x_wconf 87' lang='lat' dir='ltr'><strong>mini-</strong></span> 
     </span>
    </p>
   </div>
   <div class='ocr_carea' id='block_1_107' title="bbox 2046 4946 3623 5021">
    <p class='ocr_par' dir='ltr' id='par_1_107' title="bbox 2046 4946 3623 5021">
     <span class='ocr_line' id='line_1_107' title="bbox 2046 4946 3623 5021; baseline -0.006 -10"><span class='ocrx_word' id='word_1_769' title='bbox 2046 4960 2140 5021; x_wconf 90' lang='lat' dir='ltr'>mi,</span> <span class='ocrx_word' id='word_1_770' title='bbox 2174 4957 2282 5009; x_wconf 92' lang='lat' dir='ltr'>imo</span> <span class='ocrx_word' id='word_1_771' title='bbox 2317 4954 2472 5007; x_wconf 88' lang='lat' dir='ltr'><strong>nihili</strong></span> <span class='ocrx_word' id='word_1_772' title='bbox 2510 4954 2742 5017; x_wconf 50' lang='lat' dir='ltr'><strong>aestimo,</strong></span> <span class='ocrx_word' id='word_1_773' title='bbox 2776 4950 2869 5005; x_wconf 87' lang='lat' dir='ltr'>sed</span> <span class='ocrx_word' id='word_1_774' title='bbox 2900 4964 3031 5005; x_wconf 85' lang='lat' dir='ltr'><strong>usus</strong></span> <span class='ocrx_word' id='word_1_775' title='bbox 3076 4959 3202 5002; x_wconf 88' lang='lat' dir='ltr'><strong>tuus</strong></span> <span class='ocrx_word' id='word_1_776' title='bbox 3233 4964 3459 5018; x_wconf 87' lang='lat' dir='ltr'><strong>prorsus</strong></span> <span class='ocrx_word' id='word_1_777' title='bbox 3488 4946 3623 5001; x_wconf 89' lang='lat' dir='ltr'><strong>mihi</strong></span> 
     </span>
    </p>
   </div>
   <div class='ocr_carea' id='block_1_108' title="bbox 2048 5040 3620 5115">
    <p class='ocr_par' dir='ltr' id='par_1_108' title="bbox 2048 5040 3620 5115">
     <span class='ocr_line' id='line_1_108' title="bbox 2048 5040 3620 5115; baseline -0.006 -11"><span class='ocrx_word' id='word_1_778' title='bbox 2048 5047 2315 5104; x_wconf 87' lang='lat' dir='ltr'><strong>satisfacit</strong></span> <span class='ocrx_word' id='word_1_779' title='bbox 2362 5060 2557 5115; x_wconf 87' lang='lat' dir='ltr'><strong>meque</strong></span> <span class='ocrx_word' id='word_1_780' title='bbox 2618 5055 2677 5099; x_wconf 92' lang='lat' dir='ltr'>ut</span> <span class='ocrx_word' id='word_1_781' title='bbox 2707 5044 2880 5098; x_wconf 73' lang='lat' dir='ltr'><strong>cilicia</strong></span> <span class='ocrx_word' id='word_1_782' title='bbox 2931 5043 3029 5095; x_wconf 88' lang='lat' dir='ltr'><strong>tibi</strong></span> <span class='ocrx_word' id='word_1_783' title='bbox 3083 5053 3332 5110; x_wconf 55' lang='lat' dir='ltr'><strong>praestem</strong></span> <span class='ocrx_word' id='word_1_784' title='bbox 3368 5040 3620 5095; x_wconf 85' lang='lat' dir='ltr'><strong>facillime</strong></span> 
     </span>
    </p>
   </div>
   <div class='ocr_carea' id='block_1_109' title="bbox 2000 5132 3622 5213">
    <p class='ocr_par' dir='ltr' id='par_1_109' title="bbox 2000 5132 3622 5213">
     <span class='ocr_line' id='line_1_109' title="bbox 2000 5132 3622 5213; baseline -0.004 -19"><span class='ocrx_word' id='word_1_785' title='bbox 2000 5210 2001 5213; x_wconf 17' lang='grc' dir='ltr'>η</span> <span class='ocrx_word' id='word_1_786' title='bbox 2041 5149 2374 5195; x_wconf 63' lang='lat' dir='ltr'><strong>cumtum-et.</strong></span> <span class='ocrx_word' id='word_1_787' title='bbox 2402 5138 2470 5192; x_wconf 88' lang='lat' dir='ltr'><strong>Et</strong></span> <span class='ocrx_word' id='word_1_788' title='bbox 2510 5137 2624 5191; x_wconf 81' lang='lat' dir='ltr'><strong>haec</strong></span> <span class='ocrx_word' id='word_1_789' title='bbox 2646 5134 2864 5205; x_wconf 88' lang='lat' dir='ltr'><strong>quidem</strong></span> <span class='ocrx_word' id='word_1_790' title='bbox 2898 5134 2967 5187; x_wconf 91' lang='lat' dir='ltr'>ob</span> <span class='ocrx_word' id='word_1_791' title='bbox 3003 5137 3141 5186; x_wconf 88' lang='lat' dir='ltr'><strong>duas</strong></span> <span class='ocrx_word' id='word_1_792' title='bbox 3167 5132 3395 5186; x_wconf 85' lang='lat' dir='ltr'><strong>fortasse</strong></span> <span class='ocrx_word' id='word_1_793' title='bbox 3430 5148 3622 5187; x_wconf 67' lang='lat' dir='ltr'><strong>causas</strong></span> 
     </span>
    </p>
   </div>
   <div class='ocr_carea' id='block_1_110' title="bbox 2041 5223 3593 5301">
    <p class='ocr_par' dir='ltr' id='par_1_110' title="bbox 2041 5223 3593 5301">
     <span class='ocr_line' id='line_1_110' title="bbox 2041 5223 3593 5301; baseline -0.007 -18"><span class='ocrx_word' id='word_1_794' title='bbox 2041 5230 2330 5301; x_wconf 60' lang='lat' dir='ltr'><strong>quisquam</strong></span> <span class='ocrx_word' id='word_1_795' title='bbox 2393 5228 2547 5290; x_wconf 89' lang='lat' dir='ltr'><strong>velit,</strong></span> <span class='ocrx_word' id='word_1_796' title='bbox 2584 5235 2678 5279; x_wconf 88' lang='lat' dir='ltr'>aut</span> <span class='ocrx_word' id='word_1_797' title='bbox 2722 5225 2867 5292; x_wconf 86' lang='lat' dir='ltr'><strong>quod</strong></span> <span class='ocrx_word' id='word_1_798' title='bbox 2925 5223 3047 5277; x_wconf 85' lang='lat' dir='ltr'><strong>viva</strong></span> <span class='ocrx_word' id='word_1_799' title='bbox 3107 5225 3487 5291; x_wconf 77' lang='lat' dir='ltr'><strong>oratio-quam</strong></span> <span class='ocrx_word' id='word_1_800' title='bbox 3528 5239 3593 5289; x_wconf 81' lang='lat' dir='ltr'>pa</span> 
     </span>
    </p>
   </div>
   <div class='ocr_carea' id='block_1_111' title="bbox 2044 5312 3624 5373">
    <p class='ocr_par' dir='ltr' id='par_1_111' title="bbox 2044 5312 3624 5373">
     <span class='ocr_line' id='line_1_111' title="bbox 2044 5312 3624 5373; baseline -0.006 -1"><span class='ocrx_word' id='word_1_801' title='bbox 2044 5320 2117 5373; x_wconf 87' lang='lat' dir='ltr'>rit</span> <span class='ocrx_word' id='word_1_802' title='bbox 2144 5333 2299 5373; x_wconf 89' lang='lat' dir='ltr'><strong>mens</strong></span> <span class='ocrx_word' id='word_1_803' title='bbox 2339 5315 2662 5371; x_wconf 63' lang='lat' dir='ltr'><strong>immortalis</strong></span> <span class='ocrx_word' id='word_1_804' title='bbox 2703 5312 2971 5367; x_wconf 80' lang='lat' dir='ltr'><strong>ﬁrmiores</strong></span> <span class='ocrx_word' id='word_1_805' title='bbox 3024 5324 3079 5367; x_wconf 90' lang='lat' dir='ltr'>et</span> <span class='ocrx_word' id='word_1_806' title='bbox 3118 5314 3403 5366; x_wconf 80' lang='lat' dir='ltr'><strong>suaviores</strong></span> <span class='ocrx_word' id='word_1_807' title='bbox 3432 5327 3624 5365; x_wconf 86' lang='lat' dir='ltr'><strong>aman-</strong></span> 
     </span>
    </p>
   </div>
   <div class='ocr_carea' id='block_1_112' title="bbox 2046 5404 3620 5479">
    <p class='ocr_par' dir='ltr' id='par_1_112' title="bbox 2046 5404 3620 5479">
     <span class='ocr_line' id='line_1_112' title="bbox 2046 5404 3620 5479; baseline -0.005 -15"><span class='ocrx_word' id='word_1_808' title='bbox 2046 5411 2191 5465; x_wconf 90' lang='lat' dir='ltr'><strong>tibus</strong></span> <span class='ocrx_word' id='word_1_809' title='bbox 2264 5408 2447 5463; x_wconf 81' lang='lat' dir='ltr'><strong>reddit</strong></span> <span class='ocrx_word' id='word_1_810' title='bbox 2520 5414 2826 5460; x_wconf 89' lang='lat' dir='ltr'><strong>amatorum</strong></span> <span class='ocrx_word' id='word_1_811' title='bbox 2882 5406 3255 5479; x_wconf 75' lang='lat' dir='ltr'><strong>narrationes.</strong></span> <span class='ocrx_word' id='word_1_812' title='bbox 3297 5416 3389 5458; x_wconf 87' lang='lat' dir='ltr'>aut</span> <span class='ocrx_word' id='word_1_813' title='bbox 3473 5404 3620 5471; x_wconf 77' lang='lat' dir='ltr'><strong>quod</strong></span> 
     </span>
    </p>
   </div>
   <div class='ocr_carea' id='block_1_113' title="bbox 2044 5496 3620 5571">
    <p class='ocr_par' dir='ltr' id='par_1_113' title="bbox 2044 5496 3620 5571">
     <span class='ocr_line' id='line_1_113' title="bbox 2044 5496 3620 5571; baseline -0.004 -17"><span class='ocrx_word' id='word_1_814' title='bbox 2044 5512 2270 5571; x_wconf 88' lang='lat' dir='ltr'><strong>propter</strong></span> <span class='ocrx_word' id='word_1_815' title='bbox 2346 5499 2680 5554; x_wconf 88' lang='lat' dir='ltr'><strong>desiderium</strong></span> <span class='ocrx_word' id='word_1_816' title='bbox 2753 5506 2906 5551; x_wconf 88' lang='lat' dir='ltr'><strong>tuum</strong></span> <span class='ocrx_word' id='word_1_817' title='bbox 2974 5498 3327 5568; x_wconf 88' lang='lat' dir='ltr'><strong>pluris,itno</strong></span> <span class='ocrx_word' id='word_1_818' title='bbox 3398 5496 3620 5564; x_wconf 83' lang='lat' dir='ltr'><strong>plurinu</strong></span> 
     </span>
    </p>
   </div>
   <div class='ocr_carea' id='block_1_114' title="bbox 2044 5587 3619 5657">
    <p class='ocr_par' dir='ltr' id='par_1_114' title="bbox 2044 5587 3619 5657">
     <span class='ocr_line' id='line_1_114' title="bbox 2044 5587 3619 5657; baseline -0.004 -12"><span class='ocrx_word' id='word_1_819' title='bbox 2044 5591 2219 5646; x_wconf 86' lang='lat' dir='ltr'><strong>habeo</strong></span> <span class='ocrx_word' id='word_1_820' title='bbox 2280 5599 2456 5645; x_wconf 87' lang='lat' dir='ltr'><strong>tecum</strong></span> <span class='ocrx_word' id='word_1_821' title='bbox 2525 5588 2787 5657; x_wconf 87' lang='lat' dir='ltr'><strong>colloqui.</strong></span> <span class='ocrx_word' id='word_1_822' title='bbox 2839 5588 2945 5643; x_wconf 87' lang='lat' dir='ltr'><strong>Sed</strong></span> <span class='ocrx_word' id='word_1_823' title='bbox 3000 5592 3066 5644; x_wconf 82' lang='lat' dir='ltr'>de</span> <span class='ocrx_word' id='word_1_824' title='bbox 3125 5590 3250 5651; x_wconf 90' lang='lat' dir='ltr'><strong>hoc,</strong></span> <span class='ocrx_word' id='word_1_825' title='bbox 3292 5587 3619 5640; x_wconf 86' lang='lat' dir='ltr'><strong>charissimc</strong></span> 
     </span>
    </p>
   </div>
   <div class='ocr_carea' id='block_1_115' title="bbox 2042 5676 3620 5752">
    <p class='ocr_par' dir='ltr' id='par_1_115' title="bbox 2042 5676 3620 5752">
     <span class='ocr_line' id='line_1_115' title="bbox 2042 5676 3620 5752; baseline -0.006 -15"><span class='ocrx_word' id='word_1_826' title='bbox 2042 5681 2428 5752; x_wconf 81' lang='lat' dir='ltr'><strong>Agathangcle,</strong></span> <span class='ocrx_word' id='word_1_827' title='bbox 2459 5681 2568 5751; x_wconf 81' lang='lat' dir='ltr'><strong>jam</strong></span> <span class='ocrx_word' id='word_1_828' title='bbox 2602 5679 2768 5747; x_wconf 88' lang='lat' dir='ltr'><strong>satis;</strong></span> <span class='ocrx_word' id='word_1_829' title='bbox 2803 5695 2953 5735; x_wconf 92' lang='lat' dir='ltr'><strong>nunc</strong></span> <span class='ocrx_word' id='word_1_830' title='bbox 3002 5679 3370 5734; x_wconf 86' lang='lat' dir='ltr'><strong>narrationem</strong></span> <span class='ocrx_word' id='word_1_831' title='bbox 3440 5676 3620 5731; x_wconf 82' lang='lat' dir='ltr'><strong>oonti-</strong></span> 
     </span>
    </p>
   </div>
   <div class='ocr_carea' id='block_1_116' title="bbox 2043 5789 2174 5826">
    <p class='ocr_par' dir='ltr' id='par_1_116' title="bbox 2043 5789 2174 5826">
     <span class='ocr_line' id='line_1_116' title="bbox 2043 5789 2174 5826; baseline -0.008 0"><span class='ocrx_word' id='word_1_832' title='bbox 2043 5789 2174 5826; x_wconf 89' lang='lat' dir='ltr'><strong>nua.</strong></span> 
     </span>
    </p>
   </div>
   <div class='ocr_carea' id='block_1_117' title="bbox 366 5858 3618 5938">
    <p class='ocr_par' dir='ltr' id='par_1_117' title="bbox 366 5858 3618 5938">
     <span class='ocr_line' id='line_1_117' title="bbox 366 5858 3618 5938; baseline -0.003 -17"><span class='ocrx_word' id='word_1_833' title='bbox 366 5868 540 5921; x_wconf 77' lang='grc' dir='ltr'>εἱπεῖν</span> <span class='ocrx_word' id='word_1_834' title='bbox 588 5864 922 5936; x_wconf 80' lang='grc' dir='ltr'>ἀποχρώσης</span> <span class='ocrx_word' id='word_1_835' title='bbox 980 5869 1123 5937; x_wconf 66' lang='grc' dir='ltr'>ἐμοὶ,</span> <span class='ocrx_word' id='word_1_836' title='bbox 1185 5869 1277 5921; x_wconf 76' lang='grc' dir='ltr'>καὶ</span> <span class='ocrx_word' id='word_1_837' title='bbox 1309 5867 1487 5938; x_wconf 68' lang='grc' dir='ltr'>ῥᾷστά</span> <span class='ocrx_word' id='word_1_838' title='bbox 1530 5884 1596 5937; x_wconf 76' lang='grc' dir='ltr'>με</span> <span class='ocrx_word' id='word_1_839' title='bbox 1666 5865 1965 5935; x_wconf 79' lang='grc' dir='ltr'>πειθούσης</span> <span class='ocrx_word' id='word_1_840' title='bbox 2004 5865 2213 5935; x_wconf 79' lang='grc' dir='ltr'>ἔρωτας</span> <span class='ocrx_word' id='word_1_841' title='bbox 2274 5864 2492 5936; x_wconf 79' lang='grc' dir='ltr'>ἐρώτων</span> <span class='ocrx_word' id='word_1_842' title='bbox 2561 5864 2941 5928; x_wconf 67' lang='grc' dir='ltr'>ἀλλάττεσθαι,</span> <span class='ocrx_word' id='word_1_843' title='bbox 2984 5863 3129 5917; x_wconf 85' lang='grc' dir='ltr'>δυοῖν</span> <span class='ocrx_word' id='word_1_844' title='bbox 3174 5863 3439 5935; x_wconf 74' lang='grc' dir='ltr'>ὁποτέρου</span> <span class='ocrx_word' id='word_1_845' title='bbox 3485 5858 3618 5930; x_wconf 69' lang='grc' dir='ltr'>β’νύ·</span> 
     </span>
    </p>
   </div>
   <div class='ocr_carea' id='block_1_118' title="bbox 477 5960 943 6031">
    <p class='ocr_par' dir='ltr' id='par_1_118' title="bbox 477 5960 943 6031">
     <span class='ocr_line' id='line_1_118' title="bbox 477 5960 943 6031; baseline -0.004 -14"><span class='ocrx_word' id='word_1_846' title='bbox 477 5962 493 5992; x_wconf 83' lang='lat'><strong>‘</strong></span> <span class='ocrx_word' id='word_1_847' title='bbox 530 5960 733 6031; x_wconf 76' lang='lat' dir='ltr'><strong>Ephcs.</strong></span> <span class='ocrx_word' id='word_1_848' title='bbox 760 5976 830 6027; x_wconf 84' lang='lat' dir='ltr'>vt,</span> <span class='ocrx_word' id='word_1_849' title='bbox 858 5961 943 6016; x_wconf 80' lang='lat' dir='ltr'>i‘J.</span> 
     </span>
    </p>
   </div>
  </div>
