4070 6326
501 360 604 428 12⁸1

1699 367 2117 430 NICEPHORI
2151 371 2535 438 GREGORZE

3639 377 3742 446 ηδ

497 475 644 531 λοιτό
671 492 756 542 τις
781 476 969 544 ἕνεκα,
999 476 1104 531 εἴθ’
1135 476 1221 532 ὅτι
1251 477 1504 550 γέννημα
1567 477 1644 532 ὣν
1701 479 1732 533 ό
1788 479 1948 550 λόγος
1975 479 2248 539 ἀθάνατον
2289 484 2562 542 ἀθανάτου
2623 485 2716 541 νοῦ
2774 483 3159 558 μονιμωτέρας
3213 488 3282 558 τῇ
3346 489 3456 561 τῶν
3501 494 3752 566 epam

495 570 635 641 ἀκοῇ
693 573 993 642 παρέχεται
1071 575 1166 628 καὶ
1222 574 1407 644 ήδίους
1457 575 1557 638 τὰς
1606 573 1718 630 τῶν
1768 574 2066 645 ἐρωμένων
2105 579 2470 648 ἐπαγγελίας,
2523 581 2628 635 εἶθ’
2671 582 2756 636 ὅτι
2801 584 2898 638 καὶ
2944 581 3034 635 διὰ
3090 582 3183 635 τὸν
3231 585 3324 637 σ⁵ιν
3387 587 3550 642 πόθον
3619 600 3752 659 περι

493 665 742 729 πλείονος
771 665 984 719 καὶτοῦ
1021 667 1225 730 παντὸς
1251 665 1351 736 τὴν
1413 665 1516 736 σήν
1565 666 1790 736 ἐφίεμαι
1829 667 2106 723 ποιεῖσθαι
2141 669 2385 742 ὁμιλίαν.
2429 674 2590 728 Ἀλλά
2615 674 2823 729 τούτων
2859 675 2957 743 μὲν
2985 675 3128 742 am,
3161 669 3207 730 ὦ
3237 676 3486 744 βέλτιστε
3537 681 3747 749 Ἀγαθ-

494 760 700 828 άγγελε
749 775 764 791 ·
801 758 868 810 σὺ
897 757 956 810 δὲ
994 757 1098 829 τῆς
1119 757 1494 828 προκειμένης
1523 757 1651 828 ιχου
1683 757 2024 828 προθέσεως.

567 847 708 905 XVI.
758 846 1026 930 Equidem
1057 846 1203 903 unde
1233 847 1429 903 deﬂexi
1453 848 1565 917 jam
1610 856 1882 905 revertar.
1917 847 2055 903 Satis

2242 849 2359 918 ις’.
2391 853 2500 908 Καὶ
2530 853 2596 924 δὴ
2653 854 2842 910 λοιπὸν
2877 855 3172 910 ἐπανιτέον
3222 857 3426 912 ἐκεῖσε.
3467 854 3661 928 Οἶσθα,
3702 856 3750 916 ὧ

497 937 598 992 tibi
625 946 815 994 notum
847 945 952 1002 est,
985 936 1068 992 vir
1089 938 1320 1006 optime,
1361 939 1557 994 eodem
1592 937 1684 992 die
1711 954 1822 1008 quo
1849 937 2071 994 turbida

493 1028 586 1082 illa
607 1038 661 1083 et
683 1029 737 1083 in
779 1037 1012 1084 vestram
1031 1029 1239 1085 cladem
1255 1044 1286 1084 α
1303 1029 1752 1100 persecutoribus
1773 1031 2072 1086 constituta

491 1120 731 1190 synodus
763 1119 988 1176 dimissa
1016 1134 1050 1176 e
1081 1129 1124 1187 t,
1146 1137 1178 1177 θ
1211 1121 1602 1178 Thessalonica
1626 1123 2071 1180 Cantacuzenum

492 1223 676 1280 regem
725 1211 952 1267 nuntios
1007 1211 1378 1278 tristissimos.
1430 1212 1636 1283 quique
1693 1227 1790 1283 per
1819 1213 1961 1269 dura
2011 1219 2070 1266 ut

491 1301 686 1357 dicunt
731 1318 857 1358 ossa
913 1312 1153 1372 currant.
1188 1304 1490 1375 accepisse,
1547 1313 1804 1374 tanquam
1845 1288 2072 1374 pratmia

489 1393 789 1449 certamine
825 1394 917 1448 illo
947 1394 1110 1462 digna
1143 1411 1174 1449 α
1230 1395 1344 1451 Deo
1382 1396 1567 1466 judice
1611 1395 1742 1451 data
1770 1395 2070 1465 opprobrio

491 1485 748 1552 nequitias
767 1493 823 1538 et
841 1485 1212 1554 impudentiae.
1246 1487 1392 1542 Deus
1405 1486 1556 1542 enim
1583 1487 1698 1542 inec
1715 1495 1924 1542 tantum
1955 1502 2066 1542 non

491 1573 640 1626 clare
667 1572 827 1653 148
853 1573 1151 1629 declaravit
1172 1615 1185 1638 ,
1214 1583 1271 1630 et
1297 1585 1483 1645 aptum
1507 1576 1894 1632 documentum
1917 1576 2070 1632 dedit

491 1676 602 1729 quo
631 1660 801 1716 animi
848 1673 1313 1719 converterentur
1369 1665 1438 1719 ad
1489 1674 1707 1721 sanctas
1748 1667 1895 1735 leges
1943 1664 2068 1720 illas

489 1755 739 1819 violatas,
789 1765 850 1810 et
873 1756 952 1810 sic
985 1755 1217 1810 fortasse
1242 1756 1583 1827 poenitentia:
1608 1767 1798 1827 portas
1828 1756 2062 1826 aperuit.

489 1847 694 1901 Dicunt
724 1848 870 1901 onim
912 1848 1276 1918 Palaaolngum
1329 1864 1454 1902 cum
1517 1849 1706 1903 uxoris
1746 1849 1974 1903 fratrum
2006 1858 2065 1904 et

487 1938 667 1992 soceri
719 1939 951 1994 insidias
983 1953 1287 2008 certumque
1321 1940 1630 1995 animorum
1677 1940 2062 1996 commutatio-

487 2018 612 2082 nem
645 2041 980 2100 versutaque
1031 2030 1263 2085 consilia
1310 2029 1624 2100 suSpicatus
1651 2038 1818 2096 esset,
1855 2045 2063 2086 memo-

487 2122 624 2187 riam
654 2121 760 2176 sibi
790 2122 1050 2177 similium
1084 2121 1404 2177 insidiarum
1439 2121 1655 2185 fecisse.
1678 2137 1800 2192 quae
1832 2121 2057 2192 quidem

2173 940 2434 1014 βελτίστη
2489 962 2582 1011 μοι
2637 947 2873 1017 κεφαλὴ,
2927 947 3075 1009 ὅπως
3131 949 3272 1017 μετά
3321 950 3424 1018 τὴν
3460 953 3748 1024 μοχθηρὰν

2169 1030 2387 1102 ἐκείνην
2409 1034 2503 1088 καὶ
2529 1037 2718 1099 κακῶς
2745 1037 2857 1099 τοῖς
2888 1035 3154 1098 διώκταις
3180 1037 3595 1107 σχεδιασθεῖσαν
3621 1044 3746 1097 καθ’

2169 1124 2325 1196 ὑμῶν
2356 1128 2622 1201 λῃστικήν
2654 1129 2876 1200 ἐκείνην
2912 1128 3134 1184 σύνοδον
3167 1124 3302 1201 ἧκον
3330 1132 3652 1203 αὐθημερὸν
3681 1137 3769 1190 ἐκ

2169 1216 2578 1289 Θεσσαλονίκης
2633 1222 2892 1290 ἀγγελίαι
2927 1221 3006 1292 τῷ
3058 1221 3271 1292 βασιλεῖ
3299 1225 3747 1294 Καντακουζηνῷ

2172 1311 2314 1364 πάνυ
2367 1327 2420 1366 τι
2467 1313 2676 1384 σφόδρα
2725 1314 2922 1380 δειναὶ,
2972 1316 3071 1370 καὶ
3102 1315 3290 1369 αὐτῶν
3318 1315 3396 1379 ὡς
3427 1317 3606 1369 εἰπεῖν
3634 1319 3745 1371 τῶν

2166 1403 2269 1471 τῆς
2297 1403 2474 1474 ψυχῆς
2503 1405 2809 1474 ἁπτόμεναι
2840 1407 3078 1475 μυελῶν,
3125 1407 3382 1477 καθάπερ
3408 1406 3622 1460 ἔπαθλα
3645 1409 3743 1462 τοῦ

2166 1490 2380 1558 ἀγῶνος
2404 1491 2615 1545 ἐκείνου
2653 1493 2966 1566 κατάλληλα
2988 1493 3082 1548 τοῦ
3111 1491 3403 1548 ἀθλοθέτου
3420 1494 3558 1548 Θεοῦ
3575 1512 3746 1567 προσ-

2166 1577 2476 1642 δεικνύντος
2524 1581 2663 1651 πρὸς
2711 1581 2938 1652 ἔλεγχον
2969 1581 3070 1652 τῆς
3097 1581 3294 1646 κακίας
3341 1584 3434 1636 καὶ⁸
3463 1582 3745 1649 ἀναιδείας

2166 1667 2764 1738 ἐκείνης,διδάσκοντος
2789 1672 2951 1742 μόνον
2974 1674 3036 1726 ού
3061 1673 3362 1745 διαρρήδην
3389 1675 3484 1728 καὶ
3507 1676 3744 1747 μετρίαν

2165 1762 2370 1832 ταύτην
2398 1764 2538 1818 κατά
2567 1764 2730 1826 πόδας
2753 1765 2994 1820 ἐνταῦθα
3035 1766 3287 1820 παιδείαν
3331 1767 3630 1836 ἐπάγοντος
3658 1771 3743 1834 είς

2165 1849 2502 1920 ἐπιστροφὴν
2537 1851 2648 1904 τῶν
2701 1852 2817 1904 ἐκεῖ
2850 1852 3376 1922 παρανομηθέντων,
3414 1855 3509 1906 καὶ
3562 1854 3740 1918 πύλας

2163 1942 2362 1996 οὑτωσί
2391 1960 2505 2004 πως
2543 1941 2849 2010 ἀνοίγοντος
2873 1945 3182 2013 μετανοίας.
3211 1945 3348 1998 Φασὶ
3379 1946 3487 2017 γὰρ
3507 1947 3599 2000 τδν
3624 1949 3738 2000 Πα-

2161 2033 2459 2101 λαιολόγον,
2491 2034 2565 2097 ὡς
2605 2035 2998 2088 ὑποπτεύσειεν
3052 2037 3347 2108 ἐπιϐουλὴν
3387 2038 3512 2092 καθ’
3539 2039 3741 2093 ἑαυτοῦ

2162 2124 2435 2192 aphrth
2469 2126 2916 2194 γυναικαδέλφων
2945 2126 3040 2179 καὶ
3063 2126 3157 2179 τοῦ
3186 2127 3448 2199 πενθεροῦ
3475 2131 3566 2182 καὶ
3591 2129 3735 2198 γνὼ-

488 2223 548 2267 ut
587 2214 694 2267 alia
735 2215 906 2268 multa
938 2213 1218 2284 principes
1246 2223 1474 2284 repente
1501 2229 1564 2269 ac
1595 2191 2055 2285 graviterioppri-

2162 2191 2270 2286 μης
2301 2191 2524 2270 ἐκείνων
2562 2191 2850 2270 ἀλλοίωσιν
2890 2220 2982 2270 καὶ
3020 2209 3242 2287 τροπὴν
3279 2191 3614 2288 πολλαχόθεν
3635 2238 3738 2273 πο-

488 2315 641 2359 mant
692 2319 911 2374 unaque
959 2305 1100 2358 alios
1148 2304 1352 2359 multos
1399 2305 1494 2373 qui
1527 2307 1592 2359 ad
1639 2320 1820 2360 rerum
1854 2314 2055 2360 statum

484 2411 734 2466 novaque
765 2396 994 2450 consilia
1028 2411 1136 2450 non
1165 2396 1458 2464 perattenti
1506 2395 1734 2462 iuerint,
1765 2395 1834 2450 ad
1862 2397 2042 2451 labem

487 2488 828 2557 multamque
858 2487 1060 2542 caedem
1093 2486 1390 2542 adducant.
1441 2487 1632 2557 Itaque
1678 2489 1922 2542 animum
1964 2489 2058 2544 ille

483 2580 662 2633 erexit
695 2587 751 2632 et
781 2578 848 2633 ad
877 2579 1031 2649 regni
1070 2585 1281 2648 partem
1331 2592 1454 2648 quae
1500 2579 1589 2633 sui
1641 2579 1864 2648 prepria
1911 2590 2058 2635 esset

485 2670 749 2735 advertit,
776 2669 941 2725 etiam
976 2670 1252 2740 quomodo
1274 2671 1440 2725 vitam
1467 2683 1718 2724 securam
1753 2678 1809 2726 et
1834 2670 1901 2726 ab
1932 2685 2055 2724 om-

487 2763 649 2816 nibus
705 2761 920 2817 insidiis
959 2770 1130 2816 tutam
1185 2761 1382 2831 degere
1421 2770 1608 2831 posset
1639 2764 1824 2817 animo
1865 2777 2054 2818 secum

484 2852 779 2922 reputavit.
811 2852 948 2908 Nam
987 2852 1186 2907 melius
1222 2866 1343 2909 esse
1374 2852 1516 2906 dixit
1557 2852 1612 2906 in
1658 2861 1907 2920 tempore
1941 2867 2057 2906 ma—

483 2947 566 3000 ris
601 2953 767 3000 aestus
796 2944 1038 3013 eﬁugere
1061 2958 1226 3013 quam
1267 2942 1437 2997 nimia
1483 2958 1608 2998 cum
1651 2943 1821 2997 animi
1852 2942 2054 2998 ﬁducia

483 3034 750 3088 ﬂuctuum
787 3033 996 3102 impetu
1019 3032 1219 3102 abripi.
1280 3032 1440 3088 Brevi
1477 3040 1728 3103 tempore
1763 3033 2055 3105 interjecto

482 3140 608 3180 cum
645 3123 846 3179 Serviaa
873 3122 1058 3178 Crales
1092 3123 1142 3178 ei
1178 3138 1392 3179 summa
1423 3124 1672 3195 pericula
1699 3125 2055 3181 minitaretur

484 3215 592 3270 nisi
625 3214 766 3269 facta
791 3213 1054 3270 aﬁinitate
1083 3213 1382 3269 amicitiam
1413 3228 1568 3270 suam
1601 3215 1770 3270 iniret
1821 3231 1928 3285 qua
1965 3217 2054 3270 iu-

479 3309 637 3363 sidiae
678 3321 870 3362 omnes
921 3305 1082 3361 facile
1131 3305 1358 3375 reprimi
1413 3315 1671 3376 possent,
1717 3305 2055 3378 Palteologus

483 3400 611 3454 huic
641 3397 800 3452 ﬁdem
830 3396 1002 3459 dedit,
1037 3409 1160 3450 sero
1193 3403 1374 3450 tamen
1413 3395 1487 3448 ita
1533 3405 1592 3449 ut
1640 3394 1786 3449 haud
1819 3395 2052 3450 multum

479 3491 696 3545 abesset
725 3487 856 3558 quin
879 3487 1062 3556 pactio
1094 3485 1483 3542 conﬁceretur.
1530 3485 1609 3539 Ex
1635 3501 1743 3556 qua
1775 3488 2048 3542 constitu-
2073 3515 2120 3580 α

479 3591 596 3636 tum
624 3587 762 3645 erat,
791 3587 852 3633 ut
879 3575 1214 3646 Palaeologus
1241 3574 1286 3628 si
1303 3574 1465 3629 facile
1496 3573 1610 3629 ﬁeri
1636 3584 1819 3644 posset
1844 3574 2048 3630 Helena

477 3688 577 3727 sua
631 3685 802 3726 uxore
847 3682 970 3739 quae
1021 3682 1088 3722 ex
1121 3665 1506 3725 _iuimicorum
1565 3680 1770 3734 genere
1815 3666 2051 3724 oriunda

481 3764 640 3836 149
665 3770 812 3818 esset
840 3761 963 3815 data
997 3757 1189 3816 obside
1217 3797 1232 3823 ,
1269 3756 1444 3813 Cralis
1481 3759 1670 3814 uxoris
1710 3774 1961 3814 sororem
1994 3761 2050 3815 in

476 3854 884 3911 matrimonium
905 3853 1148 3916 duceret,
1169 3849 1430 3920 virginem
1454 3859 1610 3905 aetate
1631 3849 1875 3905 nondum
1893 3850 2051 3905 adul-

474 3961 582 4004 tam
610 3957 664 4003 et
693 3947 965 4017 Mysorum
997 3945 1153 3999 ducis
1179 3942 1472 3997 Alexandri
1511 3943 1704 3996 ﬁliam.
1768 3944 1894 3998 Haec
1925 3959 2052 3998 cum

472 4042 772 4110 accepisset
805 4054 901 4094 rex
932 4037 1366 4098 Cantacuzenus,
1401 4042 1595 4098 morte,
1625 4044 1684 4088 ut
1717 4033 1790 4088 ita
1847 4035 2048 4100 dicam,

473 4133 783 4186 acerbiores
812 4143 960 4183 curae
995 4126 1240 4179 animum
1278 4125 1398 4195 ejus
1448 4123 1796 4177 invaserunt.
1848 4125 2054 4180 Palaeo-

469 4226 575 4292 logi
607 4231 835 4276 matrem
870 4220 1087 4273 Annam
1135 4216 1229 4268 illo
1283 4223 1533 4283 tempore
1571 4213 1820 4284 Byzantii
1860 4229 2051 4271 custo-

470 4317 637 4370 ditam
672 4312 900 4368 accersit
949 4316 1006 4364 et
1048 4321 1175 4362 cum
1216 4306 1318 4360 bac
1361 4305 1718 4376 llodegorum
1775 4318 2054 4366 monaste-

467 4406 607 4460 rium
635 4403 769 4458 adit.
802 4402 903 4456 llic
931 4406 1059 4453 ante
1089 4404 1296 4453 sancta:
1335 4395 1524 4451 Matris
1552 4397 1911 4454 simulacrum
1943 4399 2054 4454 illi-

466 4511 532 4550 co
580 4511 638 4550 se
685 4493 834 4548 illius
890 4490 998 4544 lilio
1038 4503 1250 4557 suoque
1286 4503 1492 4556 genero
1549 4499 1805 4545 cunctam
1859 4505 2046 4545 rerum

465 4582 1000 4641 administrationem
1052 4577 1384 4633 tradituram
1439 4593 1562 4633 esse
1627 4581 1954 4649 pollicetur,
1999 4580 2049 4636 si

463 4677 638 4734 Cralis
671 4683 888 4744 pactum
921 4670 1013 4724 ille
1045 4668 1284 4724 solveret
1333 4677 1390 4724 et
1424 4668 1756 4738 Byzantium
1807 4680 2054 4727 reverte-

466 4777 617 4822 retur
648 4765 718 4820 ad
751 4777 972 4816 uxorem
1013 4759 1335 4830 legitimam.
1387 4758 1622 4820 Sibimet
1661 4762 1761 4830 ipsi
1789 4779 1918 4817 vero
1952 4765 2053 4818 bo-

2157 2307 2453 2378 λύτροπον,
2489 2309 2802 2377 ἀνενεγκεῖν
2827 2325 2887 2360 τε
2917 2308 3080 2370 εὐθὺς
3116 2309 3250 2378 πρὸς
3277 2310 3497 2378 ὁμοίους
3533 2311 3732 2379 φόϐους

2155 2400 2255 2468 τὴν
2287 2399 2512 2468 μνήμην
2536 2398 2739 2468 ὁμοίων
2761 2397 3089 2463 ἐπιϐουλῶν,
3110 2398 3165 2450 αἶ
3197 2402 3318 2461 ταῖς
3340 2401 3537 2469 ἀρχαῖς
3561 2402 3736 2471 ἀπρο-

2156 2487 2336 2548 όπτως
2361 2485 2436 2546 ὡς
2465 2486 2534 2537 τὰ
2567 2486 2741 2539 πολλά
2773 2487 2868 2539 καὶ
2913 2486 3266 2556 πολυτρόπως
3327 2488 3734 2558 ἐνσκήπτουσαι

2157 2574 2380 2644 κηλῖδας
2427 2575 2522 2634 καὶ
2553 2575 2724 2644 κῆρας
2750 2573 2997 2644 αἱμάτων
3040 2574 3133 2626 καὶ
3167 2574 3341 2642 φόνων
3375 2575 3578 2644 μεστὰς
3612 2575 3732 2628 ἐπι-

2157 2668 2383 2736 φέρουσι
2434 2669 2549 2729 τοῖς
2577 2666 2652 2736 μὴ
2683 2665 2824 2718 πάνυ
2864 2665 3156 2736 προσέχειν
3192 2666 3440 2720 ἐθέλουσι
3473 2669 3596 2730 ταῖς
3629 2685 3730 2722 πο-

2156 2758 2447 2828 λυτρόποις
2503 2759 2696 2827 τύχαις
2767 2760 2866 2812 καὶ
2921 2757 3170 2828 γνώμαις
3225 2757 3336 2811 τῶν
3402 2757 3729 2830 ἀνθρώπων.

2157 2849 2322 2903 Ὅθεν
2351 2849 2605 2918 διανέστη
2630 2867 2688 2902 τε
2718 2851 2813 2903 καὶ
2845 2849 2944 2919 τὴν
2976 2849 3202 2919 γνώμην
3231 2847 3392 2913 εὐθὺς
3442 2848 3536 2903 ἐπὶ
3562 2850 3729 2922 ζήτη-

2157 2954 2243 2990 σιν
2274 2938 2509 3008 ἠκόνησε
2575 2937 2668 2991 τοῦ
2726 2939 3100 3008 προσήκοντος
3150 2937 3355 2992 ἄνωθεν
3395 2937 3597 3009 κλήρου
3627 2941 3731 3012 τῆς

2155 3027 2435 3098 βασιλείας
2497 3029 2592 3081 καὶ
2622 3030 2714 3082 τοῦ
2743 3046 2806 3097 γε
2846 3029 2994 3100 βιοῦν
3048 3031 3366 3102 ἀδεέστερον
3397 3029 3657 3086 δύνασθαι
3692 3034 3729 3106 ἢ

2154 3116 2280 3170 καθ’
2326 3117 2390 3180 ἀς
2463 3119 2809 3189 μηχανᾶσθαι
2870 3119 3106 3173 δύναιντ’
3159 3119 3222 3174 ἄν
3291 3137 3440 3184 τινες
3507 3121 3732 3174 ἐπιϐου-

2154 3208 2286 3272 λάς·
2323 3210 2528 3280 βέλτιον
2575 3211 2682 3280 γὰρ
2725 3211 2936 3280 ἔφημεν
2961 3205 3098 3264 εἶναι
3147 3209 3420 3283 θαλάσσης
3467 3213 3732 3282 ἐπιούσης

2156 3299 2218 3372 [ί.
2248 3301 2338 3356 151
2368 3300 2424 3373 α]
2461 3303 2517 3354 ἐν
2557 3301 2634 3371 τῷ
2669 3303 2898 3370 παρόντι
2931 3303 3102 3371 φορὰν
3131 3303 3432 3373 ἐκκλῖναιῆ
3478 3303 3733 3375 meum.

2157 3410 2326 3446 σαντα
2367 3394 2787 3464 συναπαχθῆναι
2832 3397 2896 3465 τῇ
2940 3393 3030 3464 βία
3066 3393 3157 3447 τοῦ
3203 3396 3493 3465 ῥεύματος.
3519 3398 3731 3466 Χρόνον

2154 3481 2246 3538 οὖν
2277 3503 2396 3537 τινα
2423 3485 2500 3556 τῷ
2539 3486 2728 3556 Κράλῃ
2767 3485 3000 3552 Σερὸίας
3034 3485 3400 3556 ἐπιτιθεμένῳ
3438 3489 3532 3540 καὶ
3565 3489 3729 3544 ἀπειο

2152 3577 2330 3631 λοῦντι
2359 3577 2654 3648 μεγίστους
2683 3578 2831 3647 αὐτῷ
2862 3578 3212 3648 περιστήσειν
3236 3578 3539 3645 κινδύνους,
3573 3583 3620 3635 εί
3648 3584 3728 3653 μὴ

2153 3668 2352 3738 κήδους
2386 3669 2549 3723 ’ἑνεκα
2572 3669 2708 3739 πρὸς
2745 3671 2982 3738 συγγενῆ
3016 3669 3199 3739 φιλίαν
3234 3671 3386 3740 αὐτῷ
3420 3673 3725 3745 συναφθείη

2153 3763 2429 3831 κρατίστῳ
2460 3762 2551 3814 καὶ
2586 3762 2719 3833 πρὸς
2751 3763 2848 3824 τὰς
2877 3763 3303 3832 περιεστηκυίας
3333 3763 3482 3833 αὐτῷ
3515 3783 3729 3834 συμφοα

2158 3849 2256 3922 ρας
2288 3849 2530 3918 ἐσομένῳ
2556 3850 2853 3918 συμμάχῳ,
2881 3850 3088 3916 πέμπει
3111 3849 3291 3913 δεξιὰν
3319 3851 3416 3919 ὀψὲ
3447 3853 3540 3905 καὶ
3566 3854 3725 3922 μόλις

2153 3937 2252 4008 ήδη
2283 3937 2370 3990 διὰ
2403 3936 2581 4000 ταυτὶ,
2644 3937 2738 3994 καὶ
2794 3935 3059 4006 κυροῦται
3087 3938 3223 4007 πρὸς
3249 3940 3453 4006 ἀμφοῖν
3479 3939 3638 3994 δόντα
3673 3947 3725 3997 οἱ

2154 4029 2242 4082 τὸν
2278 4027 2663 4095 Παλαιολόγον,
2697 4029 2742 4079 εί
2771 4027 2963 4098 ’ῥᾴδιον
3010 4027 3116 4095 εἴη,
3159 4029 3344 4100 ὅμηρα
3375 4030 3474 4101 τὴν
3523 4033 3722 4086 ἑαυτοῦ

2153 4122 2388 4190 γυναῖκα
2438 4121 2656 4189 Ἑλένην
2715 4118 2801 4172 διὰ
2827 4119 2923 4182 τὰς
2955 4121 3017 4171 ἐκ
3051 4122 3238 4186 γένους
3271 4122 3474 4193 ταύτης
3500 4125 3726 4179 ἐπιδου-

2154 4213 2271 4280 λὰς,
2304 4212 2606 4282 ἀγαχέσθαι
2637 4211 2733 4282 τὴν
2771 4212 2863 4264 τοῦ
2887 4212 3076 4282 Κράλη
3108 4214 3562 4286 γυναεκαδέλφην,
3594 4218 3725 4273 νέαν

2154 4321 2213 4357 τε
2248 4300 2414 4357 οὖσαν
2461 4302 2540 4357 έτι
2572 4304 2833 4372 κάκείνην
2889 4304 2987 4356 καὶ
3026 4303 3143 4372 ἅμα
3196 4305 3434 4375 ἀδελφὴν
3483 4306 3581 4359 τοῦ
3613 4307 3726 4362 τῶν

2154 4397 2358 4452 Μυσῶν
2407 4397 2678 4467 ἡγεμόνος
2728 4395 3102 4466 ’Λλεξάνδρου.
3151 4395 3333 4449 Ταῦτα
3371 4397 3450 4466 τῷ
3505 4401 3726 4454 Καντα-

2157 4488 2404 4558 κουζηνῷ
2446 4487 2673 4558 μαθόντι
2705 4485 2780 4556 τῷ
2813 4485 3024 4555 βασιλεῖ
3078 4484 3312 4539 θανάτου
3343 4489 3510 4556 φάναι
3542 4492 3726 4563 πολλῷ

2157 4581 2517 4650 πικροτέρους
2539 4579 2751 4648 καθῆκε
2785 4576 2988 4646 φόϐους
3007 4579 3118 4639 τοῖς
3141 4577 3424 4648 λογισμοῖς
3451 4597 3464 4609 ο
3489 4581 3590 4634 καὶ
3619 4601 3730 4635 πα-

2159 4671 2411 4744 ραλαϐὼν
2470 4672 2668 4726 Ἀνναν
2720 4671 2818 4742 τὴν
2848 4673 3060 4724 ἐκείνου
3090 4673 3326 4742 μητέρα,
3375 4676 3728 4746 τηρουμένην

2157 4765 2294 4827 τέως
2323 4766 2378 4817 ἐν
2406 4763 2704 4832 Βυζαντίῳ,
2738 4764 2816 4826 είς
2844 4763 2942 4832 τὴν
2969 4762 3077 4816 τῶν
3102 4764 3311 4834 ὁδηγῶν
3332 4767 3497 4836 ἀπῄει
3534 4770 3723 4838 μονὴν,

466 4873 587 4912 rum
612 4855 937 4909 alterutrum
968 4850 1207 4920 expetit:
1236 4857 1332 4904 aut
1359 4857 1420 4904 ut
1454 4849 1698 4920 Byzantii
1735 4867 1859 4907 cum
1895 4854 2041 4910 victu

2157 4857 2310 4909 κάκεῖ
2338 4858 2434 4925 τῆς
2463 4855 2611 4916 θείας
2644 4855 2848 4917 εἰκόνος
2878 4854 3190 4924 ἔμπροσθεν
3223 4855 3422 4908 αὐτίκα
3456 4857 3602 4923 μάλα
3627 4860 3730 4910 δὼ-

463 4959 520 5004 et
557 4949 710 5004 cultu
760 4945 910 5015 regio
935 4953 1150 4999 aetatem
1181 4956 1345 5012 agere
1385 4952 1442 4998 et
1486 4959 1663 5012 usque
1709 4947 1779 4999 ad
1828 4945 2044 5018 Selym-

464 5043 635 5097 briam
671 5056 737 5095 ex
784 5039 971 5110 generi
1008 5049 1282 5092 consensu
1333 5049 1424 5090 res
1478 5035 1895 5103 administrare,
1946 5046 2044 5092 aut

463 5134 606 5203 quod
641 5132 914 5202 reliquum
946 5129 1021 5186 sit
1046 5130 1166 5183 vita:
1189 5126 1335 5181 domi
1369 5126 1426 5182 in
1457 5128 1569 5182 otio
1600 5129 1864 5198 acquiete
1885 5145 2044 5200 agere

465 5227 569 5281 sibi
594 5223 953 5280 concedatur.
1015 5221 1279 5291 llancque
1324 5236 1478 5275 suam
1530 5221 1864 5276 sententiam
1894 5222 2045 5289 jure-

458 5317 694 5387 jurando
722 5316 1036 5372 ﬁrmissimo
1069 5325 1126 5371 et
1173 5327 1313 5372 teste
1357 5313 1652 5370 verissimo
1685 5313 2040 5367 sanctissima

465 5410 559 5464 Dei
601 5417 773 5464 matre
803 5410 1069 5464 sancitam
1122 5409 1328 5464 litteris
1379 5405 1599 5461 mandat
1644 5411 1699 5460 et
1729 5405 1897 5460 Annae
1935 5414 2044 5460 tra-

464 5499 566 5556 dit.
635 5502 762 5556 Ηεεο
791 5511 974 5556 autem
1029 5501 1177 5556 omni
1225 5499 1541 5570 suspicione
1582 5497 1795 5568 abjecla
1828 5497 2043 5551 litteras

465 5606 586 5646 cum
634 5592 1000 5663 jurejurando
1052 5592 1146 5647 illo
1199 5591 1414 5660 accepit
1463 5599 1522 5644 et
1575 5604 1740 5658 quam
1786 5589 2044 5642 ocissime

469 5682 746 5752 navigavit
780 5684 1253 5740 Thessalonicam.
1311 5682 1412 5738 Ubi
1447 5697 1572 5736 cum
1610 5679 1720 5731 lilio
1751 5691 1873 5744 qum
1905 5677 2040 5731 satis

465 5785 626 5830 erant
679 5778 1042 5846 expesuissct,
1068 5785 1123 5831 ct
1164 5772 1540 5828 ﬁanissimum
1588 5767 1721 5825 illud
1749 5767 2030 5837 jusjuran-

2152 4963 2265 5000 σειν
2296 4948 2638 5016 ὑπισχνεῖται
2704 4947 2780 5015 τῷ
2832 4946 3039 5014 ταύτης
3095 4945 3195 5015 μὲν
3231 4946 3352 5016 υῗῷ,
3396 4947 3634 5018 γαμϐρῷ
3669 4951 3728 5001 δέ

2151 5036 2340 5101 αὐτοῦ,
2367 5037 2457 5090 τὸν
2485 5035 2701 5090 ἅπαντα
2753 5037 2955 5105 κλῆρον
2986 5035 3083 5106 τῆς
3131 5035 3431 5107 βασιλείας,
3465 5039 3729 5108 ἀφεμὲνῳ

2155 5131 2252 5200 μὲν
2273 5130 2373 5194 τὰς
2396 5129 2490 5182 τοῦ
2522 5128 2714 5200 Κρὰλη
2769 5129 3043 5200 συνθήκας
3079 5131 3314 5193 ἐκείνας,
3368 5131 3654 5199 ἐληλυθότι
3681 5134 3726 5185 δ’

2150 5220 2206 5282 ἐς
2241 5219 2534 5283 Βυζάντιον
2563 5217 2722 5282 εὐθὺς
2760 5220 2910 5288 παρὰ
2939 5218 3037 5289 τὴν
3069 5221 3301 5290 νόμιμον
3335 5221 3594 5288 σύζυγον,
3631 5225 3726 5276 αὐ-

2149 5312 2238 5373 τὸς
2272 5310 2328 5363 δὲ
2358 5311 2505 5363 δυοῖν
2551 5311 2802 5382 θάτερον.
2834 5310 2866 5380 ἥ
2908 5311 2985 5380 τῷ
3021 5311 3302 5381 Βυζαντίῳ
3351 5313 3439 5364 διὰ
3490 5313 3606 5381 βίου
3635 5317 3727 5366 ἐν·

2150 5403 2446 5471 διατρίϐων
2468 5403 2765 5473 βασιλικως
2795 5404 2887 5456 καὶ
2913 5403 3074 5467 αὐτὸς
3093 5407 3155 5457 τα
3185 5406 3343 5475 μέχρι
3372 5408 3728 5479 Σηλυμϐρίας

2151 5493 2404 5548 ἐντεῦθεν
2431 5493 2655 5546 διοικεῖν
2685 5493 2988 5562 πράγματα
3020 5497 3161 5550 κατά
3193 5497 3419 5568 γνώμην
3450 5500 3545 5553 τοῦ
3574 5519 3725 5572 γαμ-

2151 5583 2309 5655 ὅροῦ,
2367 5583 2400 5654 ἧ
2457 5585 2546 5636 τὸν
2579 5583 2805 5654 ἡσύχιον
2837 5585 3092 5656 ἑλόμενος
3121 5589 3216 5642 καὶ
3245 5590 3578 5660 ἀπράγμονα
3611 5592 3731 5662 βίον

2147 5679 2286 5732 οῐκοι
2315 5677 2610 5745 καθῆσθαι.
2664 5677 2774 5731 Καὶ
2806 5677 2923 5748 ἅμα
2951 5677 3231 5748 ἔγγραφον
3268 5685 3391 5734 ταῖν
3419 5689 3600 5754 χεροῖν
3631 5688 3730 5741 αὖ·

2143 5770 2242 5842 τῆς
2298 5769 2526 5824 ἐνετίθει
2579 5769 2678 5840 τὴν
2729 5771 2955 5841 γνώμην
3009 5773 3471 5842 φρικωδεστάτοις
3535 5779 3725 5852 ὅρκοις
