4070 6326
349 418 457 485 129
1339 415 1783 479 BYZANTINIE
1812 416 2194 480 mss-onus
2219 418 2363 482 Lm.
2388 419 2630 481 xxvn.
3505 423 3614 495 130

343 531 768 605 ἠσφαλισμένην
796 550 855 586 τε
886 532 983 586 καὶ
1011 532 1459 605 ἀπαραλόγιστον
1483 531 1583 604 τὴν
1619 532 1911 603 ὖπέραγνοι

2032 532 2161 587 dum
2228 532 2571 597 tradidisset,
2624 531 2786 590 facile
2843 533 2895 590 ei
2939 542 2999 590 ut
3030 533 3208 593 Graiis
3237 546 3398 610 pacto
3436 541 3613 600 absti-

343 626 670 697 Θεομήτορα
713 625 1180 697 προϐαλλομένοις
1239 624 1537 695 ἐγγυητήν.
1582 624 1647 678 Ἦ
1682 623 1727 678 δ’
1754 624 1911 689 εὐθὺς

2028 635 2210 691 neret,
2241 627 2537 696 persuasit.

344 718 600 772 ἀπιστεῖν
650 719 861 789 οὐδαμῆ
896 718 1095 788 ἔχουσα
1150 718 1219 772 τά
1249 737 1309 772 τε
1342 719 1452 772 τῶν
1512 717 1686 781 οὕτως
1752 719 1987 788 ἑχόντων
2025 721 2320 791 ἐγγράφων
2342 723 2520 793 ὅρκων
2543 722 2723 793 βιϐλία
2752 724 3102 795 εἶλήιρει,καὶ
3123 726 3240 796 ἅμα
3272 726 3372 801 ὅλῃ
3400 730 3608 804 σπουδῇ

342 810 720 863 κατέπλευσεν
782 811 840 873 ἐς
893 810 1319 881 Θεσσαλονίκην,
1380 813 1543 865 κάκεῖ
1577 810 1655 880 τῷ
1709 810 1809 880 υίῷ
1849 810 1920 863 τὰ
1957 810 2142 865 είκότα
2166 812 2480 882 ὼμιληκυῖα
2544 816 2641 868 καὶ
2701 816 2829 879 τοὺς
2855 816 3147 885 φρικώδεις
3169 817 3411 882 ἑκείνους
3432 820 3614 890 ἐμφα-

343 905 547 957 νίσασα
601 904 818 971 ὅρκους,
874 903 984 957 τῶν
1023 904 1118 958 τοῦ
1172 904 1363 975 Κράλη
1413 904 1700 974 συνθηκῶν
1761 902 1961 966 τελέως
2003 904 2340 973 ἀποσχέσθαι
2373 906 2636 960 πέπεικεν
2663 908 2844 968 εὐθύς.

419 1000 519 1054 lZ’.
548 998 766 1051 Τούτων
789 998 834 1051 δ’
862 998 1004 1052 οῦτω
1054 1000 1373 1068 γενομένων
1398 994 1534 1069 ἧκεν
1565 1001 1592 1052 ὁ
1627 997 1911 1051 Παλαιολό-

2026 1052 2032 1057 ,
2100 996 2266 1053 XVII.
2315 997 2411 1053 His
2452 1000 2525 1053 ita
2551 999 2708 1053 factis
2738 998 3075 1069 Palmologus
3100 1001 3326 1071 propius
3350 1001 3613 1070 Didymo-
3645 1020 3653 1025 ·

339 1109 443 1159 γος
475 1093 603 1161 ἄχρι
638 1092 734 1145 καὶ
770 1092 826 1155 ἐς
866 1092 1278 1162 Διδυμότειχον·
1329 1091 1590 1145 κάκεῖθεν
1643 1091 1781 1161 πρὸς
1826 1089 1911 1144 τὸν

2023 1087 2233 1143 tichum
2276 1091 2559 1159 profecrus
2609 1098 2714 1157 est,
2752 1092 2912 1162 150
2942 1103 2997 1146 et
3030 1093 3159 1148 hinc
3195 1108 3320 1148 cum
3376 1094 3611 1164 legatio-

340 1184 609 1255 πενθερὸν
657 1183 1237 1253 διαπρεσϐευσάμενος
1294 1183 1771 1251 Καντακουζηνὸν,
1826 1183 1911 1237 καὶ

2024 1197 2150 1237 nem
2177 1182 2418 1237 misisset
2454 1184 2523 1237 ad
2556 1200 2806 1239 socerum
2838 1185 3313 1252 Cantacuzcnum,
3341 1196 3398 1241 et
3437 1187 3491 1240 in
3523 1186 3612 1257 ju-

338 1277 423 1339 ὡς
454 1276 684 1345 ἐμμένοι
718 1276 908 1347 μαθὼν
945 1279 1056 1339 τοῖς
1079 1277 1521 1347 ὀμωμοσμένοις,
1578 1277 1704 1347 ἥκει
1732 1277 1911 1331 λοιπδν

2022 1275 2319 1346 rejurando
2374 1291 2731 1344 perseverare
2780 1294 2902 1332 eum
2974 1279 3134 1333 enixe
3174 1286 3458 1348 rogasset.
3496 1278 3605 1349 By-

345 1367 448 1418 καὶ
484 1366 646 1428 αὐτὸς
700 1369 758 1430 ὲς
805 1367 1120 1431 Βυζάντιον,
1164 1367 1377 1430 πάντας
1433 1367 1911 1436 ἁπεσκευασμένος

2021 1366 2264 1419 zantium
2295 1381 2353 1422 se
2382 1368 2638 1432 contulit,
2682 1370 2834 1422 omni
2864 1379 3012 1423 metu
3036 1370 3438 1439 acisuspicione
3457 1368 3610 1439 deje-

344 1458 550 1524 φόϐους
580 1457 674 1511 καί
708 1458 948 1528 ὑποψίας
974 1460 1212 1521 ἁπάσας.
1249 1458 1360 1512 Καὶ
1406 1459 1570 1512 πλέον
1601 1458 1632 1528 ἢ
1666 1474 1911 1528 τριακον-

2024 1464 2132 1509 cta.
2201 1457 2308 1513 Sed
2338 1474 2462 1513 cum
2494 1461 2731 1531 amplius
2788 1462 3012 1532 triginta
3062 1462 3261 1517 diebus
3309 1463 3367 1515 in
3428 1463 3607 1517 soceri

343 1547 591 1616 οήμερον
634 1549 698 1617 τῇ
749 1547 847 1599 τοῦ
907 1546 1173 1617 πενθεροῦ
1226 1545 1687 1617 συνδιατετριφὼς
1730 1547 1911 1618 ὁμιλίᾳ

2019 1549 2283 1605 societate
2314 1562 2564 1607 versatus
2591 1563 2758 1621 esset,
2791 1570 2973 1624 neque
3007 1563 3187 1608 tamen
3231 1554 3300 1607 de
3326 1554 3608 1622 promissis

341 1639 466 1707 μετ’
493 1640 716 1708 εἰρήνης
766 1639 1041 1707 κατηφείᾳ
1074 1638 1181 1690 τιινὶ
1216 1640 1569 1708 κεκραμένης
1595 1638 1685 1690 διὰ
1716 1639 1775 1690 τὸ
1806 1639 1911 1693 τῶν

2017 1636 2218 1692 bonam
2253 1656 2405 1709 spem
2438 1657 2636 1711 capere
2688 1646 2989 1713 potuisset,
3024 1644 3469 1714 Didymoticbum
3522 1658 3608 1699 re-

336 1730 694 1800 ὴλπισμένων
720 1731 821 1783 οὐκ
849 1727 1041 1783 εὔελπι
1083 1730 1187 1799 τὴν
1241 1730 1299 1792 ἐς
1346 1729 1727 1800 Διδυμότειχον
1757 1728 1911 1794 αὖθις

2016 1745 2212 1786 versus
2270 1741 2352 1786 est
2405 1750 2514 1788 una
2567 1750 2693 1790 cum
2750 1736 2955 1791 lleleua
2996 1752 3186 1801 uxore,
3220 1752 3341 1805 quae
3379 1751 3503 1790 cum
3536 1751 3605 1791 eo

338 1820 530 1891 ἀπῄει,
563 1822 657 1873 καὶ
688 1820 788 1889 τὴν
814 1819 1048 1887 σύζυγον
1087 1819 1307 1887 Ἑλένην
1361 1817 1479 1888 ἅμα
1534 1820 1683 1888 αὐτῷ
1712 1821 1911 1888 ἐπαγό-

2017 1821 2159 1875 mori
2210 1821 2452 1877 malebat
2504 1840 2667 1894 quam
2716 1841 2842 1880 cum
2894 1828 3220 1895 parentibus
3277 1826 3601 1880 convivere.

342 1929 530 1982 μενος,
563 1913 661 1965 σὺν
712 1912 910 1980 ἐκείνῳ
968 1912 1173 1980 μᾶλλον
1226 1911 1561 1981 αἱρουμένην
1595 1911 1906 1982 θνήσκεινῆ

2016 1906 2141 1962 Ηῑῑϐ
2177 1909 2345 1978 igitur
2379 1912 2453 1964 ita
2479 1928 2537 1966 se
2565 1913 2845 1968 habebant
2871 1932 2885 1970 :
2916 1917 3139 1985 jamque
3170 1927 3386 1984 tempus
3416 1916 3605 1970 aderat

337 2006 456 2066 τοῖς
477 2003 700 2071 γονεῦσι
733 2001 923 2074 συζῇν.
956 2004 1132 2056 Ταυτὶ
1171 2002 1269 2071 μὲν
1297 1998 1393 2056 οὖν
1427 1998 1574 2072 εῖχεν
1614 2002 1779 2067 οὕτω,
1815 2005 1910 2055 καὶ

334 2092 399 2144 τὸ
428 2091 772 2160 φθινόπωρον
795 2092 897 2150 τὰς
930 2090 1024 2144 τοῦ
1066 2088 1374 2159 ἀρκτούρου
1422 2090 1757 2159 προῦφαινεν
1786 2092 1911 2160 ἄρτι

337 2184 616 2246 ἐπιτολάς.
651 2183 869 2254 Βραχίις
896 2185 924 2237 ὁ
943 2183 1154 2252 χρόνος,
1186 2185 1280 2235 καὶ
1304 2182 1459 2245 αὖθις
1485 2183 1615 2252 παρ’
1634 2184 1911 2253 ἑκατέρων

338 2274 628 2343 ἑκατέροις
660 2273 901 2343 λαθραῖα
941 2274 1192 2344 ὲξηχεῖτο
1225 2274 1571 2344 βουλεύματα
1623 2274 1767 2331 πάνυ
1802 2275 1913 2326 τῶν

336 2364 680 2434 δεδογμένων
710 2367 1067 2436 ἀντίστροφα.
1118 2367 1230 2419 Καὶ
1266 2366 1455 2418 ἄπεισι
1511 2365 1611 2435 τὴν
1649 2366 1914 2435 ταχίστην

341 2457 589 2523 καθέξων
616 2457 887 2520 Ματθαίος
908 2458 1015 2510 τῶν
1039 2455 1499 2525 Καντακουζηνοῦ
1526 2456 1689 2509 υἱέων
1718 2458 1745 2508 ὁ
1767 2458 1915 2525 πρῶ-

340 2566 436 2611 τος
497 2548 838 2619 Ὀρεστιάδα,
895 2548 1149 2610 σταδίους
1177 2548 1240 2600 οὗ
1285 2550 1436 2616 μεῖον
1485 2548 1622 2617 πρὸς
1676 2548 1913 2617 ἄρκτους

341 2640 629 2710 διέχουσαν
659 2640 1033 2709 ἑϐδομήκοντα
1081 2640 1176 2691 καὶ
1214 2638 1546 2700 διακοσίους.
1608 2637 1914 2691 Κάντεῦθεν

337 2731 409 2785 τὰ
438 2731 711 2784 σκάνδαλα
745 2730 907 2801 ηὖξεν
961 2730 1320 2801 ἐρεθιζόμενα
1375 2730 1594 2798 νύκτωρ
1647 2733 1736 2782 (al.
1792 2730 1913 2798 μεθ’

337 2823 553 2892 ἡμέραν
576 2823 685 2885 ἀεὶ,
706 2824 805 2875 καὶ
833 2821 968 2893 πρὸς
1001 2822 1223 2890 ἐμφανῆ
1269 2821 1339 2873 τὰ
1372 2822 1675 2891 πράγματα
1702 2819 1914 2890 προῦϐη

339 2914 405 2987 [ί.
438 2916 533 2968 151
561 2914 615 2986 b]
646 2915 844 2967 κακίαν
865 2915 960 2967 καὶ
990 2914 1256 2967 ἄσπονδον
1291 2913 1388 2983 ἤδη
1428 2914 1631 2983 μάχην.
1661 2913 1771 2964 Καὶ
1796 2910 1913 2981 ἅμα

337 3005 387 3059 oi
415 3004 527 3059 τῶν
556 3005 847 3076 Θρᾳκικῶν
876 3006 1161 3075 οἰκήτορες
1194 3005 1409 3057 πόλεων
1450 3004 1805 3073 ιίαλαιολόγῳ
1834 3004 1912 3074 τῷ

338 3091 549 3162 βασιλεῖ
573 3094 959 3163 προσεχώρουν
980 3092 1278 3157 ἐθελονταὶ,
1305 3093 1695 3162 κραταιότερόν
1715 3109 1775 3145 τε
1802 3093 1914 3147 τῶν

2013 1999 2280 2067 brumale,
2323 2019 2433 2072 quo
2485 2007 2686 2060 Arctus
2710 2010 2909 2062 oritur.
2944 2007 3095 2062 llaud
3150 2010 3325 2063 multo
3375 2019 3497 2077 post
3549 2017 3605 2062 et

2014 2107 2204 2146 rursus
2237 2111 2427 2149 rumor
2453 2098 2707 2152 differtur
2739 2101 3098 2155 consiliorum
3129 2101 3414 2170 prioribus
3446 2115 3602 2168 pror-

2014 2198 2109 2238 sus
2157 2188 2590 2242 contrariorum.
2648 2190 2937 2245 Matthzeus
2972 2205 3002 2245 e
3048 2190 3419 2246 Cantaeuzeni
3472 2190 3602 2245 filiis

2015 2284 2147 2329 natu
2207 2278 2478 2332 maximus
2546 2294 2711 2348 quam
2782 2282 3071 2337 celerrime
3136 2281 3483 2337 Orestiadem
3540 2291 3603 2336 ut

2015 2378 2247 2438 occupet
2284 2372 2678 2439 proficiscitur.
2741 2374 2873 2440 Qua:
2925 2374 3059 2429 urbs
3107 2374 3472 2429 ducentorum
3517 2385 3604 2428 se-

2014 2459 2296 2528 ptuaginta
2330 2460 2635 2515 stadiorum
2663 2463 2845 2531 spatio
2875 2461 3047 2518 distat
3079 2471 3131 2516 et
3162 2463 3229 2516 ad
3260 2461 3601 2531 septentrio-

2016 2552 2197 2605 nalem
2266 2562 2500 2621 spectat.
2626 2554 2724 2609 Hic
2791 2563 2957 2608 noctu
3011 2555 3216 2624 diuque
3271 2552 3603 2608 discordiam

2015 2652 2195 2711 auget.
2239 2642 2357 2696 Jam
2390 2643 2455 2698 ad
2498 2644 2730 2714 injurias
2758 2646 2871 2699 itur
2902 2654 2979 2711 et,
3022 2653 3084 2699 ut
3116 2646 3353 2715 primum
3382 2645 3602 2700 occasio

2017 2732 2140 2786 data
2166 2743 2270 2798 est,
2305 2734 2373 2787 ad
2405 2750 2664 2804 pugnam.
2726 2734 3030 2806 Palaeologo
3085 2746 3267 2791 autem
3319 2737 3599 2792 Thracum

2019 2825 2245 2880 urbium
2277 2826 2473 2881 incola:
2498 2828 2794 2883 voluntarii
2822 2840 3161 2883 succurrunt
3190 2844 3431 2898 eumque
3463 2828 3603 2882 inei-

2020 2923 2138 2970 tant
2174 2925 2238 2969 ut
2287 2917 2437 2970 omni
2495 2917 2685 2972 studio
2717 2933 2807 2972 res
2854 2919 3163 2988 susciperet
3212 2928 3269 2973 et
3306 2926 3605 2988 occuparet

2019 3014 2310 3076 paternum
2346 3022 2608 3077 regnum;
2646 3007 2760 3062 otio
2790 3021 2856 3063 ac
2883 3008 3112 3063 desidia
3134 3009 3422 3079 indulgere
3447 3007 3602 3064 nullo

2020 3097 2187 3152 modo
2220 3097 2327 3152 sibi
2358 3098 2547 3152 licere.

334 3192 685 3254 πραγμάτων
722 3187 1061 3257 ιρεθὶζοντες
1086 3186 1354 3240 ἅπτεσθαι
1390 3187 1484 3238 καὶ
1518 3186 1613 3238 τοῦ
1645 3186 1900 3258 πατρῴου
1938 3189 2143 3262 κλήρου
2183 3190 2282 3259 τῆς
2315 3189 2596 3259 βασιλείας
2651 3190 3070 3259 ἀντιποιεῖσθαι,
3105 3189 3375 3261 ῥᾳθυμεῖν
3398 3192 3592 3245 ὁπωσ-

331 3280 452 3344 οῦν,
476 3279 634 3350 εἴπερ
665 3280 820 3346 ποτὲ,
852 3279 948 3334 νῦν
974 3279 1171 3350 μᾶλλον
1195 3281 1256 3334 οὐ
1286 3282 1432 3351 μάλα
1458 3282 1837 3352 προσήκοντος

409 3372 518 3425 ﬂl'.
552 3371 652 3425 Διὰ
684 3372 748 3441 δὴ
770 3372 945 3425 ταῦτα
973 3374 1156 3435 δείσας
1181 3375 1311 3441 περὶ
1349 3374 1449 3443 τῆς
1482 3375 1655 3443 ἀρχῆς
1681 3375 1823 3429 Κανι
1851 3393 1911 3428 α-

2089 3373 2282 3442 Itaque
2309 3372 2508 3428 factum
2538 3378 2629 3426 est
2668 3379 2726 3426 ut
2752 3370 3175 3427 Cautacuzenus
3200 3388 3295 3428 rex
3324 3375 3394 3429 de
3425 3390 3601 3448 regno

332 3461 597 3531 κουζηνδς
624 3466 653 3517 ὁ
678 3461 931 3533 βασιλεὺς
958 3464 1132 3531 λόγων
1158 3463 1206 3516 τ’
1245 3464 1470 3516 ἐκείνων
1495 3465 1590 3516 καὶ
1623 3465 1910 3533 συνθηκῶν

333 3554 640 3621 ἐξελάθετο,
669 3556 764 3609 καὶ
808 3549 919 3608 οἷον
958 3555 1263 3625 αὐλητικῆς
1292 3572 1439 3617 τινος
1464 3554 1758 3626 ἀθύρματα
1788 3575 1912 3612 παι-

334 3644 540 3716 ζούσης
567 3645 665 3709 τὴν
699 3646 869 3716 ἀκοὴν
903 3645 1147 3709 ἅπαντας
1171 3634 1522 3716 ⁴ἡγησάμενος
1557 3648 1777 3719 ὅρκους,
1801 3647 1911 3701 τῶν

334 3739 653 3792 ἀντιπάλων
680 3742 855 3807 ἔργων
884 3738 1144 3803 καθάπαξ
1167 3740 1299 3808 ὃλην
1329 3739 1612 3809 ἀντίληψιν
1648 3741 1908 3796 ἐποιεῖτο.

334 3834 565 3902 Πρῶτον
598 3834 695 3903 μὲν
724 3828 818 3886 οῦν
852 3833 1073 3903 πέμψας
1108 3834 1164 3895 ὲς
1214 3832 1483 3901 Ὑρκανὸν
1533 3832 1628 3887 τὸν
1658 3832 1913 3903 γαμϐρὸν

335 3925 432 3978 καὶ
456 3924 746 3992 σατράπην
775 3924 881 3979 τῶν
919 3927 976 3977 ὲν
1004 3924 1229 3994 Βιθυνίᾳ
1292 3923 1607 3993 βαρϐάρων,
1663 3926 1758 3977 καὶ
1794 3923 1912 3992 ἅμα

334 4022 392 4082 ἐς
436 4019 565 4080 τοὺς
594 4016 843 4085 γείτονας
898 4016 938 4069 Γ
941 4017 1242 4084 εννουῖτας,
1300 4017 1501 4088 ὅρκους
1554 4017 1909 4086 καινοτέρους

335 4102 498 4170 αὖθις
526 4106 769 4176 παρέσχε
798 4104 910 4158 τῶν
954 4106 1086 4176 πρὶν
1129 4093 1534 4175 ἰσχυροτέρους,
1579 4105 1778 4156 ταυτὸν
1798 4107 1909 4174 ἀμ-

337 4201 460 4269 φοῖν
492 4198 581 4251 διὰ
611 4197 730 4267 βίου
756 4198 909 4249 πνεῖν
953 4194 1463 4264 ιπαγγελλομένους
1498 4193 1618 4246 καθ’
1648 4189 1724 4247 ὧν
1755 4195 1909 4248 αὐτοὶ

338 4290 616 4362 βούλοιντο
665 4293 758 4343 καὶ
807 4286 889 4349 οἷς
917 4287 1192 4359 ἄχθοιντο,
1244 4290 1291 4340 εί
1329 4286 1579 4357 βοηθοῖεν
1612 4288 1707 4340 καὶ
1752 4286 1909 4341 αὐτοὶ

335 4383 481 4437 κατά
529 4381 627 4435 τοῦ
684 4380 938 4452 γαμϐροῦ
988 4379 1400 4447 Παλαιολόγουο
1460 4379 1758 4450 ἀκρόπολιν
1798 4379 1909 4449 γὰρ

335 4477 541 4546 ἥγηται
583 4474 982 4544 κραταιοτέραν
1030 4474 1134 4544 τὴν
1197 4473 1256 4534 ις
1290 4470 1533 4533 ἐκείνους
1584 4472 1910 4542 καταφυγὴν

337 4565 694 4636 ἀμυντηρίων
736 4565 995 4619 ἁπάντων
1050 4563 1213 4617 θείων
1251 4563 1346 4616 καὶ
1375 4561 1759 4632 ἀνθρωπίνων,
1816 4562 1912 4615 καὶ

341 4657 646 4726 μηχάνημα
674 4658 740 4708 ὲκ
790 4654 988 4708 πολλοῦ
1016 4654 1327 4724 εἰθισμένον
1350 4653 1499 4724 αὐτῷ
1533 4654 1677 4709 κατά
1704 4670 1764 4708 τε
1796 4654 1909 4707 τῶν

2012 3464 2210 3519 anxius
2252 3478 2318 3519 ae
2350 3464 2623 3519 sollicitus
2657 3462 2810 3533 15],
2847 3478 3133 3519 sermones
3183 3465 3305 3521 illos
3355 3474 3411 3522 et
3458 3483 3600 3538 pro-

2013 3558 2180 3611 missa
2205 3557 2488 3611 omitteret
2517 3564 2573 3610 et
2608 3557 2733 3610 data
2755 3556 3118 3627 jurajuranda
3153 3566 3413 3628 tanquam
3448 3560 3598 3615 tibia:

2013 3647 2407 3703 delectationes
2439 3647 2688 3703 haberet.
2748 3646 2871 3701 lam
2923 3648 2992 3702 ad
3038 3663 3106 3704 ea
3155 3650 3362 3719 quibus
3414 3649 3594 3706 obniti

2012 3747 2201 3809 posset
2231 3739 2525 3809 Paleolorgi
2558 3739 2811 3794 consiliis
2856 3747 3032 3794 totum
3065 3742 3309 3795 animum
3339 3741 3599 3797 advertit.

2012 3830 2256 3884 Primum
2299 3831 2629 3898 legationem
2681 3830 2834 3885 misit
2878 3832 2946 3885 ad
2987 3830 3305 3901 Hyrcanum
3332 3847 3598 3902 generum

2012 3922 2379 3978 barbarorum
2442 3922 2498 3976 in
2562 3922 2819 3994 Bithynia
2869 3931 3146 3991 satrapam
3197 3925 3473 3992 simulque
3525 3925 3595 3981 ad

2012 4015 2258 4071 confines
2282 4014 2607 4070 Genuenses
2637 4025 2694 4071 et
2733 4030 2859 4070 cum
2884 4015 2973 4070 his
3005 4015 3215 4071 foedera
3245 4016 3369 4071 iniit
3398 4017 3602 4087 priori-

2012 4106 2117 4161 bus
2148 4105 2418 4160 firmiora.
2481 4107 2692 4171 Quibus
2746 4107 3107 4161 constitutum
3158 4116 3281 4161 erat
3331 4116 3599 4178 utrosque

2012 4197 2269 4253 eumdem
2312 4197 2455 4252 velle
2485 4198 2731 4251 animum
2765 4197 2973 4253 habere
3003 4198 3059 4251 in
3091 4213 3286 4253 omnes
3315 4213 3454 4268 quos
3494 4200 3600 4256 de-

2010 4287 2268 4342 bellaturi
2318 4296 2532 4354 essent,
2586 4289 2761 4342 etiam
2812 4285 2861 4341 si
2908 4286 3114 4342 auxilio
3160 4299 3502 4345 vocarentur
3540 4289 3597 4345 in

2011 4391 2275 4449 generum
2306 4377 2704 4447 Palaeologum.
2758 4376 3173 4433 Canlacuzenus
3215 4386 3399 4433 autem
3437 4381 3601 4449 regia)

2010 4485 2192 4526 arcem
2217 4471 2625 4540 receptaculum
2656 4470 2892 4525 habebat
2917 4470 3176 4527 omnibus
3202 4471 3404 4527 divinis
3432 4482 3600 4543 atque

2012 4562 2270 4617 humanis
2307 4563 2626 4618 tutamentis
2679 4562 2910 4616 firmius.
2986 4562 3118 4629 Qua:
3163 4574 3221 4619 et
3268 4566 3378 4635 jam
3426 4566 3601 4620 multo

2011 4669 2076 4710 ex
2102 4663 2349 4724 tempore
2374 4653 2688 4723 praesidium
2718 4664 2838 4710 erat
2869 4664 3062 4709 contra
3088 4656 3305 4711 feroces
3334 4656 3600 4724 Thraces,

336 4745 704 4816 ταλαιπώρων
729 4744 963 4816 Θρᾳκῶν
991 4746 1087 4798 καὶ
1130 4738 1172 4812 ᾧ
1202 4743 1628 4816 προσιρρύησαν
1669 4746 1905 4815 βασιλεῖ,

2017 4757 2072 4803 et
2108 4760 2219 4816 quo
2245 4746 2650 4800 conveniebant
2698 4749 2893 4817 copiae.
2964 4748 3147 4815 Quare
3193 4764 3289 4803 rex
3336 4751 3602 4804 continuo

338 4836 445 4888 ἀνά
473 4836 648 4903 στόμα
704 4836 879 4904 συχνὰ
936 4835 999 4886 τὸ
1035 4833 1311 4905 γραφικὸν
1366 4833 1644 4904 περιᾴδων
1707 4836 1907 4901 ἐκεῖνο,

342 4944 362 4978 ι
399 4928 604 4981 Λοιπὸν
627 4928 846 4980 καλέσω
882 4926 951 4979 τὰ
982 4926 1134 4994 ἔθνη,
1169 4925 1394 4978 κάκεῖνά
1440 4941 1509 4995 με
1533 4925 1838 4989 δοξάσωσι.
1885 4941 1905 4976 ι

338 5019 450 5071 Καὶ
486 5019 605 5086 ἃμα
633 5017 683 5067 oi
723 5014 782 5080 ἐξ
827 5014 1014 5077 ’Δσίας
1065 5013 1404 5083 Ῥωμαϊκαῖς
1436 5015 1532 5068 ἐπὶ
1558 5014 1779 5085 Θρᾴκης
1799 5015 1915 5067 δια-

338 5107 659 5170 ϐιϐάζοντες
680 5109 805 5169 τοὺς
843 5105 1153 5177 βαρϐάρους
1171 5107 1361 5158 ναυσὶν
1386 5104 1704 5175 ἐμπρακτόν
1730 5122 1787 5158 τε
1818 5108 1921 5159 καὶ

339 5204 484 5254 πάνυ
507 5216 558 5250 τι
600 5198 1144 5273 κατεσπουδασμένον
1166 5199 1227 5249 τὸ
1263 5196 1357 5249 τοῦ
1388 5196 1670 5266 βασιλικοῦ
1699 5197 1902 5265 δόγμαο

336 5304 428 5349 τος
481 5287 818 5356 προῦφαινον
876 5286 1070 5355 βίαιον.
1127 5286 1457 5341 Κατελάνων
1480 5286 1525 5338 δ’
1577 5283 1733 5350 αὖθις
1766 5290 1911 5357 ἀμφὶ

337 5378 753 5444 πεντακοσίους,
784 5379 933 5439 ὅσοις
984 5378 1080 5431 τὸν
1109 5379 1174 5430 ὲκ
1201 5376 1299 5446 τῆς
1352 5376 1664 5447 ναυμαχίας
1698 5378 1915 5449 ἐκείνης

340 5474 534 5540 φυγεῖν
569 5472 844 5541 ἐξεγένετο
876 5471 1146 5532 κίνδυνον,
1181 5471 1422 5539 γυμνοὺς
1454 5472 1548 5523 καὶ
1610 5471 1914 5540 προσαίτας

342 5564 656 5633 περιιόντας
680 5564 774 5617 τοῦ
797 5563 991 5625 ἄστεος
1015 5565 1283 5632 πανταχῆ,
1320 5562 1457 5632 πρὸς
1498 5562 1744 5632 φυλακὴν
1771 5565 1797 5614 ὀ
1824 5563 1917 5633 βα-

343 5658 524 5719 σιλεὺς
552 5657 1007 5727 Καντακουζηιὸς
1027 5656 1285 5726 ἁθροίσας
1311 5656 1403 5707 τοῦ
1433 5654 1683 5723 σώματος
1710 5653 1916 5720 ὥπλιζέ

2021 4837 2156 4892 illud
2188 4837 2334 4907 quod
2366 4838 2634 4907 scriptum
2668 4848 2751 4894 est
2795 4839 2850 4892 in
2892 4855 2987 4894 ore
3020 4839 3294 4894 habebat:
3350 4838 3601 4896 «Convo-

2020 4927 2156 4982 cabo
2185 4937 2394 4997 gentes,
2419 4938 2473 4983 et
2498 4930 2773 4999 parebunt
2794 4931 2986 4987 mihi.»
3026 4931 3213 4985 Etiam
3238 4931 3332 5001 qui
3367 4946 3435 4985 ex
3472 4931 3603 4986 Asia

2020 5019 2281 5077 Romanis
2315 5022 2549 5077 navibus
2599 5023 2655 5077 in
2695 5024 2984 5079 Thraciam
3032 5023 3304 5077 Barbaros
3361 5023 3604 5094 trajicie-

2021 5111 2174 5180 bant,
2205 5114 2350 5184 regis
2399 5114 2476 5168 illi
2527 5114 2678 5171 dicto
2714 5116 2825 5169 vim
2858 5131 2921 5170 ac
2947 5116 3239 5169 veritatem
3272 5115 3601 5169 reddebant.

2019 5201 2410 5259 Catalanorum
2472 5216 2655 5261 autem
2699 5206 2921 5261 circiter
2950 5207 3281 5277 quingentos
3305 5205 3425 5275 qui,
3455 5215 3607 5276 postv
3650 5272 3653 5275 Α

2019 5311 2181 5366 quam
2215 5314 2410 5369 pugna:
2453 5299 2663 5353 navalis
2696 5300 2937 5368 pericula
2972 5300 3212 5354 feliciter
3266 5300 3600 5369 eﬁ‘ngerunt,

2020 5391 2212 5443 urbem
2247 5392 2489 5447 inermes
2519 5402 2576 5445 et
2606 5392 2843 5445 mendici
2879 5393 3341 5457 circumiverunt,
3401 5408 3495 5444 rex
3533 5390 3601 5444 ad

2022 5480 2271 5550 corporis
2304 5482 2608 5535 custodiam
2656 5485 2866 5550 recepit
2924 5484 3101 5553 iisque
3148 5485 3321 5538 armis
3362 5493 3417 5537 et
3446 5483 3598 5535 victu

2018 5573 2160 5627 bene
2188 5574 2485 5628 consuluit.
2546 5574 2822 5628 Romanos
2873 5576 3044 5642 enim,
3085 5592 3223 5645 quos
3274 5576 3481 5629 circum
3539 5588 3602 5628 se

2021 5662 2279 5731 habebat,
2318 5672 2377 5717 ut
2412 5662 2651 5732 perfidos
2678 5674 2732 5718 et
2766 5666 3019 5720 inimicos
3052 5667 3324 5720 tractavit.

339 5768 398 5805 τε
422 5752 519 5804 καὶ
550 5750 754 5814 ὲσίτιζε
786 5751 927 5819 μάλα
954 5767 1007 5803 τι
1038 5751 1237 5819 σφόδρα
1261 5748 2242 5826 πεφροντισμένωςητῶνιὁμοφύλων
2279 5757 2379 5827 ήδη
2434 5756 2723 5828 Ῥωμαίων
2761 5759 3173 5829 ἀπιστουμένων
3195 5760 3287 5813 καὶ
3305 5759 3362 5811 ἐν
3383 5754 3596 5830 ἐχθρῶν

341 5844 693 5915 ταττομένων
722 5845 930 5915 χορείᾳ.
