4070 6326
455 385 552 451 131

1646 373 2063 442 NICEPHURI
2097 375 2483 438 GREGORB

3336 329 3365 343 Α

3609 375 3716 440 132

522 500 682 572 152
718 497 861 554 XIX.
895 497 1026 566 Quae
1054 511 1180 553 cum
1234 495 1311 551 ita
1337 509 1401 550 se
1432 491 1702 548 haberent
1761 490 1922 546 lrene
1961 501 2032 545 re-

2220 491 2322 548 lG’.
2350 491 2570 545 Τούτων
2595 489 2639 544 δ’
2678 487 2852 552 οὕτως
2901 489 3138 561 ἐχόντων
3176 488 3358 555 ἔδοξεν
3407 491 3618 562 Εἰρήνῃ
3649 493 3720 561 τῇ

448 592 575 662 gina
606 590 951 646 Orestiadem
981 599 1040 645 et
1069 585 1512 658 Didymotichum
1543 584 1788 655 profecta
1832 590 1938 648 est,
1972 592 2032 635 ut

449 682 741 738 distineret
766 681 952 738 amnes
982 682 1077 752 qui
1124 678 1403 736 aliinitatis
1431 675 1664 731 vinculis
1698 673 2035 743 contemptis

452 775 599 829 inter
638 791 695 830 se
732 773 1066 830 discordiam
1115 770 1466 835 exercebant,
1514 767 1830 822 Matthmum
1863 765 2034 820 lilium

451 875 510 920 et
536 881 801 936 generum
844 864 1205 933 Palaeologum
1234 876 1441 932 regem.
1505 859 1564 914 In
1595 858 1861 914 comitatu
1892 855 2036 910 inter

451 956 591 1011 alios
612 972 796 1011 secum
833 954 994 1010 duxit
1021 955 1158 1009 duos
1182 957 1494 1008 sacerdotes
1517 950 1612 1020 qui
1641 958 1809 1005 testes
1841 956 2034 1003 essent

451 1060 508 1102 et
538 1048 805 1118 Angelum
840 1047 933 1116 qui
972 1046 1066 1100 illo
1098 1054 1346 1114 tempore
1381 1041 1637 1098 catholici
1667 1040 1873 1113 judicis
1909 1053 2034 1094 mu-

451 1154 583 1192 nere
617 1137 968 1208 iungebatur.
1029 1135 1130 1191 Hic
1163 1151 1275 1205 quo
1311 1143 1561 1203 tempore
1591 1133 1824 1202 patriam
1856 1145 2033 1186 meam

455 1229 649 1300 reliqui
685 1230 980 1284 admodum
1003 1229 1224 1298 juvenis
1254 1227 1522 1291 necdum,
1569 1226 1626 1280 ni
1656 1225 1834 1291 fallor,
1864 1223 2036 1294 pubes

452 1336 592 1380 erat.
643 1321 872 1392 ,Tamen
909 1321 1022 1393 jam
1064 1321 1326 1392 praeclara
1380 1317 1553 1372 valuit
1611 1315 1680 1371 ad
1732 1316 2036 1371 dicendum

453 1426 675 1479 natura.
713 1417 788 1470 ita
840 1424 897 1469 ut
945 1430 1047 1469 nos
1087 1428 1237 1482 spem
1287 1411 1550 1481 Optimam
1579 1410 1646 1464 de
1676 1409 1797 1480 ejus
1829 1407 2034 1479 ingenii

456 1507 817 1561 tacnltatibus
873 1519 1220 1574 caperemus.
1293 1502 1500 1558 Omnes
1565 1502 1712 1556 enim
1779 1502 1873 1569 qui
1926 1514 2036 1554 una

451 1614 578 1653 cum
596 1614 661 1652 eo
675 1596 957 1666 sapientiae
973 1607 1077 1651 tua:
1101 1595 1330 1650 Studiosi
1347 1603 1504 1648 erant
1528 1602 1730 1664 tuaque
1747 1592 2036 1664 disciplina

455 1691 803 1751 fruebantur,
851 1690 1014 1759 longe
1070 1688 1366 1759 superabat
1411 1687 1610 1758 linguae
1663 1686 1924 1741 facilitate
1981 1695 2038 1740 et

454 1783 655 1836 mentis
682 1780 957 1834 acumine.
1018 1779 1177 1834 Nunc
1199 1794 1332 1834 vero
1355 1779 1400 1833 si
1435 1791 1648 1848 tempus
1670 1793 1778 1848 quo
1803 1792 1832 1831 a
1861 1776 2034 1846 patria

453 1874 646 1928 absum
673 1873 933 1942 respicio,
982 1871 1184 1926 indolis
1205 1871 1326 1942 ejus
1352 1870 1655 1926 bonitatem
1679 1869 1745 1924 ad
1773 1867 2034 1923 meliores

454 1966 641 2036 fruges
673 1967 994 2034 pervenisse
1021 1964 1298 2034 suspicor,
1325 1965 1398 2018 ita
1454 1971 1510 2016 ut
1549 1977 1578 2015 a
1603 1959 1885 2032 prooemiis
1924 1959 2034 2014 illis

451 2058 562 2126 jam
582 2057 649 2111 ad
671 2060 870 2112 bonam
899 2057 1267 2111 maturitatem
1301 2054 1650 2126 processerit.
1703 2053 1880 2119 Quare
1903 2052 2033 2107 dum

453 2151 628 2204 virum
651 2151 793 2219 regis
809 2165 906 2203 usu
921 2161 976 2203 ct
993 2149 1226 2203 amicitia
1247 2164 1354 2202 non
1374 2148 1557 2203 minus
1574 2146 1679 2200 frui
1699 2145 1858 2199 video
1872 2159 2033 2213 quam

452 2243 824 2296 nobilissimos
856 2243 1034 2307 viros,
1070 2241 1302 2312 gaudeo.
1369 2241 1486 2296 Jam
1541 2249 1766 2310 propter
1813 2237 2035 2292 virtutis

453 2333 824 2402 praestantiam
858 2333 1029 2402 ipsius
1061 2332 1223 2402 regi-ie
1255 2332 1452 2391 domus
1472 2331 1675 2402 judicia
1725 2329 1898 2384 libera
1928 2329 2035 2382 lin-

454 2443 556 2493 gua
574 2426 892 2493 exsequitur
907 2426 1149 2493 itemque
1167 2424 1494 2494 iudiciorum
1525 2424 1592 2478 de
1612 2423 1780 2478 rebus
1796 2421 2035 2491 publicis

461 2518 618 2587 153
649 2518 881 2573 consilia
915 2533 979 2572 ac
1001 2518 1226 2572 decreta
1253 2517 1620 2570 administrat.
1658 2514 1913 2582 Cumque
1939 2529 2034 2582 per

455 2628 676 2669 omnem
704 2621 920 2666 aetatem
967 2625 1186 2679 semper
1217 2610 1444 2680 justitiae
1470 2623 1634 2678 quam
1679 2608 1872 2662 dicunt
1921 2615 2035 2659 tru-

459 2703 570 2758 tina
620 2719 709 2758 res
745 2713 891 2757 recte
922 2711 976 2756 et
1029 2703 1151 2756 sine
1203 2700 1398 2754 fraude
1431 2701 1736 2762 examinet,
1766 2699 2030 2768 majorem

458 2793 741 2846 hominum
785 2792 1208 2846 admirationem
1269 2791 1440 2846 movit
1490 2807 1654 2860 quam
1705 2790 1888 2859 justus
1941 2789 2033 2843 ille

459 2884 751 2949 Aristides,
781 2895 836 2937 et
867 2885 920 2937 in
951 2900 1048 2938 ore
1074 2882 1325 2937 omnium
1356 2892 1440 2937 cst
1472 2899 1580 2936 non
1630 2882 1808 2937 solum
1842 2883 2032 2936 concio

455 2978 631 3041 vium,
670 2976 764 3030 sed
819 2976 986 3031 etiam
1021 2973 1166 3043 apud
1202 2973 1448 3028 contines
1493 2982 1685 3043 gentes
1731 2972 1876 3028 fama
1911 2974 2033 3043 ejus

455 3067 792 3137 percrebuit,
850 3076 906 3120 et
959 3079 1152 3120 omnes
1185 3065 1392 3134 pariter
1421 3065 1526 3119 viri
1572 3066 1732 3134 hujus
1758 3079 2032 3119 verecun-

2065 1836 2108 1893 Β

454 3161 542 3215 dia
574 3160 790 3215 imbuit.
845 3160 1189 3226 Quapropter
1235 3157 1401 3214 etiam
1447 3159 1636 3227 regina
1685 3172 1810 3212 cum
1857 3155 2028 3227 Didy-
2059 3185 2104 3244 ο

458 3254 758 3307 motichum
791 3252 1231 3322 proficisceretur
1269 3267 1393 3306 eum
1437 3252 1539 3307 sibi
1603 3257 1861 3306 comitem
1911 3267 2033 3306 esse

458 3346 631 3399 voluit
678 3355 737 3399 ut
771 3346 1002 3400 auribus
1045 3355 1100 3399 et
1133 3345 1306 3399 oculis
1338 3359 1460 3413 qua:
1509 3343 1583 3398 ibi
1627 3343 1946 3398 dicerentur
1975 3350 2034 3398 et

455 3449 748 3503 agerentur
781 3437 1101 3492 observaret
1121 3445 1175 3490 et
1194 3450 1412 3490 omnem
1437 3434 1626 3489 arbitri
1650 3433 2031 3488 auctoritatem

459 3527 706 3581 haberet.
768 3526 973 3595 Regina
1028 3534 1212 3581 autem
1258 3539 1385 3579 cum
1438 3538 1506 3579 eo
1558 3523 1800 3579 venisset
1845 3523 2031 3578 omnia

455 3632 797 3688 quaecunque
843 3616 916 3671 ad
967 3615 1410 3686 persuadendum
1467 3613 1748 3684 aptissima
1805 3611 2035 3682 putabat

458 3709 685 3778 protulit
732 3719 789 3763 ct
841 3703 932 3762 ubi
986 3707 1226 3776 graviter
1276 3707 1571 3778 objurgare
1620 3707 1673 3759 ei
1723 3720 1834 3760 non
1872 3703 2032 3759 licuit

459 3815 640 3870 regem
685 3800 942 3870 juvenem
977 3804 1153 3858 amlce
1187 3813 1252 3853 ac
1301 3797 1513 3869 placide
1567 3797 1818 3852 tractavit
1871 3798 1943 3852 ita
1972 3805 2033 3852 ut

459 3891 650 3946 matris
676 3905 829 3946 more
857 3891 1262 3960 quodammodo
1298 3906 1425 3945 eum
1463 3890 1867 3961 objurgaverit.
1925 3887 2034 3944 Vo-

458 3982 558 4036 luit
591 3992 796 4046 autcm,
831 3991 892 4036 ut
930 3997 1144 4038 summa
1196 3981 1451 4044 referam,
1485 3981 1706 4037 haecce:
1740 3992 1800 4035 ut
1831 3979 2034 4034 Palico-

458 4074 612 4143 logus
632 4088 800 4142 gener
825 4084 882 4127 et
907 4089 998 4126 rex
1031 4089 1128 4127 sua
1155 4082 1352 4141 sponte
1382 4073 1566 4134 uxoris
1597 4072 1748 4126 fratri
1780 4071 2033 4125 Matthato

458 4165 702 4235 regionis
731 4167 798 4220 ab
840 4164 1125 4219 Orestiade
1163 4179 1336 4234 usque
1370 4164 1438 4218 ad
1465 4163 1664 4232 Bizyen
1698 4163 2032 4233 pertinentis

459 4271 565 4309 una
605 4272 730 4310 cum
773 4256 906 4310 locis
935 4265 989 4309 et
1037 4254 1270 4310 urbibus
1304 4253 1373 4308 ab
1421 4261 1659 4320 utraque.
1687 4262 1843 4321 parte
1882 4249 2028 4313 sitis,

459 4361 726 4400 summam
762 4354 1087 4413 potestatem
1111 4345 1466 4405 concederet,
1500 4345 1616 4411 ipse
1637 4351 1820 4404 autem
1856 4341 2032 4411 regio-

456 4455 580 4495 nem
615 4456 644 4494 a
686 4437 1068 4508 Didymoticho
1099 4451 1273 4505 usque
1323 4434 1389 4489 ad
1424 4432 1877 4488 Thessalonicam
1928 4433 2028 4486 atl-

2139 581 2373 652 βασιλίδι
2399 582 2454 644 ἐς
2483 599 2543 635 τε
2584 581 2909 650 Ὀρεστιάδα
2945 581 3042 635 καὶ
3068 581 3456 653 Διδυμότειχον
3487 583 3720 654 διαϐάσῃ

2135 674 2416 740 διαλλάξαι
2438 675 2566 739 τοὺς
2592 675 2748 738 νέους
2775 675 3048 745 ἀλλήλοις,
3085 675 3135 727 εί
3165 673 3446 744 δυνηθείη,
3472 676 3722 746 βαθείαις

2135 771 2278 824 τισὶν
2305 770 2565 840 ὑποψίαις
2591 771 2683 825 ἐπ’
2722 772 2988 840 ἀλλήλους
3015 772 3358 842 χρωμένους,
3406 771 3620 840 οὐδαμῆ
3660 772 3722 824 τδ

2139 862 2431 924 ἔνσπονδον
2470 863 2720 918 σύνοικον
2761 866 3156 934 κεκτημέναις.
3207 866 3486 919 Ματθαῖον
3519 863 3722 934 δηλαδὴ

2135 956 2228 1009 τὸν
2265 957 2379 1009 υἱὸν
2406 958 2503 1010 καὶ
2533 957 2622 1010 τόν
2644 975 2708 1026 γε
2731 959 2824 1011 ἐπὶ
2856 957 3090 1029 θυγατρί
3133 960 3386 1027 γαμϐρὸν
3420 958 3721 1011 Παλαιολό-

2137 1065 2234 1115 γον
2251 1049 2344 1102 τὸν
2365 1048 2610 1115 βασιλέα,
2638 1067 2703 1102 συ
2711 1050 3130 1121 μπαρειληφυία
3157 1053 3292 1119 πρός
3318 1068 3382 1117 γε
3406 1052 3517 1114 τοῖς
3541 1050 3722 1112 ἄλλοις

2137 1138 2232 1191 καὶ
2289 1137 2399 1193 τῶν
2455 1139 2764 1211 ἀρχιερέων
2821 1141 2914 1194 δύο
2969 1141 3348 1212 συνεκδήμους
3407 1141 3722 1211 μαρτυρίας

2136 1229 2321 1296 ἕνεκα,
2375 1233 2476 1304 stat
2518 1232 2638 1300 ἅμα
2681 1232 2973 1301 Ἄγγελον,
3025 1226 3070 1302 ᾧ
3102 1233 3380 1303 καθολικῷ
3409 1233 3723 1305 τηνικαῦτα

2140 1325 2547 1392 συμπέπτωκεν
2569 1321 2712 1378 εἶναι
2741 1329 2905 1397 κριτῇ
2928 1341 2942 1356 ·
2972 1327 3032 1390 ὃς
3061 1328 3160 1396 τῆς
3185 1327 3441 1397 πατρίδος
3469 1326 3723 1378 ἐντεῦθεν

2137 1414 2342 1480 ἐξιέναι
2378 1415 2665 1484 μέλλοντος
2699 1418 2834 1486 ἐμοῦ
2888 1417 3035 1472 πάνυ
3090 1437 3144 1471 τι
3179 1418 3300 1480 νέος
3323 1417 3390 1488 ἦν
3418 1420 3515 1471 καὶ
3563 1417 3722 1470 οὔπω

2137 1503 2292 1576 οἶμαι
2322 1506 2545 1575 ἔφηϐος,
2576 1507 2639 1580 [ί.
2672 1508 2774 1563 152
2800 1508 2856 1580 α]
2883 1511 3081 1581 εὐγενῆ
3133 1512 3178 1565 δ’
3211 1514 3359 1582 ὅμως
3390 1513 3723 1582 ὐπεζωγρά-

2139 1613 2231 1666 φει
2250 1599 2351 1666 τὴν
2379 1601 2433 1662 ἐς
2461 1599 2654 1666 λόγους
2678 1603 2894 1656 ἐκεῖθεν
2920 1602 3110 1671 φύσιν,
3141 1605 3238 1658 καὶ
3265 1604 3413 1674 μάλα
3443 1605 3724 1672 ἐπαγγελυ

2138 1689 2378 1759 λομένην
2414 1691 2552 1762 πρὸς
2586 1695 2769 1748 πᾶσαν
2801 1695 3005 1765 ἀρετῆς
3037 1695 3182 1749 ἰδέαν
3211 1697 3393 1766 εὐφυᾶ
3425 1697 3520 1750 τὸν
3545 1697 3723 1766 ἄνδρα

2139 1781 2208 1835 τὰ
2239 1783 2632 1853 συντομώτατα
2656 1789 3049 1856 καταστήσειν.
3079 1788 3298 1852 Πάντας
3329 1789 3440 1859 γὰρ
3470 1790 3585 1844 ὅσοι
3609 1791 3723 1842 τῶν

2142 1871 2260 1940 ἅμα
2296 1873 2446 1944 αὐτῷ
2467 1875 2568 1944 τῆς
2599 1877 2699 1946 σῆς
2727 1879 2918 1944 σεφίας
2943 1873 3087 1948 ἦσαν
3125 1879 3264 1942 τέως
3301 1881 3594 1949 ἀκροαταὶ,
3625 1881 3726 1932 καὶ

2140 1963 2250 2017 τῶν
2279 1965 2380 2035 τῆς
2415 1966 2512 2036 σῆς
2539 1967 2890 2030 διδασκαλίας
2921 1971 3140 2039 ἐκείνης
3172 1975 3467 2041 κρατήρων
3490 1972 3724 2039 φοιτῶν-

2140 2069 2230 2115 τες
2277 2052 2586 2122 ἀπήλαυον,
2659 2059 2891 2128 μακροῖς
2938 2061 3258 2128 παρήλαυνε
3313 2063 3426 2122 τοῖς
3496 2062 3724 2130 μέτροις

2138 2145 2326 2215 δρόμῳ
2349 2162 2406 2197 τε
2435 2144 2683 2215 γλώττης
2719 2149 2814 2202 καὶ
2834 2149 3076 2212 διανοίας
3107 2150 3350 2222 ὀξύτητι.
3397 2151 3512 2205 Νῦν
3537 2153 3595 2207 δὲ
3619 2153 3722 2223 τῆς

2142 2236 2362 2304 μακρᾶς
2392 2237 2609 2304 ἐκείνης
2638 2238 2954 2307 άππδημίας
2981 2239 3293 2309 ἀνειληφὼς
3330 2242 3590 2311 ἐμαυτὸν,
3617 2243 3722 2312 τῆς

2139 2327 2372 2396 φυσικῆς
2413 2329 2628 2398 ἐκείνης
2657 2332 2990 2399 ἐπαγγελίας
3021 2334 3230 2402 ἀμείνω
3259 2335 3389 2405 περὶ
3429 2336 3521 2388 τὸν
3544 2336 3720 2406 ἄνδρα

2140 2417 2322 2485 βλέπω
2347 2421 2444 2490 τὴν
2475 2420 2714 2493 βλάστην
2767 2423 2864 2477 καὶ
2895 2425 3201 2495 προοιμίων
3252 2427 3485 2480 ἐκείνων
3532 2427 3718 2498 πολλῷ

2138 2511 2210 2563 τὰ
2238 2511 2333 2564 νῦν
2363 2517 2805 2584 συμπεράσματα
2833 2518 3225 2588 κραταιότερα.
3251 2520 3344 2572 Διὸ
3375 2522 3472 2573 καὶ
3497 2521 3717 2590 βασιλι-

2137 2596 2242 2666 κῆς
2268 2597 2568 2668 ἐγγύτητός
2625 2617 2684 2653 τε
2713 2604 2809 2654 καὶ
2840 2603 3132 2672 εὐμενείας
3183 2606 3393 2669 οὐδενὸς
3425 2609 3535 2661 τῶν
3562 2627 3724 2679 περιέ

2135 2685 2406 2756 λάμπρων
2431 2688 2643 2758 ἀνδρῶν
2667 2689 3015 2762 ἐνδεέστερον
3051 2693 3351 2763 μετέχοντα
3379 2694 3593 2765 βλέπων
3621 2697 3716 2750 τὸν

2137 2779 2305 2851 ἄνδρα
2325 2782 2574 2852 γέγηθα.⁹
2628 2784 2730 2854 ήδη
2763 2785 2873 2855 γὰρ
2909 2785 2980 2839 δι’
3011 2787 3216 2856 ἀρετῆς
3251 2789 3580 2856 περιουσίαν
3612 2791 3720 2845 κάν

2140 2874 2327 2939 μέσοις
2355 2876 2468 2937 τοῖς
2493 2874 2792 2944 βατιλείοις
2820 2879 3357 2951 πεπαρρησιασμένῃ
3393 2882 3462 2951 τῇ
3495 2880 3718 2952 γλώττῃ

2134 2961 2345 3014 διέπειν
2395 2963 2521 3026 τοὺς
2581 2963 2679 3034 τῆς
2729 2964 3039 3030 εὐθυδικίας
3075 2966 3335 3022 τέτακται
3385 2969 3586 3039 νόμους
3608 2971 3718 3024 καὶ

2135 3051 2244 3103 τῶν
2265 3051 2544 3121 δημοσίων
2571 3053 2914 3124 πραγμάτων
2950 3057 3258 3126 οίκονομείν
3290 3061 3348 3111 ἐν
3369 3059 3550 3130 κρίσει
3585 3061 3716 3125 τοὺς

2135 3141 2329 3210 λόγους
2362 3147 2455 3197 καὶ
2492 3146 2562 3200 τὰ
2589 3147 2919 3217 φηφίσματα
2943 3164 2958 3178 ο
2979 3144 3062 3213 οἷς
3085 3151 3348 3221 ἀρρεπείς
3376 3152 3472 3204 τὸν
3495 3151 3718 3207 ἅπαντα

2135 3238 2328 3305 χρίνον
2365 3239 2459 3292 καὶ
2485 3237 2664 3308 πάντη
2689 3239 3106 3311 ἀκαπηλεύτους
3138 3243 3236 3308 τὰς
3263 3244 3365 3314 τῆς
3390 3244 3545 3316 δίκης
3578 3246 3720 3299 ἐπά-

2135 3345 2248 3397 γων
2300 3330 2640 3399 πλάστιγγας
2699 3331 2885 3403 θαῦμα
2917 3335 2996 3404 τῷ
3043 3334 3145 3405 βίῳ
3193 3335 3403 3406 γίνεται
3460 3336 3713 3408 μεῖζονῆ

2133 3421 2279 3476 κατὰ
2307 3423 2486 3478 πάντα
2529 3425 2738 3480 δίκαιον
2777 3427 3140 3499 Ἀριστείδην,
3187 3431 3283 3484 καὶ
3321 3432 3490 3486 πᾶσιν
3515 3430 3713 3495 ἁπλῶς

2136 3514 2492 3587 περιλάλημα
2542 3517 2864 3573 καθίσταται
2915 3522 3234 3591 κράτιστον,
3277 3523 3386 3594 ὀὐχ
3413 3523 3714 3595 ὁμοφύλοις

2138 3609 2320 3674 μόνον,
2377 3608 2495 3662 ἀλλ’
2538 3609 2642 3680 ἤδη
2681 3611 2775 3666 καὶ
2809 3613 2864 3675 ἐς
2895 3615 2966 3666 τὰ
3017 3615 3277 3684 περίοικα
3328 3614 3437 3669 τῶν
3465 3615 3637 3671 ἐθνῶν
3675 3617 3712 3687 ἡ

2135 3698 2297 3768 φήμη
2345 3697 2665 3767 διέδραμεν,
2691 3698 2970 3768 ἀκήρατον
3012 3701 3259 3772 φέρουσα
3289 3703 3350 3756 τὸ
3382 3706 3580 3771 σεμνὸν
3610 3707 3712 3773 τῆς

2136 3788 2342 3850 αἰδοῦς.
2378 3789 2484 3842 Καὶ
2503 3789 2567 3860 δὴ
2597 3789 2771 3856 ταῦτα
2802 3793 2894 3844 καὶ
2927 3793 3262 3864 συνέκδημον
3308 3796 3341 3864 ή
3389 3795 3604 3865 βασιλὶς
3652 3799 3712 3861 ἐς

2135 3881 2514 3951 Διδυμότειχον
2544 3882 2712 3953 ἐαυτῇ
2741 3884 2998 3949 γενέσθαι
3037 3885 3146 3938 τῶν
3173 3885 3298 3941 καθ’
3319 3888 3484 3942 αὐτὸν
3511 3907 3711 3961 προτε..

2134 3975 2394 4046 τίμηκεν,
2424 3975 2499 4039 ὡς
2522 3976 2789 4048 αὐτήκοος
2821 3981 2920 4032 καὶ
2949 3979 3231 4051 αὐτόπτης
3276 3983 3395 4035 ἐκεῖ
3417 3984 3710 4052 γενόμενος

2133 4071 2230 4123 καὶ
2257 4069 2416 4133 αὐτὸς
2443 4069 2553 4122 τῶν
2587 4087 2646 4124 τε
2695 4071 2758 4143 δή
2810 4072 3229 4152 λεχθησομένων
3263 4076 3358 4128 καὶ
3391 4078 3709 4148 πραχθησο-

2139 4161 2318 4232 μένων
2342 4163 2673 4227 γένοιτοκαὶ
2718 4164 2927 4233 μάρτυς
2978 4165 3442 4238 ἀπαράγραπτος.
3495 4171 3709 4224 Ἐκείσε

2133 4253 2312 4308 τοίνυν
2335 4255 2367 4324 ἡ
2391 4253 2602 4323 βασιλὶς
2625 4257 2897 4329 γενομένη
2925 4259 3081 4313 πάντ’
3106 4258 3293 4328 ἔλεγεν
3322 4257 3402 4324 οἷς
3431 4279 3489 4313 τε
3515 4263 3710 4330 ἐμφω-

2134 4339 2314 4422 λεύειν
2367 4342 2584 4396 ὑπενόει
2636 4343 2735 4411 τὴν
2765 4345 2856 4397 τοῦ
2911 4347 3120 4400 πείθειν
3155 4349 3331 4418 ἰσχὺν,
3364 4351 3460 4403 καὶ
3496 4346 3576 4415 οἷς
3608 4354 3710 4408 οὐκ

2135 4430 2450 4501 ἐφεδρεύειν
2477 4431 2586 4504 εἶχε
2620 4435 2943 4504 σκυθρωπὸν
2986 4439 3166 4504 οὐδὲν,
3189 4441 3298 4494 τῶν
3333 4423 3710 4513 ἐπιτιμήσεων

459 4529 875 4586 ministrandam
905 4528 1236 4597 susciperet,
1294 4527 1531 4596 reliquas
1559 4541 1748 4580 onmes
1780 4523 2031 4595 regiones

2136 4522 2344 4593 ἥμερόν
2372 4541 2494 4577 τινα
2522 4527 2724 4596 τρόπον
2759 4528 3147 4599 ἐνδεικνυμένη
3198 4531 3276 4602 τῷ
3300 4534 3406 4604 νέῳ
3457 4537 3556 4606 τήν
3586 4539 3707 4606 ήλι-

457 4638 566 4676 una
595 4637 722 4676 cum
762 4620 908 4688 regia
949 4628 1218 4688 potestate
1261 4619 1548 4688 utriusque
1575 4626 1731 4687 pater
1758 4618 2030 4672 Caritacuo

459 4729 628 4770 zenus
655 4711 962 4782 possideret
988 4725 1159 4778 usque
1186 4710 1252 4764 ad
1287 4710 1520 4775 obitum,
1583 4708 1782 4764 deinde
1827 4709 2026 4763 l’alaco-

460 4805 614 4874 lngus
665 4803 830 4871 hujus
886 4801 1101 4871 imperii
1158 4816 1446 4855 successor
1475 4801 1654 4855 ﬁeret.
1734 4799 2024 4860 Teigitur.

457 4896 620 4957 dixit,
655 4891 1280 4964 oportetCantacuzeno
1311 4903 1569 4961 tanquam
1605 4891 1764 4962 154
1797 4895 1937 4960 patri
1969 4900 2026 4946 et

387 5045 390 5047 Α
456 4985 768 5055 reipublicae
787 4999 890 5039 usu
917 4982 1112 5037 edocto
1133 4991 1330 5036 cuncta
1349 4983 1658 5036 committas
1677 4992 1734 5036 ct
1756 4982 1808 5035 in
1834 4982 2027 5051 primis

456 5079 660 5146 regiam
723 5083 1048 5145 potestatem
1102 5085 1164 5127 ut
1211 5074 1426 5128 labores
1497 5073 1588 5128 tibi
1642 5070 2026 5138 minucrit,si

457 5166 679 5235 quando
733 5167 848 5235 ipse
872 5165 938 5218 ad
991 5179 1172 5219 rerum
1204 5164 1633 5232 gubernaculum
1675 5164 1936 5228 accedas,
1971 5173 2028 5216 et

458 5263 779 5332 priusquam
813 5260 930 5327 ipse
956 5273 1141 5313 rerum
1181 5258 1370 5312 turbas
1421 5258 1678 5326 degustes
1723 5271 1817 5310 eas
1853 5271 2029 5324 quan-

457 5365 574 5409 tum
608 5353 725 5406 ﬁeri
761 5351 938 5418 patuit
965 5350 1060 5405 tibi
1091 5349 1379 5404 ordinarit.
1427 5348 1549 5403 Noli
1584 5348 1750 5417 igitur
1786 5360 2025 5416 unquam

455 5455 549 5498 tua
581 5443 826 5514 pericula
867 5452 1081 5496 vertere
1114 5441 1170 5496 in
1211 5441 1306 5495 lilii
1341 5456 1568 5511 regnum
1600 5437 1750 5508 quod
1803 5446 2024 5506 promer

457 5535 768 5591 afﬁnitatem
793 5533 1180 5588 eiconcessum
1208 5543 1314 5589 est.
1358 5531 1498 5598 Quid
1524 5531 1694 5595 enim,
1722 5539 1776 5584 tu
1803 5529 1896 5599 qui
1919 5544 2026 5583 una

457 5642 582 5681 cum
613 5636 786 5682 matre
810 5627 864 5681 in
889 5641 1014 5679 eum
1050 5625 1321 5680 hostiliter
1347 5623 1529 5692 egisti,
1549 5621 1908 5676 nihilominus
1942 5631 2022 5676 ta-

375 5763 378 5766 .
459 5733 581 5771 men
617 5733 904 5786 postquam
935 5717 1238 5772 secundum
1270 5714 1400 5769 belli
1446 5713 1593 5782 leges
1625 5714 1678 5766 in
1721 5712 2026 5766 custodiam

457 5807 1011 5883 ductus,_deindeque
1044 5806 1325 5878 inopinato
1377 5803 1644 5862 liberatus
1697 5819 1788 5874 cs,
1830 5803 1908 5861 ab
1958 5819 2026 5861 co

1371 5919 1480 5930 -.ς-.-ν

2138 4616 2264 4669 κίαν
2295 4615 2525 4686 βασιλεῖ,
2578 4619 2853 4689 μητρικὴν
2898 4623 3200 4691 είσάγουσά
3260 4645 3379 4690 πως
3424 4629 3574 4700 αὐτῷ
3611 4631 3710 4703 τὴν

2137 4711 2480 4780 παραίνεσιν.
2512 4711 2596 4765 Τὰ
2619 4713 2676 4766 δὲ
2698 4709 2788 4784 ἦν,
2815 4713 2890 4778 ὡς
2914 4717 2973 4768 ἐν
3005 4718 3289 4790 κεφαλαίῳ
3314 4721 3501 4788 φάναι.
3532 4740 3711 4796 παρα-

2137 4801 2448 4890 χωρεῖντὸν
2466 4803 2714 4876 γαμϐρὸν
2736 4807 2831 4859 καὶ
2857 4808 3085 4876 βασιλέα
3113 4810 3481 4890 [ίαλαιολόγον
3515 4817 3709 4869 ἑκόντα

2135 4889 2402 4960 Ματθαίῳ
2429 4890 2508 4960 τῷ
2541 4894 2954 4964 γυναικαδέλφῳ
2985 4896 3083 4966 τὴν
3115 4889 3174 4963 ἐξ
3208 4901 3553 4971 ὐρεστιάδος
3579 4905 3708 4974 ἄχρι

2137 4982 2335 5052 Βιζύης
2368 4983 2506 5052 μετά
2529 4999 2593 5052 γε
2621 4985 2730 5038 τῶν
2753 4986 3098 5058 ἑκατέρωθεν
3122 4991 3342 5060 χωρίων
3364 4993 3457 5044 καὶ
3497 4996 3709 5049 πόλεων

2136 5073 2241 5142 γῆν
2272 5073 2554 5144 αὐτονόμῳ
2584 5075 2847 5144 νέμεσθαι
2900 5077 3215 5148 δεσποτεία,
3253 5079 3419 5134 αὐτὸν
3477 5082 3523 5135 δ’
3559 5082 3708 5152 ἔχειν

2136 5165 2232 5236 τὴν
2279 5167 2344 5218 ἐκ
2406 5165 2787 5236 Διδυμοτείχου
2842 5169 3005 5238 μέχρι
3048 5169 3472 5256 Θεξσαλονίκης,
3528 5175 3705 5228 was

2137 5258 2312 5308 κοινὸν
2355 5259 2560 5324 ἀμφοῖν
2615 5260 2826 5329 πατέρα
2858 5261 3312 5331 Ιίαντακουζηνὸν
3340 5264 3429 5316 τὸν
3472 5264 3706 5333 βασιλέα.

2135 5345 2204 5395 τὰ
2224 5344 2524 5411 λειπόμενα
2545 5348 2682 5413 μετὰ
2717 5345 2778 5416 [Γ.
2813 5348 2915 5402 159.
2948 5347 3000 5420 ὁ]
3040 5349 3138 5419 τῆς
3173 5350 3565 5424 βασιλευούσης
3594 5357 3704 5409 τῶν

2135 5435 2343 5487 πόλεων
2376 5439 2538 5505 μέχρι
2573 5438 2846 5510 τελευτῆς,
2883 5442 2969 5506 ὅτε
2997 5443 3092 5494 καὶ
3146 5443 3328 5496 αὐτῶν
3363 5447 3704 5518 κληρονόμον

2135 5529 2319 5598 ἐντελῆ
2351 5529 2446 5580 καὶ
2476 5528 2719 5598 διάδοχον
2752 5533 2938 5598 μέλλει
2992 5549 3052 5587 σε
3102 5535 3476 5602 καταλείψειν.
3511 5539 3704 5606 Χρεὼν

2132 5619 2178 5673 δ’
2210 5616 2347 5675 εἷναί
2396 5637 2457 5673 σε
2506 5623 2745 5708 πάντως,
2784 5623 2991 5694 ἔλεγεν,
3024 5627 3122 5680 ὅσα
3165 5631 3262 5684 καὶ
3312 5633 3483 5700 πατρὶ
3513 5630 3610 5683 καὶ
3635 5634 3703 5701 τῇ

2133 5711 2240 5764 τῶν
2293 5703 2638 5782 πραγμάτων
2695 5719 3096 5789 ὲγγεγηρακότι
3154 5723 3360 5793 πείρᾳ,
3425 5723 3706 5777 πιστεύειν

2135 5801 2283 5876 αὐτῷ
2308 5804 2374 5860 τά
2403 5823 2459 5860 τε
2494 5806 2629 5865 ἄλλα
2656 5809 2749 5864 καὶ
2772 5809 2872 5881 τὴν
2899 5809 2992 5867 τοῦ
3015 5809 3305 5882 βασιλικοῦ
3349 5815 3464 5887 βίον
3498 5814 3704 5887 κυϐερ-

2481 5922 2590 5930 ...μρι
2615 5925 2646 5930 ο-
2672 5920 2710 5928 ι-υ,
2747 5921 2758 5925 -
