4070 6326
255 358 368 431 1133
1205 371 1395 433 BYZA
1410 373 1668 437 ΝΤΙΝίΕ
1707 376 2092 442 HISTORIle
2127 382 2265 445 LIB.
2301 384 2544 448 XXVII.
3433 388 3536 458 131

249 479 606 550 νητικὴν,ὡς
635 478 702 533 ἂν
753 479 1034 550 ἀκύμονίις
1085 498 1166 536 σοι
1216 484 1316 546 τὰς
1347 484 1541 540 τούτου
1595 489 1825 558 παρέ-χοι

1937 493 2088 560 regni
2113 507 2401 549 successor
2421 497 2732 551 declaratus
2775 511 2834 553 es
2867 496 3040 568 ipsius
3076 500 3204 556 ﬁliis
3257 501 3537 571 posthabi-

249 570 570 638 φροντίδας,
603 571 728 632 τούς
757 587 814 623 τε
846 572 945 640 τῆς
977 572 1262 640 βασιλείας
1293 575 1456 637 αὐτὸς
1490 575 1825 646 ἀναδεχόμε-

1939 586 2032 638 tis.
2085 586 2266 655 Apage
2297 603 2367 642 ne
2398 589 2705 645 istiusmodi
2759 592 2988 647 consilia
3017 593 3224 662 capias.
3261 570 3531 652 Praeterea

248 676 340 723 νος
373 661 671 727 κλύδωνας,
699 663 795 714 καὶ
821 665 952 733 πρὶν
975 665 1082 716 τῶν
1107 667 1320 717 ἐκεῖθεν
1353 666 1580 734 ἰλίγγων
1619 686 1678 720 σε
1699 669 1825 737 γεύ-

1941 675 2246 731 ohservare
2301 687 2355 733 te
2385 691 2610 750 Oportet
2652 682 2770 753 ejus
2812 683 3000 752 gravia
3047 661 3139 740 illa
3171 686 3530 757 iuraiuranda

249 754 478 818 σασοαι,
537 756 674 824 πρὸς
723 757 784 808 τὸ
827 755 1157 825 ἀγχώμαλον
1217 757 1371 823 ἄγων
1425 761 1550 812 δσον
1581 762 1825 828 ἐφικτόν.

1943 761 2148 828 quibus
2182 774 2360 819 mater
2405 777 2495 822 tua
2527 779 2581 822 et
2609 779 2666 823 tu
2707 770 2958 826 obstricti
2998 774 3132 828 estis
3152 754 3432 845 ,quaeque
3453 791 3528 832 ea

245 849 404 919 Μηδὲ
440 849 545 918 γάρ
577 849 644 903 ἄν
681 865 814 902 ποτε
851 849 945 903 τὸν
984 850 1076 902 σὺν
1103 850 1432 920 βουληθῆναι
1457 852 1728 917 κίνδυνον,
1749 855 1825 917 είς

1937 852 2009 906 de
2031 867 2197 910 causa
2220 857 2379 912 vobis
2406 875 2505 928 per
2531 861 2745 916 litteras
2775 864 2975 919 tradita
3007 873 3162 928 sunt,
3183 876 3244 921 ut
3266 883 3334 922 ne
3357 870 3532 938 agatis

247 942 412 1004 υίέως
465 941 669 1010 κλῆρον
708 941 859 1011 αύτῷ
916 941 1293 1005 καταστάντος
1348 942 1438 995 διὰ
1467 943 1560 996 τοῦ
1605 945 1825 1014 κήδους.

1933 942 1992 998 in
2021 961 2144 999 eum
2178 947 2364 1003 hostili
2399 954 2586 1008 animo
2617 956 2878 1018 armisve,
2913 958 3012 1011 sed
3045 960 3228 1028 potius
3259 969 3319 1014 ut
3348 961 3528 1029 quod-

247 1032 378 1095 Πῶς
409 1033 537 1101 γὰρ,
586 1033 644 1095 ὃς
666 1034 924 1104 πολέμιος
957 1032 1032 1086 ὢν
1065 1036 1158 1087 καὶ
1189 1033 1457 1104 πολεμίαν
1504 1035 1643 1105 ἔχων
1677 1037 1825 1106 αὐτῷ

1931 1051 2040 1105 que
2069 1039 2248 1093 soceri
2275 1043 2579 1098 consilium
2607 1054 2866 1116 tanquam
2931 1049 3236 1118 principale
3265 1052 3527 1120 quiddam

250 1124 490 1196 μητέρα.
519 1124 708 1178 ἔπειτά
730 1143 793 1194 γε
824 1126 920 1180 καὶ
942 1126 1184 1195 πολέμου
1208 1127 1394 1196 νόμοις
1421 1127 1572 1197 αὐτῷ
1597 1128 1825 1197 ληφθεις

1929 1131 2236 1197 astimetis,
2253 1138 2387 1199 etiut
2407 1139 2751 1206 tanquamtad
2769 1139 2933 1207 regia:
2951 1141 3234 1210 dignitatis
3249 1147 3526 1212 specimen

251 1214 376 1280 μὲν,
409 1215 735 1284 περισωθεὶς
762 1217 817 1268 δὲ
853 1217 1196 1286 παραδόξως,
1231 1218 1324 1270 καὶ⁹
1359 1217 1702 1287 κληρονόμος
1722 1223 1824 1289 τῆς

1929 1230 2048 1276 tuos
2066 1240 2245 1280 mores
2260 1239 2324 1280 ac
2339 1229 2566 1284 consilia
2583 1230 2648 1283 ad
2671 1231 2791 1302 ejus
2805 1232 2967 1286 vitam
2985 1242 3282 1289 etmeutem
3299 1235 3528 1304 dirigas.

250 1307 533 1376 βασιλείας
561 1311 663 1379 πρὸ
687 1311 796 1363 τῶν
822 1312 1060 1382 γνησίων
1087 1312 1256 1365 αὐτοῦ
1297 1313 1531 1398 ’παίδων
1594 1307 1896 1384 ἐγγραφεὶς
1935 1315 2270 1390 [ἐνεγράφης
2288 1320 2336 1394 ?]
2373 1324 2546 1394 αὐτῷ.
2587 1327 2827 1394 Ἀπαγε,
2857 1327 2933 1398 μὴ
2965 1331 3029 1380 σύ
3052 1346 3115 1397 γε
3155 1331 3518 1383 τοιαῦθ’ὑπο-

249 1405 384 1459 νόει.
423 1404 656 1459 Ἐπειτά
681 1425 742 1460 σε
771 1408 949 1478 χρεὼν
983 1411 1078 1461 καὶ
1108 1408 1234 1470 τούς
1273 1393 1334 1460 τε
1361 1410 1459 1477 τῆς
1486 1410 1583 1480 σῆς
1612 1411 1821 1481 μητρδς
1860 1413 1956 1466 καὶ
1992 1414 2108 1484 ἅμα
2143 1419 2272 1481 τοὺς
2339 1419 2464 1481 σοὺς
2496 1393 2674 1488 αὐτοῦ,
2732 1393 3004 1491 μεγάλους
3037 1393 3284 1489 ἐκείνους
3318 1426 3519 1494 ὅρκους

248 1501 544 1566 αἰδεῖσθαι,
611 1503 704 1567 οὒς
770 1503 1059 1573 τηνικαῦθ’
1110 1506 1247 1575 ἡμῖν
1310 1504 1623 1574 ἐγγράφους
1667 1506 2032 1577 παρέσχεσθε,
2065 1510 2140 1580 μὴ
2207 1513 2467 1581 πολέμιον
2497 1518 2655 1586 χεῖρα
2682 1518 2807 1587 μηδ’
2838 1516 3061 1570 ἔνοπλον
3091 1519 3252 1589 ἔργον
3284 1521 3522 1586 ἐνδείξα-

248 1599 377 1653 σθαί
407 1617 538 1653 ποτε
577 1601 700 1656 καθ’
737 1601 914 1672 ημῶν,
970 1601 1087 1653 ἀλλ’
1149 1600 1336 1670 ὥσπερ
1395 1603 1728 1672 ἡγεμονικόν
1769 1621 1822 1656 τι
1866 1605 2196 1677 πρόσταγμα
2259 1613 2369 1665 πᾶν
2433 1614 2494 1665 τὸ
2541 1615 2634 1667 τοῦ
2673 1615 2940 1685 πενθεροῦ
2989 1617 3232 1686 νομίζειν
3267 1619 3518 1692 βούλημα

250 1699 420 1766 μέχρι
450 1696 646 1758 παντὸς
680 1694 1065 1768 [vadata-rat],
1098 1698 1193 1750 καὶ
1259 1697 1336 1760 ὡς
1412 1697 1547 1769 πρὸς
1589 1699 1902 1770 ἀρχέτυπον
1940 1699 2110 1765 ὅντως
2131 1708 2342 1772 εικόνος
2368 1706 2659 1780 βασιλικῆς
2698 1711 2823 1775 τοὺς
2856 1714 2986 1780 σοὺς
3018 1719 3348 1774 ἀπευθύνειν
3400 1720 3522 1788 τρό.

247 1805 388 1850 παυς
411 1787 492 1850 είς
524 1789 614 1840 τὶν
645 1787 856 1841 ἐκείνου
887 1787 1001 1857 βίον
1033 1790 1130 1844 καὶ
1160 1789 1339 1857 λόγον.
1373 1809 1394 1844 ι

321 1882 387 1954 [ί.
430 1881 526 1934 155
545 1881 601 1952 lt]
638 1882 720 1936 κ’.
742 1883 927 1935 Ταίτα
958 1885 1055 1953 τῆς
1082 1885 1346 1955 βασιλίδος
1375 1887 1815 1957 Είρήνηςεῖπού-

1998 1883 2112 1938 XX.
2157 1886 2282 1941 Haec
2319 1903 2443 1943 cum
2477 1889 2632 1946 Irene
2675 1893 2862 1963 regina
2924 1894 3229 1967 Palmologo
3300 1903 3416 1970 regi
3463 1911 3521 1960 et

247 1993 352 2044 σης
387 1975 736 2046 Παλαιολόγῳ
765 1978 846 2048 τῷ
874 1977 1084 2046 βασιλεῖ
1114 1979 1208 2031 καὶ
1236 1979 1494 2049 γαμϐρῷ,
1525 1978 1702 2033 τοιάδε
1728 1980 1824 2032 καὶ

244 2069 411 2131 αὺτζς
445 2068 704 2137 ἠμείϐετο
735 2071 868 2138 πρὸς
893 2071 1062 2139 αὐτὴν
1084 2089 1100 2102 ο
1157 2089 1174 2122 ι
1214 2072 1388 2124 Πολλὰ
1417 2071 1522 2124 τῶν
1561 2073 1823 2140 πραγμά-

241 2178 378 2227 των,
410 2154 454 2214 ὦ
492 2163 686 2230 μῆτερ,
742 2164 800 2214 ἐν
850 2163 1158 2232 προοιμίοις
1195 2163 1416 2230 ὁμαλῶς
1472 2163 1729 2233 δρώμενά
1765 2179 1822 2214 τε

243 2257 343 2304 καὶ
375 2253 724 2323 ἀμελούμενα
753 2253 870 2307 δέον
903 2256 1198 2325 περίεργόν
1240 2274 1360 2308 τινα
1395 2259 1492 2309 καὶ
1533 2274 1825 2325 πεφροντι-

244 2346 456 2416 σμένην
478 2346 1066 2416 λαμδάνιινὲξέτασιν,
1090 2350 1292 2418 σῳόδρα
1321 2351 1564 2418 μακροὺς
1598 2349 1826 2418 inexpi-

247 2454 390 2506 μασε
427 2439 556 2502 τοὺς
601 2438 880 2502 κινδύνους
933 2435 1012 2500 οἷς
1069 2441 1144 2510 μὴ
1210 2441 1517 2512 προειδέναι
1569 2440 1825 2512 ὲπῄειδ;’

243 2525 530 2596 ἁπλότητα
546 2526 784 2596 τρόπων,
814 2527 1057 2596 ἀράχνης
1080 2527 1224 2589 τινὸς
1251 2544 1568 2594 μιμούμενα
1601 2531 1820 2597 τρόπον,

245 2617 280 2684 ἦ
299 2617 358 2668 τί
383 2633 444 2668 τε
487 2616 683 2686 χρῶμα
714 2619 810 2670 καὶ
850 2616 1079 2686 ὕφασμα
1108 2619 1202 2671 καὶ
1228 2619 1329 2687 τὴν
1356 2619 1571 2687 κίνησιν
1611 2619 1822 2689 ἁερώδη

245 2709 313 2759 τά
343 2706 504 2759 πάντ’
539 2707 761 2775 ἔλουσα,
803 2707 1056 2761 λανθάνει
1093 2708 1161 2760 τὰ
1215 2707 1326 2761 τῶν
1364 2708 1614 2778 βραχέων
1654 2710 1823 2777 ἐμπίς

246 2815 452 2852 πτοντα
484 2799 640 2862 ζώων
675 2800 847 2870 ῥᾷστα
881 2799 1205 2868 θηρεύουσα.
1251 2800 1422 2868 Κάγὼ
1454 2801 1742 2870 τοιγαροῦν
1777 2803 1824 2854 εί

249 2891 347 2957 μὲν
386 2892 742 2961 ἠρεμήσονττ
762 2892 912 2962 ᾔδειν
951 2892 1234 2945 Ματθαὶον
1266 2893 1357 2945 τὸν
1405 2894 1538 2962 ἐμὸν
1569 2893 1824 2959 ἀδελφὸν,

247 2979 340 3028 καὶ
378 2977 456 3046 μὴ
483 2978 758 3046 πρόφασιν
779 2978 838 3030 τὸ
860 2979 961 3048 τῆς
983 2979 1305 3044 δεσποτείας
1329 2980 1630 3047 αὐτόνομον
1662 2983 1825 3050 Esm-

243 3068 381 3119 κότα
413 3071 514 3137 τὴν
534 3069 674 3137 ἐμὴν
702 3070 1205 3139 καιροφυλακήσειν
1239 3071 1473 3138 σραγὴν,
1497 3069 1590 3121 τοῦ
1624 3069 1825 3132 παντὸς

242 3161 310 3211 ἂν
342 3161 404 3212 τὸ
427 3162 529 3228 τῆς
561 3161 786 3230 εἰρήνης
809 3160 1160 3231 ἐτιμησάμην
1193 3160 1432 3213 ἐνταῦθα
1454 3161 1708 3230 τερπνὸν,
1730 3162 1826 3213 καὶ

1924 1991 2127 2044 genero
2164 1977 2412 2046 dixisset,
2434 1981 2523 2035 ille
2553 1983 2632 2038 sic
2661 1983 2952 2040 oblocutus
2975 1995 3059 2041 est
3088 2005 3108 2041 :
3135 1991 3273 2046 «Res
3311 1997 3520 2086 multae,

1929 2075 2130 2132 mater,
2162 2067 2325 2122 initio
2345 2071 2524 2138 plana:
2562 2087 2682 2127 esse
2711 2074 2974 2130 videntur
3009 2079 3167 2149 155
3206 2091 3261 2135 et
3291 2098 3320 2136 a
3354 2067 3519 2140 nobis

1927 2157 2300 2226 negliguntur,
2338 2169 2500 2230 .‘quas
2551 2172 2733 2218 tamen
2775 2181 2966 2221 revera
3023 2171 3421 2243 circumspecte
3461 2192 3519 2243 θι

1927 2260 2182 2306 accurate
2217 2257 2538 2310 examinare
2572 2271 2715 2327 Opus
2746 2269 2873 2327 est;
2912 2261 2984 2316 ita
3025 2271 3086 2316 ut
3115 2279 3212 2320 eos
3251 2268 3344 2337 qui
3375 2271 3514 2322 sim-

1927 2341 2175 2409 plicitate
2207 2362 2313 2414 qua
2357 2357 2599 2418 aguntur
2630 2365 2722 2404 res
2765 2351 2984 2422 decepti
3019 2354 3120 2409 sibi
3155 2372 3264 2411 non
3290 2375 3516 2432 prospe-

1929 2434 2130 2500 xeriut,
2174 2439 2365 2493 multis
2431 2441 2674 2496 obruant
2714 2445 2999 2513 periculis,
3054 2461 3271 2503 aranea:
3317 2453 3512 2517 instar,

1925 2539 2044 2593 qua:
2069 2542 2194 2582 cum
2222 2545 2442 2600 corpus,
2474 2533 2584 2599 fila,
2614 2543 2816 2597 motus,
2845 2545 3040 2592 cuncta
3072 2539 3126 2592 iu
3155 2556 3280 2594 aere.
3311 2536 3510 2615 teneat,

1927 2614 2192 2673 bestiolas
2217 2635 2340 2689 quae
2374 2623 2461 2675 fila
2496 2623 2972 2682 incidantvenans
3003 2629 3184 2683 lateat.
3205 2631 3322 2687 Non
3347 2635 3516 2689 aliter

1926 2723 2046 2777 ego,
2101 2712 2192 2765 ubi
2227 2713 2541 2768 Matthatum
2599 2717 2820 2772 fratrem
2855 2720 3140 2788 quiescere
3174 2725 3282 2778 vidi
3335 2742 3514 2796 neque

1929 2813 2158 2854 summae
2201 2807 2492 2871 potestatis
2523 2811 2883 2878 capessundm
2916 2816 3107 2882 specie
3141 2829 3514 2886 Opportunum

1930 2891 2100 2945 caedis
2136 2910 2271 2949 mea}
2308 2906 2523 2966 tempus
2555 2914 2898 2970 exspectare,
2933 2905 3132 2972 quietis
3173 2908 3510 2979 voluptatem

1929 2989 2155 3040 turbare
2178 2988 2350 3051 nolui,
2386 3000 2440 3044 ct
2469 2993 2702 3060 quodvis
2729 2995 2846 3065 ejus
2864 2997 3154 3051 consilium
3187 3015 3249 3053 ac
3295 3001 3512 3058 facinus

1928 3073 2164 3131 libenter
2185 3081 2420 3156 antehac
2455 3083 2677 3139 silentio
2708 3087 2970 3152 praeterii.
2996 3087 3155 3143 Nunc
3185 3105 3313 3145 vero
3340 3093 3510 3148 vehe-

1929 3175 2148 3221 menter
2174 3183 2262 3222 me
2297 3170 2571 3239 inquietat
2601 3175 3037 3243 quotiescunque
3067 3177 3133 3230 de
3161 3179 3303 3246 regia
3331 3191 3512 3248 potes-

243 3249 453 3310 ⁸παντὸς
490 3247 608 3317 ἅμα
637 3249 730 3301 καὶ
754 3247 914 3315 λόγου
947 3250 1043 3302 καὶ
1067 3247 1315 3318 πράξεως
1357 3247 1457 3317 τὴν
1491 3249 1824 3318 ἀπράγμονα

1929 3263 2039 3310 tate
2073 3258 2283 3328 aliquid
2314 3261 2421 3314 sibi
2465 3263 2699 3329 asserit;
2730 3279 2849 3328 qua:
2879 3265 3241 3336 jurajuranda
3275 3269 3361 3324 illa
3399 3289 3508 3327 nou

243 3338 464 3409 σιωπὴν
516 3341 862 3409 ἐποιησάμην
911 3339 1246 3408 ἐπίπροσθεν
1305 3339 1449 3410 μάλα
1477 3359 1530 3393 τι
1563 3341 1819 3409 ἄσμενος.

241 3429 362 3481 Νῦν
393 3428 451 3480 δέ
486 3446 554 3498 με
582 3431 842 3496 ταράττει
876 3431 1124 3500 σφοδρῶς
1155 3430 1327 3482 ὁπόσα
1362 3431 1824 3501 σφετεριζόμενος

244 3516 432 3583 ἑαυτῷ
466 3516 566 3584 τῆς
598 3516 871 3585 βασιλείας
900 3515 1214 3587 περιτίθησι
1263 3516 1530 3586 σύμϐολα,
1580 3521 1681 3572 ὅσα
1711 3521 1824 3582 τοῖς

243 3611 434 3678 ὅρκοις
489 3609 722 3670 ἐκείνοις
777 3608 1124 3678 σιωπηθέντα
1203 3609 1643 3679 παρρησιάζεται
1703 3610 1820 3675 νῦν,

247 3702 439 3772 ἡρέμα
464 3701 560 3754 καὶ
586 3700 728 3752 κατὰ
756 3699 949 3769 μικρὸν
981 3699 1067 3768 ἐφ’
1103 3701 1319 3768 ἑτέραις
1354 3701 1516 3770 ἕτερα
1557 3702 1824 3770 διηνεκῶς

249 3793 654 3863 προστιθέμενα
714 3793 809 3844 καὶ
862 3790 960 3861 τὴν
1027 3792 1168 3862 ἐμὴν
1221 3793 1502 3862 ἀναίρεσιν
1553 3795 1714 3862 μόνον
1759 3795 1821 3845 οὗ

245 3884 635 3954 τραγῳδοῦντα
658 3883 763 3953 πρὸ
792 3882 970 3952 θυρῶν
999 3885 1108 3935 τῶν
1132 3883 1302 3951 ἐμῶν,
1348 3884 1488 3945 δέον,
1533 3887 1580 3936 εί
1606 3887 1703 3954 μὲν
1743 3885 1824 3936 δίο

249 3993 382 4029 stata
433 3977 617 4037 ταυτὶ,
674 3978 786 4037 τοῖς
817 3977 998 4044 ὅρκοις
1035 3976 1264 4038 ἐκείνοις
1313 3975 1423 4027 τότ’
1454 3975 1821 4046 ἐγγραφῆναι,

247 4068 340 4130 οὒς
382 4069 586 4136 ἀρτίως
659 4066 952 4136 προφέρεις
1003 4065 1192 4131 δεξιῶς
1245 4067 1369 4135 ἐμοὶ
1399 4068 1498 4134 τὴν
1530 4067 1824 4122 κατάλυσιν

247 4159 588 4222 ὀνειδίζουσα
608 4175 624 4189 ο
664 4159 712 4209 εί
743 4157 798 4208 δὲ
830 4158 956 4218 τοὺς
986 4157 1185 4225 νόμους
1231 4153 1550 4224 αἰδούμενος
1579 4156 1700 4207 τότε
1739 4171 1827 4206 σε-

250 4254 468 4320 σίγτοκε,
505 4249 624 4311 πῶς
650 4248 710 4301 οὐ
737 4247 830 4302 νῦν
869 4247 1069 4317 μᾶλλον
1093 4248 1325 4300 αἰδεῖται
1357 4245 1484 4309 τοὺς
1522 4245 1718 4316 ὅρκους
1765 4264 1825 4300 τε

247 4340 392 4392 λύων
433 4340 679 4402 ἐκείνους
705 4337 1045 4409 περιφανῶς,
1077 4339 1171 4390 καὶ
1200 4337 1236 4390 ἃ
1266 4339 1378 4399 τοῖς
1404 4337 1591 4406 νόμοις
1623 4336 1826 4389 κωλύε-

1927 3358 2118 3401 vetant
2157 3365 2305 3405 nunc
2352 3352 2526 3407 libere
2571 3353 2722 3420 facit,
2771 3354 2992 3409 silentio
3026 3372 3090 3412 ac
3133 3362 3364 3430 carptim
3401 3363 3509 3417 alia

1926 3438 2050 3493 aliis
2094 3442 2357 3497 continuo
2385 3444 2556 3511 addit,
2591 3447 2890 3515 perniciem
2924 3462 3098 3502 meam
3142 3456 3352 3504 tantum
3397 3468 3507 3508 non

1925 3528 2065 3584 ludit
2094 3539 2218 3584 ante
2249 3531 2470 3587 domum
2505 3550 2698 3591 meam.
2718 3536 2843 3591 Ηϊο
2873 3549 3052 3594 autem
3085 3539 3131 3594 si
3174 3540 3324 3609 justa
3353 3551 3504 3610 sunt,

1925 3635 2027 3676 cur
2049 3639 2158 3676 non
2191 3623 2530 3681 exhibuistis
2562 3628 2614 3682 in
2651 3630 2847 3684 litteris
2875 3632 2983 3686 illis
3015 3633 3330 3701 quasmodo
3359 3649 3510 3688 com-

1929 3715 2278 3780 memorasti,
2309 3725 2364 3769 et
2395 3731 2532 3784 quas
2569 3734 2656 3772 me
2706 3721 2914 3775 violare
2960 3731 3066 3776 tam
3113 3725 3337 3777 dextere
3373 3724 3508 3778 mihi

1928 3804 2228 3872 opprobrio
2259 3805 2459 3862 fecisti.
2490 3807 2660 3874 Quid,
2693 3811 2737 3866 si
2767 3823 2997 3881 propter
3030 3815 3213 3883 legum
3239 3831 3510 3871 verecun-

1927 3897 2071 3950 diam
2123 3897 2217 3952 illo
2267 3908 2516 3969 tempore
2560 3903 2795 3971 quievit,
2841 3920 2941 3959 cur
2971 3921 3083 3961 non
3127 3923 3276 3963 nunc
3322 3909 3507 3978 potius

1925 3989 2317 4044 verecundiam
2355 4000 2531 4057 tenet,
2555 4007 2677 4048 cum
2717 3995 3074 4066 jurajurauda
3107 3999 3198 4054 illa
3229 4001 3406 4056 solvat
3450 4012 3508 4058 et

1928 4095 2047 4149 quae
2079 4081 2293 4151 lcgibu’s
2321 4083 2491 4137 vetita
2526 4095 2656 4139 sunt
2685 4087 2950 4141 effrenata
2991 4089 3227 4157 quadam
3279 4091 3503 4148 licentia

1927 4171 2060 4224 mihi
2091 4173 2286 4242 rapiat.
2318 4172 2444 4229 Haec
2471 4183 2652 4231 autem
2690 4177 2816 4232 facit
2840 4179 2990 4233 socio
3019 4189 3194 4250 patre.
3217 4181 3317 4249 Qui
3352 4184 3503 4238 enim

1928 4273 2017 4315 res
2043 4275 2355 4332 compertas
2389 4266 2575 4334 habet,
2601 4282 2697 4323 nec
2729 4277 2906 4325 tamen
2941 4270 3006 4326 iis
3035 4271 3203 4326 officit
3226 4275 3340 4343 ipse
3365 4291 3507 4345 quo-

1927 4368 2034 4423 que
2069 4368 2198 4409 reus
2238 4356 2524 4414 habendus
2559 4359 2720 4430 156
2749 4371 2852 4415 est.
2888 4361 2985 4416 Ille
3019 4362 3185 4433 igitur
3215 4365 3308 4434 qui
3347 4366 3504 4436 jure—

249 4453 360 4495 ται,
396 4433 514 4502 μετ’
540 4431 786 4496 ἐξουσίας
808 4431 868 4482 ού
895 4431 1042 4496 μάλα
1073 4447 1126 4482 τι
1151 4428 1536 4499 προσηκούσης
1559 4429 1824 4498 ἁρπάζων

1929 4445 2160 4516 iurando
2217 4448 2506 4504 aﬂirmavit
2552 4467 2610 4505 se
2664 4453 2798 4507 mihi
2852 4469 3074 4524 quoque
3117 4470 3331 4526 patrem
3381 4474 3504 4516 csse

251 4525 477 4592 ἀρτίως.
531 4522 638 4575 Καὶ
695 4522 872 4577 ταῦτα
921 4522 1022 4593 δρᾷ
1053 4522 1146 4576 τοῦ
1179 4522 1384 4593 πατρὸς
1407 4523 1821 4593 συγχωροῦντος

1929 4536 2089 4602 velle,
2136 4539 2258 4592 vita:
2303 4553 2437 4594 meae
2481 4542 2710 4596 insidias
2749 4522 2944 4600 tendit.
2976 4522 3276 4601 licentiam
3329 4543 3502 4616 enim,

252 4619 455 4669 ἅπασι·
492 4615 572 4685 τῷ
625 4613 734 4685 γὰρ
772 4615 860 4668 ἀεὶ
915 4616 1183 4686 βλέποντα
1224 4617 1300 4688 μὴ
1335 4613 1568 4668 κωλύειν
1621 4617 1716 4668 καὶ
1749 4617 1823 4680 ὼς

252 4709 414 4771 αὐτὸς
454 4707 778 4778 αὐτόχρημα
835 4708 978 4777 δρῶν
1027 4708 1332 4773 ἁλίσκεται,
1359 4710 1450 4761 καὶ
1481 4707 1573 4760 τὸν
1610 4709 1742 4776 ἐμὸν
1769 4711 1824 4770 ἐς

251 4794 532 4868 προῦπτον
557 4800 584 4850 ὁ
615 4798 786 4858 κοινὸς
819 4797 1003 4867 πατὴρ
1035 4791 1176 4848 εἶναι
1207 4795 1518 4866 ὀμωμοκὼς
1564 4797 1829 4866 δημιουρ-

252 4895 339 4958 γεῖ
366 4890 618 4943 θάνατον.
665 4888 782 4957 Ἐφ’
805 4887 840 4942 ὃ.
873 4889 979 4959 γᾶρ
1005 4887 1096 4940 τὸν
1125 4888 1294 4940 παῖδα
1320 4889 1566 4958 σχήματι
1612 4889 1825 4956 σιωπῆς

253 4984 552 5055 συγχωρεῖ,
588 4982 686 5054 τὴν
729 4983 818 5034 διὰ
847 4980 1096 5052 γλώττης
1152 4981 1468 5060 προτροπὴν
1500 4983 1566 5049 τῇ
1595 4979 1682 5032 διὰ
1719 4982 1829 5032 τῶν

252 5078 433 5146 ἔργων
470 5075 778 5144 νενίκηκεν,
809 5072 1002 5141 ἐκείνῳ
1061 5071 1160 5139 μὲν
1201 5071 1540 5141 ηπατηκὼςι,
1576 5072 1752 5143 τούτῳ
1782 5074 1828 5127 δ’

251 5169 532 5224 ἐπιπεσὼν
552 5169 638 5220 διὰ
661 5167 759 5237 τὴν
783 5167 844 5216 ἐκ
897 5165 990 5217 τοῦ
1041 5163 1326 5247 λεληθέναι
1379 5164 1692 5238 εὐστοχίαν,
1726 5166 1830 5218 κά.

252 5264 418 5332 κεί-ίῳ
453 5261 552 5330 μὲν
582 5258 641 5311 τὸ
668 5259 764 5327 τῆς
795 5255 1146 5328 ἀνθρωπίνης
1193 5255 1568 5324 ἐπιτιμήσεως
1612 5257 1830 5324 φεύγων

252 5354 553 5425 προφανὲς,
599 5350 772 5420 τούτῳ
831 5347 876 5402 δ’
931 5349 1208 5416 ἐγκαίρως
1255 5347 1351 5416 τὴν
1386 5348 1510 5416 ¹τοῦ
1550 5349 1829 5419 δράματος

252 5445 653 5502 ἀνακαλύπτων
689 5445 896 5512 σκηνὴν
934 5440 1029 5492 καὶ
1083 5442 1180 5506 τὴν
1234 5439 1399 5491 πάλαι
1441 5441 1831 5511 κρυπτομένην

255 5541 452 5611 βουλὴν
517 5536 617 5606 ὀψὲ
652 5533 995 5604 προδεικνύς.
1064 5532 1215 5583 Ἐπεὶ
1259 5532 1366 5601 γάρ
1403 5534 1572 5585 πολλὰ
1595 5533 1703 5586 τῶν
1733 5536 1831 5602 τῆς

255 5632 453 5693 κακίας
482 5627 640 5681 εἰδῶ]
676 5623 935 5694 λεχθέντα
968 5622 1089 5691 μὲν,
1145 5623 1408 5686 ἐπιεικῶς
1437 5624 1480 5675 δ’
1512 5624 1692 5677 ἄτοπα
1747 5626 1832 5679 δό-

257 5726 420 5790 ξαντα
445 5721 543 5791 τὴν
573 5716 742 5789 θύραν
782 5713 1044 5770 ἀνασειδεῖ
1075 5713 1170 5784 τῆς
1199 5716 1491 5782 γενέσεως,
1526 5716 1829 5786 πράττεται

255 5815 428 5885 ῥᾷστα
484 5806 677 5862 λοιπὸν
707 5806 885 5878 σιωπῇ
921 5805 1017 5858 καὶ
1048 5807 1178 5874 πρὶν
1211 5804 1466 5876 λεχθῆναι
1519 5809 1595 5876 τῷ
1623 5807 1826 5877 δρῶντι

1930 4641 2092 4695 quam
2120 4629 2295 4694 primo
2324 4631 2486 4685 tacite
2521 4632 2634 4687 lilio
2680 4635 2951 4700 concedit,
2989 4637 3154 4707 paulo
3178 4648 3301 4708 post
3333 4656 3500 4712 Opera

1930 4718 2168 4787 adiuvat.
2208 4721 2363 4776 Modo
2393 4738 2502 4792 quo
2532 4735 2618 4778 m‘e
2650 4725 2800 4780 fallat
2832 4727 3015 4782 dolum
3047 4730 3304 4796 intendit,
3341 4735 3505 4788 modo

1930 4812 2026 4865 ubi
2065 4812 2119 4866 in
2166 4814 2386 4869 occulto
2418 4815 2538 4870 fieri
2574 4827 2773 4886 potest,
2809 4820 3082 4876 hostiliter
3134 4839 3220 4879 me
3270 4825 3502 4893 invadit,

1934 4902 2096 4955 modo
2129 4917 2199 4955 ne
2226 4902 2342 4970 ipse
2372 4905 2428 4958 in
2457 4905 2746 4960 hominum
2779 4909 3038 4964 invidiam
3073 4912 3279 4968 incidat
3342 4919 3506 4986 quie-

1924 4991 2059 5055 scit,
2091 4992 2254 5047 modo
2287 4994 2410 5048 data
2437 4995 2724 5052 occasione
2754 4997 2807 5050 in
2847 5011 3065 5053 scenam
3111 5003 3272 5069 redit,
3304 5013 3358 5056 et
3383 5020 3505 5075 qure

1933 5083 2024 5138 diu
2059 5087 2206 5139 coxit
2248 5086 2479 5142 consilia
2532 5090 2814 5160 proponit.
2867 5089 3034 5146 Multa
3087 5093 3330 5150 facinora
3382 5114 3504 5168 qua:

1933 5176 2091 5230 nobis
2134 5185 2320 5245 aperta
2373 5175 2514 5232 fiunt
2552 5186 2734 5234 tamen
2781 5196 2906 5235 cum
2949 5183 3171 5239 insolita
3211 5187 3504 5244 videantur

1935 5270 2138 5322 fontem
2167 5285 2197 5324 e
2223 5285 2331 5337 quo
2363 5269 2726 5339 profluxeri‘ut
2759 5273 2919 5330 nobis
2949 5290 3058 5329 non
3087 5279 3405 5335 ostendunt.
3447 5282 3502 5337 in

1934 5362 2152 5414 occulto
2185 5361 2444 5417 facillime
2482 5374 2899 5432 promoventur.
2939 5367 3010 5420 ita
3064 5369 3286 5437 quidem
3323 5381 3383 5426 ut
3435 5388 3502 5426 ne

1934 5451 2052 5520 ipse
2083 5451 2306 5519 quidem
2353 5453 2448 5522 qui
2501 5463 2782 5523 pcrpetret
2813 5455 3113 5526 quidquam
3147 5461 3371 5529 planum
3401 5464 3502 5516 ha-

1935 5541 2084 5606 heat,
2121 5555 2298 5609 neque
2327 5542 2419 5610 qui
2455 5542 2599 5596 malo
2643 5541 2932 5599 afﬁciatur.
2963 5546 3119 5603 Unde
3155 5549 3236 5612 fit,
3259 5557 3316 5600 ut
3350 5549 3396 5602 is
3446 5552 3503 5605 iu

1935 5647 2098 5702 quem
2133 5630 2375 5685 facinora
2403 5641 2731 5686 exercentur
2759 5635 3077 5706 priusquam
3113 5641 3258 5694 unde
3289 5642 3505 5695 venerit

1937 5724 1990 5777 in
2025 5731 2282 5776 cmteram
2316 5721 2615 5792 perniciem
2654 5723 2878 5778 iudicat.
2923 5725 3199 5797 Cujus_rei
3248 5730 3498 5798 exempla

1936 5814 2199 5886 cujusque
2245 5813 2422 5871 aetatis
2459 5815 2801 5886 experientia
2833 5816 3011 5884 docet,
3048 5835 3168 5890 quae
3201 5820 3500 5877 multorum
