  <div class='ocr_page' id='page_1' title='image "/cluster/home/n/w/nwhite01/storage/ocr_20150623/149/mdp.39015078384750/075.png"; bbox 0 0 4070 6326; ppageno 0'>
   <div class='ocr_carea' id='block_1_1' title="bbox 425 817 2115 895">
    <p class='ocr_par' dir='ltr' id='par_1_1' title="bbox 425 817 2115 895">
     <span class='ocr_line' id='line_1_1' title="bbox 425 817 2115 895; baseline -0.009 -5"><span class='ocrx_word' id='word_1_1' title='bbox 425 817 429 820; x_wconf 41' lang='grc'><strong>’</strong></span> <span class='ocrx_word' id='word_1_2' title='bbox 534 835 732 889; x_wconf 87' lang='lat' dir='ltr'><strong>fratres</strong></span> <span class='ocrx_word' id='word_1_3' title='bbox 756 830 964 885; x_wconf 86' lang='lat' dir='ltr'><strong>ferrum</strong></span> <span class='ocrx_word' id='word_1_4' title='bbox 987 824 1518 895; x_wconf 78' lang='lat' dir='ltr'><strong>consanguineorum</strong></span> <span class='ocrx_word' id='word_1_5' title='bbox 1552 822 1822 892; x_wconf 73' lang='lat' dir='ltr'><strong>sanguine</strong></span> <span class='ocrx_word' id='word_1_6' title='bbox 1848 818 2115 890; x_wconf 80' lang='lat' dir='ltr'><strong>polluisse</strong></span> 
     </span>
    </p>
   </div>
   <div class='ocr_carea' id='block_1_2' title="bbox 429 908 2114 984">
    <p class='ocr_par' dir='ltr' id='par_1_2' title="bbox 429 908 2114 984">
     <span class='ocr_line' id='line_1_2' title="bbox 429 908 2114 984; baseline -0.011 -1"><span class='ocrx_word' id='word_1_7' title='bbox 429 982 432 984; x_wconf 40' lang='grc' dir='ltr'><em>η</em></span> <span class='ocrx_word' id='word_1_8' title='bbox 536 934 756 980; x_wconf 88' lang='lat' dir='ltr'><strong>etcum</strong></span> <span class='ocrx_word' id='word_1_9' title='bbox 798 916 1039 974; x_wconf 81' lang='lat' dir='ltr'><strong>nefanda</strong></span> <span class='ocrx_word' id='word_1_10' title='bbox 1084 915 1291 969; x_wconf 87' lang='lat' dir='ltr'><strong>malitia</strong></span> <span class='ocrx_word' id='word_1_11' title='bbox 1324 927 1516 967; x_wconf 85' lang='lat' dir='ltr'><strong>eorum</strong></span> <span class='ocrx_word' id='word_1_12' title='bbox 1563 911 1814 982; x_wconf 87' lang='lat' dir='ltr'><strong>jugulum</strong></span> <span class='ocrx_word' id='word_1_13' title='bbox 1866 908 2114 980; x_wconf 86' lang='lat' dir='ltr'><strong>petiisse.</strong></span> 
     </span>
    </p>
   </div>
   <div class='ocr_carea' id='block_1_3' title="bbox 534 325 3804 417">
    <p class='ocr_par' dir='ltr' id='par_1_3' title="bbox 534 325 3804 417">
     <span class='ocr_line' id='line_1_3' title="bbox 534 325 3804 417; baseline -0.007 -2"><span class='ocrx_word' id='word_1_14' title='bbox 534 350 635 417; x_wconf 78' lang='lat' dir='ltr'><strong>I35</strong></span> <span class='ocrx_word' id='word_1_15' title='bbox 1742 335 2164 403; x_wconf 81' lang='lat' dir='ltr'><strong>NICEPHORI</strong></span> <span class='ocrx_word' id='word_1_16' title='bbox 2199 333 2582 397; x_wconf 81' lang='lat' dir='ltr'><strong>GREGOR/E</strong></span> <span class='ocrx_word' id='word_1_17' title='bbox 3680 325 3804 392; x_wconf 74' lang='lat' dir='ltr'><strong>I36</strong></span> 
     </span>
    </p>
   </div>
   <div class='ocr_carea' id='block_1_4' title="bbox 527 441 2144 536">
    <p class='ocr_par' dir='ltr' id='par_1_4' title="bbox 527 453 2144 536">
     <span class='ocr_line' id='line_1_4' title="bbox 527 453 2144 536; baseline -0.009 -16"><span class='ocrx_word' id='word_1_18' title='bbox 527 466 623 536; x_wconf 87' lang='lat' dir='ltr'><strong>qui</strong></span> <span class='ocrx_word' id='word_1_19' title='bbox 655 464 712 520; x_wconf 89' lang='lat' dir='ltr'><strong>in</strong></span> <span class='ocrx_word' id='word_1_20' title='bbox 745 460 938 519; x_wconf 87' lang='lat' dir='ltr'><strong>eadem</strong></span> <span class='ocrx_word' id='word_1_21' title='bbox 964 456 1072 513; x_wconf 86' lang='lat' dir='ltr'><strong>hac</strong></span> <span class='ocrx_word' id='word_1_22' title='bbox 1112 470 1234 513; x_wconf 89' lang='lat' dir='ltr'><strong>mea</strong></span> <span class='ocrx_word' id='word_1_23' title='bbox 1265 453 1585 511; x_wconf 84' lang='lat' dir='ltr'><strong>conditione</strong></span> <span class='ocrx_word' id='word_1_24' title='bbox 1615 454 1816 509; x_wconf 89' lang='lat' dir='ltr'><strong>versati</strong></span> <span class='ocrx_word' id='word_1_25' title='bbox 1850 462 1982 509; x_wconf 87' lang='lat' dir='ltr'><strong>sunt</strong></span> <span class='ocrx_word' id='word_1_26' title='bbox 2007 466 2112 507; x_wconf 72' lang='lat' dir='ltr'><strong>cte-</strong></span> <span class='ocrx_word' id='word_1_27' title='bbox 2139 507 2144 518; x_wconf 42' lang='grc' dir='ltr'><strong>η</strong></span> 
     </span>
    </p>
   </div>
   <div class='ocr_carea' id='block_1_5' title="bbox 2246 441 3813 536">
    <p class='ocr_par' dir='ltr' id='par_1_5' title="bbox 2246 441 3813 521">
     <span class='ocr_line' id='line_1_5' title="bbox 2246 441 3813 521; baseline -0.006 -19"><span class='ocrx_word' id='word_1_28' title='bbox 2246 449 2305 502; x_wconf 74' lang='grc' dir='ltr'>αὶ</span> <span class='ocrx_word' id='word_1_29' title='bbox 2343 447 2478 521; x_wconf 82' lang='grc' dir='ltr'>πρὶν</span> <span class='ocrx_word' id='word_1_30' title='bbox 2503 444 2878 517; x_wconf 81' lang='grc' dir='ltr'>ἐνθυμηθῆναι</span> <span class='ocrx_word' id='word_1_31' title='bbox 2908 442 3000 500; x_wconf 69' lang='grc' dir='ltr'><strong>τὸν</strong></span> <span class='ocrx_word' id='word_1_32' title='bbox 3025 442 3328 514; x_wconf 77' lang='grc' dir='ltr'>πάσχοντα,</span> <span class='ocrx_word' id='word_1_33' title='bbox 3351 442 3444 496; x_wconf 65' lang='grc' dir='ltr'>καὶ</span> <span class='ocrx_word' id='word_1_34' title='bbox 3465 441 3660 510; x_wconf 78' lang='grc' dir='ltr'><strong>φθάνει</strong></span> <span class='ocrx_word' id='word_1_35' title='bbox 3699 444 3813 512; x_wconf 71' lang='grc' dir='ltr'>τὴν</span> 
     </span>
    </p>
   </div>
   <div class='ocr_carea' id='block_1_6' title="bbox 529 524 2144 621">
    <p class='ocr_par' dir='ltr' id='par_1_6' title="bbox 529 524 2113 621">
     <span class='ocr_line' id='line_1_6' title="bbox 529 524 2113 621; baseline -0.012 -6"><span class='ocrx_word' id='word_1_36' title='bbox 529 524 657 615; x_wconf 82' lang='lat' dir='ltr'><strong>dem</strong></span> <span class='ocrx_word' id='word_1_37' title='bbox 687 555 858 611; x_wconf 91' lang='lat' dir='ltr'><strong>refert</strong></span> <span class='ocrx_word' id='word_1_38' title='bbox 885 552 1164 621; x_wconf 81' lang='lat' dir='ltr'><strong>simulque</strong></span> <span class='ocrx_word' id='word_1_39' title='bbox 1197 548 1582 604; x_wconf 76' lang='lat' dir='ltr'><strong>adolescentes</strong></span> <span class='ocrx_word' id='word_1_40' title='bbox 1609 558 1880 613; x_wconf 89' lang='lat' dir='ltr'><strong>senesque</strong></span> <span class='ocrx_word' id='word_1_41' title='bbox 1903 542 2113 598; x_wconf 87' lang='lat' dir='ltr'><strong>adhor-</strong></span> 
     </span>
    </p>
   </div>
   <div class='ocr_carea' id='block_1_7' title="bbox 2246 524 3817 621">
    <p class='ocr_par' dir='ltr' id='par_1_7' title="bbox 2246 524 3817 610">
     <span class='ocr_line' id='line_1_7' title="bbox 2246 524 3817 610; baseline -0.007 -17"><span class='ocrx_word' id='word_1_42' title='bbox 2246 539 2420 594; x_wconf 74' lang='grc' dir='ltr'>’νῶσιν</span> <span class='ocrx_word' id='word_1_43' title='bbox 2449 540 2484 610; x_wconf 80' lang='grc' dir='ltr'>ἡ</span> <span class='ocrx_word' id='word_1_44' title='bbox 2515 539 2682 608; x_wconf 81' lang='grc' dir='ltr'>πεῖρα</span> <span class='ocrx_word' id='word_1_45' title='bbox 2707 537 2831 589; x_wconf 98' lang='grc' dir='ltr'>λίαν</span> <span class='ocrx_word' id='word_1_46' title='bbox 2858 534 3118 597; x_wconf 80' lang='grc' dir='ltr'><strong>ὠκύπους</strong></span> <span class='ocrx_word' id='word_1_47' title='bbox 3173 535 3404 602; x_wconf 83' lang='grc' dir='ltr'>φανεῖσα</span> <span class='ocrx_word' id='word_1_48' title='bbox 3431 532 3554 584; x_wconf 78' lang='grc' dir='ltr'>καθ’</span> <span class='ocrx_word' id='word_1_49' title='bbox 3582 524 3642 584; x_wconf 72' lang='grc' dir='ltr'>οὗ</span> <span class='ocrx_word' id='word_1_50' title='bbox 3673 533 3817 584; x_wconf 82' lang='grc' dir='ltr'>τολ-</span> 
     </span>
    </p>
   </div>
   <div class='ocr_carea' id='block_1_8' title="bbox 536 627 2144 714">
    <p class='ocr_par' dir='ltr' id='par_1_8' title="bbox 536 635 2114 714">
     <span class='ocr_line' id='line_1_8' title="bbox 536 635 2114 714; baseline -0.01 -9"><span class='ocrx_word' id='word_1_51' title='bbox 536 659 686 705; x_wconf 87' lang='lat' dir='ltr'><strong>tatur</strong></span> <span class='ocrx_word' id='word_1_52' title='bbox 717 663 778 703; x_wconf 84' lang='lat' dir='ltr'><strong>ut</strong></span> <span class='ocrx_word' id='word_1_53' title='bbox 825 645 933 701; x_wconf 86' lang='lat' dir='ltr'><strong>sibi</strong></span> <span class='ocrx_word' id='word_1_54' title='bbox 988 641 1351 714; x_wconf 56' lang='lat' dir='ltr'><strong>prospiciam.</strong></span> <span class='ocrx_word' id='word_1_55' title='bbox 1405 637 1675 694; x_wconf 77' lang='lat' dir='ltr'><strong>Audimus</strong></span> <span class='ocrx_word' id='word_1_56' title='bbox 1723 635 1873 690; x_wconf 91' lang='lat' dir='ltr'><strong>enim</strong></span> <span class='ocrx_word' id='word_1_57' title='bbox 1927 642 2114 704; x_wconf 87' lang='lat' dir='ltr'><strong>patres</strong></span> 
     </span>
    </p>
   </div>
   <div class='ocr_carea' id='block_1_9' title="bbox 2246 627 3819 714">
    <p class='ocr_par' dir='ltr' id='par_1_9' title="bbox 2246 627 3819 703">
     <span class='ocr_line' id='line_1_9' title="bbox 2246 627 3819 703; baseline -0.006 -15"><span class='ocrx_word' id='word_1_58' title='bbox 2246 635 2391 688; x_wconf 77' lang='grc' dir='ltr'>ιᾶται</span> <span class='ocrx_word' id='word_1_59' title='bbox 2413 631 2484 686; x_wconf 81' lang='grc' dir='ltr'><strong>τὰ</strong></span> <span class='ocrx_word' id='word_1_60' title='bbox 2511 631 2784 703; x_wconf 80' lang='grc' dir='ltr'>χείριστα.</span> <span class='ocrx_word' id='word_1_61' title='bbox 2811 629 2921 683; x_wconf 78' lang='grc' dir='ltr'><strong>Καὶ</strong></span> <span class='ocrx_word' id='word_1_62' title='bbox 2952 628 3273 683; x_wconf 80' lang='grc' dir='ltr'>διδάσκαλον</span> <span class='ocrx_word' id='word_1_63' title='bbox 3297 627 3421 697; x_wconf 71' lang='grc' dir='ltr'>ἔσχε</span> <span class='ocrx_word' id='word_1_64' title='bbox 3452 628 3544 679; x_wconf 81' lang='grc' dir='ltr'>τὸν</span> <span class='ocrx_word' id='word_1_65' title='bbox 3571 627 3819 679; x_wconf 77' lang='grc' dir='ltr'>ἅπαντα</span> 
     </span>
    </p>
   </div>
   <div class='ocr_carea' id='block_1_10' title="bbox 535 718 2144 813">
    <p class='ocr_par' dir='ltr' id='par_1_10' title="bbox 535 727 2114 813">
     <span class='ocr_line' id='line_1_10' title="bbox 535 727 2114 813; baseline -0.011 -16"><span class='ocrx_word' id='word_1_66' title='bbox 535 740 806 813; x_wconf 87' lang='lat' dir='ltr'><strong>quosdam</strong></span> <span class='ocrx_word' id='word_1_67' title='bbox 835 745 1121 792; x_wconf 84' lang='lat' dir='ltr'><strong>cruentam</strong></span> <span class='ocrx_word' id='word_1_68' title='bbox 1153 747 1374 787; x_wconf 88' lang='lat' dir='ltr'><strong>manum</strong></span> <span class='ocrx_word' id='word_1_69' title='bbox 1407 730 1662 784; x_wconf 78' lang='lat' dir='ltr'><strong>intulisse</strong></span> <span class='ocrx_word' id='word_1_70' title='bbox 1689 727 1818 783; x_wconf 87' lang='lat' dir='ltr'><strong>filiis</strong></span> <span class='ocrx_word' id='word_1_71' title='bbox 1843 737 1900 784; x_wconf 89' lang='lat' dir='ltr'><strong>et</strong></span> <span class='ocrx_word' id='word_1_72' title='bbox 1926 727 2114 797; x_wconf 77' lang='lat' dir='ltr'><strong>plures</strong></span> 
     </span>
    </p>
   </div>
   <div class='ocr_carea' id='block_1_11' title="bbox 2246 718 3818 813">
    <p class='ocr_par' dir='ltr' id='par_1_11' title="bbox 2246 718 3818 796">
     <span class='ocr_line' id='line_1_11' title="bbox 2246 718 3818 796; baseline -0.006 -17"><span class='ocrx_word' id='word_1_73' title='bbox 2246 725 2406 794; x_wconf 12' lang='grc' dir='ltr'>χρόνον</span> <span class='ocrx_word' id='word_1_74' title='bbox 2435 722 2500 796; x_wconf 74' lang='grc' dir='ltr'>[ί.</span> <span class='ocrx_word' id='word_1_75' title='bbox 2529 725 2632 778; x_wconf 77' lang='grc'><strong>155</strong></span> <span class='ocrx_word' id='word_1_76' title='bbox 2663 721 2717 794; x_wconf 88' lang='lat' dir='ltr'><strong>b]</strong></span> <span class='ocrx_word' id='word_1_77' title='bbox 2752 723 2784 792; x_wconf 79' lang='grc' dir='ltr'>ἡ</span> <span class='ocrx_word' id='word_1_78' title='bbox 2809 722 2918 774; x_wconf 85' lang='grc' dir='ltr'><strong>τῶν</strong></span> <span class='ocrx_word' id='word_1_79' title='bbox 2948 721 3294 790; x_wconf 80' lang='grc' dir='ltr'><strong>πραγμάτων</strong></span> <span class='ocrx_word' id='word_1_80' title='bbox 3328 719 3511 787; x_wconf 78' lang='grc' dir='ltr'>φύσις,</span> <span class='ocrx_word' id='word_1_81' title='bbox 3547 719 3641 774; x_wconf 76' lang='grc' dir='ltr'>ἐπὶ</span> <span class='ocrx_word' id='word_1_82' title='bbox 3665 718 3818 770; x_wconf 67' lang='grc' dir='ltr'>πολι</span> 
     </span>
    </p>
   </div>
   <div class='ocr_carea' id='block_1_12' title="bbox 2218 811 3819 887">
    <p class='ocr_par' dir='ltr' id='par_1_12' title="bbox 2218 811 3819 887">
     <span class='ocr_line' id='line_1_12' title="bbox 2218 811 3819 887; baseline -0.006 -17"><span class='ocrx_word' id='word_1_83' title='bbox 2218 817 2326 870; x_wconf 91' lang='grc' dir='ltr'><strong>λῶν</strong></span> <span class='ocrx_word' id='word_1_84' title='bbox 2356 816 2466 870; x_wconf 90' lang='grc' dir='ltr'><strong>τῶν</strong></span> <span class='ocrx_word' id='word_1_85' title='bbox 2499 814 2702 887; x_wconf 77' lang='grc' dir='ltr'>ὁμοίων</span> <span class='ocrx_word' id='word_1_86' title='bbox 2724 812 3040 885; x_wconf 80' lang='grc' dir='ltr'>περιφανῶς</span> <span class='ocrx_word' id='word_1_87' title='bbox 3092 813 3194 882; x_wconf 76' lang='grc' dir='ltr'>τὴν</span> <span class='ocrx_word' id='word_1_88' title='bbox 3243 811 3528 883; x_wconf 72' lang='grc' dir='ltr'>ἀναίρεσιν</span> <span class='ocrx_word' id='word_1_89' title='bbox 3548 811 3819 880; x_wconf 58' lang='lat' dir='ltr'><strong>ilva-rpi-</strong></span> 
     </span>
    </p>
   </div>
   <div class='ocr_carea' id='block_1_13' title="bbox 2219 903 3812 980">
    <p class='ocr_par' dir='ltr' id='par_1_13' title="bbox 2219 903 3812 980">
     <span class='ocr_line' id='line_1_13' title="bbox 2219 903 3812 980; baseline -0.007 -17"><span class='ocrx_word' id='word_1_90' title='bbox 2219 926 2390 980; x_wconf 88' lang='grc' dir='ltr'>φοντα</span> <span class='ocrx_word' id='word_1_91' title='bbox 2415 907 2689 979; x_wconf 74' lang='grc' dir='ltr'><strong>βλέπουσα</strong></span> <span class='ocrx_word' id='word_1_92' title='bbox 2721 905 2817 959; x_wconf 78' lang='grc' dir='ltr'>καὶ</span> <span class='ocrx_word' id='word_1_93' title='bbox 2847 903 3219 975; x_wconf 81' lang='grc' dir='ltr'>φυλάττεσθαι</span> <span class='ocrx_word' id='word_1_94' title='bbox 3269 904 3404 957; x_wconf 80' lang='grc' dir='ltr'>πᾶσι</span> <span class='ocrx_word' id='word_1_95' title='bbox 3435 905 3615 956; x_wconf 84' lang='grc' dir='ltr'>πᾶσαν</span> <span class='ocrx_word' id='word_1_96' title='bbox 3643 903 3812 956; x_wconf 77' lang='grc' dir='ltr'>ᾶντιο</span> 
     </span>
    </p>
   </div>
   <div class='ocr_carea' id='block_1_14' title="bbox 436 1001 2114 1084">
    <p class='ocr_par' dir='ltr' id='par_1_14' title="bbox 436 1001 2114 1084">
     <span class='ocr_line' id='line_1_14' title="bbox 436 1001 2114 1084; baseline -0.012 -11"><span class='ocrx_word' id='word_1_97' title='bbox 436 1001 441 1072; x_wconf 62' lang='grc' dir='ltr'><strong>ί</strong></span> <span class='ocrx_word' id='word_1_98' title='bbox 541 1015 698 1084; x_wconf 85' lang='lat' dir='ltr'><strong>Quod</strong></span> <span class='ocrx_word' id='word_1_99' title='bbox 735 1022 848 1068; x_wconf 91' lang='lat' dir='ltr'><strong>tum</strong></span> <span class='ocrx_word' id='word_1_100' title='bbox 897 1011 983 1065; x_wconf 89' lang='lat' dir='ltr'><strong>vel</strong></span> <span class='ocrx_word' id='word_1_101' title='bbox 1017 1008 1253 1063; x_wconf 80' lang='lat' dir='ltr'><strong>maxime</strong></span> <span class='ocrx_word' id='word_1_102' title='bbox 1289 1007 1493 1060; x_wconf 85' lang='lat' dir='ltr'><strong>factum</strong></span> <span class='ocrx_word' id='word_1_103' title='bbox 1540 1019 1665 1060; x_wconf 81' lang='lat' dir='ltr'><strong>esse</strong></span> <span class='ocrx_word' id='word_1_104' title='bbox 1713 1002 1945 1066; x_wconf 83' lang='lat' dir='ltr'><strong>scimus,</strong></span> <span class='ocrx_word' id='word_1_105' title='bbox 1988 1014 2114 1055; x_wconf 90' lang='lat' dir='ltr'><strong>cum</strong></span> 
     </span>
    </p>
   </div>
   <div class='ocr_carea' id='block_1_15' title="bbox 539 1091 2120 1173">
    <p class='ocr_par' dir='ltr' id='par_1_15' title="bbox 539 1091 2120 1173">
     <span class='ocr_line' id='line_1_15' title="bbox 539 1091 2120 1173; baseline -0.011 -11"><span class='ocrx_word' id='word_1_106' title='bbox 539 1109 612 1164; x_wconf 91' lang='lat' dir='ltr'><strong>de</strong></span> <span class='ocrx_word' id='word_1_107' title='bbox 656 1119 844 1160; x_wconf 89' lang='lat' dir='ltr'><strong>rerum</strong></span> <span class='ocrx_word' id='word_1_108' title='bbox 879 1099 1257 1173; x_wconf 87' lang='lat' dir='ltr'><strong>gubernacqu</strong></span> <span class='ocrx_word' id='word_1_109' title='bbox 1303 1105 1577 1152; x_wconf 89' lang='lat' dir='ltr'><strong>certatum</strong></span> <span class='ocrx_word' id='word_1_110' title='bbox 1625 1105 1728 1150; x_wconf 81' lang='lat' dir='ltr'><strong>cst.</strong></span> <span class='ocrx_word' id='word_1_111' title='bbox 1781 1092 1962 1161; x_wconf 88' lang='lat' dir='ltr'><strong>Quare</strong></span> <span class='ocrx_word' id='word_1_112' title='bbox 2012 1091 2120 1146; x_wconf 80' lang='lat' dir='ltr'><strong>tale</strong></span> 
     </span>
    </p>
   </div>
   <div class='ocr_carea' id='block_1_16' title="bbox 545 1182 2118 1269">
    <p class='ocr_par' dir='ltr' id='par_1_16' title="bbox 545 1182 2118 1269">
     <span class='ocr_line' id='line_1_16' title="bbox 545 1182 2118 1269; baseline -0.01 -17"><span class='ocrx_word' id='word_1_113' title='bbox 545 1197 701 1269; x_wconf 68' lang='lat'><strong>157</strong></span> <span class='ocrx_word' id='word_1_114' title='bbox 735 1195 995 1264; x_wconf 84' lang='lat' dir='ltr'><strong>quiddam</strong></span> <span class='ocrx_word' id='word_1_115' title='bbox 1021 1191 1329 1265; x_wconf 72' lang='lat' dir='ltr'><strong>tyrannidis</strong></span> <span class='ocrx_word' id='word_1_116' title='bbox 1352 1190 1638 1244; x_wconf 83' lang='lat' dir='ltr'><strong>libidinem</strong></span> <span class='ocrx_word' id='word_1_117' title='bbox 1667 1187 1860 1242; x_wconf 80' lang='lat' dir='ltr'><strong>dicunt</strong></span> <span class='ocrx_word' id='word_1_118' title='bbox 1893 1192 1950 1240; x_wconf 87' lang='lat' dir='ltr'><strong>et</strong></span> <span class='ocrx_word' id='word_1_119' title='bbox 1971 1182 2118 1254; x_wconf 85' lang='lat' dir='ltr'><strong>quod</strong></span> 
     </span>
    </p>
   </div>
   <div class='ocr_carea' id='block_1_17' title="bbox 539 1275 2118 1357">
    <p class='ocr_par' dir='ltr' id='par_1_17' title="bbox 539 1275 2118 1357">
     <span class='ocr_line' id='line_1_17' title="bbox 539 1275 2118 1357; baseline -0.01 -13"><span class='ocrx_word' id='word_1_120' title='bbox 539 1291 658 1345; x_wconf 81' lang='lat' dir='ltr'><strong>sine</strong></span> <span class='ocrx_word' id='word_1_121' title='bbox 684 1288 897 1357; x_wconf 79' lang='lat' dir='ltr'><strong>legibus</strong></span> <span class='ocrx_word' id='word_1_122' title='bbox 926 1285 1216 1356; x_wconf 88' lang='lat' dir='ltr'><strong>probatum</strong></span> <span class='ocrx_word' id='word_1_123' title='bbox 1251 1283 1340 1338; x_wconf 87' lang='lat' dir='ltr'><strong>sit.</strong></span> <span class='ocrx_word' id='word_1_124' title='bbox 1362 1284 1549 1350; x_wconf 78' lang='lat' dir='ltr'><strong>Neque</strong></span> <span class='ocrx_word' id='word_1_125' title='bbox 1579 1280 1747 1347; x_wconf 80' lang='lat' dir='ltr'><strong>igitur</strong></span> <span class='ocrx_word' id='word_1_126' title='bbox 1784 1292 1886 1347; x_wconf 85' lang='lat' dir='ltr'><strong>ego</strong></span> <span class='ocrx_word' id='word_1_127' title='bbox 1918 1275 1965 1330; x_wconf 89' lang='lat' dir='ltr'><strong>is</strong></span> <span class='ocrx_word' id='word_1_128' title='bbox 1995 1287 2118 1330; x_wconf 89' lang='lat' dir='ltr'><strong>sum</strong></span> 
     </span>
    </p>
   </div>
   <div class='ocr_carea' id='block_1_18' title="bbox 540 1367 2122 1452">
    <p class='ocr_par' dir='ltr' id='par_1_18' title="bbox 540 1367 2122 1452">
     <span class='ocr_line' id='line_1_18' title="bbox 540 1367 2122 1452; baseline -0.011 -16"><span class='ocrx_word' id='word_1_129' title='bbox 540 1383 638 1452; x_wconf 85' lang='lat' dir='ltr'><strong>qui</strong></span> <span class='ocrx_word' id='word_1_130' title='bbox 673 1381 773 1435; x_wconf 81' lang='lat' dir='ltr'><strong>lilii</strong></span> <span class='ocrx_word' id='word_1_131' title='bbox 807 1393 934 1448; x_wconf 89' lang='lat' dir='ltr'><strong>erga</strong></span> <span class='ocrx_word' id='word_1_132' title='bbox 971 1377 1146 1448; x_wconf 84' lang='lat' dir='ltr'><strong>patris</strong></span> <span class='ocrx_word' id='word_1_133' title='bbox 1177 1375 1352 1429; x_wconf 82' lang='lat' dir='ltr'><strong>oliicia</strong></span> <span class='ocrx_word' id='word_1_134' title='bbox 1381 1371 1606 1436; x_wconf 68' lang='lat' dir='ltr'><strong>laeserit,</strong></span> <span class='ocrx_word' id='word_1_135' title='bbox 1647 1384 1826 1438; x_wconf 86' lang='lat' dir='ltr'><strong>neque</strong></span> <span class='ocrx_word' id='word_1_136' title='bbox 1859 1367 1952 1437; x_wconf 88' lang='lat' dir='ltr'><strong>qui</strong></span> <span class='ocrx_word' id='word_1_137' title='bbox 1984 1381 2122 1420; x_wconf 84' lang='lat' dir='ltr'><strong>con-</strong></span> 
     </span>
    </p>
   </div>
   <div class='ocr_carea' id='block_1_19' title="bbox 545 1460 2126 1544">
    <p class='ocr_par' dir='ltr' id='par_1_19' title="bbox 545 1460 2126 1544">
     <span class='ocr_line' id='line_1_19' title="bbox 545 1460 2126 1544; baseline -0.009 -15"><span class='ocrx_word' id='word_1_138' title='bbox 545 1472 832 1544; x_wconf 84' lang='lat' dir='ltr'><strong>tempserit</strong></span> <span class='ocrx_word' id='word_1_139' title='bbox 865 1470 1049 1540; x_wconf 79' lang='lat' dir='ltr'><strong>gravia</strong></span> <span class='ocrx_word' id='word_1_140' title='bbox 1081 1467 1437 1539; x_wconf 79' lang='lat' dir='ltr'><strong>jurajuranda</strong></span> <span class='ocrx_word' id='word_1_141' title='bbox 1464 1465 1590 1532; x_wconf 84' lang='lat' dir='ltr'><strong>illa;</strong></span> <span class='ocrx_word' id='word_1_142' title='bbox 1617 1479 1808 1519; x_wconf 90' lang='lat' dir='ltr'><strong>verum</strong></span> <span class='ocrx_word' id='word_1_143' title='bbox 1838 1471 1992 1534; x_wconf 88' lang='lat' dir='ltr'><strong>pater</strong></span> <span class='ocrx_word' id='word_1_144' title='bbox 2032 1460 2126 1515; x_wconf 81' lang='lat' dir='ltr'><strong>ille</strong></span> 
     </span>
    </p>
   </div>
   <div class='ocr_carea' id='block_1_20' title="bbox 545 1550 2126 1630">
    <p class='ocr_par' dir='ltr' id='par_1_20' title="bbox 545 1550 2126 1630">
     <span class='ocr_line' id='line_1_20' title="bbox 545 1550 2126 1630; baseline -0.009 -12"><span class='ocrx_word' id='word_1_145' title='bbox 545 1579 705 1618; x_wconf 87' lang='lat' dir='ltr'><strong>meus</strong></span> <span class='ocrx_word' id='word_1_146' title='bbox 739 1562 833 1630; x_wconf 91' lang='lat' dir='ltr'><strong>qui</strong></span> <span class='ocrx_word' id='word_1_147' title='bbox 865 1577 925 1615; x_wconf 86' lang='lat' dir='ltr'><strong>se</strong></span> <span class='ocrx_word' id='word_1_148' title='bbox 956 1560 1082 1613; x_wconf 76' lang='lat' dir='ltr'><strong>vita:</strong></span> <span class='ocrx_word' id='word_1_149' title='bbox 1115 1574 1248 1612; x_wconf 74' lang='lat' dir='ltr'><strong>meae</strong></span> <span class='ocrx_word' id='word_1_150' title='bbox 1279 1557 1416 1611; x_wconf 87' lang='lat' dir='ltr'><strong>vellc</strong></span> <span class='ocrx_word' id='word_1_151' title='bbox 1447 1553 1840 1611; x_wconf 88' lang='lat' dir='ltr'><strong>Prometheum</strong></span> <span class='ocrx_word' id='word_1_152' title='bbox 1873 1566 1999 1607; x_wconf 91' lang='lat' dir='ltr'><strong>esse</strong></span> <span class='ocrx_word' id='word_1_153' title='bbox 2029 1550 2126 1620; x_wconf 83' lang='lat' dir='ltr'><strong>ju-</strong></span> 
     </span>
    </p>
   </div>
   <div class='ocr_carea' id='block_1_21' title="bbox 549 1643 2128 1728">
    <p class='ocr_par' dir='ltr' id='par_1_21' title="bbox 549 1643 2128 1728">
     <span class='ocr_line' id='line_1_21' title="bbox 549 1643 2128 1728; baseline -0.008 -19"><span class='ocrx_word' id='word_1_154' title='bbox 549 1655 849 1728; x_wconf 85' lang='lat' dir='ltr'><strong>rejurando</strong></span> <span class='ocrx_word' id='word_1_155' title='bbox 889 1651 1201 1706; x_wconf 79' lang='lat' dir='ltr'><strong>aﬂirmavit.</strong></span> <span class='ocrx_word' id='word_1_156' title='bbox 1251 1649 1395 1715; x_wconf 86' lang='lat' dir='ltr'><strong>Quid</strong></span> <span class='ocrx_word' id='word_1_157' title='bbox 1427 1657 1611 1702; x_wconf 90' lang='lat' dir='ltr'><strong>autem</strong></span> <span class='ocrx_word' id='word_1_158' title='bbox 1658 1645 2024 1712; x_wconf 86' lang='lat' dir='ltr'><strong>committam,</strong></span> <span class='ocrx_word' id='word_1_159' title='bbox 2079 1643 2128 1698; x_wconf 85' lang='lat' dir='ltr'><strong>si</strong></span> 
     </span>
    </p>
   </div>
   <div class='ocr_carea' id='block_1_22' title="bbox 551 1737 2128 1816">
    <p class='ocr_par' dir='ltr' id='par_1_22' title="bbox 551 1737 2128 1816">
     <span class='ocr_line' id='line_1_22' title="bbox 551 1737 2128 1816; baseline -0.009 -13"><span class='ocrx_word' id='word_1_160' title='bbox 551 1749 741 1803; x_wconf 78' lang='lat' dir='ltr'><strong>vivere</strong></span> <span class='ocrx_word' id='word_1_161' title='bbox 785 1745 951 1816; x_wconf 92' lang='lat' dir='ltr'><strong>cupio</strong></span> <span class='ocrx_word' id='word_1_162' title='bbox 986 1743 1165 1814; x_wconf 84' lang='lat' dir='ltr'><strong>quoad</strong></span> <span class='ocrx_word' id='word_1_163' title='bbox 1203 1743 1343 1811; x_wconf 89' lang='lat' dir='ltr'><strong>patri</strong></span> <span class='ocrx_word' id='word_1_164' title='bbox 1383 1741 1615 1811; x_wconf 87' lang='lat' dir='ltr'><strong>placeat,</strong></span> <span class='ocrx_word' id='word_1_165' title='bbox 1650 1739 1744 1808; x_wconf 83' lang='lat' dir='ltr'><strong>qui</strong></span> <span class='ocrx_word' id='word_1_166' title='bbox 1781 1737 2128 1806; x_wconf 90' lang='lat' dir='ltr'><strong>omnipotens</strong></span> 
     </span>
    </p>
   </div>
   <div class='ocr_carea' id='block_1_23' title="bbox 2220 991 3817 1073">
    <p class='ocr_par' dir='ltr' id='par_1_23' title="bbox 2220 991 3817 1073">
     <span class='ocr_line' id='line_1_23' title="bbox 2220 991 3817 1073; baseline -0.009 -17"><span class='ocrx_word' id='word_1_167' title='bbox 2220 1019 2356 1073; x_wconf 78' lang='grc' dir='ltr'>κρυς</span> <span class='ocrx_word' id='word_1_168' title='bbox 2378 1002 2610 1069; x_wconf 76' lang='grc' dir='ltr'><strong>ἀφιέντα</strong></span> <span class='ocrx_word' id='word_1_169' title='bbox 2641 999 2844 1069; x_wconf 77' lang='grc' dir='ltr'>φωνὴν,</span> <span class='ocrx_word' id='word_1_170' title='bbox 2876 1000 2967 1051; x_wconf 80' lang='grc' dir='ltr'>καὶ</span> <span class='ocrx_word' id='word_1_171' title='bbox 2999 997 3140 1059; x_wconf 82' lang='grc' dir='ltr'>νέοις</span> <span class='ocrx_word' id='word_1_172' title='bbox 3161 996 3250 1048; x_wconf 76' lang='grc' dir='ltr'>ἐπ’</span> <span class='ocrx_word' id='word_1_173' title='bbox 3277 993 3400 1065; x_wconf 82' lang='grc' dir='ltr'>τσης</span> <span class='ocrx_word' id='word_1_174' title='bbox 3426 993 3523 1048; x_wconf 78' lang='grc' dir='ltr'>καὶ</span> <span class='ocrx_word' id='word_1_175' title='bbox 3550 991 3817 1062; x_wconf 64' lang='grc' dir='ltr'>πρέσϐυς</span> 
     </span>
    </p>
   </div>
   <div class='ocr_carea' id='block_1_24' title="bbox 2219 1083 3822 1165">
    <p class='ocr_par' dir='ltr' id='par_1_24' title="bbox 2219 1083 3822 1165">
     <span class='ocr_line' id='line_1_24' title="bbox 2219 1083 3822 1165; baseline -0.009 -16"><span class='ocrx_word' id='word_1_176' title='bbox 2219 1095 2418 1165; x_wconf 86' lang='grc' dir='ltr'>τέροις.</span> <span class='ocrx_word' id='word_1_177' title='bbox 2468 1092 2768 1160; x_wconf 81' lang='grc' dir='ltr'>’Δκούομεν</span> <span class='ocrx_word' id='word_1_178' title='bbox 2797 1087 2892 1143; x_wconf 83' lang='grc' dir='ltr'>οὖν</span> <span class='ocrx_word' id='word_1_179' title='bbox 2923 1091 3016 1143; x_wconf 77' lang='grc' dir='ltr'>καὶ</span> <span class='ocrx_word' id='word_1_180' title='bbox 3047 1087 3300 1156; x_wconf 60' lang='grc' dir='ltr'>πατέρων</span> <span class='ocrx_word' id='word_1_181' title='bbox 3327 1088 3505 1148; x_wconf 84' lang='grc' dir='ltr'>ἐνίους</span> <span class='ocrx_word' id='word_1_182' title='bbox 3531 1083 3822 1152; x_wconf 74' lang='grc' dir='ltr'>ἀνδροφό-</span> 
     </span>
    </p>
   </div>
   <div class='ocr_carea' id='block_1_25' title="bbox 2221 1177 3820 1248">
    <p class='ocr_par' dir='ltr' id='par_1_25' title="bbox 2221 1177 3820 1248">
     <span class='ocr_line' id='line_1_25' title="bbox 2221 1177 3820 1248; baseline -0.008 -7"><span class='ocrx_word' id='word_1_183' title='bbox 2221 1205 2312 1242; x_wconf 87' lang='grc' dir='ltr'><strong>νον</strong></span> <span class='ocrx_word' id='word_1_184' title='bbox 2341 1186 2673 1248; x_wconf 74' lang='grc' dir='ltr'>δπλίσαντας</span> <span class='ocrx_word' id='word_1_185' title='bbox 2693 1183 2874 1248; x_wconf 82' lang='grc' dir='ltr'>δεξιὰν</span> <span class='ocrx_word' id='word_1_186' title='bbox 2921 1183 3066 1236; x_wconf 87' lang='grc' dir='ltr'><strong>κατά</strong></span> <span class='ocrx_word' id='word_1_187' title='bbox 3086 1181 3195 1234; x_wconf 88' lang='grc' dir='ltr'><strong>τῶν</strong></span> <span class='ocrx_word' id='word_1_188' title='bbox 3228 1180 3413 1245; x_wconf 76' lang='grc' dir='ltr'>υἱέων,</span> <span class='ocrx_word' id='word_1_189' title='bbox 3452 1179 3547 1232; x_wconf 75' lang='grc' dir='ltr'>καὶ</span> <span class='ocrx_word' id='word_1_190' title='bbox 3577 1177 3820 1238; x_wconf 70' lang='grc' dir='ltr'>πλείους</span> 
     </span>
    </p>
   </div>
   <div class='ocr_carea' id='block_1_26' title="bbox 2221 1269 3823 1344">
    <p class='ocr_par' dir='ltr' id='par_1_26' title="bbox 2221 1269 3823 1344">
     <span class='ocr_line' id='line_1_26' title="bbox 2221 1269 3823 1344; baseline -0.009 -12"><span class='ocrx_word' id='word_1_191' title='bbox 2221 1279 2304 1332; x_wconf 70' lang='grc' dir='ltr'>ἔτι</span> <span class='ocrx_word' id='word_1_192' title='bbox 2351 1276 2462 1332; x_wconf 90' lang='grc' dir='ltr'><strong>τῶν</strong></span> <span class='ocrx_word' id='word_1_193' title='bbox 2497 1274 2744 1344; x_wconf 77' lang='grc' dir='ltr'>ἀδελφῶν</span> <span class='ocrx_word' id='word_1_194' title='bbox 2776 1275 2836 1327; x_wconf 81' lang='grc' dir='ltr'>τὸ</span> <span class='ocrx_word' id='word_1_195' title='bbox 2868 1273 3020 1343; x_wconf 80' lang='grc' dir='ltr'>ξίφος</span> <span class='ocrx_word' id='word_1_196' title='bbox 3054 1271 3178 1326; x_wconf 75' lang='grc' dir='ltr'>καθ’</span> <span class='ocrx_word' id='word_1_197' title='bbox 3209 1271 3442 1340; x_wconf 76' lang='grc' dir='ltr'>αἵματος</span> <span class='ocrx_word' id='word_1_198' title='bbox 3497 1269 3823 1336; x_wconf 81' lang='grc' dir='ltr'>βαπτίσαν-</span> 
     </span>
    </p>
   </div>
   <div class='ocr_carea' id='block_1_27' title="bbox 2224 1361 3820 1435">
    <p class='ocr_par' dir='ltr' id='par_1_27' title="bbox 2224 1361 3820 1435">
     <span class='ocr_line' id='line_1_27' title="bbox 2224 1361 3820 1435; baseline -0.008 -12"><span class='ocrx_word' id='word_1_199' title='bbox 2224 1385 2322 1432; x_wconf 65' lang='lat' dir='ltr'><strong>ta;</strong></span> <span class='ocrx_word' id='word_1_200' title='bbox 2361 1366 2657 1435; x_wconf 80' lang='grc' dir='ltr'>συγγενοῦς</span> <span class='ocrx_word' id='word_1_201' title='bbox 2679 1382 2693 1399; x_wconf 80' lang='grc'>⁸</span> <span class='ocrx_word' id='word_1_202' title='bbox 2717 1366 2813 1420; x_wconf 71' lang='grc' dir='ltr'>καὶ</span> <span class='ocrx_word' id='word_1_203' title='bbox 2849 1365 2990 1418; x_wconf 85' lang='grc' dir='ltr'><strong>κατά</strong></span> <span class='ocrx_word' id='word_1_204' title='bbox 3011 1364 3210 1434; x_wconf 85' lang='grc' dir='ltr'>λαιμοῦ</span> <span class='ocrx_word' id='word_1_205' title='bbox 3247 1361 3457 1432; x_wconf 81' lang='grc' dir='ltr'><strong>πικρῶς</strong></span> <span class='ocrx_word' id='word_1_206' title='bbox 3479 1361 3820 1430; x_wconf 78' lang='grc' dir='ltr'>ὀρχησαμέ-</span> 
     </span>
    </p>
   </div>
   <div class='ocr_carea' id='block_1_28' title="bbox 2225 1452 3816 1528">
    <p class='ocr_par' dir='ltr' id='par_1_28' title="bbox 2225 1452 3816 1528">
     <span class='ocr_line' id='line_1_28' title="bbox 2225 1452 3816 1528; baseline -0.008 -14"><span class='ocrx_word' id='word_1_207' title='bbox 2225 1477 2349 1521; x_wconf 89' lang='grc' dir='ltr'>νους</span> <span class='ocrx_word' id='word_1_208' title='bbox 2372 1457 2670 1528; x_wconf 81' lang='grc' dir='ltr'>ὁμοφυοῦς,</span> <span class='ocrx_word' id='word_1_209' title='bbox 2712 1459 2805 1511; x_wconf 73' lang='grc' dir='ltr'>καὶ</span> <span class='ocrx_word' id='word_1_210' title='bbox 2866 1457 3086 1527; x_wconf 82' lang='grc' dir='ltr'>μάλισθ’</span> <span class='ocrx_word' id='word_1_211' title='bbox 3121 1458 3211 1510; x_wconf 84' lang='grc' dir='ltr'>ὅτε</span> <span class='ocrx_word' id='word_1_212' title='bbox 3243 1456 3371 1525; x_wconf 77' lang='grc' dir='ltr'>περὶ</span> <span class='ocrx_word' id='word_1_213' title='bbox 3406 1452 3686 1524; x_wconf 77' lang='grc' dir='ltr'><strong>βασιλείας</strong></span> <span class='ocrx_word' id='word_1_214' title='bbox 3716 1452 3816 1520; x_wconf 66' lang='grc' dir='ltr'>εἴη</span> 
     </span>
    </p>
   </div>
   <div class='ocr_carea' id='block_1_29' title="bbox 2227 1543 3822 1622">
    <p class='ocr_par' dir='ltr' id='par_1_29' title="bbox 2227 1543 3822 1622">
     <span class='ocr_line' id='line_1_29' title="bbox 2227 1543 3822 1622; baseline -0.006 -17"><span class='ocrx_word' id='word_1_215' title='bbox 2227 1550 2575 1622; x_wconf 78' lang='grc' dir='ltr'>τάγώνισμα,</span> <span class='ocrx_word' id='word_1_216' title='bbox 2614 1551 2746 1606; x_wconf 73' lang='grc' dir='ltr'>ἔνθα</span> <span class='ocrx_word' id='word_1_217' title='bbox 2788 1551 2882 1605; x_wconf 69' lang='grc' dir='ltr'>καὶ</span> <span class='ocrx_word' id='word_1_218' title='bbox 2934 1549 3266 1620; x_wconf 68' lang='grc' dir='ltr'><strong>τυραννικῆς</strong></span> <span class='ocrx_word' id='word_1_219' title='bbox 3294 1543 3434 1601; x_wconf 76' lang='grc' dir='ltr'>εἶναι</span> <span class='ocrx_word' id='word_1_220' title='bbox 3472 1547 3534 1598; x_wconf 75' lang='grc' dir='ltr'>τὸ</span> <span class='ocrx_word' id='word_1_221' title='bbox 3563 1546 3822 1614; x_wconf 80' lang='grc' dir='ltr'>πρᾶγμα</span> 
     </span>
    </p>
   </div>
   <div class='ocr_carea' id='block_1_30' title="bbox 2228 1638 3820 1714">
    <p class='ocr_par' dir='ltr' id='par_1_30' title="bbox 2228 1638 3820 1714">
     <span class='ocr_line' id='line_1_30' title="bbox 2228 1638 3820 1714; baseline -0.006 -18"><span class='ocrx_word' id='word_1_222' title='bbox 2228 1645 2450 1713; x_wconf 80' lang='grc' dir='ltr'>λέγεται</span> <span class='ocrx_word' id='word_1_223' title='bbox 2485 1643 2810 1714; x_wconf 75' lang='grc' dir='ltr'>νομοθεσίας</span> <span class='ocrx_word' id='word_1_224' title='bbox 2857 1641 3377 1712; x_wconf 80' lang='grc' dir='ltr'>αὑτοχειροτόνητον</span> <span class='ocrx_word' id='word_1_225' title='bbox 3407 1639 3504 1691; x_wconf 73' lang='grc' dir='ltr'>καὶ</span> <span class='ocrx_word' id='word_1_226' title='bbox 3538 1638 3820 1706; x_wconf 76' lang='grc' dir='ltr'>ἀνομοθέ·</span> 
     </span>
    </p>
   </div>
   <div class='ocr_carea' id='block_1_31' title="bbox 2228 1730 3822 1806">
    <p class='ocr_par' dir='ltr' id='par_1_31' title="bbox 2228 1730 3822 1806">
     <span class='ocr_line' id='line_1_31' title="bbox 2228 1730 3822 1806; baseline -0.006 -17"><span class='ocrx_word' id='word_1_227' title='bbox 2228 1754 2393 1806; x_wconf 83' lang='grc' dir='ltr'>τητον</span> <span class='ocrx_word' id='word_1_228' title='bbox 2416 1736 2645 1790; x_wconf 86' lang='grc' dir='ltr'>δίκαιον.</span> <span class='ocrx_word' id='word_1_229' title='bbox 2684 1735 2800 1788; x_wconf 83' lang='grc' dir='ltr'>Οὐκ</span> <span class='ocrx_word' id='word_1_230' title='bbox 2827 1734 3007 1802; x_wconf 76' lang='grc' dir='ltr'>ἔγωγε</span> <span class='ocrx_word' id='word_1_231' title='bbox 3038 1735 3216 1786; x_wconf 77' lang='grc' dir='ltr'>τοίνυν</span> <span class='ocrx_word' id='word_1_232' title='bbox 3244 1732 3404 1793; x_wconf 68' lang='grc' dir='ltr'>αὐτὸς</span> <span class='ocrx_word' id='word_1_233' title='bbox 3437 1732 3464 1784; x_wconf 86' lang='grc' dir='ltr'>ὁ</span> <span class='ocrx_word' id='word_1_234' title='bbox 3490 1730 3593 1798; x_wconf 73' lang='grc' dir='ltr'>τῆς</span> <span class='ocrx_word' id='word_1_235' title='bbox 3629 1730 3822 1782; x_wconf 77' lang='grc' dir='ltr'>υἱοθεσ</span> 
     </span>
    </p>
   </div>
   <div class='ocr_carea' id='block_1_32' title="bbox 551 1819 2144 1910">
    <p class='ocr_par' dir='ltr' id='par_1_32' title="bbox 551 1829 2125 1910">
     <span class='ocr_line' id='line_1_32' title="bbox 551 1829 2125 1910; baseline -0.011 -11"><span class='ocrx_word' id='word_1_236' title='bbox 551 1851 638 1900; x_wconf 87' lang='lat' dir='ltr'><strong>est</strong></span> <span class='ocrx_word' id='word_1_237' title='bbox 660 1855 858 1910; x_wconf 89' lang='lat' dir='ltr'><strong>meque</strong></span> <span class='ocrx_word' id='word_1_238' title='bbox 890 1837 1202 1910; x_wconf 83' lang='lat' dir='ltr'><strong>procreavit</strong></span> <span class='ocrx_word' id='word_1_239' title='bbox 1229 1836 1251 1890; x_wconf 87' lang='lat'><strong>?</strong></span> <span class='ocrx_word' id='word_1_240' title='bbox 1278 1835 1413 1890; x_wconf 86' lang='lat' dir='ltr'><strong>Nam</strong></span> <span class='ocrx_word' id='word_1_241' title='bbox 1454 1850 1560 1888; x_wconf 90' lang='lat' dir='ltr'><strong>non</strong></span> <span class='ocrx_word' id='word_1_242' title='bbox 1596 1833 1690 1902; x_wconf 89' lang='lat' dir='ltr'><strong>qui</strong></span> <span class='ocrx_word' id='word_1_243' title='bbox 1719 1846 1913 1888; x_wconf 88' lang='lat' dir='ltr'><strong>secure</strong></span> <span class='ocrx_word' id='word_1_244' title='bbox 1940 1829 2125 1883; x_wconf 87' lang='lat' dir='ltr'><strong>vivere</strong></span> 
     </span>
    </p>
   </div>
   <div class='ocr_carea' id='block_1_33' title="bbox 2246 1819 3823 1910">
    <p class='ocr_par' dir='ltr' id='par_1_33' title="bbox 2246 1820 3823 1896">
     <span class='ocr_line' id='line_1_33' title="bbox 2246 1820 3823 1896; baseline -0.003 -19"><span class='ocrx_word' id='word_1_245' title='bbox 2246 1826 2351 1888; x_wconf 75' lang='grc' dir='ltr'>ςίας</span> <span class='ocrx_word' id='word_1_246' title='bbox 2379 1826 2735 1896; x_wconf 76' lang='grc' dir='ltr'>παραϐαίνων</span> <span class='ocrx_word' id='word_1_247' title='bbox 2767 1826 2896 1888; x_wconf 70' lang='grc' dir='ltr'>τοὺς</span> <span class='ocrx_word' id='word_1_248' title='bbox 2927 1825 3124 1893; x_wconf 87' lang='grc' dir='ltr'>νόμους</span> <span class='ocrx_word' id='word_1_249' title='bbox 3145 1839 3158 1853; x_wconf 71' lang='grc'><strong>⁸</strong></span> <span class='ocrx_word' id='word_1_250' title='bbox 3204 1824 3306 1876; x_wconf 86' lang='grc' dir='ltr'>οὐκ</span> <span class='ocrx_word' id='word_1_251' title='bbox 3339 1822 3500 1891; x_wconf 82' lang='grc' dir='ltr'>ἔγωγ’</span> <span class='ocrx_word' id='word_1_252' title='bbox 3537 1822 3750 1883; x_wconf 85' lang='grc' dir='ltr'>ἐκεῖνος</span> <span class='ocrx_word' id='word_1_253' title='bbox 3787 1820 3823 1872; x_wconf 82' lang='grc' dir='ltr'>ὁ</span> 
     </span>
    </p>
   </div>
   <div class='ocr_carea' id='block_1_34' title="bbox 553 1914 2144 2004">
    <p class='ocr_par' dir='ltr' id='par_1_34' title="bbox 553 1917 2128 2004">
     <span class='ocr_line' id='line_1_34' title="bbox 553 1917 2128 2004; baseline -0.011 -15"><span class='ocrx_word' id='word_1_254' title='bbox 553 1933 786 2004; x_wconf 89' lang='lat' dir='ltr'><strong>cupiunt</strong></span> <span class='ocrx_word' id='word_1_255' title='bbox 807 1929 1111 1985; x_wconf 87' lang='lat' dir='ltr'><strong>secundum</strong></span> <span class='ocrx_word' id='word_1_256' title='bbox 1132 1928 1282 1998; x_wconf 82' lang='lat' dir='ltr'><strong>leges</strong></span> <span class='ocrx_word' id='word_1_257' title='bbox 1304 1926 1664 1997; x_wconf 83' lang='lat' dir='ltr'><strong>castigantur,</strong></span> <span class='ocrx_word' id='word_1_258' title='bbox 1683 1924 1778 1979; x_wconf 88' lang='lat' dir='ltr'><strong>sed</strong></span> <span class='ocrx_word' id='word_1_259' title='bbox 1797 1921 1889 1992; x_wconf 89' lang='lat' dir='ltr'><strong>qui</strong></span> <span class='ocrx_word' id='word_1_260' title='bbox 1911 1917 2128 1992; x_wconf 72' lang='lat' dir='ltr'><strong>tyranni</strong></span> 
     </span>
    </p>
   </div>
   <div class='ocr_carea' id='block_1_35' title="bbox 2246 1914 3824 2004">
    <p class='ocr_par' dir='ltr' id='par_1_35' title="bbox 2246 1914 3824 1987">
     <span class='ocr_line' id='line_1_35' title="bbox 2246 1914 3824 1987; baseline -0.003 -19"><span class='ocrx_word' id='word_1_261' title='bbox 2246 1917 2358 1981; x_wconf 72' lang='grc' dir='ltr'>τοὺς</span> <span class='ocrx_word' id='word_1_262' title='bbox 2389 1918 2681 1987; x_wconf 79' lang='grc' dir='ltr'>φρικώδεις</span> <span class='ocrx_word' id='word_1_263' title='bbox 2711 1917 2955 1978; x_wconf 79' lang='grc' dir='ltr'>ἐκείνους</span> <span class='ocrx_word' id='word_1_264' title='bbox 2993 1919 3194 1987; x_wconf 82' lang='grc' dir='ltr'>ὅρκους</span> <span class='ocrx_word' id='word_1_265' title='bbox 3229 1916 3417 1969; x_wconf 82' lang='grc' dir='ltr'>πατῶν</span> <span class='ocrx_word' id='word_1_266' title='bbox 3440 1931 3453 1948; x_wconf 79' lang='grc' dir='ltr'><strong>ο</strong></span> <span class='ocrx_word' id='word_1_267' title='bbox 3484 1914 3601 1967; x_wconf 84' lang='grc' dir='ltr'>ἀλλ’</span> <span class='ocrx_word' id='word_1_268' title='bbox 3630 1916 3659 1966; x_wconf 88' lang='grc' dir='ltr'>ὁ</span> <span class='ocrx_word' id='word_1_269' title='bbox 3699 1932 3824 1965; x_wconf 84' lang='grc' dir='ltr'>πα-</span> 
     </span>
    </p>
   </div>
   <div class='ocr_carea' id='block_1_36' title="bbox 555 2002 2144 2090">
    <p class='ocr_par' dir='ltr' id='par_1_36' title="bbox 555 2016 2129 2090">
     <span class='ocr_line' id='line_1_36' title="bbox 555 2016 2129 2090; baseline -0.011 -9"><span class='ocrx_word' id='word_1_270' title='bbox 555 2027 955 2082; x_wconf 89' lang='lat' dir='ltr'><strong>immanitatem</strong></span> <span class='ocrx_word' id='word_1_271' title='bbox 999 2038 1123 2078; x_wconf 90' lang='lat' dir='ltr'><strong>cum</strong></span> <span class='ocrx_word' id='word_1_272' title='bbox 1175 2020 1357 2090; x_wconf 80' lang='lat' dir='ltr'><strong>specie</strong></span> <span class='ocrx_word' id='word_1_273' title='bbox 1398 2019 1637 2089; x_wconf 88' lang='lat' dir='ltr'><strong>quadam</strong></span> <span class='ocrx_word' id='word_1_274' title='bbox 1685 2016 1943 2070; x_wconf 79' lang='lat' dir='ltr'><strong>amicitiae</strong></span> <span class='ocrx_word' id='word_1_275' title='bbox 1973 2026 2129 2066; x_wconf 85' lang='lat' dir='ltr'><strong>com-</strong></span> 
     </span>
    </p>
   </div>
   <div class='ocr_carea' id='block_1_37' title="bbox 2246 2002 3830 2090">
    <p class='ocr_par' dir='ltr' id='par_1_37' title="bbox 2246 2002 3830 2075">
     <span class='ocr_line' id='line_1_37' title="bbox 2246 2002 3830 2075; baseline -0.001 -19"><span class='ocrx_word' id='word_1_276' title='bbox 2246 2005 2337 2074; x_wconf 77' lang='grc' dir='ltr'><strong>εὴρ</strong></span> <span class='ocrx_word' id='word_1_277' title='bbox 2360 2004 2493 2073; x_wconf 78' lang='grc' dir='ltr'>ἐμοῦ</span> <span class='ocrx_word' id='word_1_278' title='bbox 2524 2004 2621 2058; x_wconf 72' lang='grc' dir='ltr'><strong>καὶ</strong></span> <span class='ocrx_word' id='word_1_279' title='bbox 2643 2005 2742 2075; x_wconf 84' lang='grc' dir='ltr'>τῆς</span> <span class='ocrx_word' id='word_1_280' title='bbox 2763 2006 2903 2074; x_wconf 80' lang='grc' dir='ltr'>ἐμῆς</span> <span class='ocrx_word' id='word_1_281' title='bbox 2934 2005 3203 2074; x_wconf 79' lang='grc' dir='ltr'>ὑπάρχειν</span> <span class='ocrx_word' id='word_1_282' title='bbox 3232 2003 3552 2074; x_wconf 83' lang='grc' dir='ltr'>προμηθεὺς</span> <span class='ocrx_word' id='word_1_283' title='bbox 3585 2002 3830 2072; x_wconf 85' lang='grc' dir='ltr'>ὀμωμο-</span> 
     </span>
    </p>
   </div>
   <div class='ocr_carea' id='block_1_38' title="bbox 554 2094 2144 2184">
    <p class='ocr_par' dir='ltr' id='par_1_38' title="bbox 554 2101 2131 2184">
     <span class='ocr_line' id='line_1_38' title="bbox 554 2101 2131 2184; baseline -0.013 -9"><span class='ocrx_word' id='word_1_284' title='bbox 554 2120 846 2175; x_wconf 85' lang='lat' dir='ltr'><strong>miscentes</strong></span> <span class='ocrx_word' id='word_1_285' title='bbox 885 2116 951 2170; x_wconf 89' lang='lat' dir='ltr'><strong>ad</strong></span> <span class='ocrx_word' id='word_1_286' title='bbox 994 2115 1292 2184; x_wconf 72' lang='lat' dir='ltr'><strong>pcrjurium</strong></span> <span class='ocrx_word' id='word_1_287' title='bbox 1331 2121 1386 2167; x_wconf 87' lang='lat' dir='ltr'><strong>et</strong></span> <span class='ocrx_word' id='word_1_288' title='bbox 1438 2110 1641 2166; x_wconf 81' lang='lat' dir='ltr'><strong>caedem</strong></span> <span class='ocrx_word' id='word_1_289' title='bbox 1691 2123 1881 2162; x_wconf 91' lang='lat' dir='ltr'><strong>eorum</strong></span> <span class='ocrx_word' id='word_1_290' title='bbox 1931 2101 2131 2180; x_wconf 77' lang='lat' dir='ltr'><strong>intenti</strong></span> 
     </span>
    </p>
   </div>
   <div class='ocr_carea' id='block_1_39' title="bbox 2246 2094 3828 2184">
    <p class='ocr_par' dir='ltr' id='par_1_39' title="bbox 2246 2094 3828 2168">
     <span class='ocr_line' id='line_1_39' title="bbox 2246 2094 3828 2168; baseline -0.001 -18"><span class='ocrx_word' id='word_1_291' title='bbox 2246 2099 2344 2160; x_wconf 68' lang='grc' dir='ltr'>κὼς</span> <span class='ocrx_word' id='word_1_292' title='bbox 2375 2098 2541 2167; x_wconf 74' lang='grc' dir='ltr'>ζωῆς.</span> <span class='ocrx_word' id='word_1_293' title='bbox 2573 2100 2637 2150; x_wconf 84' lang='grc' dir='ltr'>Τί</span> <span class='ocrx_word' id='word_1_294' title='bbox 2684 2098 2864 2152; x_wconf 80' lang='grc' dir='ltr'>τοίνυν</span> <span class='ocrx_word' id='word_1_295' title='bbox 2923 2094 3114 2163; x_wconf 65' lang='grc' dir='ltr'>ἀδιιίῶ,</span> <span class='ocrx_word' id='word_1_296' title='bbox 3151 2097 3249 2168; x_wconf 77' lang='grc' dir='ltr'>ζῇν</span> <span class='ocrx_word' id='word_1_297' title='bbox 3286 2097 3572 2167; x_wconf 81' lang='grc' dir='ltr'>ἐφιέμενος</span> <span class='ocrx_word' id='word_1_298' title='bbox 3602 2096 3710 2158; x_wconf 81' lang='grc' dir='ltr'>ἓως</span> <span class='ocrx_word' id='word_1_299' title='bbox 3750 2097 3828 2149; x_wconf 79' lang='grc' dir='ltr'>ἂν</span> 
     </span>
    </p>
   </div>
   <div class='ocr_carea' id='block_1_40' title="bbox 555 2194 2129 2278">
    <p class='ocr_par' dir='ltr' id='par_1_40' title="bbox 555 2194 2129 2278">
     <span class='ocr_line' id='line_1_40' title="bbox 555 2194 2129 2278; baseline -0.014 -11"><span class='ocrx_word' id='word_1_300' title='bbox 555 2220 710 2272; x_wconf 88' lang='lat' dir='ltr'><strong>sunt,</strong></span> <span class='ocrx_word' id='word_1_301' title='bbox 773 2224 912 2278; x_wconf 89' lang='lat' dir='ltr'><strong>quos</strong></span> <span class='ocrx_word' id='word_1_302' title='bbox 969 2206 1198 2275; x_wconf 78' lang='lat' dir='ltr'><strong>diligere</strong></span> <span class='ocrx_word' id='word_1_303' title='bbox 1255 2204 1397 2257; x_wconf 85' lang='lat' dir='ltr'><strong>velle</strong></span> <span class='ocrx_word' id='word_1_304' title='bbox 1450 2203 1732 2273; x_wconf 84' lang='lat' dir='ltr'><strong>jurarunt.</strong></span> <span class='ocrx_word' id='word_1_305' title='bbox 1782 2197 1918 2251; x_wconf 89' lang='lat' dir='ltr'><strong>Illud</strong></span> <span class='ocrx_word' id='word_1_306' title='bbox 1983 2194 2129 2248; x_wconf 87' lang='lat' dir='ltr'><strong>enim</strong></span> 
     </span>
    </p>
   </div>
   <div class='ocr_carea' id='block_1_41' title="bbox 553 2290 2134 2374">
    <p class='ocr_par' dir='ltr' id='par_1_41' title="bbox 553 2290 2134 2374">
     <span class='ocr_line' id='line_1_41' title="bbox 553 2290 2134 2374; baseline -0.012 -18"><span class='ocrx_word' id='word_1_307' title='bbox 553 2302 700 2374; x_wconf 90' lang='lat' dir='ltr'><strong>quod</strong></span> <span class='ocrx_word' id='word_1_308' title='bbox 736 2301 966 2370; x_wconf 91' lang='lat' dir='ltr'><strong>impune</strong></span> <span class='ocrx_word' id='word_1_309' title='bbox 1003 2297 1145 2350; x_wconf 87' lang='lat' dir='ltr'><strong>velle</strong></span> <span class='ocrx_word' id='word_1_310' title='bbox 1180 2310 1474 2365; x_wconf 88' lang='lat' dir='ltr'><strong>possumus</strong></span> <span class='ocrx_word' id='word_1_311' title='bbox 1501 2334 1517 2360; x_wconf 96' lang='lat'><strong>,</strong></span> <span class='ocrx_word' id='word_1_312' title='bbox 1543 2301 1732 2346; x_wconf 87' lang='lat' dir='ltr'><strong>contra</strong></span> <span class='ocrx_word' id='word_1_313' title='bbox 1763 2290 1994 2344; x_wconf 86' lang='lat' dir='ltr'><strong>alterum</strong></span> <span class='ocrx_word' id='word_1_314' title='bbox 2033 2299 2134 2338; x_wconf 86' lang='lat' dir='ltr'><strong>nos</strong></span> 
     </span>
    </p>
   </div>
   <div class='ocr_carea' id='block_1_42' title="bbox 557 2386 2136 2449">
    <p class='ocr_par' dir='ltr' id='par_1_42' title="bbox 557 2386 2136 2449">
     <span class='ocr_line' id='line_1_42' title="bbox 557 2386 2136 2449; baseline -0.013 0"><span class='ocrx_word' id='word_1_315' title='bbox 557 2395 754 2449; x_wconf 81' lang='lat' dir='ltr'><strong>noxios</strong></span> <span class='ocrx_word' id='word_1_316' title='bbox 833 2390 1034 2444; x_wconf 83' lang='lat' dir='ltr'><strong>reddit.</strong></span> <span class='ocrx_word' id='word_1_317' title='bbox 1100 2388 1319 2443; x_wconf 89' lang='lat' dir='ltr'><strong>Utinam</strong></span> <span class='ocrx_word' id='word_1_318' title='bbox 1387 2396 1640 2439; x_wconf 88' lang='lat' dir='ltr'><strong>mortuus</strong></span> <span class='ocrx_word' id='word_1_319' title='bbox 1697 2386 1982 2436; x_wconf 69' lang='lat' dir='ltr'><strong>essem‘et</strong></span> <span class='ocrx_word' id='word_1_320' title='bbox 2037 2389 2136 2428; x_wconf 83' lang='lat' dir='ltr'><strong>vos</strong></span> 
     </span>
    </p>
   </div>
   <div class='ocr_carea' id='block_1_43' title="bbox 556 2463 2138 2550">
    <p class='ocr_par' dir='ltr' id='par_1_43' title="bbox 556 2463 2138 2550">
     <span class='ocr_line' id='line_1_43' title="bbox 556 2463 2138 2550; baseline -0.012 -14"><span class='ocrx_word' id='word_1_321' title='bbox 556 2481 881 2550; x_wconf 86' lang='lat' dir='ltr'><strong>sanguinem</strong></span> <span class='ocrx_word' id='word_1_322' title='bbox 915 2492 1095 2531; x_wconf 89' lang='lat' dir='ltr'><strong>meum</strong></span> <span class='ocrx_word' id='word_1_323' title='bbox 1129 2491 1227 2545; x_wconf 91' lang='lat' dir='ltr'><strong>pro</strong></span> <span class='ocrx_word' id='word_1_324' title='bbox 1256 2475 1436 2528; x_wconf 87' lang='lat' dir='ltr'><strong>salute</strong></span> <span class='ocrx_word' id='word_1_325' title='bbox 1471 2481 1651 2526; x_wconf 81' lang='lat' dir='ltr'><strong>vestra</strong></span> <span class='ocrx_word' id='word_1_326' title='bbox 1696 2466 1906 2537; x_wconf 80' lang='lat' dir='ltr'><strong>Operati</strong></span> <span class='ocrx_word' id='word_1_327' title='bbox 1939 2463 2138 2519; x_wconf 86' lang='lat' dir='ltr'><strong>essetis</strong></span> 
     </span>
    </p>
   </div>
   <div class='ocr_carea' id='block_1_44' title="bbox 557 2561 2135 2641">
    <p class='ocr_par' dir='ltr' id='par_1_44' title="bbox 557 2561 2135 2641">
     <span class='ocr_line' id='line_1_44' title="bbox 557 2561 2135 2641; baseline -0.013 -12"><span class='ocrx_word' id='word_1_328' title='bbox 557 2583 612 2630; x_wconf 89' lang='lat' dir='ltr'><strong>et</strong></span> <span class='ocrx_word' id='word_1_329' title='bbox 649 2582 710 2627; x_wconf 90' lang='lat' dir='ltr'><strong>ut</strong></span> <span class='ocrx_word' id='word_1_330' title='bbox 763 2570 1005 2641; x_wconf 88' lang='lat' dir='ltr'><strong>pulveris</strong></span> <span class='ocrx_word' id='word_1_331' title='bbox 1053 2565 1453 2636; x_wconf 86' lang='lat' dir='ltr'><strong>aliquantulum</strong></span> <span class='ocrx_word' id='word_1_332' title='bbox 1504 2563 1606 2617; x_wconf 86' lang='lat' dir='ltr'><strong>hoc</strong></span> <span class='ocrx_word' id='word_1_333' title='bbox 1653 2561 1914 2615; x_wconf 91' lang='lat' dir='ltr'><strong>miserum</strong></span> <span class='ocrx_word' id='word_1_334' title='bbox 1953 2570 2135 2612; x_wconf 89' lang='lat' dir='ltr'><strong>meum</strong></span> 
     </span>
    </p>
   </div>
   <div class='ocr_carea' id='block_1_45' title="bbox 560 2647 2140 2734">
    <p class='ocr_par' dir='ltr' id='par_1_45' title="bbox 560 2647 2140 2734">
     <span class='ocr_line' id='line_1_45' title="bbox 560 2647 2140 2734; baseline -0.01 -14"><span class='ocrx_word' id='word_1_335' title='bbox 560 2679 764 2734; x_wconf 92' lang='lat' dir='ltr'><strong>corpus</strong></span> <span class='ocrx_word' id='word_1_336' title='bbox 808 2661 1143 2731; x_wconf 76' lang='lat' dir='ltr'><strong>aperuisset,</strong></span> <span class='ocrx_word' id='word_1_337' title='bbox 1183 2659 1503 2729; x_wconf 87' lang='lat' dir='ltr'><strong>priusquam</strong></span> <span class='ocrx_word' id='word_1_338' title='bbox 1557 2654 1643 2708; x_wconf 85' lang='lat' dir='ltr'><strong>bis</strong></span> <span class='ocrx_word' id='word_1_339' title='bbox 1677 2653 1840 2708; x_wconf 90' lang='lat' dir='ltr'><strong>tantis</strong></span> <span class='ocrx_word' id='word_1_340' title='bbox 1877 2647 2140 2720; x_wconf 86' lang='lat' dir='ltr'><strong>periculis</strong></span> 
     </span>
    </p>
   </div>
   <div class='ocr_carea' id='block_1_46' title="bbox 561 2741 2139 2814">
    <p class='ocr_par' dir='ltr' id='par_1_46' title="bbox 561 2741 2139 2814">
     <span class='ocr_line' id='line_1_46' title="bbox 561 2741 2139 2814; baseline -0.013 -1"><span class='ocrx_word' id='word_1_341' title='bbox 561 2759 852 2814; x_wconf 77' lang='lat' dir='ltr'><strong>obruerer.</strong></span> <span class='ocrx_word' id='word_1_342' title='bbox 872 2754 1006 2808; x_wconf 85' lang='lat' dir='ltr'><strong>Nam</strong></span> <span class='ocrx_word' id='word_1_343' title='bbox 1030 2750 1362 2805; x_wconf 89' lang='lat' dir='ltr'><strong>occumbere</strong></span> <span class='ocrx_word' id='word_1_344' title='bbox 1394 2746 1561 2802; x_wconf 88' lang='lat' dir='ltr'><strong>semel</strong></span> <span class='ocrx_word' id='word_1_345' title='bbox 1589 2754 1819 2799; x_wconf 87' lang='lat' dir='ltr'><strong>mortem</strong></span> <span class='ocrx_word' id='word_1_346' title='bbox 1852 2741 2139 2812; x_wconf 79' lang='lat' dir='ltr'><strong>inglpriam</strong></span> 
     </span>
    </p>
   </div>
   <div class='ocr_carea' id='block_1_47' title="bbox 566 2835 2142 2916">
    <p class='ocr_par' dir='ltr' id='par_1_47' title="bbox 566 2835 2142 2916">
     <span class='ocr_line' id='line_1_47' title="bbox 566 2835 2142 2916; baseline -0.011 -14"><span class='ocrx_word' id='word_1_347' title='bbox 566 2848 738 2902; x_wconf 70' lang='lat' dir='ltr'><strong>multo</strong></span> <span class='ocrx_word' id='word_1_348' title='bbox 771 2843 1138 2916; x_wconf 63' lang='lat' dir='ltr'><strong>praestabilius</strong></span> <span class='ocrx_word' id='word_1_349' title='bbox 1165 2852 1249 2895; x_wconf 87' lang='lat' dir='ltr'><strong>est</strong></span> <span class='ocrx_word' id='word_1_350' title='bbox 1281 2855 1444 2908; x_wconf 86' lang='lat' dir='ltr'><strong>quam</strong></span> <span class='ocrx_word' id='word_1_351' title='bbox 1482 2836 1633 2906; x_wconf 81' lang='lat' dir='ltr'><strong>regni</strong></span> <span class='ocrx_word' id='word_1_352' title='bbox 1669 2835 1882 2889; x_wconf 84' lang='lat' dir='ltr'><strong>futilcm</strong></span> <span class='ocrx_word' id='word_1_353' title='bbox 1917 2847 2142 2888; x_wconf 61' lang='lat' dir='ltr'><strong>consero</strong></span> 
     </span>
    </p>
   </div>
   <div class='ocr_carea' id='block_1_48' title="bbox 2237 2189 3827 2269">
    <p class='ocr_par' dir='ltr' id='par_1_48' title="bbox 2237 2189 3827 2269">
     <span class='ocr_line' id='line_1_48' title="bbox 2237 2189 3827 2269; baseline -0.002 -24"><span class='ocrx_word' id='word_1_354' title='bbox 2237 2193 2328 2245; x_wconf 76' lang='grc' dir='ltr'>καὶ</span> <span class='ocrx_word' id='word_1_355' title='bbox 2371 2193 2446 2261; x_wconf 78' lang='grc' dir='ltr'>τῷ</span> <span class='ocrx_word' id='word_1_356' title='bbox 2478 2191 2750 2260; x_wconf 78' lang='grc' dir='ltr'>κρείττονι</span> <span class='ocrx_word' id='word_1_357' title='bbox 2788 2190 3018 2269; x_wconf 79' lang='grc' dir='ltr'>συνδοκῇ</span> <span class='ocrx_word' id='word_1_358' title='bbox 3060 2191 3154 2243; x_wconf 72' lang='grc' dir='ltr'>καὶ</span> <span class='ocrx_word' id='word_1_359' title='bbox 3184 2191 3536 2260; x_wconf 81' lang='grc' dir='ltr'>συγχωρῆται</span> <span class='ocrx_word' id='word_1_360' title='bbox 3567 2189 3648 2258; x_wconf 83' lang='grc' dir='ltr'>τῷ</span> <span class='ocrx_word' id='word_1_361' title='bbox 3676 2189 3827 2242; x_wconf 77' lang='grc' dir='ltr'>πλά-</span> 
     </span>
    </p>
   </div>
   <div class='ocr_carea' id='block_1_49' title="bbox 2241 2283 3825 2355">
    <p class='ocr_par' dir='ltr' id='par_1_49' title="bbox 2241 2283 3825 2355">
     <span class='ocr_line' id='line_1_49' title="bbox 2241 2283 3825 2355; baseline -0.003 -17"><span class='ocrx_word' id='word_1_362' title='bbox 2241 2302 2436 2352; x_wconf 84' lang='grc' dir='ltr'>σαντι;</span> <span class='ocrx_word' id='word_1_363' title='bbox 2472 2287 2546 2338; x_wconf 80' lang='grc' dir='ltr'><strong>Οὐ</strong></span> <span class='ocrx_word' id='word_1_364' title='bbox 2577 2285 2685 2355; x_wconf 76' lang='grc' dir='ltr'>γὰρ</span> <span class='ocrx_word' id='word_1_365' title='bbox 2717 2285 2840 2347; x_wconf 82' lang='grc' dir='ltr'>τοὺς</span> <span class='ocrx_word' id='word_1_366' title='bbox 2893 2285 3213 2354; x_wconf 81' lang='grc' dir='ltr'>ἐφιεμένους</span> <span class='ocrx_word' id='word_1_367' title='bbox 3239 2283 3339 2354; x_wconf 77' lang='grc' dir='ltr'>ζῇν</span> <span class='ocrx_word' id='word_1_368' title='bbox 3366 2283 3620 2350; x_wconf 79' lang='grc' dir='ltr'>ἀσφαλῶς</span> <span class='ocrx_word' id='word_1_369' title='bbox 3650 2284 3697 2334; x_wconf 76' lang='grc' dir='ltr'>οἱ</span> <span class='ocrx_word' id='word_1_370' title='bbox 3729 2284 3825 2334; x_wconf 81' lang='grc' dir='ltr'>νό-</span> 
     </span>
    </p>
   </div>
   <div class='ocr_carea' id='block_1_50' title="bbox 2241 2371 3823 2450">
    <p class='ocr_par' dir='ltr' id='par_1_50' title="bbox 2241 2371 3823 2450">
     <span class='ocr_line' id='line_1_50' title="bbox 2241 2371 3823 2450; baseline -0.006 -17"><span class='ocrx_word' id='word_1_371' title='bbox 2241 2397 2334 2450; x_wconf 89' lang='grc' dir='ltr'><strong>μοι</strong></span> <span class='ocrx_word' id='word_1_372' title='bbox 2373 2380 2719 2443; x_wconf 73' lang='grc' dir='ltr'>κολάζουσιν,</span> <span class='ocrx_word' id='word_1_373' title='bbox 2747 2377 2860 2431; x_wconf 85' lang='grc' dir='ltr'>ἀλλ’</span> <span class='ocrx_word' id='word_1_374' title='bbox 2897 2371 2976 2440; x_wconf 72' lang='grc' dir='ltr'>οἷς</span> <span class='ocrx_word' id='word_1_375' title='bbox 3019 2377 3350 2446; x_wconf 81' lang='grc' dir='ltr'>τυραννικὴν</span> <span class='ocrx_word' id='word_1_376' title='bbox 3381 2376 3644 2445; x_wconf 80' lang='grc' dir='ltr'>ὡμότητα</span> <span class='ocrx_word' id='word_1_377' title='bbox 3677 2381 3823 2444; x_wconf 67' lang='grc' dir='ltr'>σχή-</span> 
     </span>
    </p>
   </div>
   <div class='ocr_carea' id='block_1_51' title="bbox 2241 2467 3824 2543">
    <p class='ocr_par' dir='ltr' id='par_1_51' title="bbox 2241 2467 3824 2543">
     <span class='ocr_line' id='line_1_51' title="bbox 2241 2467 3824 2543; baseline -0.003 -18"><span class='ocrx_word' id='word_1_378' title='bbox 2241 2491 2372 2543; x_wconf 87' lang='grc' dir='ltr'>ματι</span> <span class='ocrx_word' id='word_1_379' title='bbox 2402 2472 2582 2540; x_wconf 83' lang='grc' dir='ltr'>φιλίας</span> <span class='ocrx_word' id='word_1_380' title='bbox 2607 2469 2938 2540; x_wconf 80' lang='grc' dir='ltr'>ἀναμίξασιν</span> <span class='ocrx_word' id='word_1_381' title='bbox 2979 2470 3259 2540; x_wconf 70' lang='grc' dir='ltr'>ἐπιορκεῖν</span> <span class='ocrx_word' id='word_1_382' title='bbox 3284 2467 3418 2539; x_wconf 80' lang='grc' dir='ltr'>ὁμοῦ</span> <span class='ocrx_word' id='word_1_383' title='bbox 3443 2471 3537 2523; x_wconf 74' lang='grc' dir='ltr'>καὶ</span> <span class='ocrx_word' id='word_1_384' title='bbox 3567 2469 3824 2538; x_wconf 77' lang='grc' dir='ltr'>φθείρειν</span> 
     </span>
    </p>
   </div>
   <div class='ocr_carea' id='block_1_52' title="bbox 2240 2561 3824 2634">
    <p class='ocr_par' dir='ltr' id='par_1_52' title="bbox 2240 2561 3824 2634">
     <span class='ocr_line' id='line_1_52' title="bbox 2240 2561 3824 2634; baseline -0.003 -16"><span class='ocrx_word' id='word_1_385' title='bbox 2240 2564 2508 2634; x_wconf 74' lang='grc' dir='ltr'>ἐμέλησεν</span> <span class='ocrx_word' id='word_1_386' title='bbox 2542 2561 2632 2624; x_wconf 82' lang='grc' dir='ltr'><strong>οὒς</strong></span> <span class='ocrx_word' id='word_1_387' title='bbox 2657 2563 2880 2631; x_wconf 80' lang='grc' dir='ltr'>ἀγαπᾷν</span> <span class='ocrx_word' id='word_1_388' title='bbox 2919 2561 3284 2631; x_wconf 85' lang='grc' dir='ltr'>ὀμωμόκεσαν</span> <span class='ocrx_word' id='word_1_389' title='bbox 3308 2576 3323 2592; x_wconf 79' lang='grc' dir='ltr'><strong>ο</strong></span> <span class='ocrx_word' id='word_1_390' title='bbox 3363 2563 3539 2614; x_wconf 83' lang='grc' dir='ltr'>ἐκεῖνο</span> <span class='ocrx_word' id='word_1_391' title='bbox 3585 2561 3684 2630; x_wconf 80' lang='grc' dir='ltr'>μὲν</span> <span class='ocrx_word' id='word_1_392' title='bbox 3707 2564 3824 2631; x_wconf 74' lang='grc' dir='ltr'>γὰρ</span> 
     </span>
    </p>
   </div>
   <div class='ocr_carea' id='block_1_53' title="bbox 2243 2654 3827 2728">
    <p class='ocr_par' dir='ltr' id='par_1_53' title="bbox 2243 2654 3827 2728">
     <span class='ocr_line' id='line_1_53' title="bbox 2243 2654 3827 2728; baseline -0.003 -16"><span class='ocrx_word' id='word_1_393' title='bbox 2243 2657 2524 2712; x_wconf 81' lang='grc' dir='ltr'>ἀκώλυτον</span> <span class='ocrx_word' id='word_1_394' title='bbox 2549 2657 2661 2728; x_wconf 80' lang='grc' dir='ltr'>ἔχει</span> <span class='ocrx_word' id='word_1_395' title='bbox 2688 2656 2788 2725; x_wconf 81' lang='grc' dir='ltr'>τὴν</span> <span class='ocrx_word' id='word_1_396' title='bbox 2827 2655 2926 2724; x_wconf 86' lang='grc' dir='ltr'>τῆς</span> <span class='ocrx_word' id='word_1_397' title='bbox 2959 2656 3266 2726; x_wconf 79' lang='grc' dir='ltr'>βουλήσεως</span> <span class='ocrx_word' id='word_1_398' title='bbox 3321 2655 3532 2724; x_wconf 75' lang='grc' dir='ltr'>ἔφεσιν,</span> <span class='ocrx_word' id='word_1_399' title='bbox 3562 2655 3724 2708; x_wconf 80' lang='grc' dir='ltr'>τοῦτο</span> <span class='ocrx_word' id='word_1_400' title='bbox 3777 2654 3827 2708; x_wconf 81' lang='grc' dir='ltr'>δ’</span> 
     </span>
    </p>
   </div>
   <div class='ocr_carea' id='block_1_54' title="bbox 2243 2744 3829 2820">
    <p class='ocr_par' dir='ltr' id='par_1_54' title="bbox 2243 2744 3829 2820">
     <span class='ocr_line' id='line_1_54' title="bbox 2243 2744 3829 2820; baseline -0.001 -16"><span class='ocrx_word' id='word_1_401' title='bbox 2243 2753 2345 2804; x_wconf 75' lang='grc' dir='ltr'>οὐκ</span> <span class='ocrx_word' id='word_1_402' title='bbox 2407 2751 2586 2805; x_wconf 83' lang='grc' dir='ltr'>ἀθῶον</span> <span class='ocrx_word' id='word_1_403' title='bbox 2645 2750 2744 2820; x_wconf 80' lang='grc' dir='ltr'>τὴν</span> <span class='ocrx_word' id='word_1_404' title='bbox 2805 2744 3032 2819; x_wconf 79' lang='grc' dir='ltr'>γνώμην</span> <span class='ocrx_word' id='word_1_405' title='bbox 3066 2749 3436 2819; x_wconf 84' lang='grc' dir='ltr'>ἐγκλήματος.</span> <span class='ocrx_word' id='word_1_406' title='bbox 3478 2751 3566 2813; x_wconf 83' lang='lat'><strong>&#39;0;</strong></span> <span class='ocrx_word' id='word_1_407' title='bbox 3609 2749 3829 2817; x_wconf 82' lang='grc' dir='ltr'>ῶφελον</span> 
     </span>
    </p>
   </div>
   <div class='ocr_carea' id='block_1_55' title="bbox 2244 2835 3828 2911">
    <p class='ocr_par' dir='ltr' id='par_1_55' title="bbox 2244 2835 3828 2911">
     <span class='ocr_line' id='line_1_55' title="bbox 2244 2835 3828 2911; baseline -0.001 -17"><span class='ocrx_word' id='word_1_408' title='bbox 2244 2842 2364 2894; x_wconf 82' lang='grc' dir='ltr'>τότε</span> <span class='ocrx_word' id='word_1_409' title='bbox 2387 2857 2450 2908; x_wconf 81' lang='grc' dir='ltr'><strong>γε</strong></span> <span class='ocrx_word' id='word_1_410' title='bbox 2487 2840 2763 2909; x_wconf 78' lang='grc' dir='ltr'>θνήσκειν,</span> <span class='ocrx_word' id='word_1_411' title='bbox 2791 2842 2887 2892; x_wconf 70' lang='grc' dir='ltr'>καὶ</span> <span class='ocrx_word' id='word_1_412' title='bbox 2905 2841 3107 2909; x_wconf 84' lang='grc' dir='ltr'>τούμδν</span> <span class='ocrx_word' id='word_1_413' title='bbox 3133 2835 3274 2910; x_wconf 75' lang='grc' dir='ltr'>αἷμα</span> <span class='ocrx_word' id='word_1_414' title='bbox 3298 2843 3414 2902; x_wconf 86' lang='grc' dir='ltr'>τοῖς</span> <span class='ocrx_word' id='word_1_415' title='bbox 3437 2841 3592 2911; x_wconf 85' lang='grc' dir='ltr'>ὑμῶν</span> <span class='ocrx_word' id='word_1_416' title='bbox 3622 2840 3828 2893; x_wconf 58' lang='lat' dir='ltr'><strong>inﬂa-</strong></span> 
     </span>
    </p>
   </div>
   <div class='ocr_carea' id='block_1_56' title="bbox 561 2925 2144 3006">
    <p class='ocr_par' dir='ltr' id='par_1_56' title="bbox 561 2925 2144 3006">
     <span class='ocr_line' id='line_1_56' title="bbox 561 2925 2144 3006; baseline -0.01 -11"><span class='ocrx_word' id='word_1_417' title='bbox 561 2955 693 2995; x_wconf 84' lang='lat' dir='ltr'><strong>vare</strong></span> <span class='ocrx_word' id='word_1_418' title='bbox 726 2938 982 3006; x_wconf 81' lang='lat' dir='ltr'><strong>gloriam.</strong></span> <span class='ocrx_word' id='word_1_419' title='bbox 1029 2935 1171 2988; x_wconf 81' lang='lat' dir='ltr'><strong>Huic</strong></span> <span class='ocrx_word' id='word_1_420' title='bbox 1221 2933 1368 2986; x_wconf 87' lang='lat' dir='ltr'><strong>enint</strong></span> <span class='ocrx_word' id='word_1_421' title='bbox 1413 2931 1587 2983; x_wconf 86' lang='lat' dir='ltr'><strong>multa</strong></span> <span class='ocrx_word' id='word_1_422' title='bbox 1625 2943 1690 2982; x_wconf 89' lang='lat' dir='ltr'><strong>ac</strong></span> <span class='ocrx_word' id='word_1_423' title='bbox 1744 2929 1894 2980; x_wconf 88' lang='lat' dir='ltr'><strong>varia</strong></span> <span class='ocrx_word' id='word_1_424' title='bbox 1943 2925 2144 2979; x_wconf 84' lang='lat' dir='ltr'><strong>adsunt</strong></span> 
     </span>
    </p>
   </div>
   <div class='ocr_carea' id='block_1_57' title="bbox 2246 2925 3832 3006">
    <p class='ocr_par' dir='ltr' id='par_1_57' title="bbox 2247 2931 3832 3003">
     <span class='ocr_line' id='line_1_57' title="bbox 2247 2931 3832 3003; baseline 0 -17"><span class='ocrx_word' id='word_1_425' title='bbox 2247 2935 2458 3003; x_wconf 76' lang='grc' dir='ltr'>τηρίοις</span> <span class='ocrx_word' id='word_1_426' title='bbox 2487 2933 2597 2984; x_wconf 86' lang='grc' dir='ltr'>είθε</span> <span class='ocrx_word' id='word_1_427' title='bbox 2622 2932 2810 2986; x_wconf 82' lang='grc' dir='ltr'>ἐθύετο</span> <span class='ocrx_word' id='word_1_428' title='bbox 2843 2932 3003 2997; x_wconf 80' lang='grc' dir='ltr'>τέως,</span> <span class='ocrx_word' id='word_1_429' title='bbox 3049 2932 3145 2985; x_wconf 74' lang='grc' dir='ltr'>καὶ</span> <span class='ocrx_word' id='word_1_430' title='bbox 3185 2931 3415 3002; x_wconf 86' lang='grc' dir='ltr'>βραχεῖα</span> <span class='ocrx_word' id='word_1_431' title='bbox 3439 2933 3592 2995; x_wconf 81' lang='grc' dir='ltr'>κόνις</span> <span class='ocrx_word' id='word_1_432' title='bbox 3619 2932 3832 3001; x_wconf 76' lang='grc' dir='ltr'>τούμὸν</span> 
     </span>
    </p>
   </div>
   <div class='ocr_carea' id='block_1_58' title="bbox 563 3018 2144 3098">
    <p class='ocr_par' dir='ltr' id='par_1_58' title="bbox 563 3018 2142 3098">
     <span class='ocr_line' id='line_1_58' title="bbox 563 3018 2142 3098; baseline -0.009 -16"><span class='ocrx_word' id='word_1_433' title='bbox 563 3027 810 3098; x_wconf 87' lang='lat' dir='ltr'><strong>pericula</strong></span> <span class='ocrx_word' id='word_1_434' title='bbox 849 3024 1000 3078; x_wconf 89' lang='lat' dir='ltr'><strong>mille</strong></span> <span class='ocrx_word' id='word_1_435' title='bbox 1028 3021 1228 3076; x_wconf 84' lang='lat' dir='ltr'><strong>mortis</strong></span> <span class='ocrx_word' id='word_1_436' title='bbox 1261 3019 1566 3074; x_wconf 84' lang='lat' dir='ltr'><strong>terroribus</strong></span> <span class='ocrx_word' id='word_1_437' title='bbox 1592 3018 1795 3072; x_wconf 87' lang='lat' dir='ltr'><strong>referta</strong></span> <span class='ocrx_word' id='word_1_438' title='bbox 1828 3032 1947 3086; x_wconf 54' lang='lat' dir='ltr'><strong>quae</strong></span> <span class='ocrx_word' id='word_1_439' title='bbox 1977 3024 2142 3069; x_wconf 85' lang='lat' dir='ltr'><strong>noctu</strong></span> 
     </span>
    </p>
   </div>
   <div class='ocr_carea' id='block_1_59' title="bbox 2246 3018 3831 3098">
    <p class='ocr_par' dir='ltr' id='par_1_59' title="bbox 2249 3023 3831 3092">
     <span class='ocr_line' id='line_1_59' title="bbox 2249 3023 3831 3092; baseline -0.006 -11"><span class='ocrx_word' id='word_1_440' title='bbox 2249 3026 2553 3081; x_wconf 78' lang='grc' dir='ltr'>ἐκάλυπτεν</span> <span class='ocrx_word' id='word_1_441' title='bbox 2577 3023 2760 3079; x_wconf 80' lang='grc' dir='ltr'>ἀῦλιον</span> <span class='ocrx_word' id='word_1_442' title='bbox 2793 3023 2973 3092; x_wconf 90' lang='grc' dir='ltr'>σῶμα,</span> <span class='ocrx_word' id='word_1_443' title='bbox 3000 3024 3130 3092; x_wconf 77' lang='grc' dir='ltr'>πρὶν</span> <span class='ocrx_word' id='word_1_444' title='bbox 3155 3025 3213 3086; x_wconf 82' lang='grc' dir='ltr'><strong>ἐς</strong></span> <span class='ocrx_word' id='word_1_445' title='bbox 3239 3023 3493 3087; x_wconf 86' lang='grc' dir='ltr'>τοιαύτας</span> <span class='ocrx_word' id='word_1_446' title='bbox 3520 3023 3831 3092; x_wconf 82' lang='grc' dir='ltr'>τεταμιεῦ-</span> 
     </span>
    </p>
   </div>
   <div class='ocr_carea' id='block_1_60' title="bbox 563 3103 2144 3185">
    <p class='ocr_par' dir='ltr' id='par_1_60' title="bbox 563 3104 2144 3185">
     <span class='ocr_line' id='line_1_60' title="bbox 563 3104 2144 3185; baseline -0.009 -14"><span class='ocrx_word' id='word_1_447' title='bbox 563 3119 769 3185; x_wconf 90' lang='lat' dir='ltr'><strong>diuque</strong></span> <span class='ocrx_word' id='word_1_448' title='bbox 802 3131 903 3168; x_wconf 90' lang='lat' dir='ltr'><strong>nos</strong></span> <span class='ocrx_word' id='word_1_449' title='bbox 933 3113 1378 3168; x_wconf 86' lang='lat' dir='ltr'><strong>circumcursant</strong></span> <span class='ocrx_word' id='word_1_450' title='bbox 1409 3119 1466 3165; x_wconf 87' lang='lat' dir='ltr'><strong>et</strong></span> <span class='ocrx_word' id='word_1_451' title='bbox 1515 3108 1855 3164; x_wconf 83' lang='lat' dir='ltr'><strong>antecedunt</strong></span> <span class='ocrx_word' id='word_1_452' title='bbox 1883 3115 1940 3160; x_wconf 88' lang='lat' dir='ltr'><strong>ct</strong></span> <span class='ocrx_word' id='word_1_453' title='bbox 1971 3104 2144 3159; x_wconf 87' lang='lat' dir='ltr'><strong>unda-</strong></span> 
     </span>
    </p>
   </div>
   <div class='ocr_carea' id='block_1_61' title="bbox 2246 3103 3834 3185">
    <p class='ocr_par' dir='ltr' id='par_1_61' title="bbox 2249 3103 3834 3183">
     <span class='ocr_line' id='line_1_61' title="bbox 2249 3103 3834 3183; baseline 0.001 -17"><span class='ocrx_word' id='word_1_454' title='bbox 2249 3115 2373 3167; x_wconf 87' lang='grc' dir='ltr'>σθαι</span> <span class='ocrx_word' id='word_1_455' title='bbox 2390 3112 2556 3183; x_wconf 83' lang='grc' dir='ltr'>τύχας</span> <span class='ocrx_word' id='word_1_456' title='bbox 2577 3129 2590 3144; x_wconf 74' lang='grc'><strong><em>⁸</em></strong></span> <span class='ocrx_word' id='word_1_457' title='bbox 2627 3111 2720 3166; x_wconf 84' lang='grc' dir='ltr'>τοῦ</span> <span class='ocrx_word' id='word_1_458' title='bbox 2749 3113 2857 3181; x_wconf 70' lang='grc' dir='ltr'><strong>γὰρ</strong></span> <span class='ocrx_word' id='word_1_459' title='bbox 2881 3111 3030 3178; x_wconf 76' lang='grc' dir='ltr'>ἅπαξ</span> <span class='ocrx_word' id='word_1_460' title='bbox 3060 3103 3240 3166; x_wconf 74' lang='grc' dir='ltr'>θανείν</span> <span class='ocrx_word' id='word_1_461' title='bbox 3265 3112 3476 3175; x_wconf 76' lang='grc' dir='ltr'>ἀκλεῶς</span> <span class='ocrx_word' id='word_1_462' title='bbox 3501 3112 3563 3165; x_wconf 81' lang='grc' dir='ltr'>τὸ</span> <span class='ocrx_word' id='word_1_463' title='bbox 3587 3113 3834 3182; x_wconf 75' lang='grc' dir='ltr'>φυλάξαι</span> 
     </span>
    </p>
   </div>
   <div class='ocr_carea' id='block_1_62' title="bbox 569 3195 2144 3290">
    <p class='ocr_par' dir='ltr' id='par_1_62' title="bbox 569 3195 2144 3270">
     <span class='ocr_line' id='line_1_62' title="bbox 569 3195 2144 3270; baseline -0.004 -11"><span class='ocrx_word' id='word_1_464' title='bbox 569 3221 693 3259; x_wconf 86' lang='lat' dir='ltr'><strong>rum</strong></span> <span class='ocrx_word' id='word_1_465' title='bbox 726 3203 1078 3258; x_wconf 76' lang='lat' dir='ltr'><strong>acstuantiutn</strong></span> <span class='ocrx_word' id='word_1_466' title='bbox 1109 3203 1397 3255; x_wconf 90' lang='lat' dir='ltr'><strong>inslarnos</strong></span> <span class='ocrx_word' id='word_1_467' title='bbox 1423 3199 1816 3270; x_wconf 84' lang='lat' dir='ltr'><strong>comprimunt.</strong></span> <span class='ocrx_word' id='word_1_468' title='bbox 1849 3195 1985 3250; x_wconf 87' lang='lat' dir='ltr'><strong>Illud</strong></span> <span class='ocrx_word' id='word_1_469' title='bbox 2015 3211 2144 3252; x_wconf 85' lang='lat' dir='ltr'><strong>vero</strong></span> 
     </span>
    </p>
   </div>
   <div class='ocr_carea' id='block_1_63' title="bbox 2246 3195 3830 3290">
    <p class='ocr_par' dir='ltr' id='par_1_63' title="bbox 2251 3204 3830 3276">
     <span class='ocr_line' id='line_1_63' title="bbox 2251 3204 3830 3276; baseline 0.001 -19"><span class='ocrx_word' id='word_1_470' title='bbox 2251 3204 2531 3276; x_wconf 78' lang='grc' dir='ltr'>βασιλείας</span> <span class='ocrx_word' id='word_1_471' title='bbox 2575 3204 2957 3272; x_wconf 84' lang='grc' dir='ltr'>ἀταλαίπωρον</span> <span class='ocrx_word' id='word_1_472' title='bbox 3001 3204 3162 3267; x_wconf 80' lang='grc' dir='ltr'>δόξαν</span> <span class='ocrx_word' id='word_1_473' title='bbox 3200 3204 3382 3274; x_wconf 82' lang='grc' dir='ltr'>πολλῷ</span> <span class='ocrx_word' id='word_1_474' title='bbox 3415 3207 3830 3275; x_wconf 73' lang='grc' dir='ltr'>χαλεπώτερον·</span> 
     </span>
    </p>
   </div>
   <div class='ocr_carea' id='block_1_64' title="bbox 566 3289 2144 3366">
    <p class='ocr_par' dir='ltr' id='par_1_64' title="bbox 566 3289 2144 3364">
     <span class='ocr_line' id='line_1_64' title="bbox 566 3289 2144 3364; baseline -0.007 -11"><span class='ocrx_word' id='word_1_475' title='bbox 566 3296 775 3353; x_wconf 85' lang='lat' dir='ltr'><strong>nostris</strong></span> <span class='ocrx_word' id='word_1_476' title='bbox 797 3295 864 3349; x_wconf 90' lang='lat' dir='ltr'><strong>de</strong></span> <span class='ocrx_word' id='word_1_477' title='bbox 896 3289 1057 3364; x_wconf 78' lang='lat'><strong>158</strong></span> <span class='ocrx_word' id='word_1_478' title='bbox 1089 3294 1318 3364; x_wconf 87' lang='lat' dir='ltr'><strong>ingloria</strong></span> <span class='ocrx_word' id='word_1_479' title='bbox 1350 3293 1477 3348; x_wconf 65' lang='lat' dir='ltr'><strong>vitae</strong></span> <span class='ocrx_word' id='word_1_480' title='bbox 1506 3291 1827 3348; x_wconf 89' lang='lat' dir='ltr'><strong>conditione</strong></span> <span class='ocrx_word' id='word_1_481' title='bbox 1862 3289 2144 3345; x_wconf 82' lang='lat' dir='ltr'><strong>doloribus</strong></span> 
     </span>
    </p>
   </div>
   <div class='ocr_carea' id='block_1_65' title="bbox 2246 3289 3838 3366">
    <p class='ocr_par' dir='ltr' id='par_1_65' title="bbox 2247 3293 3838 3366">
     <span class='ocr_line' id='line_1_65' title="bbox 2247 3293 3838 3366; baseline 0.003 -20"><span class='ocrx_word' id='word_1_482' title='bbox 2247 3294 2408 3348; x_wconf 69' lang='grc' dir='ltr'>τοῦτο</span> <span class='ocrx_word' id='word_1_483' title='bbox 2441 3293 2539 3362; x_wconf 77' lang='grc' dir='ltr'>μὲν</span> <span class='ocrx_word' id='word_1_484' title='bbox 2570 3293 2679 3362; x_wconf 76' lang='grc' dir='ltr'><strong>γὰρ</strong></span> <span class='ocrx_word' id='word_1_485' title='bbox 2721 3293 3052 3366; x_wconf 83' lang='grc' dir='ltr'>πολύτροποι</span> <span class='ocrx_word' id='word_1_486' title='bbox 3083 3295 3340 3365; x_wconf 81' lang='grc' dir='ltr'>βόσκουσι</span> <span class='ocrx_word' id='word_1_487' title='bbox 3388 3298 3625 3350; x_wconf 68' lang='grc' dir='ltr'>κίνδυνοι</span> <span class='ocrx_word' id='word_1_488' title='bbox 3655 3297 3838 3351; x_wconf 60' lang='grc' dir='ltr'>θανά-</span> 
     </span>
    </p>
   </div>
   <div class='ocr_carea' id='block_1_66' title="bbox 568 3385 2144 3467">
    <p class='ocr_par' dir='ltr' id='par_1_66' title="bbox 568 3385 2144 3456">
     <span class='ocr_line' id='line_1_66' title="bbox 568 3385 2144 3456; baseline -0.006 -11"><span class='ocrx_word' id='word_1_489' title='bbox 568 3390 734 3446; x_wconf 79' lang='lat' dir='ltr'><strong>finem</strong></span> <span class='ocrx_word' id='word_1_490' title='bbox 767 3389 918 3444; x_wconf 85' lang='lat' dir='ltr'><strong>facit.</strong></span> <span class='ocrx_word' id='word_1_491' title='bbox 951 3389 1130 3442; x_wconf 87' lang='lat' dir='ltr'><strong>Etiam</strong></span> <span class='ocrx_word' id='word_1_492' title='bbox 1163 3402 1316 3442; x_wconf 89' lang='lat' dir='ltr'><strong>nunc</strong></span> <span class='ocrx_word' id='word_1_493' title='bbox 1366 3387 1411 3442; x_wconf 92' lang='lat' dir='ltr'><strong>si</strong></span> <span class='ocrx_word' id='word_1_494' title='bbox 1449 3401 1641 3442; x_wconf 86' lang='lat' dir='ltr'><strong>revera</strong></span> <span class='ocrx_word' id='word_1_495' title='bbox 1672 3385 1884 3456; x_wconf 80' lang='lat' dir='ltr'><strong>precari</strong></span> <span class='ocrx_word' id='word_1_496' title='bbox 1934 3397 2144 3454; x_wconf 87' lang='lat' dir='ltr'><strong>possem</strong></span> 
     </span>
    </p>
   </div>
   <div class='ocr_carea' id='block_1_67' title="bbox 2246 3385 3836 3467">
    <p class='ocr_par' dir='ltr' id='par_1_67' title="bbox 2248 3387 3836 3467">
     <span class='ocr_line' id='line_1_67' title="bbox 2248 3387 3836 3467; baseline 0.006 -28"><span class='ocrx_word' id='word_1_497' title='bbox 2248 3403 2359 3440; x_wconf 90' lang='grc' dir='ltr'><strong>των</strong></span> <span class='ocrx_word' id='word_1_498' title='bbox 2385 3387 2597 3456; x_wconf 85' lang='grc' dir='ltr'>μυρίων</span> <span class='ocrx_word' id='word_1_499' title='bbox 2623 3389 2835 3457; x_wconf 72' lang='grc' dir='ltr'>μεστοὶ,</span> <span class='ocrx_word' id='word_1_500' title='bbox 2871 3391 3089 3458; x_wconf 85' lang='grc' dir='ltr'>νύκτωρ</span> <span class='ocrx_word' id='word_1_501' title='bbox 3121 3391 3216 3444; x_wconf 81' lang='grc' dir='ltr'>καὶ</span> <span class='ocrx_word' id='word_1_502' title='bbox 3249 3389 3368 3459; x_wconf 85' lang='grc' dir='ltr'>μεθ’</span> <span class='ocrx_word' id='word_1_503' title='bbox 3398 3391 3611 3461; x_wconf 77' lang='grc' dir='ltr'>ἡμέραν</span> <span class='ocrx_word' id='word_1_504' title='bbox 3661 3411 3836 3467; x_wconf 85' lang='grc' dir='ltr'>περι-</span> 
     </span>
    </p>
   </div>
   <div class='ocr_carea' id='block_1_68' title="bbox 569 3477 2152 3548">
    <p class='ocr_par' dir='ltr' id='par_1_68' title="bbox 569 3477 2152 3548">
     <span class='ocr_line' id='line_1_68' title="bbox 569 3477 2152 3548; baseline -0.006 -8"><span class='ocrx_word' id='word_1_505' title='bbox 569 3492 714 3540; x_wconf 79' lang='lat' dir='ltr'><strong>terra</strong></span> <span class='ocrx_word' id='word_1_506' title='bbox 741 3497 826 3537; x_wconf 91' lang='lat' dir='ltr'><strong>me</strong></span> <span class='ocrx_word' id='word_1_507' title='bbox 859 3482 1151 3536; x_wconf 88' lang='lat' dir='ltr'><strong>devoraret</strong></span> <span class='ocrx_word' id='word_1_508' title='bbox 1179 3480 1394 3536; x_wconf 89' lang='lat' dir='ltr'><strong>mallem</strong></span> <span class='ocrx_word' id='word_1_509' title='bbox 1441 3493 1604 3548; x_wconf 88' lang='lat' dir='ltr'><strong>quam</strong></span> <span class='ocrx_word' id='word_1_510' title='bbox 1632 3494 1662 3532; x_wconf 89' lang='lat' dir='ltr'><strong>a</strong></span> <span class='ocrx_word' id='word_1_511' title='bbox 1695 3487 1746 3531; x_wconf 92' lang='lat' dir='ltr'><strong>te</strong></span> <span class='ocrx_word' id='word_1_512' title='bbox 1767 3477 1886 3547; x_wconf 84' lang='lat' dir='ltr'><strong>cogi</strong></span> <span class='ocrx_word' id='word_1_513' title='bbox 1923 3485 1981 3530; x_wconf 91' lang='lat' dir='ltr'><strong>ut</strong></span> <span class='ocrx_word' id='word_1_514' title='bbox 2004 3489 2152 3531; x_wconf 87' lang='lat' dir='ltr'><strong>nunc</strong></span> 
     </span>
    </p>
   </div>
   <div class='ocr_carea' id='block_1_69' title="bbox 572 3571 2154 3640">
    <p class='ocr_par' dir='ltr' id='par_1_69' title="bbox 572 3571 2154 3640">
     <span class='ocr_line' id='line_1_69' title="bbox 572 3571 2154 3640; baseline -0.002 -12"><span class='ocrx_word' id='word_1_515' title='bbox 572 3585 824 3631; x_wconf 75' lang='lat' dir='ltr'><strong>fortunas</strong></span> <span class='ocrx_word' id='word_1_516' title='bbox 873 3588 1021 3628; x_wconf 85' lang='lat' dir='ltr'><strong>meas</strong></span> <span class='ocrx_word' id='word_1_517' title='bbox 1069 3586 1362 3640; x_wconf 82' lang='lat' dir='ltr'><strong>exponam.</strong></span> <span class='ocrx_word' id='word_1_518' title='bbox 1434 3572 1566 3626; x_wconf 65' lang='lat' dir='ltr'><strong>Haec</strong></span> <span class='ocrx_word' id='word_1_519' title='bbox 1597 3571 1744 3625; x_wconf 86' lang='lat' dir='ltr'><strong>enim</strong></span> <span class='ocrx_word' id='word_1_520' title='bbox 1793 3572 2066 3639; x_wconf 61' lang='lat' dir='ltr'><strong>permistis:</strong></span> <span class='ocrx_word' id='word_1_521' title='bbox 2097 3580 2154 3625; x_wconf 84' lang='lat' dir='ltr'><strong>et</strong></span> 
     </span>
    </p>
   </div>
   <div class='ocr_carea' id='block_1_70' title="bbox 573 3662 2155 3734">
    <p class='ocr_par' dir='ltr' id='par_1_70' title="bbox 573 3662 2155 3734">
     <span class='ocr_line' id='line_1_70' title="bbox 573 3662 2155 3734; baseline -0.003 -13"><span class='ocrx_word' id='word_1_522' title='bbox 573 3669 798 3722; x_wconf 77' lang='lat' dir='ltr'><strong>imbuta:</strong></span> <span class='ocrx_word' id='word_1_523' title='bbox 827 3676 956 3722; x_wconf 91' lang='lat' dir='ltr'><strong>sunt</strong></span> <span class='ocrx_word' id='word_1_524' title='bbox 989 3667 1168 3720; x_wconf 87' lang='lat' dir='ltr'><strong>soceri</strong></span> <span class='ocrx_word' id='word_1_525' title='bbox 1195 3667 1304 3720; x_wconf 88' lang='lat' dir='ltr'><strong>mei</strong></span> <span class='ocrx_word' id='word_1_526' title='bbox 1335 3663 1558 3734; x_wconf 84' lang='lat' dir='ltr'><strong>ﬂagitiis</strong></span> <span class='ocrx_word' id='word_1_527' title='bbox 1591 3663 1666 3717; x_wconf 84' lang='lat' dir='ltr'><strong>ita</strong></span> <span class='ocrx_word' id='word_1_528' title='bbox 1697 3671 1756 3717; x_wconf 91' lang='lat' dir='ltr'><strong>ut</strong></span> <span class='ocrx_word' id='word_1_529' title='bbox 1788 3662 1970 3718; x_wconf 90' lang='lat' dir='ltr'><strong>omnia</strong></span> <span class='ocrx_word' id='word_1_530' title='bbox 1996 3678 2155 3716; x_wconf 88' lang='lat' dir='ltr'><strong>enar-</strong></span> 
     </span>
    </p>
   </div>
   <div class='ocr_carea' id='block_1_71' title="bbox 581 3753 2154 3825">
    <p class='ocr_par' dir='ltr' id='par_1_71' title="bbox 581 3753 2154 3825">
     <span class='ocr_line' id='line_1_71' title="bbox 581 3753 2154 3825; baseline -0.006 -9"><span class='ocrx_word' id='word_1_531' title='bbox 581 3777 704 3816; x_wconf 87' lang='lat' dir='ltr'><strong>rare</strong></span> <span class='ocrx_word' id='word_1_532' title='bbox 744 3760 880 3815; x_wconf 82' lang='lat' dir='ltr'><strong>milti</strong></span> <span class='ocrx_word' id='word_1_533' title='bbox 922 3774 1030 3812; x_wconf 92' lang='lat' dir='ltr'><strong>non</strong></span> <span class='ocrx_word' id='word_1_534' title='bbox 1065 3759 1248 3814; x_wconf 89' lang='lat' dir='ltr'><strong>liceat.</strong></span> <span class='ocrx_word' id='word_1_535' title='bbox 1275 3758 1484 3814; x_wconf 84' lang='lat' dir='ltr'><strong>Vereor</strong></span> <span class='ocrx_word' id='word_1_536' title='bbox 1519 3756 1684 3825; x_wconf 85' lang='lat' dir='ltr'><strong>etiam</strong></span> <span class='ocrx_word' id='word_1_537' title='bbox 1725 3771 1795 3812; x_wconf 91' lang='lat' dir='ltr'><strong>ne</strong></span> <span class='ocrx_word' id='word_1_538' title='bbox 1826 3753 2154 3810; x_wconf 87' lang='lat' dir='ltr'><strong>cnarrandis</strong></span> 
     </span>
    </p>
   </div>
   <div class='ocr_carea' id='block_1_72' title="bbox 573 3845 2154 3921">
    <p class='ocr_par' dir='ltr' id='par_1_72' title="bbox 573 3845 2154 3921">
     <span class='ocr_line' id='line_1_72' title="bbox 573 3845 2154 3921; baseline -0.008 -13"><span class='ocrx_word' id='word_1_539' title='bbox 573 3852 645 3908; x_wconf 89' lang='lat' dir='ltr'><strong>iis</strong></span> <span class='ocrx_word' id='word_1_540' title='bbox 692 3865 884 3906; x_wconf 81' lang='lat' dir='ltr'><strong>socero</strong></span> <span class='ocrx_word' id='word_1_541' title='bbox 930 3849 1123 3905; x_wconf 88' lang='lat' dir='ltr'><strong>videar</strong></span> <span class='ocrx_word' id='word_1_542' title='bbox 1175 3848 1390 3921; x_wconf 82' lang='lat' dir='ltr'><strong>prolixe</strong></span> <span class='ocrx_word' id='word_1_543' title='bbox 1437 3846 1623 3902; x_wconf 85' lang='lat' dir='ltr'><strong>facere</strong></span> <span class='ocrx_word' id='word_1_544' title='bbox 1679 3847 1968 3902; x_wconf 87' lang='lat' dir='ltr'><strong>invidiam.</strong></span> <span class='ocrx_word' id='word_1_545' title='bbox 2017 3845 2154 3900; x_wconf 86' lang='lat' dir='ltr'><strong>Nam</strong></span> 
     </span>
    </p>
   </div>
   <div class='ocr_carea' id='block_1_73' title="bbox 575 3931 2158 4003">
    <p class='ocr_par' dir='ltr' id='par_1_73' title="bbox 575 3931 2158 4003">
     <span class='ocr_line' id='line_1_73' title="bbox 575 3931 2158 4003; baseline -0.008 -8"><span class='ocrx_word' id='word_1_546' title='bbox 575 3954 684 3996; x_wconf 87' lang='lat' dir='ltr'><strong>non</strong></span> <span class='ocrx_word' id='word_1_547' title='bbox 733 3939 912 3993; x_wconf 58' lang='lat' dir='ltr'><strong>salum</strong></span> <span class='ocrx_word' id='word_1_548' title='bbox 964 3937 1234 3992; x_wconf 87' lang='lat' dir='ltr'><strong>Romanis</strong></span> <span class='ocrx_word' id='word_1_549' title='bbox 1282 3944 1473 3990; x_wconf 89' lang='lat' dir='ltr'><strong>notum</strong></span> <span class='ocrx_word' id='word_1_550' title='bbox 1520 3944 1630 4000; x_wconf 77' lang='lat' dir='ltr'><strong>est,</strong></span> <span class='ocrx_word' id='word_1_551' title='bbox 1663 3934 1759 3989; x_wconf 87' lang='lat' dir='ltr'><strong>sed</strong></span> <span class='ocrx_word' id='word_1_552' title='bbox 1795 3935 1984 4003; x_wconf 87' lang='lat' dir='ltr'><strong>plures</strong></span> <span class='ocrx_word' id='word_1_553' title='bbox 2036 3931 2158 3984; x_wconf 62' lang='lat' dir='ltr'><strong>alia:</strong></span> 
     </span>
    </p>
   </div>
   <div class='ocr_carea' id='block_1_74' title="bbox 573 4026 2156 4101">
    <p class='ocr_par' dir='ltr' id='par_1_74' title="bbox 573 4026 2156 4101">
     <span class='ocr_line' id='line_1_74' title="bbox 573 4026 2156 4101; baseline -0.007 -17"><span class='ocrx_word' id='word_1_554' title='bbox 573 4046 798 4101; x_wconf 83' lang='lat' dir='ltr'><strong>quoque</strong></span> <span class='ocrx_word' id='word_1_555' title='bbox 823 4039 1012 4100; x_wconf 86' lang='lat' dir='ltr'><strong>gentes</strong></span> <span class='ocrx_word' id='word_1_556' title='bbox 1045 4027 1326 4082; x_wconf 79' lang='lat' dir='ltr'><strong>admiratae</strong></span> <span class='ocrx_word' id='word_1_557' title='bbox 1354 4036 1486 4081; x_wconf 84' lang='lat' dir='ltr'><strong>sunt</strong></span> <span class='ocrx_word' id='word_1_558' title='bbox 1516 4026 1581 4079; x_wconf 86' lang='lat' dir='ltr'><strong>ad</strong></span> <span class='ocrx_word' id='word_1_559' title='bbox 1611 4033 1878 4094; x_wconf 88' lang='lat' dir='ltr'><strong>quantum</strong></span> <span class='ocrx_word' id='word_1_560' title='bbox 1909 4029 2156 4090; x_wconf 78' lang='lat' dir='ltr'><strong>potesta-</strong></span> 
     </span>
    </p>
   </div>
   <div class='ocr_carea' id='block_1_75' title="bbox 576 4109 2155 4190">
    <p class='ocr_par' dir='ltr' id='par_1_75' title="bbox 576 4109 2155 4190">
     <span class='ocr_line' id='line_1_75' title="bbox 576 4109 2155 4190; baseline -0.008 -15"><span class='ocrx_word' id='word_1_561' title='bbox 576 4123 650 4176; x_wconf 89' lang='lat' dir='ltr'><strong>tis</strong></span> <span class='ocrx_word' id='word_1_562' title='bbox 679 4121 976 4190; x_wconf 67' lang='lat' dir='ltr'><strong>fastigium</strong></span> <span class='ocrx_word' id='word_1_563' title='bbox 1025 4117 1447 4173; x_wconf 86' lang='lat' dir='ltr'><strong>Cantacuzenus</strong></span> <span class='ocrx_word' id='word_1_564' title='bbox 1494 4131 1525 4170; x_wconf 88' lang='lat' dir='ltr'><strong>a</strong></span> <span class='ocrx_word' id='word_1_565' title='bbox 1565 4115 1728 4169; x_wconf 89' lang='lat' dir='ltr'><strong>beato</strong></span> <span class='ocrx_word' id='word_1_566' title='bbox 1760 4113 1855 4168; x_wconf 90' lang='lat' dir='ltr'><strong>illo</strong></span> <span class='ocrx_word' id='word_1_567' title='bbox 1895 4127 2023 4184; x_wconf 87' lang='lat' dir='ltr'><strong>rege</strong></span> <span class='ocrx_word' id='word_1_568' title='bbox 2059 4109 2155 4179; x_wconf 88' lang='lat' dir='ltr'><strong>qui</strong></span> 
     </span>
    </p>
   </div>
   <div class='ocr_carea' id='block_1_76' title="bbox 580 4200 2157 4280">
    <p class='ocr_par' dir='ltr' id='par_1_76' title="bbox 580 4200 2157 4280">
     <span class='ocr_line' id='line_1_76' title="bbox 580 4200 2157 4280; baseline -0.006 -14"><span class='ocrx_word' id='word_1_569' title='bbox 580 4225 669 4266; x_wconf 87' lang='lat' dir='ltr'><strong>me</strong></span> <span class='ocrx_word' id='word_1_570' title='bbox 715 4210 978 4264; x_wconf 84' lang='lat' dir='ltr'><strong>miserum</strong></span> <span class='ocrx_word' id='word_1_571' title='bbox 1023 4206 1358 4280; x_wconf 89' lang='lat' dir='ltr'><strong>procreavit,</strong></span> <span class='ocrx_word' id='word_1_572' title='bbox 1396 4204 1701 4276; x_wconf 87' lang='lat' dir='ltr'><strong>productus</strong></span> <span class='ocrx_word' id='word_1_573' title='bbox 1743 4202 1836 4258; x_wconf 89' lang='lat' dir='ltr'><strong>sit.</strong></span> <span class='ocrx_word' id='word_1_574' title='bbox 1883 4200 1984 4257; x_wconf 80' lang='lat' dir='ltr'><strong>llic</strong></span> <span class='ocrx_word' id='word_1_575' title='bbox 2009 4202 2157 4256; x_wconf 87' lang='lat' dir='ltr'><strong>enim</strong></span> 
     </span>
    </p>
   </div>
   <div class='ocr_carea' id='block_1_77' title="bbox 584 4295 2156 4365">
    <p class='ocr_par' dir='ltr' id='par_1_77' title="bbox 584 4295 2156 4365">
     <span class='ocr_line' id='line_1_77' title="bbox 584 4295 2156 4365; baseline -0.006 -8"><span class='ocrx_word' id='word_1_576' title='bbox 584 4301 808 4357; x_wconf 88' lang='lat' dir='ltr'><strong>nomine</strong></span> <span class='ocrx_word' id='word_1_577' title='bbox 839 4309 1051 4354; x_wconf 87' lang='lat' dir='ltr'><strong>tantum</strong></span> <span class='ocrx_word' id='word_1_578' title='bbox 1090 4313 1186 4356; x_wconf 84' lang='lat' dir='ltr'><strong>rex</strong></span> <span class='ocrx_word' id='word_1_579' title='bbox 1217 4305 1358 4363; x_wconf 90' lang='lat' dir='ltr'><strong>erat,</strong></span> <span class='ocrx_word' id='word_1_580' title='bbox 1395 4303 1587 4350; x_wconf 89' lang='lat' dir='ltr'><strong>contra</strong></span> <span class='ocrx_word' id='word_1_581' title='bbox 1617 4295 1709 4353; x_wconf 88' lang='lat' dir='ltr'><strong>ille</strong></span> <span class='ocrx_word' id='word_1_582' title='bbox 1743 4308 1933 4349; x_wconf 88' lang='lat' dir='ltr'><strong>revera</strong></span> <span class='ocrx_word' id='word_1_583' title='bbox 1965 4302 2156 4365; x_wconf 89' lang='lat' dir='ltr'><strong>potes-</strong></span> 
     </span>
    </p>
   </div>
   <div class='ocr_carea' id='block_1_78' title="bbox 583 4385 2159 4448">
    <p class='ocr_par' dir='ltr' id='par_1_78' title="bbox 583 4385 2159 4448">
     <span class='ocr_line' id='line_1_78' title="bbox 583 4385 2159 4448; baseline -0.004 -1"><span class='ocrx_word' id='word_1_584' title='bbox 583 4404 697 4448; x_wconf 87' lang='lat' dir='ltr'><strong>tate</strong></span> <span class='ocrx_word' id='word_1_585' title='bbox 731 4393 991 4447; x_wconf 81' lang='lat' dir='ltr'><strong>universa</strong></span> <span class='ocrx_word' id='word_1_586' title='bbox 1017 4405 1124 4444; x_wconf 89' lang='lat' dir='ltr'><strong>una</strong></span> <span class='ocrx_word' id='word_1_587' title='bbox 1157 4404 1284 4446; x_wconf 90' lang='lat' dir='ltr'><strong>cum</strong></span> <span class='ocrx_word' id='word_1_588' title='bbox 1315 4397 1494 4444; x_wconf 89' lang='lat' dir='ltr'><strong>matre</strong></span> <span class='ocrx_word' id='word_1_589' title='bbox 1533 4402 1631 4443; x_wconf 85' lang='lat' dir='ltr'><strong>sua</strong></span> <span class='ocrx_word' id='word_1_590' title='bbox 1663 4401 1728 4442; x_wconf 79' lang='lat' dir='ltr'><strong>ex</strong></span> <span class='ocrx_word' id='word_1_591' title='bbox 1759 4385 1994 4442; x_wconf 88' lang='lat' dir='ltr'><strong>libidine</strong></span> <span class='ocrx_word' id='word_1_592' title='bbox 2023 4399 2159 4441; x_wconf 86' lang='lat' dir='ltr'><strong>usus</strong></span> 
     </span>
    </p>
   </div>
   <div class='ocr_carea' id='block_1_79' title="bbox 2250 3481 3841 3557">
    <p class='ocr_par' dir='ltr' id='par_1_79' title="bbox 2250 3481 3841 3557">
     <span class='ocr_line' id='line_1_79' title="bbox 2250 3481 3841 3557; baseline 0.005 -24"><span class='ocrx_word' id='word_1_593' title='bbox 2250 3481 2534 3552; x_wconf 71' lang='grc' dir='ltr'>τρέχοντες</span> <span class='ocrx_word' id='word_1_594' title='bbox 2558 3498 2618 3534; x_wconf 88' lang='grc' dir='ltr'><strong>τε</strong></span> <span class='ocrx_word' id='word_1_595' title='bbox 2651 3483 2745 3534; x_wconf 72' lang='grc' dir='ltr'>καὶ</span> <span class='ocrx_word' id='word_1_596' title='bbox 2771 3483 3161 3552; x_wconf 84' lang='grc' dir='ltr'>προοδεύοντες</span> <span class='ocrx_word' id='word_1_597' title='bbox 3187 3485 3280 3538; x_wconf 74' lang='grc' dir='ltr'>καὶ</span> <span class='ocrx_word' id='word_1_598' title='bbox 3311 3484 3469 3555; x_wconf 85' lang='grc' dir='ltr'>δίκην</span> <span class='ocrx_word' id='word_1_599' title='bbox 3497 3487 3708 3557; x_wconf 80' lang='grc' dir='ltr'>ἀγρίων</span> <span class='ocrx_word' id='word_1_600' title='bbox 3734 3506 3841 3541; x_wconf 75' lang='lat' dir='ltr'><strong>xu-</strong></span> 
     </span>
    </p>
   </div>
   <div class='ocr_carea' id='block_1_80' title="bbox 2253 3575 3836 3649">
    <p class='ocr_par' dir='ltr' id='par_1_80' title="bbox 2253 3575 3836 3649">
     <span class='ocr_line' id='line_1_80' title="bbox 2253 3575 3836 3649; baseline 0.003 -24"><span class='ocrx_word' id='word_1_601' title='bbox 2253 3575 2442 3641; x_wconf 81' lang='grc' dir='ltr'>μάτων</span> <span class='ocrx_word' id='word_1_602' title='bbox 2476 3575 2562 3627; x_wconf 76' lang='grc' dir='ltr'><strong>ἀεὶ</strong></span> <span class='ocrx_word' id='word_1_603' title='bbox 2591 3575 3021 3642; x_wconf 73' lang='grc' dir='ltr'>συμπνίγοντες,</span> <span class='ocrx_word' id='word_1_604' title='bbox 3069 3579 3245 3629; x_wconf 86' lang='grc' dir='ltr'>ἐκεῖνο</span> <span class='ocrx_word' id='word_1_605' title='bbox 3285 3578 3333 3628; x_wconf 79' lang='grc' dir='ltr'>δ’</span> <span class='ocrx_word' id='word_1_606' title='bbox 3363 3578 3670 3648; x_wconf 82' lang='grc' dir='ltr'>ἀνάλγητον</span> <span class='ocrx_word' id='word_1_607' title='bbox 3715 3580 3836 3649; x_wconf 73' lang='grc' dir='ltr'>ἔχει</span> 
     </span>
    </p>
   </div>
   <div class='ocr_carea' id='block_1_81' title="bbox 2252 3665 3836 3742">
    <p class='ocr_par' dir='ltr' id='par_1_81' title="bbox 2252 3665 3836 3742">
     <span class='ocr_line' id='line_1_81' title="bbox 2252 3665 3836 3742; baseline 0.005 -25"><span class='ocrx_word' id='word_1_608' title='bbox 2252 3665 2314 3718; x_wconf 80' lang='grc' dir='ltr'><strong>τὸ</strong></span> <span class='ocrx_word' id='word_1_609' title='bbox 2352 3666 2547 3729; x_wconf 79' lang='grc' dir='ltr'>ἀκλεὲς</span> <span class='ocrx_word' id='word_1_610' title='bbox 2579 3667 2714 3736; x_wconf 81' lang='grc' dir='ltr'>πρὸς</span> <span class='ocrx_word' id='word_1_611' title='bbox 2747 3667 2964 3722; x_wconf 76' lang='grc' dir='ltr'>ἅπαντα</span> <span class='ocrx_word' id='word_1_612' title='bbox 3007 3669 3120 3739; x_wconf 82' lang='grc' dir='ltr'>βίον</span> <span class='ocrx_word' id='word_1_613' title='bbox 3172 3672 3560 3742; x_wconf 81' lang='grc' dir='ltr'>ἀναισθητοῦν.</span> <span class='ocrx_word' id='word_1_614' title='bbox 3607 3674 3695 3733; x_wconf 83' lang='grc' dir='ltr'>Ὡς</span> <span class='ocrx_word' id='word_1_615' title='bbox 3735 3675 3836 3725; x_wconf 86' lang='grc' dir='ltr'>νῦν</span> 
     </span>
    </p>
   </div>
   <div class='ocr_carea' id='block_1_82' title="bbox 2253 3759 3839 3835">
    <p class='ocr_par' dir='ltr' id='par_1_82' title="bbox 2253 3759 3839 3835">
     <span class='ocr_line' id='line_1_82' title="bbox 2253 3759 3839 3835; baseline 0.006 -26"><span class='ocrx_word' id='word_1_616' title='bbox 2253 3773 2316 3824; x_wconf 88' lang='grc' dir='ltr'><strong>γε</strong></span> <span class='ocrx_word' id='word_1_617' title='bbox 2353 3760 2446 3810; x_wconf 75' lang='grc' dir='ltr'>καὶ</span> <span class='ocrx_word' id='word_1_618' title='bbox 2477 3760 2530 3812; x_wconf 82' lang='grc' dir='ltr'>εἴ</span> <span class='ocrx_word' id='word_1_619' title='bbox 2565 3775 2655 3827; x_wconf 87' lang='grc' dir='ltr'><strong>μοι</strong></span> <span class='ocrx_word' id='word_1_620' title='bbox 2681 3759 3068 3832; x_wconf 82' lang='grc' dir='ltr'>τελεσιουργὸν</span> <span class='ocrx_word' id='word_1_621' title='bbox 3097 3763 3197 3831; x_wconf 73' lang='grc' dir='ltr'>τὴν</span> <span class='ocrx_word' id='word_1_622' title='bbox 3246 3764 3412 3834; x_wconf 80' lang='grc' dir='ltr'>εὐχὴν</span> <span class='ocrx_word' id='word_1_623' title='bbox 3457 3766 3686 3835; x_wconf 72' lang='grc' dir='ltr'>ἤλπιζον</span> <span class='ocrx_word' id='word_1_624' title='bbox 3716 3768 3839 3818; x_wconf 68' lang='grc' dir='ltr'>ἐσε-</span> 
     </span>
    </p>
   </div>
   <div class='ocr_carea' id='block_1_83' title="bbox 2257 3852 3836 3930">
    <p class='ocr_par' dir='ltr' id='par_1_83' title="bbox 2257 3852 3836 3930">
     <span class='ocr_line' id='line_1_83' title="bbox 2257 3852 3836 3930; baseline 0.006 -24"><span class='ocrx_word' id='word_1_625' title='bbox 2257 3852 2404 3918; x_wconf 79' lang='grc' dir='ltr'>σθαι,</span> <span class='ocrx_word' id='word_1_626' title='bbox 2427 3853 2601 3922; x_wconf 76' lang='grc' dir='ltr'>ἥδιστ’</span> <span class='ocrx_word' id='word_1_627' title='bbox 2637 3852 2704 3906; x_wconf 85' lang='grc' dir='ltr'>ἂν</span> <span class='ocrx_word' id='word_1_628' title='bbox 2725 3853 2979 3926; x_wconf 74' lang='grc' dir='ltr'>ηὐξάμην</span> <span class='ocrx_word' id='word_1_629' title='bbox 3008 3859 3192 3925; x_wconf 82' lang='grc' dir='ltr'>χανεῖν</span> <span class='ocrx_word' id='word_1_630' title='bbox 3229 3874 3321 3926; x_wconf 89' lang='grc' dir='ltr'><strong>μοι</strong></span> <span class='ocrx_word' id='word_1_631' title='bbox 3349 3857 3447 3913; x_wconf 73' lang='grc' dir='ltr'><strong>τὴν</strong></span> <span class='ocrx_word' id='word_1_632' title='bbox 3493 3861 3596 3930; x_wconf 85' lang='grc' dir='ltr'>γῆν</span> <span class='ocrx_word' id='word_1_633' title='bbox 3625 3859 3836 3928; x_wconf 79' lang='grc' dir='ltr'>μᾶλλον</span> 
     </span>
    </p>
   </div>
   <div class='ocr_carea' id='block_1_84' title="bbox 2255 3947 3834 4023">
    <p class='ocr_par' dir='ltr' id='par_1_84' title="bbox 2255 3947 3834 4023">
     <span class='ocr_line' id='line_1_84' title="bbox 2255 3947 3834 4023; baseline 0.006 -25"><span class='ocrx_word' id='word_1_634' title='bbox 2255 3947 2412 4017; x_wconf 54' lang='lat' dir='ltr'><strong>me;</strong></span> <span class='ocrx_word' id='word_1_635' title='bbox 2448 3947 2586 4016; x_wconf 78' lang='grc' dir='ltr'>ἐμὰς</span> <span class='ocrx_word' id='word_1_636' title='bbox 2638 3947 3045 4012; x_wconf 78' lang='grc' dir='ltr'>ἀναγκάζεσθαι</span> <span class='ocrx_word' id='word_1_637' title='bbox 3106 3949 3202 4002; x_wconf 80' lang='grc' dir='ltr'>νῦν</span> <span class='ocrx_word' id='word_1_638' title='bbox 3247 3951 3340 4003; x_wconf 73' lang='grc' dir='ltr'>ἐπὶ</span> <span class='ocrx_word' id='word_1_639' title='bbox 3396 3950 3488 4004; x_wconf 83' lang='grc' dir='ltr'>σοῦ</span> <span class='ocrx_word' id='word_1_640' title='bbox 3540 3953 3834 4023; x_wconf 80' lang='grc' dir='ltr'>συμφορὰς</span> 
     </span>
    </p>
   </div>
   <div class='ocr_carea' id='block_1_85' title="bbox 2255 4041 3837 4116">
    <p class='ocr_par' dir='ltr' id='par_1_85' title="bbox 2255 4041 3837 4116">
     <span class='ocr_line' id='line_1_85' title="bbox 2255 4041 3837 4116; baseline 0.003 -21"><span class='ocrx_word' id='word_1_641' title='bbox 2255 4041 2588 4110; x_wconf 84' lang='grc' dir='ltr'>ἀφηγεῖσθαι</span> <span class='ocrx_word' id='word_1_642' title='bbox 2608 4057 2622 4072; x_wconf 88' lang='grc'><strong>·</strong></span> <span class='ocrx_word' id='word_1_643' title='bbox 2668 4041 3046 4110; x_wconf 84' lang='grc' dir='ltr'>ἀναμέμικται</span> <span class='ocrx_word' id='word_1_644' title='bbox 3073 4042 3180 4114; x_wconf 86' lang='grc' dir='ltr'><strong>γὰρ</strong></span> <span class='ocrx_word' id='word_1_645' title='bbox 3234 4044 3391 4097; x_wconf 89' lang='grc' dir='ltr'>ταυτί</span> <span class='ocrx_word' id='word_1_646' title='bbox 3421 4063 3540 4108; x_wconf 89' lang='grc' dir='ltr'><strong>πως</strong></span> <span class='ocrx_word' id='word_1_647' title='bbox 3569 4049 3666 4100; x_wconf 75' lang='grc' dir='ltr'>καὶ</span> <span class='ocrx_word' id='word_1_648' title='bbox 3689 4065 3837 4116; x_wconf 82' lang='grc' dir='ltr'>συμ-</span> 
     </span>
    </p>
   </div>
   <div class='ocr_carea' id='block_1_86' title="bbox 2259 4132 3839 4208">
    <p class='ocr_par' dir='ltr' id='par_1_86' title="bbox 2259 4132 3839 4208">
     <span class='ocr_line' id='line_1_86' title="bbox 2259 4132 3839 4208; baseline 0.005 -22"><span class='ocrx_word' id='word_1_649' title='bbox 2259 4133 2536 4203; x_wconf 56' lang='grc' dir='ltr'>πέφυρται</span> <span class='ocrx_word' id='word_1_650' title='bbox 2593 4136 2711 4196; x_wconf 77' lang='grc' dir='ltr'>τοῖς</span> <span class='ocrx_word' id='word_1_651' title='bbox 2767 4132 3082 4204; x_wconf 85' lang='grc' dir='ltr'>ἐγκλήμασι</span> <span class='ocrx_word' id='word_1_652' title='bbox 3122 4136 3217 4191; x_wconf 79' lang='grc' dir='ltr'>τοῦ</span> <span class='ocrx_word' id='word_1_653' title='bbox 3266 4136 3386 4208; x_wconf 78' lang='grc' dir='ltr'>’μοῦ</span> <span class='ocrx_word' id='word_1_654' title='bbox 3439 4140 3730 4207; x_wconf 81' lang='grc' dir='ltr'>πενθεροῦ,</span> <span class='ocrx_word' id='word_1_655' title='bbox 3758 4142 3839 4207; x_wconf 83' lang='grc' dir='ltr'>ὡς</span> 
     </span>
    </p>
   </div>
   <div class='ocr_carea' id='block_1_87' title="bbox 2257 4221 3834 4304">
    <p class='ocr_par' dir='ltr' id='par_1_87' title="bbox 2257 4221 3834 4304">
     <span class='ocr_line' id='line_1_87' title="bbox 2257 4221 3834 4304; baseline 0.001 -22"><span class='ocrx_word' id='word_1_656' title='bbox 2257 4226 2550 4296; x_wconf 83' lang='grc' dir='ltr'>ἀνέφικτον</span> <span class='ocrx_word' id='word_1_657' title='bbox 2603 4221 2746 4280; x_wconf 76' lang='grc' dir='ltr'>εἶναι</span> <span class='ocrx_word' id='word_1_658' title='bbox 2785 4227 3016 4281; x_wconf 85' lang='grc' dir='ltr'>διελόντ’</span> <span class='ocrx_word' id='word_1_659' title='bbox 3063 4229 3416 4299; x_wconf 79' lang='grc' dir='ltr'>ἀφηγεῖσθαι,</span> <span class='ocrx_word' id='word_1_660' title='bbox 3479 4234 3572 4284; x_wconf 78' lang='grc' dir='ltr'>καὶ</span> <span class='ocrx_word' id='word_1_661' title='bbox 3601 4234 3719 4296; x_wconf 79' lang='grc' dir='ltr'>δέος</span> <span class='ocrx_word' id='word_1_662' title='bbox 3757 4235 3834 4304; x_wconf 74' lang='grc' dir='ltr'>μὴ</span> 
     </span>
    </p>
   </div>
   <div class='ocr_carea' id='block_1_88' title="bbox 2259 4315 3831 4396">
    <p class='ocr_par' dir='ltr' id='par_1_88' title="bbox 2259 4315 3831 4396">
     <span class='ocr_line' id='line_1_88' title="bbox 2259 4315 3831 4396; baseline 0.002 -25"><span class='ocrx_word' id='word_1_663' title='bbox 2259 4316 2410 4385; x_wconf 81' lang='grc' dir='ltr'><strong>αὑτῷ</strong></span> <span class='ocrx_word' id='word_1_664' title='bbox 2474 4315 2826 4385; x_wconf 75' lang='grc' dir='ltr'>προστρίϐειν</span> <span class='ocrx_word' id='word_1_665' title='bbox 2884 4316 3022 4380; x_wconf 77' lang='grc' dir='ltr'>δόξω</span> <span class='ocrx_word' id='word_1_666' title='bbox 3070 4318 3422 4396; x_wconf 36' lang='grc' dir='ltr'>τὸγδνειδον</span> <span class='ocrx_word' id='word_1_667' title='bbox 3474 4322 3831 4392; x_wconf 77' lang='grc' dir='ltr'>ἐξεπίτηδες·</span> 
     </span>
    </p>
   </div>
   <div class='ocr_carea' id='block_1_89' title="bbox 2259 4403 3839 4481">
    <p class='ocr_par' dir='ltr' id='par_1_89' title="bbox 2259 4403 3839 4481">
     <span class='ocr_line' id='line_1_89' title="bbox 2259 4403 3839 4481; baseline 0.006 -21"><span class='ocrx_word' id='word_1_668' title='bbox 2259 4403 2398 4462; x_wconf 73' lang='grc' dir='ltr'>εἶναι</span> <span class='ocrx_word' id='word_1_669' title='bbox 2421 4409 2529 4477; x_wconf 84' lang='grc' dir='ltr'>γὰρ</span> <span class='ocrx_word' id='word_1_670' title='bbox 2547 4409 2892 4479; x_wconf 70' lang='grc' dir='ltr'>ἐγνωσμένον</span> <span class='ocrx_word' id='word_1_671' title='bbox 2917 4412 2991 4478; x_wconf 82' lang='grc' dir='ltr'>μὴ</span> <span class='ocrx_word' id='word_1_672' title='bbox 3021 4409 3105 4463; x_wconf 83' lang='grc' dir='ltr'>ὅτι</span> <span class='ocrx_word' id='word_1_673' title='bbox 3135 4411 3430 4481; x_wconf 85' lang='grc' dir='ltr'>Ῥωμαίοις</span> <span class='ocrx_word' id='word_1_674' title='bbox 3451 4415 3676 4480; x_wconf 70' lang='grc' dir='ltr'>ἅπασιν,</span> <span class='ocrx_word' id='word_1_675' title='bbox 3699 4417 3839 4473; x_wconf 81' lang='grc' dir='ltr'>ἀλλὰ</span> 
     </span>
    </p>
   </div>
   <div class='ocr_carea' id='block_1_90' title="bbox 581 4475 2144 4578">
    <p class='ocr_par' dir='ltr' id='par_1_90' title="bbox 581 4475 2144 4553">
     <span class='ocr_line' id='line_1_90' title="bbox 581 4475 2144 4553; baseline -0.006 -15"><span class='ocrx_word' id='word_1_676' title='bbox 581 4496 691 4549; x_wconf 82' lang='lat' dir='ltr'><strong>est,</strong></span> <span class='ocrx_word' id='word_1_677' title='bbox 719 4492 774 4536; x_wconf 92' lang='lat' dir='ltr'><strong>et</strong></span> <span class='ocrx_word' id='word_1_678' title='bbox 797 4496 907 4553; x_wconf 80' lang='lat' dir='ltr'><strong>prae</strong></span> <span class='ocrx_word' id='word_1_679' title='bbox 935 4481 1056 4537; x_wconf 82' lang='lat' dir='ltr'><strong>aliis</strong></span> <span class='ocrx_word' id='word_1_680' title='bbox 1083 4480 1344 4537; x_wconf 88' lang='lat' dir='ltr'><strong>omnibus</strong></span> <span class='ocrx_word' id='word_1_681' title='bbox 1370 4479 1635 4534; x_wconf 82' lang='lat' dir='ltr'><strong>continuo</strong></span> <span class='ocrx_word' id='word_1_682' title='bbox 1657 4477 1880 4532; x_wconf 88' lang='lat' dir='ltr'><strong>interim</strong></span> <span class='ocrx_word' id='word_1_683' title='bbox 1905 4476 1975 4534; x_wconf 80' lang='lat' dir='ltr'><strong>ad</strong></span> <span class='ocrx_word' id='word_1_684' title='bbox 2002 4475 2144 4546; x_wconf 81' lang='lat' dir='ltr'><strong>regni</strong></span> 
     </span>
    </p>
   </div>
   <div class='ocr_carea' id='block_1_91' title="bbox 2246 4475 3839 4578">
    <p class='ocr_par' dir='ltr' id='par_1_91' title="bbox 2260 4475 3839 4578">
     <span class='ocr_line' id='line_1_91' title="bbox 2260 4475 3839 4578; baseline 0.005 -24"><span class='ocrx_word' id='word_1_685' title='bbox 2260 4502 2354 4555; x_wconf 81' lang='grc' dir='ltr'>καὶ</span> <span class='ocrx_word' id='word_1_686' title='bbox 2535 4475 2807 4558; x_wconf 27' lang='grc' dir='ltr'>ἐθνῶνντά</span> <span class='ocrx_word' id='word_1_687' title='bbox 2874 4475 3047 4557; x_wconf 82' lang='grc' dir='ltr'>πλείω</span> <span class='ocrx_word' id='word_1_688' title='bbox 3101 4475 3256 4576; x_wconf 53' lang='lat' dir='ltr'><strong>item;</strong></span> <span class='ocrx_word' id='word_1_689' title='bbox 3277 4507 3516 4578; x_wconf 82' lang='grc' dir='ltr'>μεγάλου</span> <span class='ocrx_word' id='word_1_690' title='bbox 3567 4475 3839 4578; x_wconf 80' lang='grc' dir='ltr'>παρεῖχον</span> 
     </span>
    </p>
   </div>
   <div class='ocr_carea' id='block_1_92' title="bbox 579 4568 2154 4632">
    <p class='ocr_par' dir='ltr' id='par_1_92' title="bbox 579 4568 2154 4632">
     <span class='ocr_line' id='line_1_92' title="bbox 579 4568 2154 4632; baseline -0.007 0"><span class='ocrx_word' id='word_1_691' title='bbox 579 4572 996 4632; x_wconf 70' lang='lat' dir='ltr'><strong>Successionem</strong></span> <span class='ocrx_word' id='word_1_692' title='bbox 1031 4578 1089 4624; x_wconf 91' lang='lat' dir='ltr'><strong>et</strong></span> <span class='ocrx_word' id='word_1_693' title='bbox 1135 4570 1203 4625; x_wconf 87' lang='lat' dir='ltr'><strong>ad</strong></span> <span class='ocrx_word' id='word_1_694' title='bbox 1245 4584 1422 4625; x_wconf 87' lang='lat' dir='ltr'><strong>meam</strong></span> <span class='ocrx_word' id='word_1_695' title='bbox 1476 4568 1854 4624; x_wconf 85' lang='lat' dir='ltr'><strong>conditionem</strong></span> <span class='ocrx_word' id='word_1_696' title='bbox 1905 4568 2154 4624; x_wconf 81' lang='lat' dir='ltr'><strong>animum</strong></span> 
     </span>
    </p>
   </div>
   <div class='ocr_carea' id='block_1_93' title="bbox 584 4661 2153 4731">
    <p class='ocr_par' dir='ltr' id='par_1_93' title="bbox 584 4661 2153 4731">
     <span class='ocr_line' id='line_1_93' title="bbox 584 4661 2153 4731; baseline -0.004 -11"><span class='ocrx_word' id='word_1_697' title='bbox 584 4665 772 4720; x_wconf 86' lang='lat' dir='ltr'><strong>vertit.</strong></span> <span class='ocrx_word' id='word_1_698' title='bbox 809 4663 1016 4723; x_wconf 85' lang='lat' dir='ltr'><strong>Deinde</strong></span> <span class='ocrx_word' id='word_1_699' title='bbox 1061 4676 1186 4716; x_wconf 89' lang='lat' dir='ltr'><strong>cum</strong></span> <span class='ocrx_word' id='word_1_700' title='bbox 1221 4670 1381 4731; x_wconf 84' lang='lat' dir='ltr'><strong>pater</strong></span> <span class='ocrx_word' id='word_1_701' title='bbox 1407 4661 1520 4716; x_wconf 90' lang='lat' dir='ltr'><strong>vita</strong></span> <span class='ocrx_word' id='word_1_702' title='bbox 1549 4662 1902 4728; x_wconf 79' lang='lat' dir='ltr'><strong>excessisset,</strong></span> <span class='ocrx_word' id='word_1_703' title='bbox 1951 4673 2153 4730; x_wconf 85' lang='lat' dir='ltr'><strong>meque</strong></span> 
     </span>
    </p>
   </div>
   <div class='ocr_carea' id='block_1_94' title="bbox 585 4750 2152 4825">
    <p class='ocr_par' dir='ltr' id='par_1_94' title="bbox 585 4750 2152 4825">
     <span class='ocr_line' id='line_1_94' title="bbox 585 4750 2152 4825; baseline -0.005 -13"><span class='ocrx_word' id='word_1_704' title='bbox 585 4757 851 4813; x_wconf 79' lang='lat' dir='ltr'><strong>infantem</strong></span> <span class='ocrx_word' id='word_1_705' title='bbox 885 4755 1074 4808; x_wconf 89' lang='lat' dir='ltr'><strong>matris</strong></span> <span class='ocrx_word' id='word_1_706' title='bbox 1105 4768 1252 4810; x_wconf 71' lang='lat' dir='ltr'><strong>curae</strong></span> <span class='ocrx_word' id='word_1_707' title='bbox 1281 4754 1868 4825; x_wconf 87' lang='lat' dir='ltr'><strong>reliquisset,quantas</strong></span> <span class='ocrx_word' id='word_1_708' title='bbox 1900 4753 1989 4809; x_wconf 87' lang='lat' dir='ltr'><strong>ille</strong></span> <span class='ocrx_word' id='word_1_709' title='bbox 2018 4750 2152 4806; x_wconf 86' lang='lat' dir='ltr'><strong>mihi</strong></span> 
     </span>
    </p>
   </div>
   <div class='ocr_carea' id='block_1_95' title="bbox 583 4846 2156 4904">
    <p class='ocr_par' dir='ltr' id='par_1_95' title="bbox 583 4846 2156 4904">
     <span class='ocr_line' id='line_1_95' title="bbox 583 4846 2156 4904; baseline -0.001 -1"><span class='ocrx_word' id='word_1_710' title='bbox 583 4857 642 4904; x_wconf 89' lang='lat' dir='ltr'><strong>et</strong></span> <span class='ocrx_word' id='word_1_711' title='bbox 676 4847 883 4903; x_wconf 77' lang='lat' dir='ltr'><strong>infelici</strong></span> <span class='ocrx_word' id='word_1_712' title='bbox 917 4847 1078 4902; x_wconf 85' lang='lat' dir='ltr'><strong>matri</strong></span> <span class='ocrx_word' id='word_1_713' title='bbox 1129 4862 1265 4902; x_wconf 75' lang='lat' dir='ltr'><strong>mea:</strong></span> <span class='ocrx_word' id='word_1_714' title='bbox 1313 4846 1566 4902; x_wconf 90' lang='lat' dir='ltr'><strong>miserias</strong></span> <span class='ocrx_word' id='word_1_715' title='bbox 1598 4847 1961 4904; x_wconf 85' lang='lat' dir='ltr'><strong>commoverit</strong></span> <span class='ocrx_word' id='word_1_716' title='bbox 1991 4861 2156 4902; x_wconf 86' lang='lat' dir='ltr'><strong>nemo</strong></span> 
     </span>
    </p>
   </div>
   <div class='ocr_carea' id='block_1_96' title="bbox 584 4932 2156 5010">
    <p class='ocr_par' dir='ltr' id='par_1_96' title="bbox 584 4932 2156 5010">
     <span class='ocr_line' id='line_1_96' title="bbox 584 4932 2156 5010; baseline -0.002 -15"><span class='ocrx_word' id='word_1_717' title='bbox 584 4949 672 4995; x_wconf 87' lang='lat' dir='ltr'><strong>est</strong></span> <span class='ocrx_word' id='word_1_718' title='bbox 695 4938 789 5009; x_wconf 93' lang='lat' dir='ltr'><strong>qui</strong></span> <span class='ocrx_word' id='word_1_719' title='bbox 826 4939 1060 5009; x_wconf 88' lang='lat' dir='ltr'><strong>ignoret.</strong></span> <span class='ocrx_word' id='word_1_720' title='bbox 1093 4937 1152 4994; x_wconf 90' lang='lat' dir='ltr'><strong>Id</strong></span> <span class='ocrx_word' id='word_1_721' title='bbox 1176 4940 1323 4993; x_wconf 89' lang='lat' dir='ltr'><strong>enim</strong></span> <span class='ocrx_word' id='word_1_722' title='bbox 1358 4939 1571 4994; x_wconf 85' lang='lat' dir='ltr'><strong>studuit</strong></span> <span class='ocrx_word' id='word_1_723' title='bbox 1604 4949 1664 4993; x_wconf 90' lang='lat' dir='ltr'><strong>ut</strong></span> <span class='ocrx_word' id='word_1_724' title='bbox 1692 4932 1748 4994; x_wconf 85' lang='lat' dir='ltr'><strong>in</strong></span> <span class='ocrx_word' id='word_1_725' title='bbox 1777 4939 2024 5010; x_wconf 90' lang='lat' dir='ltr'><strong>quinque</strong></span> <span class='ocrx_word' id='word_1_726' title='bbox 2066 4953 2156 4998; x_wconf 86' lang='lat' dir='ltr'><strong>re-</strong></span> 
     </span>
    </p>
   </div>
   <div class='ocr_carea' id='block_1_97' title="bbox 585 5033 2156 5106">
    <p class='ocr_par' dir='ltr' id='par_1_97' title="bbox 585 5033 2156 5106">
     <span class='ocr_line' id='line_1_97' title="bbox 585 5033 2156 5106; baseline -0.001 -20"><span class='ocrx_word' id='word_1_727' title='bbox 585 5049 713 5103; x_wconf 87' lang='lat' dir='ltr'><strong>gum</strong></span> <span class='ocrx_word' id='word_1_728' title='bbox 745 5035 947 5088; x_wconf 86' lang='lat' dir='ltr'><strong>seriem</strong></span> <span class='ocrx_word' id='word_1_729' title='bbox 977 5042 1034 5090; x_wconf 89' lang='lat' dir='ltr'><strong>et</strong></span> <span class='ocrx_word' id='word_1_730' title='bbox 1077 5035 1486 5090; x_wconf 84' lang='lat' dir='ltr'><strong>successionem</strong></span> <span class='ocrx_word' id='word_1_731' title='bbox 1511 5033 1827 5106; x_wconf 88' lang='lat' dir='ltr'><strong>obreperet.</strong></span> <span class='ocrx_word' id='word_1_732' title='bbox 1857 5033 2016 5100; x_wconf 90' lang='lat' dir='ltr'><strong>Quod</strong></span> <span class='ocrx_word' id='word_1_733' title='bbox 2055 5048 2156 5086; x_wconf 82' lang='lat' dir='ltr'><strong>an-</strong></span> 
     </span>
    </p>
   </div>
   <div class='ocr_carea' id='block_1_98' title="bbox 588 5123 2156 5197">
    <p class='ocr_par' dir='ltr' id='par_1_98' title="bbox 588 5123 2156 5197">
     <span class='ocr_line' id='line_1_98' title="bbox 588 5123 2156 5197; baseline 0.003 -19"><span class='ocrx_word' id='word_1_734' title='bbox 588 5134 809 5194; x_wconf 89' lang='lat' dir='ltr'><strong>tequam</strong></span> <span class='ocrx_word' id='word_1_735' title='bbox 845 5123 1052 5180; x_wconf 88' lang='lat' dir='ltr'><strong>factum</strong></span> <span class='ocrx_word' id='word_1_736' title='bbox 1084 5131 1170 5180; x_wconf 85' lang='lat' dir='ltr'><strong>est</strong></span> <span class='ocrx_word' id='word_1_737' title='bbox 1199 5139 1362 5180; x_wconf 90' lang='lat' dir='ltr'><strong>nemo</strong></span> <span class='ocrx_word' id='word_1_738' title='bbox 1390 5139 1525 5179; x_wconf 88' lang='lat' dir='ltr'><strong>sane</strong></span> <span class='ocrx_word' id='word_1_739' title='bbox 1571 5127 1888 5197; x_wconf 84' lang='lat' dir='ltr'><strong>suspicatus</strong></span> <span class='ocrx_word' id='word_1_740' title='bbox 1923 5135 2026 5180; x_wconf 90' lang='lat' dir='ltr'><strong>est.</strong></span> <span class='ocrx_word' id='word_1_741' title='bbox 2059 5125 2156 5182; x_wconf 86' lang='lat' dir='ltr'><strong>Ille</strong></span> 
     </span>
    </p>
   </div>
   <div class='ocr_carea' id='block_1_99' title="bbox 536 5217 2158 5290">
    <p class='ocr_par' dir='ltr' id='par_1_99' title="bbox 536 5217 2158 5290">
     <span class='ocr_line' id='line_1_99' title="bbox 536 5217 2158 5290; baseline 0.003 -21"><span class='ocrx_word' id='word_1_742' title='bbox 536 5247 542 5253; x_wconf 86' lang='lat'><strong>-</strong></span> <span class='ocrx_word' id='word_1_743' title='bbox 587 5217 752 5285; x_wconf 86' lang='lat' dir='ltr'><strong>igitur</strong></span> <span class='ocrx_word' id='word_1_744' title='bbox 781 5217 957 5286; x_wconf 87' lang='lat' dir='ltr'><strong>patris</strong></span> <span class='ocrx_word' id='word_1_745' title='bbox 1005 5232 1126 5272; x_wconf 88' lang='lat' dir='ltr'><strong>mea</strong></span> <span class='ocrx_word' id='word_1_746' title='bbox 1157 5217 1441 5274; x_wconf 84' lang='lat' dir='ltr'><strong>voluntate</strong></span> <span class='ocrx_word' id='word_1_747' title='bbox 1475 5219 1721 5290; x_wconf 81' lang='lat' dir='ltr'><strong>neglecta</strong></span> <span class='ocrx_word' id='word_1_748' title='bbox 1771 5233 1937 5288; x_wconf 89' lang='lat' dir='ltr'><strong>quam</strong></span> <span class='ocrx_word' id='word_1_749' title='bbox 1985 5217 2158 5275; x_wconf 88' lang='lat' dir='ltr'><strong>multo</strong></span> 
     </span>
    </p>
   </div>
   <div class='ocr_carea' id='block_1_100' title="bbox 583 5309 2160 5382">
    <p class='ocr_par' dir='ltr' id='par_1_100' title="bbox 583 5309 2160 5382">
     <span class='ocr_line' id='line_1_100' title="bbox 583 5309 2160 5382; baseline 0.003 -20"><span class='ocrx_word' id='word_1_750' title='bbox 583 5324 651 5362; x_wconf 78' lang='lat' dir='ltr'><strong>ex</strong></span> <span class='ocrx_word' id='word_1_751' title='bbox 688 5316 932 5378; x_wconf 84' lang='lat' dir='ltr'><strong>tempore</strong></span> <span class='ocrx_word' id='word_1_752' title='bbox 957 5311 1143 5364; x_wconf 88' lang='lat' dir='ltr'><strong>animo</strong></span> <span class='ocrx_word' id='word_1_753' title='bbox 1179 5309 1287 5365; x_wconf 88' lang='lat' dir='ltr'><strong>sibi</strong></span> <span class='ocrx_word' id='word_1_754' title='bbox 1323 5310 1555 5366; x_wconf 81' lang='lat' dir='ltr'><strong>finxerat</strong></span> <span class='ocrx_word' id='word_1_755' title='bbox 1583 5321 1909 5382; x_wconf 83' lang='lat' dir='ltr'><strong>potestatem</strong></span> <span class='ocrx_word' id='word_1_756' title='bbox 1935 5311 2160 5369; x_wconf 73' lang='lat' dir='ltr'><strong>allecta-</strong></span> 
     </span>
    </p>
   </div>
   <div class='ocr_carea' id='block_1_101' title="bbox 587 5402 2159 5472">
    <p class='ocr_par' dir='ltr' id='par_1_101' title="bbox 587 5402 2159 5472">
     <span class='ocr_line' id='line_1_101' title="bbox 587 5402 2159 5472; baseline 0.004 -20"><span class='ocrx_word' id='word_1_757' title='bbox 587 5402 684 5466; x_wconf 85' lang='lat' dir='ltr'><strong>vit,</strong></span> <span class='ocrx_word' id='word_1_758' title='bbox 713 5409 766 5454; x_wconf 91' lang='lat' dir='ltr'><strong>et</strong></span> <span class='ocrx_word' id='word_1_759' title='bbox 824 5411 1068 5469; x_wconf 84' lang='lat' dir='ltr'><strong>tempore</strong></span> <span class='ocrx_word' id='word_1_760' title='bbox 1122 5402 1214 5456; x_wconf 84' lang='lat' dir='ltr'><strong>illo</strong></span> <span class='ocrx_word' id='word_1_761' title='bbox 1245 5403 1391 5472; x_wconf 89' lang='lat' dir='ltr'><strong>quod</strong></span> <span class='ocrx_word' id='word_1_762' title='bbox 1453 5415 1612 5458; x_wconf 88' lang='lat' dir='ltr'><strong>antea</strong></span> <span class='ocrx_word' id='word_1_763' title='bbox 1673 5403 2159 5460; x_wconf 84' lang='lat' dir='ltr'><strong>vehementissime</strong></span> 
     </span>
    </p>
   </div>
   <div class='ocr_carea' id='block_1_102' title="bbox 582 5493 2156 5567">
    <p class='ocr_par' dir='ltr' id='par_1_102' title="bbox 582 5493 2156 5567">
     <span class='ocr_line' id='line_1_102' title="bbox 582 5493 2156 5567; baseline 0.004 -22"><span class='ocrx_word' id='word_1_764' title='bbox 582 5493 944 5558; x_wconf 82' lang='lat' dir='ltr'><strong>desiderarat,</strong></span> <span class='ocrx_word' id='word_1_765' title='bbox 984 5494 1090 5549; x_wconf 87' lang='lat' dir='ltr'><strong>sibi</strong></span> <span class='ocrx_word' id='word_1_766' title='bbox 1148 5497 1622 5565; x_wconf 78' lang='lat' dir='ltr'><strong>Opportunissime</strong></span> <span class='ocrx_word' id='word_1_767' title='bbox 1666 5497 1828 5567; x_wconf 77' lang='lat'><strong>159</strong></span> <span class='ocrx_word' id='word_1_768' title='bbox 1871 5513 2002 5552; x_wconf 89' lang='lat' dir='ltr'><strong>usus</strong></span> <span class='ocrx_word' id='word_1_769' title='bbox 2052 5505 2156 5552; x_wconf 85' lang='lat' dir='ltr'><strong>est.</strong></span> 
     </span>
    </p>
   </div>
   <div class='ocr_carea' id='block_1_103' title="bbox 583 5581 2153 5657">
    <p class='ocr_par' dir='ltr' id='par_1_103' title="bbox 583 5581 2153 5657">
     <span class='ocr_line' id='line_1_103' title="bbox 583 5581 2153 5657; baseline 0.004 -21"><span class='ocrx_word' id='word_1_770' title='bbox 583 5581 695 5651; x_wconf 78' lang='lat' dir='ltr'><strong>Ego</strong></span> <span class='ocrx_word' id='word_1_771' title='bbox 725 5599 857 5639; x_wconf 90' lang='lat' dir='ltr'><strong>vero</strong></span> <span class='ocrx_word' id='word_1_772' title='bbox 895 5583 1012 5640; x_wconf 66' lang='lat' dir='ltr'><strong>haec</strong></span> <span class='ocrx_word' id='word_1_773' title='bbox 1041 5600 1165 5639; x_wconf 88' lang='lat' dir='ltr'><strong>cum</strong></span> <span class='ocrx_word' id='word_1_774' title='bbox 1197 5587 1329 5640; x_wconf 88' lang='lat' dir='ltr'><strong>olim</strong></span> <span class='ocrx_word' id='word_1_775' title='bbox 1383 5603 1414 5640; x_wconf 88' lang='lat' dir='ltr'><strong>a</strong></span> <span class='ocrx_word' id='word_1_776' title='bbox 1443 5590 1579 5642; x_wconf 86' lang='lat' dir='ltr'><strong>viris</strong></span> <span class='ocrx_word' id='word_1_777' title='bbox 1628 5591 1820 5657; x_wconf 84' lang='lat' dir='ltr'><strong>peritis</strong></span> <span class='ocrx_word' id='word_1_778' title='bbox 1854 5590 2153 5656; x_wconf 87' lang='lat' dir='ltr'><strong>audissem,</strong></span> 
     </span>
    </p>
   </div>
   <div class='ocr_carea' id='block_1_104' title="bbox 582 5676 2161 5749">
    <p class='ocr_par' dir='ltr' id='par_1_104' title="bbox 582 5676 2161 5749">
     <span class='ocr_line' id='line_1_104' title="bbox 582 5676 2161 5749; baseline 0.004 -22"><span class='ocrx_word' id='word_1_779' title='bbox 582 5676 918 5744; x_wconf 85' lang='lat' dir='ltr'><strong>persuadere</strong></span> <span class='ocrx_word' id='word_1_780' title='bbox 946 5678 1083 5731; x_wconf 85' lang='lat' dir='ltr'><strong>mihi</strong></span> <span class='ocrx_word' id='word_1_781' title='bbox 1120 5694 1232 5733; x_wconf 92' lang='lat' dir='ltr'><strong>non</strong></span> <span class='ocrx_word' id='word_1_782' title='bbox 1262 5679 1442 5749; x_wconf 87' lang='lat' dir='ltr'><strong>potui.</strong></span> <span class='ocrx_word' id='word_1_783' title='bbox 1471 5679 1647 5735; x_wconf 90' lang='lat' dir='ltr'><strong>IIodie</strong></span> <span class='ocrx_word' id='word_1_784' title='bbox 1674 5690 1858 5735; x_wconf 85' lang='lat' dir='ltr'><strong>autem</strong></span> <span class='ocrx_word' id='word_1_785' title='bbox 1885 5696 2010 5736; x_wconf 90' lang='lat' dir='ltr'><strong>cum</strong></span> <span class='ocrx_word' id='word_1_786' title='bbox 2041 5697 2161 5736; x_wconf 90' lang='lat' dir='ltr'><strong>tnu-</strong></span> 
     </span>
    </p>
   </div>
   <div class='ocr_carea' id='block_1_105' title="bbox 583 5764 2158 5846">
    <p class='ocr_par' dir='ltr' id='par_1_105' title="bbox 583 5764 2158 5846">
     <span class='ocr_line' id='line_1_105' title="bbox 583 5764 2158 5846; baseline 0.008 -27"><span class='ocrx_word' id='word_1_787' title='bbox 583 5764 846 5825; x_wconf 87' lang='lat' dir='ltr'><strong>tationum</strong></span> <span class='ocrx_word' id='word_1_788' title='bbox 879 5769 1094 5826; x_wconf 85' lang='lat' dir='ltr'><strong>illarum</strong></span> <span class='ocrx_word' id='word_1_789' title='bbox 1137 5786 1332 5829; x_wconf 85' lang='lat' dir='ltr'><strong>causas</strong></span> <span class='ocrx_word' id='word_1_790' title='bbox 1361 5771 1418 5826; x_wconf 92' lang='lat' dir='ltr'><strong>in</strong></span> <span class='ocrx_word' id='word_1_791' title='bbox 1449 5771 1628 5829; x_wconf 88' lang='lat' dir='ltr'><strong>lucem</strong></span> <span class='ocrx_word' id='word_1_792' title='bbox 1658 5772 1885 5843; x_wconf 86' lang='lat' dir='ltr'><strong>prodire</strong></span> <span class='ocrx_word' id='word_1_793' title='bbox 1917 5773 2158 5846; x_wconf 86' lang='lat' dir='ltr'><strong>videam,</strong></span> 
     </span>
    </p>
   </div>
   <div class='ocr_carea' id='block_1_106' title="bbox 2259 4589 3837 4668">
    <p class='ocr_par' dir='ltr' id='par_1_106' title="bbox 2259 4589 3837 4668">
     <span class='ocr_line' id='line_1_106' title="bbox 2259 4589 3837 4668; baseline 0.006 -22"><span class='ocrx_word' id='word_1_794' title='bbox 2259 4594 2556 4665; x_wconf 86' lang='grc' dir='ltr'>θαύματος,</span> <span class='ocrx_word' id='word_1_795' title='bbox 2587 4595 2823 4664; x_wconf 76' lang='grc' dir='ltr'>ὁρῶντες</span> <span class='ocrx_word' id='word_1_796' title='bbox 2856 4597 2938 4658; x_wconf 87' lang='grc' dir='ltr'><strong>είς</strong></span> <span class='ocrx_word' id='word_1_797' title='bbox 2968 4589 3082 4649; x_wconf 80' lang='grc' dir='ltr'>οἷον</span> <span class='ocrx_word' id='word_1_798' title='bbox 3111 4596 3276 4651; x_wconf 75' lang='grc' dir='ltr'>αὐτὸν</span> <span class='ocrx_word' id='word_1_799' title='bbox 3329 4597 3588 4668; x_wconf 76' lang='grc' dir='ltr'>ἀνύψωσε</span> <span class='ocrx_word' id='word_1_800' title='bbox 3617 4603 3776 4665; x_wconf 83' lang='grc' dir='ltr'>κλέος</span> <span class='ocrx_word' id='word_1_801' title='bbox 3807 4604 3837 4656; x_wconf 82' lang='grc' dir='ltr'><strong>ὁ</strong></span> 
     </span>
    </p>
   </div>
   <div class='ocr_carea' id='block_1_107' title="bbox 2262 4685 3840 4761">
    <p class='ocr_par' dir='ltr' id='par_1_107' title="bbox 2262 4685 3840 4761">
     <span class='ocr_line' id='line_1_107' title="bbox 2262 4685 3840 4761; baseline 0.008 -26"><span class='ocrx_word' id='word_1_802' title='bbox 2262 4686 2573 4756; x_wconf 82' lang='grc' dir='ltr'>μακαρίτης</span> <span class='ocrx_word' id='word_1_803' title='bbox 2606 4688 2815 4749; x_wconf 80' lang='grc' dir='ltr'>ἐκεῖνος</span> <span class='ocrx_word' id='word_1_804' title='bbox 2867 4685 3142 4756; x_wconf 78' lang='grc' dir='ltr'>βασιλεὺς,</span> <span class='ocrx_word' id='word_1_805' title='bbox 3189 4689 3217 4742; x_wconf 82' lang='grc' dir='ltr'><strong>ό</strong></span> <span class='ocrx_word' id='word_1_806' title='bbox 3249 4687 3341 4742; x_wconf 80' lang='grc' dir='ltr'>τὸν</span> <span class='ocrx_word' id='word_1_807' title='bbox 3389 4691 3576 4745; x_wconf 79' lang='grc' dir='ltr'>ἄθλιον</span> <span class='ocrx_word' id='word_1_808' title='bbox 3613 4694 3716 4761; x_wconf 77' lang='grc' dir='ltr'>ἐμὲ</span> <span class='ocrx_word' id='word_1_809' title='bbox 3749 4711 3840 4760; x_wconf 63' lang='grc' dir='ltr'>γε-</span> 
     </span>
    </p>
   </div>
   <div class='ocr_carea' id='block_1_108' title="bbox 2257 4777 3836 4857">
    <p class='ocr_par' dir='ltr' id='par_1_108' title="bbox 2257 4777 3836 4857">
     <span class='ocr_line' id='line_1_108' title="bbox 2257 4777 3836 4857; baseline 0.008 -29"><span class='ocrx_word' id='word_1_810' title='bbox 2257 4777 2559 4846; x_wconf 82' lang='grc' dir='ltr'>γεννηκὼς.</span> <span class='ocrx_word' id='word_1_811' title='bbox 2591 4777 2844 4849; x_wconf 77' lang='grc' dir='ltr'>Τοῦνομα</span> <span class='ocrx_word' id='word_1_812' title='bbox 2877 4779 2978 4851; x_wconf 76' lang='grc' dir='ltr'>μὶν</span> <span class='ocrx_word' id='word_1_813' title='bbox 3012 4780 3119 4850; x_wconf 82' lang='grc' dir='ltr'>γὰρ</span> <span class='ocrx_word' id='word_1_814' title='bbox 3152 4780 3216 4853; x_wconf 74' lang='grc' dir='ltr'>[ί.</span> <span class='ocrx_word' id='word_1_815' title='bbox 3245 4782 3350 4841; x_wconf 73' lang='grc'><strong>154</strong></span> <span class='ocrx_word' id='word_1_816' title='bbox 3377 4783 3434 4854; x_wconf 90' lang='lat' dir='ltr'><strong>a]</strong></span> <span class='ocrx_word' id='word_1_817' title='bbox 3481 4785 3691 4848; x_wconf 75' lang='grc' dir='ltr'>ἐκεῖνος</span> <span class='ocrx_word' id='word_1_818' title='bbox 3721 4785 3836 4857; x_wconf 78' lang='grc' dir='ltr'>εἶχε</span> 
     </span>
    </p>
   </div>
   <div class='ocr_carea' id='block_1_109' title="bbox 2256 4867 3836 4945">
    <p class='ocr_par' dir='ltr' id='par_1_109' title="bbox 2256 4867 3836 4945">
     <span class='ocr_line' id='line_1_109' title="bbox 2256 4867 3836 4945; baseline 0.008 -27"><span class='ocrx_word' id='word_1_819' title='bbox 2256 4868 2355 4936; x_wconf 80' lang='grc' dir='ltr'>τῆς</span> <span class='ocrx_word' id='word_1_820' title='bbox 2404 4867 2705 4936; x_wconf 82' lang='grc' dir='ltr'>βασιλείας,</span> <span class='ocrx_word' id='word_1_821' title='bbox 2757 4867 2858 4938; x_wconf 83' lang='grc' dir='ltr'>τῆς</span> <span class='ocrx_word' id='word_1_822' title='bbox 2909 4869 2954 4921; x_wconf 81' lang='grc' dir='ltr'>δ’</span> <span class='ocrx_word' id='word_1_823' title='bbox 3015 4869 3268 4937; x_wconf 74' lang='grc' dir='ltr'>ἐξουσίας</span> <span class='ocrx_word' id='word_1_824' title='bbox 3325 4874 3630 4945; x_wconf 74' lang='grc' dir='ltr'>συλλήϐδην</span> <span class='ocrx_word' id='word_1_825' title='bbox 3678 4877 3836 4936; x_wconf 75' lang='grc' dir='ltr'>οὗτος</span> 
     </span>
    </p>
   </div>
   <div class='ocr_carea' id='block_1_110' title="bbox 2259 4956 3834 5032">
    <p class='ocr_par' dir='ltr' id='par_1_110' title="bbox 2259 4956 3834 5032">
     <span class='ocr_line' id='line_1_110' title="bbox 2259 4956 3834 5032; baseline -0.003 -13"><span class='ocrx_word' id='word_1_826' title='bbox 2259 4956 2480 5026; x_wconf 69' lang='grc' dir='ltr'>ἁπάσης</span> <span class='ocrx_word' id='word_1_827' title='bbox 2525 4957 2704 5009; x_wconf 68' lang='grc' dir='ltr'>εἰπεῖν</span> <span class='ocrx_word' id='word_1_828' title='bbox 2735 4957 2877 5025; x_wconf 80' lang='grc' dir='ltr'>μετά</span> <span class='ocrx_word' id='word_1_829' title='bbox 2906 4974 2968 5026; x_wconf 87' lang='grc' dir='ltr'><strong>γε</strong></span> <span class='ocrx_word' id='word_1_830' title='bbox 3008 4959 3106 5029; x_wconf 79' lang='grc' dir='ltr'>τῆς</span> <span class='ocrx_word' id='word_1_831' title='bbox 3143 4960 3315 5014; x_wconf 82' lang='grc' dir='ltr'>αὐτοῦ</span> <span class='ocrx_word' id='word_1_832' title='bbox 3373 4966 3694 5032; x_wconf 79' lang='grc' dir='ltr'>κατετρύφα</span> <span class='ocrx_word' id='word_1_833' title='bbox 3727 4983 3834 5032; x_wconf 79' lang='grc' dir='ltr'><strong>μηο</strong></span> 
     </span>
    </p>
   </div>
   <div class='ocr_carea' id='block_1_111' title="bbox 2259 5043 3834 5124">
    <p class='ocr_par' dir='ltr' id='par_1_111' title="bbox 2259 5043 3834 5124">
     <span class='ocr_line' id='line_1_111' title="bbox 2259 5043 3834 5124; baseline 0.008 -25"><span class='ocrx_word' id='word_1_834' title='bbox 2259 5047 2410 5116; x_wconf 84' lang='grc' dir='ltr'>τρός.</span> <span class='ocrx_word' id='word_1_835' title='bbox 2474 5049 2584 5102; x_wconf 73' lang='grc' dir='ltr'><strong>Καὶ</strong></span> <span class='ocrx_word' id='word_1_836' title='bbox 2627 5043 2696 5120; x_wconf 81' lang='grc' dir='ltr'>ἦν</span> <span class='ocrx_word' id='word_1_837' title='bbox 2726 5048 2818 5102; x_wconf 76' lang='grc' dir='ltr'>ἐπὶ</span> <span class='ocrx_word' id='word_1_838' title='bbox 2845 5049 3056 5115; x_wconf 86' lang='grc' dir='ltr'>τούτοις</span> <span class='ocrx_word' id='word_1_839' title='bbox 3103 5051 3299 5121; x_wconf 83' lang='grc' dir='ltr'>ἐκείνῳ</span> <span class='ocrx_word' id='word_1_840' title='bbox 3331 5053 3388 5106; x_wconf 75' lang='grc' dir='ltr'>τὸ</span> <span class='ocrx_word' id='word_1_841' title='bbox 3413 5056 3834 5124; x_wconf 79' lang='grc' dir='ltr'>σκοπιμώτατον</span> 
     </span>
    </p>
   </div>
   <div class='ocr_carea' id='block_1_112' title="bbox 2261 5138 3834 5221">
    <p class='ocr_par' dir='ltr' id='par_1_112' title="bbox 2261 5138 3834 5221">
     <span class='ocr_line' id='line_1_112' title="bbox 2261 5138 3834 5221; baseline 0.008 -30"><span class='ocrx_word' id='word_1_842' title='bbox 2261 5138 2508 5209; x_wconf 77' lang='grc' dir='ltr'>φυλακῆς</span> <span class='ocrx_word' id='word_1_843' title='bbox 2565 5141 2727 5194; x_wconf 78' lang='grc' dir='ltr'>ἱνεκα</span> <span class='ocrx_word' id='word_1_844' title='bbox 2761 5141 2862 5212; x_wconf 83' lang='grc' dir='ltr'><strong>τῆς</strong></span> <span class='ocrx_word' id='word_1_845' title='bbox 2897 5142 2978 5206; x_wconf 79' lang='grc' dir='ltr'><strong>είς</strong></span> <span class='ocrx_word' id='word_1_846' title='bbox 3023 5143 3125 5215; x_wconf 79' lang='grc' dir='ltr'><strong>τὴν</strong></span> <span class='ocrx_word' id='word_1_847' title='bbox 3151 5143 3433 5214; x_wconf 89' lang='grc' dir='ltr'>βασιλείαν</span> <span class='ocrx_word' id='word_1_848' title='bbox 3457 5146 3711 5221; x_wconf 80' lang='grc' dir='ltr'>διαδοχῆς</span> <span class='ocrx_word' id='word_1_849' title='bbox 3741 5154 3834 5204; x_wconf 81' lang='grc' dir='ltr'>καὶ</span> 
     </span>
    </p>
   </div>
   <div class='ocr_carea' id='block_1_113' title="bbox 2259 5231 3834 5312">
    <p class='ocr_par' dir='ltr' id='par_1_113' title="bbox 2259 5231 3834 5312">
     <span class='ocr_line' id='line_1_113' title="bbox 2259 5231 3834 5312; baseline 0.005 -26"><span class='ocrx_word' id='word_1_850' title='bbox 2259 5231 2521 5300; x_wconf 82' lang='grc' dir='ltr'>διαμονῆς</span> <span class='ocrx_word' id='word_1_851' title='bbox 2546 5231 2646 5299; x_wconf 85' lang='grc' dir='ltr'>τῆς</span> <span class='ocrx_word' id='word_1_852' title='bbox 2671 5233 2834 5302; x_wconf 82' lang='grc' dir='ltr'>ἐμῆς.</span> <span class='ocrx_word' id='word_1_853' title='bbox 2896 5233 3039 5290; x_wconf 81' lang='grc' dir='ltr'>Ἀλλ’</span> <span class='ocrx_word' id='word_1_854' title='bbox 3083 5237 3207 5290; x_wconf 71' lang='grc' dir='ltr'>ἐπεὶ</span> <span class='ocrx_word' id='word_1_855' title='bbox 3253 5239 3320 5308; x_wconf 76' lang='grc' dir='ltr'><strong>τῇ</strong></span> <span class='ocrx_word' id='word_1_856' title='bbox 3373 5238 3536 5306; x_wconf 85' lang='grc' dir='ltr'>φύσει</span> <span class='ocrx_word' id='word_1_857' title='bbox 3567 5239 3630 5292; x_wconf 82' lang='grc' dir='ltr'>τὸ</span> <span class='ocrx_word' id='word_1_858' title='bbox 3658 5240 3834 5312; x_wconf 81' lang='grc' dir='ltr'>χρεὼν</span> 
     </span>
    </p>
   </div>
   <div class='ocr_carea' id='block_1_114' title="bbox 2260 5324 3833 5404">
    <p class='ocr_par' dir='ltr' id='par_1_114' title="bbox 2260 5324 3833 5404">
     <span class='ocr_line' id='line_1_114' title="bbox 2260 5324 3833 5404; baseline 0.004 -26"><span class='ocrx_word' id='word_1_859' title='bbox 2260 5324 2486 5388; x_wconf 81' lang='grc' dir='ltr'>ἐκτίσας</span> <span class='ocrx_word' id='word_1_860' title='bbox 2512 5324 2698 5396; x_wconf 82' lang='grc' dir='ltr'>ἀπῄει,</span> <span class='ocrx_word' id='word_1_861' title='bbox 2733 5325 2932 5394; x_wconf 83' lang='grc' dir='ltr'>βρέφος</span> <span class='ocrx_word' id='word_1_862' title='bbox 2987 5327 3090 5396; x_wconf 79' lang='grc' dir='ltr'>ἐμὲ</span> <span class='ocrx_word' id='word_1_863' title='bbox 3138 5332 3258 5393; x_wconf 82' lang='grc' dir='ltr'>ταῖς</span> <span class='ocrx_word' id='word_1_864' title='bbox 3305 5331 3465 5400; x_wconf 74' lang='grc' dir='ltr'>χερσὶ</span> <span class='ocrx_word' id='word_1_865' title='bbox 3493 5333 3595 5400; x_wconf 83' lang='grc' dir='ltr'>τῆς</span> <span class='ocrx_word' id='word_1_866' title='bbox 3628 5333 3833 5404; x_wconf 60' lang='grc' dir='ltr'>μητρδς</span> 
     </span>
    </p>
   </div>
   <div class='ocr_carea' id='block_1_115' title="bbox 2262 5414 3836 5494">
    <p class='ocr_par' dir='ltr' id='par_1_115' title="bbox 2262 5414 3836 5494">
     <span class='ocr_line' id='line_1_115' title="bbox 2262 5414 3836 5494; baseline 0.006 -28"><span class='ocrx_word' id='word_1_867' title='bbox 2262 5414 2551 5478; x_wconf 84' lang='grc' dir='ltr'>λελοιπὼς,</span> <span class='ocrx_word' id='word_1_868' title='bbox 2582 5417 2762 5469; x_wconf 85' lang='grc' dir='ltr'>ῐσασιν</span> <span class='ocrx_word' id='word_1_869' title='bbox 2788 5416 3029 5482; x_wconf 72' lang='grc' dir='ltr'>ἅπαντες</span> <span class='ocrx_word' id='word_1_870' title='bbox 3075 5420 3206 5484; x_wconf 79' lang='grc' dir='ltr'>ὅσας</span> <span class='ocrx_word' id='word_1_871' title='bbox 3236 5439 3299 5475; x_wconf 86' lang='grc' dir='ltr'><strong>τε</strong></span> <span class='ocrx_word' id='word_1_872' title='bbox 3337 5423 3502 5486; x_wconf 76' lang='grc' dir='ltr'>αὐτὸς</span> <span class='ocrx_word' id='word_1_873' title='bbox 3539 5425 3668 5494; x_wconf 71' lang='grc' dir='ltr'>ἐμοὶ</span> <span class='ocrx_word' id='word_1_874' title='bbox 3699 5425 3836 5493; x_wconf 75' lang='grc' dir='ltr'>μετὰ</span> 
     </span>
    </p>
   </div>
   <div class='ocr_carea' id='block_1_116' title="bbox 2263 5505 3835 5588">
    <p class='ocr_par' dir='ltr' id='par_1_116' title="bbox 2263 5505 3835 5588">
     <span class='ocr_line' id='line_1_116' title="bbox 2263 5505 3835 5588; baseline 0.007 -30"><span class='ocrx_word' id='word_1_875' title='bbox 2263 5505 2363 5574; x_wconf 83' lang='grc' dir='ltr'>τῆς</span> <span class='ocrx_word' id='word_1_876' title='bbox 2396 5507 2660 5576; x_wconf 82' lang='grc' dir='ltr'>ταλαίνης</span> <span class='ocrx_word' id='word_1_877' title='bbox 2689 5510 2896 5579; x_wconf 73' lang='grc' dir='ltr'>μητρὸς</span> <span class='ocrx_word' id='word_1_878' title='bbox 2935 5513 3206 5582; x_wconf 75' lang='grc' dir='ltr'>ἐπήνεγκε</span> <span class='ocrx_word' id='word_1_879' title='bbox 3259 5517 3549 5588; x_wconf 76' lang='grc' dir='ltr'>συμφορὰς</span> <span class='ocrx_word' id='word_1_880' title='bbox 3583 5519 3835 5579; x_wconf 61' lang='grc' dir='ltr'>καὶεὸσας</span> 
     </span>
    </p>
   </div>
   <div class='ocr_carea' id='block_1_117' title="bbox 2264 5594 3834 5678">
    <p class='ocr_par' dir='ltr' id='par_1_117' title="bbox 2264 5594 3834 5678">
     <span class='ocr_line' id='line_1_117' title="bbox 2264 5594 3834 5678; baseline 0.007 -29"><span class='ocrx_word' id='word_1_881' title='bbox 2264 5594 2420 5658; x_wconf 79' lang='grc' dir='ltr'>αὖθις</span> <span class='ocrx_word' id='word_1_882' title='bbox 2449 5597 2611 5660; x_wconf 81' lang='grc' dir='ltr'>αὐτὸς</span> <span class='ocrx_word' id='word_1_883' title='bbox 2664 5600 2787 5654; x_wconf 86' lang='grc' dir='ltr'>κατ’</span> <span class='ocrx_word' id='word_1_884' title='bbox 2816 5601 2978 5655; x_wconf 80' lang='grc' dir='ltr'>αὐτὸν</span> <span class='ocrx_word' id='word_1_885' title='bbox 3027 5604 3338 5671; x_wconf 85' lang='grc' dir='ltr'>ἐπεπόνθει,</span> <span class='ocrx_word' id='word_1_886' title='bbox 3368 5608 3528 5661; x_wconf 84' lang='grc' dir='ltr'>πέντε</span> <span class='ocrx_word' id='word_1_887' title='bbox 3564 5608 3834 5678; x_wconf 74' lang='grc' dir='ltr'>βασιλέων</span> 
     </span>
    </p>
   </div>
   <div class='ocr_carea' id='block_1_118' title="bbox 2267 5689 3835 5772">
    <p class='ocr_par' dir='ltr' id='par_1_118' title="bbox 2267 5689 3835 5772">
     <span class='ocr_line' id='line_1_118' title="bbox 2267 5689 3835 5772; baseline 0.008 -32"><span class='ocrx_word' id='word_1_888' title='bbox 2267 5689 2460 5758; x_wconf 72' lang='grc' dir='ltr'>σειρὰν</span> <span class='ocrx_word' id='word_1_889' title='bbox 2501 5689 2596 5742; x_wconf 81' lang='grc' dir='ltr'>καὶ</span> <span class='ocrx_word' id='word_1_890' title='bbox 2625 5689 2878 5760; x_wconf 85' lang='grc' dir='ltr'>διαδοχὴν</span> <span class='ocrx_word' id='word_1_891' title='bbox 2909 5694 2990 5756; x_wconf 78' lang='grc' dir='ltr'><strong>είς</strong></span> <span class='ocrx_word' id='word_1_892' title='bbox 3013 5695 3207 5749; x_wconf 82' lang='grc' dir='ltr'>ἐαυτὸν</span> <span class='ocrx_word' id='word_1_893' title='bbox 3241 5703 3579 5769; x_wconf 79' lang='grc' dir='ltr'>μεταστῆσαι</span> <span class='ocrx_word' id='word_1_894' title='bbox 3632 5698 3835 5772; x_wconf 76' lang='grc' dir='ltr'>πειρὼο</span> 
     </span>
    </p>
   </div>
   <div class='ocr_carea' id='block_1_119' title="bbox 2265 5782 3834 5862">
    <p class='ocr_par' dir='ltr' id='par_1_119' title="bbox 2265 5782 3834 5862">
     <span class='ocr_line' id='line_1_119' title="bbox 2265 5782 3834 5862; baseline 0.011 -30"><span class='ocrx_word' id='word_1_895' title='bbox 2265 5796 2447 5852; x_wconf 80' lang='grc' dir='ltr'>μενος,</span> <span class='ocrx_word' id='word_1_896' title='bbox 2473 5782 2706 5853; x_wconf 79' lang='grc' dir='ltr'>πρᾶγμα</span> <span class='ocrx_word' id='word_1_897' title='bbox 2735 5787 2866 5857; x_wconf 78' lang='grc' dir='ltr'>πρὶν</span> <span class='ocrx_word' id='word_1_898' title='bbox 2895 5785 3147 5854; x_wconf 80' lang='grc' dir='ltr'>γενέσθαι</span> <span class='ocrx_word' id='word_1_899' title='bbox 3176 5791 3300 5862; x_wconf 78' lang='grc' dir='ltr'>μηδ’</span> <span class='ocrx_word' id='word_1_900' title='bbox 3332 5791 3608 5848; x_wconf 72' lang='grc' dir='ltr'>ἐλπισθὲν.</span> <span class='ocrx_word' id='word_1_901' title='bbox 3639 5789 3834 5850; x_wconf 67' lang='grc' dir='ltr'>Ἐκλιο</span> 
     </span>
    </p>
   </div>
  </div>
