4070 6326
284 393 386 456 I37

1272 393 1710 456 BYZANTINJI
1753 393 2131 453 ΗίδΤΟΙὶΙΕ
2177 389 2321 454 LIB.
2354 391 2593 454 XXVII.

3438 397 3534 460 133

284 511 513 578 θόμενος
553 511 660 581 γὰρ
719 511 879 573 εὐθὺς
930 510 1028 570 τὰς
1057 511 1152 561 τοῦ
1179 510 1300 578 ’μοῦ
1348 514 1551 578 πατρὸς
1586 510 1844 580 συνθήκας

1966 518 2020 561 et
2049 524 2169 576 qua:
2205 509 2539 566 referuntur,
2575 509 2708 564 mihi
2747 511 2796 564 in
2832 510 2950 565 dies
2980 512 3225 581 planiora
3259 510 3412 578 fiant,
3446 515 3534 568 illa

283 605 524 668 ὲκείνας,
556 605 620 674 ἢν
649 603 711 655 ὲκ
735 602 928 655 πολλοῦ
959 602 1237 672 βασιλείαν
1261 603 1634 672 ὠνειροπόλει,
1657 606 1860 674 ταύτης

284 695 568 764 ἐμέμνητο
601 694 792 763 μόνης,
815 693 874 745 ὃν
908 695 972 745 ὲκ
1010 691 1209 745 πολλοῦ
1256 695 1402 763 ζητῶ
1419 714 1457 758 δ,
1517 697 1616 765 ἤδη
1665 696 1857 766 καιροῦ

283 788 606 856 ὶαὸιῗλμενος.
648 788 755 838 Καὶ
790 785 946 839 ταυτὶ
1003 785 1102 854 μὲν
1135 785 1310 851 ἔγωγε
1341 786 1453 838 τότ’
1477 787 1690 839 ἀκούων
1724 788 1860 854 πρδς

283 880 395 932 τῶν
427 880 810 946 συνετωτέρων
840 877 1120 930 πιστεύειν
1145 879 1246 930 οὐκ
1277 874 1422 947 εἶχον
1447 895 1457 908 ο
1485 879 1577 929 νῦν
1603 877 1645 930 δ’
1671 879 1706 932 ἀ
1739 880 1856 930 τότε

287 972 492 1041 ῥοθίοις
551 971 887 1038 ἀνεκέκρατο
940 971 1265 1040 στοχασμῶν
1295 975 1373 1034 είς
1411 972 1526 1039 φῶς
1575 972 1857 1041 χωροῦντα

287 1064 480 1131 σαφῶς
507 1062 732 1132 ἐνορῶν,
765 1061 839 1124 ὡς
871 1063 1152 1133 εἰρήσεται
1192 1063 1436 1131 προῖόντι
1475 1082 1564 1132 μοι
1605 1065 1858 1134 καθαρώ-

284 1171 468 1220 τερον,
505 1154 766 1221 πείθομαι
818 1154 1049 1205 κάκεῖνα
1099 1152 1200 1220 τῆς
1232 1152 1487 1222 ἀληθείας
1512 1153 1731 1224 ἔχεσθαι
1761 1155 1857 1221 τῆς

275 1216 480 1312 αὐτῆς,
509 1245 602 1296 καὶ
627 1241 881 1310 γινώσκω
904 1240 997 1294 τοῦ
1038 1241 1207 1293 πάλαι
1233 1243 1399 1310 φυτοῦ
1425 1243 1523 1312 τὴν
1560 1244 1739 1312 ῥίζαν,
1759 1243 1854 1311 ὀψὲ

281 1339 621 1407 γευσάμενος
645 1335 740 1388 τοῦ
765 1335 1000 1406 καρποῦ.
1027 1336 1099 1387 Ού
1129 1337 1238 1404 γὰρ
1271 1335 1377 1404 ἔχω
1401 1339 1540 1388 νοεῖν
1563 1336 1670 1388 τῶν
1690 1337 1858 1388 ἀπάν-

279 1449 392 1483 των
440 1430 628 1498 ἕτερον
677 1429 887 1497 οὐδαμῆ
949 1429 1032 1480 ὅτι
1085 1428 1207 1479 ποτ’
1238 1429 1302 1480 ἂν
1335 1430 1419 1496 εἴη
1452 1427 1512 1479 τὸ
1543 1427 1855 1496 μεταθεῖναι

277 1526 477 1576 πεῖσαν
500 1522 641 1574 κατά
669 1522 771 1589 τῆς
796 1521 935 1590 ἐμῆς
964 1521 1063 1580 τὴν
1097 1519 1290 1572 τούτου
1330 1519 1556 1586 γνώμην
1590 1518 1852 1586 κεφαλῆς.

281 1617 345 1668 Εἰ
371 1615 471 1684 μὲν
497 1616 604 1682 γὰρ
625 1613 737 1667 τότ’
763 1612 988 1665 ἐδύνατο
1037 1611 1160 1680 μὲν,
1201 1612 1301 1663 οὐκ
1336 1610 1587 1670 ἐϐούλετο
1625 1610 1703 1674 δὲ,
1738 1611 1856 1671 πῶς

278 1708 378 1759 νῦν
414 1707 488 1775 μὴ
518 1706 816 1773 δυνάμενος
854 1703 1143 1772 βούλεται;
1182 1705 1243 1756 Εἰ
1277 1703 1334 1756 δὲ
1367 1703 1458 1754 κα¹ι
1488 1704 1608 1755 τότε
1639 1703 1733 1755 καὶ
1760 1701 1853 1754 νῦν

276 1795 380 1864 τῆς
408 1795 576 1860 αὐτῆς
630 1795 747 1844 ἐστι
779 1792 1026 1860 γνώμης,
1063 1789 1149 1842 διὰ
1172 1790 1221 1841 τί
1271 1790 1620 1857 πρεσϐύτερα
1655 1790 1752 1859 μὲν
1784 1791 1852 1842 τὰ

275 1884 377 1950 τῆς
409 1885 604 1943 κακίας
639 1881 954 1950 σπέρματα,
981 1878 1240 1948 νεήλυδας
1276 1878 1318 1930 δ’
1342 1877 1667 1944 ἀποφαίνειν
1695 1877 1848 1930 ὲπεί-

275 1992 436 2042 γεται
479 1976 575 2036 τὰς
625 1974 734 2026 τῶν
775 1972 1039 2042 ἀφορμῶν
1097 1973 1547 2040 τερατομόριρους
1578 1971 1847 2040 εὑρέσεις,

274 2064 373 2115 καὶ
413 2061 574 2130 φύρει
605 2065 702 2130 τὴν
735 2061 969 2128 φυσικὴν
1008 2059 1117 2110 τῶν
1177 2059 1524 2128 πραγμάτων
1555 2059 1728 2122 θέσιν,
1761 2059 1852 2109 ἐπὶ

273 2156 336 2208 τὸ
358 2156 715 2208 ἀνακόλουθον
750 2153 967 2223 τρέπων
993 2153 1087 2222 τὴν
1124 2152 1391 2220 ἁρμονίαν
1415 2151 1509 2202 καὶ
1544 2149 1658 2202 ἀνω
1685 2167 1852 2202 ποτα.

277 2249 398 2317 μῶν
431 2248 629 2316 χωρεῖν
664 2246 759 2306 τὰς
791 2245 973 2313 πηγὰς
1011 2243 1354 2312 βιαζόμενος.
1419 2242 1479 2294 Ei
1513 2243 1620 2310 γὰρ
1648 2242 1721 2311 μὴ
1754 2242 1850 2292 λά-

273 2339 369 2390 λον
395 2338 493 2407 τὴν
546 2337 795 2403 γλῶτταν
830 2333 980 2404 αὐτῷ
1031 2334 1132 2402 τῆς
1173 2333 1390 2399 φύσεως
1434 2331 1848 2402 παρασχούσης,

273 2429 646 2498 ἀνεκλάλητον
664 2429 728 2480 ἐκ
751 2426 843 2479 τού
873 2443 935 2493 γε
965 2426 1164 2495 ῥᾴστου
1198 2426 1297 2491 τὴν
1323 2423 1554 2493 μελέτην
1581 2425 1850 2491 ἔκρυπτεν

275 2524 334 2592 ξν
368 2522 702 2591 ἀπορρήτοις
735 2521 926 2588 μυχοῖς
958 2518 1057 2586 τῆς
1089 2516 1337 2585 καρδίας,
1370 2515 1483 2568 ἀλλ’
1511 2515 1602 2567 οὖν
1629 2515 1758 2568 ὲὸόα
1784 2517 1850 2568 τὰ

276 2611 585 2680 πράγματα
613 2611 704 2660 καὶ
741 2609 920 2660 πᾶσαν
948 2605 1119 2674 ἀκυὴν
1157 2605 1413 2674 περιήχει
1446 2603 1674 2674 βροντῆς
1707 2605 1849 2657 and“

277 2720 380 2773 σης
421 2702 752 2772 τρανότερον
777 2717 790 2731 ·
826 2699 858 2752 ἀ
891 2697 1092 2769 μᾶλλον
1127 2699 1424 2750 ἀδέκαστον
1465 2697 1580 2767 ἕχει
1617 2697 1714 2767 τὴν
1743 2697 1848 2766 ψῆ·

275 2815 378 2866 φον
403 2798 503 2866 τῆς
535 2794 838 2866 μαρτυρίας
893 2794 988 2846 καὶ
1038 2793 1386 2844 παντάπασιν
1440 2791 1841 2861 ἀκαπήλευτον.

273 2891 344 2942 "ll
371 2891 636 2960 φρασάτω
666 2886 754 2957 μοί
787 2903 870 2948 τις
892 2882 1200 2954 παρελθὼν,
1226 2883 1278 2936 τί
1317 2883 1425 2935 τῶν
1457 2884 1719 2936 ἁπάντων
1750 2882 1844 2936 αύ-

275 2986 369 3036 τιν
401 2982 655 3051 ἠρέθισεν
695 2979 883 3048 ἕτερον
914 2979 970 3040 ές
997 2975 1169 3046 λήθην
1213 2975 1311 3045 μὲν
1345 2973 1660 3037 ἐληλυθέναι
1687 2971 1844 3035 Θευῦ,

274 3075 458 3143 φιλίας
487 3073 531 3126 δ’
549 3073 781 3141 ἐνέχυρα
816 3071 951 3123 τόσα
980 3071 1073 3122 καὶ
1104 3067 1236 3122 τόσα
1272 3068 1577 3135 παρασχεῖν
1612 3067 1672 3115 ἐκ
1704 3064 1843 3116 πάνυ

272 3165 472 3218 πολλοῦ
513 3164 589 3233 τῷ
627 3163 888 3233 βαρδάρῳ
929 3163 1022 3213 καὶ
1058 3159 1248 3212 ἀσεὸεῖ
1279 3159 1378 3226 τῆς
1407 3157 1605 3218 Λυδίας
1638 3156 1842 3226 σατρά-

271 3278 375 3331 πῃ,
419 3260 513 3311 καὶ
562 3257 800 3325 ὁρκῶσαι
852 3254 951 3324 μὲν
1018 3254 1225 3305 ἐκεῖνον
1288 3250 1428 3318 ὑπὲρ
1465 3249 1632 3302 αὑτοῦ
1671 3249 1845 3301 κινδυ·

271 3354 455 3405 νεύειν
509 3350 636 3420 ἄχρι
694 3348 952 3410 θανάτου,
1000 3344 1231 3415 ὀμνύναι
1261 3343 1306 3394 δ’
1347 3342 1510 3395 αὑτὸν
1551 3342 1747 3409 ἐκείνῳ
1775 3341 1845 3392 τὰ

273 3446 407 3506 ταας
447 3442 480 3508 ἢ
502 3443 714 3501 πάντως
738 3438 765 3489 ὃ
792 3437 972 3505 ἔργοις
1001 3435 1422 3504 ἀναντιρρήτοις
1447 3431 1647 3496 ἔδειξεν
1685 3431 1712 3481 ὖ
1730 3445 1842 3482 ⁴ιτε-

274 3553 370 3606 ρον
404 3533 499 3586 τοῦ
535 3532 658 3601 ’μοῦ
694 3530 900 3600 πατρὸς
929 3529 1022 3580 καὶ
1055 3527 1318 3596 βασιλέως
1362 3525 1616 3586 Θανόντος
1658 3522 1839 3584 εὐθύς.

271 3629 398 3681 Τῶν
427 3625 535 3695 γὰρ
567 3623 824 3692 ὑπηκόων
885 3623 983 3689 τὴν
1034 3617 1350 3687 ἐγχείρησιν
1376 3617 1436 3668 ού
1468 3615 1844 3686 προσιεμένων

269 3718 464 3784 αὐτοῦ,
496 3716 705 3786 προϐὰς
735 3713 800 3785 [ί.
844 3712 942 3766 154
969 3709 1018 3781 b]
1050 3709 1257 3762 ἐκεῖθεν
1295 3708 1844 3778 ,τυραννικὴνποιεῖ-

269 3830 360 3867 ται
384 3810 482 3880 τὴν
511 3809 872 3876 ἀναγόρευσιν
893 3802 1089 3856 ἑαυτοῦ
1115 3817 1126 3829 ·
1155 3800 1369 3853 κᾶπειτ’
1394 3802 1843 3870 ἀποτυγχάνοντα

268 3907 367 3956 καὶ
388 3901 560 3964 οὓτως
586 3901 676 3951 τὸν
717 3898 930 3961 Ἰξίονος
955 3895 1155 3948 ἄτοπον
1185 3893 1365 3962 έρωτα
1389 3891 1600 3962 βλέπων
1631 3894 1840 3963 (ἀπαν-

268 4013 361 4057 τες
382 3997 492 4064 γὰρ
520 3993 819 4060 ἀφίσταντο
841 3989 942 4058 τῆς
969 3985 1137 4040 αὑτοῦ
1176 3978 1531 4055 τυραννίδος)
1569 4000 1842 4055 προσεκα-

267 4088 415 4139 λεῖτο
453 4084 640 4136 λοιπὸν
668 4083 728 4134 οὗ
764 4083 854 4135 τὸν
876 4067 976 4147 τῆς
1008 4077 1164 4148 δίκης
1187 4077 1502 4146 προστάτην
1529 4075 1679 4140 Θεὸν,
1703 4075 1842 4127 ἀλλά

267 4184 362 4234 τον
416 4179 515 4248 τῆς
567 4177 750 4228 ἀδίκου
810 4173 1006 4242 μανίας
1069 4170 1345 4240 βάρϐαρον
1401 4167 1714 4236 σύμμαχον,
1742 4165 1840 4226 τὰς

268 4274 543 4342 ὲκδήμους
565 4269 780 4330 ὲκείνας
800 4264 1158 4334 ἀγωνιεῖσθαι
1187 4262 1397 4332 μέλλων
1422 4259 1675 4329 λῃστείας
1701 4260 1844 4312 κατὰ

268 4361 639 4434 Χριστιανῶν,
667 4361 750 4412 ὅτι
777 4359 883 4410 τῶν
906 4355 1113 4409 πολλῶν
1145 4354 1412 4422 βασιλέων
1442 4351 1541 4420 ἐμὲ
1570 4367 1840 4421 προσεκα-

265 4458 456 4509 λοῦντο
477 4453 739 4522 διάδοχον.
766 4451 876 4502 Καὶ
900 4447 1091 4518 θέρους
1114 4449 1212 4516 μὲν
1237 4443 1669 4513 έγκαθεζόμενον
1698 4444 1838 4512 ἔχων

1965 617 2183 671 quoque
2247 618 2303 655 re
2348 619 2471 656 vera
2518 603 2656 657 facta
2693 619 2813 658 esse
2865 605 2998 657 mihi
3051 605 3386 673 ipersuadeo.
3417 604 3535 659 lam

1968 695 2210 766 intelligo
2245 697 2522 765 quomodo
2555 698 2738 766 planta
2763 699 2919 767 cujus
2949 697 3132 767 fruges
3163 714 3284 753 sero
3310 699 3534 765 demum

1964 786 2206 856 percipio
2240 788 2450 842 radices
2493 790 2726 858 ceperit,
2762 806 2940 858 neque
2979 791 3108 859 quid
3137 792 3286 846 aliud
3321 809 3387 846 ex
3422 809 3536 860 ont-

1965 878 2124 932 nibus
2161 879 2280 933 ist-is
2320 881 2452 932 mihi
2485 881 2756 935 redundat
2783 898 2893 950 quo
2935 872 3170 952 id‘quod
3209 901 3532 954 persuasum

1965 970 2138 1024 habeo
2172 971 2435 1024 diluatur.
2454 971 2506 1026 Si
2544 973 2688 1026 enim
2723 974 2812 1026 illo
2847 984 3093 1043 tempore
3125 977 3272 1043 quod
3303 976 3539 1030 valuerit

1962 1061 2160 1123 noluit,
2193 1063 2326 1130 quid
2361 1063 2432 1116 sit
2471 1079 2572 1116 cur
2606 1063 2770 1118 hodie
2807 1065 2952 1132 quod
2983 1066 3114 1119 velit
3147 1082 3263 1119 non
3297 1067 3536 1135 amplius

1960 1152 2177 1206 valeat?
2211 1153 2263 1207 Si
2305 1169 2440 1208 vero.
2460 1155 2654 1210 eodem
2689 1171 2798 1224 quo
2827 1163 2987 1210 antea
3023 1157 3125 1210 fuit
3163 1157 3325 1212 hodie
3351 1159 3536 1212 animo

1961 1253 2064 1306 est,
2084 1243 2215 1312 quid
2255 1245 2320 1298 de
2350 1245 2628 1313 prioribus
2657 1246 2782 1316 istis
2820 1247 3156 1316 ﬂagitiorum
3184 1249 3536 1305 seminibus?

1961 1339 2228 1393 Nimirum
2258 1342 2439 1409 cupidi
2478 1314 2764 1396 animi\sui
2794 1345 2932 1397 mira
2963 1345 3182 1399 inventa
3205 1361 3269 1400 ac
3305 1346 3536 1400 consilia

1960 1434 2118 1502 quasi
2153 1434 2393 1487 recentia
2425 1434 2581 1488 nobis
2609 1444 2737 1488 ante
2784 1436 2976 1489 oculos
3013 1451 3219 1505 ponere
3248 1447 3302 1492 et
3348 1453 3531 1491 rerum

1903 1502 1912 1522 ’
1955 1525 2163 1593 justum
2201 1526 2451 1579 ordinem
2485 1526 2806 1594 perturbare
2839 1527 3029 1580 studet
3062 1528 3135 1581 ita
3167 1540 3225 1582 ut
3251 1529 3397 1598 quod
3433 1535 3534 1584 ηοω

1959 1616 2215 1669 ceSsitate
2256 1618 2315 1669 tit
2359 1625 2618 1684 tanquam
2648 1631 2794 1671 ceco
2830 1631 2962 1671 casu
2991 1617 3194 1672 factum
3229 1619 3442 1684 reddat,
3475 1629 3534 1675 et

1959 1704 2246 1759 fluminum
2288 1722 2461 1774 aquas
2498 1717 2556 1762 ut
2583 1717 2728 1762 retro
2761 1709 2931 1762 fluant
2964 1721 3142 1781 cogat.
3181 1711 3390 1778 Quodsi
3429 1727 3530 1766 na-

1961 1808 2012 1851 tu
2024 1814 2080 1852 ra
2101 1798 2151 1852 ei
2174 1800 2412 1868 linguam
2432 1801 2552 1856 sine
2574 1817 2709 1856 voce
2734 1802 3000 1869 dedisset,
3026 1802 3283 1859 facillime
3307 1805 3526 1875 quidem

1955 1890 2181 1943 consilia
2229 1889 2283 1944 in
2339 1891 2532 1946 intimo
2583 1901 2801 1962 pectore
2855 1895 3156 1950 recondere
3212 1898 3524 1966 potuisset;

1954 1981 2050 2035 sed
2091 1974 2331 2050 facinora
2366 1985 2481 2052 ipsa
2527 1986 2839 2040 clamabant
2887 2002 3192 2058 eorumque
3239 2007 3343 2045 vox
3378 1993 3525 2045 circa

1953 2087 2112 2126 aures
2143 2076 2376 2130 sonabat
2427 2079 2633 2131 tonitru
2675 2081 2916 2149 gravior.
2963 2081 3118 2136 Unde
3151 2082 3528 2152 incorruptius

1952 2174 2004 2216 et
2033 2165 2236 2219 certius
2266 2156 2640 2223 testimonium
2683 2169 2884 2224 factum
2913 2180 3017 2225 est.
3050 2173 3157 2225 Aut
3205 2173 3354 2227 dicat
3389 2174 3526 2228 mihi

1953 2255 2094 2309 alius
2126 2258 2398 2327 quispiam
2430 2261 2563 2329 quid
2600 2261 2672 2316 sit
2715 2263 2860 2330 quod
2897 2258 3259 2320 commoverit
3309 2281 3432 2320 eum
3467 2276 3528 2320 ut

1955 2346 2048 2400 Dei
2084 2350 2256 2403 nostri
2289 2350 2494 2404 oblitus
2529 2361 2610 2406 tot
2662 2365 2812 2408 arcta
2845 2355 3101 2410 amicitiae
3128 2356 3349 2432 vincula
3399 2373 3523 2413 cum

1953 2439 2186 2495 barbaro
2211 2451 2266 2495 et
2298 2443 2466 2512 impio
2500 2442 2682 2514 Lydia:
2711 2455 2933 2517 satrapa
2965 2447 3150 2502 inierit
3173 2457 3230 2502 et
3259 2463 3384 2504 cum
3421 2450 3527 2506 hoc

1945 2531 2305 2602 jurajuranda
2345 2535 2539 2592 fecerit
2567 2553 2635 2591 ex
2664 2538 2866 2607 quibus
2918 2553 3169 2594 mut-unm
3209 2541 3314 2596 sibi
3349 2557 3526 2613 usque

1949 2623 2014 2676 ad
2044 2634 2272 2679 mOrtem
2306 2628 2568 2682 auxilium
2599 2630 2828 2698 polliciti
2871 2642 3019 2687 sunt.
3069 2635 3264 2690 Annon
3299 2651 3525 2706 prorsus

1951 2715 2187 2770 nefanda
2226 2717 2469 2773 facinora
2517 2720 2690 2774 edidit
2761 2738 2884 2776 cum
2922 2741 3016 2778 rex
3053 2734 3109 2778 et
3157 2737 3314 2795 pater
3365 2741 3524 2782 meus

1949 2819 2200 2862 mortuus
2221 2810 2380 2882 160
2407 2811 2750 2884 esset?Cum
2780 2815 2924 2869 enim
2949 2816 3094 2871 cives
3127 2819 3372 2886 regimen
3401 2824 3522 2890 ejus

1951 2914 2058 2953 non
2111 2901 2271 2955 facile
2313 2912 2658 2971 paterentur.
2699 2920 2766 2960 eo
2806 2923 3128 2978 progressus
3175 2921 3258 2966 est
3295 2919 3354 2965 ut
3402 2927 3523 2967 sese

1952 3001 2247 3062 tyrannum
2278 2995 2626 3061 declararet;
2661 2997 2756 3052 sed
2803 2997 3004 3052 deinde
3044 3013 3168 3054 cum
3219 3001 3357 3054 nihil
3415 3003 3518 3056 sibi

1949 3097 2207 3150 prospere
2227 3083 2421 3140 cedere
2446 3095 2501 3139 et
2524 3071 2727 3140 Ixionis
2749 3087 3000 3142 ins-mum
3017 3105 3258 3144 amorem
3285 3106 3344 3145 se
3366 3107 3548 3162 οχον-η

1948 3185 2073 3224 cere
2103 3171 2331 3226 vidisset
2375 3203 2446 3213 —-
2489 3189 2680 3229 omnes
2733 3177 2878 3230 enim
2935 3182 3003 3232 ab
3058 3182 3178 3249 ejus
3227 3182 3520 3252 tyrannide

1950 3259 2328 3316 abhorrebant
2354 3293 2417 3303 -
2445 3263 2585 3318 alids
2615 3279 2836 3336 Operam
2869 3279 2922 3323 et
2954 3270 3218 3340 auxilium
3247 3273 3350 3326 sibi
3383 3275 3522 3327 asci-

1927 3352 2046 3426 ‘vit,
2087 3369 2192 3405 nou
2243 3354 2337 3408 Dei
2372 3356 2594 3423 quidem
2646 3359 2804 3428 cujus
2851 3362 3116 3416 auxilium
3152 3364 3517 3434 justissimnm

1947 3455 2048 3505 est,
2085 3447 2178 3500 sed
2207 3447 2520 3517 impiissimi
2560 3451 2778 3506 barbari
2810 3454 2957 3510 illius
2991 3466 3049 3510 ut
3097 3456 3515 3528 peregrinorum

1947 3537 2157 3603 rapinis
2209 3537 2551 3596 Christianos
2604 3556 2848 3608 vexaret,
2909 3549 3000 3617 qui
3053 3549 3274 3620 regibus
3331 3554 3518 3607 multis

1947 3626 2053 3680 illis
2090 3638 2146 3681 ut
2173 3644 2274 3699 ego
2311 3633 2664 3688 succzederem
2718 3639 2995 3693 volebant.
3037 3641 3224 3711 Itaque
3264 3655 3513 3715 tempore

1944 3720 2134 3773 testim
2174 3737 2298 3776 cum
2335 3723 2699 3782 Barbarorum
2734 3741 2788 3784 et
2819 3731 3056 3786 hostium
3103 3736 3320 3791 illorqu
3352 3753 3512 3792 exer-

1946 3812 2056 3864 citu
2082 3811 2355 3867 Thracum
2380 3817 2596 3872 urbium
2618 3821 2870 3887 regiones
2891 3825 3178 3892 populatus
3204 3840 3310 3893 est,
3335 3829 3514 3885 hieme

1945 3913 2128 3956 autem
2169 3904 2315 3972 ipsas
2349 3909 2512 3962 urbes
2545 3914 2781 3966 vastavit
2810 3923 2866 3969 et
2919 3917 3278 3974 circumcirca
3333 3937 3514 3990 neque

1944 3995 2008 4045 ad
2045 4007 2232 4063 portas
2257 4010 2453 4054 cuncta
2480 4001 2712 4072 diripuit
2741 4017 2794 4058 et
2828 4007 3079 4064 homines
3105 4009 3160 4066 in
3187 4015 3512 4069 servitutem

1944 4086 2166 4139 abduxit
2211 4104 2522 4160 quanquam
2587 4095 2782 4150 horum
2848 4115 2945 4168 per
3000 4101 3170 4157 solem
3211 4115 3267 4158 et
3313 4115 3511 4161 terrain

1943 4180 2098 4244 cuba
2133 4181 2278 4235 nulla
2315 4182 2507 4238 fuerat.
2551 4185 2659 4241 Sed
2692 4190 2745 4243 in
2776 4191 2878 4246 hac
2923 4209 3087 4248 scena
3136 4198 3223 4251 vel
3275 4199 3513 4254 maxime

1945 4273 2279 4328 horrendum
2331 4287 2471 4343 erat,
2500 4280 2644 4348 quod
2682 4281 2907 4337 Barbari
2947 4285 3180 4353 captivis
3220 4301 3510 4358 postquam

1943 4364 2327 4422 miserabiliter
2355 4385 2452 4424 eos
2479 4385 2664 4426 secum
2701 4383 3006 4440 traxerunt,
3033 4388 3278 4433 ventrem
3307 4381 3514 4437 incide-

1943 4456 2074 4510 bant
2099 4468 2154 4511 et
2193 4475 2387 4522 manus
2418 4478 2546 4517 suas
2575 4465 2853 4534 pedesque
2885 4466 3189 4537 infigebant
3222 4483 3283 4526 ut
3309 4475 3505 4528 calefa-

264 4551 358 4602 τὸν
389 4544 670 4617 βάρϐαρον
690 4542 786 4595 καὶ
815 4540 1078 4607 πολέμιον
1110 4541 1316 4590 ἐκεῖνον
1374 4537 1608 4604 στρατὸν
1653 4533 1834 4602 ἔκειρε

1947 4559 2153 4603 cerent.
2189 4550 2278 4606 Sic
2303 4555 2812 4621 praestantissimam
2841 4560 2938 4615 Dei
2971 4571 3290 4619 creaturam
3329 4566 3509 4620 homi-

264 4642 366 4708 την
390 4641 496 4690 τῶν
527 4633 816 4706 Θρᾳκικῶν
843 4630 1218 4697 πόλεων“γῆν,
1247 4627 1513 4698 χειμῶνος
1535 4627 1592 4709 δέ
1614 4628 1708 4680 καὶ
1733 4629 1835 4678 αὑ-

263 4733 362 4792 τὰς
400 4728 620 4797 ἠρήμου
635 4725 746 4787 τὰς
779 4724 986 4787 πόλεις,
1018 4721 1088 4774 τά
1123 4720 1287 4789 πέριξ
1317 4719 1536 4772 ᾶπαντα
1590 4718 1837 4787 ληϊζόμε-

267 4822 353 4883 νός
385 4836 444 4871 τε
473 4820 566 4870 καὶ
591 4813 1121 4886 ἀνδραποδιζόμενος
1151 4812 1280 4881 ἄχρι
1307 4809 1516 4876 πυλῶν,
1548 4811 1639 4878 ὑφ’
1671 4804 1767 4876 ὧν,
1791 4801 1836 4861 ὦ

261 4915 332 4980 γῆ
371 4911 461 4963 καὶ
501 4910 642 4980 ἥλιε,
673 4907 825 4959 οὐδὲν
867 4905 1226 4976 προηδίκητο.
1263 4904 1368 4956 Καὶ
1397 4903 1457 4954 τὸ
1481 4903 1582 4970 τῆς
1612 4918 1836 4971 τραγῳ·

260 5008 378 5066 δίας
412 5003 741 5073 βαρύτατον,
771 4997 984 5051 ὅτιτῶν
1015 4994 1376 5064 αἰχμαλώτων
1405 4993 1654 5056 ἐλεεινῶς
1703 4995 1834 5060 ἀγο-

235 5079 441 5166 ἔμένων
472 5094 749 5162 σχίζοντες
799 5089 898 5151 τὰς
943 5089 1215 5156 γαστέρας
1264 5088 1314 5138 oi
1346 5086 1614 5156 βάρϐαροι
1646 5085 1743 5146 τάς
1772 5101 1833 5136 τε

261 5192 450 5256 χεῖρας
505 5184 719 5236 ἑαυτῶν
750 5184 845 5232 καὶ
881 5181 1010 5241 τοὺς
1055 5179 1225 5253 πόδας
1266 5179 1489 5246 εἰσῆγον
1530 5177 1696 5238 ἀλέας
1735 5192 1834 5243 με-

258 5283 418 5341 τρίας
450 5278 658 5338 εἵνεκα,
677 5275 749 5329 ,τὸ
777 5271 1105 5341 τιμιώτατον
1131 5270 1318 5338 κτῆμα
1341 5268 1476 5320 Θεοῦ
1503 5271 1593 5320 τὶν
1627 5267 1834 5336 ἀνθρω-

259 5393 358 5426 πον
393 5372 709 5439 φθιίροντες
741 5366 929 5435 ῶσπερ
991 5366 1046 5414 ὲν
1100 5364 1318 5422 παιδιᾶς
1369 5364 1640 5432 σχήματι.
1700 5362 1758 5410 '0
1790 5361 1832 5410 o'

258 5468 380 5518 οὒτε
418 5464 736 5529 ἐκάμπτετο
762 5458 976 5527 βλέπων
1008 5459 1104 5525 την
1130 5455 1238 5506 τῶν
1267 5456 1558 5522 ὁμοφύλων
1591 5454 1833 5522 ἐλεεινὴν

256 5553 570 5624 τραγῳδίαν
609 5550 848 5615 ἐκείνην,
885 5543 996 5596 οὔτ’
1027 5545 1216 5596 εἰκόνα
1248 5541 1378 5609 γοῦν
1402 5561 1542 5604 τινος
1572 5541 1833 5612 βραχείας

259 5645 472 5714 φειδοῦς
504 5638 848 5692 ἐνετύπωσεν
871 5638 1006 5699 ὅλως
1061 5637 1140 5707 τῷ
1187 5636 1287 5704 τῆς
1318 5635 1494 5705 ψυχῆς
1548 5636 1832 5700 συνειδότι,

262 5737 374 5790 αλλ’
430 5734 742 5807 ἡμιθνῆτας
779 5731 857 5784 ἐτι
910 5734 1003 5784 καὶ
1050 5730 1421 5800 ἀσπαίροντας
1472 5730 1706 5796 ἔφιππος
1739 5733 1834 5780 καὶ

263 5833 420 5892 αὐτὸς
443 5825 620 5880 ἐπιὼν
655 5829 751 5876 καὶ
781 5825 1101 5893 συμπατῶν,
1125 5823 1221 5893 τὴν
1251 5823 1360 5874 τῶν
1406 5822 1567 5876 λίθων
1593 5822 1831 5891 ἀναλγη-

586 5921 857 5978 ΡΑτιιοι.
892 5921 1004 5979 Gtt.
1048 5918 1316 5978 CXLIX.

1941 4655 2067 4694 nem
2106 4643 2456 4700 trucidabant
2483 4649 2642 4716 quasi
2677 4649 2782 4704 sibi
2826 4651 2992 4707 ludus
3026 4666 3195 4709 esset.
3245 4655 3513 4713 Cantaeu-

1941 4744 2108 4784 zeuus
2158 4731 2377 4786 interim
2438 4752 2563 4788 cum
2627 4753 2854 4793 suorum
2917 4743 3284 4800 miserabilem
3363 4748 3507 4802 illam

1940 4820 2377 4879 internecionem
2411 4826 2646 4892 videret,
2673 4831 2860 4886 animo
2905 4848 3014 4888 non
3068 4846 3382 4894 commotus
3425 4851 3511 4894 est

1937 4922 1991 4966 et
2022 4915 2249 4982 pudoris
2287 4933 2356 4973 ne
2384 4919 2672 4974 minimum
2707 4923 2935 4992 quidem
2965 4926 3130 4980 animi
3157 4930 3512 4987 conscientiae

1940 5005 2254 5075 impressit;
2295 5011 2386 5064 sed
2435 5011 2502 5065 ad
2548 5015 2853 5070 semineces
2904 5018 3129 5089 jamque
3172 5022 3512 5091 palpitantes

1937 5110 2106 5163 eques
2140 5099 2430 5166 accedens,
2479 5102 2645 5156 etiam
2705 5106 2857 5176 161
2906 5122 3004 5162 eos
3047 5111 3505 5181 supergrediens.

1938 5202 2156 5244 omnem
2188 5191 2583 5250 humanitatem
2615 5213 2818 5252 exuere
2843 5210 2899 5254 et
2930 5201 2983 5254 in
3017 5201 3215 5256 durum
3263 5205 3506 5275 lapidem

1936 5294 1994 5332 se
2039 5292 2247 5337 mutare
2281 5285 2415 5338 velle
2452 5286 2602 5340 visus
2630 5298 2736 5351 est,
2783 5305 2850 5343 eo
2898 5292 3128 5347 consilio
3156 5303 3214 5348 ut
3253 5307 3504 5350 naturam

1937 5383 2092 5420 suam
2123 5371 2419 5445 innna_nem
2451 5377 2517 5428 ad
2551 5387 2830 5443 posterum
2875 5388 3090 5449 tempus
3128 5384 3396 5455 integrata
3428 5403 3508 5438 re-

1937 5471 2203 5513 servaret.
2243 5463 2396 5528 Quod
2437 5466 2482 5517 si
2520 5466 2684 5520 liccat
2726 5484 2850 5521 cunt
2890 5481 3123 5540 tyranno
3152 5475 3248 5530 illo
3279 5477 3505 5529 Pheraeo

1937 5553 2243 5620 comparari
2295 5563 2498 5621 potest,
2536 5557 2630 5624 qui
2678 5574 2801 5612 cum
2855 5564 3060 5617 actoris
3111 5566 3263 5620 suavi
3305 5569 3502 5619 ferum

1938 5641 2300 5708 Troianorum
2343 5647 2660 5700 narratione
2684 5649 2929 5706 animum
2959 5668 3118 5707 suum
3144 5654 3344 5708 molliri
3381 5671 3505 5709 sen-

1939 5734 2085 5796 tiret,
2125 5734 2584 5801 quemadmodum
2631 5739 2842 5795 ferrum
2873 5744 3016 5807 oleo,
3048 5754 3272 5813 repente
3299 5761 3328 5797 a
3369 5745 3500 5801 sede

1938 5839 2034 5877 sua
2070 5827 2324 5893 prosiluit
2355 5837 2691 5901 etactorcm
2747 5835 2841 5903 qui
2894 5837 3064 5890 animi
3117 5838 3201 5891 sui
3247 5849 3501 5894 naturam

3115 5931 3152 5991 5
