4070 6326
518 408 520 410 ’
567 393 670 463 139

1777 393 2194 458 NlCEPllORl
2231 341 2432 452 GDEG
2443 393 2612 452 011.15

3721 393 3748 459 t
3765 395 3852 460 40

567 512 870 582 mitigando
945 517 1182 566 mutaret
1268 509 1754 567 vehementissime
1837 507 2137 578 increpuit.

2249 509 2370 559 σίαν
2417 504 2656 559 ἐνταῦθα
2715 522 2831 568 πως
2879 504 3210 572 ἐφιλονείκει
3265 507 3581 576 μιμεῖσθαι,
3635 511 3850 579 θεῖ-ἧς

566 607 700 662 Nam
732 611 890 672 tu‘rpe
919 618 1040 658 esse
1065 603 1203 656 dixit
1229 603 1274 657 si
1317 603 1432 671 ipse
1467 601 1560 670 qui
1593 603 1860 656 continuo
1889 611 1970 657 tot.
2002 602 2140 656 civi-

564 699 667 752 bus
693 697 894 752 caidem
933 703 1150 764 pararet
1193 691 1428 747 Hecubae
1471 701 1524 746 et
1560 693 1844 760 Polyxena:
1873 692 2141 763 lacrymas

552 789 848 844 .eﬂ‘undere
882 787 1180 841 videretur.
1213 784 1368 850 Quod
1395 793 1703 838 monstrum
1735 784 1920 838 infelix
1957 799 2143 854 mega-

561 881 762 950 lopolis
793 879 926 931 urbs
962 877 1064 930 sibi
1093 874 1376 938 educavit,
1407 887 1588 942 neque
1632 873 1893 943 ignorans
1925 872 2138 940 pridem
2167 873 2176 880 '

562 980 862 1032 cantatum,
896 970 1137 1022 ultimam
1169 967 1384 1019 ruinam
1408 973 1463 1018 et
1493 965 1662 1032 ipsius
1693 973 1747 1017 et
1775 965 1991 1033 pietatis
2020 979 2142 1020 esse

564 1065 684 1126 ejus
715 1079 748 1112 κ
777 1061 1015 1112 litteram
1047 1058 1400 1125 duplicatum.
1442 1056 1624 1121 Quare
1666 1057 1711 1112 si
1739 1056 1864 1124 quis
1903 1064 2140 1109 matrem

565 1167 740 1205 meam
789 1167 911 1218 quae
946 1150 1049 1202 hoc
1085 1157 1328 1216 tempore
1363 1147 1564 1201 similia
1599 1159 1941 1216 perpetraret
1981 1164 2142 1200 accu-

563 1258 686 1298 sare
722 1241 873 1304 velit,
895 1255 1002 1293 non
1031 1239 1182 1301 huic,
1201 1237 1292 1292 sed
1329 1237 1403 1290 illi
1437 1237 1655 1306 culpam
1687 1238 1951 1292 attribuat
1980 1253 2143 1306 Opor-

565 1334 724 1387 tebit.
756 1334 857 1386 llic
881 1331 1030 1385 enim
1066 1331 1393 1401 iniuriarum
1431 1331 1668 1398 cupidus
1693 1329 1840 1400 leges
1875 1329 2136 1394 violavit;

563 1427 654 1480 illa
680 1441 811 1478 vero
837 1433 1030 1479 contra
1059 1439 1184 1476 cum
1218 1439 1276 1476 se
1295 1422 1543 1476 defendit
1573 1430 1633 1475 ut
1667 1421 1958 1476 infantium
1987 1431 2141 1492 patre

561 1521 824 1574 orborum
853 1520 1016 1570 vitam
1045 1526 1378 1586 protegeret,
1403 1514 1868 1583 quemadmodum
1887 1514 2142 1568 columba

563 1611 745 1678 pullos
787 1611 1030 1664 custodit
1069 1621 1258 1673 noctu,
1295 1622 1404 1676 quo
1435 1617 1684 1675 tempore
1735 1621 1864 1660 aves
1915 1619 2142 1674 rapaces

565 1703 866 1768 prmdatutn
898 1702 1185 1755 evolitant.
1213 1699 1422 1764 Quodsi
1454 1699 1546 1766 qui
1583 1698 1648 1751 de
1679 1696 1948 1766 ejusmodi
1975 1696 2140 1748 rebus

565 1795 1016 1863 rectiuscqueunt
1036 1792 1306 1861 judicare,
1328 1789 1483 1858 sequi
1502 1803 1720 1856 aequum
1749 1797 1853 1851 est,
1879 1786 2136 1856 equidem

2245 599 2494 668 καρδίας,
2522 597 2596 661 ὡς
2633 598 2798 659 ἔοικε,
2844 598 3114 665 θηριῶδες
3147 599 3331 651 ἀσκῶν
3373 603 3464 652 καὶ
3505 601 3846 670 γυμνάζων.

2247 690 2322 760 μὴ
2353 691 2490 761 λάθῃ
2523 691 2620 758 τὴν
2643 689 2755 753 ἕξιν
2781 689 2876 758 ὀψὲ
2915 691 3241 760 διαφθεῖραν
3271 694 3368 760 τῆς
3401 693 3638 759 φύσεως.
3661 695 3846 748 Τοῦτ’

2243 783 2419 835 ἐκεῖνο
2457 783 2664 852 σχεδῦν,
2707 783 2846 835 ὀκνῶ
2873 785 2986 852 ,γὰρ
3045 785 3258 837 ἐκείνου
3317 785 3520 852 λέγειν,
3557 788 3754 840 ἐπέκει
3807 807 3848 838 ει

2241 875 2336 926 τοῦ
2368 874 2476 928 τῶν
2506 877 2750 945 Φεραίων
2785 876 2950 928 πάλαι
2975 879 3265 946 τυράννου,
3286 877 3344 940 ὃς
3365 879 3644 948 τραγῳδοῦ
3677 897 3850 941 τινος

2245 967 2496 1035 ἐμμελῶς
2537 968 2622 1018 ἐπ’
2675 967 2838 1019 αἰετοῦ
2903 967 3158 1036 Τριυῖκὰς
3213 968 3500 1038 συμφορὰς
3547 971 3841 1030 ἐπιόντος-

2243 1059 2432 1128 ἐπειδή
2463 1060 2597 1127 πρὸς
2633 1059 2692 1110 τὸ
2727 1057 2897 1119 πάθος
2947 1058 3144 1128 ᾔσθετο
3179 1044 3546 1128 χαυνούμενος
3581 1061 3681 1129 τὴν
3711 1059 3842 1128 ψυ-

2244 1151 2344 1221 χὴν
2369 1151 2626 1220 καθάπερ
2651 1149 2814 1218 ἐλαίῳ
2839 1149 2954 1218 σίδη
2968 1167 3079 1219 ρος,
3116 1151 3425 1220 ἁνεπήδησέ
3452 1168 3512 1203 τε
3539 1153 3703 1213 εὐθὺς
3726 1153 3840 1203 καὶ

2243 1243 2334 1294 τὸν
2392 1243 2664 1311 τραγῳδὸν
2725 1241 2932 1310 ἰταμῶς
2971 1242 3314 1311 ἐλοιδόρησεν
3366 1245 3447 1296 ὅτι
3481 1245 3546 1312 δὴ
3573 1244 3676 1315 τὴν
3707 1245 3840 1310 ἕξιν

2243 1333 2406 1385 αὑτοῦ
2435 1333 2530 1402 τῆς
2554 1331 2731 1400 ψυχῆς
2781 1330 3055 1398 ἐμάλαξεν
3101 1332 3353 1384 ὁπωσοῦν
3409 1332 3690 1400 μεταθεὶς,
3730 1335 3832 1384 αξ-

2245 1423 2408 1494 σχρδν
2439 1419 2580 1476 εἶναι
2609 1425 2786 1490 φήσας
2808 1425 2854 1473 εί
2883 1421 3174 1484 τοσούτους
3199 1423 3564 1492 ἀποσφάττων
3605 1425 3697 1476 ἀεὶ
3725 1442 3840 1475 πτ-

2243 1515 2414 1577 λίτας,
2465 1516 2577 1573 τοῖς
2627 1512 2726 1581 τῆς
2776 1511 3012 1582 Ἑκάϐης
3073 1515 3167 1566 καὶ
3204 1513 3507 1584 Πολυξένης
3562 1515 3838 1585 δακρύων

2245 1607 2466 1676 θρήνοις
2509 1605 2725 1674 ὀφθείη.
2755 1605 3012 1660 Τοιοῦτον
3061 1609 3094 1676 ή
3126 1608 3397 1676 δυστυχὴς
3454 1608 3838 1676 μεγαλόπολις

2245 1695 2366 1749 καθ’
2398 1697 2597 1766 ἑαυτῆς
2653 1693 2943 1766 ἐξέθρεψεν
2975 1695 3284 1765 ἄνθρωπον,
3322 1696 3418 1748 καὶ
3445 1697 3616 1748 ’ταῦτ’
3646 1697 3836 1749 εἰδυῖα

2245 1787 2526 1858 πόῤῥωθεν
2564 1786 2822 1857 ᾀδόμενον
2849 1786 3086 1856 ἐσχάτην
3122 1785 3402 1840 ἀπώλειαν
3438 1785 3610 1854 αὐτῆς
3635 1787 3682 1838 0‘
3705 1790 3834 1855 ἅμα

567 1886 685 1939 hzec
723 1885 838 1954 ipsa
886 1884 1057 1936 Deum
1111 1889 1170 1934 ut
1218 1881 1470 1935 miserias
1517 1879 1566 1932 ei
1613 1878 1855 1932 mitteret
1901 1878 2134 1930 movisse

2244 1881 2335 1932 καὶ
2371 1877 2649 1940 εὐσεϐείας
2703 1881 2970 1949 ὑπάρχειν
3019 1882 3188 1950 αὐτῆς
3234 1881 3294 1932 τὸ
3343 1898 3376 1932 κ
3435 1882 3706 1950 στοιχεῖον
3749 1881 3836 1932 6-.-

569 1979 728 2032 facile
770 1975 1117 2036 contendam,
1153 1987 1343 2042 pamas
1367 1971 1494 2026 dico
1527 1978 1755 2040 propter
1789 1968 1931 2038 regis
1955 1967 2140 2024 libidi-

569 2083 718 2133 nem,
746 2083 870 2121 cum
919 2067 1064 2120 Deus
1089 2079 1156 2118 ne
1189 2063 1474 2116 minimam
1501 2060 1724 2138 quidem
1769 2060 2039 2114 maculam
2071 2058 2139 2115 iis

564 2175 702 2228 quos
739 2159 840 2212 sibi
872 2159 1036 2228 elegit
1081 2155 1233 2225 inligi
1271 2155 1533 2225 patiatur.
1947 2165 1950 2168 ‘

2247 1968 2550 2034 πλούμενον
2569 1985 2582 1998 ·
2617 1967 2758 2020 ὥστε
2784 1969 2879 2020 καὶ
2915 1955 2970 2020 εί
2993 1986 3074 2032 τις
3105 1971 3526 2039 παρασυρεῖσαν
3554 1976 3656 2040 τὴν
3679 1973 3832 2040 ἐμὴν

2241 2061 2495 2129 ἐγκαλεῖν
2519 2060 2630 2130 ἔχοι
2660 2062 2874 2130 μητέρα
2901 2062 3248 2130 παραπλήσι’
3277 2061 3412 2114 ἄττα
3468 2065 3832 2132 πεπραχυῖαν

2239 2152 2319 2222 τῷ
2355 2152 2658 2222 τηνικαῦτα
2692 2153 2893 2222 καιρῷ,
2922 2153 3281 2224 οὐκέκείνην,
3309 2154 3423 2206 ἀλλ’
3453 2155 3618 2207 αὑτὸν
3641 2155 3836 2206 αἱτιᾶ-

564 2253 690 2307 σθαι
719 2252 928 2322 χρεών·
959 2253 988 2304 ὁ
1020 2254 1119 2322 μὲν
1145 2253 1256 2319 γὰρ
1318 2251 1387 2304 τὰ
1449 2250 1706 2320 ἀλλότρια
1775 2245 1956 2318 ζητῶν
1997 2247 2329 2320 παρηνόμει,
2365 2251 2398 2318 ή
2435 2249 2482 2303 δ’
2515 2249 2754 2318 ἠμύνετο
2793 2249 3042 2314 ἐπιόντα,
3074 2251 3264 2318 τηρεῖν
3309 2251 3650 2320 ἐπειγομένη
3699 2254 3828 2314 τοῖς

563 2348 818 2416 ὀρφανοῖς
875 2348 1090 2406 τέκνοις
1145 2345 1207 2396 τὸ
1265 2346 1384 2414 ζῇν,
1445 2343 1696 2412 καθάπερ
1731 2339 1952 2413 τρυγὼν
2002 2342 2133 2404 τοὺς
2175 2342 2380 2412 ἑαυτῆς
2445 2341 2934 2412 νυκτοφυλακοῦσα
2995 2343 3170 2396 διέπει
3199 2345 3453 2408 νεοττοὺς
3495 2343 3826 2414 ἀλλοφύλων

565 2439 828 2490 ἐπιόντων
857 2437 1060 2506 ὀρνέων
1121 2435 1335 2496 νυκτός.
1407 2435 1467 2486 El
1531 2433 1588 2485 δὲ
1617 2434 1714 2484 καὶ
1751 2427 1834 2495 οἷς
1879 2432 2110 2499 περὶτὰ
2136 2433 2359 2486 τοιαῦτα
2397 2433 2767 2504 συνετώτερον
2796 2429 3236 2504 ἐπεισι’κρίνειν
3271 2435 3559 2488 πείθεσθαι
3603 2436 3823 2492 δίκαιον

564 2529 628 2602 [ί.
655 2531 758 2584 155
783 2530 840 2600 α]
891 2530 999 2600 είη,
1031 2529 1188 2582 ταῦτ’
1221 2526 1362 2580 εἶναι
1389 2528 1772 2596 διατειναίμην
1832 2525 1996 2592 ἔγωγ’
2059 2525 2124 2578 ἂν
2165 2525 2200 2579 ἃ
2235 2526 2326 2578 τὸν
2353 2525 2482 2579 Θεὸν
2513 2527 2592 2589 εἰς
2617 2527 2866 2592 ἀνάγκας
2889 2527 3210 2595 ἐπενεγκεῖν
3235 2528 3360 2582 κατ’
3385 2531 3556 2601 αὐτῆς
3581 2531 3814 2602 ἠρέθισε

561 2623 622 2675 τὸ
656 2625 798 2692 μέγα
824 2621 993 2685 πάθος
1022 2624 1215 2686 ἐκεῖνο,
1270 2622 1367 2689 τὴν
1399 2621 1496 2690 τῆς
1533 2617 1824 2690 βασιλικῆς
1881 2617 2128 2680 ἐξουσίας
2164 2621 2310 2688 φημὶ
2345 2619 2572 2689 ζημίαν,
2617 2621 2746 2672 οὐκ
2813 2621 3142 2690 ἀνεχομένου
3169 2621 3387 2691 βλέπειν
3408 2623 3519 2676 οὐδ’
3555 2623 3822 2680 ἀκούσιον

568 2719 741 2788 μύσος
773 2721 886 2780 τοῖς
916 2713 1192 2779 ἐκλεκτοῖς
1221 2715 1710 2786 προστριϐόμενον.

640 2813 959 2882 ΧΧ1.162
985 2811 1090 2866 Sed
1127 2810 1374 2880 profecto
1403 2811 1505 2864 hoc
1530 2825 1698 2862 unum
1719 2809 1891 2877 patris
1916 2808 2020 2862 mei
2045 2808 2139 2861 im-

563 2906 697 2976 perii
727 2905 1082 2974 cupiditatem
1109 2904 1230 2972 ejus
1257 2917 1362 2971 qua
1386 2902 1498 2972 jam
1525 2901 1696 2956 multo
1729 2911 1856 2956 ante
1887 2901 2136 2972 flagrarat

561 2999 723 3064 nobis
744 2999 882 3051 satis
901 2995 1222 3059 declaravit,
1243 3005 1501 3063 tauquam
1525 2994 1816 3052 scintillam
1846 2994 1986 3064 ignis
2006 3008 2036 3047 e
2059 2993 2138 3047 ci-

562 3107 693 3144 nere
707 3091 1025 3144 elucescens
1045 3087 1450 3154 llamma,vento
1465 3087 1830 3156 undecunque
1842 3087 2136 3140 excitante.

565 3183 774 3236 Deinde
803 3195 929 3234 cum
973 3179 1239 3249 Bithyniae
1269 3188 1547 3262 satrapam
1582 3177 1894 3250 Hyrcanum
1941 3178 2136 3232 barba-
2160 3212 2206 3272 α

561 3289 749 3328 rorum
793 3272 988 3326 ducem
1032 3280 1304 3340 quotquot
1333 3285 1502 3340 usque
1534 3269 1602 3323 ad
1641 3285 1789 3323 mare
1825 3270 2009 3324 Asiam
2041 3269 2134 3322 lia-

566 3369 766 3432 bitant,
800 3347 946 3420 haud
981 3363 1174 3434 procul
1207 3363 1336 3418 sede
1367 3365 1512 3433 regia
1558 3364 1631 3416 ita
1665 3371 1724 3416 ut
1764 3361 1939 3416 ferme
1972 3361 2133 3431 quiu-

563 3459 740 3512 decim
794 3456 1098 3512 stadiorum
1161 3453 1454 3508 intervallo
1515 3453 1754 3518 abesset,
1801 3451 2133 3506 commorari

561 3547 886 3617 accepisset,
927 3545 1164 3598 barbaro
1207 3543 1336 3597 huic
1379 3543 1542 3597 filiam
1581 3544 1730 3598 misit
1762 3553 1815 3597 et
1858 3543 1913 3597 in
1945 3541 2135 3596 matri-

564 3640 810 3692 monium
849 3635 1034 3699 dedit,
1094 3641 1154 3686 ut
1189 3647 1288 3703 per
1339 3633 1486 3688 hunc
1519 3633 1758 3687 celerius
1805 3643 1860 3688 et
1915 3633 2134 3688 facilius

563 3729 940 3798 exstingueret
993 3725 1339 3780 Christianos
1395 3725 1578 3796 potius
1628 3740 1788 3793 quam
1842 3725 2133 3795 utLydia:

563 3821 720 3874 illum
757 3827 1034 3886 satrapam
1073 3815 1406 3885 longinquas
1432 3823 1610 3869 terras
1636 3825 1692 3869 et
1723 3831 1848 3870 oras
1879 3815 2132 3870 habitan-

564 3922 674 3967 tem
725 3909 1046 3964 debellaret.
1079 3906 1222 3973 Quid
1275 3906 1510 3961 referam
1561 3923 1682 3977 quae
1723 3908 1932 3962 interea
1975 3907 2134 3963 facta:

565 4004 677 4058 sint
705 4001 1045 4056 calamitates
1085 4009 1142 4053 et
1186 4007 1390 4068 quanta
1421 3999 1667 4065 pericula
1715 3999 1806 4054 ille
1859 4001 2134 4069 paraverit

563 4109 690 4150 etuti
724 4093 1086 4147 Barbarorum
1119 4090 1308 4160 copias
1353 4091 1406 4143 in
1441 4090 1717 4145 Romanos
1749 4089 2133 4145 contraheret?

561 4187 679 4252 Qua
725 4199 785 4238 re
830 4183 1058 4238 consilia
1105 4195 1205 4235 sua
1255 4179 1474 4249 tegebat
1506 4179 1768 4234 continuo
1803 4179 2136 4246 superbiens

561 4287 616 4328 et
649 4275 798 4327 brevi
835 4287 894 4326 se
925 4279 1155 4324 cunctas
1181 4267 1556 4321 Romanorum
1591 4273 1764 4322 terras
1787 4278 2133 4324 vastaturum

539 4361 686 4421 'esse
707 4368 946 4433 jactaus.
976 4363 1112 4416 Nam
1153 4377 1212 4414 re
1245 4374 1370 4414 vera
1407 4361 1543 4414 milii
1573 4361 1803 4416 insidias
1831 4362 2048 4431 paravit
2078 4371 2132 4416 et

561 4461 770 4512 cladem
799 4457 1014 4510 cuttctis
1047 4455 1398 4510 Christianis.
1437 4455 1628 4518 Itaque
1677 4467 1801 4509 cum
1841 4453 1936 4509 Dei
1972 4458 2131 4509 auxi-

2307 2803 2441 2858 KA'.
2489 2803 2630 2856 Ἀλλ’
2662 2804 2721 2856 ἐν
2774 2803 2874 2874 μὲν
2926 2803 3182 2875 δήτοῦτο
3225 2806 3431 2878 δέδειχε
3493 2813 3683 2880 σαφῶς
3713 2816 3820 2885 τίεν

2238 2896 2410 2950 πάλαι
2463 2895 2852 2967 κρυπτομένην
2910 2897 2967 2949 ἐν
2994 2901 3060 2968 τῇ
3089 2899 3281 2952 τούτου
3333 2901 3481 2972 ψυχῇ
3536 2906 3680 2958 κατὰ
3713 2911 3822 2978 τῆς

2238 2989 2471 3056 πατρίου
2507 3005 2597 3056 μοι
2635 2988 2916 3058 βασιλείας
2941 2991 3196 3060 μελέτην,
3235 2993 3489 3064 καθάπερ
3531 2999 3824 3068 σπινθῆρα.

2240 3080 2409 3149 πυρὸς
2424 3081 2487 3131 ὲκ
2506 3079 2731 3143 σποδιᾶς
2747 3081 3116 3152 ἁναλάμψασα
3145 3083 3302 3152 φλὸξ,
3331 3085 3639 3156 πνεύματος
3665 3091 3822 3144 ὁθεν-

2236 3170 2500 3241 δηποτοῦν
2555 3173 2934 3240 ἐρεθίσαντος·
2993 3173 3250 3244 δεύτερον
3309 3176 3388 3238 δὲ,
3453 3180 3641 3252 ἐπειδὴ
3719 3187 3820 3238 καὶ

2247 3263 2514 3334 Ὑρκανὸν
2539 3265 2630 3316 τὸν
2667 3266 2762 3332 τῆς
2786 3265 3040 3328 Βιθυνίας
3071 3268 3218 3336 ἐώρα
3283 3271 3569 3343 σατράπην
3604 3275 3825 3345 βαρϐά-

2237 3373 2347 3424 ρων
2373 3355 2652 3422 ἁπάντων,
2681 3355 2869 3408 ὀπόσοι
2903 3359 3003 3426 τὴν
3038 3358 3166 3428 ἄχρι
3195 3359 3472 3432 θαλάττης
3499 3365 3689 3418 Ἀσίαν
3718 3385 3820 3419 κε-

2235 3445 2566 3517 κλήρωνται,
2603 3447 2812 3500 πόλεων
2841 3451 2936 3517 τῆς
2973 3449 3236 3520 μεγίστης
3281 3451 3820 3529 ἔγγιστα-ποιούμε-

2235 3555 2324 3592 νον
2373 3538 2472 3602 τὰς
2529 3539 2836 3608 διατριϐὰς,
2885 3540 2959 3604 ὡς
2993 3543 3388 3600 πεντεκαίδεκά
3441 3563 3545 3600 που
3580 3553 3819 3606 σταδίων

2236 3623 2462 3680 εἶναιτὸ
2501 3629 2736 3698 μεταξὺ,
2778 3631 3006 3701 πέμψας
3039 3635 3137 3702 τήν
3173 3635 3453 3706 θυγατέρα
3483 3643 3614 3701 to};
3650 3641 3814 3694 ἀλλο-

2237 3721 2440 3787 φύλους
2469 3723 2709 3784 ἐκείνους
2747 3721 3042 3792 μνηστιύει
3071 3724 3284 3794 γάμους
3315 3729 3490 3799 αὐτῷ,
3520 3729 3588 3782 ἵν’
3618 3733 3681 3785 ἐκ
3717 3733 3818 3788 τοῦ

2237 3814 2425 3884 σχεδὸν
2468 3813 2800 3885 τελεώτερον
2845 3815 2904 3868 τὸ
2940 3817 3047 3868 τῶν
3081 3817 3429 3888 Χριστιανῶν
3455 3824 3692 3898 ἐκτρίψῃ
3721 3830 3820 3894 γέ-

2236 3925 2346 3972 νος,
2378 3907 2445 3962 δι⁵
2475 3908 2638 3960 αὑτοῦ
2667 3909 2867 3978 μᾶλλον
2896 3911 2928 3979 ἢ
2960 3911 3079 3964 κατ’
3109 3916 3312 3966 ἐκεῖνον
3341 3916 3430 3969 τὸν
3464 3917 3573 3972 τῶν
3608 3922 3806 3976 Λυδῶν

2239 4001 2529 4072 σατράπην
2587 4001 2774 4073 πόρρω
2804 4019 2909 4055 που
2943 4004 3048 4075 γῆς
3078 4006 3171 4058 καὶ
3227 4008 3499 4082 θαλάττης
3531 4015 3814 4072 οἰκοῦντα.

2238 4091 2347 4146 Καὶ
2376 4093 2428 4145 τί
2463 4094 2568 4164 χρὴ
2591 4097 2684 4156 τὰς
2723 4096 2780 4147 ἐν
2813 4097 2962 4167 μέσῳ
3001 4098 3271 4166 συνείρειν
3307 4100 3500 4172 τύχας,
3558 4111 3656 4170 καὶ
3707 4112 3815 4163 ὅσα

2239 4183 2549 4257 βαρϐάρους
2619 4189 2762 4243 κατὰ
2834 4189 3120 4259 Ῥωμαίων
3179 4197 3560 4266 στρατολογῶν
3631 4203 3814 4258 ἐποίει

2237 4277 2405 4364 δεινὰ,
2463 4281 2548 4348 ἐφ’
2575 4274 2660 4342 οἷς
2686 4279 2850 4335 αὐτὸν
2899 4283 3338 4350 ἐγκαλύπτεσοαι
3401 4289 3508 4343 ἔδει
3541 4291 3814 4364 διηνεκῶς

2237 4370 2696 4443 ἐγκαυχώμενος’,
2759 4375 2851 4426 καὶ
2915 4376 3348 4448 ὑπισχνούμενος
3403 4383 3660 4451 ἀοίκητον
3710 4398 3812 4458 την

2250 4462 2535 4531 Ῥωμαίων
2561 4463 2780 4518 ἃπασαν
2810 4469 2912 4536 γῆν
2947 4470 3003 4519 ἐν
3055 4469 3251 4540 βραχεῖ
3285 4475 3602 4530 παντάπασι
3639 4497 3806 4534 κατα-

561 4551 696 4604 lium
737 4564 802 4602 ne
834 4547 1050 4600 minimi
1103 4546 1324 4614 quidem
1373 4546 1605 4601 haberet
1639 4561 1818 4617 neque
1861 4549 1914 4602 in
1957 4547 2128 4602 Deum

2239 4559 2491 4627 στήσεινς
2523 4559 2635 4610 Καὶ
2655 4554 2722 4630 ἦν
2753 4559 2854 4628 μὲν
2883 4563 2909 4612 ὁ
2935 4560 3132 4631 δρόμος
3161 4563 3307 4626 ἅπας
3330 4567 3478 4637 αὐτῷ
3505 4571 3808 4639 κατ’ἐμοῦ,

557 4639 802 4710 judicent
849 4637 1168 4704 respiceret,
1221 4645 1396 4690 totum
1435 4633 1516 4691 'se
1563 4637 1715 4692 dedit
1759 4639 1965 4708 impiis.
2009 4639 2134 4696 Haec

559 4747 782 4802 quoque
809 4731 944 4784 satis
975 4737 1250 4784 testantur
1267 4739 1610 4799 quantopere
1642 4731 1730 4784 ille
1776 4733 1927 4800 regni
1959 4735 2134 4801 patris

563 4827 668 4878 mei
715 4823 1015 4892 cupiditate
1061 4821 1324 4892 ﬂagrarit,
1357 4837 1519 4891 quam
1553 4832 1612 4877 ut
1659 4828 1822 4879 modo
1866 4826 1978 4879 dixi
2020 4827 2134 4896 jam

563 4916 736 4967 multo
765 4925 892 4966 ante
937 4921 1180 4982 ceperat.
1227 4913 1384 4978 Quod
1431 4915 1576 4966 enim
1631 4930 1760 4969 vere
1804 4918 2007 4969 malum
2049 4923 2136 4970 est

561 5017 686 5075 post
729 5017 946 5073 tempus
986 5014 1235 5059 naturam
1271 5019 1424 5058 suam
1457 5005 1614 5076 163
1639 5022 1842 5061 exuere
1871 5024 1980 5063 non
2013 5019 2133 5076 pot-

559 5109 666 5161 est,
699 5097 794 5151 sed
817 5101 982 5152 etiam
1007 5111 1134 5152 cum
1157 5095 1318 5151 facile
1349 5099 1515 5152 rebus
1540 5111 1805 5167 arguatur
1827 5101 2131 5155 simulatio-

479 5223 484 5226 -
563 5201 686 5243 item
717 5188 848 5242 boni
878 5188 1086 5257 abjicit.
1119 5187 1286 5242 Redit
1303 5188 1450 5242 enim
1479 5187 1651 5244 altera
1675 5201 1874 5246 natura
1903 5201 1958 5246 et
1983 5193 2130 5260 quod

563 5295 841 5349 proprium
872 5280 1036 5334 habet
1063 5281 1319 5335 facillime
1349 5282 1562 5350 recipit.
1597 5281 1738 5336 Deus
1763 5295 1943 5340 autem
1965 5287 2008 5339 si
2045 5303 2131 5342 res

563 5384 780 5426 nostras
817 5373 868 5426 ei
914 5373 1304 5428 tradiderimus
1343 5373 1662 5430 felicitatem
1707 5377 1868 5432 nobis
1911 5359 2130 5434 occulto

563 5475 843 5532 conquirat
893 5465 1056 5532 idque
1101 5476 1262 5535 prout
1311 5467 1428 5520 vult
1481 5467 1759 5522 facillime.
1801 5469 1895 5524 Ille
1949 5481 2127 5525 tamen

563 5557 746 5624 impiis
793 5557 886 5624 qui
929 5557 1192 5610 fortunati
1249 5574 1370 5612 esse
1425 5560 1852 5638 videbantur’in
1885 5577 2128 5630 prwsens

563 5659 736 5700 totum
770 5661 828 5700 se
862 5651 1208 5702 committere
1258 5651 1446 5704 maluit
1482 5661 1537 5704 et
1577 5653 1840 5706 continuo
1876 5652 2006 5704 mihi
2040 5667 2126 5704 ca-

562 5741 859 5793 lamitatem
889 5757 1096 5810 parare.
1141 5743 1244 5794 Sed
1279 5749 1526 5811 prolecto
1569 5744 1884 5796 felicitatem
1931 5757 1984 5796 et
2035 5761 2128 5796 ve-

563 5845 674 5882 ram
712 5837 1042 5901 \Ullljililleill
1099 5839 1301 5886 nultum
1347 5839 1540 5898 habet,
1601 5837 1702 5886 nisi
1738 5842 1882 5901 quod
1935 5837 2034 5888 hoc
2075 5839 2127 5888 in

2238 4649 2270 4716 ή
2307 4647 2362 4699 δέ
2386 4647 2558 4718 βλόιὸη
2594 4652 2734 4702 κατὰ
2785 4651 3002 4704 πάντων
3059 4651 3404 4720 Χριστιανῶν
3427 4675 3438 4687 ·
3475 4660 3654 4725 οὕτως
3686 4669 3808 4720 οὐοὲ

2241 4739 2436 4810 μικρὸν
2465 4739 2678 4807 ἐφόδιον
2719 4743 2815 4811 τὴν
2868 4743 2960 4796 τοῦ
3013 4744 3146 4797 Θεοῦ
3182 4750 3418 4816 νομίζων
3455 4755 3804 4822 ἐπικουρίαν,

2239 4833 2347 4885 οὐδ’
2378 4837 2433 4896 ἐς
2465 4835 2564 4905 τὴν
2589 4835 2698 4887 τῶν
2724 4837 3028 4906 μελλόντων
3059 4841 3279 4912 μνήμην
3303 4845 3690 4916 ,κολαστηρίων
3716 4855 3808 4903 ἰὼν

2235 4923 2506 4988 ὁπωσοῦν,
2547 4926 2667 4977 ὅλον
2695 4927 2885 4979 ἐαυτὸν
2914 4931 3026 4992 τοῖς
3056 4931 3280 4984 ἀσεϐέσι
3307 4935 3664 5008 προσένειμε.
3697 4943 3807 4996 Καὶ

2239 5016 2336 5083 μὲν
2367 5016 2431 5086 δὴ
2453 5016 2704 5085 δεύτερον
2733 5017 2934 5071 κείσθω
2959 5022 3053 5074 καὶ
3103 5022 3260 5076 τοῦτο
3283 5024 3482 5094 δεῖγμα
3509 5032 3609 5100 της
3641 5033 3804 5087 αὐτού

2237 5107 2486 5176 μελέτης,
2523 5109 2612 5178 ἣν,
2654 5110 2728 5172 ὡς
2755 5111 3099 5183 εἰρήκειμεν,
3138 5116 3305 5170 πάλαι
3335 5119 3502 5172 πολύν
3529 5137 3654 5178 τινα
3679 5127 3804 5195 χρό-

2235 5217 2323 5251 νον
2359 5201 2580 5253 ἐὸοσκεν
2610 5204 2666 5253 ἐν
2697 5205 2763 5274 τῇ
2798 5203 2942 5276 ψυχῇ
2977 5209 3116 5258 κατὰ
3139 5207 3238 5275 τῆς
3271 5212 3506 5279 πατρίου
3533 5231 3626 5282 μοι
3653 5215 3806 5284 βασι-

2234 5294 2416 5357 λείας’
2454 5295 2512 5347 τὸ
2565 5297 2672 5367 γὰρ
2715 5297 2871 5366 φύσει
2935 5300 3104 5352 κακὸν
3161 5303 3574 5371 ἀποτρίψασθαι
3624 5317 3804 5378 χρόνῳ

2233 5389 2328 5458 τὴν
2361 5387 2474 5449 ’ἐξιν
2512 5390 2608 5441 οὐκ
2639 5389 2704 5442 ἂν
2741 5408 2872 5444 ποτε
2902 5393 3140 5456 δύναιτο,
3178 5395 3312 5448 ἀλλὰ
3337 5402 3427 5448 καὶ
3460 5398 3556 5466 τὴν
3581 5403 3676 5451 τοὺ
3709 5419 3806 5454 κλι-

2232 5479 2321 5531 λοῦ
2385 5491 2747 5552 προσποίησιν
2797 5486 3038 5556 εὐχερῶς
3104 5490 3212 5546 τοῖς
3274 5495 3598 5558 πράγμασιν
3653 5495 3804 5558 ἐλεγ-

2233 5574 2459 5640 χῦμενον
2519 5575 2856 5642 ἀποσείεται,
2923 5579 3396 5648 παλινδρομούσης
3457 5584 3554 5652 τῆς
3585 5584 3802 5650 φύσεως

2232 5663 2328 5714 καὶ
2387 5665 2876 5736 ἀναλαμϐανούσης
2927 5674 2989 5738 ἐκ
3051 5669 3143 5720 τοῦ
3191 5672 3390 5740 ῥᾲσςου
3451 5673 3508 5724 τὸ
3557 5677 3801 5743 γνήσιον.

2245 5749 2392 5814 ’ίίξλιν
2435 5759 2540 5823 γὰρ
2572 5757 2690 5823 Θεῴ
2719 5759 2784 5809 τα
2811 5759 2932 5810 καθ’
2968 5761 3125 5810 αὑτὸν
3162 5761 3538 5829 ἐπιτρέψαντα
3563 5763 3662 5834 τὴν
3694 5767 3803 5820 τῶν

2234 5846 2439 5897 παίδων
2472 5847 2821 5917 εὐδαιμονίαν
2851 5851 3047 5920 ,ἡσυχῆ
3103 5853 3658 5924 πραγματεύσασθαι,
3707 5857 3802 5912 ’Σάι-
