4070 6326
245 417 348 490 141

1208 428 1645 489 ΒΥΖΑΝΤΙΝᾸΞ
1686 426 2066 488 HISTORIA?
2097 427 2235 486 LIB.
2278 425 2515 484 XXVII.

3384 413 3482 478 142

244 539 384 606 διον,
419 538 577 608 εἰπερ
599 536 868 602 ἐϐούλετο,
892 538 972 606 ὃν,
995 543 1021 592 ὁ
1054 541 1108 595 δὲ
1142 545 1252 605 τοῖς
1274 543 1530 595 ἀσεϐέσιν
1558 543 1632 603 ὡς
1667 528 1823 593 εὐτυ-ξ

1934 549 2171 609 tempore
2214 541 2430 594 fortuna
2479 528 2678 592 fruitur
2707 547 2763 591 et
2795 542 3121 607 potestatem
3156 534 3322 587 liabet
3367 537 3485 600 pios

247 629 369 706 χεζν
424 627 669 682 δοκοῦσιν
724 630 781 690 ἐς
811 629 873 681 τὸ
904 631 1079 698 παρὸν
1140 632 1342 700 μᾶλλον
1378 633 1570 684 ἑαυτὸν
1601 631 1820 691 ἀναθεὶς

249 717 426 772 ἀΐδιον
456 717 628 769 εἵλετο
665 718 886 787 μοχθεῖν
919 720 1038 773 κατ’
1093 721 1257 788 ἐμοῦ·
1295 722 1430 791 μηδὲ
1463 721 1571 791 γάρ
1606 721 1732 774 ἄλλο
1769 738 1822 773 τι

255 807 707 878 μακαριζομένου
742 809 1032 880 γνώρισμα
1058 812 1177 880 βίου
1218 813 1466 878 γίνεσθαι
1505 813 1701 881 τουτῳῒ
1728 814 1824 865 καὶ

252 899 625 971 ἀληθευούσης
657 901 890 964 εὶζωῖας
941 901 975 970 ἢ
1008 903 1150 955 κατά
1176 920 1238 971 γε
1282 904 1342 956 τὸ
1373 904 1466 956 νῦν
1496 904 1824 973 εὐτυχοῦντα

247 992 518 1045 δύνασθαι
580 991 822 1060 φθείρειν
872 993 1115 1054 εὐσεϐεῖς
1161 995 1256 1046 καὶ¹
1303 995 1469 1065 μηδὲν
1508 992 1823 1056 ἀδικοῦντας

249 1083 600 1151 ἀνθρώπους,
629 1080 722 1143 οὓς
773 1083 842 1134 δι’
883 1082 1018 1135 αὐτό
1073 1101 1136 1150 γε
1167 1087 1322 1137 τουτὶ
1355 1085 1609 1154 νενόμικε
1633 1085 1824 1138 δυστυ-

250 1175 391 1240 χεῖν,
419 1174 499 1226 ὅτι
536 1173 764 1241 θεότητα
791 1173 1012 1225 σέϐουσι
1042 1176 1497 1243 τρισυπόστατον,
1528 1177 1823 1245 φεύγοντες

251 1266 449 1317 ἁθεϊαν
469 1264 604 1333 ὁμοῦ
634 1268 725 1316 καὶ
753 1264 1065 1320 πολυθεϊαν.
1092 1267 1260 1335 Δῆλον
1289 1267 1346 1319 δέ
1372 1283 1386 1296 ·
1417 1267 1512 1319 καὶ⁵
1541 1269 1648 1338 γὰρ
1679 1269 1826 1320 ὲκεί-

252 1371 371 1417 vos;
407 1355 704 1426 σύνδρομον
740 1355 954 1408 καὶτὸν
987 1356 1084 1409 τοῦ
1128 1357 1363 1425 Παλαμᾶ
1408 1358 1602 1428 κρίνας
1649 1357 1825 1426 ὐπάρ-
1869 1367 1882 1378 ’

253 1463 374 1514 χειν
405 1445 612 1510 θίασον,
661 1449 919 1517 πονηροῖς
967 1447 1220 1516 ὀργάνοις
1285 1448 1424 1517 μετά
1455 1447 1562 1500 τῶν
1614 1446 1825 1500 ἀσεϐῶν

252 1541 483 1592 ὲκεένων
533 1539 626 1591 καὶ
665 1538 874 1600 τούτοις
933 1541 1207 1609 ἐχρήσατο
1261 1538 1384 1593 κατ’
1419 1538 1575 1609 ἐμοῦ,
1613 1539 1699 1591 ἵνα
1730 1539 1826 1590 καὶ

254 1629 418 1681 τοῦτο
449 1629 546 1698 τῆς
576 1631 639 1680 ὲκ
667 1626 866 1680 πολλοῦ
901 1626 970 1698 ,[ι.
1009 1627 1112 1681 155
1146 1626 1201 1698 b]
1248 1627 1651 1697 ταμιευομένης
1679 1625 1826 1695 αὐτῴ

255 1721 381 1772 κατ’
412 1719 544 1786 ἐμοῦ
573 1717 864 1789 γνώρισμα
895 1719 1121 1788 γνώμης
1149 1717 1235 1788 εἴη
1266 1719 1360 1771 καὶ
1393 1699 1492 1786 τῆς
1518 1717 1626 1771 τῶν
1647 1719 1825 1787 ὅρκων

256 1807 416 1873 αὖθις
446 1810 755 1879 συγχύσεως
775 1826 790 1842 ·
823 1809 911 1863 διὰ
942 1810 1050 1878 γὰρ
1079 1809 1260 1863 αὐτῶν
1287 1809 1505 1878 ἁπάσης
1538 1809 1826 1876 ἐπιορκίας

252 1903 396 1972 ὁμοῦ
428 1905 522 1956 καὶ
545 1903 892 1970 διχοστασίας
920 1902 1064 1970 μάλα
1094 1901 1288 1971 ῥαδίως
1311 1901 1407 1972 τὴν
1439 1901 1594 1954 πόλιν
1620 1903 1828 1964 ἐκεῖνος

255 1996 582 2064 ἐνέπλησεν.
628 1994 800 2058 Ὀξείς
836 2011 896 2046 τε
951 1994 1059 2063 γὰρ
1093 1995 1172 2056 είς
1215 1995 1417 2050 κακίαν
1457 1993 1610 2058 ὄντες
1654 1995 1703 2044 οἱ
1733 1992 1827 2046 ἄν-

254 2087 407 2156 δρες,
439 2087 534 2138 καὶ
567 2085 687 2154 ἅμα
740 2087 809 2154 τῇ
865 2085 956 2138 τοῦ
994 2085 1276 2154 σχήματος
1339 2085 1530 2154 μέλανι
1561 2085 1698 2152 μετὰ
1729 2085 1826 2152 τῆς

252 2178 510 2240 ἀσεϐείας
551 2181 644 2231 καὶ
673 2177 770 2247 τὴν
793 2179 852 2239 ὲς
889 2176 955 2229 τὰ
995 2175 1222 2228 τοιαῦτα
1251 2177 1349 2246 τῆς
1383 2176 1652 2245 πονηρίας
1688 2177 1828 2228 ἀπο-

1922 641 1979 684 et
2027 633 2272 686 insontes
2319 626 2976 698 hominesexstinguendi
3011 642 3151 697 quos
3178 635 3404 696 propter
3435 628 3484 678 id

1925 724 2102 794 ipsum
2134 725 2380 783 infelices
2404 733 2577 794 putat,
2608 724 2751 792 quod
2774 722 2977 777 trinum
3009 721 3175 776 Deum
3199 721 3408 779 Colunt.
3434 729 3490 774 ct

1923 830 2021 868 eos
2049 815 2141 884 qui
2174 814 2340 870 Deum
2375 831 2494 868 esse
2531 796 2967 884 negantunaque
2997 813 3090 881 qui
3127 813 3326 866 multos
3358 812 3492 866 deis

1923 919 2045 958 esse
2088 905 2342 968 credunt,
2385 903 2629 974 fugiunt.
2679 904 2800 973 ipse
2829 905 2973 956 enim
3003 905 3234 958 Palatina:
3260 901 3486 957 deorum

1924 996 2134 1049 cultum
2189 996 2460 1065 sequitur.
2498 996 2652 1052 Unde
2708 997 2872 1050 etiam
2911 996 3112 1050 factum
3155 1006 3239 1050 est
3287 1002 3344 1048 ut
3381 1011 3488 1048 uua

1925 1101 2048 1139 cum
2090 1088 2272 1156 impiis
2303 1087 2408 1140 illis
2449 1087 2658 1141 nefario
2684 1087 2852 1142 modo
2890 1102 2976 1141 me
3020 1088 3350 1142 tractaverit.
3383 1088 3490 1141 lta-
3545 1084 3556 1090 ’

1926 1194 2032 1246 que
2067 1194 2131 1232 ex
2186 1179 2290 1232 hoc
2313 1166 2536 1248 quoque
2576 1179 2928 1232 consiliorum
2970 1178 3089 1246 ejus
3141 1193 3262 1248 qua:
3302 1178 3354 1232 in
3403 1194 3489 1231 me

1920 1267 2030 1336 jam
2066 1267 2237 1320 multo
2275 1283 2306 1322 e
2347 1277 2592 1337 tempore
2622 1267 2809 1321 animo
2846 1268 3130 1350 vol/utabat
3172 1279 3226 1324 et
3257 1269 3486 1339 perjurti

1930 1359 2192 1412 indicium
2247 1359 2407 1413 nobis
2436 1361 2711 1428 apparuit.
2753 1359 2858 1412 Per
2886 1359 3010 1413 illos
3039 1360 3186 1413 enim
3234 1360 3495 1430 perjuriis

1925 1458 1980 1502 et
2011 1449 2307 1503 discordiis
2337 1450 2531 1502 urbem
2563 1448 2726 1503 facile
2753 1448 3174 1518 implevit.Nam
3205 1451 3307 1504 viri
3338 1451 3496 1518 proni

1927 1549 2086 1591 erant
2121 1539 2190 1592 ad
2225 1538 2432 1608 flagitia
2475 1550 2530 1593 et
2574 1553 2700 1592 cum
2737 1540 2889 1593 vultu
2930 1541 3069 1594 tristi
3118 1547 3174 1594 et
3214 1541 3498 1609 impietate

1929 1643 2148 1698 unaque
2194 1629 2510 1697 pharetram
2548 1643 2670 1698 qua:
2717 1630 2782 1682 ad
2828 1629 3076 1684 facienda
3121 1629 3326 1700 ﬂagitia
3361 1645 3499 1698 Opus

1926 1731 2047 1776 erat
2080 1723 2422 1777 occultantes
2461 1722 2631 1777 variis
2675 1738 2738 1778 ac
2779 1722 3008 1778 idoneis
3052 1724 3175 1778 telis
3221 1725 3499 1784 refertam.

1933 1811 2072 1866 illud
2117 1813 2338 1866 silentio
2367 1825 2424 1867 et
2448 1813 2701 1868 celeriter
2738 1813 2898 1886 164
2940 1815 3271 1878 eﬂ‘ecerunt,
3305 1829 3359 1870 et
3391 1818 3500 1890 alia

1863 1895 1899 1947 Β
1929 1905 2018 1956 via
2051 1903 2320 1956 sinceram
2354 1913 2592 1958 mentem
2623 1905 2816 1959 matris
2844 1921 2976 1960 mea:
3014 1905 3347 1976 deceperunt
3384 1923 3503 1976 qua:

1934 1993 2193 2062 scopulos
2217 1992 2271 2046 in
2298 1993 2432 2046 mari
2455 1993 2689 2048 latentes
2723 1994 3041 2064 neutiquam
3075 2006 3320 2050 noverat.
3337 1997 3504 2052 Dolos

1933 2081 2082 2134 enim
2111 2089 2168 2133 et
2195 2080 2564 2147 proditionem
2587 2085 2638 2136 ei
2667 2091 2830 2137 noctu
2866 2083 3073 2152 diuque
3103 2087 3279 2140 moliti
3309 2099 3500 2143 contra

1927 2170 2181 2225 amicitiae
2226 2171 2436 2226 vultum
2482 2188 2668 2227 coram
2715 2174 3039 2230 exhibentes
3087 2192 3188 2231 nec
3223 2179 3500 2248 Opinatam

252 2265 480 2334 χρῶσαν
515 2265 796 2334 φαρέτραν
829 2262 1298 2330 συγκρύπτοντες,
1348 2262 1707 2315 παντοδαπῶν
1739 2263 1832 2314 καὶ

1934 2278 2054 2318 eam
2084 2271 2498 2330 persecuturum
2530 2265 2703 2318 turbae
2739 2255 3104 2322 tradiderunt.
3136 2267 3315 2334 Quare
3344 2273 3505 2326 nobis

255 2354 620 2423 πολυτρόπων
673 2355 952 2422 γέμουσαν
1014 2354 1122 2406 τῶν
1173 2353 1389 2422 βελῶν,
1446 2355 1675 2406 κάκεῖνα
1730 2356 1832 2423 μὲν

1934 2363 2123 2424 utpote
2152 2354 2245 2425 qui
2283 2355 2552 2411 beneﬁcia
2587 2356 2640 2409 in
2673 2371 2771 2411 eos
2799 2360 3230 2417 contulissemus
3277 2363 3504 2419 insidia-

256 2446 446 2515 ἡρέμα
483 2449 578 2498 καὶ
608 2446 810 2515 σπουδῇ
853 2445 1229 2514 περαίνοντες,
1263 2444 1364 2514 τὴν
1387 2445 1444 2498 δέ
1478 2462 1540 2513 γε
1566 2447 1664 2516 τῆς
1694 2448 1832 2515 ἐμῆς

1934 2455 2082 2500 tores
2113 2447 2419 2516 turpissimi
2444 2448 2548 2502 visi
2581 2458 2731 2503 sunt.

257 2539 516 2601 ὑπιόντες
569 2538 743 2602 ἄλλως
809 2539 1016 2608 μητρὸς
1064 2538 1446 2606 ἁπλουστέραν
1502 2540 1814 2606 εὐμένειαν,
1881 2539 2101 2608 ὐφάλων
2130 2540 2344 2610 πετρῶν
2363 2541 2574 2614 οὐδαμῆ
2637 2559 2725 2597 πω
2761 2545 3038 2615 μαθούσης
3099 2548 3505 2619 συμπτώματα,

260 2633 358 2683 καὶ
409 2630 594 2694 δόλους
659 2631 756 2700 μὲν
809 2632 956 2700 αὐτῇ
998 2630 1093 2684 καὶ
1127 2630 1419 2699 προδοσίας
1452 2630 1750 2700 ῥάπτοντες
1807 2630 2020 2699 ἡμέρας
2069 2631 2164 2684 καὶ
2215 2629 2426 2694 νυκτὸς,
2462 2633 2644 2700 φιλίας
2696 2634 2741 2686 δ’
2769 2630 2834 2688 αὖ
2872 2635 3138 2705 ἑτέρωθεν
3203 2638 3506 2704 δεικνύντες

265 2723 596 2791 πρόσωπον,
649 2723 838 2776 ἔλαθον
875 2723 1117 2803 ἀψοφητὶ
1181 2722 1258 2793 τῷ
1282 2722 1394 2776 τῶν
1467 2722 1777 2777 διωκόντων
1840 2722 2250 2790 προδεδωκότες
2311 2722 2479 2791 βυθῷ,
2543 2723 2756 2795 λῃστῶν
2789 2727 3111 2798 ἀδικώτεροι
3157 2731 3375 2784 πάντων
3397 2736 3506 2797 τοῖς

255 2817 572 2888 εὐεργέταις
604 2816 862 2884 φανέντες
895 2818 1047 2886 ἡμῖν.

331 2909 459 2963 KB'.
499 2909 580 2962 Τὰ
613 2909 670 2961 δὲ
701 2911 930 2962 τοιαῦτα
950 2911 1050 2978 τῆς
1077 2896 1394 2980 ἀπορρήτου
1427 2906 1693 2977 Προνοίας
1718 2904 1836 2973 κρί-

259 3019 412 3071 ματα
439 3002 694 3068 ὲρευνᾷν,
741 3001 890 3061 ὅπως
921 3001 970 3052 οἱ
1016 3002 1083 3054 τὰ
1113 3001 1298 3053 δίκαια
1345 2999 1635 3070 ζητοῦντες
1670 2999 1830 3067 ἡμεῖς

257 3093 370 3152 τοῖς
410 3091 618 3152 ἀδίκοις
654 3090 761 3141 ὐπδ
788 3090 896 3143 τῶν
931 3089 1132 3142 ἀδίκων
1163 3089 1231 3142 δι’
1260 3088 1427 3158 ἕτερα
1461 3073 1834 3157 προδεδόμεθα

259 3182 358 3236 νῦν
385 3182 587 3234 οὑτωσὶ
639 3181 1112 3250 πλημμελήματα,
1146 3180 1256 3247 ἐγὼ
1288 3180 1388 3248 μὲν
1416 3179 1516 3232 οὐκ
1551 3177 1615 3231 ἂν
1653 3176 1834 3230 δυναί-

263 3293 398 3346 μην.
459 3273 681 3338 Ἔξεστι
735 3275 843 3342 γὰρ
888 3275 996 3332 τοῖς
1035 3271 1260 3332 ἀπαθῶς
1292 3269 1556 3323 ’ἐθέλουσι
1618 3269 1838 3337 βλέπειν

257 3371 330 3421 τὰ
365 3368 457 3419 ἴσα
489 3367 765 3436 παράςτὺν
797 3366 913 3438 βίον
943 3368 1027 3421 ἀεὶ
1051 3367 1351 3434 γιγνόμενα
1376 3366 1500 3434 μὲν,
1520 3364 1836 3434 κεκρυμμέ-

259 3476 366 3526 νην
393 3457 439 3510 δ’
468 3456 664 3525 ἔχοντα
691 3457 790 3528 τὴν
821 3457 921 3527 τῆς
950 3457 1209 3526 ἀληθείας
1233 3458 1412 3511 αἰτίαν
1438 3459 1514 3519 ὡς
1543 3457 1612 3509 τὰ
1643 3457 1833 3510 πολλά.

262 3550 489 3617 Λεγέτω
519 3550 563 3602 δ’
593 3545 688 3602 οῦν
723 3550 873 3619 ὅμως
912 3550 1005 3602 καὶ
1030 3549 1058 3600 ὁ
1090 3552 1376 3620 προφήτης
1408 3550 1634 3615 ἐκεῖνος,
1672 3568 1690 3600 ι
1724 3550 1838 3602 Ἵνα

261 3642 320 3692 τί
365 3640 488 3702 ὁδὸς
544 3639 762 3692 ἀσεϐῶν
813 3637 1134 3704 εὐοδοῦται;
1170 3657 1187 3689 ι
1229 3639 1370 3707 βοῶν
1412 3639 1476 3691 ὲκ
1529 3639 1702 3707 μέσης
1742 3637 1837 3690 καλ⁵

266 3732 615 3801 φλεγομένης
647 3730 843 3801 ψυχῆς.
884 3731 1106 3798 Λεγέτω
1149 3728 1192 3782 δ’
1245 3729 1371 3798 ἑξῆς
1411 3729 1504 3807 καλΣ
1538 3730 1570 3798 ή
1624 3728 1834 3797 μεγάλη

261 3823 364 3891 τῆς
406 3820 694 3884 εὐσεϐείας
725 3821 941 3890 ἐκείνης
984 3820 1241 3886 σάλπιγξ,
1281 3819 1368 3874 ἵνα
1415 3819 1490 3889 μὴ
1537 3821 1646 3881 τοῖς
1692 3817 1837 3871 ἐκδι-

262 3917 382 3967 κεῖν
440 3913 688 3966 ἐθέλουσι
734 3914 802 3966 τὰ
845 3913 922 3984 μὴ
977 3913 1164 3965 δίκαια
1203 3911 1474 3983 πρόφασις
1503 3911 1570 3963 τὰ
1610 3908 1837 3962 τοιαῦτα

265 4005 550 4081 κακίας
581 4026 600 4060 ι
641 4009 1052 4078 Παραδίδονται,
1081 4027 1098 4057 ι
1139 4008 1244 4078 γάρ
1275 4022 1428 4076 φησι,
1460 4024 1476 4056 ι
1517 4005 1611 4056 καὶ
1636 4005 1837 4057 δίκαιοι

263 4103 530 4164 πολλάκις
567 4104 650 4164 εἰς
678 4105 869 4172 χεῖρας
898 4101 1136 4168 ἀσεϐῶν,
1179 4101 1277 4172 οὐχ
1320 4099 1386 4153 ἵν’
1429 4101 1630 4151 ἐκεῖνοι
1668 4115 1836 4166 τιμη-

262 4194 456 4258 θῶσιν,
491 4195 609 4247 ἀλλ’
658 4194 725 4246 ἵν’
752 4189 896 4248 οὗτοι
937 4193 1334 4263 δοκιμασθῶσι·
1372 4194 1467 4244 καὶ
1503 4190 1696 4260 φαῦλοι
1736 4191 1836 4258 μὲν

263 4289 322 4338 ἐν
359 4285 575 4355 θανάτῳ
633 4286 866 4354 ἐξαισίῳ,
882 4285 1023 4338 κατά
1054 4285 1111 4337 τὸ
1142 4281 1553 4353 γεγραμμένον,
1607 4296 1838 4348 καταγε-

261 4377 467 4430 λῶνται
500 4377 546 4428 δ’
571 4379 721 4446 ὅμως
743 4375 805 4428 τὺ
836 4377 1010 4446 παρὸν
1041 4376 1308 4438 εὐσεϐεῖς,
1340 4375 1444 4435 ἔως
1471 4374 1503 4442 ή
1527 4371 1836 4442 χρηστότης

262 4464 360 4518 τοῦ
395 4465 534 4517 Θεοῦ
579 4463 885 4533 κρύπτεται
937 4463 1032 4515 καὶ
1079 4462 1150 4515 τὰ
1209 4460 1421 4530 μεγάλα
1467 4461 1695 4528 ταμιεῖα
1727 4459 1836 4511 τῶν

264 4557 499 4624 ὕστερον
552 4554 838 4623 ἑκατέροις
876 4553 1276 4622 ἀποκειμένων,
1332 4549 1494 4621 ἡνίκα
1546 4550 1703 4617 λόγος
1743 4550 1836 4600 καὶ

263 4648 466 4716 πρᾶξις
501 4648 595 4700 καὶ
627 4646 895 4714 διανόημα
929 4647 1042 4707 τοῖς
1084 4643 1317 4705 δικαίοις
1365 4642 1459 4695 τοῦ
1505 4640 1640 4693 θεοῦ
1676 4641 1836 4693 σταθ-

267 4744 388 4812 μοῖς
415 4739 824 4801 ταλαντεύεται,
848 4737 977 4790 ὅταν
1005 4737 1215 4804 ἀναστῇ
1246 4735 1433 4803 κρῖναι
1466 4733 1564 4798 τὴν
1585 4734 1720 4799 γῆν,
1739 4729 1839 4800 τὴν

265 4833 465 4902 βουλὴν
485 4833 581 4884 καὶ
612 4831 678 4883 τά
709 4831 843 4900 ἔργα
876 4830 1144 4896 συνάγων,
1167 4828 1260 4878 καὶ
1291 4825 1513 4892 γυμνῶν
1533 4824 1600 4875 τὰ
1630 4825 1839 4891 ἐσφρλσ-

263 4925 505 4994 γισμένα
534 4923 664 4990 παρ’
695 4921 843 4990 αὐτῷ
883 4923 978 4972 καῖ¹
1013 4918 1320 4986 σωζόμενα.
1363 4934 1381 4967 ι
1425 4915 1576 4995 Εί-δὲ
1617 4915 1693 4984 μὴ
1740 4931 1840 4965 πε-

266 5016 532 5085 φόνευκεν
576 5013 739 5076 εὐθὺς
785 5011 1228 5082 χειρωσάμενος,
1267 5009 1322 5060 τί
1372 5007 1566 5070 τοῦτο;
1619 5007 1841 5076 Πρῶτον

270 5109 372 5178 μὲν
399 5107 508 5175 γὰρ
553 5107 614 5159 οὐ
659 5105 838 5176 χρεὼν
882 5103 1003 5156 ἀντὶ
1053 5101 1168 5153 τῶν
1206 5101 1618 5169 πεπραγμένων
1654 5098 1841 5151 κακῶν

265 5201 335 5254 τὰ
370 5201 446 5269 μὴ
479 5197 850 5266 πεπραγμένα
884 5193 1313 5262 προϐάλλεσθαι·
1339 5194 1401 5244 οὐ
1427 5196 1537 5262 γάρ
1559 5208 1643 5254 τις
1662 5190 1842 5243 οἰκίαν

265 5288 585 5358 ἐμπρήσας,
638 5285 720 5336 ὅτι
778 5283 853 5352 μὴ
913 5281 1066 5332 πόλιν
1117 5279 1245 5349 ὅλην
1293 5279 1620 5349 ἐνέπρησεν,
1668 5278 1842 5337 ἀθῶος

269 5384 420 5449 μένει
457 5379 555 5447 τῆς
601 5375 899 5434 κολάσεως.
949 5372 1212 5441 Δεύτερον
1247 5371 1324 5434 δὲ,
1371 5373 1431 5423 οὐ
1485 5370 1592 5440 γὰρ
1645 5371 1843 5438 μᾶλλον

265 5475 350 5525 διὰ
375 5471 607 5540 θάτερον
634 5468 894 5537 φεύξεται
926 5465 1156 5533 θάτερον
1182 5463 1214 5534 ἢ
1244 5463 1310 5514 δι’
1341 5465 1654 5532 ἀμφότερον
1677 5480 1846 5531 τιμω-

270 5567 391 5634 ρίαν
423 5563 658 5631 ὀφλήσει
679 5559 774 5628 τὴν
810 5559 1003 5628 μείζω,
1035 5551 1114 5631 οἷς
1135 5554 1294 5607 τοῦτο
1327 5556 1424 5624 μὲν
1458 5555 1630 5629 αὐτὸς,
1653 5555 1844 5623 ἔδρασε

270 5658 381 5721 νῦν,
419 5657 600 5708 ἐκεῖνο
627 5652 683 5703 δὲ
711 5651 879 5720 θύραν
907 5649 1089 5708 ἄλλοις
1114 5647 1378 5714 ἀνέῳγεν,
1411 5647 1555 5715 ἔργῳ
1576 5646 1843 5698 διδάσκων

272 5749 333 5798 τὰ
367 5747 542 5816 μείζω
565 5744 662 5796 καὶ
697 5743 816 5794 καθ’
848 5742 976 5811 ὅλης
1017 5738 1324 5806 τολμᾶσθαι
1371 5723 1472 5801 τῆς
1519 5739 1723 5799 πόλεως
1754 5738 1845 5789 λε-

270 5838 536 5907 ληθότως,
579 5834 632 5887 εἴ
671 5851 753 5896 τις
803 5830 1113 5902 προδιδόναι
1141 5827 1410 5896 βούλοιτο·
1451 5827 1844 5898 συγκεχώρηκε

2012 2903 2179 2958 XXII.
2211 2903 2318 2960 Sed
2365 2906 2617 2976 equidem
2663 2908 2762 2964 has
2797 2909 3156 2969 Providentiae
3187 2931 3309 2985 quae
3349 2935 3504 2974 com-

1940 2996 2206 3067 prehendi
2239 3012 2347 3052 non
2389 3008 2567 3068 potest
2598 3000 2842 3055 rationes
2891 3000 3220 3074 investigare
3275 3021 3371 3061 cur
3404 3024 3503 3063 nos

1940 3087 2031 3155 qui
2058 3089 2203 3160 justa
2235 3102 2594 3158 sequeremur
2626 3097 2736 3144 tam
2773 3091 2974 3161 injuste
3014 3093 3083 3148 ab
3115 3095 3374 3162 improbis
3398 3108 3508 3154 tra-

1941 3176 2040 3232 diti
2087 3178 2301 3245 simus,
2343 3193 2575 3248 nequeo.
2619 3180 2822 3236 Tamen
2875 3184 2966 3252 qui
3025 3185 3372 3244 considerate
3422 3205 3510 3245 res

1943 3268 2217 3338 inspicere
2253 3269 2462 3333 volunt,
2495 3285 2558 3325 ea
2589 3287 2708 3340 qua:
2761 3288 2856 3342 per
2888 3287 3106 3328 omnem
3142 3277 3306 3331 vitam
3364 3279 3510 3350 justa

1938 3357 2196 3413 videntur
2225 3363 2456 3415 veritate
2489 3361 2591 3415 niti
2618 3378 2740 3432 quae
2766 3374 2824 3417 ut
2855 3365 2957 3418 alia
2996 3366 3163 3420 multa
3187 3369 3510 3441 plerumque

1938 3464 2040 3504 nos
2092 3449 2275 3516 lateat,
2327 3452 2628 3508 invenient.
2657 3452 2938 3524 Loquatur
2983 3456 3151 3526 igitur
3205 3461 3509 3529 propheta:

1944 3557 1962 3591 ι
2021 3540 2131 3595 Cur
2182 3541 2474 3611 impiorum
2527 3544 2628 3598 via:
2675 3545 2851 3612 plana
2897 3547 3062 3601 sunt?
3112 3566 3130 3599 ι
3165 3550 3411 3621 clamans
3444 3567 3512 3607 ex

1941 3629 2136 3685 intimo
2166 3643 2221 3686 et
2243 3632 2405 3702 pleno
2441 3644 2678 3701 pectore.
2719 3635 2893 3690 Tollat
2931 3651 3149 3707 quoque
3184 3655 3366 3694 vocem
3390 3658 3511 3712 gra-

1936 3736 2058 3776 vem
2094 3738 2246 3778 suam
2280 3725 2452 3792 pietas
2503 3737 2561 3780 ut
2613 3726 2679 3780 iis
2729 3728 2822 3795 qui
2858 3729 3054 3797 punire
3084 3731 3254 3786 veiiut
3307 3732 3512 3801 injusta

1941 3813 2054 3866 haec
2077 3827 2146 3866 ne
2193 3813 2304 3868 sint
2333 3829 2494 3869 causa
2529 3818 2834 3884 pravitatis.
2875 3837 2894 3868 ι
2942 3819 3261 3874 Traduntur
3280 3823 3450 3889 enim,
3490 3845 3505 3872 ι
3606 3824 3624 3834 '

1939 3902 2088 3965 dicit.
2144 3923 2163 3955 ε
2203 3906 2366 3959 etiam
2404 3907 2476 3974 pii
2536 3922 2679 3976 saepe
2732 3909 2988 3980 manibus
3050 3912 3346 3980 impiorum
3401 3929 3510 3969 non

1937 4008 2047 4063 quo
2099 3995 2155 4048 hi
2195 3997 2560 4063 aestimentur,
2596 3999 2692 4052 sed
2735 4013 2845 4068 quo
2876 4002 2950 4055 illi
3007 4003 3324 4071 probentur.
3359 4006 3510 4075 lmpii

1936 4083 2082 4137 enim
2115 4096 2174 4139 ut
2205 4086 2466 4156 scriptum
2498 4098 2598 4153 est,
2631 4098 2754 4158 post
2781 4102 3010 4161 mortem
3041 4084 3231 4163 ptenas
3263 4097 3509 4161 solvent;

1939 4176 2014 4243 pii
2047 4166 2230 4231 autem
2266 4178 2321 4232 in
2349 4178 2460 4233 vita
2488 4180 2788 4235 illudentur
2829 4185 3007 4253 quoad
3052 4186 3144 4240 Dei
3177 4187 3385 4258 justitla
3415 4205 3510 4259 pa-

1939 4266 2124 4322 tiatur.
2155 4269 2412 4339 Utrisque
2449 4282 2571 4341 post
2600 4274 2763 4328 vitam
2791 4276 3004 4344 amplae,
3035 4290 3093 4333 ut
3124 4279 3335 4348 dicunt,
3367 4283 3516 4336 cellae

1941 4361 1992 4411 iu
2020 4362 2220 4429 quibus
2261 4364 2504 4418 facinora
2539 4375 2727 4419 nostra
2753 4368 3034 4422 recondita
3083 4381 3214 4424 sunt
3258 4375 3514 4440 aperien-

1941 4464 2048 4514 tur,
2092 4463 2148 4506 et
2181 4454 2366 4516 verba,
2397 4454 2660 4521 facinora,
2686 4457 2914 4511 consilia
2946 4460 3230 4528 aequaliter
3263 4461 3318 4516 in
3356 4464 3514 4536 165

1864 4571 1916 4628 Β
1944 4543 2148 4598 trutina
2182 4545 2708 4600 examinabuntur'a
2758 4547 2868 4601 Deo
2898 4562 3024 4603 cum
3059 4553 3274 4606 venerit
3309 4554 3514 4622 judicia

1942 4635 2153 4688 laturus
2204 4635 2451 4701 mundo,
2510 4647 2749 4692 mentem
2787 4649 3027 4694 nostram
3086 4657 3150 4696 ac
3201 4658 3286 4698 res
3337 4656 3518 4714 gestas

1943 4725 2281 4782 conferendo
2302 4736 2357 4780 et
2389 4742 2511 4795 quae
2543 4728 2686 4796 apud
2724 4743 2784 4782 se
2831 4731 3066 4799 reposita
3100 4743 3226 4786 sunt
3251 4744 3310 4788 et
3343 4751 3521 4791 asser-

1944 4829 2064 4872 vata
2090 4819 2486 4887 depromendo.
2524 4838 2542 4870 ι
2586 4819 2727 4884 Quid
2760 4837 2912 4887 vero,
2942 4824 2986 4877 si
3034 4824 3123 4880 ille
3161 4841 3272 4879 non
3304 4839 3516 4884 extem-

1945 4910 2034 4978 plo
2073 4925 2177 4978 per.
2192 4909 2298 4963 vim
2332 4911 2536 4965 οωόεηι
2576 4912 2747 4966 fecit?
2780 4912 3025 4969 Primum
3061 4918 3210 4972 nulla
3245 4930 3328 4974 est
3350 4937 3517 4978 causa

1943 5015 2043 5053 cur
2072 5015 2170 5069 pro
2205 5002 2534 5068 perpetratis
2561 5000 2898 5058 facinoribus
2929 5020 3050 5074 quae
3073 5021 3182 5061 non
3207 5019 3520 5078 perpetrata

1945 5092 2054 5146 sint
2089 5091 2451 5161 proferamus.
2486 5093 2677 5162 Neque
2710 5096 2856 5149 enim
2888 5097 2982 5163 qui
3013 5097 3237 5151 domum
3271 5079 3520 5157 incendit

1945 5186 2222 5252 quodnon
2258 5195 2422 5240 tutam
2456 5187 2647 5240 urbem
2688 5187 2935 5241 incendit
2968 5204 3169 5244 vacuus
3219 5207 3379 5261 pceua
3412 5205 3518 5249 est.

1947 5277 2152 5330 Deinde
2181 5287 2387 5341 autem,
2419 5294 2524 5332 non
2558 5288 2781 5347 propter
2796 5279 3026 5334 alterum
3059 5281 3229 5350 fugiet
3261 5285 3518 5349 alterum,

1947 5369 2040 5423 sed
2071 5371 2254 5438 potius
2279 5378 2503 5438 propter
2530 5379 2821 5438 utrumque
2850 5387 3040 5439 pmnas
3061 5373 3294 5442 majores
3322 5378 3518 5431 solvet.

1948 5461 2082 5514 Nam
2115 5462 2259 5531 quod
2311 5464 2470 5515 modo
2503 5463 2616 5529 ipse
2667 5463 2962 5529 cummi-sit,
2993 5464 3046 5518 id
3100 5467 3275 5535 ipsum
3309 5478 3519 5536 portatu

1950 5550 2176 5605 reclusit
2209 5550 2351 5602 aliis.
2382 5549 2603 5603 Summa
2637 5553 2889 5606 conando
2929 5555 3092 5609 etiam
3129 5559 3182 5610 in
3224 5567 3390 5610 totam
3429 5575 3521 5610 ur-

1952 5641 2076 5694 bem
2118 5639 2253 5694 alios
2284 5639 2517 5708 prmivit,
2546 5653 2724 5708 neque
2754 5657 2882 5694 num
2920 5644 3043 5712 quis
3071 5645 3364 5713 aliquando
3397 5661 3519 5700 eam

1952 5732 2272 5802 proditurus
2293 5742 2441 5785 esset
2475 5733 2658 5784 aniino
2689 5735 2990 5801 reputavit;
3025 5736 3148 5789 aliis
3189 5752 3360 5803 pauca
3395 5739 3520 5808 qui-

1953 5825 2077 5878 dem
2119 5826 2416 5889 concessit,
2451 5825 2548 5881 sed
2580 5825 2710 5881 inde
2741 5835 2797 5881 ut
2833 5827 2950 5898 ipse
2977 5828 3208 5897 plurima
3237 5831 3523 5888 commoda
