4070 6326
579 397 682 462 Ξ-Ξ3
731 411 738 416 ’

1785 399 2206 458 ΝΙΕΕΡῙΙΟΒΙ
2246 399 2628 470 GilEGOllE

3755 398 3850 460 1H

574 519 868 585 acciperet.
921 515 1094 568 Nobis
1129 531 1256 569 sane
1294 531 1504 570 summa
1537 517 1778 584 pericula
1821 515 2065 579 immisit,
2111 523 2161 568 et

2275 514 2384 584 γὰρ
2414 514 2726 579 τοῦλαττον,
2779 514 2868 566 ἵνα.
2903 515 3064 576 αὐτὸς
3103 514 3204 585 μὲν
3249 499 3484 586 κερδάνῇ
3515 515 3576 568 τὸ
3627 513 3850 584 μεῖξον,

574 623 674 676 ego
703 607 934 660 antehae
966 615 1192 661 mortem
1227 607 1554 662 occubuisse
1597 607 1778 660 malim
1819 621 1979 673 quam
2019 621 2150 658 con-

579 701 733 751 tinuo
765 713 910 752 nunc
948 697 1070 750 aliis
1107 697 1337 766 turpiter
1369 699 1574 750 servire
1613 707 1667 750 et
1709 697 1858 749 varia
1892 711 2012 764 qua:
2051 711 2152 749 no-

578 791 666 844 bis
702 789 1062 843 admoventur
1111 789 1300 854 mortis
1360 785 1631 842 torm’euta
1665 799 1790 841 ante
1821 788 2009 842 oculos
2061 787 2154 840 ha—

577 883 729 936 bere.
763 869 988 936 Constat
1023 881 1166 934 enim
1218 892 1392 935 morte
1431 883 1598 934 vitam
1643 882 1982 934 acerbiorem
2034 895 2154 934 esse

576 990 701 1028 cum
765 975 912 1028 mille
954 978 1147 1028 mortis
1200 975 1538 1028 cruciatibus
1573 975 1776 1042 repleta
1820 978 1908 1037 sit,
1961 981 2152 1028 contra

577 1069 814 1121 subitam
847 1075 1078 1120 mortem
1125 1067 1228 1119 vita
1291 1066 1572 1121 meliorem
1605 1081 1728 1119 eum
1759 1069 1876 1136 ejus
1916 1069 2150 1134 turpitu-

575 1161 760 1214 dinem
794 1169 848 1213 et
887 1160 1163 1214 tristitiam
1215 1159 1366 1214 tollat
1399 1170 1455 1212 et
1509 1173 1696 1212 secum
1749 1160 1995 1228 sepeliat.
2059 1159 2152 1211 llle

576 1256 719 1308 enim
756 1253 926 1306 verbo
971 1251 1192 1320 quidem
1228 1267 1326 1304 nos
1365 1251 1618 1320 protexit.
1655 1250 1810 1316 Quod
1857 1262 1914 1304 ut
1947 1262 2150 1304 certam

575 1345 922 1400 liberalitatis
955 1359 1066 1398 sua:
1099 1346 1336 1412 Speciem
1372 1343 1600 1397 haberet
1635 1359 1732 1412 per
1783 1357 2062 1412 praecones
2099 1351 2176 1396 et-

575 1429 788 1494 litteras
844 1454 1007 1507 quam
1056 1439 1342 1490 celerrime
1391 1447 1446 1491 et
1497 1452 1620 1490 cum
1657 1445 1880 1505 sumptu
1923 1435 2154 1504 singulis

579 1532 890 1601 quibusque
931 1529 1090 1600 166
1120 1529 1377 1597 gentibus
1426 1527 1773 1591 venditabat;
1811 1541 2004 1580 revera
2059 1543 2154 1579 au-

513 1689 519 1696 _
583 1634 688 1676 tem
715 1623 969 1690 princeps
997 1637 1099 1674 nos
1123 1621 1281 1696 quasi
1310 1635 1502 1672 servos
1528 1619 1802 1672 tractavit.
1841 1617 1996 1684 Quod
2024 1619 2154 1672 fecit

583 1728 640 1769 ut
673 1732 738 1769 eo
770 1713 1162 1780 promissorum
1197 1693 1580 1780 argumentum
1619 1711 1847 1765 haberet
1873 1721 1928 1764 et
1951 1719 2152 1778 quanta

583 1822 678 1859 sua
698 1814 842 1858 esset
867 1806 988 1858 vitae
1007 1804 1273 1873 sapientia
1291 1813 1344 1856 et
1368 1803 1446 1856 rei
1471 1802 1726 1856 militaris
1747 1802 1943 1870 peritia
1972 1814 2155 1855 osten-

2264 608 2396 676 ἡμῖν
2434 607 2488 659 δὲ
2533 608 2659 670 τοὺς
2709 608 3086 677 μακροτέρους
3143 607 3496 684 ἐπικρεμάσῃ
3533 605 3852 678 κινδύνους.

2263 697 2324 769 [1³.
2365 700 2468 754 156
2507 699 2562 770 a]
2599 700 2782 769 Πολλῷ
2815 702 2923 768 γὰρ
2963 702 3110 770 ἥδιον
3147 701 3296 767 ἅπαξ
3327 700 3450 770 ὲμοί
3484 717 3548 769 γε
3587 699 3722 751 τότε
3757 697 3856 750 81-

2261 792 2448 865 vsivﬂi
2483 790 2659 854 ζῶντα
2690 791 2964 844 δουλεύειν
3003 795 3218 863 ἑτέροις
3264 796 3325 846 ὲν
3355 792 3542 862 ἀδοξίᾳ
3569 790 3858 858 διηνεκῶς

2261 881 2355 932 καὶ
2402 880 2707 943 πολυειδεῖς
2763 880 2888 934 καθ’
2917 883 3072 951 ἡμῶν
3125 882 3496 952 πλεκομένους
3548 882 3687 950 ὁρᾷν
3725 882 3860 941 τοὺς

2263 971 2358 1023 τοῦ
2391 973 2623 1026 θανάτου
2655 973 2908 1042 βρόχουςο
2939 971 3079 1026 εἶναι
3125 975 3234 1043 γὰρ
3284 975 3376 1026 καὶ
3417 974 3653 1027 θανάτου
3695 971 3857 1040 ζωήν

2262 1081 2427 1131 φασιν
2461 1067 2820 1135 πικροτέραν,
2857 1068 3018 1118 ὁπότε
3059 1069 3270 1136 μυρίων
3301 1065 3439 1135 αῦτη
3475 1049 3636 1133 γέμει
3671 1064 3856 1116 θανά-

2253 1155 2390 1217 των,
2427 1161 2519 1210 καὶ
2550 1159 2784 1210 θάνατον
2821 1157 2979 1220 αὖθις
3029 1159 3364 1228 αὑθήμερονι
3393 1161 3634 1228 κρείττω
3669 1157 3854 1224 ζωῆς,

2261 1250 2480 1312 ἀδοξίαν
2527 1251 2622 1302 καὶ
2669 1250 2844 1311 λύπας
2895 1251 3066 1320 αὐτῆς
3107 1251 3516 1320 ἀφαιρούμενον
3565 1251 3664 1301 καὶ
3727 1266 3858 1299 συν-

2262 1342 2558 1394 θάπτοντα.
2611 1343 2768 1411 Λόγῳ
2803 1341 2902 1409 μὲν
2937 1342 3048 1410 γὰρ
3099 1343 3371 1411 τετήρηκε
3415 1340 3630 1404 ζῶντας
3671 1340 3854 1408 ἡμᾶς,

2262 1435 2328 1486 ἵν’
2356 1435 2506 1500 αὐτῷ
2537 1434 2738 1503 πιθανὴ
2785 1435 2884 1504 τῆς
2931 1433 3352 1503 φιλανθρωπίας
3385 1434 3418 1502 ἡ
3471 1432 3762 1502 πρόφασις
3795 1426 3854 1502 ᾖ,

2263 1529 2608 1598 καυχωμένφ
2649 1530 2810 1580 ταυτί¹
2851 1528 2938 1580 διὰ
2978 1526 3240 1596 κηρύκων
3290 1543 3349 1578 τε
3392 1525 3487 1578 καὶ
3535 1523 3856 1576 ἐπιστολῶν

2263 1621 2398 1691 πρὸς
2421 1621 2566 1674 ἅπαν
2605 1620 2754 1682 ἔθνος
2779 1621 2904 1672 ὅσον
2937 1619 3159 1686 ἐφικτὸν
3201 1620 3298 1671 σὺν
3353 1618 3500 1687 μάλα
3536 1617 3738 1685 μακρᾷ
3785 1616 3852 1681 τῇ

2263 1714 2474 1784 σπουδῇ
2509 1715 2602 1765 καὶ
2645 1713 2880 1782 δαπάνῃ,
2928 1712 3074 1782 ἔργῳ
3115 1713 3172 1764 δὲ
3224 1711 3352 1773 τοὺς
3391 1710 3660 1770 δεσπότας
3705 1708 3856 1774 ἔχων

2261 1808 2320 1860 ὲν
2356 1806 2708 1876 ἀνδραπόδων
2741 1805 2926 1876 μοίρᾳ,
2957 1804 3221 1857 ὑπόθεσιν
3248 1803 3345 1873 ἔχῃ
3373 1803 3467 1854 καὶ
3497 1799 3659 1853 τοῦτο
3709 1815 3855 1850 καυ-

581 1897 756 1950 deret.
788 1895 1254 1962 Quemadmodum
1277 1895 1330 1948 in
1357 1896 1636 1950 curriculo
1672 1895 1908 1949 victores
1951 1894 2021 1949 ob
2047 1895 2156 1946 vir-

2268 1901 2474 1970 κήσεως
2501 1899 2596 1950 καὶ
2629 1899 2774 1968 μάλα
2809 1898 3028 1966 μακρᾶς
3061 1897 3117 1948 ὲν
3157 1895 3236 1965 τῷ
3287 1895 3384 1964 βίῳ
3429 1892 3620 1958 σοφίας
3671 1889 3852 1943 αὐτοῦ

586 1999 782 2050 tatem,
819 1989 890 2040 ita
919 1989 1010 2042 ille
1035 1988 1128 2042 ubi
1160 2003 1260 2042 nos
1293 1988 1344 2040 in
1382 1987 1748 2042 calamitatem
1801 1986 2158 2040 inciderimus

581 2084 654 2136 ob
679 2082 1036 2136 domesticam
1081 2081 1396 2134 felicitatem
1432 2080 1726 2148 superbiit.
1753 2079 1998 2146 Quorum
2039 2093 2158 2132 om-

583 2175 736 2234 njum
783 2173 1088 2228 certissima
1139 2172 1276 2224 mihi
1317 2181 1445 2224 sunt
1499 2171 1830 2226 testimonia.
1885 2170 2158 2238 Sponsum

585 2269 733 2323 dedit
765 2267 886 2320 filiae
916 2265 1170 2330 invitum,
1207 2273 1260 2319 et
1305 2264 1472 2319 invita
1509 2275 1684 2319 matre
1721 2278 1844 2318 mea
1871 2265 2027 2328 cujus
2075 2277 2162 2317 ra-

583 2360 830 2416 tionibus
860 2373 996 2428 quas
1031 2373 1176 2412 nunc
1210 2355 1408 2410 afferre
1450 2371 1560 2410 non
1613 2356 1764 2419 licet,
1803 2357 1894 2408 ubi
1935 2356 2161 2410 minime

586 2453 800 2516 debuit,
829 2449 1045 2504 omissis
1068 2449 1493 2517 ipsiusmentem
1513 2458 1779 2516 protenus
1805 2456 2026 2502 secutus
2054 2458 2159 2502 est.

585 2545 754 2598 Nobis
799 2543 954 2600 enim
993 2541 1212 2609 publice
1257 2540 1586 2610 gravissimo
1617 2540 1979 2612 jurejurando
2019 2539 2164 2594 aﬂir-

503 2633 510 2636 ’
587 2646 830 2690 inavcrat
875 2633 1014 2686 velle
1047 2647 1105 2687 se
1142 2631 1276 2685 mihi
1305 2623 1514 2699 patrem
1541 2644 1664 2684 esse
1696 2639 1752 2683 et
1781 2631 1930 2700 regni
1961 2631 2164 2700 guber-

584 2727 840 2780 naculum
867 2735 1052 2780 tenere
1085 2724 1260 2779 donec
1292 2723 1361 2778 ad
1413 2723 1736 2778 vicesimum
1788 2739 1992 2776 annum
2037 2739 2166 2792 per-

584 2820 858 2873 venissent
886 2833 900 2881 ;
939 2831 1117 2886 neque
1144 2817 1288 2872 ullus
1308 2832 1374 2871 ex
1407 2816 1582 2886 ipsius
1615 2815 1742 2871 ﬁliis
1777 2818 1844 2870 ad
1873 2817 2162 2886 imperium

585 2912 896 2966 accederet.
950 2909 1058 2964 Sed
1102 2925 1212 2963 non
1253 2909 1428 2964 multo
1479 2917 1602 2978 post
1646 2901 1830 2964 e'ﬂ‘eeit
1865 2911 2160 2966 contraria.

591 3001 724 3066 Quae
761 2997 1121 3070 jurejurando
1153 2998 1478 3066 promiserat
1513 3006 1573 3052 ut
1619 3013 1791 3068 nugas
1831 2999 2163 3053 existimavit

585 3104 641 3146 et
662 3093 810 3146 Atrei
837 3091 1026 3146 'OCllilS
1065 3091 1246 3144 subito
1289 3091 1588 3165 assumptis
1633 3091 1720 3144 me
1765 3091 2012 3160 despexit
2061 3105 2160 3145 nec

586 3186 682 3256 pili
716 3183 938 3253 quidem
967 3182 1155 3236 habuit
1187 3189 1244 3234 et
1283 3191 1542 3250 tanquam
1571 3197 1768 3236 navem
1794 3181 2038 3236 remulco
2079 3197 2163 3235 me

587 3289 774 3328 secum
807 3273 994 3326 traxit.
1043 3271 1170 3324 Suis
1215 3281 1396 3326 autem
1447 3271 1570 3326 filiis
1611 3285 1676 3325 ex
1721 3281 1832 3325 tota
1879 3271 2160 3324 voluntate

589 3360 816 3434 regnum
853 3362 1124 3416 attribuit.
1169 3361 1322 3426 Quod
1357 3361 1510 3416 brevi
1545 3361 1866 3430 priusquam
1898 3375 1992 3429 per
2035 3359 2162 3412 Bar-

575 3455 751 3508 baros
781 3461 974 3507 nactus
1003 3461 1089 3506 est
1119 3450 1485 3504 Barbarorum
1517 3449 1776 3504 manibus
1813 3450 2036 3502 tradidit
2067 3462 2161 3502 aut

588 3559 734 3601 certe
771 3545 989 3599 tradere
1043 3544 1234 3598 voluit.
1278 3545 1468 3613 Neque
1523 3545 1660 3598 clam
1698 3545 1768 3597 iis
1813 3560 2035 3613 regnum
2077 3555 2160 3597 at-

593 3638 786 3692 tribuit
813 3637 884 3690 ita
913 3645 972 3689 ut
998 3637 1245 3690 omnium
1275 3636 1378 3690 sibi
1411 3635 1668 3689 invidiam
1698 3635 1969 3688 excitarit.
1995 3637 2162 3704 Cujus

591 3729 670 3783 rei
723 3729 955 3783 fortasse
988 3740 1116 3780 eum
1161 3727 1354 3795 puduit
1384 3742 1506 3781 eum
1555 3727 1718 3794 paulo
1762 3737 1885 3780 ante
1935 3727 2162 3796 singulis

595 3822 750 3892 167
781 3821 1087 3889 quibusque
1119 3820 1373 3888 gentibus
1427 3829 1534 3873 tam
1573 3821 1742 3874 multa
1775 3821 2048 3889 pollicitus
2075 3835 2162 3873 es-

591 3927 708 3980 set;
737 3923 920 3967 ta‘men
952 3913 1166 3966 occulto
1189 3922 1245 3967 et
1291 3915 1434 3982 quod
1461 3913 1682 3982 quidem
1716 3913 2012 3968 arbitratus
2056 3923 2159 3974 est,

593 4017 664 4080 ita
697 4014 753 4058 ut
788 4021 886 4074 ego
922 4004 1060 4056 nihil
1114 4004 1430 4074 percontari
1458 4019 1626 4060 ausus
1659 4005 1784 4060 sim.
1843 4005 1993 4060 Brevi
2029 4015 2164 4060 tein-

593 4113 725 4168 pore
759 4099 1045 4167 interjeeto
1098 4097 1410 4151 Mtﬂtlncum
1463 4097 1690 4149 fratrem
1726 4096 1791 4150 ad
1853 4114 1940 4151 res
1995 4113 2164 4168 novas

593 4206 924 4258 consurgere
973 4189 1114 4242 fatua
1157 4189 1328 4250 venit,
1377 4201 1483 4255 qua
1519 4189 1761 4240 omnium
1823 4203 1981 4242 aures
2021 4191 2163 4245 clare

597 4284 984 4352 personabant.
1041 4280 1143 4332 Sed
1195 4279 1478 4332 Matthams
1527 4278 1896 4346 spectaculum
1955 4289 2164 4332 tantum

593 4376 861 4443 pra-butt;
896 4373 1040 4438 ipsas
1069 4385 1154 4424 res
1193 4370 1474 4423 moderata
1501 4379 1584 4423 est
1631 4385 1786 4423 mens
1831 4371 2020 4438 patris.
2075 4371 2164 4424 Sic

593 4467 744 4518 enim
777 4463 977 4516 factum
1029 4471 1113 4514 est
1169 4469 1228 4512 ut
1259 4469 1412 4528 pater
1443 4460 1592 4528 pacis
1638 4476 1800 4514 causa
1845 4459 2006 4514 modo
2060 4459 2164 4514 hoc

2262 1994 2358 2046 καὶ
2388 1989 2770 2060 στρατηγικῆς
2811 1989 3128 2058 ἐμπειρίας,
3165 1987 3358 2053 ὥσπερ
3393 1987 3441 2038 οἱ
3475 1986 3535 2036 ὲν
3581 1983 3857 2050 ίπποδρο-

2265 2083 2418 2151 μίαις
2451 2081 2550 2150 τὴν
2573 2080 2826 2147 ἱππικὴν,
2859 2077 3032 2138 οὕτως
3057 2076 3243 2136 αὐτὸς,
3267 2075 3388 2133 ταῖς
3409 2072 3565 2140 ἡμῶν
3589 2071 3854 2136 δυσπρα-

2261 2177 2410 2243 γίαις
2462 2174 2562 2244 τὴν
2615 2171 2826 2225 οἰκείαν
2883 2172 3056 2240 ὀφρὺν
3096 2167 3528 2233 ἐνδεικνύμενος.
3583 2162 3695 2216 Καί
3755 2179 3856 2230 μοι

2261 2270 2368 2321 τῶν
2391 2267 2701 2335 λεγομένων
2735 2265 3019 2332 μάρτυρας
3045 2261 3113 2314 τὰ
3143 2260 3270 2330 ἑξῆς
3300 2257 3574 2326 ἀψευδεῖς.
3623 2256 3855 2321 Ἥγαγε

2263 2361 2374 2430 γὰρ
2407 2362 2498 2412 ἐπὶ
2529 2358 2758 2428 θυγατρί⁵
2787 2357 3039 2427 γαμϐρὸν
3071 2354 3278 2408 ἄκοντα
3309 2353 3404 2405 καὶ
3447 2351 3592 2420 μάλα
3636 2349 3856 2418 ἥκιστα

2263 2453 2364 2520 τῆς
2415 2453 2554 2521 ἐμῆς
2607 2450 2940 2519 βουλομένης
2985 2448 3192 2518 μητρὸς
3243 2446 3310 2499 δι’
3357 2443 3424 2508 ἃς
3475 2441 3735 2496 ὲκλαλείν
3787 2440 3854 2493 οὐ

2266 2543 2421 2610 θέμις
2460 2541 2661 2604 αἰτίας,
2711 2535 2784 2593 ὧν
2829 2541 2890 2592 τὸ
2935 2541 3252 2611 ἀπόρρητον
3295 2537 3458 2598 αὐτὸς
3488 2534 3630 2589 ἑκὼν
3661 2549 3855 2600 παρα-

2265 2637 2474 2704 τρέχων
2503 2634 2631 2686 εὐθὺ
2657 2634 2766 2685 τῶν
2796 2634 2944 2702 αὐτῷ
2981 2631 3375 2700 σκοπουμένων
3410 2619 3652 2690 ἐϐάδιζε.
3683 2627 3770 2680 T2
3805 2626 3854 2679 δ’

2262 2723 2332 2797 ἦν
2361 2728 2442 2778 ὃτι
2489 2725 2784 2796 φρικώδεις
2823 2727 2959 2794 ἡμῖν
3008 2721 3378 2794 παρεσχηκὼς
3405 2720 3644 2790 δημοσίᾳ
3681 2719 3857 2770 πνεύ-

2270 2836 2472 2881 σαντας
2505 2820 2704 2889 ὅρκους
2751 2815 2893 2870 εἷναί
2939 2818 3228 2885 τευπατὴρ
3264 2817 3388 2884 ἐμοὶ
3433 2815 3527 2867 καὶ
3571 2812 3854 2882 συμϐασι-

2267 2913 2446 2965 λεύειν
2481 2913 2640 2983 ἄχρις
2689 2915 2755 2966 ἂν
2789 2913 2846 2974 ἐς
2897 2913 2988 2963 τὸν
3015 2911 3259 2964 εἰκοστὸν
3301 2909 3360 2976 ἐξ
3387 2907 3607 2977 ἐφήϐων
3640 2908 3725 2976 ἴδῃ
3783 2923 3854 2974 με

2269 3006 2720 3073 παραγγέλλοντα
2765 3003 2988 3073 χρόνον,
3041 3003 3268 3072 μηδενὸς
3317 3001 3426 3054 τῶν
3465 3001 3626 3054 υίέων
3677 2999 3854 3052 αὐτοῦ

2255 3101 2334 3166 ητῇ
2369 3097 2618 3167 βασιλείᾳ
2647 3097 3024 3166 τολμήσαντος
3055 3095 3305 3149 ὁπωσοῦν
3337 3095 3708 3158 ἐπιτίθεσθαι,
3743 3093 3776 3144 ὁ
3809 3091 3853 3146 δ’

2267 3190 2368 3242 οὐκ
2403 3191 2488 3251 εἰς
2520 3189 2737 3259 μακρὰν
2783 3190 3043 3259 ἐπέραινε
3087 3189 3367 3252 τάναντία,
3394 3187 3558 3256 λῆρον
3595 3187 3856 3248 ἅπαντας

2270 3281 2622 3350 ἡγησάμενος
2643 3281 2838 3350 ὅρκους
2864 3281 3126 3344 ἐκείνους.
3153 3281 3267 3334 Καὶ
3291 3281 3388 3350 μὲν
3411 3280 3474 3350 δὴ
3497 3281 3592 3332 καὶ
3608 3279 3856 3346 Ἀτρέως

2241 3375 2472 3443 Δὄμματ’
2507 3375 2670 3436 εὐθὺς
2689 3373 2950 3444 είληφὼς,
2987 3375 3086 3443 ἐμὲ
3127 3375 3226 3442 μὲν
3255 3375 3312 3426 ἐν
3353 3375 3519 3442 καρός
3545 3390 3602 3424 τε
3636 3373 3860 3426 ἐτίθετο

2275 3469 2461 3537 μοίρᾳ,
2506 3468 2600 3520 καὶ
2624 3466 2812 3537 ὥσπερ
2857 3467 3042 3520 ὁλκάδι
3072 3468 3322 3535 ἐφόλκιον
3369 3467 3600 3518 ’ἐπεσθαί
3632 3467 3680 3517 οξ
3714 3482 3858 3535 προ-

2273 3561 2532 3623 σέταττε,
2584 3563 2694 3621 τοῖς
2751 3559 2795 3611 δ’
2839 3562 3016 3613 υἱέσιν
3069 3561 3220 3621 ὅλαις
3271 3561 3471 3627 Ψήφηις
3520 3559 3701 3628 ψυχῆς
3759 3557 3856 3611 τὸν

2273 3650 2544 3720 βασίλειον
2569 3651 2782 3721 διένεμε
2819 3653 3042 3722 κλῆρον,
3071 3653 3129 3705 ὃν
3160 3654 3216 3714 ές
3242 3653 3300 3704 τὸ
3331 3651 3470 3704 πάνυ
3501 3652 3675 3722 βραχὺ
3714 3652 3855 3719 πρὶν

2271 3739 2302 3807 ἢ
2337 3742 2628 3807 κατασχεῖν
2655 3741 2742 3792 διὰ
2779 3741 3108 3812 βαρσάρων,
3145 3744 3198 3804 ἐς
3235 3742 3529 3812 βαρϐάρων
3579 3742 3752 3812 ἤλασέ
3787 3757 3852 3793 τε

2273 3833 2466 3900 χεῖρας
2491 3833 2588 3883 καὶ
2621 3832 2870 3884 ἐλαύνειν
2905 3833 3120 3902 ἔμελλε.
3153 3835 3376 3902 Διένεμε
3412 3833 3455 3886 δ’
3489 3829 3588 3885 οὐκ
3621 3837 3856 3884 ἐκκεκα-

2270 3922 2588 3990 λυμμένως,
2624 3921 2762 3974 ὥστε
2787 3925 2882 3976 καὶ
2914 3925 2967 3982 ὲς
2989 3923 3247 3994 δημόσιον
3270 3925 3464 3992 ῥυῆναι
3499 3925 3589 3976 τὸν
3627 3923 3854 3992 ἔλεγχον
3913 3981 3916 3984 Α

2273 4014 2652 4084 περιφάνειαν,
2683 4016 3071 4087 αίσχυνόμενος
3107 4017 3237 4078 ίσως
3277 4019 3374 4086 τὴν
3415 4016 3640 4084 ἔναγχος
3671 4017 3853 4085 ὀφρὺν

2271 4107 2370 4178 τῆς
2404 4112 2462 4170 ἐς
2506 4109 2652 4162 ἅπαν
2689 4109 2838 4171 ἔθνος
2867 4111 3208 4179 καυχήσεως,
3240 4109 3374 4161 ἀλλὰ
3413 4109 3598 4178 κρύφα
3639 4110 3734 4160 καὶ
3772 4109 3854 4179 μὴ

2274 4199 2604 4268 τολμῶντος,
2629 4201 2704 4262 ὡς
2731 4200 2856 4270 ᾤετ’
2880 4203 3060 4265 αὐτὸς,
3093 4201 3226 4271 ἐμοῦ
3265 4201 3324 4253 τὸ
3355 4203 3620 4271 παράπαν
3657 4201 3856 4254 αἰσθὰ-

2273 4292 2481 4346 νεσθαι.
2537 4293 2703 4346 Οῦπω
2761 4293 2966 4364 βραχύς
3009 4311 3091 4356 τις
3141 4291 3433 4363 προῦᾶαινε
3491 4294 3706 4362 χρόνω,
3753 4297 3854 4346 καὶ

2272 4382 2614 4446 ἁποστασίας
2649 4383 2916 4453 τάδελφοῦ
2952 4401 3042 4454 μοι
3075 4385 3353 4437 Ματθαίου
3396 4385 3590 4452 συχνὰς
3623 4387 3657 4452 ὴ
3688 4387 3850 4454 φήμη

2275 4477 2518 4543 φέρουσα
2561 4477 2747 4528 πᾶσαν
2797 4477 2965 4545 ἀκοὴν
3006 4478 3259 4546 περιήχει
3299 4477 3588 4546 λαμπρῶς.
3625 4480 3735 4530 Καὶ
3779 4475 3852 4546 ἦν

595 4557 757 4609 modo
791 4555 923 4608 illud
965 4553 1318 4606 conceden‘do
1369 4552 1478 4605 lilio
1513 4555 1714 4606 sensim
1761 4562 2029 4622 quotquot
2074 4569 2160 4607 re-

2275 4568 2555 4621 Ματθαίου
2613 4569 2712 4635 μὲν
2747 4569 2806 4620 τὺ
2844 4570 3048 4638 δρᾶμα,
3077 4571 3135 4621 τὸ
3169 4571 3211 4622 δ’
3261 4571 3379 4622 ὅλον
3410 4575 3724 4640 οἰκονομικὴ
3767 4589 3852 4633 τις

595 4649 693 4718 giae
723 4645 1008 4715 potestatis
1047 4644 1281 4713 insignia
1313 4655 1442 4699 sunt
1477 4645 1749 4698 addixerit
1771 4647 1887 4700 solo
1921 4661 2164 4715 gemmeo

595 4739 790 4806 capitis
829 4745 1024 4790 ornatu
1076 4747 1322 4803 excepto.
1379 4737 1452 4790 De
1487 4737 1590 4790 hoc
1627 4739 1894 4792 nihildum
1945 4739 2163 4808 quidem

597 4831 810 4894 statuit,
845 4831 938 4883 sed
991 4829 1134 4897 quod
1181 4845 1210 4882 ιι
1247 4829 1702 4898 promissionibus
1731 4831 1984 4899 apparuit
2027 4833 2165 4885 bene

595 4927 837 4993 speravit
884 4936 938 4976 et
973 4933 1030 4974 ut
1067 4921 1373 4976 efficeretur
1405 4923 1514 4990 jam
1571 4923 1916 4991 praeparavit.
1953 4924 2058 4977 Sed
2109 4933 2167 4976 ut

595 5033 786 5070 eorum
819 5033 939 5083 qua:
980 5015 1178 5069 deinde
1211 5015 1352 5068 facta
1393 5027 1518 5068 sunt
1553 5017 1718 5068 multa
1751 5018 2165 5083 pra-terminum

595 5119 652 5161 et
694 5108 760 5158 de
803 5107 902 5160 bac
936 5105 992 5159 re
1021 5120 1189 5172 pauca
1243 5105 1536 5173 proferam,
1567 5122 1676 5174 quo
1727 5109 1943 5162 tandem
1985 5110 2168 5172 animo

599 5215 682 5253 ine
737 5199 902 5253 fuisse
937 5200 1160 5268 putatis,
1195 5213 1320 5252 cum
1355 5213 1442 5252 me
1493 5201 1584 5266 qui
1619 5199 1782 5254 dotuo
1820 5216 1927 5252 non
1981 5203 2167 5269 prodi-

599 5307 714 5345 rem
771 5292 860 5343 ilie
909 5293 1182 5344 concitato
1212 5305 1353 5359 equo
1409 5299 1464 5344 et
1513 5291 1698 5344 animo
1747 5292 2006 5346 advolans
2039 5303 2168 5346 ante

598 5385 744 5436 fores
777 5397 924 5436 meas
965 5397 992 5434 a
1051 5383 1273 5436 sublimi
1307 5383 1436 5436 sede
1487 5397 1584 5436 sua
1619 5397 1812 5451 magna
1845 5399 1969 5438 cum
2021 5385 2170 5437 inso-

597 5475 764 5530 lentia
801 5474 1110 5542 inereparet
1139 5491 1246 5542 qua
1289 5491 1395 5529 non
1447 5476 1603 5529 facile
1639 5479 1763 5545 quis
1815 5477 1867 5529 in
1901 5489 2170 5530 armenta-

599 5567 752 5620 rium.
773 5565 1204 5629 insultet?Quod
1235 5575 1289 5619 tu
1313 5583 1530 5636 quoque
1549 5583 1671 5622 cum
1692 5570 1804 5622 haec
1831 5570 2004 5638 palam
2033 5571 2172 5622 facta

596 5660 708 5712 sint
741 5675 846 5712 non
897 5662 1140 5728 negabis.
1202 5660 1512 5714 Recordare
1557 5663 1816 5731 triumphi
1859 5679 2019 5731 quem
2081 5677 2170 5715 rex

603 5753 900 5818 quotannis
929 5752 1109 5804 facere
1168 5753 1325 5805 solet.
1357 5751 1490 5806 Cum
1543 5771 1638 5806 vos
1673 5755 1823 5808 illum
1879 5757 2024 5826 regio
2062 5757 2174 5810 dia-

611 5842 823 5896 demate
857 5853 1107 5896 ornatum
1144 5847 1487 5912 permovistis
1524 5857 1580 5900 ut
1629 5864 1842 5901 mecum
1873 5849 2092 5916 publice
2121 5849 2175 5903 in

2273 4662 2507 4728 πατρίου
2531 4662 2692 4730 δόξης
2724 4663 2961 4715 ἐπίνοια·
2999 4663 3086 4714 διὰ
3116 4664 3222 4733 γὰρ
3241 4664 3348 4714 τῶν
3374 4666 3630 4714 τοιούτων
3656 4664 3851 4732 ἐκείνῳ

2271 4752 2365 4803 νῦν
2401 4753 2500 4820 μὲν
2549 4755 2689 4819 τόδε,
2749 4753 2843 4805 νῦν
2885 4753 2930 4804 δ’
2959 4755 3146 4822 ἓτερον
3183 4755 3410 4822 εἰρήνης
3462 4753 3622 4823 δῆθεν
3666 4740 3850 4806 εἵνεκα

2273 4849 2662 4914 συνεχωρεῖτο,
2716 4847 2810 4897 καὶ
2861 4847 3020 4899 πάνθ’
3065 4847 3194 4913 ἑξῆς
3227 4847 3398 4898 ὁπόσα
3440 4848 3536 4912 τῆς
3569 4847 3852 4914 βασιλείας

2271 4938 2532 5004 ἐπεφύκει
2572 4937 2820 5002 σύμϐολα
2861 4939 2999 5006 πλὴν
3028 4938 3124 5004 τῆς
3149 4939 3522 5008 λιθοκολλήτου
3555 4941 3724 5006 μόνης
3755 4955 3852 4988 κα-

2271 5031 2333 5080 λύ
2350 5047 2538 5096 πτρας.
2577 5029 2741 5082 Οῦπω
2773 5033 2881 5100 γὰρ
2917 5035 2993 5092 εἰς
3037 5032 3149 5099 φῶς
3181 5033 3271 5082 καὶ
3309 5039 3456 5084 τουτί
3488 5033 3850 5102 προεληλύθει

2276 5137 2334 5171 το
2365 5121 2609 5189 σκέμμα,
2643 5122 2700 5171 ἐν
2734 5122 3094 5188 ἐπαγγελίαις
3119 5123 3163 5175 δ’
3198 5120 3290 5176 οὖν
3325 5125 3849 5194 ἐγαὶ.ακτοτρο’ρε;το

2277 5215 2369 5260 καὶ
2401 5211 2580 5274 τοῦτο,
2613 5212 2708 5262 καὶ
2744 5211 2845 5281 ἤδη
2881 5212 3244 5283 προῦπεμπεν
3293 5217 3348 5278 ἐς
3377 5216 3436 5268 τὸ
3471 5217 3848 5286 παρρησιαζό-

2278 5295 2456 5368 μενον.
2497 5305 2600 5354 Καὶ
2631 5304 2716 5354 ἵνα
2781 5307 2846 5358 τὰ
2883 5293 3050 5358 πλείω
3079 5299 3188 5378 τῷν
3249 5309 3430 5376 μέσων
3469 5309 3686 5376 ἀφελὼν
3719 5311 3849 5362 ὑπο⁸

2283 5393 2474 5460 μνήσω
2509 5393 2713 5462 βραχέα
2749 5399 2842 5446 καὶ
2871 5403 3000 5467 περὶ
3031 5398 3244 5462 τούτου,
3279 5399 3342 5470 [ί.
3385 5397 3488 5451 156
3522 5399 3576 5470 b]
3625 5402 3748 5452 τίνα
3781 5419 3848 5472 με

2276 5485 2454 5554 ψυχὴν
2487 5485 2630 5552 ἔχειν
2663 5487 2903 5556 ᾠήθητε,
2936 5489 3100 5540 ὁπότε
3139 5493 3303 5558 μήπω
3333 5507 3402 5560 με
3447 5492 3540 5542 τοῦ
3573 5493 3847 5559 δωματίου

2280 5576 2584 5645 προϐάντα,
2623 5577 2825 5640 πάσαις
2859 5581 3032 5650 ἡνίαις
3059 5575 3284 5641 ’ἐκεῖνος
3322 5581 3490 5632 ἵππου
3535 5587 3628 5635 καὶ
3677 5585 3847 5653 θυμοῦ

2281 5668 2606 5734 φερόμενος,
2656 5669 2760 5737 πρὸ
2792 5675 2898 5721 to};
2932 5671 3108 5739 θυρῶν
3155 5673 3262 5721 τῶν
3315 5673 3464 5739 ἐμῶν
3515 5673 3606 5738 ἀρ’
3648 5675 3846 5742 ὑψηλοῦ

2281 5761 2588 5828 καθήμενος
2625 5760 2848 5830 ῦὸρεσιν
2881 5765 3070 5814 ἕπλυνε
3105 5767 3247 5830 μάλα
3290 5769 3549 5834 μακραῖς,
3581 5774 3671 5817 καί
3714 5773 3848 5828 οιεκς

2282 5855 2420 5903 κατὰ
2453 5857 2718 5924 βοηὶατου
2764 5857 3074 5924 χρήσασθαί
3133 5877 3206 5920 ιις
3245 5859 3564 5928 αἰσχυνθείη
3609 5859 3694 5912 ἄν.
3747 5865 3846 5915 Καὶ
