4070 6326
174 5934 187 5963 ἱ

206 1047 464 1133 ’προδότῃ
493 1053 738 1119 γίνεσθαι
773 1055 1065 1126 βασιλείας.
1093 1060 1230 1131 ὁμοῦ
1287 1064 1382 1116 καὶ
1436 1063 1606 1137 ζωῆς,
1665 1068 1801 1134 μηδὲ

218 385 332 452 145
1213 382 1655 460 ΒῩΖΑΝΤῙΝίΕ
1698 400 1795 460 Hi!

1900 402 2082 463 ΠὶῐςΕ
2128 407 2265 469 LIB.
2314 409 2560 472 XXVII.
3403 417 3502 480 1'16

217 498 529 567 ἀρνηθείης
564 499 784 565 πάντως
836 500 937 556 οὐκ
991 502 1057 557 ἂν
1088 505 1198 559 οὐδ’
1247 509 1408 579 αὐτὴ,
1444 512 1681 584 δημοσίᾳ
1711 513 1795 565 τοί

1913 517 2006 571 illo
2040 522 2352 587 spectaculo
2415 523 2760 593 procederet,
2814 541 2915 595 ego
2948 541 3081 581 vero
3128 541 3251 579 cum
3289 530 3501 597 imperii

216 589 561 659 πράγματος
610 593 922 661 γεγονότος.
967 590 1138 650 Οἶσθα
1186 596 1296 670 γὰρ
1340 602 1434 654 τὸν
1467 603 1675 674 συνήθη
1712 606 1795 657 καῖ

1916 618 1973 663 et
2004 611 2152 665 'vitte
2184 627 2320 668 mea:
2355 589 2603 683 proditor
2635 615 2751 685 ipse
2782 589 2902 671 esse
2956 616 3181 682 nollem,
3217 600 3396 686 neq'ue
3431 618 3501 670 ob

216 681 466 751 ἐτήσιον-
510 683 628 746 τοῖς
677 683 954 753 βασιλεῦσι
1004 687 1264 757 δαφναῖον
1312 688 1601 763 θρίαμϐον,
1646 697 1795 749 ὁπότε

1918 700 2220 766 tristitiam,
2254 719 2322 757 ne
2351 681 2530 759 dicam
2565 706 2637 760 ob
2656 681 2934 776 pudorem
2976 709 3137 779 168
3182 717 3237 763 et
3288 725 3503 780 pompae

218 770 537 839 βασιλικοῖς
579 775 683 844 μὲν
732 777 896 844 ὑμεῖς
924 781 1089 835 αὐτὸν
1122 784 1464 852 ἠτοιμάσατε
1506 787 1795 858 διαδήμασι

1919 792 2235 860 ridiculum,
2265 795 2428 849 domo
2456 788 2679 866 prodire
2730 798 2782 853 in
2825 800 3009 856 animo
3067 802 3349 866 haberem,
3385 804 3501 858 haec

213 865 579 935 κοσμηθέντα
625 868 865 941 δημοσίᾳ
919 889 1010 943 μοι
1063 868 1582 948 συμπανηγυρίζειν
1631 882 1795 934 ὲκεῖνε

1916 898 2111 952 passus
2167 901 2307 939 sum.
2362 886 2463 942 llic
2519 898 2701 944 autem
2753 893 2918 946 etiam
2973 904 3164 962 postea
3218 897 3503 950 occultum

212 956 284 1006 τὸ
314 955 572 1029 θέατρον,
608 959 734 1029 ἐμοὶ
757 961 807 1014 δ’
832 963 933 1017 οὐκ
959 964 1275 1038 ἀνεχομένῳ
1303 970 1403 1040 τῆς
1434 972 1578 1041 ἐμῆς
1622 974 1795 1026 ἑκοντῖ

1911 975 2099 1030 odium
2136 978 2271 1031 tulit
2316 988 2377 1033 ut
2407 980 2654 1049 expleret
2708 972 2833 1036 eum
2892 986 2945 1037 in
2975 955 3083 1039 Ime
3133 1001 3300 1055 aquo
3351 987 3502 1041 nulla

1913 1067 2111 1137 injuria
2152 1069 2382 1124 aﬂ'ectus
2405 1080 2544 1126 erat.
3276 1128 3288 1150 ,

214 1139 319 1193 τοῦ
388 1144 663 1213 δωματίου
715 1149 1037 1219 προϐαίνειν
1086 1154 1530 1229 προθυμουμένῳ
1604 1160 1694 1214 διὰ
1740 1159 1841 1231 τήν
1881 1162 2062 1229 λύπην
2120 1163 2285 1233 (ὀκνῶ
2332 1165 2441 1235 γὰρ
2488 1166 2758 1238 αἰσχύνην
2836 1171 3014 1223 εἰπεῖν
3072 1174 3167 1226 καὶ
3206 1139 3502 1245 θεατρικὴν

214 1235 506 1306 ἀτοπίαν),
546 1240 616 1293 τὰ
647 1241 824 1296 τοιαδὶ
869 1244 1200 1301 πεπονθέναι
1233 1251 1631 1320 συμπέπτωκε.
1688 1255 1798 1306 Καὶ
1835 1254 1956 1307 δέον
2028 1257 2085 1317 ἐς
2150 1256 2433 1327 ἐκδίκησιν
2465 1235 2823 1333 τῆς-βόρειος
2856 1265 2949 1316 τὸν
2995 1265 3176 1318 κοινὸν
3206 1235 3499 1338 διαναστῆο

217 1344 317 1382 ναι
351 1330 589 1400 πατέρα,
623 1334 651 1386 ό
679 1333 737 1387 δὲ
766 1337 862 1392 καὶ
895 1339 1225 1408 μετόπισθεν
1280 1345 1408 1417 ἔσχε
1448 1349 1627 1414 κότον,
1657 1348 1802 1419 ὄφρα
1844 1351 2061 1421 τελέσῃ,
2095 1355 2239 1407 κατὰ
2273 1352 2366 1405 τοῦ
2401 1356 2568 1424 μηδὲν
2602 1330 2916 1422 ἀδικοῦντος
2948 1360 3107 1429 ἐμοῦ.

294 1420 425 1479 Kl".
443 1423 606 1479 Ἀλλὰ
622 1427 677 1481 τί
702 1445 769 1498 με
788 1429 871 1483 δεῖ
884 1431 953 1484 τὰ
968 1434 1105 1487 πᾶσι
1122 1435 1241 1506 δῆλ’
1257 1438 1607 1511 ἀναμετρείνς
1634 1442 1814 1494 Ἐκεῖ-

218 1514 318 1570 θεν
346 1516 458 1587 γὰρ
482 1519 731 1573 ἐκποδών
763 1537 833 1592 με
880 1527 1056 1581 ποιεῖν
1105 1528 1526 1602 βουλευσαμένῳ
1572 1534 1648 1603 τῷ
1680 1551 1809 1588 πεν-

213 1606 368 1677 θερῷ
401 1608 501 1698 τῆν
522 1612 786 1683 ταχίστην
841 1632 909 1686 με
957 1618 1366 1689 διαχρήσασθαι
1394 1625 1599 1679 Δτούτου
1629 1627 1811 1698 παρῄ-

211 1712 348 1748 νουν
375 1698 423 1750 οἱ
448 1697 551 1765 τῆς
584 1699 662 1770 (l)
699 1701 1026 1776 Παλαμικῆς
1069 1709 1229 1780 δόξης
1256 1713 1581 1782 αἱρεσιῶται
1608 1732 1623 1748 ’
1656 1697 1809 1771 τουτὶ

170 1815 185 1825 -
212 1790 331 1892 γαρ
364 1789 424 1841 ἓν
459 1789 657 1897 βριαχεῖ
696 1793 796 1865 τὴν
834 1796 967 1864 ὅλην
1016 1798 1164 1873 ἔχειν
1204 1802 1444 1871 ἔφασκον
1476 1807 1805 1879 ἀπαλλαγὴν
1837 1842 1879 1897 Β

211 1880 321 1962 τῆς
350 1883 452 1954 τὴν
489 1883 621 1955 ὅλην
652 1886 721 1939 δι’
746 1887 846 1958 ἐμὲ
873 1889 1052 1962 ψυχὴν
1081 1894 1416 1968 ἀσχολούσης
1450 1899 1598 1970 αύτῷ
1637 1919 1803 1972 φρον-

209 1973 385 2037 τίδος.
427 1976 534 2030 και
591 1977 917 2050 τούγκλημα
963 1984 1111 2040 λύειν
1152 1990 1311 2043 αὐτοὶ
1358 1993 1495 2062 πρὸς
1524 1994 1807 2049 Θεὸνύπ-

212 2066 514 2155 ισχνοῦντο
543 2073 761 2138 μεσῖται
799 2074 1142 2146 γιγνόμενοι.
1174 2064 1335 2135 Τοῦτ’
1366 2078 1554 2154 ἔμοιγε
1593 2086 1804 2155 βέλτιον

208 2155 275 2208 ὃν
316 2158 420 2211 οὐκ
474 2154 574 2214 οἷδ’
601 2163 750 2228 ὅπως
781 2167 948 2231 αὐτὸς
996 2172 1100 2224 οὐκ
1143 2173 1381 2243 ἠθέλησε
1437 2177 1591 2248 δρᾷν.
1647 2178 1806 2250 Ἐμοὶ

212 2251 321 2320 μὲν
369 2252 481 2322 γὰρ
538 2249 687 2325 εἶχεν
742 2258 807 2311 ἄν
862 2278 978 2336 πως
1031 2265 1355 2338 ἀπαλλαγὴν
1404 2269 1514 2323 τῶν
1565 2249 1805 2341 ὲξῆςντδ

210 2343 459 2425 πρᾶγμα
490 2345 705 2413 δεινῶν,
736 2351 888 2421 αύτῷ
933 2352 981 2407 δ’
1016 2355 1326 2425 ἀνθρώπων
1369 2360 1434 2413 ἄν
1470 2377 1588 2426 πως
1626 2365 1806 2418 ἁπάνο

210 2450 328 2488 των
372 2437 604 2501 δνειδος.
655 2442 746 2495 Διὸ
782 2447 877 2498 καὶ
921 2446 1127 2516 τρόπον
1181 2448 1551 2522 ξυννενοηκὼς
1600 2457 1801 2527 εὐπρε-

216 2530 511 2599 πέστερον,
545 2533 1131 2610 ὑπερόριονηπατρῖδος
1166 2545 1262 2596 καὶ
1294 2544 1591 2615 βασιλικῶν
1625 2552 1802 2604 ἐπαύ-

215 2622 356 2674 λεων
378 2624 706 2696 ἀπειληφὼς
726 2628 784 2691 ἐς
816 2627 1221 2703 Θεσσαλονίκην
1238 2618 1524 2707 ἀπήνεγκε
1546 2639 1799 2710 τάχιστα,

221 2713 439 2783 μητρὸς
465 2716 568 2786 μὲν
600 2720 696 2772 καὶ
726 2724 989 2789 γυναικὸς
1028 2725 1260 2796 ἔρημον,
1297 2729 1402 2782 ὑπὸ
1442 2733 1697 2801 φρουροῖς
1744 2733 1802 2787 δὲ

214 2809 314 2859 καὶ
345 2808 578 2877 φύλαξιν
607 2813 684 2877 ὡς
716 2815 913 2887 νήπιον
945 2820 1063 2874 ἐκεῖ
1090 2823 1183 2875 τὸν
1217 2824 1510 2894 εἰκοσαετῆ
1551 2829 1645 2883 καὶ
1667 2830 1799 2882 παί-

213 2896 324 2950 δων
369 2898 476 2970 ῆδη
513 2902 728 2975 πατέρα
792 2924 861 2977 με
913 2912 1263 2966 καταστάντα
1316 2916 1799 2984 παιδαγωγεῖσθαι

217 2995 611 3064 προστεταχὼς
640 2999 699 3050 ἑν
723 2999 947 3071 ἀδέσμῳ
975 3004 1115 3067 τέως
1145 3009 1360 3078 εἱρκτῇ·
1394 3013 1487 3064 καὶ
1525 3010 1669 3066 οὕτω
1701 3014 1799 3083 τὴν

214 3079 360 3150 ἐμὴν
413 3084 689 3175 ἀπουσίαν
748 3091 1110 3162 εὐπρόσωπον
1177 3098 1463 3168 εὐκαιρίαν
1511 3098 1592 3166 οἷς
1641 3101 1798 3158 ὧδινε

1931 1430 1945 1435 ’
1983 1442 2176 1513 XXI“.
2238 1444 2343 1499 Sed
2386 1448 2519 1514 quid
2573 1464 2697 1520 quae
2744 1452 2880 1507 satis
2915 1453 3174 1509 omnibus
3224 1467 3355 1513 nota
3391 1458 3501 1515 sint

1906 1537 2272 1604 expromam?
2307 1538 2512 1593 Deinde
2560 1540 2706 1596 enim
2736 1557 2991 1601 socerum
3038 1562 3165 1602 cum
3222 1532 3500 1619 quomodo

1905 1641 1936 1679 e
1970 1627 2152 1681 medio
2203 1643 2289 1683 me
2323 1629 2537 1686 tolleret
2589 1647 2777 1688 secum
2832 1636 3228 1705 meditaretur,
3266 1642 3500 1699 Palamae

1905 1718 2129 1772 asseclae
2160 1727 2219 1771 ut
2274 1736 2438 1790 quam
2482 1722 2770 1780 celerrime
2819 1741 2908 1781 me
2962 1740 3188 1795 necaret
3221 1732 3499 1789 adhortati

1906 1818 2055 1863 sunt.
2093 1810 2231 1865 Nam
2260 1810 2333 1866 ita
2354 1829 2480 1868 eum
2513 1813 2670 1869 brevi
2694 1815 2763 1871 ab
2797 1819 2946 1873 omni
2985 1820 3157 1875 animi
3203 1832 3351 1878 metu
3387 1840 3500 1894 quo

1909 1911 2136 1971 propter
2169 1918 2256 1958 me
2301 1915 2622 1961 vexaretur-
2651 1906 2875 1964 liberari
2929 1911 3314 1981 afﬁrmabant;
3350 1915 3501 1985 ipsos

1906 1999 2091 2046 autem
2122 1993 2333 2048 crimen
2369 1996 2634 2064 precibus
2659 1998 2774 2053 suis
2804 2001 2946 2070 apud
2980 2003 3153 2058 Deum
3177 2008 3498 2074 expiaturus

1905 2095 2047 2136 esse.
2086 2081 2241 2149 Quod
2283 2085 2419 2139 mibi
2461 2101 2591 2141 sane
2647 2091 2915 2158 optimum
2968 2078 3165 2149 fuisset
3221 2106 3276 2150 et
3307 2099 3497 2153 nescio

1907 2188 2004 2227 cur
2037 2174 2221 2231 lacere
2248 2176 2510 2232 noiuerit.
2544 2177 2679 2233 Nam
2707 2180 2993 2238 liberasset
3022 2201 3109 2239 me
3142 2187 3212 2240 ab
3239 2190 3494 2243 omnibus

1906 2280 2026 2334 qua:
2056 2276 2259 2322 secutae
2287 2279 2418 2323 sunt
2450 2271 2710 2349 miseriis.
2753 2273 2860 2343 Ipsi
2894 2290 3027 2331 vero
3060 2279 3243 2334 nescio
3279 2295 3347 2333 an
3381 2297 3498 2334 om-

1906 2359 2060 2413 nium
2095 2361 2454 2429 opprobrium
2491 2372 2674 2418 ortum
2730 2376 2893 2442 esset.
2923 2366 3102 2433 Quare
3149 2373 3496 2427 commodius

1903 2448 2109 2519 aliquid
2138 2453 2474 2522 excogitavit
2517 2464 2570 2509 et
2607 2471 2772 2529 quam
2806 2459 3095 2515 celerrime
3146 2477 3176 2516 e
3212 2465 3391 2532 patria
3436 2472 3492 2519 et

1902 2540 2068 2610 regiis
2117 2543 2344 2599 sedibus
2405 2534 2851 2605 Thessalonicam
2910 2566 2998 2606 me
3039 2552 3274 2608 abduxit
3316 2566 3493 2611 matre

1902 2648 2020 2687 mea
2045 2645 2096 2687 et
2133 2641 2302 2689 uxore
2342 2637 2554 2691 relicta.
2602 2638 2794 2710 Ibique
2832 2628 2918 2697 me
2956 2644 3147 2713 viginti
3193 2661 3367 2702 annos
3398 2664 3492 2702 na-

1904 2734 2016 2779 tum
2042 2727 2265 2797 jamque
2298 2728 2534 2784 ﬁliorum
2570 2740 2781 2800 patrem
2818 2741 3074 2802 tanquam
3109 2737 3373 2795 infantem
3395 2756 3492 2795 cu-

1903 2817 2154 2874 stodibus
2190 2822 2534 2876 tractandum
2583 2821 2736 2877 dedit
2769 2823 2826 2878 in
2876 2825 3049 2882 libera
3083 2829 3355 2884 custodia.
3399 2830 3491 2886 lu-

1903 2907 2062 2959 terim
2113 2908 2230 2977 ipse
2267 2918 2583 2978 opportuno
2622 2912 2883 2967 absentia
2926 2929 3062 2970 mea:
3096 2926 3341 2987 tempore
3382 2935 3488 2990 op—

1902 2998 2031 3054 tinte
2090 3015 2220 3056 usus
2272 3016 2392 3071 quae
2415 3002 2525 3073 jam
2559 2992 2734 3059 multo
2767 3014 2895 3062 ante
2924 2993 3128 3063 \animo
3159 3024 3363 3066 secum.
3392 3027 3488 3067 vo-

1900 3089 2173 3146 lutaverat
2210 3104 2506 3153 exsecutus
2534 3078 2640 3150 est.
2675 3095 2748 3151 Ut
2783 3099 2887 3152 hoc
2942 3109 3198 3168 quartum
3234 3104 3485 3160 testimo-

215 3173 389 3227 πάλαι
417 3176 703 3257 σκέμμασι
737 3180 832 3233 νῦν
862 3185 1167 3256 ἐχαρίζετο.
1201 3190 1320 3243 Ἵνα
1345 3193 1450 3264 γὰρ
1485 3198 1578 3248 καὶ
1605 3198 1795 3267 τέταρ-

1902 3182 2054 3243 nium
2095 3185 2312 3239 consilii
2372 3187 2493 3267 ejus
2531 3186 2758 3253 afferam
2807 3191 2953 3260 quod
2993 3193 3356 3265 jurisjurandi
3390 3196 3487 3251 fal-

213 3285 308 3321 τον
335 3269 497 3324 τοῦτο
538 3274 763 3343 προσθῶ
806 3294 898 3347 μοι
946 3280 1025 3350 τῷ
1058 3281 1201 3353 λόγῳ
1236 3285 1434 3354 δεῖγμα
1471 3288 1569 3357 τῆς
1603 3288 1673 3341 δι’
1707 3291 1796 3359 ὄρ-

211 3374 353 3412 κων-
392 3359 688 3433 ἀπατηλῶν
745 3365 896 3439 αύτῷ
941 3371 1063 3422 κατ’
1116 3372 1251 3441 ἐμοῦ
1310 3376 1794 3448 συσκευαζομένης

215 3446 476 3537 μελέτης,
503 3451 555 3515 ις
588 3452 832 3508 τοιοῦτον
865 3456 1041 3527 πέρας
1079 3461 1174 3513 καὶ
1199 3460 1344 3516 οὕτω
1370 3462 1634 3535 δυστυχὲς
1668 3446 1794 3537 ἐμοὶ

213 3533 326 3589 τῶν
358 3540 607 3609 πατρίων
649 3543 878 3597 ἐκείνων
922 3547 1399 3621 περιεληλυθότῳν
1442 3533 1660 3624 ὅρκιον,
1696 3533 1793 3608 καὶ

214 3625 360 3682 οὕτω
404 3647 475 3700 με
516 3634 801 3703 τραγικῶν
849 3641 1376 3710 περιποιχισάντων
1426 3645 1665 3701 δικτύων
1696 3649 1794 3702 καὶ

214 3719 332 3774 ὅσαι
361 3721 595 3777 θανάτου
624 3727 864 3794 γείτονες
910 3730 977 3784 ὲκ
1021 3731 1116 3784 τοῦ
1147 3736 1463 3805 προφανοῦς
1511 3740 1623 3792 εἰσιν
1655 3756 1792 3809 συμ-

216 3815 382 3901 φοραὶ
426 3818 564 3893 πρὸς
608 3819 923 3887 ἀπόγνωσιν
964 3823 1150 3878 πᾶσαν
1187 3826 1505 3882 ὲλαύνουσαι
1543 3830 1692 3901 βίου,
1739 3832 1794 3884 τί

214 3899 321 3953 ἔδει
353 3907 571 3969 «metti;
609 3906 910 3977 ἰισχαλλον
940 3911 1163 3982 κομιδῇ,
1189 3915 1463 3988 ἠνιώμην,
1492 3899 1670 3989 μέσην
1692 3918 1792 3971 αύ-

212 3995 314 4062 τήν
368 3997 686 4070 ὲκοπτόμην
722 4000 922 4074 ψυχὴν,
973 4006 1312 4074 ἐμακάριζον
1366 4011 1494 4083 τοὺς
1530 4010 1793 4077 θανόντας

215 4087 423 4157 μᾶλλον
456 4090 489 4162 ἢ
518 4092 644 4152 τοὺς
667 4094 792 4162 ἐμοὶ
831 4098 1215 4167 παραπλήσιον
1244 4099 1475 4168 ζῶντας,
1506 4103 1641 4157 Θεὸν
1665 4107 1796 4157 ἐπε-

212 4181 442 4254 6οώμην
476 4183 731 4255 μάρτυρά
760 4203 820 4238 τε
866 4188 967 4257 τῆς
997 4189 1210 4254 ἀδικίας
1257 4193 1352 4245 καὶ
1398 4192 1516 4263 ἅμα
1546 4196 1793 4266 τιμωρὸν

210 4274 319 4327 τῶν
347 4274 560 4330 δεινῶν.
605 4277 769 4333 Ἀλλὰ
818 4281 912 4335 καὶ
951 4280 1125 4347 οὕτως
1174 4284 1351 4356 ἔχοντι
1399 4287 1528 4358 ἦκει
1559 4288 1791 4360 λαθραῖά

212 4383 305 4434 μοι
353 4368 828 4443 γράμματαπρδς
880 4374 976 4427 τοῦ
1025 4376 1216 4448 Κράλη
1272 4377 1525 4450 Σερδίαςο
1573 4381 1633 4434 ού
1681 4384 1792 4452 γὰρ

210 4453 405 4525 πόρρω
431 4472 535 4511 που
566 4458 669 4528 γῆς
696 4459 796 4522 τὰς
820 4461 1102 4531 διατριϐὰς
1138 4464 1285 4533 αὐτῴ
1324 4467 1600 4521 ποιεῖσθαι
1632 4468 1790 4535 ξυνέ-

1901 3271 2059 3328 laciis
2113 3274 2167 3328 in
2200 3290 2286 3329 me
2324 3264 2580 3343 intendit,
2635 3293 2760 3333 cum
2818 3282 3107 3349 promissis
3142 3264 3290 3354 quae
3343 3289 3486 3355 patri

1904 3365 2135 3423 dederat
2175 3368 2313 3423 male
2352 3368 2418 3423 ad
2469 3370 2686 3425 irritum
2718 3372 2956 3429 redactis
2988 3382 3096 3429 tam
3124 3377 3259 3431 diris
3309 3378 3489 3449 .piagis

1901 3466 2088 3525 septus
2120 3474 2297 3531 essem
2331 3470 2386 3515 et
2422 3461 2663 3516 miseriis
2713 3478 2835 3532 quae
2882 3466 3075 3520 mortis
3120 3466 3366 3522 contines
3408 3468 3489 3522 vi-

1903 3548 2104 3605 dentur
2132 3550 2292 3622 169
2320 3536 2529 3622 nosque
2577 3552 2644 3622 ad
2679 3568 2952 3617 summam
2986 3558 3109 3612 vitae
3139 3557 3484 3628 desperatio-

1904 3653 2027 3693 nem
2062 3638 2366 3703 adducun‘t,
2397 3640 2530 3710 quid
2577 3640 2888 3697 faciendum
2916 3640 3074 3700 erat?
3124 3645 3377 3716 Erumpit
3403 3649 3489 3701 iu-

1901 3725 2180 3795 dignatio;
2221 3726 2276 3781 in
2319 3744 2557 3784 mmrore
2600 3731 2890 3801 jacebam;
2954 3733 3025 3787 ob
3083 3734 3264 3788 intimi
3312 3737 3483 3790 animi

1911 3820 2194 3873 tristitiam
2228 3820 2527 3890 plangebar
2547 3841 2562 3886 ;
2596 3822 2783 3877 beatos
2841 3825 3201 3893 praedicabant
3237 3837 3484 3883 mortuos

1902 3911 2087 3980 potius
2117 3926 2281 3980 quam
2319 3914 2412 3982 qui
2470 3913 2728 3969 vivebant
2775 3930 3028 3982 mecum;
3064 3918 3233 3974 Deum
3285 3930 3477 3975 testem

1902 4001 2225 4056 invocabam
2260 4003 2582 4073 injuriarum
2629 4013 2686 4059 et
2715 4006 2948 4062 ultorem
2975 4008 3327 4079 ﬂagitiorum.
3361 4013 3482 4090 .Sed

1902 4091 2018 4160 ipsa
2049 4091 2152 4146 hac
2187 4093 2240 4147 in
2301 4093 2619 4161 conditione
2673 4097 2812 4152 clam
2872 4098 3006 4153 mihi
3058 4101 3255 4156 litterae
3305 4102 3482 4158 allata:

1901 4192 2030 4239 sunt
2057 4184 2236 4240 Cralis
2274 4183 2503 4243 Servize.
2533 4187 2633 4243 Cui
2669 4189 2897 4263 propius
2918 4191 3182 4247 accedere
3215 4209 3323 4248 non
3349 4209 3483 4247 con-

1903 4275 2059 4345 tigit;
2089 4290 2260 4347 quare
2286 4276 2621 4334 domesticas
2661 4290 2879 4335 nostras
2907 4281 3155 4337 fortunas
3185 4283 3481 4354 ignoravit.

1900 4367 2020 4430 1am
2048 4368 2140 4422 diu
2173 4379 2338 4426 totam
2372 4371 2929 4443 rcgionem,possedit
2957 4390 3133 4444 usque
3175 4374 3241 4429 ad
3278 4375 3483 4431 mmnia

1901 4460 2312 4516 Thessalonicae
2371 4464 2524 4517 urbis
2584 4479 2705 4529 quae
2767 4480 2855 4521 me
2914 4466 3178 4522 miserum
3232 4468 3478 4524 inclusit.

210 4544 423 4611 σαινεν,
455 4548 524 4601 ἵν’
550 4550 701 4621 αὐτῷ
733 4553 829 4605 καὶ
859 4553 927 4605 τὰ
951 4555 1195 4625 ἡμέτερα
1227 4556 1290 4628 [ί.
1326 4558 1503 4631 157η1
1526 4562 1787 4631 ἀγνοῆται

1900 4550 2236 4608 Nuntiabant
2267 4564 2449 4609 autem
2481 4556 2683 4612 litterae
2718 4572 2748 4610 e
2783 4558 3001 4614 duobus
3029 4559 3262 4615 alterum
3299 4571 3479 4614 utrum

210 4640 439 4708 ἐφέστια
465 4642 640 4714 πάθη·
671 4645 849 4699 πάντα
877 4647 990 4717 γὰρ
1021 4643 1167 4717 εἶχεν
1199 4648 1334 4704 ἐλὼν
1375 4652 1441 4705 ἐκ
1489 4653 1686 4706 πολλοῦ
1721 4654 1788 4707 τὰ

214 4737 378 4805 μέχρι
417 4735 616 4804 τειχῶν
644 4736 746 4800 τῆς
779 4738 1011 4809 ἐχούσης
1044 4756 1120 4805 με
1154 4740 1245 4793 τὸν
1290 4742 1640 4814 ταλαίπωρον
1689 4746 1789 4797 πό-

209 4825 344 4890 λεως
369 4826 494 4880 τότε
520 4827 944 4901 Θεσσαλονίκης.
975 4833 1169 4902 Ἔλεγε
1191 4834 1247 4887 δέ
1270 4852 1359 4905 μοι
1391 4836 1460 4888 τὰ
1482 4836 1789 4915 γράμματα

207 4919 357 4971 δυοῖν
392 4919 655 4991 ὁπότερον
683 4921 750 4976 ἂν
794 4924 920 4994 ἐμοὶ
960 4924 1277 4996 βουλομένῳ
1329 4944 1392 4993 γε
1434 4931 1519 4998 εἴη
1554 4930 1786 4999 ἀποκρί-

208 5011 490 5083 νασθαι,ῆ
544 5021 804 5083 γυναικὸς
851 5018 942 5071 διὰ
988 5019 1087 5082 τᾶς
1130 5021 1337 5089 μεταξὺ
1377 5020 1549 5091 τύχας
1577 5021 1786 5091 ἔρημον

207 5104 309 5174 ήδη
342 5121 412 5174 με
443 5105 577 5158 ὄντα
614 5109 713 5176 τὴν
747 5110 956 5162 ἐκείνου
994 5098 1433 5181 γυναικαδέλφην
1477 5113 1786 5181 ἀγαγέσθαι

207 5212 266 5247 τε
296 5197 538 5261 γυναῖκα
560 5199 662 5251 ’καὶ
698 5198 972 5264 σώζεσθαι
1003 5201 1145 5269 μετὰ
1173 5202 1273 5271 τῆς
1327 5203 1571 5269 πόλεως,
1594 5204 1626 5270 ἢ
1663 5219 1789 5256 συν-

209 5289 527 5358 απαχθῆναι
545 5291 623 5360 τῷ
646 5291 750 5361 τῆς
779 5295 991 5347 ἐκείνου
1019 5295 1290 5365 θαλάττης
1311 5296 1536 5364 κύματι,
1559 5297 1790 5366 βιαιότε-

212 5389 300 5441 ρον
334 5375 682 5432 ἐπιτίθεσθαι
709 5383 779 5451 τῇ
818 5381 974 5435 πόλει
1020 5380 1333 5452 μέλλοντος.
1385 5385 1523 5437 Κατ’
1554 5385 1788 5455 ἐμαυτὸν

211 5460 299 5517 οὖν
324 5468 452 5536 ἐμοὶ
483 5460 764 5540 γενομένῷ
803 5475 897 5525 καὶ
934 5474 1313 5544 ξυννενοηκότι
1361 5476 1436 5546 μὴ
1464 5472 1604 5532 εἶναι
1651 5477 1788 5547 μήτε

216 5554 485 5629 βάρϐαρον
524 5562 650 5632 μήτ’
682 5552 866 5633 ἀσεὸῆθ
907 5567 997 5618 τὸν
1028 5567 1212 5630 δεξιὰν
1241 5570 1364 5638 ἐμοὶ
1408 5570 1789 5639 παρεχόμενον

215 5651 606 5721 κινδυνεύοντι,
641 5655 818 5711 ὁποῖοι
845 5657 924 5728 τῷ
955 5659 1208 5730 πενθερῴ
1229 5662 1351 5714 κατ’
1395 5660 1532 5729 ἐμοῦ
1567 5678 1629 5714 συ
1641 5680 1791 5731 μμα-

214 5742 359 5807 χοῧσί
384 5760 442 5794 τε
483 5744 581 5796 καὶ
615 5743 872 5812 συζῶσιν,
905 5748 1021 5801 ἀλλ’
1057 5750 1255 5819 εὐσεϐῆ
1294 5767 1352 5803 τε
1386 5751 1482 5803 καὶ
1514 5752 1787 5820 ὁμόδοξιεν,

282 5867 356 5941 (l)
386 5865 498 5935 Τῇ,
541 5866 748 5920 addidit
780 5867 1059 5925 Buiviuus.

1892 4648 2027 4701 mibi
2054 4648 2370 4717 eligendum
2401 4663 2547 4711 esse,
2584 4658 2770 4703 utrum
2802 4651 2894 4719 qui
2925 4650 2980 4704 in
3022 4650 3163 4707 tristi
3195 4666 3313 4706 mea
3343 4665 3479 4705 con-

1891 4728 2100 4795 ditione
2135 4757 2304 4811 uxore
2334 4740 2631 4797 destitutus
2656 4757 2838 4799 essem
2879 4744 3052 4813 ipsius
3083 4745 3271 4799 uxoris
3311 4760 3479 4800 sore-

1892 4848 2005 4886 rem
2042 4833 2098 4887 in
2146 4830 2561 4887 matrimonium
2600 4832 2802 4888 ducere
2853 4843 2908 4889 et
2942 4851 3068 4888 cum
3098 4838 3234 4890 urbe
3268 4839 3476 4891 servari

1890 4924 2111 4991 vellem,
2153 4923 2427 4992 an‘abripi
2462 4924 2628 4979 maris
2651 4924 2913 4980 ﬂuctibus
2945 4922 3039 4994 qui
3074 4927 3193 4980 urbi
3247 4927 3315 4981 ab
3358 4928 3477 4997 ipso

1890 5014 2336 5070 admoverentur.
2392 5015 2583 5085 Itaque
2620 5032 2743 5071 cum
2798 5018 3041 5072 animum
3085 5034 3268 5073 meum
3304 5019 3474 5074 colle-

1889 5107 2088 5177 gissem
2116 5116 2169 5162 et
2202 5106 2593 5171 intellexissem
2622 5107 2715 5177 qui
2773 5108 2826 5161 iu
2860 5125 3041 5162 rerum
3074 5110 3345 5179 angustiis
3382 5127 3477 5164 au-

1891 5199 2083 5253 xilium
2132 5200 2266 5254 mihi
2302 5199 2527 5255 oderret
2580 5216 2756 5270 neque
2790 5200 3084 5255 barbarum
3133 5216 3254 5256 esse
3298 5196 3478 5273 neque

1892 5289 2145 5360 impium,
2176 5291 2365 5360 quales
2401 5307 2651 5346 socerum
2701 5290 2755 5344 in
2798 5304 2883 5343 me
2930 5290 3196 5371 adjuvant
3246 5292 3476 5362 ejusque

1892 5383 2024 5437 socii
2060 5394 2209 5446 sunt,
2238 5383 2334 5436 sed
2370 5383 2516 5456 pium
2550 5392 2609 5437 et
2661 5382 3019 5448 conﬁdelem;
3052 5398 3081 5437 e
3115 5384 3332 5438 duobus
3369 5384 3477 5436 illis

1892 5473 2037 5544 quod
2066 5454 2412 5529 commodius
2442 5482 2562 5528 erat
2588 5474 2750 5543 elegi.
2786 5472 2899 5528 Hoc
2929 5489 3053 5528 cum
3112 5475 3464 5535 innotuisset,
3511 5551 3519 5560 '

1892 5563 2152 5619 custodes
2186 5566 2291 5617 mei
2322 5580 2485 5633 quam
2511 5564 2798 5619 celerrime
2828 5580 2886 5620 se
2916 5565 3233 5636 Byzantium
3277 5577 3473 5619 contn-

1894 5658 2075 5712 lcrunt
2106 5665 2162 5711 et
2198 5673 2288 5712 res
2334 5671 2507 5712 novas
2553 5657 2932 5712 cnuntiarunt.
2980 5657 3149 5712 Socer
3178 5657 3337 5726 170
3371 5670 3471 5708 au-

1896 5764 2002 5805 tem
2037 5750 2178 5805 fama
2214 5758 2436 5819 accepta
2473 5751 2525 5803 in
2559 5751 2740 5820 quiete
2776 5766 2893 5807 esse
2930 5749 3162 5817 amplius
3214 5764 3323 5802 non
3379 5762 3478 5816 po-
