4070 6326
595 347 697 414 ΜΤ

1782 366 2197 429 NICEPHORI
2237 367 2619 428 GREGORE

3741 365 3842 430 148

592 467 718 532 tuit,
746 465 841 522 sed
877 475 1102 524 matrem
1132 486 1306 528 meam
1347 473 1716 531 accersivit-et
1763 492 1888 532 cum
1923 494 1988 533 ea
2040 491 2166 534 san-

2274 479 2419 548 μέσῳ
2463 478 2611 530 δυοῖν
2654 475 2898 544 γεγονότι
2951 475 3012 530 τὸ
3059 475 3386 544 κουφότερον
3419 473 3640 528 ἑλέσθαι
3695 491 3844 543 συμ-

591 568 692 612 cia:
743 559 838 613 Dei
869 559 1055 616 Matris
1111 564 1372 632 templum
1409 567 1542 622 adiit
1584 566 1656 624 ibi
1701 575 1763 621 ut
1791 577 1928 624 teste
1961 577 2017 624 et
2058 583 2158 622 au—

593 659 744 703 cture
776 659 959 705 sancta
1017 661 1192 708 matre
1221 653 1380 712 factis
1410 657 1720 724 promissis,
1774 673 1884 712 non
1927 659 2164 728 amplius

593 737 829 794 infidelis
868 740 1166 796 haberetur
1195 755 1417 813 propter
1443 747 1598 816 plura
1627 763 1749 816 qua:
1769 757 1930 802 antea
1959 747 2164 802 fecerat

593 827 857 897 perjuria.
911 829 1082 884 Mater
1123 832 1292 904 igitur
1336 849 1434 902 per
1469 835 1680 890 litteras
1724 837 2008 906 promissis
2057 838 2163 892 illis

594 918 930 986 gravissimis
955 923 1216 990 acceptis,
1251 923 1512 994 Byzantio
1548 926 1988 982 Thessalonicam
2013 927 2164 981 venit

594 1009 838 1078 mihique
867 1011 1008 1067 bona
1029 1014 1210 1068 omnia
1241 1017 1538 1080 nuntiavit,
1571 1005 1766 1087 nempe
1803 1019 1972 1074 licere
2021 1019 2160 1072 mihi

595 1099 794 1178 omissa
824 1099 996 1155 Cralis
1027 1103 1266 1157 amicitia
1302 1104 1742 1161 Thessalonicam
1775 1109 2086 1177 relinquere
2107 1119 2164 1164 et

596 1189 836 1256 Byzantii
892 1207 1016 1246 cum
1052 1195 1282 1266 conjuge
1319 1197 1520 1264 vivere,
1557 1208 1614 1254 et
1665 1201 1810 1269 quod
1869 1200 1935 1255 ad
1958 1203 2161 1270 regiam

595 1290 924 1348 potestatem
955 1285 1233 1352 attineret,
1268 1303 1516 1344 socerum
1556 1290 1784 1345 alterum
1815 1301 2000 1346 utrum
2029 1309 2163 1348 con-

595 1381 881 1422 cessurum
914 1384 1074 1426 esse:
1114 1381 1210 1427 aut
1241 1373 1287 1428 si
1337 1374 1470 1429 mihi
1523 1376 1763 1444 placeret
1797 1377 1936 1432 velle
1975 1391 2032 1432 se
2058 1377 2164 1448 By-

598 1457 764 1510 zantii
800 1474 926 1512 eum
954 1461 1102 1530 regia
1131 1471 1400 1528 potestate
1440 1481 1661 1522 manere
1689 1476 1744 1522 et
1773 1483 1944 1537 usque
1977 1469 2044 1523 ad
2070 1469 2166 1523 Se-

599 1545 886 1615 lymbriam
922 1563 1010 1606 res
1040 1553 1444 1620 administrare,
1479 1566 1576 1610 aut
1601 1559 1745 1628 quod
1779 1561 2048 1628 reliquum
2082 1573 2166 1613 es-

599 1643 682 1688 set
705 1637 826 1691 vita:
850 1639 996 1694 domi
1028 1655 1191 1710 agere
1224 1642 1278 1696 in
1306 1645 1490 1713 quiete
1542 1657 1594 1712 et
1621 1647 1754 1702 otio.
1788 1649 1902 1719 Ego
1934 1665 2057 1703 cum
2085 1651 2168 1720 ju-

599 1727 892 1798 rajuranda
943 1731 1032 1786 illa
1069 1733 1362 1798 vidissem,
1417 1737 1645 1792 credidi.
1691 1738 1802 1794 Cur
1843 1741 1991 1796 non?
2041 1758 2164 1796 cum

601 1821 692 1873 ille
721 1819 1070 1878 Christianus
1097 1835 1242 1880 esset
1286 1835 1341 1880 et
1373 1837 1480 1882 tam
1534 1830 1716 1900 gravia
1751 1841 1968 1901 tamque
2015 1833 2167 1902 jure-

599 1911 835 1980 jurando
885 1917 1154 1982 promissa
1189 1919 1400 1974 firmata
1445 1911 1652 1977 essent.
1687 1923 1866 1988 Quare
1897 1940 1986 1979 me
2015 1941 2167 1981 com-

603 2005 748 2058 movi
777 2008 1036 2072 etstatim
1069 2009 1387 2079 Byzantium
1421 2013 1697 2079 profectus
1725 2031 1843 2068 sum
1871 2018 2025 2071 vultu
2052 2033 2170 2071 mu-

605 2101 715 2150 tato
739 2106 795 2152 et
823 2099 970 2152 omni
999 2100 1311 2170 suspicione
1362 2105 1591 2174 abjecta.
1651 2105 1859 2162 Deinde
1890 2123 2014 2162 cum
2047 2125 2169 2178 qua:

603 2185 694 2240 ille
736 2187 1094 2259 jurejurando
1144 2195 1472 2260 promiserat
1525 2212 1714 2252 revera
1757 2216 1864 2253 non
1898 2201 2164 2267 viderem,

605 2276 758 2342 (quid
795 2279 941 2332 enim
976 2277 1178 2354 scienti
1228 2285 1408 2338 omnia
1441 2299 1688 2342 enarrem
1707 2289 1772 2358 ἲ),
1807 2290 1956 2344 brevi
2004 2292 2166 2362 Didy-

607 2367 909 2422 motichum
929 2385 1180 2426 reversus
1203 2387 1320 2428 sum
1342 2391 1446 2428 una
1470 2380 1840 2450 cumﬁconjuge
1863 2385 2166 2454 mea.171

605 2455 935 2524 Apparatus,
965 2460 1214 2526 consilia,
1255 2463 1497 2520 facinora
1529 2483 1649 2536 qua:
1685 2470 1776 2524 ille
1814 2486 1882 2526 ex
1911 2472 2003 2526 illo
2034 2485 2172 2528 tem-

609 2560 738 2611 pore
776 2547 830 2600 in
859 2549 1114 2604 miseram
1149 2554 1310 2606 vitam
1356 2571 1530 2611 meam
1581 2571 1867 2630 praeparat.
1919 2565 2170 2620 omittere

609 2651 754 2689 nunc
780 2637 975 2695 melius
1007 2653 1109 2696 est.
1145 2643 1409 2714 Equidem
1438 2665 1560 2704 cum
1585 2667 1730 2708 nunc
1761 2655 1957 2723 injuste
1989 2656 2170 2711 vivere

606 2735 660 2778 et
691 2729 828 2781 mori
863 2729 994 2786 mihi
1032 2739 1436 2804 proposuerim,
1471 2755 1658 2796 omnes
1684 2743 1817 2797 mihi
1841 2759 1870 2798 a
1899 2745 2056 2814 culpa
2086 2763 2171 2802 me

607 2817 798 2874 abesse
826 2823 1142 2879 assentient.
1204 2827 1382 2892 Quare
1430 2831 1632 2886 falleris
1659 2834 1786 2888 dum
1841 2837 2036 2890 credas
2085 2853 2172 2892 me

607 2910 789 2964 verbis
829 2915 936 2968 tuis
966 2915 1355 2974 obsecuturum
1381 2937 1522 2976 esse.
1553 2923 1684 2978 Nam
1727 2929 1906 2980 omnia
1939 2927 2173 2984 libenter

606 3002 782 3068 patiar
807 3018 906 3070 pro
947 3007 1053 3060 vita
1081 3023 1221 3074 mea,
1259 3011 1471 3066 etiamsi
1512 3017 1762 3070 mercede
1799 3018 1939 3072 vites
1968 3034 2130 3088 ampu
2151 3050 2172 3060 -

609 3102 724 3144 tare
747 3108 966 3147 necesse
1004 3107 1166 3153 esset.
1200 3100 1504 3156 Jucundius
1533 3119 1752 3172 quoque
1783 3117 1926 3161 esset
1964 3109 2018 3161 in
2060 3113 2172 3163 otio

609 3182 716 3234 vita
745 3184 953 3256 privata
988 3187 1090 3242 frui
1133 3190 1186 3243 in
1230 3193 1472 3260 qualibet
1520 3205 1665 3250 terra
1714 3198 1804 3252 ubi
1841 3201 1985 3253 nulla
2040 3201 2170 3256 mihi

611 3275 849 3339 pericula
885 3277 1223 3349 immineant,
1279 3299 1440 3353 quam
1475 3295 1764 3356 paternum
1803 3307 2026 3360 regnum
2079 3309 2175 3362 ap-

613 3363 846 3425 petendo
875 3369 1040 3422 vitam
1075 3385 1248 3425 meam
1285 3375 1600 3440 periclitari.
1657 3377 1946 3446 Imperium
1997 3391 2177 3437 autem

2265 568 2578 622 πέπτωκεν.
2617 565 2926 620 Ἐκπύστου
2955 565 3012 620 δὲ
3046 565 3142 619 τοῦ
3173 565 3500 636 πράγματος
3551 565 3843 633 γεγονότος

2261 660 2466 730 ᾤχοντο
2495 659 2594 730 τὴν
2631 659 2894 728 ταχίστην
2933 658 2988 710 οἱ
3040 660 3268 728 φρουροί
3317 674 3420 726 μου
3469 659 3564 710 καὶ
3604 655 3844 724 φύλακες

2263 751 2697 822 ἀπαγγέλλοντες
2747 752 2804 814 ἐς
2859 749 3154 822 Βυζάντιον
3201 749 3270 802 τὰ
3312 746 3626 815 ξυμϐάντα.
3659 749 3730 800 'A
3779 747 3844 814 δὴ

2264 845 2358 898 καὶ
2393 844 2652 914 ἀκηκοότι
2682 840 2866 910 τοὺμῷ
2897 839 3143 910 πενθερῷ
3178 825 3432 904 καθεκτῷ
3461 833 3606 890 εῖναι
3639 837 3746 890 οὐκ
3771 832 3842 906 ἦν

2265 935 2507 1002 ἐφικτόν.
2551 931 2712 986 Ἀλλὰ
2747 933 2844 1000 τὴν
2870 929 3007 1000 ἐμὴν
3050 928 3412 999 παρειληφότι
3442 929 3658 998 μητέρα
3681 931 3740 988 ἐς
3771 929 3842 982 τὰ

2262 1031 2362 1095 τῆς
2394 1027 2735 1096 Θεομήτορος
2773 1021 2948 1086 ἔδοξεν
2973 1019 3321 1089 ἀφικνεῖσθαι
3352 1023 3658 1089 ἀνάκτορα,
3690 1019 3838 1072 ὥστε

2266 1118 2359 1170 ὑπ’
2390 1117 2576 1186 ἐκείνῃ
2628 1115 2869 1182 μάρτυρι
2905 1129 2965 1164 τε
3023 1111 3116 1164 καὶ
3147 1111 3386 1180 ἐγγυητῇ
3435 1114 3536 1173 τὰς
3585 1109 3846 1179 ἐνόρκους

2264 1209 2591 1276 ἐπαγγελίας
2615 1205 2984 1276 παρεσχηκότι
3015 1203 3210 1274 μηκέτι
3231 1205 3411 1256 δοκεῖν
3439 1203 3668 1264 ἄπιστος
3691 1201 3848 1262 αὖθις

2265 1301 2350 1352 διὰ
2382 1300 2479 1362 τὰς
2514 1279 2770 1360 πολλάκις
2810 1297 2922 1348 τῶν
2971 1295 3188 1350 οἰκείων
3214 1293 3364 1363 αὐτῷ
3396 1293 3688 1362 γεγονυίας
3719 1291 3850 1344 ἀθε-

2263 1391 2448 1458 τήσεις
2473 1389 2671 1459 ὅρκων.
2695 1387 2851 1439 Οὕτω
2871 1387 3056 1439 τοίνυν
3075 1384 3396 1457 ἐγγράφους
3427 1384 3688 1451 είληφυῖα
3719 1385 3848 1442 τοὺς

2267 1481 2559 1554 φρικώδεις
2607 1477 2766 1544 αὖθις
2797 1481 3039 1540 ἐκείνους
3091 1477 3290 1547 ὅρκους
3337 1477 3372 1546 ὴ
3428 1477 3614 1545 μήτηρ
3663 1477 3698 1542 ἡ
3741 1475 3852 1542 ἐμὴ

2264 1571 2401 1646 ἧκεν
2429 1577 2493 1626 ἐκ
2523 1571 2819 1636 Βυζαντίου
2851 1573 2906 1632 ἐς
2928 1568 3350 1635 Θεσσαλονίκην,
3377 1565 3852 1634 εὐαγγελιζομένη

2271 1683 2362 1730 μοι
2392 1663 2602 1731 τάγαθὰ
2635 1663 2732 1726 ὡς,
2783 1663 2833 1713 εί
2869 1661 2968 1724 τὰς
3011 1659 3107 1712 τοῦ
3144 1658 3335 1730 Κρὰλη
3390 1659 3670 1726 συνθήκας
3707 1658 3849 1723 ἀφε-

2199 1800 2238 1852 “
2271 1759 2418 1828 μένῳ
2450 1775 2541 1826 μοι
2570 1755 2800 1824 γένηται
2855 1753 2993 1822 πρὸς
3023 1753 3319 1852 Βυζάντιον
3349 1751 3412 1802 ἐκ
3441 1748 3849 1816 Θεσσαλονίκης

2271 1845 2643 1914 ἀφικνεῖσθαι,
2694 1845 2824 1914 περὶ
2859 1841 2957 1914 τὴν
2990 1841 3225 1906 σύζυγον
3255 1840 3457 1905 ἐξεῖναι
3505 1855 3848 1906 παρακεχω-

2273 1937 2482 2008 ρηκότα
2529 1953 2622 2006 μοι
2667 1919 2768 2004 τῆς
2815 1934 3100 2004 βασιλικῆς
3147 1931 3397 1995 ἐξουσίας
3446 1929 3535 1982 τὸν
3579 1927 3852 1998 πενθερὸν

2269 2029 2490 2091 αὐτίκα,
2520 2027 2667 2080 δυοῖν
2703 2023 2960 2093 θάτερσν,
2991 2023 3022 2093 ἦ
3051 2023 3129 2092 τῷ
3161 2021 3442 2089 Βυζαντίῳ
3484 2020 3648 2070 αὐτον
3689 2019 3856 2086 βασι.-

2268 2119 2438 2183 λικῶς
2476 2117 2881 2188 ἐνδιατρίϐοντα
2923 2115 2990 2168 τὰ
3043 2113 3210 2184 μέχρι
3245 2109 3598 2179 Σηλυμόρίας
3634 2107 3856 2159 ἐκεῖθεν

2269 2211 2479 2264 διέπειν
2515 2209 2842 2278 πράγματα,
2869 2205 3197 2276 βουλομένου
3229 2203 3322 2258 καὶ
3355 2201 3660 2262 ἐνδιδόντος
3685 2197 3854 2264 ἐμοῦ,

2270 2297 2428 2368 ῆτὸν
2475 2297 2702 2366 ἡσύχιον
2753 2295 2849 2362 ξὺν
2890 2292 3298 2364 ἀπραγμοσύνῃ
3325 2291 3536 2357 διάγειν
3577 2288 3690 2358 βίον
3719 2286 3858 2352 ἄχρι

2271 2387 2530 2456 τελευτῆς
2565 2387 2704 2439 οἴκοι
2733 2385 3068 2453 καθήμενον.
3103 2381 3324 2443 Τούτοις
3363 2377 3600 2448 ἐντυχὼν
3627 2375 3724 2430 καὶ
3755 2376 3860 2426 αὖ-

2271 2480 2362 2544 τδς
2389 2481 2501 2542 τοῖς
2531 2479 2713 2548 ὅρκοις
2745 2479 3113 2556 ἐπεπείσμην·
3144 2475 3236 2528 καὶ
3269 2475 3384 2536 πῶς
3415 2473 3524 2542 γὰρ
3555 2467 3616 2522 οὗ
3647 2489 3660 2533 ;
3711 2469 3854 2536 Χρι-

2273 2566 2486 2628 στιανὸς
2527 2564 2602 2618 ὣν
2640 2566 2784 2617 οὕτω
2814 2565 3016 2632 φρίκης
3049 2563 3232 2631 ἔχουσι
3261 2561 3356 2614 καὶ
3391 2559 3534 2611 οὕτω
3565 2556 3632 2608 δι’
3669 2555 3858 2623 ὅρκων

2273 2659 2534 2710 τοιούτων
2585 2653 3039 2721 ῆσφαλισμένοις.
3081 2648 3246 2702 Ὅθεν
3299 2647 3396 2700 καὶ
3447 2645 3586 2714 ἄρας
3637 2640 3860 2694 ἐκεῖθεν

2273 2742 2436 2805 εὐθὺς
2457 2744 2512 2803 ἐς
2535 2742 2831 2804 Βυζάντιον
2857 2740 3157 2806 ἀφικόμην,
3183 2737 3402 2797 ἁπάσας
3419 2734 3558 2798 ύπσξ
3574 2735 3660 2792 ίας
3693 2729 3863 2782 κατό-

2273 2845 2369 2884 πιν
2397 2830 2776 2898 ἀπεωσμένος.
2821 2825 3067 2894 Κὰπειδὴ
3103 2825 3180 2895 μὴ
3211 2823 3354 2877 κατὰ
3393 2823 3490 2884 τὰς
3525 2819 3634 2871 τῶν
3667 2819 3862 2884 ὅρκων

2274 2923 2602 2990 ἐπαγγελίας
2633 2919 2982 2988 ἐντυγχάνειν
3013 2935 3104 2985 μοι
3131 2915 3262 2983 παρ’
3295 2913 3485 2966 ἐλπίδα
3515 2911 3636 2968 τοῖς
3671 2909 3858 2976 πράγο

2279 3029 2408 3083 μασι
2441 3011 2762 3073 συνέπιπτε,
2793 3007 2868 3074 (τί
2908 3011 3018 3074 γὰρ
3055 3006 3138 3058 δεῖ
3167 3020 3234 3073 με
3265 3002 3423 3056 πάντ’
3448 2998 3628 3068 είδυίᾳ
3653 2997 3858 3062 διεξιέ-

2277 3123 2364 3157 ναι
2391 3103 2428 3171 ;)
2489 3104 2577 3156 διὰ
2616 3101 2756 3154 πάνυ
2802 3099 3032 3168 βραχέος
3075 3099 3132 3161 ἐς
3171 3095 3562 3163 Διδυμότειχον
3597 3087 3864 3143 ἐνταυθοῖ

2279 3196 2372 3263 ξύν
2413 3211 2476 3262 γε
2513 3193 2643 3256 συζύ
2659 3208 2732 3261 {cp
2773 3192 2938 3245 πάλιν
2975 3188 3132 3250 αὐτὸς
3177 3185 3460 3254 ἐπανῄειν.
3511 3182 3622 3242 Τάς
3649 3197 3716 3244 γε
3749 3179 3864 3248 μὴν

2279 3288 2407 3354 ἑξῆς
2437 3285 2706 3344 συσκευὰς
2745 3283 2841 3334 καὶ
2885 3279 3110 3351 μελέτας
3141 3277 3234 3332 καὶ
3275 3275 3526 3344 πράξεις,
3558 3273 3684 3325 ὅσαι
3721 3269 3862 3338 παρ’

2279 3376 2444 3430 αὐτοῦ
2475 3375 2617 3428 κατὰ
2647 3375 2747 3441 τῆς
2777 3374 2920 3440 ἐμῆς
2963 3373 3058 3437 ξὺν
3103 3369 3288 3436 ἁπάσῃ
3329 3364 3614 3418 τελοῦνται
3639 3358 3860 3426 σπουδῇ

611 3453 850 3522 optabile
880 3469 1022 3512 esset
1053 3459 1350 3518 dummodo
1389 3465 1650 3519 Romanis
1699 3470 1985 3525 commoda
2020 3472 2173 3526 all'er-

2276 3464 2712 3535 ταλαιπώρουιῖ.
2741 3465 2838 3518 157
2864 3462 2893 3518 b
2935 3461 2954 3534 j
2997 3463 3140 3529 ζωῆς
3174 3461 3406 3520 ἐκεῖθεν,
3453 3456 3680 3522 ἄμεινον
3729 3447 3868 3502 σιω-

618 3549 718 3595 rct.
771 3543 840 3596 At
895 3545 1038 3616 Dens
1087 3549 1456 3606 Romanorum
1499 3553 1810 3612 felicitatem
1851 3563 2031 3626 potius
2081 3579 2173 3616 au-

2278 3559 2408 3628 πᾷν.
2439 3557 2760 3624 Βουλομένῳ
2791 3545 2970 3607 τοίνυν
3017 3567 3108 3622 μοι
3160 3549 3260 3620 ζῇν
3287 3547 3383 3602 καὶ
3425 3546 3686 3616 θνήσκειν
3735 3541 3863 3592 ἁδί-

613 3641 736 3694 geat
766 3649 930 3702 quam
962 3636 1130 3692 solam
1165 3653 1356 3694 meam.

2278 3667 2412 3714 κως,
2443 3646 2598 3717 οἶμαι
2625 3647 2719 3700 καὶ
2746 3645 2807 3699 τὸ
2831 3643 3150 3711 ἀνεγκλήτῳ
3171 3639 3310 3694 εἶναι
3331 3639 3538 3698 πάντας
3563 3632 3864 3704 συμφῆσαξ

619 3735 708 3784 μοι
741 3721 990 3778 ἔπεσθαι.
1042 3728 1132 3780 Διὸ
1165 3731 1254 3780 καί
1300 3729 1502 3798 ἥκιστα
1549 3735 1799 3800 φαίνεται
1849 3735 2007 3791 εὔοδα
2054 3737 2336 3792 πείθεσθαί
2407 3753 2474 3808 με
2537 3738 2668 3798 τοῖς
2713 3736 2863 3805 παρὰ
2930 3732 3026 3786 σοῦ
3059 3732 3397 3800 λεγομένοις·
3443 3729 3628 3780 Πάντα
3655 3727 3766 3794 γὰρ
3793 3727 3864 3777 διν

615 3813 788 3879 ἔγωγε
830 3816 1012 3887 δρῴην
1043 3813 1334 3890 προθύμως
1371 3823 1508 3895 ὑπέρ
1559 3841 1620 3893 γε
1673 3826 1818 3898 ζωῆς
1859 3829 1958 3899 τῆς
2013 3833 2172 3901 ἐμῆς,
2215 3833 2306 3885 καὶ
2344 3831 2391 3883 ει
2429 3830 2630 3901 μισθοῦ·
2692 3845 2758 3897 γε
2815 3827 2962 3896 ἐξείη
2998 3825 3426 3896 ἀμπελουργεῖν·
3458 3822 3614 3890 ἥδιον
3645 3823 3754 3888 γὰρ
3789 3819 3864 3872 ἂν

614 3907 671 3956 ἐν
699 3909 1100 3980 ἀπραγμοσύνῃ
1125 3911 1238 3980 βίον
1261 3913 1474 3982 ἰδιώτην
1493 3916 1753 3985 ἀνύσαιμι
1811 3919 1933 3972 καθ’
1991 3921 2246 3992 ὁποιανδή
2286 3941 2406 3975 τινα
2455 3923 2744 3990 γενόμενος
2789 3919 2917 3987 γῆν,
2966 3917 3091 3970 ὅθεν
3136 3915 3312 3978 ούδεὶς
3357 3914 3730 3984 προσδοκᾶταὶ
3765 3929 3862 3980 μοι

615 4002 854 4065 κίνδυνος
881 4001 1124 4073 ἔφεδρος,
1150 4005 1180 4073 ἢ
1208 4006 1480 4075 βασιλείαν
1504 4008 1756 4077 ζητοῦντι
1780 4012 2008 4079 πάτριον
2069 4013 2216 4082 ἐχειν
2253 4015 2348 4066 καὶ
2383 4013 2513 4065 αύτὺ
2581 4009 2907 4081 ζημιοῦσθαι
2933 4007 3272 4061 κινδυνεύειν
3305 4009 3366 4060 τὸ
3389 4007 3508 4076 ζῇν.
3555 4005 3716 4059 Οὕτω
3749 4007 3861 4074 γὰρ

616 4097 682 4148 ἂν
717 4097 841 4164 ἐμοὶ
871 4101 934 4150 τδ
965 4097 1272 4167 βασιλεύειν
1309 4103 1395 4170 είη
1465 4102 1678 4160 εὐκτὸν.
1749 4104 1798 4154 εί
1841 4103 2136 4174 Ῥωμαίοις
2157 4105 2493 4174 λυσιτελοίη·
2566 4105 2741 4166 ἄλλως
2785 4104 2884 4157 οὐκ
2934 4101 2999 4154 ἂν
3057 4100 3255 4171 δήπου.
3304 4101 3438 4162 Θεὸς·
3486 4101 3534 4153 δ’
3577 4101 3672 4172 εἴη
3701 4103 3862 4170 κοινῇ

631 4191 923 4260 Ῥωμαίοις
957 4193 1160 4262 μᾶλλον
1195 4195 1469 4263 περαίνων
1489 4195 1548 4264 τὸ
1575 4193 1831 4264 εθδαιμον
1855 4195 1890 4265 ἢ
1925 4197 2274 4267 μονοτρόπως
2305 4199 2452 4267 ἐμοί.
2497 4219 2514 4250 ι

689 4379 879 4435 XXIV.
915 4379 1041 4432 llaec
1069 4363 1237 4447 igitur
1272 4389 1396 4429 cum
1448 4375 1540 4430 ille
1571 4375 1800 4432 dixisset
1829 4393 2008 4448 neque
2033 4379 2183 4448 plura

2365 4384 2490 4437 ΚΝ.
2522 4381 2704 4435 Ταῦτα
2729 4382 2828 4450 μὲν
2860 4377 2952 4436 οὖν
2979 4381 3262 4451 είρηκότος
3293 4380 3525 4443 ἐκείνου,
3549 4382 3655 4454 ’καὶ
3695 4381 3865 4435 πλέον

619 4479 770 4532 lrene
826 4475 1016 4544 regina
1066 4473 1258 4528 audire
1303 4473 1484 4536 vellet,
1521 4471 1677 4527 irrita
1736 4473 2054 4544 Byzantium
2097 4487 2173 4527 rei

2291 4474 2514 4527 ἀκούειν
2541 4473 2695 4526 οὐδὲν
2718 4474 3091 4542 ἐθελήσαντος,
3133 4473 3412 4544 ἄπρακτος
3444 4473 3476 4540 ἡ
3509 4472 3724 4541 βασιλὶς
3769 4473 3862 4524 Εε-

621 4585 778 4625 versa
807 4577 914 4622 est.
943 4567 1064 4635 Ipso
1091 4575 1340 4635 tempore
1372 4579 1481 4634 quo
1503 4564 1734 4619 solstitia
1763 4567 1947 4618 aestiva
1971 4575 2184 4618 mutan-

625 4672 714 4714 tur
734 4671 791 4714 et
821 4659 1068 4714 Thraces
1094 4658 1307 4712 assidue
1342 4658 1395 4711 in
1435 4657 1578 4711 areis
1603 4657 1932 4710 frumentum
1971 4663 2185 4723 parant,

622 4753 1036 4809 Cantacuzenus
1068 4767 1160 4804 rex
1210 4749 1468 4820 Byzantio
1501 4749 1778 4818 profectus
1810 4763 1932 4802 cum
1985 4745 2188 4799 Barba-

623 4861 808 4899 rorum
845 4843 956 4897 illis
977 4842 1150 4912 cupiis
1178 4842 1366 4912 generi
1403 4840 1635 4910 Hyrcani
1663 4839 1728 4894 ad
1754 4841 1987 4892 alterum
2025 4835 2190 4902 gene-

627 4954 745 4990 tum
789 4936 1148 5007 Palaeologum
1181 4951 1362 5004 regem
1390 4933 1812 5004 aggrediendum
1845 4947 1900 4985 se
1930 4929 2188 4984 accinxit.

627 5031 838 5084 Interea
873 5028 1184 5098 Byzantium
1239 5028 1566 5096 navigarunt
1610 5023 1899 5078 duodecim
1938 5021 2190 5073 triremes

630 5123 961 5180 Venetorum
1001 5137 1122 5190 quae
1180 5137 1304 5175 cum
1334 5121 1406 5174 ibi
1447 5120 1610 5172 breve
1659 5125 1874 5183 tempus
1915 5113 1970 5165 in
2004 5123 2192 5180 portu-

631 5213 734 5268 bus
765 5221 1110 5267 commorata:
1150 5219 1334 5282 essent
1376 5224 1534 5277 quam
1573 5206 1729 5274 172
1771 5203 2055 5257 ci'lcrt‘iute
2106 5217 2191 5252 re-

632 5319 803 5360 vcrsaa
825 5311 950 5356 sunt
979 5318 1073 5371 per
1103 5301 1333 5356 Pontum
1368 5302 1660 5358 liuxmum,
1689 5295 2032 5346 dextrorsum
2053 5293 2192 5347 etsi-

635 5395 958 5448 nistrorsum
1011 5393 1350 5461 navigantes,
1383 5387 1474 5441 ubi
1521 5386 1890 5439 Genuensium
1931 5401 2094 5437 naves
2116 5383 2198 5436 of-

635 5485 926 5539 fenderunt
973 5493 1028 5536 ct
1082 5483 1424 5537 incluserunt
1454 5489 1508 5532 et
1564 5478 1622 5531 in,
1666 5492 1814 5530 mare
1867 5474 2196 5545 profundum

633 5583 1068 5636 submerserunt.

711 5753 832 5808 haec
885 5753 1047 5823 igitur
1107 5767 1178 5804 ita
1229 5765 1285 5804 se
1337 5749 1632 5802 italu-bant.
1691 5749 1806 5803 .lam
1847 5748 2200 5814 .‘igaiinnyrli

2292 4566 2426 4632 ρήνη
2461 4566 2734 4616 ἐπάνεισιν
2783 4567 2862 4627 εἰς
2895 4563 3209 4628 Βυζάντιον.
3243 4565 3403 4632 Ἀρτι
3451 4563 3508 4615 δὲ
3541 4565 3636 4616 τοῦ
3665 4565 3862 4634 χρόνον

2291 4656 2389 4716 τὰς
2424 4654 2644 4726 θερινὰς
2675 4655 2767 4707 τοῦ
2801 4653 2954 4725 ἡλίου
2985 4655 3194 4725 τροπὰς
3227 4655 3728 4723 παραλλάττοντος,
3771 4657 3867 4707 καὶ

2289 4749 2399 4799 τῶν
2423 4747 2656 4818 Θρᾳκῶν
2676 4748 2770 4802 ἐπὶ
2795 4748 3010 4820 ᾰλωνας.
3039 4747 3134 4799 καὶ
3160 4747 3306 4798 σίτου
3333 4745 3680 4814 μοχθούντων
3712 4749 3870 4798 ἐσκο-

2296 4837 2480 4904 μιδὰς,
2509 4839 2648 4906 ἄρας
2695 4840 2757 4890 ἐκ
2807 4837 3100 4901 Βυζαντίου
3134 4839 3162 4888 δ
3189 4837 3442 4906 βασιλεὺς
3476 4839 3868 4904 Καντακουζη-

2295 4929 2382 4988 ν“.ς
2409 4926 2506 4993 τὴν
2533 4925 2878 4996 βαρϐαρικὴν
2923 4927 3136 4992 ἐκείνην
3183 4923 3454 4992 Ὑρκανοῦ
3484 4925 3578 4976 τοῦ
3607 4941 3679 4990 γα
3689 4925 3866 4992 μεροῦ

2293 5017 2524 5086 δύναμιν
2573 5018 2666 5068 ἐπὶ
2705 5017 2886 5086 μάχην
2925 5013 3028 5086 ἦγε
3077 5015 3300 5086 θατέρου
3337 5015 3592 5084 γαείὂροῦ
3629 5017 3864 5069 “alato-

2294 5112 2454 5176 λόγου
2487 5111 2581 5162 τοῦ
2617 5110 2898 5179 βασιλέως.
2935 5111 3044 5162 Καὶ
3079 5111 3382 5176 τηνικαῦτα
3405 5110 3779 5160 κατέπὶευσαν
3809 5112 3863 5170 ἐς

2301 5202 2593 5264 Βυζάντιον
2621 5202 2946 5253 δυοκαίδεκα
2973 5204 3214 5270 τριήρεις
3249 5201 3548 5259 Βενετικαῖ,
3579 5201 3634 5252 αἳ
3664 5199 3730 5270 δὴ
3773 5203 3867 5251 καὶ

2301 5295 2472 5364 βραχὺ
2506 5298 2616 5354 τοῖς
2651 5293 2885 5346 ἐνταῦθα
2931 5296 3148 5360 λιμέσιν
3191 5291 3604 5359 ἐνδιατρίῲισαι
3644 5293 3742 5360 τὴν
3774 5307 3866 5342 τα-

2299 5382 2492 5449 χίστην
2545 5381 2700 5441 αὖθις
2753 5381 3091 5448 ἀνήχθησαν,
3141 5382 3228 5432 καὶ
3263 5380 3332 5430 τά
3365 5395 3424 5430 τε
3454 5379 3542 5440 δεξ
3569 5379 3602 5431 ὰ
3633 5381 3731 5430 καὶ
3755 5381 3868 5443 ἀρι-

2287 5473 2467 5539 στερὰ
2499 5470 2592 5524 τοῦ
2627 5471 2888 5535 Εὐξείνου
2926 5471 3340 5540 διανειμάμεναι
3379 5471 3583 5522 Πόντου
3617 5467 3826 5534 πλευρὰ
3848 5505 3866 5530 ,

2301 5565 2454 5625 ὅσαις
2493 5563 2559 5616 ἂν
2615 5563 2893 5632 ἐντύχοιεν
2949 5563 3104 5614 ναυσὶ
3166 5563 3202 5612 Γ
3205 5565 3582 5626 εννουῖτικαῖς,
3642 5561 3872 5630 ἐνεπίμ-

2306 5656 2526 5725 πρασάν
2551 5673 2608 5708 τε
2637 5655 2728 5707 καὶ
2757 5655 2940 5724 βυθοῖς
2969 5655 3334 5722 παρέπεμπον
3361 5653 3713 5712 διαποντίοις,

2379 5750 2482 5800 Καὶ
2516 5748 2684 5799 ταῦτα
2722 5751 2815 5817 μὲν
3007 5763 3081 5814 πη
3115 5747 3234 5814 ἔσχε
3269 5747 3360 5799 καὶ
3391 5747 3418 5798 ὁ
3445 5747 3508 5814 τῆ
3563 5747 3870 5812 διηγήσεως
