4070 6326
303 370 415 439 149

1270 379 1715 444 ΒΥΖᾹΝΤΙΝΑΞ
1756 380 2140 441 HISTORle
2182 380 2322 453 LIB.
2370 380 2608 439 XXVII.

3444 368 3542 432 15’)

313 487 710 558 Ἀγαθαγγέλῳ
756 490 957 562 δρόμος
1007 493 1242 547 ἐνταῦθα
1288 494 1643 567 ἐπεραίνετο·
1683 495 1778 547 καὶ
1810 492 1871 545 τὸ

1984 491 2217 545 narratio
2242 490 2307 543 ad
2342 490 2502 545 linem
2524 496 2872 558 pervenerat.
2899 488 3087 558 quue
3116 496 3361 554 tempore
3387 500 3458 536 3:3
3489 499 3543 537 a4

297 576 464 649 θέρος
498 579 665 647 ἔληγε
695 581 1001 649 τηνικαῦτα
1032 584 1128 637 καὶ
1157 584 1436 640 ἐτελεύτα.
1617 597 1620 599 “
1652 614 1655 617 ν

290 706 293 709 »
376 671 507 747 ΚΕΩ
542 670 685 737 Ἐγὼ
708 672 765 726 δὲ
796 674 1105 740 ὑπολαϐὼν,
1135 695 1154 727 ι
1179 671 1249 730 *Ω
1276 676 1403 730 καλὲ
1440 675 1865 744 Ἀγαθάγγελε,›

299 761 467 832 ἔφην,
531 779 551 812 ι
580 762 699 834 ὥρα
735 781 815 818 σοι
857 766 1080 820 ἀπιέναι
1128 767 1228 839 ήδη
1290 770 1422 838 πρὶν
1459 770 1558 839 τὴν
1613 767 1871 821 ἐπιοῦσαν

300 854 462 918 ἡλίου
512 853 670 921 φλόγ’
703 856 1000 925 ἀνασχεῖνο
1053 857 1337 928 προῦργου
1396 858 1509 929 γὰρ
1554 860 1666 921 τοῖς
1719 860 1873 921 ἐμοῖς

304 940 452 998 εἶναι
488 945 744 1011 διώκταις
793 948 1084 1017 συμδαίνει
1112 950 1201 1004 διά
1230 953 1507 1019 τεττάρων
1536 952 1568 1019 ἢ
1609 952 1779 1019 τριῶν
1810 967 1873 1018 γε

304 1038 442 1099 ῖσως
481 1039 704 1107 ἡμερῶν
748 1040 843 1093 τὸν
871 1042 1005 1113 ὲμδν
1046 1044 1255 1096 τουτονὶ
1283 1045 1701 1115 περιτρέχουσιν
1724 1040 1874 1096 οἷκον

305 1129 742 1198 ῥινηλατούντων
767 1132 924 1202 δίκην
955 1134 1257 1205 ἀκροᾶσθαι
1286 1134 1488 1200 κυνῶν,
1520 1135 1613 1188 καὶ
1646 1134 1765 1196 δέος
1798 1133 1873 1203 μὴ

218 1220 223 1225 ’
304 1220 651 1289 αἰσθομένων
680 1223 867 1290 φωνῆς
902 1240 1050 1287 τινος
1092 1225 1301 1278 ἔνδοθεν
1338 1228 1520 1295 ίχνους
1557 1226 1656 1296 τὴν
1704 1226 1873 1294 αὐτὴν

303 1314 440 1377 ἡμῖν
477 1313 622 1381 ἁλῷς
654 1314 887 1368 θανάτου
917 1317 1071 1385 δίκην
1112 1318 1292 1387 δφλων
1326 1321 1421 1373 καὶ
1466 1320 1650 1382 αῧτός.
1684 1319 1874 1372 Ἀπιθι

301 1399 509 1464 τοίνυν,
540 1403 607 1484 τὰ
640 1402 687 1454 δ’
716 1404 963 1474 ἡμέτερα
995 1407 1119 1458 ὅποι
1151 1408 1362 1460 κελεύοι
1388 1408 1520 1469 Θεὸς
1545 1410 1659 1461 iter
1698 1409 1873 1462 πάντα

300 1505 335 1552 γ
354 1492 411 1559 ip
442 1492 541 1557 τῆς
569 1491 781 1544 ἐκείνου
813 1497 996 1564 χειρὸς
1021 1498 1113 1549 καὶ
1145 1499 1400 1567 προνοίας
1429 1498 1678 1566 ἐξῆπται.
1705 1496 1875 1553 Οἶσθα

302 1576 349 1627 δ’
388 1576 461 1639 ὡς
493 1578 657 1645 ἐγγύς
679 1598 781 1634 που
815 1583 905 1635 καὶ
934 1582 1093 1651 μόνον
1122 1586 1183 1637 οὐ
1215 1585 1319 1653 πρὸ
1349 1587 1529 1655 θυρῶν
1559 1587 1648 1638 καὶ
1686 1588 1720 1656 ἡ
1750 1589 1875 1640 τοὺ-

306 1671 526 1733 πιόντος
586 1673 742 1736 ἔτους
774 1673 941 1744 ἀρχὴ,
994 1676 1053 1729 ἐν
1204 1678 1298 1729 καὶ
1350 1676 1529 1746 χρεὼν
1570 1677 1768 1731 εἰδέναι
1816 1695 1875 1729 σε

302 1764 613 1831 εἰθισμένον
659 1769 773 1829 τοῖς
820 1768 1083 1837 ἄρχουσιν
1130 1765 1268 1822 εἶναι
1315 1768 1692 1830 διαλεκτικούς
1725 1786 1877 1831 τινας

302 1855 508 1923 ἄνδρας
540 1859 605 1910 ἐκ
636 1858 893 1927 περιόδου
948 1859 1303 1930 προπέμπειν
1341 1862 1494 1929 ἡμῖν,
1545 1860 1764 1924 ὁποίους
1814 1863 1879 1914 ὲκ
1906 1839 1953 1898 Β

304 1947 680 2020 λατύπης-καὶ
712 1949 955 2022 θυμέλης
988 1952 1083 2005 καὶ
1133 1953 1410 2023 συρίγγων
1464 1952 1560 2006 καὶ
1605 1953 1701 2005 τοῦ
1753 1953 1885 2023 κόρ-

303 2041 472 2104 δακος
523 2043 896 2111 λαμϐάνοντες
942 2045 1229 2114 θεολόγους
1285 2047 1415 2116 ἡμῖν
1473 2045 1880 2116 αὑθημερινοὺς

305 2135 463 2184 αὐτοὶ
488 2130 895 2203 αχεδιάξουσινξ
923 2136 1111 2207 ὥσπερ
1141 2139 1190 2191 οῖ
1228 2137 1391 2206 μῦθοι
1437 2138 1610 2191 πάλαι
1641 2138 1768 2200 τοὺς
1797 2140 1881 2207 γίο

305 2236 533 2285 γαντας·
569 2222 635 2274 δι’
660 2217 735 2276 ὧν
763 2225 986 2295 ἐλλοχᾷν
1009 2228 1159 2296 ἡμᾶς
1181 2226 1241 2278 οὑ
1262 2228 1414 2297 παρὰ
1438 2227 1643 2295 φαῦλον
1667 2228 1885 2283 ποιοῦν-

304 2328 400 2363 ται
452 2312 541 2365 διὰ
574 2316 810 2372 ῑπολλῶν
856 2336 914 2370 τε
956 2322 1051 2371 καὶ
1092 2319 1425 2388 πολλαχόθεν
1468 2319 1531 2391 [Γ.
1570 2320 1671 2375 158
1701 2320 1755 2393 α]
1789 2325 1883 2374 καῖ

303 2405 665 2476 πολυτρόπων
695 2410 796 2479 τῆς
828 2411 1028 2482 πείρας
1060 2412 1241 2477 εἱδῶν,
1301 2413 1387 2466 ἵνα
1424 2413 1573 2466 δυοῖν
1614 2414 1844 2483 θάτερον
1865 2453 1880 2477 ,

304 2492 337 2562 ἢ
371 2493 629 2559 λαθόντες
660 2499 793 2563 ῐσως
823 2499 1225 2555 ὑποσκελίσωσί
1248 2518 1307 2554 τε
1337 2502 1433 2555 καὶ
1471 2501 1883 2572 περιτρέψωαιν

306 2586 363 2647 ἐς
396 2587 458 2641 τὸ
483 2591 634 2658 σφίσι
664 2590 1008 2661 βουλόμενον,
1040 2594 1073 2665 ἢ
1104 2595 1234 2663 γοῦν
1274 2593 1578 2648 αἴσθωνται
1604 2595 1882 2666 ὁποτέρω-

305 2678 398 2730 θεν
429 2682 496 2733 ἂν
525 2683 615 2754 εἴη
642 2683 797 2753 σφίσι
825 2685 902 2754 τῷ
925 2687 1023 2756 τῆς
1055 2688 1234 2757 ψυχῆς
1262 2688 1515 2759 ἡδομένῳ
1546 2690 1882 2759 χαρίσασθαι

306 2774 459 2843 ῥᾷον·
492 2774 525 2843 ἦ
555 2775 666 2845 γὰρ
706 2778 1186 2848 κατεργασθέντας
1242 2781 1392 2850 ἡμᾶς
1446 2782 1512 2850 τῇ
1559 2782 1746 2849 μακρᾷ
1788 2784 1883 2835 καὶ

306 2862 470 2932 ἀήθει
493 2865 666 2936 ταύτῃ
699 2868 1048 2940 ταλαιπωρίᾳ
1081 2870 1316 2939 ῥαγῆναι
1345 2868 1440 2923 τοῦ
1478 2869 1578 2941 ζῇν
1604 2873 1700 2925 καὶ
1720 2873 1885 2941 ἀπρο-

304 2956 574 3022 φασίστου
608 2959 796 3027 τυχεῖν
842 2951 1011 3030 οὗπερ
1041 2960 1285 3029 ἐφίενται
1317 2960 1598 3029 δράματος
1628 2960 1803 3022 αὐτοὶ,
1849 2958 1885 3027 ἢ

301 3050 365 3099 τό
398 3066 462 3116 γε
503 3049 781 3120 δεύτερον,
819 3050 1012 3120 βιαίων
1044 3053 1193 3122 ἡμᾶς
1237 3052 1483 3106 θανάτων
1516 3052 1737 3123 ἄθυρμα
1783 3069 1883 3103 πει

304 3141 577 3211 πραχόσιν
602 3144 661 3196 ὲν
691 3143 890 3213 ἀφανεῖ
914 3146 1027 3206 τοῖς
1059 3145 1164 3210 ἔξω
1201 3146 1409 3215 χωρίῳ,
1440 3147 1516 3213 τῷ
1545 3147 1678 3216 οἴκῳ
1726 3146 1879 3215 τῳδὶ,

302 3235 366 3286 τί»
397 3233 699 3305 ἄπραγμον
729 3236 915 3304 σφίσιν
944 3236 1127 3301 αὐτοῖς
1151 3239 1210 3290 ὲν
1238 3239 1434 3309 βραχεῖ
1462 3239 1569 3291 τῶν
1597 3239 1882 3308 ἡμετέρων

306 3327 501 3382 εἵνεκα
534 3328 832 3398 φροντίδων
862 3329 1009 3393 δόξαι
1042 3334 1367 3402 παρασχεῖν.
1406 3333 1483 3384 Δι’
1514 3332 1547 3385 ἆ
1591 3335 1685 3385 καὶ
1714 3332 1883 3401 μελήι

308 3436 431 3472 σειν
451 3417 610 3487 ἡμῶν
640 3414 795 3490 οἶμαι
828 3420 965 3491 Θεῷ·
993 3420 1080 3475 διὰ
1108 3422 1393 3492 φροντίδος
1419 3424 1463 3475 δ’
1492 3418 1586 3476 οὖν
1623 3417 1762 3477 εἶναι
1791 3425 1885 3476 καῖ

309 3510 396 3561 σοὶ
427 3508 689 3579 βούλομαι
719 3513 973 3578 ἀπιόντι,
1009 3515 1155 3567 δυοῖν
1184 3516 1412 3587 θάτερον
1464 3517 1619 3587 δρᾷν·
1652 3517 1743 3570 τοῦ
1778 3518 1885 3586 γάρ

305 3621 391 3658 τοι
421 3604 766 3673 φθινοπώρου
799 3608 955 3660 τοῦδε
984 3611 1077 3662 καὶ
1110 3609 1224 3679 ἅμα
1259 3610 1352 3662 τλιῦ
1397 3611 1628 3664 κατόπιν
1684 3612 1887 3680 χειμῶ-

307 3715 397 3759 νος
426 3699 865 3768 τελευτησάντων
893 3702 941 3755 εί
968 3703 1065 3773 μὲν
1095 3704 1241 3768 ὅπως
1272 3703 1403 3757 ποτὲ
1438 3706 1698 3767 θανόντας
1733 3707 1885 3775 ἡμᾶς

307 3790 527 3857 πύθοιο,
559 3793 668 3844 τῶν
695 3794 1112 3863 συντακτηρίων
1160 3797 1388 3849 ἐκείνων
1437 3797 1685 3867 μέμνησο
1712 3796 1884 3865 λόγων

308 3884 496 3952 ἡμῶν,
547 3888 641 3937 καὶ
690 3885 803 3939 τῶν
841 3887 905 3955 γέ
955 3904 1038 3940 σοι
1087 3888 1325 3955 ἐφικτῶν
1369 3890 1496 3958 μήτ’
1545 3890 1884 3960 ἀμελητέον,

315 3978 455 4044 μήτε
482 3976 655 4047 δήπου
686 3980 798 4031 τῶν
826 3979 1191 4048 ὀφειλομένων
1245 3980 1382 4043 ὅλως
1422 3984 1657 4034 κατόπιν
1706 3982 1888 4034 θετέον

311 4069 635 4135 φροντίδων,
669 4071 827 4133 εἰδὼς
867 4073 962 4140 μὲν
986 4072 1060 4133 ὡς
1081 4071 1233 4123 οὐδὲν
1265 4072 1355 4123 τὸν
1386 4072 1641 4141 ἀκίνητον
1681 4072 1883 4138 ὀφθαλ-

317 4162 419 4229 μὸν
448 4161 734 4231 λεληθέναι
776 4162 850 4231 μὴ
886 4163 967 4216 ὅτι
1005 4164 1114 4215 τῶν
1147 4165 1203 4226 ἐς
1235 4163 1545 4231 τούμφανὲς
1594 4162 1889 4232 δρωμένων

313 4253 545 4306 δύναται
596 4254 658 4306 τὸ
703 4255 967 4324 παράπαν
1005 4255 1181 4318 οὐδὲν,
1240 4253 1357 4307 ἀλλ’
1408 4254 1516 4307 οὐδ’
1558 4255 1704 4323 ἴχνος
1758 4254 1888 4323 γοῦν

312 4346 469 4399 οὐδὲν
502 4346 614 4400 τῶν
637 4346 995 4415 ἀνθρωπίνων
1024 4347 1286 4400 ἁπάντων
1316 4342 1772 4412 καθάπαξέίπεῖν
1805 4347 1889 4398 λο-

314 4434 556 4504 γισμῶν,
580 4434 736 4498 εἰδὼς
762 4434 807 4485 δ’
838 4430 902 4488 αὖ
940 4434 1035 4487 καὶ⁸
1078 4434 1172 4487 τοῦ
1223 4434 1510 4503 μέλλοντος
1560 4436 1770 4487 ἐκείνου
1816 4435 1892 4488 δι-

1980 582 2138 637 ﬁnem
2169 583 2310 653 cepit
2343 592 2397 635 et
2429 583 2615 637 desiit.

2050 672 2211 729 XXV.
2269 674 2382 744 Ego
2421 690 2550 729 vero
2584 673 3001 742 respondebam,
3031 669 3189 735 Vide,
3220 667 3546 723 amicissima

1978 767 2369 837 Agathangele,
2411 776 2467 821 ut
2495 765 2658 821 abeas
2702 775 2998 835 antequam
3031 763 3162 817 solis
3191 762 3281 815 lux
3316 760 3544 811 oriatur.

1980 856 2113 911 Nam
2150 858 2599 925 persecutoribus
2643 858 2780 912 meis
2825 859 2917 926 qui
2948 864 3185 926 quatuor
3239 851 3318 905 vel
3375 849 3549 903 tribus

1981 957 2129 1003 certe
2155 948 2351 1004 diebus
2376 952 2601 1004 domum
2636 950 2776 1003 hanc
2821 949 3260 1003 circumcursant
3288 956 3549 1010 prospere

1980 1041 2218 1112 obtingit
2247 1052 2307 1097 ut
2335 1043 2722 1097 auscultentur
2753 1051 3013 1109 tanquam
3044 1053 3206 1093 canes
3236 1036 3301 1090 ad
3329 1031 3547 1088 investi-

1980 1132 2217 1202 gandum
2241 1134 2599 1203 sagacissimi,
2633 1142 2688 1188 et
2721 1131 3074 1187 metuendum
3109 1138 3192 1183 est
3211 1142 3334 1184 cum
3364 1138 3550 1176 vocvm

1982 1227 2128 1280 intus
2150 1225 2384 1295 aliquam
2414 1225 2759 1295 perceperint
2783 1240 2851 1279 ne
2879 1224 3019 1289 idem
3050 1235 3260 1275 mecum
3293 1218 3387 1271 tibi
3414 1233 3550 1283 qun-

1983 1332 2086 1385 que
2119 1321 2309 1373 mortis
2332 1318 2663 1387 supplicium
2695 1318 3010 1371 contrahas.
3044 1312 3223 1367 Abeas
3247 1311 3431 1379 igitur.
3464 1323 3555 1359 ce.-

1982 1409 2115 1464 dant
2147 1425 2235 1463 res
2260 1419 2461 1465 nostra:
2500 1425 2608 1479 quo
2644 1411 2783 1463 Deus
2832 1409 3012 1470 ferat;
3066 1412 3260 1457 cuncta
3294 1402 3438 1457 enim
3487 1400 3554 1451 ah

1982 1500 2129 1553 illius
2161 1500 2366 1554 auxilio
2404 1508 2459 1554 et
2497 1500 2840 1569 providentia
2899 1497 3158 1567 pendent.
3210 1494 3331 1548 Scis
3369 1504 3551 1543 autem

1983 1608 2147 1661 (1⁸³³³1
2183 1594 2551 1661 Ρτοβὶηίιυυηι
2579 1593 2652 1653 Sit
2687 1601 2742 1647 et
2774 1606 2909 1659 pene
2935 1589 3001 1642 ad
3030 1589 3228 1655 januas
3256 1582 3554 1652 appropin-

1983 1684 2205 1750 quantis
2253 1685 2377 1737 anni
2431 1684 2669 1746 initium,
2731 1697 2839 1751 quo
2869 1680 3010 1749 quod
3068 1679 3209 1732 scire
3255 1687 3305 1728 te
3340 1681 3557 1741 oportet

1982 1772 2259 1840 principes
2299 1772 2480 1825 solent
2537 1772 2729 1826 doctos
2772 1770 3035 1839 quosdam
3086 1766 3334 1821 homines
3388 1763 3555 1818 certis

1984 1862 2320 1929 temporibus
2333 1862 2399 1915 ad
2432 1877 2532 1916 nos
2558 1863 2797 1924 mittere,
2824 1875 2961 1929 quos
2977 1874 3008 1913 e
3030 1856 3294 1912 ramentis
3317 1862 3372 1909 et
3392 1868 3555 1906 seen-.1

1980 1962 2036 2007 et
2067 1934 2339 2008 cuniculis
2386 1964 2442 2007 et
2469 1953 2700 2008 cordace
2721 1960 3032 2020 assumptos
3066 1937 3345 2015 theologos
3397 1943 3555 1996 nobis

1982 2047 2229 2114 quotidie
2257 2046 2357 2115 ipsi
2384 2045 2655 2099 fabricant
2706 2052 2763 2097 ιιι
2802 2047 2856 2097 in
2900 2042 3098 2096 fabulis
3142 2040 3404 2109 gigantes.
3456 2036 3557 2088 Per

1982 2153 2121 2207 quos
2149 2137 2372 2191 insidias
2401 2136 2573 2190 ‘nobis
2608 2144 2821 2190 struere
2882 2145 3038 2200 turpe
3088 2146 3192 2184 non
3241 2125 3557 2183 existimant

1982 2228 2169 2282 multis
2197 2227 2469 2296 variisque
2505 2226 2704 2289 modis,
2738 2225 2809 2279 ita
2839 2234 2897 2278 ut
2937 2234 3029 2279 aut
3063 2222 3312 2276 fraudem
3354 2218 3556 2271 faciant

1982 2330 2039 2375 et
2079 2318 2234 2390 173
2271 2334 2386 2373 rem
2420 2319 2484 2372 ad
2520 2334 2673 2373 suam
2710 2318 3043 2371 voluntatem
3081 2323 3296 2367 vertant
3347 2318 3441 2363 aut
3474 2311 3559 2363 in-

1986 2411 2230 2481 telligant
2264 2409 2540 2481 quomodo
2595 2408 2811 2464 libidini
2868 2422 2979 2461 suae
3027 2405 3242 2460 facilius
3271 2402 3557 2469 indulgere

1984 2504 2215 2572 possint.
2243 2501 2381 2557 Nam
2414 2502 2631 2556 videtur
2662 2500 2772 2555 illis
2813 2498 2932 2553 fore
2962 2507 3022 2552 ut
3053 2505 3148 2549 aut
3188 2495 3350 2564 hujus
3406 2493 3559 2546 inso-

1985 2597 2092 2652 litae
2118 2612 2180 2652 ac
2199 2598 2379 2666 Iongze
2403 2596 2667 2651 custodiae
2697 2593 2917 2649 miseria
2949 2593 3304 2648 conﬁeiamur
3340 2588 3409 2641 ita
3437 2586 3560 2656 qui-

1984 2690 2108 2744 dem
2141 2698 2199 2743 ut
2236 2688 2429 2743 mortis
2467 2697 2668 2743 nostras
2705 2686 2806 2755 ipsi
2850 2700 2959 2739 non
3011 2683 3087 2737 rei
3125 2683 3434 2741 videantur,
3467 2686 3559 2731 aut

1985 2788 2045 2833 ut
2071 2778 2233 2833 morti
2264 2777 2677 2833 violentissima
2712 2776 3009 2839 tradamur,
3040 2775 3113 2828 ita
3169 2782 3223 2827 ut
3260 2772 3358 2842 ipsi
3406 2770 3555 2825 brevi

1983 2888 2013 2926 a
2044 2873 2196 2926 curis
2254 2879 2483 2941 propter
2518 2887 2619 2927 nos
2655 2869 2981 2925 liberentur.
3017 2866 3124 2920 Sed
3182 2866 3263 2919 ha:
3324 2881 3411 2918 res
3449 2864 3557 2916 Deo

1985 2980 2129 3021 curae
2161 2972 2343 3019 erunt.
2382 2965 2460 3018 Tu
2497 2978 2715 3034 quoque
2748 2962 2907 3017 velim
2941 2974 3103 3016 cures
3148 2968 3207 3013 ut
3241 2973 3309 3012 ex
3344 2956 3557 3009 duobus

1985 3059 2219 3113 alterUm
2254 3058 2437 3141 facias.
2473 3058 2750 3112 Autumno
2802 3054 2948 3111 enim
2984 3065 3035 3109 et
3085 3054 3277 3123 hyeme
3309 3050 3556 3119 sequenti

1908 3181 1954 3238 ο
1986 3149 2256 3214 coniecta,
2288 3151 2332 3203 si
2384 3164 2483 3203 nos
2522 3156 2769 3203 mortuos
2799 3161 2918 3202 esse
2950 3144 3212 3211 audieris,
3246 3142 3431 3199 ultima
3467 3147 3556 3199 illa

1986 3256 2015 3295 a
2066 3241 2225 3295 nobis
2276 3241 2423 3295 dicta
2479 3241 2741 3294 memoria
2795 3234 3048 3308 repetes;
3103 3254 3280 3310 neque
3337 3254 3400 3292 ea
3440 3254 3559 3306 qua:

1984 3345 2215 3406 possunt
2244 3334 2381 3388 eﬂici
2435 3332 2759 3404 negligenda
2812 3339 2940 3387 sunt
2998 3330 3364 3402 nequejustac
3416 3346 3561 3385 cura:

1985 3427 2399 3499 posthabendaa.
2450 3425 2571 3482 Scis
2621 3425 2777 3479 enim
2824 3430 3043 3478 acutum
3095 3425 3317 3479 oculuin
3371 3423 3559 3492 fugere

1985 3516 2122 3569 nihil
2165 3531 2354 3575 eorum
2410 3531 2528 3585 quae
2584 3514 2863 3584 prepalam
2924 3515 3099 3579 Iiunt,
3150 3530 3217 3567 ne
3266 3514 3558 3581 vestigium

1987 3610 2209 3677 quidem
2242 3619 2299 3661 ut
2327 3609 2398 3661 ita
2449 3608 2624 3662 dicam
2659 3622 2850 3662 eorum
2897 3623 3016 3675 quae
3054 3608 3305 3662 homines
3347 3606 3563 3675 excogi-

1990 3706 2124 3752 tant.
2164 3698 2281 3754 Seis
2322 3713 2486 3767 porro
2520 3699 2680 3766 quale
2723 3698 2794 3753 sit
2828 3698 3240 3758 futurutmillud
3290 3698 3559 3768 judicium

1988 3790 2132 3860 quod
2160 3791 2349 3846 evitari
2381 3805 2490 3843 non
2524 3800 2701 3859 potest
2730 3808 2743 3853 ;
2778 3791 2819 3843 si
2848 3806 2976 3843 vero
3002 3790 3055 3843 in
3087 3792 3185 3844 hac
3210 3790 3321 3843 vita
3350 3805 3564 3843 reman-

1990 3882 2127 3935 sisse
2153 3895 2255 3934 nos
2294 3881 2576 3948 acceperis
2611 3895 2791 3934 rerum
2834 3896 2956 3948 quae
2988 3879 3081 3933 tibi
3120 3896 3266 3934 cura:
3315 3881 3560 3933 omnium

1990 3971 2223 4025 maxime
2248 3971 2298 4024 id
2337 3969 2575 4035 curabis,
2618 3969 2944 4023 incolumem
2979 3978 3028 4023 te
3057 3970 3272 4039 juvabit
3306 3970 3473 4035 Deus,
3504 3985 3563 4023 ut

1995 4077 2189 4116 rursus
2224 4061 2289 4115 ad
2340 4077 2439 4114 nos
2474 4063 2666 4115 redeas
2697 4072 2753 4115 et
2784 4061 3121 4131 publicarum
3176 4061 3335 4131 174Ι
3380 4078 3560 4116 rerum

1992 4152 2133 4205 ratio
2155 4167 2276 4220 qum
2308 4151 2377 4205 sit
2399 4159 2454 4205 et
2480 4166 2600 4219 quae
2622 4151 2789 4205 fuerit
2819 4154 3042 4205 enarres
3073 4160 3126 4203 et
3161 4152 3323 4221 quale
3352 4153 3563 4219 rapacis

1992 4245 2138 4299 illius
2167 4244 2361 4315 synodi
2402 4243 2683 4298 decretum
2716 4244 2787 4298 sit
2820 4244 2966 4313 quod
3004 4245 3251 4299 Palamas
3302 4245 3560 4315 agnovit;

1995 4345 2160 4406 atque
2196 4346 2252 4390 ut
2282 4336 2425 4405 piam
2454 4335 2615 4389 ﬁdem
2646 4336 2838 4390 morbo
2857 4335 3081 4389 minime
3106 4335 3359 4390 laborare
3379 4344 3566 4389 osten-

1994 4428 2089 4482 das
2119 4444 2185 4482 ex
2218 4428 2375 4482 libris
2419 4427 2785 4481 incommodis
2828 4425 2931 4480 nisi
2972 4426 3156 4480 omnia
3211 4425 3279 4479 ad
3332 4427 3563 4481 nihilum

314 4526 622 4596 καστηρίου
677 4526 741 4579 τὸ
786 4525 1028 4595 ἀφυκτόν
1077 4542 1136 4578 τε
1168 4526 1263 4581 καὶ
1291 4524 1703 4592 ἀναπόδραστον
1740 4526 1883 4577 ὅσον.

1997 4521 2347 4591 pervenerint
2376 4529 2561 4589 partes
2603 4520 2880 4589 digniores
2909 4519 3113 4574 electas
3137 4520 3311 4588 {nobis
3358 4520 3561 4574 mittes.

317 4623 379 4675 Ei
408 4622 467 4673 δὲ
495 4622 564 4688 τῇ
590 4619 739 4674 κάτω
767 4619 940 4690 ταύτῃ
970 4619 1085 4689 ζωῇ
1108 4618 1529 4699 παραμένοντας
1560 4618 1638 4668 ἔτι
1679 4618 1886 4686 μανθα-

314 4731 428 4776 νεις
450 4714 621 4783 ἡμᾶς,
655 4706 730 4765 ὧν
758 4711 932 4765 ἄλλων
963 4728 1048 4764 σοι
1090 4710 1263 4779 μέλει,
1300 4709 1384 4761 σοὶ
1408 4709 1464 4761 δὲ
1497 4708 1717 4760 πάντων
1745 4708 1887 4759 ὲκεί-

1994 4615 2075 4676 ᾼιι
2117 4628 2279 4682 quem
2318 4628 2447 4666 vero
2505 4611 2667 4666 linem
2705 4619 2755 4666 te
2806 4627 2915 4666 non
2976 4611 3225 4682 ignorare
3269 4622 3434 4681 puto;
3478 4614 3564 4667 sin

1993 4722 2147 4769 vero,
2176 4703 2465 4775 intelliges.

318 4825 422 4859 τίων
448 4802 811 4875 προτιμάσθω
832 4803 991 4856 ταυτὶ¹
1025 4799 1360 4869 σεσωσμένῳ
1390 4801 1484 4852 καὶ
1520 4800 1601 4850 σοὶ
1673 4796 1999 4866 βοηθοῦντος
2030 4796 2191 4860 Θεοῦ,
2253 4796 2455 4865 δηλαδὴ
2498 4795 2636 4865 πρὸς
2669 4797 2819 4865 ἡμᾶς
2884 4796 3042 4857 αὖθις
3072 4795 3357 4848 ἐπανιέναι
3403 4796 3472 4847 τά
3508 4813 3566 4847 τε

312 4902 425 4953 τῶν
482 4900 761 4969 δημοσίων
819 4899 1185 4968 πραγμάτων,
1230 4895 1305 4958 ὡς
1344 4896 1471 4965 ἔσχε
1518 4912 1575 4947 τε
1619 4894 1822 4964 μεταξὺ
1858 4893 1950 4945 καὶ
1989 4891 2552 4961 ἐχοι,διηγησομένῳ,
2577 4890 2808 4956 καὶᾶμα
2834 4891 2931 4957 τῆς
2956 4889 2999 4940 θ’
3029 4888 3322 4957 ὁμολογίας
3352 4888 3565 4954 ἐκείνης

314 4998 383 5067 ἣν
420 4995 514 5047 ἐπὶ
552 4993 652 5061 τῆς
683 4992 1052 5064 λῃστευούσης
1082 4991 1297 5060 ἐκείνης
1333 4991 1361 5040 ὁ
1387 4989 1653 5057 Παλαμᾶς
1713 4988 1924 5053 ἀνέγνω
1964 4986 2211 5047 συνόδου,
2277 4985 2543 5037 δεικνύειν
2576 4985 2741 5054 θῆθεν
2789 4983 2990 5036 ἐθέλων
3046 4983 3120 5044 ὡς
3173 4982 3375 5051 ἥκιστα
3424 4985 3571 5032 νοσεῖ

319 5088 452 5157 περὶ
488 5084 587 5154 τὴν
617 5085 816 5153 εὐσεῦἦ
852 5087 1056 5145 πίστιν,
1134 5087 1229 5136 καὶ
1271 5084 1408 5152 πρός
1455 5098 1519 5151 γε
1567 5082 1675 5135 τῶν
1733 5082 1953 5133 ἀτόπων
1991 5080 2218 5133 ἐκείνων
2246 5078 2452 5147 τόμων,
2484 5080 2533 5130 εί
2571 5078 2647 5148 μὴ
2678 5078 2860 5131 πάντα
2892 5076 3063 5145 φάναι
3091 5074 3393 5144 συλλήϐδην
3425 5076 3479 5135 ἐς
3510 5076 3568 5125 τὸ

324 5181 493 5250 μηδὲν
528 5180 818 5243 ἐλλείπειν,
853 5179 967 5232 ἀλλ’
994 5177 1084 5233 οὖν
1114 5180 1181 5233 τὰ
1214 5177 1547 5249 καιριώτερα
1574 5178 1682 5232 τῶν
1704 5175 1886 5248 μερῶν
1924 5174 2317 5245 ἀπολεξαμένῳ
2355 5175 2571 5243 κομιεῖν
2635 5174 2789 5244 ἡμῖν.
2825 5170 2940 5238 Ἐφ’
2979 5170 3087 5239 ὅτῳ
3127 5171 3208 5233 δὲ,
3271 5168 3378 5222 οὐδ’
3408 5169 3572 5220 αὺτὲν

318 5280 538 5345 ἀγνοεῖν
566 5273 722 5345 οἶμαι
750 5276 832 5331 oi‘
866 5278 913 5329 el
948 5276 992 5330 δ’
1024 5274 1140 5337 οὖν,
1171 5275 1358 5346 γνώσῃ
1384 5276 1429 5329 δ’
1462 5271 1576 5334 οὖν.
1608 5295 1626 5326 ο

396 5374 543 5439 KC'.
573 5372 793 5427 Τούτων
850 5372 894 5424 δ’
927 5370 1068 5423 οὕτω
1124 5369 1427 5439 λεχθέντων
1484 5369 1643 5438 ἡμῖν,
1700 5370 1729 5421 ὁ
1792 5367 1892 5437 μὲν

2074 5364 2264 5420 XXVI.
2294 5363 2425 5430 Quae
2455 5378 2578 5418 cum
2608 5363 2823 5417 locutus
2858 5368 3006 5415 esset
3040 5358 3442 5430 Agathangelus
3488 5361 3572 5413 via

332 5463 741 5536 ’Ᾱγαθαγγελος
782 5462 951 5533 ἀπῄει
993 5460 1094 5531 τὴν
1123 5459 1378 5512 εἰωθυῖαν
1409 5458 1671 5528 ἔνδακρυς
1709 5474 1769 5511 τε
1803 5458 1883 5510 κατ

2000 5472 2107 5527 qua
2143 5457 2429 5511 consuevit
2463 5456 2618 5521 abiit,
2657 5452 2911 5522 Iacrymis
2951 5460 3006 5506 et
3037 5452 3257 5506 tristitia
3290 5451 3568 5518 impletus.

326 5561 472 5629 μάλα
504 5576 556 5612 τι
584 5556 873 5619 πλείστους
904 5556 965 5608 ἐν
1001 5552 1270 5622 θαλάμοις
1318 5550 1501 5621 ψυχῆς
1553 5552 1897 5621 ἐπαγόμενος

322 5652 504 5721 λύπης
536 5650 770 5719 σωροὺς,
806 5647 917 5714 ἐγὼ
958 5647 1014 5700 δὲ
1044 5648 1183 5699 οἴκοι
1232 5645 1527 5716 λέλειμμαι
1564 5644 1749 5712 μόνος,
1804 5644 1897 5695 ἀν-

326 5742 562 5810 θρώπων
593 5741 694 5811 μὲν
727 5740 924 5805 οὐδενὶ,
967 5738 1115 5808 μόνῳ
1148 5739 1204 5790 δὲ
1238 5738 1591 5807 προσανέχων
1620 5735 1740 5805 Θεῷ
1772 5736 1895 5788 ὅσον

329 5832 567 5901 ἐφικτὸν,
611 5833 692 5893 είς
727 5831 963 5898 ἐμαυτὸν
994 5829 1286 5898 γενόμενος
1332 5828 1429 5895 ἤδη
1492 5831 1583 5881 καὶ
1628 5826 1761 5896 πρός
1802 5826 1895 5878 ἕκ-

2002 5549 2117 5617 Ego
2144 5562 2276 5601 vero
2303 5545 2453 5599 domi
2489 5544 2714 5598 relictus
2760 5557 2902 5595 sum.
2938 5541 3189 5595 Hominis
3215 5538 3435 5608 quidem
3479 5553 3574 5592 so-

1998 5643 2145 5697 latiO’
2159 5641 2403 5711 privatus
2432 5654 2608 5703 eram,
2643 5638 2735 5693 sed
2765 5652 2873 5691 non
2906 5638 2999 5692 Dei
3032 5637 3107 5689 ad
3133 5647 3293 5703 quem
3318 5644 3407 5684 me
3436 5644 3569 5685 con-

1997 5736 2283 5789 Vertebam
2331 5746 2453 5787 eum
2518 5729 2584 5785 ad
2642 5746 2725 5784 me
2783 5728 2959 5798 ipsum
3014 5733 3275 5795 quantum
3326 5730 3573 5791 poteram

2001 5825 2260 5887 redirem.
2305 5833 2359 5879 et
2406 5823 2471 5878 ad
2523 5821 2797 5877 insolitam
2848 5828 2899 5872 et
2952 5818 3201 5872 altiorem
3241 5809 3579 5881 contetiipla-
