4070 6326
565 355 659 421 151
1603 337 1612 340 ’
1751 351 2167 430 mem-utam
2208 367 2587 430 GREGORE

3690 364 3794 427 152

553 475 761 544 tionem
792 492 946 533 mens
978 495 1096 535 mea
1126 483 1429 550 advolaret,
1468 496 1518 539 et
1549 487 1601 540 in
1640 487 1933 541 reconditis
1964 486 2126 539 rebus

2229 486 2399 554 δημόν
2454 501 2577 536 τινα
2623 482 2715 534 καὶ
2773 480 3111 550 ὑψηλοτέραν
3153 476 3384 547 θεωρίαν
3438 476 3791 537 ἀναπετάσας

552 583 678 619 «tum
761 570 1155 638 trnquillitnte
1228 577 1458 642 quadam
1537 579 1702 631 animi
1785 588 2117 632 versaretur.

553 657 781 712 Maxima
819 661 965 714 enim
1017 678 1140 731 pars
1167 667 1283 735 ejus
1312 670 1437 721 anni
1487 683 1597 737 quo
1628 668 1814 723 multis
1845 669 2120 738 periclitao

554 750 796 806 tionibus
843 756 1087 809 externis
1133 772 1310 824 neque
1351 759 1531 813 adhuc
1583 759 1810 814 sublatis
1857 760 2119 813 sollicita-

552 841 750 896 bamur
799 857 1120 916 consumpta
1173 860 1312 914 erat,
1351 865 1419 903 ex
1465 852 1659 906 avibus
1704 866 1825 921 quae
1877 867 1977 906 nos
2014 851 2121 904 cir-

551 937 936 992 cumvolabant
985 940 1075 993 ubi
1113 941 1263 995 verni
1318 943 1583 1011 temporis
1617 958 1864 998 essemus
1916 958 2118 1014 cOgno-

550 1025 772 1081 vimus.’
805 1027 993 1098 Neque
1036 1031 1180 1084 enim
1222 1031 1422 1087 durum
1472 1043 1528 1089 et
1569 1033 1869 1088 absurdum
1921 1049 2116 1088 sonum

551 1117 786 1174 edebant
818 1119 922 1174 illa:
956 1121 1182 1178 vocibus
1209 1123 1416 1194 frigore
1462 1126 1796 1190 constrictis,
1829 1129 1921 1180 sed
1949 1127 2118 1180 libere

551 1209 939 1275 prmdieabant,
1009 1227 1106 1282 per
1153 1230 1332 1270 aerem
1384 1215 1696 1280 sonabant,.
1734 1232 1832 1286 per
1897 1231 2120 1272 nemora

549 1303 845 1357 eautabant
875 1313 930 1358 et
959 1305 1252 1360 arboribus
1280 1306 1581 1364 insidentes
1605 1309 1844 1364 ‘vocibus
1869 1308 2043 1363 aeutis
2066 1316 2122 1361 et

549 1394 812 1447 suavibus
861 1407 1127 1451 concentu
1193 1399 1427 1467 quodam
1473 1400 1774 1454 certabant.
1828 1398 1944 1464 Quo
1992 1413 2120 1452 can-

551 1482 660 1532 tico
699 1479 856 1552 175
891 1484 1272 1539 dulcissimum
1319 1503 1414 1542 ver
1465 1487 1668 1542 factum
1717 1497 1823 1550 est,
1860 1487 1928 1540 ita
1982 1498 2040 1539 ut
2083 1486 2118 1539 ii

549 1587 770 1641 quoque
802 1577 892 1643 qui
919 1577 1065 1630 domi
1100 1577 1293 1632 inclusi
1337 1588 1495 1632 erant
1549 1579 1754 1648 primas
1799 1578 1942 1632 illius
1976 1577 2122 1631 veris

549 1651 861 1730 voluptates
913 1670 1194 1737 percipere
1253 1677 1498 1738 possent.
1573 1668 1667 1724 llis
1727 1669 1892 1724 rebus
1953 1670 2118 1722 etiam

553 1751 723 1807 animi
765 1757 870 1809 mei
930 1758 1268 1826 exspectatio
1324 1760 1376 1811 in
1428 1759 1858 1827 Agathangelum
1908 1757 1974 1811 ad
2023 1772 2121 1809 nos

554 1844 1167 1904 reversurumsublime
1194 1849 1508 1904 advolabat.

2225 578 2318 630 τοῦ
2340 577 2432 629 νοῦ
2461 577 2524 628 τὸ
2553 575 2776 644 πτερὸν,
2821 576 2919 626 καὶ
2945 575 3059 634 τοῖς
3104 570 3438 640 ἀποῤῥήτοις
3469 567 3581 620 τῶν
3619 567 3793 620 ὄντων

2224 669 2586 738 ἐνδιατρίϐειν
2618 666 2800 733 ἀφιεὶς
2841 666 2898 717 ὲν
2951 664 3162 732 γαλήνῃ
3217 660 3326 714 τινὶ
3363 658 3643 727 λογισμῶν
3688 658 3791 723 τὴν

2222 762 2484 815 διάνοιαν.
2513 760 2672 812 Ἐπεὶ
2707 759 2764 813 δὲ
2797 757 2892 810 καὶ
2930 757 3026 809 τοῦ
3080 757 3234 816 ἔτους
3279 753 3490 806 ἐκείνου
3538 751 3601 803 τὸ
3637 750 3795 802 ’πλεῖ-

2227 869 2353 904 στον
2386 852 2486 922 ἤδη
2520 850 2744 921 παρῄει,
2779 851 2838 902 ἐν
2869 843 2912 917 ᾧ
2945 847 3161 908 πολλοῖς
3199 844 3306 896 τῶν
3344 842 3542 907 ἔξωθεν
3572 844 3792 894 ἐντετυ-

2223 944 2492 1015 χήκειμεν
2529 942 2597 995 αὖ
2627 939 2969 1010 πειρασμῶν,
3005 938 3087 990 ἔτι
3115 938 3160 990 δ’
3189 935 3284 988 οὖν
3313 933 3423 987 τῶν
3453 933 3658 1002 ἥκιστα
3689 948 3794 983 πε-

2224 1036 2430 1088 σόντων
2461 1033 2724 1102 ὤφθημεν
2767 1030 2863 1097 ξύν
2919 1047 2986 1098 γε
3048 1027 3190 1098 Θεῷ,
3223 1027 3470 1092 ἔγνωμεν
3531 1025 3643 1076 κὰκ
3683 1023 3795 1074 τῶν

2223 1126 2325 1196 ἠδη
2365 1125 2792 1193 περιπαμὲνων
2824 1123 2956 1190 ἡμῖν
2986 1121 3191 1191 ὀρνέων
3238 1121 3335 1173 καὶ
3376 1121 3481 1187 ὅπη
3522 1116 3617 1168 τοῦ
3657 1112 3794 1198 ἦρος

2223 1218 2417 1284 ετημεν
2460 1214 2786 1284 τηνικαῦτα.
2840 1213 2920 1266 Οὐ
2973 1213 3082 1282 γὰρ
3141 1211 3446 1278 πεπνιγότα
3497 1209 3622 1260 τινὰ
3697 1206 3795 1258 καὶ

2222 1309 2457 1378 δύσηχον
2510 1308 2712 1360 ἐδίδουν
2775 1301 2865 1359 τὸν
2933 1306 3169 1373 φθόγγον
3231 1301 3623 1371 συνθλιϐόμενά
3673 1312 3795 1362 πως

2227 1397 2291 1469 [Γ.
2327 1398 2426 1452 158
2456 1395 2512 1469 b]
2537 1397 2604 1449 τὰ
2637 1397 2922 1464 φωνητικὰ
2940 1397 3051 1448 τῶν
3073 1395 3317 1462 ὀργάνων
3336 1395 3440 1446 ὑπὸ
3464 1393 3558 1446 τοῦ
3589 1393 3798 1461 κρύους

2224 1489 2430 1548 αὐτοῖς,
2457 1487 2596 1539 ἀλλὰ
2621 1487 2712 1538 τὸν
2740 1486 3047 1554 ἐλευθέριον
3092 1485 3196 1552 ἠδη
3246 1484 3446 1552 τρόπον
3479 1480 3797 1546 ,ὲπανηγύ-

2228 1578 2345 1648 ριζέ
2381 1594 2438 1629 τε
2476 1578 2571 1630 καὶ
2610 1571 2769 1638 asia,
2820 1578 2910 1629 aut
2942 1578 3036 1628 τὸν
3091 1576 3229 1644 ἀέρα
3281 1573 3648 1642 ὑπερεφώνει,
3695 1572 3796 1622 καὶ

2225 1672 2481 1736 περιήχει
2512 1670 2580 1721 τὰ
2603 1669 2761 1736 ἄλση,
2793 1668 2888 1721 καὶ
2916 1669 3028 1728 τοῖς
3081 1666 3355 1736 δένδρεσιν
3406 1664 3796 1732 ἐπικαθήμενα

2227 1760 2364 1826 πρὸς
2395 1759 2628 1828 ἅμιλλαν
2669 1757 3004 1826 ἐφθέγγοντο
3045 1758 3250 1825 ἀναμὶξ
3311 1756 3531 1826 λιγυρόν
3586 1773 3644 1806 τι
3697 1754 3797 1805 καὶ

2155 1843 2196 1899 Β
2229 1849 2428 1918 εὔηχον
2481 1849 2577 1902 καὶ
2625 1847 2737 1902 οἷον
2799 1851 2976 1903 εἰπεῖν
3032 1848 3388 1916 ἐναρμόνιον
3442 1846 3537 1897 καὶ
3574 1844 3798 1914 ἥδιστον

553 1933 804 2001 ᾶγίγνετό
826 1954 941 1999 πως
957 1939 1055 2008 ἕαρ
1091 1942 1120 2008 ἡ
1147 1941 1373 1994 ἐκείνων
1420 1941 1554 2010 ᾠδὴ,
1577 1941 1648 2002 ὼς
1678 1943 1774 1994 καὶ
1805 1941 1949 2003 τοὺς·
1975 1942 2115 1994 οἴκοι
2153 1941 2423 2008 δήπουθεν
2491 1941 2981 2010 ἐγκεκλεισμένους
3010 1939 3390 1993 ἀναδιδάσκειν
3442 1938 3710 1990 δύνασθαι
3725 1936 3799 1987 τὰ

552 2027 763 2094 τερπνὰ
797 2027 891 2081 τοῦ
930 2024 1064 2098 ἦρος
1088 2031 1297 2098 ἐφόδια.
1327 2033 1437 2085 Καὶ
1489 2028 1556 2103 ἦν
1585 2034 1717 2101 ἡμῖν
1739 2034 1828 2086 διὰ
1861 2030 2035 2086 ταῦτα
2101 2033 2194 2084 καὶ
2235 2035 2296 2086 τὸ
2331 2035 2430 2101 τῆς
2471 2037 2651 2103 ψυχῆς
2715 2033 3072 2102 ἐλπιζόμενον
3123 2033 3180 2096 ἐς
3229 2031 3330 2101 τὴν
3381 2029 3797 2098 Ἀγαθαγγέλου

552 2123 859 2192 παρουσίαν
889 2121 1003 2179 οἷον
1028 2127 1432 2198 ἐπτερωμένον.

935 2319 1238 2333 Ρ-υὴ--σ-ῄ

1247 2325 1466 2336 ..ς-..φ-
1491 2327 1848 2337 “Mm
1893 2329 1978 2338 συ*-

1015 2499 2010 2688 ΝΙΚῌΦΟΡΟΥ
2112 2501 2463 2634 ΤΟΥ
2557 2428 3342 2638 ΓΡΗΓΟΡΑ

1356 2689 2184 2872 ῬΩΜΑΙΚΗΣ
2277 2754 2975 2871 ΙΣΤΟΡΙΑΣ

1842 2986 2210 3079 ΛΟΓΟΣ
2282 2989 2486 3074 KH'.

1080 3362 1207 3511 Ν
1217 3359 2115 3514 ICEPHORI

2273 3359 3237 3516 GREGORIE

1226 3652 2192 3766 BYZANTIN/E
2274 3652 3113 3800 HlSTOBl/E

1337 3896 1690 3989 LIBER
1761 3898 2402 3989 VICESIMUS
2475 3895 3046 3988 OCTAVUS.

623 4243 782 4314 176
805 4245 843 4297 1.
868 4243 1002 4297 Cum
1031 4245 1265 4313 primum
1288 4254 1440 4305 aetas,
1471 4251 1688 4312 peracta
1713 4242 1846 4296 alba:
1867 4251 2118 4314 senectu-
2142 4243 2187 4304 C

549 4334 620 4388 tis
656 4336 869 4404 hyeme,
893 4333 1086 4388 niveos
1106 4334 1331 4402 capillos
1354 4342 1408 4385 et
1439 4331 1685 4385 ﬂoridam
1714 4332 1892 4385 denuo
1914 4307 2120 4400 re/cepit

544 4424 855 4493 juventutis
887 4424 1082 4479 faciem
1117 4434 1172 4478 et
1216 4425 1401 4479 suavia
1450 4423 1656 4477 lumina
1704 4426 1759 4477 in
1792 4426 1943 4478 verni
1987 4434 2119 4477 tem-

547 4516 700 4585 poris
750 4517 1020 4571 suavitate
1077 4517 1293 4584 aperuit
1353 4533 1366 4568 :
1422 4516 1614 4569 iterum
1678 4517 1743 4569 ad
1813 4532 1912 4571 nos
1971 4517 2120 4571 venit

545 4606 957 4676 Agatltangelus
991 4617 1179 4660 noetcr
1221 4607 1395 4659 media
1455 4606 1568 4659 fere
1595 4617 1752 4661 nocte
1806 4608 1910 4661 levi
1961 4607 2116 4681 pede.

546 4699 682 4750 Cum
735 4712 834 4751 nos
884 4698 1177 4752 salutasset
1229 4707 1284 4751 et
1337 4697 1702 4761 recubuisset,
1761 4699 2016 4754 narrabat
2051 4699 2118 4754 de

548 4787 745 4856 quovis
796 4788 1095 4841 amicorum
1149 4799 1205 4843 et
1243 4789 1678 4842 commilitoan
1725 4801 1988 4858 quantum
2026 4806 2119 4859 po-

549 4889 706 4934 terat.
740 4881 812 4933 Ex
841 4896 926 4934 me
958 4888 1138 4952 autem
1161 4889 1360 4950 praeter
1382 4891 1575 4935 caetera
1600 4882 1809 4936 audivit
1839 4897 2115 4936 sacrarum

546 4970 882 5025 Litterarum
920 4972 1108 5036 libros,
1139 4973 1231 5041 qui
1265 4973 1408 5042 apud
1439 4988 1522 5026 me
1550 4989 1725 5043 usque
1759 4974 1826 5027 ad
1857 4975 1960 5028 hoc
1985 4984 2119 5026 tem-

546 5077 652 5128 pus
685 5061 941 5124 fuissent,
975 5063 1221 5116 sublatos
1249 5076 1369 5117 esse
1392 5079 1585 5117 omnes
1611 5080 1638 5116 a
1665 5065 2117 5131 persecutoribus

549 5163 777 5221 repente
813 5155 1200 5210 invadentibus
1225 5166 1279 5210 et
1311 5158 1382 5211 ob
1413 5155 1681 5210 summam
1708 5173 1828 5225 quae
1858 5167 1970 5211 tum
2002 5169 2128 5212 erat
2173 5192 2178 5198 -

547 5245 801 5314 lvyemem
837 5246 1202 5315 inopportune
1233 5263 1292 5302 se
1339 5249 1469 5301 mihi
1506 5249 1695 5301 adesse
1729 5263 1828 5300 nec
1858 5248 2143 5316 perfacile.

548 5334 756 5402 aliquid
791 5348 1230 5405 persecuturum.
1264 5339 1416 5406 Aqua
1471 5354 1601 5393 vero
1645 5340 1768 5408 gelu
1819 5340 2114 5394 constricta

545 5427 667 5482 ﬁcri
718 5441 827 5480 non
885 5443 1085 5497 posse,
1145 5431 1224 5484 uti
1290 5433 1650 5497 p‘erumque,
1712 5439 1768 5480 ut
1838 5445 2115 5482 narrarent

2297 4241 2454 4311 [Cod.
2489 4241 2622 4312 Reg.
2647 4241 2832 4312 (19.76)
2859 4242 2898 4295 f.
2933 4242 3059 4313 104]
3090 4243 3169 4296 A'.
3207 4245 3366 4312 Ἀρτι
3430 4243 3488 4297 δὲ
3529 4246 3626 4297 τοῦ
3664 4248 3793 4316 χρό.

2221 4350 2314 4385 νου
2348 4336 2448 4396 τὰς
2485 4334 2877 4396 λευκανθεῖσας
2904 4333 3052 4403 αὐτῷ
3076 4335 3170 4387 τοῦ
3207 4339 3391 4405 γήρως
3422 4337 3792 4401 ἀποξὲσαντος

2220 4426 2508 4494 χειμερίας
2534 4426 2626 4478 καὶ
2654 4420 2766 4477 οἷον
2806 4427 2988 4476 εἰπεῖν
3020 4425 3293 4494 χιονώδεις
3323 4431 3515 4496 τρῖχας
3551 4431 3646 4482 καὶ
3700 4434 3790 4483 ἀνα

2223 4515 2391 4583 οηρὸν
2427 4515 2781 4583 ἀνειληφότος
2810 4515 2868 4578 ἐξ
2899 4516 3154 4585 ὑπαρχῆς
3185 4516 3358 4584 τὸτῆς
3382 4517 3600 4585 ἡλικίας
3622 4521 3788 4588 πρόσ-

2220 4623 2395 4670 ωπον,
2431 4606 2526 4657 καὶ
2549 4606 2647 4667 τὰς
2677 4605 2909 4674 ἡλιακὰς
2967 4606 3260 4673 λαμπάδας
3313 4609 3690 4677 ἀκμαιοτέρας
3733 4613 3791 4662 ὲν

2224 4696 2419 4763 μέσαις
2447 4695 2548 4764 ήδη
2580 4697 2701 4757 ταῖς
2739 4697 2954 4763 ἠριναῖς
3003 4696 3352 4758 ἁπλώσαντος
3394 4698 3633 4765 χάρισιν,
3655 4694 3789 4769 ἧκε.

2221 4788 2376 4849 αὖθις
2417 4789 2550 4856 ἡμῖν
2576 4789 2603 4838 ό
2645 4787 2810 4847 καλὸς
2839 4789 3243 4854 Ἀγαθάγγελος
3299 4789 3430 4857 περὶ
3483 4788 3658 4854 μέσας
3689 4807 3789 4841 που
3846 4791 3856 4799 ⁸

2221 4879 2427 4940 νύκτας
2465 4877 2654 4947 ἡσύχῳ
2691 4878 2832 4932 ποδί.
2877 4881 2987 4931 Καὶ
3044 4879 3364 4947 προσειπὼν
3421 4880 3516 4931 καὶ
3557 4879 3791 4941 καθίσας

2222 4972 2317 5022 καὶ
2345 4971 2686 5038 ἀπαγγείλας
2720 4972 2820 5037 μὲν
2850 4973 3016 5034 αὐτὸς
3045 4973 3174 5041 περὶ
3221 4972 3452 5024 ἑκάστου
3479 4975 3591 5022 τῶν
3620 4971 3793 5039 φίλων

2220 5063 2354 5128 ἡμῖν
2419 5067 2510 5114 καὶ
2569 5064 2850 5116 συνὰθλων
2913 5066 3013 5116 ὅσα
3071 5066 3237 5127 εἰκὸς,
3291 5065 3478 5134 μαθὼν
3525 5065 3570 5115 δ’
3617 5063 3684 5117 αὖ
3734 5065 3792 5128 ἐξ

2221 5156 2354 5223 ἐμοῦ
2387 5155 2455 5207 τά
2485 5172 2542 5206 τε
2593 5157 2727 5210 ἄλλα
2757 5157 2850 5208 καὶ
2884 5158 2964 5209 ὅτι
2994 5158 3062 5208 τὰ
3093 5158 3188 5209 καὶ
3237 5158 3398 5227 μέχρι
3429 5156 3526 5211 νῦν
3573 5175 3794 5224 συμπα-

2224 5245 2563 5314 ραμείναντά
2597 5264 2688 5314 μοι
2712 5246 2811 5311 τῆς
2837 5246 2986 5307 θείας
3017 5246 3241 5314 Γραφῆς
3293 5245 3576 5316 ἀφῄρηται
3611 5233 3792 5315 βιϐλία

2223 5338 2404 5390 πάντα
2424 5337 2560 5405 πρδς
2585 5337 2692 5389 τῶν
2719 5336 2965 5389 διωκτῶν
3012 5335 3295 5405 ἐξαίφνης.
3325 5339 3789 5399 ἐπεισπεσόντων.

2221 5430 2315 5480 καὶ
2345 5429 2427 5480 ὅτι
2459 5428 2546 5480 διὰ
2581 5428 2677 5496 τὴν
2714 5429 2805 5479 τοῦ
2838 5429 3140 5498 τηνικαῦτα
3171 5429 3442 5499 χειμῶνος
3471 5432 3658 5500 ἀκμὴν
3691 5448 3791 5485 τα-

550 5518 707 5588 177
735 5518 800 5572 ad
839 5520 1075 5574 calidum
1110 5532 1298 5590 potum
1330 5522 1458 5585 nisi,
1489 5537 1612 5575 cum
1658 5520 1798 5574 forte
1823 5521 1905 5574 sol
1933 5522 2118 5574 densis

2221 5520 2514 5588 λαιπώρως
2546 5521 2704 5590 ἐπῄει
2730 5537 2820 5588 μοι
2855 5522 2950 5573 καὶ
2981 5522 3121 5574 πάνυ
3161 5522 3417 5592 χαλεπῶς
3467 5523 3666 5576 ἁνύσαι
3695 5543 3796 5594 με·

545 5611 789 5666 nubiltus
820 5613 1062 5683 disjectis
1094 5613 1279 5667 radios
1313 5630 1409 5682 per
1442 5614 1738 5668 fenestram
1785 5614 1839 5666 in
1891 5613 1996 5667 huc
2024 5630 2118 5667 cu-

545 5701 787 5756 biculum
818 5720 998 5759 meum
1029 5714 1284 5773 tanquam
1309 5707 1362 5758 in
1385 5710 1677 5760 obscurum
1710 5707 2112 5773 receptaculum

549 5794 882 5864 immisisset,
924 5814 1121 5868 aquam
1159 5798 1304 5853 illam
1337 5802 1403 5851 ad
1442 5797 1738 5852 bibendum
1773 5797 2110 5855 adhiberent.

2223 5609 2356 5672 ταξὺ
2389 5610 2457 5662 τά
2484 5609 2528 5660 τ’
2552 5610 2707 5670 ἄλλα,
2743 5612 2834 5662 καὶ
2861 5612 2944 5664 ὅτι
2991 5612 3506 5680 κρυσταλλοὺμενον
3551 5615 3612 5664 τὺ
3641 5613 3790 5685 ὕδωρ

2224 5702 2323 5752 οὐκ
2360 5696 2426 5767 ἦν
2463 5701 2535 5762 ὡς
2572 5701 2640 5753 τὰ
2677 5701 2852 5753 πολλὰ
2884 5719 2972 5768 μοι
3007 5699 3190 5770 ῥᾴδιον
3235 5701 3357 5753 ὅθεν
3397 5691 3792 5773 παρἀμυοὴσοο

2227 5813 2322 5864 μαι
2355 5795 2486 5866 πρὸς
2521 5796 2574 5848 τὸ
2617 5797 2707 5848 τοῦ
2747 5801 2988 5866 πόματος
3016 5795 3407 5866 χλιαρὼτερον,
3443 5798 3580 5865 πλὴν
3618 5799 3649 5867 ἢ
3697 5801 3785 5851 ὅτε

3748 5891 3782 5920 \
