4070 6326
299 287 408 354 153

1250 304 1691 364 ΗῩΖΛΝΤῘΝΕ
1734 305 2116 368 ΠῙΞΤΟΒΙΈ
2156 310 2298 369 LIB.
2347 309 2616 371 XXVII.

3265 171 3283 199 ι
3314 162 3323 171 .

3407 309 3550 374 -154

298 401 529 468 συμϐὰν
557 402 757 456 οὓτωσί
786 421 900 465 πως
934 406 1088 474 ήλίου
1113 407 1210 476 τὴν
1242 410 1353 461 τῶν
1403 411 1583 477 νεφῶν
1627 413 1876 478 διασχόν-

1988 417 2157 483 Atque
2191 415 2296 468 alte
2339 415 2668 469 lamentatus
2698 413 2782 469 vir
2817 414 2909 469 ille
2946 429 3193 484 magnam
3229 414 3334 468 vim
3365 415 3548 487 lacryt-

296 509 391 552 τος
430 493 732 562 συνέχειαν.
777 495 870 546 καί
905 513 1055 558 τινας
1098 498 1186 550 διὰ
1229 501 1330 567 τῆς
1374 501 1591 566 θυρίδος
1647 503 1870 568 ἀφέντος

298 586 638 648 ἀκτῖναςοείς
671 585 762 638 τδν
793 587 924 654 ἐμὸν
959 588 1146 641 τοῦτον
1174 592 1438 654 οἰκίσκον,
1469 582 1721 661 ’ἀμυδράν
1753 612 1871 646 τινα

299 676 404 746 τὴν
432 677 598 730 ἀλέαν
651 680 788 740 τέως
827 679 904 748 τῷ
963 681 1116 733 ὕδατι
1177 687 1522 752 παρειχόμην
1577 685 1657 742 είς
1716 685 1874 737 πόσιν

302 768 528 836 ἐκείνῳ,
567 769 832 837 ἀνῴμωξέ
853 787 910 823 τε
947 770 1134 838 βύθιον
1191 775 1218 825 ὁ
1247 774 1408 842 ἀνὴρ.
1442 774 1536 826 καὶ
1593 777 1872 842 ποταμοὺς

302 857 562 928 δακρύων
611 859 790 928 ἀφῆκε
836 861 944 912 τῶν
991 861 1308 928 ὀφθαλμῶν.
1355 862 1497 930 Ἐγὼ
1551 863 1598 915 δ’
1655 863 1874 931 ἐπέχειν

1982 520 2191 555 marum
2230 503 2492 573 profudit.
2533 504 2798 572 Equidem
2831 514 2890 557 ut
2938 515 3326 569 sustentarem,
3365 507 3550 560 animo

1980 595 2044 646 ad
2072 595 2398 661 jucundiora
2435 604 2710 657 revocato,
2770 593 2917 650 illius
2956 607 3192 649 mentem
3235 595 3286 648 in
3322 597 3548 650 alteram

1980 684 2105 738 inde
2141 694 2350 753 partem
2382 685 2607 739 distraxi
2646 695 2702 740 et
2731 687 3147 756 peregrinarum
3205 703 3388 741 rerum
3424 703 3553 740 nar-

1981 778 2248 830 rationem
2281 777 2572 845 postulavi.
2606 777 2797 846 ltaque
2848 795 3071 834 narrare
3119 781 3210 836 ille
3242 781 3408 849 cmpit
3465 781 3552 835 bis

1982 866 2160 919 verbis
2184 882 2201 919 :

306 950 634 1019 βουλόμενος
667 955 728 1006 τό
785 972 844 1007 τε
880 952 1010 1024 ἦθος
1039 957 1380 1025 ἀπήλλαττον
1410 960 1515 1023 ἐίς
1559 959 1620 1012 τὸ
1683 961 2041 1029 χαριέστερον
2102 965 2197 1015 καὶ
2236 963 2354 1032 ἅμα
2384 966 2484 1036 τὴν
2521 965 2730 1018 ἐκείνου
2754 965 2998 1038 διάνοιαν
3029 964 3376 1035 ἀπησχόλουν
3399 967 3550 1017 ἐκεῖ-

306 1048 401 1098 θεν
441 1049 520 1110 είς
548 1050 737 1118 ἕτερα,
764 1053 859 1105 καὶ
880 1053 978 1122 τὴν
997 1053 1104 1105 τῶν
1123 1054 1228 1120 ἔξω
1255 1055 1600 1124 πραγμάτων
1661 1054 1904 1124 ἀπῄτουν
1946 1060 2247 1127 ἀφήγησιν.
2283 1060 2447 1113 Ὅθεν
2514 1064 2721 1124 ἐκεῖνος
2756 1062 3062 1131 ἀρξάμενος
3099 1061 3307 1114 ἀνωθεν
3342 1061 3555 1112 οὑτωσὶ

304 1160 548 1209 ιιιηγειτο
573 1163 589 1176 ·

380 1235 456 1291 Β’.
491 1239 694 1300 Ὅπλα,
728 1240 913 1307 φησὶν,
951 1239 1225 1306 ἀράμενος
1274 1242 1300 1292 ὁ
1356 1239 1611 1308 βασιλεὺς
1660 1242 1880 1292 Καντα-

306 1329 592 1398 κουζηνὺς,
620 1331 878 1400 λήγοντος
895 1332 993 1401 ήδη
1016 1331 1109 1383 τοῦ
1136 1333 1333 1400 πέρυσι
1360 1333 1578 1402 θέρους,
1609 1333 1876 1401 Ματθαίῳ

307 1420 412 1488 μὲν
467 1420 632 1491 ἀπῄει
654 1423 731 1490 τῷ
790 1424 940 1475 παιδὶ
973 1425 1375 1492 συμμαχήσων,
1421 1425 1772 1494 Παλαιολὸγῳ
1821 1426 1876 1477 δὲ

309 1511 657 1580 μαχούμενος
697 1511 772 1577 τῷ
810 1512 1069 1579 γαμϐρῷ,
1141 1515 1430 1581 Ῥωμαίων
1469 1516 1568 1582 μὲν
1598 1515 1705 1567 οὐδ’
1747 1515 1874 1584 ἄχρι

2051 1241 2113 1295 ll.
2146 1241 2332 1310 Caplis
2358 1244 2522 1314 igitur
2538 1247 2727 1308 armis.
2758 1246 2956 1316 inquit.
2987 1246 3405 1302 Cantacuzenus
3436 1265 3553 1301 rex.

1979 1344 2167 1388 exacta
2201 1337 2435 1402 proximi
2461 1339 2588 1391 anni
2626 1347 2833 1399 aestate.
2882 1339 3159 1407 profectus
3202 1351 3289 1393 est
3322 1351 3378 1393 ut
3427 1356 3551 1394 cum

1979 1426 2232 1479 Mattiaco
2262 1427 2372 1483 filio
2406 1427 2534 1482 belli
2587 1433 2907 1484 societatem
2959 1432 3138 1484 iniret.
3186 1432 3557 1485 Dimicaturus

1979 1517 2124 1569 enim
2153 1533 2276 1571 cum
2310 1519 2610 1588 Palaeologo
2645 1536 2848 1588 genere
2899 1522 2987 1574 vix
3025 1523 3301 1590 sexaginta
3354 1523 3554 1576 Roma-

305 1602 403 1654 καὶ
440 1604 520 1663 είς
546 1603 808 1671 ἐξήκοντα
838 1604 1179 1671 ἐπαγόμενος
1215 1608 1577 1672 στρατιώτας,
1617 1607 1866 1662 Κατελά-

1988 1625 2174 1664 norum
2211 1612 2412 1665 milites
2445 1627 2629 1666 secum
2681 1613 2939 1667 ducebat.
2990 1615 3178 1682 Itaque
3223 1630 3347 1673 cum
3397 1617 3554 1670 adve-

308 1709 418 1745 νων
450 1692 494 1744 δ’
524 1687 616 1746 οὖν
655 1692 750 1744 καὶ
812 1692 1104 1763 βαρϐάρων
1163 1696 1301 1763 ὑπὲρ
1353 1696 1578 1763 pilo-J3
1619 1697 1873 1749 Σύνοικον

311 1783 418 1850 γάρ
436 1800 553 1836 τινα
587 1783 728 1837 κατά
769 1783 1059 1852 Ῥωμαίων
1091 1785 1228 1854 ἔχων
1265 1786 1501 1853 ὑποψίαν
1555 1791 1619 1838 ἐκ
1671 1787 1870 1839 πολλοῦ

310 1875 451 1942 πρὸς
488 1854 788 1944 ἀπέχθειαν
832 1876 1201 1943 ἀνεκλάλητον
1249 1877 1502 1930 τοσοῦτον
1551 1879 1736 1944 ἐμίσει
1783 1880 1881 1931 καὶ

307 1968 596 2020 ἀπεσείετο
619 1969 762 2036 σφᾶς
800 1969 923 2020 ὅσον
953 1968 1130 2035 ἐφίλει
1162 1986 1220 2021 τε
1262 1970 1356 2020 καὶ
1381 1971 1635 2037 προσίετο
1669 1971 1877 2038 βαρὸάν

313 2081 466 2130 ρους.
495 2061 762 2115 Τοσοῦτον
804 2063 848 2114 δ’
869 2061 936 2114 αὖ
967 2063 1215 2128 ἐμισεῖτο
1260 2063 1444 2128 σφίσιν
1491 2063 1613 2114 ὅσον
1643 2064 1880 2128 ἐφιλεῖτο

311 2153 631 2224 βαρϐάροις,
663 2156 744 2208 ὅτι
778 2158 963 2224 σχῆμα
1007 2157 1272 2223 ποιμένος
1302 2156 1632 2225 ἀνειληφὼς,
1668 2155 1867 2226 βαρδῶ

269 2284 284 2296 .
313 2263 431 2316 ροις
455 2245 640 2309 λύκοις
674 2248 754 2308 είς
788 2249 1068 2316 προνομὴν
1112 2249 1278 2300 ὲτίθει
1313 2251 1504 2318 ῥᾳδίαν
1542 2250 1602 2302 τὸ
1629 2250 1880 2317 ποίμνιον

311 2341 499 2392 ἑκοντὶ
539 2338 659 2406 μεθ’
691 2340 908 2408 ἡμέραν
951 2341 1046 2392 καὶ
1079 2341 1298 2408 νύκτωρ
1326 2343 1434 2405 ἀεὶ,
1469 2335 1544 2401 ὡς
1575 2343 1651 2412 μὴ
1720 2342 1883 2410 μόνον

312 2433 370 2481 ὲν
393 2430 514 2499 χρῷ
558 2431 620 2482 τὸ
651 2430 802 2500 ἔριον
839 2431 1142 2503 κείρεσθαι,
1175 2432 1310 2484 ἀλλά
1333 2435 1429 2484 καὶ
1473 2433 1634 2484 αὐτοῦ
1686 2451 1746 2498 γε
1779 2435 1878 2503 ήδη

313 2523 656 2590 γυμνοῦσθαι
689 2523 783 2574 τοῦ
811 2524 1099 2591 δέρματος,
1135 2524 1208 2592 μὴ
1239 2526 1400 2590 μόνον
1463 2524 1612 2593 αὐτῷ
1660 2529 1755 2586 τὰς
1795 2525 1884 2576 del.

314 2615 636 2682 καινοτέρας
667 2613 774 2668 τῶν
804 2616 1032 2684 ἐτησίων
1058 2617 1238 2685 φόρων
1270 2615 1617 2678 ὲκτιννὺντας
1641 2617 1877 2684 εἰσπρά-

314 2707 452 2772 ξεις,
493 2707 630 2760 ἀλλά
665 2708 759 2759 καὶ
795 2708 1092 2776 βαρϐάροις
1126 2709 1308 2769 αὐτοῖς
1338 2707 1424 2758 διά
1455 2709 1522 2757 τὰ
1569 2707 1732 2776 μέχρι
1770 2725 1876 2757 πυ-

317 2781 430 2852 λῶν
496 2800 861 2869 ἀμπελόφυτά
918 2816 977 2852 τε
1025 2799 1120 2851 καὶ
1188 2801 1486 2866 σιτοσπόρα
1537 2800 1734 2870 χωρία.
1777 2801 1886 2852 Καὶ

315 2893 410 2953 οὓς
448 2892 546 2961 μὲν
574 2895 695 2945 κατ’
728 2893 978 2959 ἐξουσίαν
1014 2893 1580 2962 ἀνδραποδιζομένους
1614 2895 1690 2955 είς
1743 2893 1884 2960 πλῆι

1978 1703 2151 1756 uisset
2180 1712 2235 1756 et
2267 1705 2319 1756 in
2353 1704 2630 1756 communi
2669 1703 3034 1758 Barbarorum
3077 1707 3393 1774 suspicione
3419 1707 3560 1776 janf-

1980 1796 2182 1858 dudum
2216 1805 2270 1848 et
2327 1796 2378 1848 in
2420 1797 2546 1848 odio
2602 1797 2908 1851 incredibili
2970 1798 3200 1852 haberet
3258 1793 3555 1861 Romanos.

1982 1893 2132 1938 tanta
2164 1899 2260 1938 eos
2295 1884 2385 1938 ille
2428 1885 2632 1938 invidia
2681 1887 3056 1943 aversabatur.
3092 1898 3292 1954 quanta
3339 1889 3391 1941 in
3429 1889 3559 1942 Bar—

1981 1980 2141 2027 baros
2171 1963 2447 2028 voiuntate
2487 1983 2542 2028 et
2586 1976 2768 2028 stmlio
2815 1977 3208 2044 propendebat,
3260 1988 3426 2046 atque
3483 1984 3554 2033 ita

1982 2063 2205 2116 odiosus
2230 2063 2358 2125 illis,
2392 2075 2448 2116 ut
2482 2063 2740 2116 Barbaris
2771 2065 2999 2118 amicus.
3029 2063 3159 2117 Nam
3189 2068 3343 2132 quasi
3372 2077 3559 2135 pastor

1983 2155 2235 2208 barbaris
2274 2155 2415 2221 lupis
2460 2169 2677 2224 gregem
2737 2154 2829 2208 diu
2864 2164 3139 2224 noctuque
3187 2157 3250 2210 ad
3282 2159 3556 2211 edendum

1982 2257 2176 2315 sponte
2209 2248 2464 2315 praebuit,
2503 2256 2561 2300 ut
2594 2263 2698 2299 non
2736 2248 2912 2300 solum
2943 2224 3182 2316 undique
3227 2249 3367 2304 lanis
3397 2251 3558 2304 velli-

1984 2348 2239 2400 carentur
2262 2353 2413 2400 oves,
2449 2339 2540 2391 sed
2579 2321 2742 2391 etiam
2777 2339 2908 2407 ipsis
2931 2339 3264 2394 orbarentur
3291 2341 3555 2408 pellibus;

1984 2446 2106 2484 cum
2141 2445 2248 2484 non
2277 2431 2454 2484 solum
2487 2431 2585 2497 ipsi
2619 2430 2880 2484 solvenda
2911 2439 3096 2484 essent
3127 2447 3306 2485 annua
3331 2433 3558 2494 tributa.

1985 2522 2079 2578 sed
2135 2523 2298 2576 etiam
2365 2522 2640 2585 Barbaris,
2705 2532 2998 2591 propterea
3048 2523 3194 2590 quod
3260 2539 3434 2591 usque
3493 2524 3557 2578 ad

1987 2627 2174 2684 portas
2201 2614 2380 2668 vineae
2410 2624 2465 2667 et
2503 2614 2664 2682 178
2698 2615 2813 2682 agri
2869 2614 3132 2668 fructuosi
3181 2625 3383 2669 essent.
3413 2617 3563 2680 Qun-

1990 2723 2109 2760 rum
2139 2707 2232 2760 alii
2264 2707 2320 2774 in
2358 2706 2678 2759 servitutem
2717 2705 2866 2759 ducti
2906 2706 3200 2761 acervatim
3232 2711 3568 2775 transporta-

1989 2799 2186 2850 bantur
2208 2797 2261 2850 in
2291 2797 2495 2853 Asiam.
2519 2794 2609 2848 alii
2638 2796 2730 2864 qui
2761 2795 3082 2850 deciderant
3109 2798 3163 2850 in
3195 2795 3579 2850 Barbarorutn'

1990 2889 2207 2941 vincula
2267 2885 2501 2954 coniecti
2557 2885 2994 2955 commigrabant
3051 2886 3105 2938 in
3183 2886 3561 2956 Byzantiorum

319 2988 412 3048 θος
448 2983 762 3053 ἀπάγεσθαι
801 2985 938 3054 πρὸς
990 2984 1202 3039 Ἀσίανο
1237 2980 1318 3047 οἷς
1355 2985 1408 3037 δὲ
1440 2985 1724 3057 διαδρᾶναι
1753 2984 1883 3057 [δια-

1998 2977 2218 3046 templa,
2258 2977 2380 3031 aliis
2405 2976 2461 3028 in
2495 2974 2777 3042 suspendii
2829 2989 3045 3043 pcenam
3088 2974 3304 3028 traditis
3335 2975 3562 3030 Verbera
3640 3047 3644 3051 _

316 3076 479 3146 δρᾶσι
510 3076 694 3147 codex]
723 3077 791 3129 τὰ
846 3075 1141 3145 βαρϐάρων
1183 3075 1406 3143 γένηταί
1469 3093 1526 3128 τε
1566 3077 1743 3144 δεσμά
1793 3078 1886 3130 καὶ

315 3170 458 3237 πρὸς
491 3169 613 3237 ίερά
642 3169 981 3234 καταφυγεῖν
1008 3167 1206 3236 τεμένη
1230 3167 1558 3231 Βυζαντίων,
1586 3167 1645 3239 [Γ.
1679 3169 1780 3222 104
1807 3169 1887 3241 vn]

317 3259 530 3322 τούτοις
561 3260 620 3313 δὲ
668 3257 768 3328 τὴν
807 3258 979 3328 μείζω
1019 3259 1244 3311 κόλασιν
1303 3260 1576 3329 ἠρτῆσθαι
1607 3260 1884 3330 ἐκδιδομέ-

317 3369 432 3414 νοες
469 3368 531 3404 τε
559 3353 659 3405 ’καὶ
685 3350 902 3420 πληγὰς
931 3349 1302 3418 προσόφλουσι
1332 3351 1573 3418 μακρὰς,
1605 3349 1793 3419 ὥσπερ
1829 3352 1886 3402 ἔν

316 3444 584 3511 δράμασι,
609 3440 672 3492 τὸ
701 3439 1008 3510 παράδοξον
1044 3439 1145 3508 τῆς
1177 3441 1450 3508 σωτηρίας
1484 3439 1698 3506 ἐκείνης
1721 3439 1884 3506 ἀγόν-

317 3551 427 3586 των
451 3535 536 3596 εἰς
562 3533 909 3602 ἐγκλήματος
942 3531 1098 3597 λόγον
1115 3529 1228 3584 τῶν
1267 3531 1573 3598 ἡγεμόνων.
1610 3530 1882 3598 Κάπειδὴ,

324 3629 452 3693 πρὶν
479 3625 645 3678 αὺτδν
700 3626 756 3685 ὲς
785 3621 1106 3692 Ὀρεστιάδα
1169 3622 1492 3689 ἀφικέσθαι,
1555 3621 1798 3689 ἔφθησαν
1838 3626 1886 3674 οἱ

317 3719 528 3786 ταύτης
565 3719 853 3786 οἰκήτορες
897 3713 1380 3784 ὲκπολεμωθέντες
1417 3715 1564 3766 κατά
1607 3715 1887 3766 Ματθαίου

321 3809 725 3881 περιεκάθηντό
774 3825 834 3862 τε
865 3807 1302 3872 καταδιώξαντες
1348 3809 1404 3866 ἐς
1433 3793 1744 3876 ’ἀκρόπολιν
1799 3808 1890 3858 καὶ

322 3898 709 3966 ἐπολιόρκουν,
775 3898 876 3965 τήν
922 3913 980 3946 τε
1041 3895 1263 3962 περείαν
1309 3894 1630 3963 ἐπετάχυνε,
1671 3895 1764 3947 καὶ
1803 3895 1889 3946 διὰ

318 3989 420 4056 τῆς
455 3989 830 4058 ἀκροπόλεως,
861 3987 953 4038 τοῦ
989 3989 1148 4046 υίέως
1194 3985 1519 4051 ἀνεῳγὸτος,
1547 3989 1648 4049 τὴν
1685 3982 1891 4052 βαρϐα-

325 4082 486 4151 ρικὴν
535 4081 754 4148 ἐκείνην
814 4077 1141 4146 εἰσενεγκὼν
1179 4077 1429 4144 δύναμιν,
1495 4078 1588 4129 καὶ
1628 4075 1744 4144 ἅμα
1784 4075 1891 4126 τῶν

321 4173 507 4227 οἰκιῶν
537 4153 687 4229 ἐνίας
714 4170 1010 4235 ἐμπρήσας
1040 4169 1134 4218 καὶ
1169 4165 1506 4233 ἐκφοϐήσας,
1547 4164 1721 4233 ῥᾷστα
1773 4181 1890 4232 χει-

325 4261 512 4330 ροῦται
550 4262 651 4329 τὴν
687 4259 860 4322 πόλιν,
904 4258 1368 4324 καταπλαγέντων
1404 4257 1748 4324 παραχρῆμα
1780 4255 1890 4307 τῶν

1987 3069 2350 3132 addebantur,
2379 3067 2838 3136 quemadmodum
2900 3069 2954 3121 in
3001 3067 3219 3133 fabulis,
3268 3067 3359 3120 ubi
3397 3066 3566 3120 duces

1989 3161 2258 3214 libertatis
2317 3155 2664 3212 insolentiam
2730 3156 2797 3210 ad
2861 3157 3218 3226 opprobrium
3284 3157 3562 3210 adhibent.

1988 3252 2195 3306 Deinde
2223 3257 2515 3318 antequam
2572 3247 2910 3304 Orestiadcm
2947 3249 3117 3311 venit,
3143 3249 3262 3317 ejus
3299 3257 3455 3313 terrae
3485 3249 3567 3300 in-

1988 3347 2119 3398 cola:
2147 3343 2238 3412 qui
2279 3357 2402 3397 cum
2435 3341 2687 3395 Mattlueo
2747 3341 3093 3395 inimicitiam
3127 3345 3408 3410 gerebant,
3437 3342 3566 3392 tcir-

1988 3443 2335 3502 cumscptum
2372 3447 2497 3484 eum
2536 3445 2710 3500 usque
2759 3432 2825 3484 ad
2859 3446 3044 3484 arcem
3079 3430 3565 3500 persequebantur

1989 3524 2509 3592 oppugnabantque.
2549 3522 2870 3576 Accelerat!)
2902 3521 2992 3574 ille
3030 3521 3226 3575 itinere
3257 3536 3354 3590 per
3381 3533 3565 3574 arcem

1989 3630 2020 3669 a
2054 3613 2162 3666 ﬁlio
2196 3613 2515 3681 patefactam
2550 3611 2910 3665 Barbarorum
2947 3610 3348 3666 multitudinem
3394 3612 3566 3664 intro-

1990 3706 2138 3758 duxit
2168 3714 2223 3756 et
2255 3703 2555 3757 combustis
2587 3704 2866 3757 nonnullis
2900 3704 3150 3757 aedificiis
3185 3704 3376 3756 urbem
3410 3703 3566 3755 facile

1990 3797 2156 3866 cepit.
2193 3795 2350 3848 Cives
2385 3794 2671 3862 repentino
2721 3805 2930 3848 terrore
2979 3795 3238 3864 perculsi,
3291 3809 3392 3847 nec
3434 3802 3569 3861 quot

1990 3892 2192 3944 milites
2227 3900 2418 3955 neque
2442 3885 2586 3938 unde
2632 3886 2956 3939 invaderent
3009 3887 3261 3940 sciebant
3291 3894 3346 3938 et
3393 3883 3570 3951 διιερί-

1991 3983 2259 4035 cabantur
2317 3993 2481 4046 prava
2548 3977 2664 4030 fieri
2722 3993 2842 4044 qua:
2905 3977 3201 4046 improvisa
3258 3975 3568 4028 animorum

1993 4072 2332 4145 perturbatio
2356 4068 2596 4124 excitare
2651 4070 2809 4123 solet.
2877 4067 3227 4137 Lacrymabis
3280 4073 3427 4119 certe
3473 4063 3565 4118 ubi

1994 4154 2369 4230 Calamitatcs'
2417 4162 2660 4219 audieris
2696 4170 2924 4229 quanta:
2998 4169 3277 4225 captorum
3341 4155 3564 4210 fuerint.

1997 4259 2272 4326 Peregrini
2314 4257 2458 4312 enim
2492 4265 2547 4308 et
2593 4253 2747 4322 impii
2782 4268 2904 4306 cum
2943 4238 3179 4305 essenta
3209 4250 3408 4330 quibus
3469 4249 3568 4302 mi—

321 4354 579 4420 πολιτῶν,
643 4355 740 4406 καὶ
781 4352 909 4420 μήθ’
955 4352 1145 4404 ὁπόσοι
1208 4350 1334 4419 μήθ’
1395 4350 1590 4402 ὁπόθεν
1639 4332 1883 4416 ἁκριδῶς

1994 4364 2112 4402 sera
2146 4350 2276 4402 urbs
2310 4348 2398 4400 illa
2438 4355 2594 4414 capta
2627 4353 2735 4405 est,
2772 4342 2897 4395 vide
2935 4353 2992 4392 ut
3023 4325 3390 4393 :erumnarutn
3424 4336 3568 4406 apud

301 4447 756 4515 ,προσϐάλλουσιν
780 4446 827 4497 oi
851 4445 1098 4514 πολέμιοι
1120 4444 1360 4508 ξυνιέναι
1384 4443 1724 4506 δυναμένων,
1754 4443 1883 4492 ἀλλὰ

1996 4450 2046 4492 te
2075 4454 2340 4511 summam
2365 4450 2677 4490 enumeres.

323 4542 620 4595 καὶπολλὰ
656 4540 764 4593 τῶν
834 4542 1036 4609 ἥκιστα
1110 4541 1408 4610 δρωμένων
1469 4537 1776 4608 τηνικαῦτα
1851 4538 2178 4590 ὑποπτεύειν
2227 4533 2696 4601 ἀναγκαζομένων
2740 4528 2862 4582 καθ’
2925 4530 3101 4580 ὁπόσα
3158 4527 3184 4578 ὁ
3242 4525 3342 4594 τῆς
3395 4523 3597 4594 ψυχῆς.

322 4636 588 4702 αἰφνίδιος
632 4633 945 4702 ὑπηγόρευε
1013 4632 1261 4701 θόρυϐος.
1326 4633 1435 4694 Τὰς
1483 4632 1580 4699 μὲν
1632 4625 1724 4681 οὖν
1765 4632 1883 4682 ἐκεῖ
1922 4629 2209 4698 συμφορὰς
2265 4625 2568 4695 δακρύσαις
2603 4624 2667 4676 ἂν
2695 4620 2960 4680 ἀκούσας,
3017 4620 3213 4669 ὁπόσαι
3270 4613 3573 4684 τηνικαῦτα

322 4734 432 4792 τοῖς
467 4727 655 4781 ἁλοῦσι
700 4729 1056 4796 γεγένηνταιο
1115 4727 1433 4795 ἀλλοφύλων
1474 4729 1583 4795 γὰρ
1629 4728 1722 4778 καὶ
1761 4724 1976 4776 ἀσεϐῶν
2016 4717 2097 4784 οἷς
2131 4726 2163 4791 ή
2197 4720 2542 4788 ταλαίπωρος
2609 4715 2794 4785 ἐκείνη
2864 4714 3019 4776 πόλις
3081 4707 3576 4786 ήλὼκειοκαοάπαξ

323 4823 511 4888 ὄντων,
554 4823 676 4890 ὥρα.
697 4839 778 4874 σοι
805 4822 895 4874 τὸν
916 4821 1023 4873 τῶν
1055 4823 1244 4874 κακῶν
1283 4827 1342 4875 ἐν
1404 4823 1618 4893 σεαυτῷ
1652 4822 1886 4891 συνορᾷν
1927 4820 2238 4886 κολοφῶνα.

397 4924 469 4974 ιη.
504 4922 696 4973 -Ταῦτα
737 4921 916 4973 τοίνυν
954 4921 1151 4989 ὁρῶντι
1212 4920 1564 4990 Παλαιολόγῳ
1615 4921 1693 4987 τῷ
1738 4921 1893 4988 βασι-

324 5015 549 5077 >λεῖ,καὶ
587 5014 704 5081 ἅμα
753 5013 954 5082 συχνὰς
1000 5014 1255 5080 ἀκούοντί
1307 5030 1365 5064 τε
1423 5015 1521 5065 καὶ
1548 5013 1892 5081 ὑφορωμένῳ

331 5103 476 5156 κατά
509 5102 609 5169 τῆς
638 5101 848 5162 οἰκείας
886 5099 1035 5168 ζωῆς
1079 5102 1176 5160 τὰς
1211 5093 1504 5160 ἐπιϐουλὰς
1570 5100 1900 5162 συσκευαζο-

335 5193 524 5259 μένας,
571 5190 681 5241 τῶν
711 5191 1156 5256 ἀναγκαιοτάτων
1211 5189 1391 5252 ἔδοξεν
1440 5185 1582 5243 εἶναι
1631 5190 1770 5260 πρὸς
1807 5194 1898 5241 τὸν

325 5285 434 5335 τῶν
469 5282 786 5351 Τριϐαλλῶν
822 5282 1065 5348 ἡγεμόνα
1099 5280 1316 5351 lipsi.qu
1378 5283 1508 5350 περὶ
1570 5283 1892 5350 συμμαχίας

327 5349 848 5442 διαπρεσϐεύεσθαι.
901 5373 990 5433 Ἐς
1029 5349 1160 5440 γάρῖ
1186 5349 1396 5423 τοσοῦτ’
1427 5349 1710 5432 ἀσθενείας
1758 5349 1893 5442 ῥυῆ-

329 5465 512 5530 ναιτά
550 5463 843 5531 Ῥωμαίων
898 5461 1264 5530 συνεῤῥυήκει
1302 5449 1607 5528 πράγματα
1645 5459 1732 5511 διὰ
1795 5458 1892 5519 τὰς

325 5555 627 5625 ἐμφυλίους
658 5555 855 5624 μάχας,
888 5552 964 5615 ὡς
1027 5551 1151 5620 μηδ’
1189 5551 1332 5622 ἔχειν
1379 5553 1502 5612 τοὺς
1535 5551 1722 5620 ἄρχειν
1781 5551 1893 5602 ὲοέ-

325 5651 516 5710 λοντας
539 5648 677 5716 μήτε
720 5647 904 5714 σφίσιν
947 5645 1129 5706 αὐτοῖς
1159 5646 1287 5712 μήθ’
1319 5645 1369 5696 οἳ
1403 5644 1584 5709 σφίσιν
1630 5644 1888 5695 ὑπείκου-

332 5742 501 5796 σινέν
541 5738 616 5809 τῷ
673 5739 907 5806 ἀσφαλεῖ
974 5738 1336 5790 καθίστασθαι
1385 5735 1478 5787 τοῦ
1544 5737 1644 5805 ζῇν
1696 5735 1886 5799 ἀδεῶς,

2070 4916 2306 4980 HLQum
2341 4915 2646 4984 igiturcum
2679 4910 2904 4964 vidisset
2933 4924 3023 4961 rev
3050 4906 3387 4974 Palmulogus
3419 4914 3470 4958 et
3503 4903 3577 4957 si-

2003 5007 2116 5060 mul
2154 5009 2353 5058 inultas
2376 5013 2447 5066 et
2471 5003 2630 5082 1'19
2651 5001 2893 5054 audisset
2925 5009 2979 5053 et
3002 4999 3374 5066 suspicaretur
3404 4995 3577 5064 ipsius

2001 5101 2125 5154 vitae
2151 5099 2376 5152 insidias
2397 5097 2556 5158 strui,
2581 5093 2826 5148 omnium
2855 5092 3085 5145 maxime
3122 5104 3352 5162 necesse
3384 5089 3576 5142 habuit

1959 5216 1964 5220 -
2004 5192 2222 5244 mittere
2255 5189 2347 5258 qui
2379 5202 2501 5241 cum
2533 5185 2690 5240 Crale
2717 5183 3081 5236 Triballurmn
3119 5180 3259 5234 dnce
3291 5180 3359 5232 de
3399 5179 3570 5231 socie-

2007 5291 2117 5335 tate
2145 5281 2271 5334 belli
2301 5286 2546 5348 agerent.
2609 5276 2824 5330 Etenim
2860 5273 3137 5327 intestinis
3169 5271 3573 5326 certaminibus
3604 5261 3608 5264 ”

2007 5389 2093 5427 res
2119 5373 2375 5425 Romanae
2396 5379 2678 5437 tantopere
2701 5367 2887 5420 fracta:
2909 5353 3271 5418 etdebilitatte
3303 5371 3479 5423 erant,
3511 5368 3572 5414 ut

2001 5479 2068 5516 ne
2113 5462 2373 5514 baberent
2420 5446 2659 5526 quidem,
2715 5456 2807 5525 qui
2859 5457 3128 5524 imperare
3183 5455 3374 5507 vellent
3436 5453 3572 5519 ipsis

2000 5560 2094 5605 aut
2129 5551 2216 5609 iis.
2251 5548 2343 5618 qui
2377 5547 2616 5608 ipsorum
2662 5545 2950 5613 imperium
2986 5545 3378 5614 sequebantur,
3413 5551 3466 5593 et
3495 5537 3567 5592 ab

2001 5637 2251 5697 externis
2293 5640 2514 5692 auxiliis
2566 5639 2762 5693 remoti
2820 5650 3074 5708 tanquam
3146 5637 3197 5689 in
3263 5632 3565 5686 securitate

2002 5735 2200 5788 vivere.
2229 5729 2590 5800 Quamobrem
2615 5730 3032 5788 Cantacuzenus
3058 5729 3122 5782 ad
3155 5730 3350 5786 virium
3373 5740 3560 5790 aequa-
