4070 6326
535 338 634 401 155

1731 350 2156 412 NICEPHORI
2198 353 2590 414 GBEGOIUE

3673 351 3780 416 156

531 447 740 501 i-‘tatent
791 449 963 504 multo
1021 451 1288 522 majorem
1348 469 1510 524 quam
1574 465 1734 512 antea
1794 459 2106 530 Hyrcanum

2221 464 2542 535 ἐξωτερικῆς
2609 463 2860 534 βοηθείας
2941 461 3386 534 ἀπῳκισμένους.
3455 459 3622 516 Ὅθεν
3685 464 3784 516 καὶ

529 539 812 607 copiarum
849 543 1255 598 multitudinem
1294 547 1514 601 mittere
1561 557 1618 602 et
1647 550 1874 605 alteram
1924 553 2100 608 multo

536 631 797 702 majorem
855 649 888 688 e
943 637 1258 705 propinquo
1287 637 1410 692 loco
1451 643 1752 708 comparari
1789 643 1963 712 jubet.
2021 644 2099 699 Ex

531 724 750 779 duobus
777 725 944 796 igitur
977 729 1209 782 alterum
1261 729 1376 784 ﬁeri
1427 736 1690 800 oportuit,
1731 747 1788 790 ut
1821 753 1945 791 cum
1975 738 2102 792 Tri-

535 816 692 870 ballis
720 818 1000 886 conjuncti
1031 835 1098 873 ex
1127 819 1324 876 itinere
1371 832 1594 891 repente
1641 825 1904 894 impetum
1957 828 2104 884 face-

535 915 658 960 rent
689 909 914 962 sedibus
942 918 1101 965 antea
1145 913 1321 980 captis
1368 923 1423 967 et
1471 916 1753 984 praeclusis
1799 920 1899 972 viis
1937 937 2101 989 quam

536 997 608 1050 itii
639 998 1163 1066 animadverterent,
1218 1013 1314 1056 aut
1369 1003 1414 1056 si
1451 1005 1568 1058 'boc
1623 1005 1801 1062 minus
1853 1009 2104 1066 valerent

535 1086 1330 1162 B‘,zantiumpraeoccuparent
1359 1103 1412 1147 et
1446 1095 1513 1148 ad
1554 1097 1852 1164 perniciem
1893 1109 1950 1153 et
1991 1115 2106 1154 ser-

533 1181 760 1231 vitutem
791 1179 938 1232 omni
970 1179 1295 1236 defensione
1339 1183 1621 1238 meliorem
1671 1187 1978 1243 traherent.
2027 1191 2106 1244 Ac

535 1283 658 1320 eum
691 1269 940 1337 pecuniis
998 1271 1272 1342 indigeret
1319 1273 1434 1340 ille,
1468 1276 1651 1330 omnia
1679 1292 1801 1345 qua:
1856 1277 2104 1348 Byzantii

535 1373 684 1412 sacra
716 1371 1038 1416 ornamenta
1072 1373 1250 1428 erant,
1287 1380 1424 1418 auro
1452 1376 1502 1420 et
1547 1375 1774 1436 argento
1805 1379 1859 1424 et
1907 1371 2108 1439 lapidi-

537 1454 638 1505 bus
666 1453 924 1520 speciosis
948 1454 1236 1514 adornata,
1259 1456 1324 1508 ad
1365 1459 1649 1525 pecuniam
1683 1461 2107 1530 comparandam

535 1544 590 1597 in
627 1561 793 1597 unum
823 1546 1061 1615 collegit.
1119 1547 1274 1601 Unde
1315 1562 1438 1602 cum
1483 1549 1594 1619 regi
1648 1565 1910 1622 prospera
1961 1565 2111 1609 esset

538 1637 750 1690 fortuna
805 1638 987 1702 facta,
1038 1639 1352 1694 distributis
1401 1641 1454 1693 in
1519 1641 1788 1696 Barbaros
1837 1646 2108 1712 pecuniis,

537 1730 736 1781 iterum
775 1731 948 1792 palam
1001 1745 1245 1784 summos
1273 1732 1546 1802 Byzantiis
1593 1743 1834 1789 terrores
1867 1748 1920 1789 et
1969 1739 2108 1806 peri-

538 1819 658 1872 t‘ula
697 1821 1001 1889 proposuit,
1027 1835 1098 1877 ne
1127 1809 1266 1876 forte
1293 1823 1654 1892 Palaaologum
1686 1823 1844 1895 180
1869 1829 2113 1896 recipere

537 1924 582 1960 ν.
607 1910 763 1963 llent.
801 1911 1005 1964 Verum
1037 1914 1324 1968 enimvero
1351 1915 1616 1982 opinione
1662 1927 1840 1970 vestra
1869 1918 2034 1972 citius
2061 1919 2114 1972 iu

539 2000 901 2055 Barbarorunt
957 2013 1226 2071 potestate
1277 2021 1374 2060 vos
1420 2007 1678 2062 videbitis
1735 2023 1926 2064 omnes
1989 2027 2114 2068 cum

543 2091 712 2143 totius
739 2092 889 2146 urbis
917 2093 1152 2157 civibus,
1190 2111 1436 2149 summos
1478 2107 1535 2150 et
1587 2096 1826 2162 intimos,
1872 2099 2116 2155 illustres

538 2195 594 2238 et
637 2185 908 2238 obscuros
953 2187 1203 2242 homines
1255 2205 1378 2243 cum
1441 2189 1768 2246 mulieribus
1815 2193 2116 2262 liberisque

537 2276 815 2330 omnibus.
845 2275 1012 2330 Scitis
1039 2279 1187 2330 enim
1217 2281 1282 2332 ad
1317 2282 1527 2336 Aureas
1571 2283 1888 2338 nominatas
1919 2287 2116 2352 portas

540 2381 750 2433 magnae
781 2367 944 2435 hujus
980 2368 1145 2427 urbis
1195 2369 1248 2422 in
1299 2372 1535 2440 geminis
1590 2373 1698 2428 illis
1747 2385 1804 2430 et
1865 2378 2117 2431 maximis

537 2457 782 2513 castellis
819 2459 1148 2513 colloca-tum
1205 2462 1522 2530 praesidium
1565 2481 1745 2518 meum
1795 2468 2116 2538 jamdudum

539 2565 604 2602 ex
651 2550 979 2620 alienigenis
1021 2563 1400 2621 comparatum
1450 2556 1596 2625 quod
1675 2560 1992 2627 acropol-eos
2034 2572 2120 2616 est

539 2641 928 2712 Byzantiorum
980 2644 1319 2700 tutissimum
1378 2652 1876 2718 prepugnaculum.
1932 2651 2117 2722 Itaque

541 2734 698 2790 facile
731 2731 956 2804 possunt
989 2738 1034 2792 si
1067 2741 1230 2792 velim
1261 2740 1439 2795 tribus
1466 2758 1657 2796 eorum
1695 2745 1940 2800 millibus
1973 2747 2116 2801 haud

529 2824 860 2882 inferiorem
895 2829 949 2883 in
979 2829 1298 2902 Byzantium
1339 2834 1696 2890 introducere
1751 2837 2116 2908 Barbarorum

533 2918 884 2989 juventutem
942 2931 998 2976 et
1065 2939 1165 2978 vos
1223 2939 1416 2980 omnes
1465 2928 1692 2982 omnino
1749 2928 1803 2982 in
1855 2931 2116 2996 majorem

541 3013 760 3066 trahere
793 3014 1093 3082 perniciem
1143 3029 1306 3084 quam
1361 3031 1484 3087 quae
1535 3019 1807 3075 Oresliadi
1861 3024 2114 3093 contigit,

2202 555 2662 632 Καντακουξηνδς
2695 555 2754 619 ἐξ
2782 555 3080 610 ἀντιπάλου
3115 556 3216 622 τῆς
3249 553 3431 626 ὁρμῆς
3463 552 3788 607 πολλαπλα-

2203 648 2304 700 σίω
2338 647 2436 716 μὲν
2465 649 2566 714 τῆς
2597 647 2728 718 πρὶν
2767 647 2826 712 ἐξ
2865 647 3136 718 Ὑρκανοῦ
3183 646 3542 717 βαρϐαρικὴν
3597 663 3782 714 μετα-

2203 739 2482 807 πέμπεται
2529 739 2780 805 δύναμιν,
2829 739 3220 793 πολλαπλασίω
3257 739 3304 791 δ’
3338 733 3406 792 αὖ
3448 737 3548 790 καὶ
3602 738 3786 804 αὐτῆς

2203 831 2268 882 ἐκ
2289 828 2383 882 τοῦ
2425 829 2691 896 σύνεγγυς
2743 830 2838 884 καὶ
2897 831 3130 884 κατόπιν
3169 831 3363 901 ἐτέραν
3415 829 3786 900 παρασκευά-

2204 921 2393 984 ζεσθαι
2425 921 2821 991 παραγγέλλει,
2855 923 3004 976 δυοῖν
3042 922 3296 991 θάτερον,
3327 921 3360 992 ἦ
3401 924 3467 992 τῇ
3525 924 3590 974 ἐκ
3643 920 3787 991 Τρι-

2205 1013 2420 1067 ϐαλλῶν
2451 1017 2736 1084 συμμαχίᾳ
2785 1015 2929 1068 κατὰ
2971 1014 3072 1084 τὴν
3125 1014 3243 1066 ὁδὸν
3281 1013 3546 1082 ἐξαίφνης
3597 1015 3790 1064 ἐπιτε-

2206 1107 2563 1174 θησομένους,
2598 1107 2668 1159 τὰ
2730 1106 2926 1176 ἔνεδρα
2963 1107 3478 1175 προκατειληφότας
3517 1107 3628 1158 ’καὶ
3683 1107 3788 1166 τὰς

2207 1197 2474 1266 παρόδους
2513 1198 2641 1265 πρὶν
2714 1196 2955 1258 ἐκείνους
2999 1195 3314 1257 αἰσθέσθαι,
3357 1197 3389 1266 ἢ
3425 1199 3473 1248 εἰ
3509 1196 3586 1265 μὴ
3619 1194 3790 1247 τοῦτο

2207 1287 2506 1356 δυνηθεῖεν,
2539 1288 2654 1340 ἀλλ’
2689 1287 2805 1358 ἀμα
2835 1287 2986 1356 αὑτῷ
3017 1287 3220 1356 φθῆναι
3256 1287 3792 1357 προκαταλαϐόντας

2207 1375 2498 1440 Βυζάντιον
2528 1377 2615 1430 ἐπ’
2657 1377 2862 1448 ὀλέθρῳ
2898 1378 2992 1431 καὶ
3027 1377 3460 1448 ἀνδραποδισμῷ
3513 1376 3788 1430 παντελεῖ

2207 1487 2265 1522 τε
2306 1471 2400 1523 καὶ
2431 1472 2608 1540 πάσης
2635 1471 2854 1552 ἀμύνης
2893 1470 3166 1541 ἀμείνονι.
3196 1471 3446 1541 Κάπειδὴ
3478 1471 3794 1540 χρημάτων

2209 1563 2268 1614 ἐν
2289 1559 2498 1624 τούτοις
2529 1561 2661 1626 ἔδει,
2693 1563 2891 1632 μηνύει
2943 1563 3014 1616 τά
3046 1563 3167 1632 ίερά
3223 1563 3334 1616 τῶν
3389 1565 3448 1616 ἐν
3497 1561 3800 1626 Βυζαντίῳ

2211 1653 2651 1723 φροντιστηρίων
2707 1655 2970 1708 ἀπάντων
3023 1655 3308 1725 κειμήλια,
3348 1655 3450 1707 ὅσα
3479 1671 3540 1704 τε
3597 1651 3802 1723 χρυσῷ

2215 1746 2310 1796 καὶ
2341 1745 2570 1816 ἀργύρῳ
2597 1746 2694 1799 καὶ
2727 1747 2830 1800 δσα
2861 1747 3030 1808 λίθοις
3063 1745 3381 1799 πολυτελέσι
3419 1745 3800 1814 κεκόσμηται,

2222 1831 2378 1886 πάνθ’
2411 1832 2535 1902 ἑξῆς
2571 1833 2929 1902 ἀθροισθέντα
2959 1832 3264 1904 συλλήϐδην
3295 1833 3598 1904 χρημάτων
3625 1832 3804 1886 ἀλλά-

2218 1924 2440 1992 ξασθαι.
2469 1925 2750 1995 Εὑπορίας
2765 1921 2858 1979 οὖν
2897 1924 3151 1978 ἐντεῦθεν
3175 1925 3327 1994 αὐτῷ
3355 1925 3666 1996 γενομένης
3702 1923 3806 1976 καὶ

2215 2014 2564 2085 διανομῆς.ές
2601 2015 2940 2086 βαρσάρους,
2995 2015 3330 2068 ἐπιστέλλων
3363 2015 3520 2077 αὖθις
3573 2013 3802 2084 ὴπείλει

2217 2103 2542 2172 περιφανῶς
2571 2103 2641 2157 τά
2671 2103 3000 2174 παγχάλεπα
3035 2102 3378 2168 Βυζαντίοις,
3403 2103 3472 2158 τά
3503 2102 3549 2157 δ’
3581 2097 3676 2167 αἲ,
3725 2101 3804 2171 μὴ

2219 2197 2424 2266 σφόδρα
2489 2197 2860 2266 Παλαιολόγον
2913 2197 3258 2267 είσδέχεσθαι
3317 2196 3632 2266 βούλεσθαι.
3663 2211 3682 2245 t
3723 2191 3806 2246 Ἶί

2217 2289 2326 2358 γὰρ
2380 2288 2596 2342 οὐκ·ἆν
2647 2289 2926 2358 φθάνοιτε,
2979 2307 2998 2340 ι
3053 2290 3210 2360 φησὶ,
3267 2307 3286 2340 ι
3327 2289 3440 2350 τοῖς
3495 2287 3806 2357 βαρϐάροις

2221 2378 2606 2448 πρςδεδομένοι
2640 2380 2736 2432 σύν
2787 2396 2847 2432 τε
2890 2378 3180 2449 αὐτάνδρῳ
3243 2378 3444 2439 πάντες
3483 2378 3677 2449 ἁπάσῃ
3733 2379 3804 2446 τῇ

2219 2467 2395 2529 πόλει,
2431 2465 2495 2536 If.
2524 2466 2626 2521 l05
2645 2466 2696 2538 r]
2726 2467 2948 2536 μείζους
2980 2468 3078 2522 καὶ
3130 2467 3350 2537 ἥττους,
3417 2467 3690 2536 ἐπίσημοι
3744 2481 3805 2518 τε

2219 2561 2316 2612 καὶ
2343 2559 2574 2628 ἄσημοι,
2611 2561 2806 2632 ἄνδρες
2844 2559 2983 2632 ὁμοῦ
3020 2561 3115 2614 καὶ
3153 2562 3422 2628 ’γυναῖκες
3461 2560 3558 2612 καὶ
3607 2558 3806 2629 ἡλικία

2219 2653 2389 2708 πᾶσα.
2429 2655 2574 2707 Ἰστε
2601 2655 2712 2725 γὰρ
2735 2654 2862 2718 τοὺς
2899 2655 3054 2724 παρά
3089 2654 3188 2718 τὰς
3209 2653 3422 2724 χρυσᾶς
3448 2652 3808 2720 καλουμένας

2219 2746 2317 2812 τῆς
2348 2745 2594 2817 μεγάλης
2639 2746 2876 2816 ταυτησὶ
2927 2745 3138 2810 πόλεως
3195 2745 3373 2808 πύλας
3415 2745 3639 2806 διπλοῦς
3707 2745 3806 2797 καὶ

2224 2838 2515 2904 μεγίστους
2551 2839 2790 2899 ἐκείνους
2813 2837 3060 2907 πύργους
3087 2838 3228 2910 ὲμὴν
3257 2841 3322 2892 ἐκ
3361 2839 3560 2893 πολλοῦ
3597 2840 3806 2908 ξυμμι-

2221 2931 2292 2998 γῆ
2327 2932 2706 2998 κεκτημένους
2741 2930 2800 2995 ἐξ
2839 2931 3156 3000 ἀλλοφύλων
3191 2933 3440 3001 φρουρὰν
3497 2935 3596 2984 καὶ
3625 2949 3806 2999 κεφα-

2221 3021 2320 3089 λὴν
2357 3022 2437 3082 είς
2477 3022 2774 3088 ἀκρόπολιν
2817 3021 2975 3082 ὄντας
3041 3019 3352 3083 Βυζαντίων
3389 3021 3802 3090 καιριωτάτην,

537 3124 702 3178 quam
739 3109 991 3166 funditus
1025 3127 1132 3164 non
1165 3114 1360 3168 everti.
1387 3113 1550 3184 Stare
1575 3131 1694 3171 eam
1729 3133 1924 3186 pass-us
1953 3135 2113 3186 sum;

2221 3113 2294 3176 ὡς
2321 3111 2462 3166 εἷναί
2498 3131 2588 3184 μοι
2626 3115 2770 3167 πάνυ
2799 3130 2854 3166 τι
2889 3113 3074 3185 ῥᾴδιον
3121 3113 3316 3168 θᾶττον
3343 3113 3375 3183 ἦ
3405 3113 3564 3180 λόγος
3606 3113 3807 3182 βουλη-

541 3199 688 3268 quod
725 3200 949 3271 quidem
981 3203 1274 3272 benignius
1323 3205 1425 3260 feci
1469 3222 1632 3275 quam
1685 3209 1996 3266 Alexander
2029 3211 2119 3266 ille

540 3292 789 3356 Macedo,
842 3294 935 3362 qui
989 3295 1238 3351 funditus
1283 3299 1484 3353 evertit
1537 3300 1760 3357 Thebas
1789 3311 1848 3357 ut
1897 3303 2122 3358 Gracia:

542 3385 1040 3440 montiltuslumen
1095 3389 1425 3458 imponeret.
1485 3389 1751 3461 Equidem
1803 3395 1859 3448 in
1915 3411 2114 3450 memo-

543 3477 677 3531 riam
716 3478 950 3531 i'ortuna:
981 3493 1169 3532 muros
1197 3481 1350 3535 urbis
1380 3482 1576 3551 reliqui
1607 3485 1676 3538 ob
1721 3486 1922 3541 civium
1958 3489 2120 3544 ﬁdem

541 3570 814 3630 desertos.
845 3569 953 3624 Nec
982 3571 1216 3626 multum
1271 3574 1444 3627 abluit
1479 3576 1612 3644 quin
1643 3577 1766 3632 aliis
1794 3581 2023 3636 urbibus
2054 3597 2121 3636 ne

537 3661 732 3716 cadem
767 3661 1012 3717 lacerent
1035 3665 1379 3732 nuntiarem,
1416 3681 1484 3721 ne
1520 3668 1574 3721 in
1633 3670 1852 3726 easdem
1907 3673 2120 3730 incide-

541 3763 665 3806 rent
693 3754 1050 3808 calamitates.
1081 3753 1194 3808 Rex
1243 3758 1390 3811 enim
1445 3759 1662 3828 imperii
1705 3765 2006 3831 cupiditate
2043 3769 2123 3820 in-

541 3851 620 3902 cit
659 3858 746 3903 tus
785 3847 1154 3918 gubernacula
1205 3850 1524 3920 reipublicae
1559 3864 1746 3908 tenere
1771 3856 1922 3910 nullo
1957 3857 2122 3910 modo

543 3951 744 4010 potest.
779 3941 856 3994 Ita
883 3942 1105 3996 locutus
1135 3955 1219 4014 est
1267 3953 1322 3998 et
1367 3945 1512 4013 quod
1546 3946 1783 4011 dixerat,
1823 3947 1972 4003 fecit.
2015 3947 2120 4002 l’er

540 4035 750 4103 legatos
776 4035 922 4088 cnim
979 4033 1233 4106 Hyrcano
1267 4038 1420 4106 181
1457 4039 1689 4092 barbaro
1720 4039 1856 4094 clam
1913 4041 2122 4094 demin-

540 4128 642 4183 tiat
690 4137 749 4182 ut
795 4129 904 4182 duo
953 4131 1187 4183 militum
1244 4131 1413 4184 millia
1448 4147 1608 4199 quam
1645 4134 1931 4188 celerrime
1967 4151 2123 4204 para-

539 4233 646 4277 ret.
697 4223 1007 4277 Verisimile
1044 4224 1193 4278 enim
1246 4239 1367 4278 esse
1414 4223 1780 4278 Triballorum
1818 4231 2118 4282 exercitum

538 4316 836 4386 Thraciam
863 4317 1207 4376 invasurum,
1240 4325 1298 4368 ιιι
1347 4333 1472 4370 cum
1509 4317 1814 4390 l’alazologo
1860 4337 1984 4390 rege
2031 4337 2122 4376 so—

540 4411 796 4461 ei.=tatcttt
859 4407 1047 4460 iniret.
1112 4405 1354 4460 Necesse
1407 4417 1492 4461 est
1543 4409 1728 4479 igitur.
1781 4412 1978 4480 inquit,
2039 4431 2124 4468 me
2157 4433 2204 4492 D

539 4498 697 4566 sequi
731 4514 856 4550 cum
889 4497 1257 4551 Barbarorum
1295 4501 1538 4552 exercitu
1583 4511 1636 4554 et
1675 4501 1992 4571 Byzantium
2027 4521 2125 4574 per

497 4577 506 4586 ”
541 4587 754 4649 aureas
781 4603 966 4660 portas
1002 4591 1262 4645 celeriter
1312 4595 1617 4662 ingressum
1661 4605 1826 4649 totam
1855 4611 1979 4649 cum
2025 4597 2125 4650 ho-

542 4686 788 4738 minibus
833 4684 1026 4736 urbem
1073 4683 1446 4754 exstinguere.
1495 4687 1608 4741 Nec
1663 4688 1765 4742 nisi
1811 4703 1913 4759 ego
1951 4689 2124 4758 impe-

541 4779 695 4837 rabo,
729 4789 911 4842 neque
956 4774 1034 4828 illi
1073 4775 1364 4844 imperare,
1416 4793 1593 4848 neque
1624 4796 1745 4835 esse
1779 4781 1982 4849 quibus
2021 4783 2125 4834 itu-

542 4878 718 4936 j:crct,
753 4867 914 4920 liceat
941 4867 994 4920 in
1029 4866 1302 4921 futurum.
1325 4869 1504 4939 Atque
1521 4872 1613 4940 qui
1642 4874 1946 4939 periculum
1981 4873 2123 4926 υίΐιιι

541 4963 740 5026 μιτὶιιι,
769 4959 821 5012 hi
842 4975 1063 5028 quoque
1085 4961 1136 5013 in
1168 4961 1435 5016 ditionem
1459 4974 1604 5018 tuam
1625 4969 1806 5020 redire
1830 4977 2120 5032 cogentur.

2229 3209 2375 3261 θέντι
2401 3208 2470 3262 δι’
2534 3207 2718 3260 αὐτῶν
2767 3206 3048 3277 ἐμπλῆσαι
3090 3205 3400 3275 δισμυρίων
3447 3205 3544 3274 οὐχ
3603 3205 3808 3275 ἥττους

2229 3301 2528 3363 Βυζάντιον
2571 3300 2906 3371 ὁπλομάχων
2941 3299 3236 3370 βαρϐάρων
3265 3299 3361 3350 καὶ
3390 3297 3602 3360 πάντας
3629 3298 3808 3368 ἄρδην

2231 3393 2376 3462 ὑμᾶς
2417 3393 2620 3463 ἡϐηδὸν
2669 3392 3006 3462 διαφθεῖραι,
3049 3393 3232 3460 χεῖρον
3275 3392 3306 3460 ἢ
3344 3390 3488 3471 κατά
3523 3389 3630 3459 τὴν
3651 3390 3812 3461 Ὀρε-

2233 3487 2424 3540 στιάδα
2447 3488 2698 3555 ταυτηνὶ,
2729 3487 2794 3556 ἣν
2825 3484 3028 3544 τελέως
3056 3483 3155 3554 μὲν
3175 3484 3278 3536 οὐκ
3301 3482 3595 3552 ἀνέτρεψα,
3620 3483 3806 3551 μάτην

2229 3581 2274 3632 δ’
2305 3576 2398 3632 οὖν
2419 3577 2721 3647 ἱσταμένην
2751 3578 2966 3648 ἀφῆκα,
3005 3576 3530 3646 φιλανθρωπότερόν
3556 3593 3610 3627 τι
3633 3577 3812 3629 ποιῶν

2231 3674 2326 3727 καὶ
2357 3671 2726 3743 συνετώτερον
2757 3671 2790 3741 ἢ
2829 3670 3352 3739 φιλανθρωπότερον
3387 3671 3564 3722 εἰπεῖν
3605 3669 3638 3738 ἦ
3685 3669 3811 3720 κατ’

2231 3767 2439 3818 ἐκεῖνον
2477 3763 2834 3833 Ἀλέξανδρον
2875 3763 2968 3815 τὸν
3027 3763 3339 3816 Μακεδόνα.
3416 3761 3658 3822 Ἐκεῖνος
3711 3763 3809 3826 μὲν

2232 3856 2341 3926 γάρ
2376 3858 2435 3908 ἐκ
2459 3855 2730 3926 Θεμελίων
2791 3853 3054 3924 ἀνέτρεψε
3113 3855 3320 3924 Θήϐας,
3361 3853 3668 3923 μηλόϐοτον
3709 3853 3811 3942 τῆς

2245 3951 2497 4012 Ἑλλάδος
2519 3951 2870 4020 καταστήσας
2892 3948 2983 4001 τὸν
3009 3947 3292 4014 ὀφθαλμόν
3319 3963 3332 3976 ·
3385 3944 3496 4012 ἐγὼ
3549 3945 3608 3999 δὲ
3669 3964 3809 4015 μνη·

2230 4045 2385 4110 μεῖον
2430 4040 2802 4094 καταλέλοιπα
2835 4037 3138 4106 συμφορῶν
3176 4038 3244 4090 τὰ
3283 4037 3384 4104 τῆς
3409 4036 3620 4098 πόλεως
3651 4037 3808 4106 τείχη

2231 4133 2564 4202 κενωθείσης
2591 4132 2659 4184 δι’
2687 4132 2944 4200 εὐήθειαν
3001 4131 3330 4199 οἰκητόρων.
3363 4128 3585 4182 πόλεσιν
3617 4128 3810 4190 ἄλλαις

2235 4226 2394 4296 μόνον
2445 4226 2568 4296 οὐχὶ
2594 4225 2664 4277 δι’
2691 4225 2916 4294 ἐρήμων
2955 4223 3063 4275 τῶν
3111 4223 3408 4274 οἰκοπέδων
3465 4219 3678 4290 βοῶντα
3733 4223 3807 4291 μὴ

2231 4317 2365 4388 δρᾷν
2395 4317 2463 4369 τὰ
2495 4315 2662 4380 αὐτὰ,
2695 4314 2782 4366 ἵνα
2817 4315 2890 4384 μὴ
2927 4316 3038 4376 τοῖς
3089 4313 3278 4374 αὐτοῖς
3305 4312 3662 4380 περιπαρῶσι
3711 4329 3812 4362 κα-

2231 4409 2371 4468 κοῖς.
2424 4403 2606 4476 Θυμὸς
2642 4405 2748 4473 γὰρ
2783 4404 3046 4474 βασιλέως
3077 4403 3302 4472 ὀξύτητι
3336 4403 3634 4472 φιλαρχίας
3689 4404 3812 4472 ἐρε-

2201 4497 2519 4568 θιζόμενος
2551 4497 2816 4565 πηδάλιον
2844 4496 2990 4566 ἔχειν
3037 4495 3240 4566 ἥκιστα
3290 4495 3530 4549 δύναται.
3575 4514 3592 4546 ι
3643 4494 3808 4548 Ταῦτ’

2235 4593 2412 4661 ἔλεγε,
2456 4595 2553 4645 καὶ
2582 4593 2698 4654 τοῖς
2724 4591 2904 4658 λόγοις
2935 4591 2966 4660 ἡ
2999 4591 3110 4642 τῶν
3157 4589 3338 4660 ἔργων
3383 4589 3571 4641 εἵπετο
3629 4605 3812 4656 παρα-

2234 4685 2426 4764 σκευή.
2470 4683 2702 4753 Πέμψας
2737 4684 2846 4752 γάρ
2902 4683 3166 4753 βαρϐάρῳ
3215 4681 3401 4750 κρύφα
3469 4680 3667 4749 μηνύει
3735 4680 3812 4749 τῷ

2245 4779 2499 4846 ’Υρκανῷ
2531 4777 2854 4847 δισμυρίους
2915 4777 3014 4843 τὴν
3039 4777 3304 4844 ταχίστην
3365 4773 3594 4837 ὁπλίτας
3633 4791 3812 4842 παρα-

2236 4873 2524 4925 σκευάσαι.
2592 4869 2872 4934 Ἐπίδοξον
2917 4871 3026 4939 γάρ
3075 4869 3345 4937 ὑπάρχειν
3405 4866 3696 4918 ἐσϐάλλειν
3731 4870 3808 4927 εἰς

2235 4965 2466 5036 Θρᾴκην
2494 4963 2726 5032 στρατὸν
2762 4961 3082 5031 Τριϐαλλῶν
3115 4959 3466 5028 Παλαιολόγῳ
3489 4958 3566 5026 τῷ
3600 4959 3810 5025 βασιλεῖ

543 5057 1003 5126 συμμαχήσοντα.
1056 5053 1210 5111 Εἶναι
1250 5059 1296 5110 δ’
1345 5058 1438 5112 οὖν
1497 5061 1802 5128 ἀναγκαῖον
1867 5061 2015 5130 κζμέ
2055 5077 2188 5128 φησι
2225 5062 2458 5113 κατόπιν
2503 5057 2600 5124 ξύν
2629 5073 2692 5125 γε
2719 5057 2798 5126 τῷ
2841 5055 3164 5125 βαρϐαρικῷ
3205 5054 3430 5107 ἐπιόντα
3467 5052 3686 5122 στρατῷ
3725 5052 3808 5104 διὰ

541 5156 650 5208 τῶν
699 5157 950 5226 χρυσέων
1006 5174 1062 5211 τε
1110 5161 1340 5212 εἰσιέναι
1391 5157 1576 5210 πυλῶν
1617 5161 1694 5218 εξς
1727 5157 2022 5216 Βυζάντιον
2071 5157 2233 5219 εὐθὺς
2271 5160 2366 5209 καὶ
2405 5156 2589 5208 πᾶσαν
2641 5153 2944 5221 αὕτανδρον
2995 5149 3166 5220 ἄρδην
3199 5149 3452 5220 ἐκτρῖψαι
3491 5149 3590 5217 τὴν
3631 5153 3806 5219 πόλιν⁹

543 5255 566 5300 (ἒ
592 5271 618 5313 ._:.
648 5253 696 5304 εἰ
727 5253 802 5324 μή
837 5269 898 5319 γε
935 5253 1058 5322 ἐμὲ,
1094 5252 1208 5306 ἀλλ’
1234 5251 1327 5306 οὖν
1359 5251 1487 5321 μήτ’
1522 5252 1685 5303 αὐτὸν
1726 5249 2032 5318 βασιλεύειν
2069 5251 2171 5317 ἔτι,
2218 5251 2344 5320 μήτ’
2377 5243 2456 5312 οἷς
2501 5245 2891 5318 βασιλεύεσθαι
2931 5245 3025 5296 τοῦ
3061 5243 3250 5296 λοιποῦ
3293 5242 3469 5311 χρεὼν
3495 5239 3680 5295 εἶναι’
3715 5243 3810 5296 καὶ

544 5347 623 5412 c”;
665 5349 710 5403 δ’
751 5351 817 5404 αὖ
851 5351 1134 5419 διαδρᾶναι
1166 5349 1258 5403 τὺν
1291 5349 1538 5400 κίνῖυνον
1572 5346 1846 5416 δήπουθεν
1880 5347 2115 5414 γένοιτο,
2151 5349 2246 5400 καὶ
2269 5347 2483 5408 τούτοις
2513 5345 2557 5397 δ’
2587 5340 2731 5396 εἶναι
2767 5344 2882 5403 σοῖς
2913 5341 3272 5408 ὑποχειρίοις.

616 5445 704 5502 ιν.
759 5447 854 5502 liis
895 5449 968 5502 ita
1019 5445 1351 5515 comparatis
1409 5459 1518 5497 non
1567 5443 1754 5498 multis
1795 5455 1919 5514 post
1969 5445 2130 5499 annis

539 5541 957 5595 (iantacuzenus
1037 5553 1066 5590 a
1141 5533 1581 5610 speculatoribus
1657 5537 1858 5590 certior
1953 5539 2130 5593 factus

545 5645 748 5698 jancos
815 5631 866 5683 in
938 5626 1224 5695 Palmologi
1293 5625 1611 5680 societatem
1669 5625 1857 5681 venire
1916 5623 2129 5680 Tribal-

551 5727 729 5778 Lrum
797 5725 1000 5777 milites
1051 5731 1103 5775 rt
1157 5722 1242 5774 vix
1312 5728 1552 5788 quatuor
1617 5721 1803 5780 millia,
1874 5721 2130 5774 celeriter

547 5819 817 5873 barbaros
883 5814 1116 5886 llyrcani
1170 5814 1358 5885 copias
1421 5813 1626 5883 optimc
1693 5801 1988 5868 instructas
2053 5823 2130 5866 at—

2307 5447 2380 5499 A'.
2413 5442 2634 5496 Τούτων
2689 5441 2736 5495 δ⁹
2777 5439 2924 5493 οὕτω
2975 5434 3544 5505 παρεσκευασμένων,
3581 5435 3646 5486 οὐ
3683 5433 3813 5488 πολ-

2233 5537 2353 5602 λαῖς
2383 5537 2612 5608 ὕστερον
2639 5535 2879 5606 ἡμέραις
2912 5531 3128 5601 ὀλίγους
3160 5529 3322 5587 Mm;
3351 5528 3379 5580 ό
3413 5526 3813 5596 Καντακουξη’-

2233 5627 2324 5689 νδς
2347 5626 2434 5679 διὰ
2464 5627 2573 5678 τῶν
2601 5623 3012 5694 ήμεροσκόπων
3046 5616 3390 5689 μεμαθηκὼς
3423 5617 3519 5684 καὶ
3565 5613 3728 5684 μόλις
3758 5615 3813 5678 ἐς

2233 5717 2708 5789 τετρακισχιλίους
2731 5716 2822 5769 τὸν
2855 5715 2981 5785 ἀριθ
2995 5713 3094 5784 μδν
3125 5711 3252 5774 τούς
3273 5725 3336 5778 γε
3375 5710 3456 5772 εἰς
3488 5707 3810 5778 ξυμμαχίαν

2239 5813 2418 5876 ἰόντας
2447 5809 2770 5881 Τριϐαλλῶν
2809 5807 3148 5877 στρατιώτας
3199 5801 3576 5870 Παλαιολόγιρ,
3645 5815 3810 5869 μετα-
