4070 6326
445 265 546 328 159

1627 275 2056 340 NlCEPHORI
2095 281 2481 344 GREGOIUE

3585 283 3706 350 160

435 396 559 449 quas
606 395 705 450 per
731 397 898 452 pagos
929 392 1098 454 atque
1128 384 1327 453 Oppida
1359 386 1622 455 dispersae
1667 393 1770 446 sub
1816 393 2012 447 alieni-

2129 399 2388 468 λαιολόγῳ
2415 402 2494 470 τῷ
2556 401 2773 470 βασιλεῖ
2819 403 2896 466 ὡς
2929 402 3181 472 πανταχῆ
3237 403 3334 456 καὶ
3365 405 3549 473 νήσων
3591 397 3705 455 καὶ

432 473 589 542 genis
626 474 846 543 populis
879 475 1177 544 degerent,
1215 479 1388 546 ipsius
1435 495 1634 534 nomen
1679 491 1734 536 et
1783 485 2009 540 minime

429 563 799 618 Cantacuzeni
833 567 1171 621 carminibus
1201 570 1419 638 publice
1467 571 1731 626 canendis
1771 573 2009 627 circum-

433 653 562 706 ferri
597 655 663 708 ad
699 657 978 710 memoriae
1035 659 1376 712 celebrandae
1437 659 1599 730 184
1648 662 1808 714 ritum
1841 679 1964 718 eum
1987 706 2004 726 ,

434 744 529 810 qui
555 743 609 796 in
638 746 1071 800 orthodoxorum
1096 748 1378 814 metropoli
1407 750 1672 818 regnabat
1693 790 1708 814 ,
1759 763 2006 817 potestas

433 846 556 890 erat
607 838 970 892 conveniendi
1029 839 1175 892 hunc
1209 841 1412 904 virum,
1473 851 1530 894 et
1584 857 1720 898 cum,
1777 845 2012 910 primum

433 927 646 978 audivit
672 928 855 980 statim
897 929 1273 999 interrogandi
1307 945 1428 988 eum
1457 939 1654 1000 etquae
1685 935 1848 988 vellet
1871 935 2016 1003 lega-

437 1019 516 1070 tio
549 1027 604 1072 et
654 1034 774 1086 qua?
834 1029 1096 1088 praeterea
1148 1007 1440 1090 quareret.
1475 1024 1843 1088 Quamobrem
1882 1041 2016 1078 con-

436 1110 682 1163 stituisse
731 1126 856 1163 eum
915 1113 1100 1166 audivi
1145 1126 1330 1168 monte
1382 1115 1526 1168 Atho
1558 1117 2016 1187 praeternavigalo

440 1199 505 1251 ad
541 1201 718 1252 virum
755 1202 908 1254 illum
939 1217 1004 1256 ex
1027 1204 1226 1258 itinere
1252 1205 1546 1273 proficisci.

2120 491 2372 561 ἠπείρων
2391 535 2404 556 ,
2434 495 2528 546 καὶ
2555 495 2664 564 ὅπη
2685 513 2792 564 περ
2820 495 2888 548 ἂν
2905 495 3122 565 τύχοιεν
3145 497 3362 550 ἄποικοι
3396 496 3706 564 Ῥωμαίων

2117 582 2534 653 διεσπαρμένως
2554 601 2614 638 τε
2665 587 2765 640 καὶ
2797 587 2943 640 κατά
2980 586 3172 656 κώμας
3225 588 3322 640 καὶ
3381 588 3568 648 πόλεις
3597 585 3706 639 ὕπ’

2115 675 2433 745 ἀλλόφύλοις
2461 677 2640 731 ἔθνεσι
2680 679 3048 750 διαιτώμενοι,
3085 681 3147 732 τὸ
3185 681 3378 733 τούτου
3411 682 3576 750 μόνου
3599 681 3708 733 καὶ

2114 765 2316 833 ἥκιστα
2358 766 2814 835 Καντακουζηνοῦ
2871 769 2995 828 ταῖς
3043 767 3280 837 δημοσίᾳ
3311 769 3464 834 σφίσι
3501 769 3708 819 τελου-

2119 855 2307 924 μέναις
2337 859 2511 925 ἱεραῖς
2560 858 2861 927 ὑμνῳδίαις
2913 860 3352 927 συμπεριάγοιεν
3389 860 3562 928 ὄνομα
3621 859 3704 910 δι’

2114 943 2365 1012 εὐφήμου
2407 945 2506 1011 τῆς
2539 947 2759 1014 μνήμης
2785 946 2930 999 κατά
2963 947 3026 998 τὸ
3055 946 3226 998 πάλαι
3253 947 3546 1015 κρατῆσαν
3567 946 3704 1007 ἔθος

2114 1035 2178 1099 τῇ
2211 1033 2548 1101 μητροπόλει
2573 1034 2682 1086 τῶν
2713 1035 3029 1104 ὀρθοδόξων,
3061 1035 3130 1088 δι’
3163 1036 3408 1100 ἐφέσεως
3455 1032 3524 1106 ἦν
3563 1038 3702 1102 ὁμι-

2113 1119 2276 1188 λῆσαι
2311 1123 2404 1176 καὶ
2441 1125 2579 1192 τῷδε
2639 1127 2849 1194 τάνδρὶ,
2891 1127 2986 1178 καὶ
3049 1128 3194 1178 τοῦτ’
3259 1127 3395 1178 αὑτό
3463 1125 3701 1193 μαθόντι

2113 1215 2332 1281 πρῶτον
2365 1215 2536 1269 ἔπειτ’
2572 1218 2792 1286 ἐρέσθαι
2817 1221 2914 1272 καὶ
2949 1221 2976 1272 ὅ
3007 1237 3059 1271 τι
3107 1218 3348 1288 βούλοιτό
3387 1221 3436 1270 οί
3483 1219 3552 1271 τὰ
3591 1219 3702 1284 τῆς

441 1292 764 1358 πρεσδείας,
808 1295 900 1347 Xal-
940 1297 1076 1366 πρός
1112 1313 1176 1364 γε
1212 1299 1310 1350 ὅσα
1371 1303 1486 1360 τοῖς
1525 1301 1790 1364 τοιούτοις
1840 1303 2018 1356 ἕποντ’
2055 1306 2140 1359 ἄν.
2177 1309 2370 1380 Διάδή
2397 1311 2570 1362 ταῦτά
2597 1315 2646 1364 οἱ
2677 1313 2768 1364 καὶ
2823 1297 2963 1365 εἶναι
3025 1313 3442 1382 συντεθειμένον
3477 1315 3704 1381 ἀκήκοα

434 1388 528 1438 τὸν
572 1385 723 1438 ’Ᾱθω
755 1391 1130 1456 παραπλέοντι
1165 1392 1259 1444 καὶ
1295 1395 1446 1462 παρὰ
1474 1395 1566 1446 τὸν
1605 1397 1846 1450 τοιοῦτον
1885 1400 2006 1452 ὁδοῦ
2046 1395 2326 1472 πάρεργον
2363 1407 2533 1476 ἄνδρα
2567 1409 2818 1479 ἀφῖχθαι.

505 1479 616 1536 Vll.
665 1479 798 1546 Quae
863 1498 989 1537 cum
1055 1486 1128 1540 ita
1181 1498 1400 1552 essent,
1462 1491 1610 1543 venit
1659 1491 1881 1560 quidam
1945 1510 2014 1549 ex

437 1568 728 1625 Thessalia
763 1581 819 1626 et
873 1575 978 1630 alia
1016 1577 1262 1631 referens
1292 1589 1346 1631 et
1383 1579 1540 1642 illud,
1569 1581 1777 1649 jamdiu
1826 1599 1894 1637 ne
1924 1600 2014 1638 ve—

2202 1497 2276 1554 Z'.
2306 1503 2526 1554 Τούτων
2557 1504 2602 1554 δ’
2627 1503 2769 1555 οὕτω
2799 1505 3115 1572 φερομένων
3133 1503 3259 1572 ἥκει
3279 1519 3359 1564 τις
3384 1502 3446 1551 ἐκ
3469 1500 3694 1551 Θεσσα-

2120 1591 2344 1662 λονίκης
2375 1594 2444 1647 τά
2473 1611 2530 1645 τε
2581 1595 2714 1648 ἄλλα
2765 1595 3068 1662 ἀγγέλλων,
3108 1595 3203 1647 καὶ
3259 1595 3341 1645 ὅτι
3383 1593 3576 1660 βιαίως
3625 1595 3696 1643 ἐκ

437 1661 724 1717 hementer
754 1673 811 1718 et
837 1667 996 1720 valde
1035 1669 1232 1722 acriter
1263 1685 1292 1724 e
1319 1671 1425 1724 vita
1463 1671 1792 1740 eriperetur,
1824 1677 1878 1730 in
1915 1693 2014 1746 pe.-

441 1754 611 1774 _.-__._
932 1757 972 1774 ,κ
1010 1759 1022 1774 .
1517 1763 1566 1774 ..
1727 1765 1740 1774 .
1908 1769 1919 1774 -

2129 1683 2318 1738 πολλοῦ
2359 1686 2454 1739 καὶ
2499 1686 2622 1739 λίαν
2667 1661 2878 1756 πικρῶς
2918 1686 3302 1756 ἀπορραγῆναι
3363 1685 3460 1753 μὲν
3507 1683 3699 1735 κινδυ-

441 1754 616 1806 rieulo
665 1756 875 1809 versari
932 1757 1250 1825 Palamam;
1298 1777 1407 1814 non
1439 1763 1658 1829 quidem
1710 1765 2016 1822 decessisse

437 1859 588 1906 eum,
624 1845 716 1898 sed
747 1838 934 1901 fractis
979 1850 1190 1904 viribus
1211 1853 1394 1921 jacere
1421 1862 1476 1907 et
1515 1855 1659 1910 ferre
1691 1857 1807 1924 ipsa
1841 1849 2014 1914 morte

437 1939 744 1994 acerbiora.
775 1941 1031 1994 Ventrem
1053 1943 1421 2016 enimdicunt
1444 1948 1509 2000 ad
1545 1948 1873 2004 immensum
1901 1951 2016 2006 fere

441 2032 772 2095 accrevisse,
803 2047 866 2086 ac
898 2033 1062 2086 simul
1097 2036 1353 2090 manibus
1403 2047 1458 2092 et
1496 2039 1728 2107 pedibus
1762 2041 2018 2096 debilita-

442 2127 556 2196 ιιιρί
584 2120 712 2172 eum
743 2121 812 2175 ita
849 2131 906 2176 ut
941 2125 1086 2192 quod
1121 2125 1184 2179 ad
1238 2129 1580 2194 torpedinem
1609 2132 1848 2200 pertinet
1878 2147 2016 2200 pau-

441 2211 553 2263 lum
611 2221 705 2266 aut
744 2213 856 2268 fere
910 2216 1045 2268 nihil
1081 2233 1108 2268 a
1144 2217 1419 2285 lapidibus
1449 2219 1552 2274 nisi
1591 2223 1735 2290 quod
1782 2224 2018 2288 spiraret

441 2301 692 2356 dill'erret
720 2321 734 2368 ;
767 2306 1074 2359 visceribus
1124 2311 1354 2362 reclusis
1389 2323 1444 2364 et
1476 2327 1574 2378 per
1614 2312 1891 2366 thoracem
1929 2330 2015 2366 re-

441 2393 618 2462 pulsis
660 2395 724 2449 ad
757 2399 928 2450 instar
961 2398 1150 2468 Euripi
1181 2411 1374 2455 aestum
1413 2404 1804 2471 reriproeautis
1832 2406 2014 2458 omnia

443 2485 652 2537 ventris
713 2487 986 2554 superﬂua
1036 2490 1162 2542 inde
1207 2491 1271 2543 ad
1309 2507 1370 2542 os
1424 2493 1608 2546 reduci
1648 2501 1857 2546 natura:
1920 2509 2015 2562 ne-

441 2571 698 2624 cessitate
740 2582 796 2624 et
853 2575 1068 2642 podicis
1107 2577 1228 2631 loco
1273 2595 1302 2631 a
1335 2588 1528 2632 natura
1573 2595 1635 2634 os
1667 2582 1914 2635 adhiberi
1949 2584 2014 2635 ad

441 2663 766 2730 excipienda
793 2667 1000 2722 ventris
1025 2682 1396 2724 excrementa.

2122 1775 2389 1828 νεύειτοῢ
2459 1775 2558 1846 ζῇν
2625 1777 2918 1844 Παλαμᾶς,
2979 1779 3076 1829 οὐκ
3133 1776 3554 1844 ἀπορρήγνυται
3615 1773 3696 1835 δὲ,

2117 1863 2254 1916 ἀλλὰ
2287 1868 2466 1918 κεῖται
2494 1868 2826 1934 παρειμένος
2875 1853 2968 1918 καὶ
3011 1866 3179 1936 χείρω
3223 1866 3447 1930 πάσχων
3487 1863 3702 1931 μυρίων

2119 1950 2386 2005 θανάτων.
2457 1953 2846 2019 Ἰῐξωγκῶτθαι
2909 1953 3018 2021 γὰρ
3083 1953 3231 2020 αὐτῷ
3299 1952 3398 2020 τὴν
3448 1954 3697 2018 γαστέρα

2119 2043 2252 2109 φασὶ
2283 2044 2339 2105 ἐς
2362 2044 2421 2094 τὸ
2459 2047 2600 2098 πάνυ
2633 2063 2684 2096 τι
2715 2045 3076 2114 ὑπερβάλλον.
3113 2046 3206 2096 καὶ
3237 2044 3352 2110 ἅμα
3383 2043 3693 2111 παρεῖσθαι

2119 2133 2304 2198 χεῖρας
2337 2134 2429 2182 καὶ
2463 2133 2650 2196 πόδας,
2706 2133 2778 2195 ὡς
2847 2133 3018 2201 μικρὰ
3069 2133 3100 2200 ἢ
3159 2133 3322 2200 μηδὲν
3391 2131 3528 2198 πλὴν
3596 2129 3692 2181 τοῦ

2122 2221 2383 2274 ἀναπνεῖν
2437 2223 2718 2291 διαφέρειν
2758 2223 2868 2276 τῶν
2935 2223 3100 2276 λίθων
3157 2225 3235 2284 εἰς
3291 2223 3351 2274 τὸ
3411 2223 3693 2290 ἀκίνητον.

2133 2313 2552 2380 Ἰῗκφραγέντων
2587 2315 2632 2365 δ’
2698 2317 2844 2384 αὐτῷ
2882 2321 2973 2367 καὶ
3005 2317 3114 2368 τῶν
3150 2317 3246 2386 τῆς
3282 2315 3490 2376 κοιλίας
3545 2317 3700 2366 ἐντέ-

2125 2420 2250 2470 ρων,
2287 2403 2377 2453 καὶ
2414 2406 2469 2465 ὲς
2505 2405 2565 2455 τὸ
2597 2405 2706 2458 ἅνω
2734 2408 3154 2476 ἐστραμμένων,
3185 2407 3271 2459 διὰ
3321 2406 3414 2484 τοῦ
3443 2405 3696 2473 θώρακος

2121 2493 2280 2555 αὖθις
2311 2497 2451 2548 κατά
2477 2496 2806 2564 παλίρροιαν
2832 2499 3072 2566 Εὐρίπου
3119 2498 3274 2567 δίκην
3306 2498 3600 2564 ἀναφέρειν
3639 2499 3696 2558 ἐς

2121 2587 2180 2638 τὸ
2213 2589 2386 2655 στόμα
2437 2589 2528 2639 καὶ
2570 2591 2924 2658 ἀποπέμπειν
2979 2590 3191 2642 ἐκεῖθεν
3239 2590 3692 2656 ἀναγκαζομένην

2121 2678 2218 2744 τὴν
2272 2677 2432 2744 φύσιν
2467 2679 2526 2730 τὸ
2577 2683 2675 2748 τῆς
2725 2683 2962 2750 γαστρὸς
3032 2680 3308 2748 κοπρῶδες
3366 2681 3691 2748 περίττωμα

444 2757 574 2821 πᾶν,
611 2759 704 2808 καὶ
736 2759 984 2826 γίνεσθαι
1008 2761 1146 2826 τέως
1175 2763 1296 2815 ἀντὶ
1330 2764 1429 2831 τῆς
1472 2765 1631 2836 ἕδρας
1666 2768 1732 2836 τῇ
1765 2765 2006 2834 φύσειτῦ
2051 2767 2228 2834 στόμα
2257 2767 2678 2834 διακονούμενον
2717 2771 2772 2830 ἐς
2806 2769 2904 2830 τὰς
2959 2768 3058 2836 τῆς
3132 2767 3368 2836 γαστρὸς
3435 2767 3696 2826 δυσώδεις

443 2851 691 2917 κηλῖδας.

515 2943 652 2998 Vill.
703 2943 890 3008 Vides,
934 2946 1259 3002 charissime
1298 2949 1686 3019 Agathangele,
1741 2950 2022 3020 quomodo

444 3035 630 3090 divina
663 3038 751 3090 illa
795 3039 1006 3106 justitia
1035 3039 1164 3094 huic
1198 3031 1416 3110 quoque
1443 3043 1652 3097 homini
1685 3053 1888 3098 sortem
1927 3059 2016 3112 pe-

445 3130 725 3196 penderit,
757 3129 830 3182 ita
863 3133 1136 3186 utaninnc
1161 3149 1281 3200 qua:
1305 3134 1476 3202 aspici
1513 3151 1617 3189 non
1649 3135 1806 3205 185
1839 3145 2024 3212 potest

2198 2947 2280 3004 ll'.
2325 2951 2510 3020 Ὀρᾷς,
2549 2943 2593 3010 ὦ
2628 2949 2880 3017 φίλτατε“
2915 2947 3308 3014 ⁹Αγαοοὶγγελε,
3351 2949 3468 3012 πῶς
3492 2951 3702 3006 ἀνωθεν

2127 3045 2160 3110 ἠ
2189 3043 2308 3094 θεία
2332 3043 2648 3094 ταλαντεύει
2683 3043 2802 3111 δίκη
2833 3043 2894 3094 τὸ
2929 3041 3109 3110 χρεὼν
3143 3043 3284 3094 κάπὶ
3315 3043 3450 3127 τῷδε
3483 3045 3700 3113 τάνδρὶ,

2131 3134 2216 3186 ἵνα
2241 3135 2301 3186 τὸ
2333 3133 2435 3201 τῆς
2479 3133 2721 3202 ἀφανοῦς
2748 3133 2926 3203 ψυχῆς
2949 3133 3206 3196 δυσῶδες,
3233 3134 3306 3194 ὡς
3337 3133 3501 3198 ἔοικε,
3539 3134 3702 3202 δῆλον

448 3221 672 3276 fmditas
701 3232 759 3274 ut
794 3222 954 3278 decet
987 3225 1263 3294 propalam
1307 3226 1358 3278 in
1395 3237 1747 3292 conspectum
1773 3228 2019 3280 omnium

2129 3229 2238 3280 κάκ
2275 3230 2372 3296 τῆς
2417 3227 2726 3296 αἰσθήσεως
2777 3227 2951 3279 ἅπασι
2985 3228 3224 3294 γένοιτο,
3283 3228 3379 3278 καὶ
3427 3228 3584 3294 δίκην
3639 3227 3700 3278 τὸ

450 3315 668 3366 veniret
703 3323 759 3367 et
781 3325 1002 3384 pr0pter
1035 3315 1433 3385 impudentiam
1483 3319 1597 3372 oris
1631 3331 1808 3386 poenae
1853 3331 2022 3370 onera

449 3419 548 3458 sua
581 3407 798 3461 cervice
836 3408 1136 3461 sustineret
1161 3407 1216 3461 in
1253 3417 1398 3463 terra
1426 3421 1716 3478 antequam
1769 3411 1824 3462 in
1859 3419 2023 3464 teter-

450 3510 576 3549 nam
620 3496 764 3551 illam
797 3513 1012 3566 ptenam
1063 3499 1397 3563 traderetur,
1427 3511 1482 3552 et
1515 3508 1572 3552 ut
1598 3500 1723 3556 inde
1767 3509 2024 3570 tanquam

451 3604 484 3640 e
543 3589 830 3658 principiis
887 3605 949 3644 ea
975 3593 1416 3660 qumpatefacta
1465 3593 1706 3646 nondum
1766 3594 2025 3647 omnibus

452 3681 827 3735 Calamitatum
886 3683 1366 3751 spectaculaante
1416 3684 1606 3738 oculos
1640 3695 1823 3740 essent
1896 3685 2027 3738 huic

454 3773 664 3826 homini
717 3773 888 3843 magis
943 3775 1260 3843 proposita,
1295 3791 1456 3844 quam
1493 3775 1608 3830 Arii
1659 3776 1806 3829 illius
1851 3775 1916 3827 ah
1947 3775 2028 3828 in-

456 3865 608 3918 sauia
661 3866 922 3918 nominati
968 3867 1060 3934 qui
1111 3863 1293 3920 alvum
1339 3883 1437 3935 per
1483 3883 1654 3920 anum
1706 3867 1890 3935 ejecit.
1933 3866 2028 3918 Ille

458 3957 606 4009 enim
646 3957 738 4025 qui
772 3972 1000 4025 corpore
1024 3967 1367 4028 peccaverat,
1392 3959 1558 4018 etiam
1578 3959 1826 4028 corporis
1858 3973 2029 4012 mem-

459 4047 575 4102 bris
608 4063 824 4118 paanam
866 4050 1038 4104 dedit,
1098 4049 1198 4106 llic
1241 4066 1368 4102 vero
1419 4065 1542 4103 cum
1577 4065 1741 4118 supra
1775 4059 2026 4104 naturam

458 4147 516 4192 et
547 4142 816 4196 rationem
837 4144 1002 4212 impia
1037 4143 1090 4198 in
1119 4144 1287 4212 Deum
1317 4143 1523 4196 scelera
1548 4141 1838 4202 edidisset.
1870 4143 2032 4194 mira-

459 4230 624 4286 bilem
657 4243 718 4286 ut
747 4234 973 4287 decebat
1007 4243 1061 4286 et
1091 4215 1384 4286 maximam
1415 4247 1634 4300 poenam
1663 4231 1832 4285 dedit.
1875 4231 2034 4284 Dixe-

457 4331 545 4375 rat
569 4323 712 4376 enim
753 4323 848 4377 Dei
887 4325 1115 4387 Filium,
1143 4324 1277 4394 licet
1308 4325 1548 4379 Verbum
1589 4323 1660 4377 sit
1687 4331 1743 4377 ct
1775 4324 2034 4394 incorpo-

463 4429 571 4467 reis
603 4415 812 4482 angelis
846 4416 1209 4484 |')I‘.‘L’Slaltti()r,
1256 4427 1434 4469 tamen
1475 4417 1679 4484 percipi
1711 4416 1888 4471 oculis
1920 4431 2029 4470 non

460 4519 644 4574 posse.
701 4505 858 4559 Illum
895 4507 1038 4559 enim
1074 4507 1166 4574 qui
1219 4523 1384 4575 supra
1447 4508 1670 4576 angelos
1729 4509 2032 4562 collocatus

2126 3321 2426 3372 ἀκόλαστον
2471 3321 2648 3372 ὲκεῖνο
2680 3321 2776 3372 καὶ
2817 3319 3138 3389 βλάσφημον
3191 3319 3367 3388 στόμα
3401 3320 3539 3388 μετά
3594 3319 3696 3388 τῆς

2125 3395 2446 3478 γραφούσης
2485 3409 2762 3480 παράσχοι
2792 3409 2976 3478 χειρὸς
2999 3395 3271 3472 ἐνταυθοῖ,
3305 3411 3437 3478 πρὶν
3485 3411 3540 3468 ἐς
3588 3409 3692 3477 τὴν

2127 3500 2296 3552 ἀΐδιον
2328 3499 2542 3568 ἐκείνην
2573 3499 2948 3568 ἀπενεχθῆναι
2979 3499 3222 3561 κόλασιν,
3271 3499 3366 3551 καὶ
3417 3497 3551 3566 δῆλα
3587 3501 3698 3552 κάκ

2125 3592 2234 3646 τῶν
2267 3591 2482 3645 ἐνθένδε
2509 3592 2816 3660 προοιμίων
2847 3591 2916 3644 τὰ
2967 3591 3078 3644 τῶν
3117 3593 3282 3660 μήπω
3313 3591 3488 3662 δήλων
3529 3592 3702 3644 ἅπασι

2128 3685 2313 3738 κακῶν
2345 3685 2531 3753 ἐφόδια
2559 3685 2696 3754 πρὸς
2719 3669 2977 3754 δημόσιον
3011 3684 3126 3752 φῶς
3181 3681 3430 3752 καταστῇ
3487 3683 3566 3753 τῷ
3611 3683 3702 3752 βε-
3759 3690 3773 3702 ⁸

2129 3773 2281 3843 δήλῳ
2307 3776 2480 3841 τούτῳ
2509 3773 2711 3844 μᾶλλον
2763 3775 2794 3842 ἥ
2825 3773 2944 3827 κατ’
2971 3776 3182 3826 ἐκεῖνον
3231 3775 3324 3826 τὸν
3359 3775 3455 3844 τῆς
3503 3777 3702 3842 μανίας

2128 3866 2421 3935 ἐπώνυμον
2455 3867 2697 3936 Ἀρειον,
2725 3866 2782 3928 ὃς
2816 3867 2925 3920 τῶν
2956 3865 3053 3934 τῆς
3093 3868 3333 3934 γαστρὸς
3375 3866 3706 3935 ἀπορρήτων

2128 3955 2225 4023 τὴν
2257 3955 2487 4006 κένωσιν
2528 3955 2679 4005 κάτω
2702 3953 2790 4006 διὰ
2821 3955 2918 4022 τῆς
2945 3953 3104 4020 ἓδρας
3138 3953 3707 4024 παρέπεμψεν.Ὲκεῖ-

2129 4061 2219 4107 νος
2241 4046 2349 4114 γὰρ
2378 4045 2519 4098 κατὰ
2544 4044 2706 4112 φύσιν
2743 4043 3086 4115 ἡμαρτηκὼς
3137 4045 3230 4096 καὶ
3276 4045 3363 4096 διὰ
3414 4045 3527 4096 τῶν
3565 4047 3707 4098 κατὰ

2131 4137 2293 4204 φύσιν
2331 4138 2539 4208 μορίων
2573 4137 2808 4190 ἐνταῦθα
2861 4129 2960 4202 τὴν
3017 4137 3174 4206 δίκην
3214 4136 3410 4202 ἔτισεν,
3443 4135 3596 4198 οὗτος
3662 4137 3706 4187 δ’

2131 4228 2400 4298 ὑπερόρια
2427 4230 2608 4297 πάσης
2650 4229 2866 4298 φύσεώς
2898 4247 2956 4282 τε
2989 4231 3084 4282 καὶ
3117 4230 3454 4306 ἐπιστήμης..
3477 4233 3554 4292 είς
3573 4229 3709 4282 Θεδν

2135 4317 2622 4390 βεϐλασφήμηκὼς
2665 4317 2947 4388 τερατώδη
3015 4318 3136 4370 τινὰ
3192 4319 3288 4370 καὶ
3337 4320 3490 4383 παρὰ
3545 4317 3709 4386 φύσιν

2131 4409 2206 4470 ὼς
2237 4411 2296 4462 τὸ
2323 4410 2468 4474 εἰκὸς
2506 4411 2569 4482 [Γ.
2607 4411 2710 4465 106
2739 4409 2821 4481 v.]
2855 4410 2950 4463 καὶ
2990 4413 3336 4480 μακροτέραν
3367 4409 3551 4462 δίδωσι
3612 4411 3710 4476 τὴν

2135 4502 2308 4568 δίκην.
2350 4501 2680 4570 ’Υφειμένον
2721 4503 2820 4570 μὲν
2857 4501 2968 4572 γὰρ
3009 4503 3260 4562 κάκεῖνος
3311 4501 3403 4552 τὸν
3448 4501 3576 4552 Υἱὺν
3615 4503 3710 4584 καὶ

461 4607 611 4651 esset
644 4605 701 4651 et
728 4597 1044 4665 angelorum
1080 4600 1211 4660 dux,
1246 4598 1566 4666 particulam
1607 4599 1896 4666 quamdam
1934 4615 2025 4651 an-

2143 4597 2318 4662 Λόγον
2347 4595 2517 4648 εἰπὼν
2556 4595 2648 4646 τοῦ
2681 4594 2817 4647 Θεοῦ
2851 4597 2946 4648 καὶ
2979 4595 3090 4646 τῶν
3121 4593 3430 4662 ἀσωμάτων
3459 4583 3707 4660 ἀγγέλων

460 4691 708 4760 pelorum
737 4689 1262 4744 animainl‘eriorum
1299 4692 1502 4744 habere
1532 4707 1640 4744 non
1677 4701 1890 4759 poterat
1940 4707 2031 4746 co-

463 4783 658 4849 gitare.
683 4783 942 4836 Naturam
967 4799 1091 4837 esse
1127 4784 1195 4836 iis
1225 4785 1484 4838 omnibus
1506 4801 1626 4854 qua:
1655 4799 1888 4853 corpora
1919 4799 2028 4838 non

467 4873 735 4926 haberent
770 4873 997 4935 sciebat,
1033 4885 1088 4927 at
1126 4873 1351 4927 minime
1382 4875 1626 4928 omnium
1660 4875 1837 4930 oculis
1869 4891 2031 4945 posse

465 4965 878 5032 eornprehendi.
909 4966 1011 5020 nisi
1043 4967 1444 5022 descendent-ias
1477 4970 1668 5021 ordine
1695 4984 1827 5022 usus
1855 4969 2034 5022 varias

467 5056 670 5108 formas
697 5056 1035 5113 distinxisset
1083 5061 1222 5113 Deus
1253 5059 1318 5112 ad
1362 5059 1640 5114 immensaa
1671 5059 2037 5130 providentia:

469 5147 684 5212 modos,
720 5161 777 5202 ut
803 5151 971 5204 divini
1007 5151 1265 5206 Ecclesia:
1299 5151 1491 5207 Patres
1521 5152 1610 5206 hic
1653 5153 1760 5206 illic
1786 5151 2042 5206 distincte

469 5240 714 5330 clamant
739 5249 794 5294 et
841 5257 942 5296 nos
989 5259 1208 5312 quoque
1261 5243 1494 5297 multum
1526 5257 1589 5296 ac
1634 5242 1834 5312 smpius
1866 5242 2040 5295 seculi

471 5335 598 5388 illos
637 5333 803 5389 locuti
853 5351 1067 5390 sumus.
1103 5336 1201 5392 llic
1241 5351 1368 5416 vero
1399 5337 1535 5389 dixit
1569 5345 1766 5404 praeter
1793 5335 2047 5388 substra-

477 5437 590 5480 tum
619 5425 738 5481 sine
763 5443 996 5496 corpore
1022 5439 1076 5483 et
1099 5429 1420 5483 exsistentia
1463 5443 1586 5481 esse
1620 5427 1817 5486 lucem.
1849 5441 2048 5492 corpo-

475 5521 585 5574 reis
631 5521 791 5591 186
818 5537 949 5576 vero
979 5521 1156 5576 oculis
1183 5535 1356 5590 posse:
1384 5519 1613 5588 percipi.
1664 5521 1794 5582 Quae
1827 5516 2048 5583 quidem

472 5627 568 5664 res
605 5629 705 5667 nec
734 5623 940 5669 naturae
991 5628 1172 5682 neque
1223 5611 1600 5679 intelligentia:
1634 5607 1937 5660 rationibus
1966 5621 2054 5658 ce-

474 5703 612 5759 dere
665 5705 862 5773 possit.
899 5705 993 5758 lile
1026 5706 1193 5760 etiam
1229 5713 1536 5756 creaturam
1583 5698 1898 5766 appellavit,
1957 5696 2052 5750 sed

2137 4687 2438 4757 ὑπέρτερόν
2465 4704 2526 4739 τε
2575 4688 2674 4740 καὶ
2727 4687 3086 4756 δημιουργὸν,
3153 4688 3486 4754 σωματικοῖς
3563 4686 3712 4753 ὅμως

2138 4779 2334 4844 ὁρατὸν
2360 4777 2662 4846 ὀφθαλμοῖς
2693 4777 2754 4830 οὐ
2776 4777 3064 4844 δεδύνηται
3087 4779 3274 4844 φάναι.
3309 4777 3412 4828 Τὸν
3429 4779 3540 4845 γὰρ
3565 4777 3705 4844 ὑπὲρ

2139 4869 2266 4931 τοὺς
2311 4868 2581 4936 ἀγγέλους
2609 4869 2700 4920 καὶ
2738 4869 2846 4922 τῶν
2885 4868 3136 4934 ἀγγέλων
3189 4869 3545 4936 προαγωγέα,
3607 4869 3714 4918 τῶν

2143 4961 2394 5028 ἀγγέλων
2421 4961 2516 5011 καὶ
2547 4961 2653 5012 τῶν
2677 4959 2868 5030 ψυχῶν
2899 4960 2960 5010 τὸ
3005 4959 3224 5012 ἔλαττον
3284 4957 3430 5026 ἔχειν
3461 4959 3563 5009 οὐκ
3603 4955 3714 5028 εἶχε

2145 5057 2285 5106 νοεῖν
2311 5070 2326 5084 ο
2361 5055 2524 5121 φύσιν
2550 5051 2659 5124 γὰρ
2683 5049 2825 5106 εἶναι
2849 5055 2961 5116 τοῖς
2987 5053 3303 5121 ἀσωμάτοις
3333 5051 3540 5106 ἅπασιν
3573 5049 3715 5104 οἶδεν

2147 5147 2349 5214 ἥκιστα.
2379 5146 2596 5198 πάντων
2631 5150 2973 5214 σωματικοῖς
2997 5145 3299 5214 ὀφθαλμοῖς
3321 5147 3550 5214 ὁρατὴν,
3577 5145 3717 5213 πλὴν

2149 5239 2198 5289 εἱ
2232 5237 2307 5306 μὴ
2337 5237 2804 5310 σμγκαταϐἁσεως
2843 5237 3132 5306 οἰκονομίᾳ
3182 5236 3466 5306 χρώμενος
3527 5236 3717 5304 διαφό-

2151 5349 2277 5398 ρους
2317 5329 2642 5396 ἐπιφανείας
2675 5328 3007 5398 σχηματίζει
3035 5329 3168 5391 Θεὺς
3215 5329 3356 5382 κατά
3381 5345 3444 5396 γε
3479 5328 3717 5392 τοὺςτῆ’ς

2149 5424 2463 5492 ἀπορρήτου
2515 5421 2774 5488 προνοίας
2809 5421 3070 5488 τρόπους,
3121 5421 3198 5483 ὡς
3234 5422 3375 5473 οἵτε
3425 5421 3557 5473 θεῖοι
3623 5422 3720 5488 τῆς

2163 5510 2490 5578 Ἐκκλησίας
2513 5511 2760 5580 Πατέρες
2789 5511 2900 5564 ἄνω
2933 5513 3030 5564 καὶ
3073 5513 3227 5564 κάτω
3256 5511 3558 5581 διαρρήδην
3586 5509 3722 5578 βοῶ-

2154 5603 2344 5664 σι,κα“ι
2392 5603 2554 5669 ἡμεῖς
2584 5603 2843 5672 ἀνωτέρω
2897 5603 3142 5673 πολλαχῆ
3202 5619 3260 5654 τε
3311 5607 3406 5656 καὶ
3463 5602 3722 5664 πολλάκις

2154 5693 2383 5755 ἐκείνοις
2409 5695 2667 5764 ἑπόμενοι
2716 5695 3093 5764 διεξήλθομεν.
3129 5685 3297 5756 Οὗτος
3351 5695 3406 5747 δὲ
3457 5694 3592 5762 μετά
3627 5690 3720 5744 τοῦ

2847 5835 2870 5856 β
