4070 6326
507 384 610 449 163
1713 372 2132 434 NICEPIIURI
2176 373 2565 433 CREGOILE
2805 403 2809 408 η
3655 373 3760 434 164

503 495 652 552 tiade
678 493 867 549 relicta
903 488 1222 562 Byzantium
1248 487 1318 540 ob
1341 500 1459 540 cam
1486 500 1704 540 causam
1736 485 1929 538 itinere
1956 471 2082 538 con-

2189 488 2328 536 πάνυ
2352 487 2596 552 ταχείαις
2648 485 2858 553 χερσὶν,
2911 485 3194 552 ἄπρακτον
3259 484 3422 536 αὑτὸν
3471 484 3528 537 ἐν
3573 489 3764 552 τρισίν

507 590 705 644 tendit.
735 589 801 641 Et
833 576 1038 639 cumin
1089 577 1401 650 suspieiorie
1450 578 1812 648 patriarcham
1857 575 2085 630 haberet

505 695 630 734 cum
673 679 743 730 oh
783 677 922 730 alias
955 685 1147 726 causas
1173 682 1284 722 tum
1321 667 1663 737 potissimum
1686 666 1754 720 ob
1789 665 2082 718 amicitiam

504 785 611 838 qua
655 767 1024 837 propenderct
1079 762 1131 814 in
1193 759 1553 828 Palzeologum
1586 799 1601 822 ,
1658 756 2084 825 prudentissime

506 862 611 916 sibi
645 861 799 911 visus
827 866 914 910 est
961 853 1293 920 exiericndo
1343 865 1463 904 esse
1491 851 1611 920 ejus
1652 849 1706 902 in
1743 863 1800 902 se
1832 848 2085 902 volunta-

508 963 616 1006 tem
654 941 1058 1004 intellecturus.
1087 943 1231 996 Misit
1277 942 1443 1011 igitur
1467 941 1560 1009 qui
1588 955 1654 994 ex
1684 953 1749 992 eo
1777 947 2086 1008 quaererent

509 1059 638 1096 num
676 1043 911 1094 militum
941 1047 996 1090 ct
1023 1048 1340 1089 senatorum
1375 1033 1584 1086 viribus
1635 1032 1836 1084 cedens
1863 1047 2086 1099 persua-

503 1133 696 1196 deret,
735 1140 793 1184 ut
836 1129 1118 1182 Matthaeus
1173 1141 1266 1178 rex
1306 1125 1674 1177 dcetararetur
1706 1137 1758 1175 et
1785 1122 2084 1189 l’aireolugo

507 1237 702 1278 socero
754 1221 1154 1288 ignosceretur.
1209 1213 1338 1278 Quze
1377 1212 1465 1264 ille
1517 1226 1638 1262 cum
1675 1210 1899 1266 nioicste
1942 1211 2084 1264 l‘crre

508 1317 793 1368 videretur
819 1321 874 1364 et
903 1308 1228 1378 asperrimis
1251 1305 1437 1358 verbis
1465 1306 1736 1373 rejiccrct.
1766 1319 1830 1356 ex
1859 1307 2085 1372 patriar-

507 1407 663 1459 ehica
699 1405 827 1456 sede
855 1402 1066 1468 eiectus
1093 1409 1174 1452 est
1211 1396 1498 1466 postridie.
1531 1397 1650 1464 Ipse
1679 1396 1819 1464 apud
1855 1395 2087 1447 Athana-

509 1498 650 1550 sium
685 1494 929 1555 divertit,
981 1490 1223 1558 supellex
1261 1497 1440 1538 autem
1476 1487 1529 1538 in
1576 1483 1772 1538 sancti.
1797 1483 2086 1538 Mamantis

513 1587 852 1640 mansionem
902 1591 1266 1650 transportata
1319 1589 1404 1632 est
1435 1617 1450 1642 ,
1501 1593 1661 1646 quam
1703 1585 1826 1629 ante
1852 1586 2086 1646 quatuor

512 1695 686 1732 annos
707 1679 810 1731 sibi
829 1685 1059 1730 emerat.
1089 1661 1246 1726 Brevi
1291 1673 1414 1725 inde
1441 1679 1684 1738 ten-pore
1715 1669 2082 1738 prazlerlapso,

511 1771 795 1826 Matthaeus
848 1766 1214 1822 Cantacuzeni
1279 1765 1439 1834 189
1489 1763 1632 1816 [ilius
1672 1761 1738 1816 de
1795 1771 1952 1815 scuto
1993 1775 2086 1814 rex

2190 576 2430 645 ἡμέραις
2470 575 2724 626 ἀπελθεῖν
2749 577 3073 644 ἐπεπράχει.
3112 575 3254 626 Δέκα
3291 573 3496 644 μεταξὺ
3535 576 3764 645 ’παρῆλ-

2190 669 2280 718 θον
2315 667 2542 736 ἡμέραι,
2569 669 2661 718 καὶ
2686 667 2819 734 ἄρας
2847 667 2872 718 ὁ
2893 665 3349 735 Καντακουζηνδος
3368 666 3426 732 ἒξ
3471 668 3764 736 Ὀρεστιά-

2185 759 2271 820 δος
2313 755 2446 828 ἧκεν
2473 761 2551 822 είς
2597 760 2892 822 Βυζάντιον
2949 759 3036 812 διὰ
3091 759 3285 813 ταῦτα.
3355 761 3464 814 Καὶ
3513 761 3766 816 ὕποπτον

2189 853 2326 921 ἔχων
2367 857 2431 905 ἐκ
2463 855 2661 906 πολλοῦ
2697 855 2788 905 τὸν
2826 855 3174 924 πατριάρχην
3225 854 3442 907 πολλῶν
3493 873 3553 908 τε
3582 855 3766 910 ἄλλων

2187 941 2354 994 ’ἑνεκα
2391 942 2618 1008 καὶτῆς
2667 941 2802 1010 πρὶς
2853 941 3224 1008 Παλαιολόγον
3285 941 3525 1011 μάλιστα
3577 941 3766 1010 φιλίας

2189 1035 2282 1086 καὶ
2316 1033 2718 1102 ὁμοφροσύνης,
2753 1033 2913 1100 σοφὸν
2946 1027 3084 1086 εἷναί
3119 1035 3168 1086 οἱ
3199 1035 3516 1103 νενόμισται
3555 1036 3761 1104 πεῖραν

2187 1122 2282 1174 καὶ
2319 1121 2411 1172 νῦν
2443 1121 2732 1188 εἰληφέναι
2765 1123 2863 1191 τῆς
2893 1121 3118 1192 γνώμης
3159 1123 3346 1176 αὑτοῦ.
3383 1125 3614 1192 Πέμψας
3665 1123 3765 1176 οῦν

2188 1216 2352 1284 ιἤρετο
2387 1217 2437 1266 εἰ
2471 1215 2578 1286 χρὴ
2611 1215 2732 1277 ταῖς
2761 1215 2869 1267 τῶν
2899 1217 3256 1283 στρατιωτῶν
3292 1216 3386 1268 καὶ
3421 1217 3531 1268 τῶν
3583 1217 3766 1277 ἄλλως

2187 1306 2425 1374 ἐχόντων
2453 1305 2838 1372 συγκλητικῶν
2887 1305 3108 1370 εἴξαντα
3145 1307 3288 1376 βίαις
3317 1307 3417 1374 τήν
3449 1324 3507 1358 τε
3559 1307 3767 1373 ἀναγό-

2191 1413 2380 1466 ρευσιν
2406 1397 2499 1450 τοῦ
2526 1399 2686 1460 υίέως
2723 1385 2968 1451 ἐνδοῦναι
3020 1397 3303 1451 Ματθαίου
3340 1398 3616 1465 γενέσθαι,
3665 1399 3766 1450 καὶ

3727 1487 3762 1508 α

2189 1483 2304 1549 ἅμα
2335 1485 2412 1552 τῷ
2439 1486 2532 1537 τοῦ
2567 1485 2822 1555 γαμϐροῦ
2853 1485 3222 1552 Παλαιολόγου
3249 1486 3668 1556 ἁμνημοσύνην.
3699 1487 3762 1540 Ὀ

2187 1575 2233 1627 δ’
2257 1575 2370 1629 οὐδ’
2399 1578 2591 1647 ἄκροις
2624 1579 2886 1646 ἠνέσχετο
2944 1577 3201 1642 δέξασθαι
3245 1579 3356 1640 τοῖς
3392 1577 3548 1640 ὠσὶν,
3597 1577 3766 1630 ’ἀλλὰ

2188 1671 2550 1738 τραχυτέροις
2582 1687 2640 1722 τε
2669 1667 2956 1724 ἀπεώσατο
2987 1671 3189 1738 λόγοις,
3242 1673 3337 1724 καὶ
3389 1670 3506 1740 ἃμα
3543 1673 3600 1734 ἐς
3657 1673 3764 1738 τὴν

2189 1759 2484 1827 ὑστεραίαν
2512 1759 2604 1812 τοῦ
2653 1762 3047 1832 πατριαρχείου
3087 1760 3400 1825 ἐξίσταται·
3435 1765 3530 1816 καὶ
3592 1763 3761 1824 αὐτὸς

501 1863 816 1916 declaratus
845 1869 930 1914 est
986 1860 1037 1912 in
1071 1859 1444 1911 Romanorum
1478 1854 1699 1923 palatio.
1741 1853 1806 1906 Et
1855 1865 2082 1908 vernum

2190 1851 2290 1922 μὲν
2321 1855 2378 1905 ὲν
2423 1854 2489 1922 τῇ
2521 1854 2620 1905 τοῦ
2653 1853 2979 1906 ’Δθανασίου
3035 1853 3290 1906 καταλύει
3352 1855 3513 1924 μονῇ,
3571 1855 3644 1907 τὰ
3699 1853 3762 1908 δὲ
3801 1881 3814 1890 ι

505 1965 723 2021 tempus
757 1953 842 2006 his
876 1952 1038 2004 rebus
1077 1951 1422 2016 absumptum
1455 1957 1560 2000 est.
1660 2017 1670 2026 .

2189 1943 2499 2011 axsuo;6pa
2540 1945 2594 2004 ἐς
2629 1943 2695 2014 [ί.
2731 1944 2834 1998 107
2866 1943 2944 2015 v.]
2983 1945 3082 2014 τὴν
3113 1945 3209 1998 τοῦ
3241 1945 3396 2014 ἁγίου
3449 1947 3760 2016 Μάμαντος

505 2039 932 2116 ἀπεφορ-.ίζοντο
985 2043 1172 2113 μονὴν,
1243 2041 1312 2109 ἣν
1365 2041 1470 2111 πρὸ
1525 2041 1804 2111 τεττάρων
1843 2039 2106 2093 ἐνιαυτῶν
2157 2037 2560 2106 σφετερίζεται.
2635 2033 2851 2108 Βρᾶχὺς
2905 2039 3113 2093 ἐκεῖθεν
3153 2041 3323 2112 ἐρρύη
3385 2042 3598 2112 χρόνος,
3663 2049 3760 2097 καὶ

503 2139 784 2200 Ματθαίος
818 2138 845 2189 ὁ
896 2134 990 2188 τοῦ
1035 2132 1500 2203 Καντακουζηνοῦ
1553 2134 1666 2195 υίὸς
1711 2133 1801 2184 ἐπ’
1841 2129 2071 2194 ἀσπίδος
2112 2129 2366 2199 βασιλεὺς
2405 2131 2463 2182 ὲν
2521 2129 2771 2202 παλατίῳ
2799 2135 3096 2204 Ῥωμαίων
3155 2137 3571 2206 ἀναγορεύεται.
3637 2139 3756 2192 Καὶ

503 2233 564 2284 τὸ
602 2230 700 2299 ἔαρ
726 2231 781 2282 ὲν
803 2231 1015 2291 τούτοις
1045 2225 1324 2280 ἐτελεύτα.

575 2347 644 2402 Χ.
671 2346 891 2406 [Εειτιιοί
921 2346 1032 2414 jam
1062 2344 1240 2398 media
1270 2344 1338 2398 ab
1387 2353 1618 2413 utraque
1647 2353 1797 2413 parte
1832 2342 2078 2397 reconci-

509 2441 638 2494 liata
669 2447 754 2493 est
785 2435 1104 2491 Latinorum
1156 2435 1222 2490 ad
1259 2436 1498 2504 paranda
1533 2435 1674 2489 bella
1709 2435 1917 2490 navalia
1945 2451 2078 2488 eon-

509 2528 703 2581 tentio.
733 2525 978 2580 Catelani
1008 2526 1152 2578 enim
1188 2539 1254 2576 ex
1289 2523 1406 2592 ejus
1431 2523 1628 2591 opibus
1651 2533 1858 2592 etquas
1886 2523 2076 2578 Veneti

508 2601 754 2688 pra-bent
786 2617 1147 2686 quadraginta
1179 2605 1282 2669 sibi
1317 2615 1569 2669 triremes
1603 2615 1902 2668 instruunt.
1935 2613 2077 2667 Con—

506 2723 804 2768 sueverant
843 2707 989 2766 enim
1039 2709 1234 2766 Veneti
1283 2707 1608 2781 jamdudum
1663 2708 1734 2764 ob
1795 2707 2077 2760 hominum

509 2803 748 2872 inopiam
779 2817 944 2856 omne
976 2801 1217 2857 studium
1262 2801 1316 2855 in
1368 2799 1693 2869 colligendis
1746 2798 1944 2868 Opibus
1983 2813 2081 2867 po-

509 2909 666 2947 nere.
701 2893 1070 2960 Quamobrem
1097 2891 1263 2946 etiam
1309 2891 1508 2944 multas
1551 2897 1605 2944 et
1651 2889 1999 2958 gravissimas
2053 2903 2084 2942 a

507 2985 625 3038 suis
657 2995 712 3038 et
765 2983 1072 3052 peregrinis
1116 2983 1375 3052 gentibus
1432 2981 1607 3035 illatas
1651 2979 1882 3052 injurias
1910 2979 2083 3049 negli-

507 3087 642 3147 gant
671 3087 728 3130 et
748 3075 908 3129 facile
938 3074 1147 3136 I‘eruut,
1171 3088 1240 3127 ne
1270 3072 1323 3126 iu
1355 3071 1495 3128 bella
1530 3082 1626 3126 aut
1650 3070 1951 3127 domestica
1985 3079 2082 3126 aut

506 3177 736 3222 externa
793 3165 1150 3218 traherentur
1208 3179 1390 3232 neque
1428 3178 1608 3218 causa:
1663 3163 2081 3231 implicarentur

2260 2339 2316 2393 ι’.
2342 2337 2448 2392 Τοῦ
2477 2339 2533 2391 δὲ
2576 2339 2770 2408 θέρους
2797 2340 2897 2410 ἤδη
2957 2340 3255 2410 μεσοῦντος
3291 2341 3460 2412 πολλή
3495 2359 3578 2406 τις
3622 2346 3758 2399 ἐκα-

2185 2432 2424 2503 τέρωθεν
2455 2427 2616 2504 αὖθις
2666 2431 3048 2502 συνεκροτήθη
3089 2433 3292 2504 σπουδὴ
3355 2438 3470 2497 τοῖς
3500 2436 3760 2500 Λατίνοις

2185 2526 2321 2595 πρὸς
2349 2525 2674 2578 διαποντίων
2708 2524 2963 2595 πολέμων
2987 2527 3368 2594 παρασκευάς.
3410 2529 3474 2582 Οί
3499 2531 3599 2598 μὲν
3643 2533 3758 2600 γὰρ

2185 2617 2484 2672 Κατελόνοι
2527 2615 2592 2670 ἐκ
2643 2634 2700 2672 τε
2752 2618 2970 2670 οἰκείων
3015 2620 3314 2689 χρημάτων
3352 2621 3445 2673 καὶ
3483 2617 3560 2674 ὧν
3603 2607 3760 2692 τηνι-

2185 2709 2364 2763 καῦτα
2421 2709 2703 2762 Βενετικοὶ
2747 2709 3062 2780 χαρίζονται
3126 2710 3278 2778 σφίσι
3343 2712 3758 2782 τετταράκοντα

2187 2801 2436 2870 τριήρεις
2485 2799 2830 2862 ὁπλίζουσιν.
2863 2799 3141 2853 Εἰώθεσαν
3164 2801 3273 2873 γὰρ
3307 2803 3370 2856 ἐκ
3427 2803 3626 2856 πολλοῦ
3655 2805 3758 2858 Βε-

2186 2893 2388 2945 νετικοὶ
2417 2891 2486 2944 δι’
2526 2891 2871 2961 ὀλιγανδρίαν
2917 2892 3044 2960 περ]-
3070 2877 3366 2962 χρημάτων
3393 2893 3546 2947 ἅπαν
3581 2895 3757 2948 ἐνδεί-

2185 2980 2415 3031 κνυσθαι
2456 2977 2783 3047 σπούδασμα
2818 2978 3106 3048 συλλογὴν,
3137 2974 3211 3032 ὧν
3235 2980 3398 3034 ἕνεκα
3435 2981 3550 3035 καί
3579 2984 3758 3038 πολλὰ

2182 3071 2288 3123 τῶν
2340 3069 2741 3138 εὐτελεστέρων
2801 3071 3154 3140 ἀδικημάτων
3219 3073 3398 3126 ἑκοντὶ
3475 3079 3758 3145 παρατρέ-

2181 3161 2334 3232 χουσί
2365 3179 2420 3214 τε
2459 3163 2551 3214 καὶ
2576 3163 2834 3232 φέρουσιν
2876 3163 3242 3232 ὑπομένοντες
3273 3165 3333 3218 ἔκ
3366 3183 3424 3218 τε
3457 3168 3755 3236 ὁμοφύλων

507 3273 631 3327 qua:
665 3255 942 3312 uberrima
979 3255 1148 3308 totius
1189 3254 1318 3307 anni
1350 3253 1557 3307 tributa
1591 3255 1867 3322 perderet.
1897 3245 2082 3319 Itaque

2191 3255 2286 3307 καὶ
2326 3255 2636 3323 ἀλλοφύλων
2691 3253 2864 3321 γενῶν
2901 3254 3044 3325 ὑπέρ
3085 3273 3147 3324 γε
3183 3256 3276 3308 τοῦ
3311 3257 3387 3328 μὴ
3421 3261 3554 3326 πρὸς
3583 3259 3756 3328 δημο-

513 3347 764 3401 hostibus
809 3346 924 3400 Suis
957 3345 1004 3397 vi
1040 3343 1262 3414 quidem
1315 3343 1643 3401 inferiores.
1685 3341 1863 3395 fructu
1897 3353 2080 3394 autem

507 3435 822 3506 superiores
865 3445 992 3488 sunt
1017 3451 1031 3498 ;
1061 3449 1244 3502 neque
1277 3435 1384 3488 ulla
1437 3443 1522 3489 est
1569 3433 1887 3488 Latinorum
1925 3449 2078 3502 grus.

507 3529 596 3582 cui
631 3537 778 3580 tanta
827 3527 898 3581 sit
955 3526 1309 3594 pecuniarum
1369 3527 1684 3580 multitudo.
1719 3525 1816 3580 Sin
1867 3540 1997 3578 vero
2027 3525 2077 3578 vi

505 3619 742 3688 quadam
774 3618 934 3687 plane.
951 3625 1224 3686 coguntur
1257 3619 1422 3671 annis
1451 3616 1803 3681 contendere,
1826 3617 2082 3672 celeriter

510 3711 658 3778 larga
683 3710 1040 3778 pecuniarum
1064 3709 1218 3777 copia
1254 3709 1466 3762 animus
1502 3724 1690 3762 eorum
1723 3707 1815 3778 qui
1852 3707 2080 3774 proximi

510 3801 760 3856 hostibus
807 3811 862 3854 et
894 3801 1214 3870 quicunque
1259 3801 1402 3853 circa
1437 3815 1532 3854 eos
1559 3799 1770 3864 colunt,
1809 3797 1913 3852 sibi
1949 3813 2084 3851 cou—

507 3893 720 3946 ciliant.
743 3891 861 3958 Quo
887 3907 1080 3946 onmes
1114 3890 1181 3944 ad
1207 3893 1526 3944 societatem
1548 3903 1698 3943 suam
1730 3898 2082 3956 quotcunque

503 3993 567 4036 et
595 3983 1175 4052 quoscunqueqvoluut
1216 3981 1375 4035 facile
1402 3981 1647 4033 trahunt.
1697 3979 1884 4046 Itaque
1915 3979 2082 4030 mania

507 4073 613 4127 mis
634 4085 831 4142 pta'ter
855 4085 1085 4129 czeteros
1125 4089 1317 4128 (mines
1337 4073 1572 4142 populos
1605 4071 1782 4139 copiis
1829 4069 2080 4124 instructi

507 4170 564 4220 in
599 4169 778 4234 fugam
816 4167 998 4221 hostes
1027 4175 1380 4221 convertunt.
1418 4165 1535 4218 'l‘ali
1568 4163 1728 4234 19o
1751 4164 1913 4218 modo
1938 4177 2082 4217 nunc

503 4273 728 4326 quoque
764 4260 815 4310 in
853 4273 981 4312 suas
1015 4268 1198 4326 partes
1225 4265 1504 4310 traxerant
1539 4255 1950 4324 Romanos.qui
1981 4254 2080 4324 ipsi

507 4361 640 4398 suas
693 4345 820 4398 belli
885 4357 1076 4399 contra
1135 4345 1456 4400 Genuenses
1517 4359 1712 4398 causas
1760 4344 2081 4410 habebant,

511 4440 658 4505 quod
700 4440 750 4489 in
781 4438 1166 4506 superioribus
1206 4438 1362 4492 libris
1415 4452 1796 4506 saepenumero
1839 4437 2080 4500 laudavi,

503 4539 564 4582 et
593 4529 886 4584 Catelanos
919 4531 1012 4597 qui
1061 4531 1163 4598 ipsi
1197 4544 1418 4599 quoque
1460 4545 1586 4584 suas
1613 4544 1808 4584 causas
1865 4530 1992 4584 belli
2027 4531 2078 4582 in

503 4619 832 4674 Genucnses
866 4621 1162 4686 habebant,
1193 4631 1252 4674 ut
1280 4633 1464 4690 postea
1501 4622 1726 4676 dicitur.

2191 3349 2312 3408 σίας
2347 3349 2440 3402 καὶ
2475 3347 2798 3417 ὑπαιθρίους
2829 3347 3022 3420 ῥυῆναι
3059 3352 3257 3419 μάχας,
3307 3350 3442 3421 μηδὲ
3479 3351 3758 3420 πρόφασιν

2191 3437 2551 3507 παρεισδῦναι
2608 3453 2730 3492 τινα
2780 3440 3269 3510 συγκεχωρηκέναι
3308 3443 3516 3509 μεταξὺ
3575 3443 3760 3497 διακό-

2194 3547 2432 3583 πτουσαν
2459 3530 2557 3600 τὴν
2589 3529 2697 3583 τῶν
2741 3528 2800 3594 ἐξ
2829 3533 3095 3603 ἐμπορίας
3131 3535 3482 3604 παντοδαπῆς
3521 3536 3758 3604 ἐτησίων

2189 3621 2398 3690 κερδῶν
2422 3622 2707 3691 συλλογήν.
2734 3625 2843 3676 Καὶ
2887 3622 3062 3688 οὕτως
3084 3625 3168 3678 ἀεὶ
3199 3624 3492 3678 τοῦλαττον
3539 3645 3758 3696 συγχω-

2193 3713 2414 3792 ροῦντες
2447 3715 2784 3784 καρποῦνται
2811 3715 2872 3768 τὸ
2901 3717 3108 3784 μεῖζον,
3136 3717 3210 3780 ὡς
3236 3719 3392 3786 γένος
3419 3714 3560 3772 εἶναι
3586 3721 3752 3772 Λατί-

2192 3821 2296 3857 νων
2338 3805 2522 3874 σχεδὸν
2555 3806 2708 3860 οὐδὲν
2739 3807 2767 3859 ὃ
2819 3807 3088 3880 τοσαύτην
3141 3809 3257 3880 ἔχει
3317 3813 3619 3880 χρημάτων
3669 3814 3754 3865 ὲν-

2189 3895 2380 3948 τεῦθεν
2407 3897 2710 3967 δαψίλειαν.
2747 3899 2919 3952 Ὅταν
2957 3902 3001 3954 δ’
3047 3903 3126 3965 είς
3175 3903 3389 3974 ἐμφανῆ
3443 3903 3758 3972 βιασθέντες

2191 3985 2406 4040 ὁθενοῦν
2447 3989 2768 4044 καταστῶσι
2820 3989 2919 4062 τὴν
2987 3990 3194 4062 μάχην,
3249 3992 3412 4056 εὐθὺς
3461 3993 3760 4064 ἁφειδούσῃ

2195 4079 2340 4148 χειρὶ
2410 4081 2712 4149 χρημάτων
2775 4082 3113 4151 παμπόλλων
3163 4083 3430 4138 ὠνοῦνται
3481 4085 3582 4148 τὰς
3650 4086 3757 4138 τῶν

2195 4171 2596 4238 ἀστυγειτόνων
2657 4177 2769 4237 τοῖς
2821 4175 3142 4240 ἀντιπάλοις
3191 4177 3417 4248 γνώμας
3486 4180 3583 4234 καὶ
3645 4181 3759 4234 ὅσοι

2193 4265 2492 4328 περίοικοι,
2527 4267 2623 4318 καὶ
2653 4265 2807 4336 ῥᾷσθ’
2847 4269 3048 4322 οὑτωσὶ
3073 4269 3210 4334 πρὸς
3251 4273 3572 4342 συμμαχίαν
3629 4274 3759 4342 μεθ-

2192 4355 2440 4408 ἐλκουσιν
2473 4355 2684 4410 ἑαυτῶν
2709 4359 2938 4422 ὁπόσους
2970 4377 3030 4413 τε
3055 4362 3152 4414 καὶ
3199 4363 3346 4424 οἴους
3393 4363 3460 4415 ἂν
3497 4364 3757 4417 ἐθέλοιεν.

2191 4447 2300 4498 Καὶ
2319 4447 2462 4500 οὓτω
2497 4449 2783 4517 μεγίσταις
2819 4451 2851 4520 ἢ
2896 4453 3033 4506 κατά
3055 4455 3266 4516 πάντας
3297 4455 3488 4518 ἄλλους
3521 4456 3628 4508 τῶν
3665 4457 3758 4509 νῦν

2190 4535 2488 4607 δυνάμεσιν
2574 4543 2994 4608 ναυστολοῦντες
3085 4545 3554 4617 κατατροποῦνται
3635 4551 3758 4610 τοὺς

2113 4607 2158 4661 ο
2187 4627 2483 4689 ἐναντίους.
2520 4629 2625 4680 Τὸν
2654 4629 2718 4700 δὴ
2757 4631 3002 4685 τοιοῦτον
3047 4637 3143 4686 καὶ
3183 4636 3278 4688 νῦν
3313 4639 3519 4707 τρόπον
3551 4639 3757 4708 ᾠκειώ-

511 4734 674 4768 σαντο
739 4716 838 4785 μὲν
884 4715 1187 4786 Ῥωμαίους
1237 4717 1460 4786 ἔχοντας
1524 4720 1618 4772 καὶ
1685 4717 1881 4780 αὐτοὺς
1949 4717 2084 4780 ἰδίας
2124 4723 2426 4788 προφάσεις
2491 4723 2588 4792 τῆς
2623 4727 2804 4796 μάχης
2872 4729 3012 4782 κατὰ
3065 4730 3412 4797 “way-£15”.
3449 4735 3523 4798 ὡς
3557 4739 3612 4787 ἐν
3641 4740 3758 4799 ταῖς

511 4811 770 4880 ἀνωτέρω
798 4810 1004 4880 βίϐλοις
1041 4812 1174 4879 ἡμῖν
1201 4811 1464 4875 πολλάκις
1495 4827 1554 4863 τε
1607 4811 1704 4865 καὶ
1745 4811 2104 4881 πολυτρόπως
2144 4815 2382 4882 εἴρηται,
2421 4817 2768 4888 ᾠκειώσαντο
2798 4821 2852 4874 δὲ
2895 4825 3239 4888 Κατελάνους
3272 4827 3495 4896 ἔχοντας
3525 4833 3619 4881 καὶ
3659 4831 3752 4881 αὖ-

505 4905 636 4967 τοὺς
675 4905 810 4967 ιδίας
847 4903 1051 4974 ὁμοίως
1083 4905 1184 4974 τῆς
1215 4905 1396 4977 μάχης
1433 4907 1744 4977 προφάσεις
1769 4907 1910 4960 κατὰ
1946 4907 2302 4970 Γεννουῖτῶν,
2332 4910 2408 4974 ὡς
2429 4913 2734 4982 εἰρήσεται.

583 5021 676 5074 Kl.
714 5021 808 5076 Est
863 5022 1009 5076 enim
1053 5022 1230 5076 insula
1294 5039 1486 5093 magna
1533 5035 1699 5093 atque
1747 5025 1941 5078 incolis
1972 5023 2080 5077 fre-

505 5127 687 5181 quens
738 5131 859 5183 qua:
908 5115 1160 5168 Sardinia
1220 5115 1528 5184 appellatur
1561 5113 1628 5169 ad
1663 5129 1813 5168 mare
1839 5113 2080 5183 Tyrrhe-

506 5209 662 5259 uium
701 5207 824 5260 sita.
851 5207 1108 5260 Abundat
1142 5208 1422 5263 montibus
1454 5206 1579 5260 altis
1607 5217 1662 5261 et
1691 5205 1854 5260 variis
1901 5205 2081 5258 ﬂuviis

509 5301 772 5364 alluitur;
813 5301 932 5368 pagi
988 5309 1039 5353 et
1077 5301 1274 5369 Oppida
1308 5313 1650 5368 quaecunque
1703 5298 1878 5351 media
1923 5283 2077 5390 ‘ter'ra

503 5399 606 5441 aut
640 5390 703 5442 ad
743 5405 890 5443 mare
919 5391 1018 5442 sita
1053 5401 1173 5443 sunt
1208 5392 1413 5459 optime
1452 5401 1582 5443 sunt
1613 5391 1944 5454 constituta;
1976 5405 2084 5443 ora:

505 5495 566 5536 et
595 5471 748 5536 lacus
795 5492 848 5536 et
879 5494 1068 5552 portus
1115 5486 1524 5553 circuli-jaceat.
1569 5483 1686 5550 Ipsa
1722 5499 1817 5550 per
1867 5485 2086 5552 longum

507 5575 729 5642 teanus
765 5591 794 5626 ει
817 5573 1095 5628 Catelan-s
1135 5575 1424 5627 tenebatur
1451 5585 1506 5626 ct
1549 5589 1692 5628 nunc
1731 5589 1948 5641 quoque
1979 5589 2092 5626 rna-

503 5667 682 5734 jurem
715 5679 921 5734 partem
981 5667 1418 5719 tenetur-.Pauc
1468 5675 1627 5718 antea
1665 5665 1952 5718 fraudibus
1993 5681 2086 5718 oc-

505 5759 677 5811 cultis
709 5761 817 5812 duo
865 5759 940 5812 ibi
983 5757 1205 5812 castciia
1255 5767 1517 5822 ceperant
1554 5755 1891 5808 Genuenses.
1927 5765 2084 5809 antc-

2261 5026 2365 5084 IA'.
2395 5031 2575 5102 Νῆσος
2629 5037 2738 5106 γάρ
2773 5038 2894 5090 ἐστι
2935 5039 3150 5115 μεγάλη
3195 5043 3290 5094 καὶ
3325 5043 3756 5117 πολυάνθρωπος

2189 5125 2504 5197 καλουμένη
2541 5129 2748 5196 Σαρδὼ,
2779 5132 2933 5202 παρά
2976 5134 3038 5185 τὸ
3095 5135 3436 5205 Τυρρηνικὸν
3495 5140 3756 5208 ἀνειμένη

2189 5218 2446 5285 πέλαγος,
2477 5220 2576 5289 ὁρη
2613 5223 2714 5288 μὲν
2748 5221 3050 5278 πλουτοῦσα
3103 5229 3290 5296 μακρὰ
3316 5231 3410 5282 καὶ
3448 5231 3566 5298 ἅμα
3595 5247 3760 5284 πυτα-

2195 5313 2315 5378 μοίς
2343 5311 2614 5381 ἀρδομέ-ιη
2661 5317 2962 5380 παντοίοις,
2995 5319 3186 5372 πόλεσι
3211 5321 3266 5374 δὲ
3291 5321 3388 5373 καὶ
3425 5325 3640 5391 κώμαις
3655 5325 3756 5376 ,εύ-

2187 5400 2501 5466 θηνουμένη
2533 5399 2776 5462 πολλαῖς,
2812 5406 3004 5457 όπῦοαι
3031 5423 3085 5457 τε
3118 5415 3398 5478 μεστᾷγειοι
3445 5413 3536 5464 καὶ
3559 5415 3755 5467 ὁπόσαι

2191 5493 2472 5562 παράλιον
2503 5493 2667 5544 ἀκταί
2703 5511 2761 5544 τε
2793 5496 2960 5564 αὐτὴν
3011 5501 3105 5550 καὶ
3162 5499 3376 5570 λιμένες
3437 5507 3757 5574 περςεορεύ-

2185 5601 2304 5635 ουσι
2331 5585 2424 5634 καὶ
2451 5583 2641 5634 κόλποι
2684 5586 3004 5652 πολυειδεῖς.
3033 5589 3182 5660 Αὕτη
3247 5593 3416 5645 πολύν
3467 5613 3590 5648 τινα
3631 5601 3758 5667 χρό-
3791 5631 3806 5638 -

2187 5689 2280 5724 νον
2307 5674 2409 5724 ὑπό
2451 5675 2778 5740 Κατελάνοις
2841 5681 3052 5732 ἐτέλεσε
3085 5700 3143 5734 τε
3199 5685 3291 5736 καὶ
3319 5686 3418 5754 ἤδη
3459 5689 3528 5752 τῷ
3553 5689 3754 5740 πλείονι

2189 5765 2346 5833 μέρει
2377 5764 2540 5818 τελεῖ.
2577 5765 2687 5819 Νῦν
2719 5769 2761 5819 δ’
2792 5772 2959 5840 όῖ-.ίγῳ
2985 5767 3258 5842 ,πρότερον
3281 5776 3454 5839 δόλοις
3471 5779 3754 5848 λαθραίοις
