4070 6326
264 384 370 451 165

1191 384 1642 445 ΒῩΖΑΝΤΙΝᾸΞ
1686 380 2082 445 HISTORUE
2120 379 2272 441 LIB.
2311 382 2589 445 XXVIII.

3420 386 3520 448 166

260 495 505 568 φρούρια
538 495 635 550 δύο
662 495 929 567 κατέσχον
960 499 1010 551 οἱ
1068 497 1388 552 Γεννουῖται
1434 498 1647 562 αὐτόθι,
1706 498 1836 568 πρὶν

1946 509 2104 561 quam
2138 492 2331 546 incolze
2384 492 2914 548 animadverterunt.
2960 495 3092 561 Quae
3133 511 3220 550 res
3245 493 3525 555 Cateian's

258 586 552 640 αἰσθέσθαι
621 588 753 648 τοὺς
841 587 1164 658 ἐγχωρίους.
1255 587 1428 639 Τοῦτο
1506 587 1841 649 Κατελάνοις

257 673 323 746 [Γ.
350 673 455 729 108
473 673 549 745 tu]
575 674 819 742 γνωσθὲν
844 673 968 728 οὕτε
1001 674 1240 744 φορητὸν
1269 676 1365 727 καὶ
1390 675 1589 745 κομιδῇ
1618 675 1839 743 νενόμι-

256 783 384 818 σται
430 767 593 836 βαρύ.
619 767 710 820 Διὸ
745 769 838 819 καὶ
870 767 1016 818 οὕτω
1058 767 1344 835 δυσμενῶς
1402 768 1542 835 πρὸς
1583 767 1832 829 ἐκείνους

1945 587 2163 655 cognita
2197 585 2377 655 gravis
2407 596 2559 641 certe
2607 603 2706 642 nec
2739 587 2963 642 ferenda
3002 591 3226 643 omnino
3254 591 3372 643 visa
3414 603 3518 646 est.

1944 677 2216 744 Quocirca
2249 693 2373 731 cum
2419 679 2634 732 infestis
2657 694 2785 748 erga
2821 681 2940 734 illos
2980 682 3175 734 animis
3213 692 3430 744 essent,
3466 685 3521 736 in

1945 771 2273 824 societatem
2305 771 2495 824 Veneti
2534 785 2947 841 pempportune
2977 774 3343 828 obvenerunt.

251 864 650 934 διακειμένοις,
682 863 818 934 πρὸς
849 864 950 933 τὴν
984 864 1196 916 ἑαυτῶν
1235 863 1835 934 ἐτοίμοιςίσυμμαχίαν
1875 865 2129 937 ἐνέτυχον
2162 869 2345 936 σφίσιν
2367 868 2416 919 οἱ
2467 868 2744 920 Βενετικοὶ
2773 868 2916 920 κατά
2953 869 3015 922 τὺ
3083 871 3228 939 μάλα
3279 889 3331 922 τι
3405 874 3525 926 καῖ-

256 971 401 1025 ριον.

267 1051 276 1109 l
331 1049 435 1103 lB'.
495 1049 742 1115 Κάπειδή
802 1066 932 1118 περ,
985 1049 1062 1112 ὡς
1119 1049 1352 1119 ἔφημεν,
1428 1050 1836 1119 τετταράκοντα

253 1145 513 1212 τριήρεις
548 1145 662 1206 τοῖς
681 1143 1014 1205 Κατελάνοις
1040 1143 1324 1211 δυνάμεως
1342 1143 1565 1211 ἀπάσης
1627 1143 1836 1196 ὁπλιτι-

256 1235 363 1303 κῆς
393 1235 804 1302 πεπλήρωνται,
829 1234 936 1286 τῶν
969 1234 1262 1303 βελτίστων
1293 1235 1434 1300 ἔδοξε
1456 1235 1676 1287 διαϐᾶσι
1702 1235 1838 1304 πρό-

253 1344 417 1395 τερον
443 1329 629 1379 ἐκεῖνα
661 1327 846 1395 σφίσιν
873 1329 1060 1388 αὐτοῖς
1084 1326 1140 1393 ἐξ
1162 1327 1353 1395 ἐφόδου
1371 1328 1439 1380 τὰ
1459 1327 1700 1396 φρούρια
1740 1343 1837 1378 πε-

257 1417 675 1487 ριποιήσασθαι,
707 1419 852 1488 άπερ
902 1419 960 1470 ὲν
1011 1419 1207 1487 Σαρδοῖ
1271 1421 1336 1489 τῇ
1368 1421 1518 1488 νήσῳ
1549 1419 1684 1488 πρὸς
1725 1418 1834 1470 τῶν

251 1508 611 1572 Γεννουῖτῶν,
649 1510 723 1572 ὡς
747 1511 1089 1578 εἰρήκειμεν,
1141 1509 1509 1579 ἐξημίωνται.
1540 1511 1760 1564 Τούτων
1787 1509 1832 1562 δ’

252 1603 719 1672 οὓτωγινομένων
747 1604 881 1656 καὶὸ
910 1603 1288 1665 Γεννουῖτικδς
1314 1605 1521 1666 στόλος,
1552 1603 1713 1655 πέντε
1743 1603 1834 1656 καὶ

254 1698 530 1764 ἐξήκοντα
577 1696 834 1769 τριήρεσι
859 1697 917 1748 τὸ
943 1697 1148 1749 οξκεῖον
1177 1695 1403 1766 πληρῶν
1431 1697 1692 1760 ἐπίνειον,
1740 1696 1832 1748 τὸν

2014 1045 2131 1102 Χῐί.
2165 1046 2479 1118 Postquam,
2524 1060 2582 1102 ut
2615 1051 2724 1118 jam
2779 1050 2915 1116 dixi,
2951 1052 3310 1122 quadraginta
3358 1058 3521 1111 trire-

1944 1141 2115 1195 mium
2147 1146 2303 1210 copia
2336 1143 2583 1195 confecta
2609 1152 2714 1206 est,
2745 1143 3015 1212 optimum
3054 1145 3161 1200 illis
3202 1147 3376 1202 visum
3411 1160 3518 1214 est,

1943 1233 2117 1302 cepiis
2164 1249 2230 1287 eo
2267 1235 2508 1304 trajectis
2561 1237 2746 1289 statim
2789 1251 2987 1304 capere
3037 1239 3256 1293 castella
3302 1257 3421 1309 qu:e
3457 1247 3510 1295 in

1945 1324 2195 1378 Sardinia
2226 1321 2408 1378 insula
2445 1341 2474 1378 a
2519 1325 2933 1404 Genuensihus,
2967 1338 3025 1380 ut
3054 1329 3316 1396 diximus,
3351 1333 3524 1384 viola-

1945 1419 2171 1472 bantur.
2225 1418 2355 1483 Quae
2387 1433 2510 1472 cum
2567 1420 2799 1482 fierent,
2837 1421 3080 1489 quinque
3136 1434 3189 1475 et
3240 1427 3519 1493 sexaginta

1945 1509 2270 1564 triremibus
2301 1509 2354 1564 in
2413 1519 2572 1578 portu
2611 1509 2917 1565 domeStico
2967 1513 3180 1581 positis,
3219 1513 3370 1584 191
3417 1515 3520 1570 Gc-

1946 1601 2236 1654 nuensium
2289 1601 2485 1655 classis
2539 1601 2779 1655 hostium
2849 1603 3076 1658 ο1.οεεοιιι
3142 1607 3516 1672 (ιχςροςιτιὶιιιι.

1943 1692 2082 1746 Cum
2111 1709 2241 1746 vero
2265 1693 2515 1746 auditum
2572 1704 2719 1749 esset
2759 1695 2882 1749 illos
2912 1695 2980 1748 ad
3016 1696 3321 1750 Sardiniam
3356 1703 3522 1767 proli-

248 1789 526 1842 ἐπίπλουν
551 1788 872 1856 ἐκαραδόκει
899 1789 1008 1841 τῶν
1027 1790 1153 1841 πολε
1164 1789 1327 1858 μίων.
1347 1789 1502 1842 Ἑπεὶ
1534 1789 1579 1840 δ’
1604 1789 1835 1859 ἠκηκόει

1946 1785 2070 1838 cisci
2104 1783 2356 1847 natibus,
2384 1788 2665 1845 triremem
2701 1803 2864 1840 unam
2898 1790 3188 1852 miserunt,
3214 1805 3332 1857 qtize
3353 1806 3517 1844 cursu

249 1880 486 1938 τούτους
513 1881 566 1940 ἐς
595 1879 694 1946 τὴν
726 1879 916 1948 Σαρδὼ
957 1882 1488 1946 καταπεπλευκέναι,
1523 1869 1839 1952 πέμπουσιν

253 1972 317 2031 ἐς
365 1970 728 2039 κατασκοπήν
783 1970 1232 2038 ταχυναυτοῦσαν
1269 1973 1397 2042 μίαν
1447 1975 1682 2043 τριήρη·
1736 1975 1838 2024 κά.

253 2061 426 2130 τεειδὴ
457 2063 690 2130 τάχιστα
720 2061 969 2132 ἐπανῆκε
1000 2066 1420 2135 τεσσαράκοντα
1449 2067 1620 2135 μόνας
1663 2067 1840 2134 ἀπαγ-

255 2154 534 2220 γέλλουσα
560 2154 659 2218 τὰς
688 2154 796 2207 τῶν
828 2155 1088 2210 ἐναντίων
1119 2151 1260 2212 εἶναι
1290 2160 1540 2229 τριήρεις
1569 2159 1688 2229 (τὰς
1733 2158 1840 2228 γὰρ

251 2246 373 2296 τῶν
405 2246 710 2300 Βενετικῶν
738 2247 1035 2317 τριάκοντα.
1061 2246 1215 2300 οὓπω
1248 2248 1530 2312 τεθέαται,
1567 2249 1703 2317 πρός
1735 2265 1839 2301 τινι

250 2339 447 2409 κόλπῳ
476 2340 574 2410 τήν
597 2341 878 2412 ἐφεδρείαν
911 2343 1078 2410 ἐγγύς
1104 2361 1208 2396 που
1239 2341 1498 2406 τελούσας
1539 2343 1732 2411 ἑτέρῳ,
1764 2334 1840 2395 ὧν

252 2432 287 2484 ὁ
327 2431 600 2495 Νικόλαος
638 2428 778 2503 ἦρχε
827 2433 1136 2506 Πισσαῖος),
1183 2435 1418 2504 ἄραντες
1466 2434 1603 2503 μετὰ
1637 2432 1838 2502 πολλῆς

252 2521 363 2592 τῆς
392 2523 594 2592 ὀφρύος
620 2523 715 2577 καὶ
741 2525 1113 2594 σεσοϐημένου
1139 2526 1234 2579 τοῦ
1267 2526 1432 2596 ήθους
1465 2527 1557 2587 καὶ
1581 2525 1673 2579 τοῦ
1707 2543 1841 2597 φρο-

254 2615 529 2685 νήματος,
564 2615 694 2669 εὐθὺ
726 2616 838 2669 τῶν
885 2618 1162 2687 πολεμίων
1197 2617 1437 2688 ἐχώρουν
1467 2618 1652 2672 πολλοὶ
1703 2620 1838 2691 πρὸς

254 2707 503 2774 ὀλίγους.
543 2706 704 2760 Ἀλλά
728 2709 860 2779 πρὶν
888 2709 1210 2776 ἀφικέσθαι,
1237 2709 1418 2763 λαθὼν
1452 2711 1659 2774 ἐκεῖνος
1680 2712 1707 2763 ό
1744 2710 1840 2765 τοῦ

257 2799 555 2852 Βενετικιῦ
591 2799 776 2852 στόλου
811 2800 1085 2871 ναύαρχος
1135 2799 1274 2870 ἔφθη
1329 2802 1430 2872 μιᾷ
1489 2798 1841 2872 προειληφὼς

254 2889 452 2957 ἡμέρᾳ
497 2887 587 2939 τὸν
618 2887 993 2940 Γεννουῖτικδν
1023 2889 1230 2954 στόλον,
1279 2888 1554 2956 καταίρων
1591 2907 1650 2942 τε
1695 2892 1750 2954 ἐς
1779 2892 1841 2942 τὸ

259 2978 521 3048 Σαρδῷόν
555 2977 648 3030 καὶ
681 2977 846 3041 αὐτὸς
878 2978 1115 3031 ἐπίνειον
1158 2981 1356 3044 ἐκεῖνο,
1404 2982 1497 3033 καὶ
1530 2979 1841 3050 ξυμμιγνὺς

255 3072 378 3134 τοῖς
409 3073 740 3137 Κατελάνοις
774 3073 872 3125 σὺν
901 3067 988 3134 αἷς
1013 3073 1334 3143 εἰρήκειμεν
1363 3075 1657 3144 τριάκοντα
1685 3075 1839 3144 τριή-

262 3178 390 3233 ρεσι
435 3163 700 3232 μεγάλαις
754 3180 812 3216 τε
857 3165 953 3218 καὶ
990 3165 1134 3233 μάλα
1172 3182 1233 3233 γε
1269 3164 1541 3236 λαμπροῖς
1567 3167 1664 3236 ,καὶ
1714 3167 1844 3218 πολ·
1869 3147 1912 3204 C

261 3255 383 3317 λοῖς
428 3258 541 3319 τοῖς
581 3255 769 3319 ὅπλοις
816 3255 1154 3326 βριθούσαις.
1211 3257 1570 3327 Κάπειδήπερ
1602 3250 1699 3321 ἐίς
1745 3258 1846 3329 τὴν

255 3347 561 3416 ὑστεραίαν
587 3348 832 3411 ἐπιόντες
860 3350 908 3402 οἱ
940 3348 1256 3403 Γεννουῖται
1286 3350 1664 3420 ἐσδομήκοντα
1692 3352 1844 3420 παρὰ

258 3441 454 3492 πᾶσαν
520 3441 818 3495 ἐθεάσαντο
871 3441 1202 3519 προσδοκίαν
1268 3444 1366 3505 τὰς
1414 3442 1524 3495 τῶν
1582 3424 1844 3495 ἐναντίων

256 3532 537 3602 τριήρεις,
569 3533 624 3596 ἐς
662 3531 862 3604 πολλὴν
888 3534 1304 3604 ἐνέπιπτον-ήδη
1328 3534 1549 3588 δειλίαν.
1578 3537 1686 3588 Καὶ
1710 3536 1844 3605 πόρ-

261 3627 445 3694 ρωθεν
477 3627 536 3678 ἐν
578 3629 728 3698 μέσῳ
759 3629 990 3697 πελάγει
1038 3629 1214 3700 βραχύ
1255 3647 1308 3682 τι
1338 3631 1842 3700 ἀνακωχεύσαντες,

259 3720 417 3781 ὅπως
468 3718 534 3771 ἂν
563 3719 828 3772 διάθοιντο
857 3720 954 3792 τήν
1003 3722 1318 3791 ναυμαχίαν
1349 3723 1680 3776 ἐσκοποῦντο
1715 3723 1843 3776 καθ’

260 3809 518 3874 ἑαυτούς.
573 3811 683 3866 Καὶ
712 3812 884 3882 ἔδρων
926 3814 993 3867 τά
1021 3813 1320 3884 δεδογμένα
1353 3817 1535 3879 εὐθύς.
1570 3816 1844 3887 Δεσμοῦσι

264 3905 365 3972 μὲν
393 3903 507 3973 γὰρ
528 3905 714 3970 σειρᾶς
740 3905 898 3976 δίκην
930 3905 1192 3977 ἀλλήλαις
1223 3907 1456 3978 ἀλλήλας
1489 3909 1586 3972 τὰς
1620 3908 1842 3980 πλείους

261 3995 476 4049 ἐαυτῶν
525 3997 773 4068 τριήρεις
819 3999 958 4069 ὑπὲρ
1008 3999 1102 4054 τοῦ
1136 4001 1213 4071 μὴ
1261 4003 1327 4071 τῇ
1373 4001 1582 4070 διεχείξι
1628 4001 1722 4054 καὶ
1749 3999 1841 4072 ’τῷ

1943 1877 2218 1931 concitato
2250 1878 2701 1947 circmnspiceret
2735 1880 2943 1935 hostes.
2982 1881 3104 1935 llac
3147 1883 3403 1937 celeriter
3433 1900 3520 1936 re-

1941 1985 2099 2023 versa
2133 1971 2494 2040 quadraginta
2529 1981 2739 2026 tantum
2779 1971 3034 2026 triretnes
3066 1989 3185 2027 esse
3222 1975 3517 2028 nuntiavit.

1942 2053 2279 2107 Venetorum
2314 2054 2462 2107 enim
2520 2053 2748 2122 triginta
2787 2054 3101 2109 triremibus
3133 2055 3332 2124 quibus
3361 2056 3522 2110 Νισυ-

1939 2145 2061 2198 laus
2092 2143 2326 2198 Pisanus
2377 2156 2613 2214 praeerat
2651 2146 2894 2198 nondum
2957 2145 3009 2198 in
3037 2145 3209 2200 aciem
3264 2150 3517 2212 eductis,

1943 2233 2039 2288 sed
2072 2235 2137 2287 ad
2174 2235 2352 2288 sinum
2389 2236 2680 2303 quemdam
2716 2250 2746 2290 e
2781 2237 3096 2306 propinquo
3131 2238 3411 2292 collocatis
3462 2248 3522 2294 ut

1942 2325 2172 2381 insidias
2206 2337 2518 2393 struerent,
2550 2329 2649 2398 ipsi
2681 2329 2938 2384 insolenti
2975 2340 3032 2383 et
3061 2331 3300 2399 superbo
3333 2331 3518 2385 animo

1944 2420 2202 2475 hostibus
2262 2421 2452 2490 paucis
2487 2422 2648 2474 multi
2694 2431 3002 2476 cesserunt.
3048 2421 3152 2476 Sed
3185 2423 3516 2478 Vettetot'nttt

1943 2515 2136 2572 classis
2189 2513 2301 2568 dux
2364 2529 2474 2568 uno
2525 2514 2616 2568 die
2662 2514 2812 2583 cepit
2864 2512 3238 2568 Genuensium
3287 2516 3516 2570 ('leSL'lll

1941 2615 2238 2676 antequam
2276 2605 2365 2660 ille
2398 2605 2642 2662 advenit.
2690 2604 2896 2660 Deinde
2937 2606 3052 2674 ipse
3099 2605 3152 2658 iu
3203 2605 3518 2660 Sardinium

1943 2698 2119 2754 tendit
2155 2709 2374 2768 portum
2411 2707 2466 2752 et
2497 2713 2557 2752 se
2583 2697 2868 2766 conjunxit
2904 2713 3028 2751 cum
3073 2696 3349 2752 Catelanis
3379 2715 3520 2768 quu-

1943 2805 2091 2853 rum,
2150 2799 2208 2842 ut
2242 2789 2503 2853 diximus,
2559 2789 2779 2856 triginta
2814 2789 3068 2842 triremes
3114 2804 3320 2858 magna:
3361 2802 3522 2845 erant

1942 2893 2108 2952 atque
2139 2883 2332 2951 amplae
2354 2891 2409 2936 et
2437 2896 2718 2935 armorum
2775 2879 3128 2934 inultitudine
3180 2881 3412 2936 refertae.
3442 2883 3520 2937 Ac

1942 2997 2266 3054 Genuenses
2317 3012 2440 3051 cum
2485 2997 2754 3067 postridie
2788 2998 3024 3067 ingressi
3068 2998 3309 3055 hostium
3353 3001 3520 3054 trire-

1948 3106 2065 3145 mes
2091 3093 2436 3161 septuaginta
2469 3100 2667 3160 pra:ter
2699 3106 2916 3146 onmem
2947 3093 3258 3161 opinionem
3292 3109 3523 3163 conspe-

1948 3181 2178 3246 xissent,
2214 3197 2443 3251 magnus
2474 3192 2647 3237 terror
2677 3183 2898 3246 invasit,
2933 3195 2988 3239 et
3015 3187 3202 3254 procul
3236 3187 3346 3241 alto
3380 3188 3517 3242 mari

1945 3274 2318 3327 consistentes
2351 3274 2634 3342 paululum
2667 3275 3214 3346 circumspiciebant.
3244 3282 3522 3348 quomodo

1943 3380 2182 3433 pugnam
2235 3366 2480 3420 navalem
2523 3366 2887 3436 disponerent
2936 3380 3140 3438 etquae
3190 3371 3522 3424 videbantur

1943 3457 2127 3510 statim
2159 3455 2477 3512 iaciebant.
2545 3456 3010 3527 Constringebant
3061 3459 3208 3512 enim
3260 3470 3521 3528 tanquam

1943 3545 2168 3600 vinculo
2202 3546 2348 3599 inter
2379 3560 2439 3600 se
2501 3545 2791 3615 plerasque
2831 3545 3086 3601 triremes
3129 3561 3255 3600 suas
3281 3584 3296 3608 ,
3334 3559 3402 3597 ne
3435 3547 3524 3596 di-

1947 3636 2162 3691 stantia:
2185 3651 2376 3691 earum
2409 3636 2567 3706 192
2589 3642 2754 3706 atque
2784 3636 3070 3690 intervalla
3097 3635 3238 3688 viam
3271 3632 3526 3687 hostibus

1946 3729 2278 3797 prteberent,
2327 3744 2428 3784 nec
2465 3730 2732 3782 haberent
2758 3728 2840 3781 sui
2896 3728 3040 3781 unde
3090 3725 3249 3780 facile
3285 3739 3523 3794 pugnam

1947 3819 2277 3887 elIugerent.
2311 3818 2484 3872 Porro
2521 3833 2586 3870 ex
2617 3816 2813 3870 mediis
2847 3816 3015 3870 remis
3045 3817 3204 3873 sedes
3234 3813 3528 3866 nonnullas

1946 3911 2230 3974 auferunt,
2263 3918 2322 3962 ut
2347 3917 2604 3977 tanquam
2650 3908 2704 3962 in
2740 3918 2883 3962 terra
2948 3907 3194 3976 praelium
3227 3913 3527 3958 conserant

1946 4010 2003 4056 et
2026 4000 2185 4054 facile
2215 3999 2364 4054 exire
2390 4008 2447 4053 et
2471 3997 2623 4052 adire
2670 4006 2726 4051 et
2755 3997 3038 4067 praeterire
3076 3996 3309 4065 possint.

262 4091 561 4162 σκεδασμῷ
587 4093 786 4146 διδόναι
831 4093 1062 4164 πάροδον
1121 4096 1244 4159 ταῖς
1300 4096 1590 4165 πολεμίαις
1642 4095 1826 4160 ναυσὶ,
1865 4095 1992 4165 μηδ’
2024 4094 2169 4165 ἔχειν
2199 4093 2262 4146 ἐκ
2322 4092 2415 4145 τοῦ
2448 4092 2649 4162 ῥᾴστου
2713 4091 3062 4158 φυγομαχεῖν
3093 4088 3214 4147 τοὺς
3245 4087 3482 4150 οἰκείους
3504 4103 3520 4118 ο

260 4184 543 4255 ἐξαιροῦσι
591 4184 636 4238 δ’
673 4181 741 4239 αὖ
784 4187 895 4239 τῶν
919 4187 1186 4258 ἐρετικῶν
1234 4190 1298 4241 ἐκ
1341 4189 1522 4258 μέσων
1559 4188 1708 4252 ἐνίας
1747 4188 2038 4258 καθέδρας,
2077 4187 2166 4241 ’ἶν’
2193 4185 2270 4248 ὡς
2314 4187 2372 4238 ἐν
2423 4185 2666 4256 ἐπιπέδῳ
2728 4181 2828 4253 τὴν
2894 4183 3078 4251 μάχην
3134 4180 3394 4233 ποιῶνται
3429 4181 3524 4232 καὶ

259 4277 577 4342 ἀκωλύτους
611 4280 706 4342 τάς
754 4297 813 4334 τε
847 4279 1120 4345 ἐξελάσεις
1153 4283 1248 4334 καὶ
1293 4282 1580 4346 ἐπελάσεις
1612 4283 1706 4336 zeal.
1741 4283 1836 4344 τὰς
1877 4281 2148 4353 παρόδους
2176 4281 2399 4351 ἔχωσιν.
3246 4279 3251 4283 ’

346 4378 446 4434 ll".
493 4381 581 4432 Ἐν
612 4381 816 4442 τούτοις
856 4377 900 4430 δ’
940 4378 1359 4448 ἀσχολουμένων
1389 4380 1569 4434 αὐτῶν
1614 4379 1842 4450 θόρυϐος

2022 4378 2162 4432 ΧΙΙΙ.
2219 4377 2316 4433 His
2375 4376 2538 4430 rebus
2595 4389 2720 4430 cum
2779 4371 3030 4442 occupati
3091 4377 3298 4434 essent,
3343 4375 3532 4423 motus

263 4476 322 4543 ἐξ
350 4474 628 4544 ἀπογείων
659 4473 988 4542 πνευμάτων
1010 4472 1274 4544 ἐξαίφνης
1297 4471 1359 4547 [Γ.
1404 4473 1504 4529 108
1531 4472 1606 4545 ν.]
1638 4475 1848 4543 ἐγείρει

263 4583 376 4630 ται,
413 4568 528 4627 τοῖς
579 4566 678 4636 μέν
725 4567 1056 4630 Κατελάνοις
1088 4567 1206 4634 ἅμα
1253 4568 1349 4620 καὶ
1401 4565 1706 4626 Βενετικοῖς
1737 4563 1848 4615 ἀπὸ

263 4659 546 4728 πρύμνης,
579 4660 692 4722 τοῖς
733 4659 788 4710 δὲ
835 4659 1179 4722 Γεννουῖταις
1212 4655 1333 4710 οὖσι
1383 4655 1663 4722 πελαγίοις
1696 4655 1846 4707 ἀντί-

264 4768 511 4820 πρωρος.
549 4750 658 4804 Καὶ
690 4752 788 4820 μὲν
817 4751 880 4821 δὴ
909 4750 1099 4805 λοιπὸν
1117 4754 1185 4803 τά
1213 4751 1320 4803 τῶν
1343 4751 1518 4801 ἐκεῖσε
1540 4746 1849 4818 τηνικαῦτα

264 4860 404 4896 κατα
409 4843 646 4912 χθεισῶν
664 4842 988 4913 ὀθενδήποτε
1019 4841 1271 4912 μεγάλων
1297 4841 1575 4909 τεττάρων
1600 4837 1844 4893 ὁλκάδων

265 4937 412 4989 ἱστία
443 4937 782 4998 πετάσαντες
811 4937 868 4988 οἵ
895 4954 950 4989 τε
976 4936 1280 4990 Κατελάνοι
1307 4934 1398 4987 καὶ
1430 4934 1707 4988 Βενετικοὶ
1734 4935 1847 4994 τοῖς

262 5025 550 5092 πολεμίοις
590 5025 831 5094 ἐχώρουν
861 5025 1049 5094 ὁμόσε,
1101 5025 1160 5088 ἐξ
1189 5023 1379 5090 οὐρίας
1423 5021 1714 5085 ποιοῦντες
1751 5021 1844 5072 τὸν

262 5118 434 5171 πλοῦν
452 5134 467 5150 ’
504 5117 692 5171 εἵπετο
720 5118 765 5170 δ’
791 5115 928 5188 ὁμοῦ
950 5116 1046 5169 καὶ
1079 5117 1107 5168 ὁ
1134 5116 1318 5177 στόλος
1346 5112 1512 5179 ἄπας,
1539 5115 1652 5174 τοῖς
1685 5112 1846 5164 πολε-

266 5214 450 5281 μικοῖς
481 5209 732 5280 ὀργάνοις
757 5209 1085 5280 τερπόμενοι
1125 5207 1220 5260 καὶ
1256 5207 1352 5270 τὰς
1383 5207 1490 5257 τῶν
1518 5205 1846 5274 ὁπλομάχων

261 5301 442 5369 ψυχὰς
474 5301 612 5369 πρὸς
643 5298 704 5351 τὸ
750 5300 1117 5368 ἀκμαιότερον
1159 5293 1517 5365 ἐρεθίζοντες.
1551 5293 1716 5346 Ὅθεν
1747 5296 1845 5356 τὰς

265 5396 361 5462 μὲν
403 5392 570 5454 εὐθὺς
596 5395 652 5456 ἐς
691 5388 851 5461 βυθὸν
883 5389 1188 5443 κατέδυσαν
1214 5389 1404 5458 ῶσπερ
1435 5386 1847 5458 καταπατηθεί-

268 5506 364 5550 σας
398 5489 504 5540 ὑπὸ
535 5485 646 5538 τῶν
676 5483 939 5546 ὁλκάδων,
971 5485 1069 5546 τὰς
1092 5482 1135 5536 δ’
1161 5481 1507 5562 ἐζώγρησαν.
1536 5479 1646 5534 Καὶ
1670 5478 1842 5541 οὕτως

265 5582 320 5630 ἐν
355 5582 550 5650 βραχεῖ
575 5578 840 5646 τρόπαιον
871 5575 1057 5645 σχεδὸν
1090 5575 1426 5642 ἀναίμακτον
1466 5572 1647 5642 ἔσχον,
1674 5571 1843 5640 ὑπέρ-

263 5689 410 5740 τεροι
445 5671 761 5724 παντάπασι
795 5670 888 5723 τοῦ
921 5666 1293 5722 Γεννουίτικοῦ
1327 5668 1612 5735 γενόμενοι
1651 5665 1842 5718 στόλου

1955 4470 2296 4526 terrestrium
2331 4477 2620 4526 ventorum
2651 4475 2879 4538 repente
2917 4472 3144 4519 exortus
3172 4470 3278 4526 est,
3309 4461 3401 4532 qui
3426 4460 3527 4516 Ca~

1954 4563 2148 4620 telanis
2189 4560 2413 4631 quidem
2459 4570 2516 4614 et
2543 4559 2769 4638 Ve‘uetis
2821 4558 2886 4612 ad
2936 4556 3161 4628 puppim
3193 4562 3387 4614 erant,
3423 4553 3526 4606 Ge-

1951 4655 2259 4711 nucnsibus
2300 4665 2482 4707 autem
2539 4649 2635 4720 qui
2684 4651 2737 4703 in
2781 4651 2898 4705 alto
2929 4657 3089 4704 erant
3129 4645 3366 4722 adversi.
3403 4643 3530 4698 Jant

1951 4761 2081 4804 vero
2124 4762 2248 4801 cum
2297 4756 2535 4815 quatuor
2564 4729 2732 4797 naves
2755 4758 2962 4811 magna:
2983 4749 3172 4798 essent
3195 4747 3360 4807 atque
3390 4753 3527 4790 onu-

1951 4847 2051 4892 stac
2090 4837 2229 4891 velis
2261 4836 2405 4890 datis
2449 4832 2697 4889 Catelaui
2729 4841 2784 4886 et
2820 4829 3010 4886 Veneti
3046 4829 3303 4885 hostibus
3347 4842 3532 4881 cesse-

1951 4937 2080 4982 runt
2137 4937 2300 4982 vento
2348 4925 2592 4981 secundo
2653 4924 3009 4993 navigantes;
3057 4930 3243 4976 secuta
3279 4927 3366 4973 est
3416 4928 3528 4971 tota

1950 5019 2145 5076 classis
2179 5017 2348 5073 rebus
2395 5016 2610 5072 bellicis
2643 5015 2911 5070 instructa
2953 5021 3290 5068 armatorum
3328 5009 3530 5064 animis

1951 5110 2310 5166 vehementer
2348 5107 2626 5163 excitatis.
2676 5107 2753 5160 Ex
2802 5106 2888 5160 his
2926 5104 3047 5159 aliae
3103 5102 3156 5156 in
3195 5100 3527 5170 profundum

1955 5219 2104 5258 mare
2136 5204 2402 5256 demersa:
2456 5209 2585 5256 sunt
2651 5201 2885 5252 navibus
2932 5196 3201 5251 ductoriis
3231 5209 3551 5263 oppressw.,

1953 5297 2070 5349 alia:
2100 5305 2294 5364 capt-.e.
2327 5293 2515 5363 Itaque
2549 5291 2708 5366 brevi
2749 5300 2996 5359 tempore
3040 5288 3188 5342 nulla
3235 5286 3349 5341 fere
3379 5288 3533 5340 caede

1953 5390 2094 5444 facta
2127 5388 2414 5441 victoriam
2448 5385 2834 5454 deportarunt,
2867 5391 3132 5451 superata
3151 5379 3530 5435 Genuensnum

1951 5483 2126 5534 classe
2157 5478 2318 5546 plane
2348 5485 2460 5529 tota
2493 5473 2738 5544 exceptis
2778 5471 3138 5543 quadraginta
3167 5467 3484 5524 triremibus
3510 5505 3530 5526 ,

1950 5589 2071 5642 qua:
2101 5571 2266 5626 celeri
2300 5571 2422 5640 fuga
2453 5568 2675 5636 dilapsae
2717 5575 2898 5620 erant.
2930 5565 3052 5619 llaec
3080 5578 3202 5617 eum
3231 5565 3390 5612 tinem
3431 5557 3532 5608 ltu-

1951 5665 2151 5720 bebant
2171 5673 2264 5729 ,et
2288 5671 2447 5716 aestas
2475 5661 2560 5714 his
2584 5659 2748 5713 rebus
2775 5658 2926 5713 finita
2958 5670 3059 5713 eSt.

267 5767 483 5828 παντὸς,
520 5766 665 5834 πλὴν
709 5765 830 5818 ὅσαι
872 5765 1111 5832 φυγάδες
1143 5763 1388 5832 ἔφθησαν
1436 5765 1720 5830 γεγονυῖαι
1794 5761 2234 5831 ταχυναυτοῦσαι
2301 5757 2546 5826 τριήρεις
2591 5753 2984 5806 ὀκτωκαίδεκα.
3043 5748 3147 5802 Καὶ
3209 5760 3382 5798 ταυτα
3425 5743 3530 5814 μὲν

269 5858 447 5912 τοῦτον
506 5857 638 5925 ἔσκε
701 5857 791 5910 τὸν
835 5861 1056 5930 τρόπον,
1093 5861 1185 5913 καί
1226 5859 1282 5910 τὸ
1324 5857 1480 5928 θέρος
1524 5860 1578 5910 ἐν
1628 5857 1838 5921 τούτοις
1879 5855 2156 5910 ἐτελεύτα.
