4046 6290
522 329 617 394 167

523 527 756 582 fortuna:
788 525 1160 582 conditionem
1202 525 1423 593 dejecue
1455 532 1633 576 eSsent
1655 562 1671 584 ,
1701 536 1803 576 nec
1847 521 2081 589 amplius

517 619 670 672 cives
701 631 812 670 rem
851 615 1145 668 militarem
1176 629 1371 668 ornare
1405 621 1650 682 possent,
1683 613 1843 680 plane
1865 611 2083 664 omissis

521 707 636 760 fere
666 707 919 760 omnibus
949 705 1140 767 armis,
1179 704 1462 768 militibus,
1491 704 1656 766 victu,
1683 701 1998 756 metuebant
2017 715 2083 754 ne

520 791 761 848 hostium
821 794 977 863 193
1028 795 1186 848 facile
1245 793 1444 862 captivi
1485 791 1708 846 -redditi
1767 791 1822 843 in
1887 789 2082 843 nefan-

519 888 643 940 dam
683 902 745 940 ac
784 893 998 954 turpem
1031 885 1332 953 perniciem
1369 884 1694 938 inciderent.
1746 884 1924 950 Atque
1978 898 2084 934 una

519 975 992 1028 cuinmulierilnis
1021 983 1074 1027 et
1109 973 1298 1028 liberis
1342 983 1396 1028 et
1447 983 1558 1027 tota
1589 973 1809 1026 civitate
1855 970 2084 1024 seditio-

523 1081 646 1118 nem
704 1065 980 1130 faciebant
1037 1077 1224 1135 utpote
1283 1066 1487 1118 exortis
1532 1065 1759 1118 diversis
1812 1073 1867 1116 et
1922 1063 2086 1117 variis

518 1157 758 1210 Consiliis
791 1165 844 1210 et
893 1155 1037 1210 inter
1071 1172 1128 1209 se
1167 1157 1324 1211 valde
1357 1155 1826 1224 discrepantibus,
1859 1164 2086 1208 cuncta-

517 1263 622 1314 que
655 1247 970 1316 reipublica:
1009 1249 1314 1316 antiquitus
1365 1247 1612 1299 instituta
1644 1245 1802 1298 brevi
1843 1255 2086 1312 tempore

517 1331 880 1392 sustulerunt.
921 1337 979 1390 ln
1029 1338 1388 1390 ﬁnitimorum
1424 1352 1556 1390 vero
1588 1351 1710 1390 sese
1759 1343 2084 1404 potestatem

521 1427 791 1479 tradendo
845 1443 874 1480 e
913 1427 1070 1479 malis
1107 1427 1396 1480 minimum
1445 1425 1749 1494 elegerunt.
1797 1423 2087 1477 Finitimos

517 1515 664 1568 enim
705 1517 799 1584 qui
858 1517 1152 1570 altissimos
1204 1517 1421 1584 Alpium
1479 1515 1693 1568 montes
1745 1515 1997 1568 incolunt
2033 1523 2088 1566 et

523 1619 792 1662 terrenam
824 1623 1040 1676 semper
1065 1609 1230 1661 vitam
1279 1617 1486 1676 agunt,
1539 1607 1672 1676 olim
1720 1621 1818 1674 per
1866 1607 2086 1676 longum

523 1713 736 1767 tempus
770 1701 1019 1752 hostilem
1074 1699 1126 1751 in
1163 1699 1382 1752 modum
1437 1713 1533 1752 eos
1563 1699 1834 1752 vexabant
1866 1706 1920 1751 et
1953 1713 2088 1765 pra:-

1741 321 2160 382 NICEPIIORI
2203 319 2584 380 GREGORE

591 435 724 492 XIV.
761 436 876 492 Jam
925 449 1052 488 vero
1095 432 1466 488 Genuensium
1519 447 1608 484 res
1650 446 1772 484 cum
1824 429 1891 482 ad
1943 430 2081 482 hanc
2109 437 2155 490 Α

3653 317 3758 377 153

2258 430 2349 479 ω’,
2389 431 2492 481 Καὶ
2544 431 2640 498 μὲν
2683 429 2746 500 δὴ
2803 431 2856 490 ἐς
2893 429 3052 482 τοῦτο
3099 427 3534 498 κατενεχθέντων
3577 429 3762 496 τύχης

2188 521 2298 572 τῶν
2325 524 2468 573 κατὰ
2501 523 2762 574 Γέννουαν
2795 523 3156 590 πραγμάτων,
3194 525 3288 575 καὶ
3318 522 3484 591 μηδὲν
3532 523 3614 574 ἔτι
3647 525 3764 574 τιῖιν

2190 613 2395 683 ταύτην
2443 613 2736 666 οἰκούντων
2786 613 3007 666 ἔνοπλον
3040 615 3201 682 ἔργον
3247 613 3380 683 δρᾷν
3414 607 3764 682 δυναμένων,

2191 699 2358 769 ἄρδην
2387 701 2638 753 ἁπάντων
2671 701 2876 768 σχεδὸν,
2898 701 2972 763 ὡς
2997 702 3234 769 εἴρηται,
3263 701 3630 770 ἐφθαρμένων
3657 699 3768 769 ἤδη

2191 793 2284 844 καὶ
2311 791 2492 844 ὅπλων
2524 793 2616 842 καὶ
2645 792 2854 860 ἀνδρῶν
2885 792 3214 860 ὁπλομάχων
3241 795 3336 844 καὶ
3354 792 3454 844 ὅσα
3487 792 3598 850 τῶν
3633 792 3772 843 ἑδω-

2191 883 2383 952 δίμων,
2427 883 2520 936 καὶ
2554 884 2830 944 δείσαντες
2871 884 2943 952 μὴ
2979 887 3086 945 τοῖς
3119 883 3394 952 πολεμίοις
3424 884 3488 936 ἐκ
3527 882 3626 936 τοῦ
3665 885 3772 954 ρᾁ

2193 989 2319 1024 στου
2360 973 2730 1033 καταστάντες
2766 971 3032 1041 ἁλώσιμοι
3083 973 3173 1025 τὸν
3225 973 3498 1041 ἐπάρατόν
3554 991 3614 1026 τε
3672 974 3774 1024 καὶ

2193 1063 2476 1131 αἴσχιστον
2516 1065 2564 1114 οἱ
2601 1063 3048 1133 περιλειφθέντες
3077 1064 3388 1132 ὀφλήσωσιν
3411 1065 3638 1132 ὄλεθρον
3675 1065 3777 1116 αὐ-

2192 1155 2314 1215 ταῖς
2343 1154 2558 1220 γυναιξὶ
2593 1155 2687 1206 καὶ
2737 1155 2895 1207 παισὶ
2935 1156 3029 1206 καὶ
3078 1156 3228 1207 πόλει
3284 1159 3350 1225 τῇ
3400 1157 3574 1226 πάσῃ,
3643 1155 3775 1208 κατ’

2193 1239 2439 1315 ἀλλήλων
2476 1262 2533 1296 τε
2558 1246 2906 1309 ἐστασίασαν,
2935 1245 3211 1315 διαφόρων
3255 1250 3346 1298 καὶ
3377 1246 3644 1298 ποικίλων
3675 1248 3776 1298 αὒ-

2193 1338 2304 1402 τοῑς
2334 1335 2721 1404 βουλευμάτων
2756 1338 3110 1402 ἁναφυέντων
3137 1337 3232 1390 καὶ
3257 1337 3466 1404 σφόδρα
3495 1337 3778 1404 ἀσυμφώ-

2193 1445 2300 1480 νων
2333 1428 2605 1498 ἀλλὴλοις,
2639 1430 2733 1480 καὶ
2767 1427 2884 1497 ἅμα
2917 1429 3096 1481 πάντα
3143 1427 3448 1497 ἀνέτρεψαν
3482 1429 3540 1478 ἐν
3571 1427 3781 1497 βραχεῖ

2195 1515 2260 1568 τὰ
2296 1515 2462 1588 πάλαι
2492 1516 2591 1584 τῆς
2637 1515 2916 1576 πολιτείας
2941 1515 3150 1567 ἑαυτῶν
3182 1517 3414 1584 νόμιμα,
3445 1517 3564 1577 τοῖς
3599 1517 3778 1568 ἀστυ-

2197 1607 2432 1672 γείτοσιν
2480 1605 2710 1667 ἑαυτοὺς
2770 1606 2952 1658 ἑκοντὶ
3003 1605 3340 1675 παραδόντες
3392 1606 3776 1674 ὑποχειρίους,

2194 1695 2286 1748 τοῦ
2323 1695 2568 1764 μείζονος
2607 1698 2780 1748 κακοῦ
2813 1699 2872 1748 τὸ
2909 1695 3241 1764 κουφότερον
3271 1695 3644 1763 ἀνθελόμενοι.
3689 1697 3782 1748 Ἀ-

521 1791 792 1844 dabantur
832 1805 1164 1859 quocunque
1213 1791 1466 1843 volebant
1503 1789 1638 1844 anni
1673 1799 1938 1858 tempore.
1978 1790 2092 1844 Me-

2206 1785 2544 1852 ςτυγείτονας
2585 1785 2639 1838 δέ
2679 1804 2822 1856 φημι
2851 1786 2900 1838 οἳ
2947 1788 3047 1849 τὰς
3097 1786 3235 1856 ὑπὲρ
3287 1787 3535 1855 κεφαλῆς
3587 1788 3780 1840 αὐτῶν

521 1882 856 1935 diolanensis
887 1893 970 1935 est
998 1883 1142 1951 regis
1173 1883 1386 1936 colonia
1409 1924 1422 1944 ,
1471 1883 1604 1934 urbs
1637 1893 1814 1946 vetus,
1853 1882 2088 1935 dillicilis

523 1973 771 2026 hostibus
817 1973 884 2027 ad
917 1975 1368 2044 oppugnandum.
1416 1975 1504 2037 Et,
1537 1975 1682 2041 quod
1735 1975 1966 2027 maxime
2023 1975 2090 2027 ti-

525 2066 778 2119 mendam
805 2066 943 2118 hanc
970 2074 1188 2134 gentem
1221 2067 1438 2136 populis
1465 2067 1558 2135 qui
1578 2066 1727 2118 circa
1756 2067 1942 2120 colunt
1965 2065 2090 2119 red-

521 2157 624 2220 dit,
661 2170 837 2224 regem
873 2156 994 2226 ejus
1041 2155 1377 2208 horrendum
1412 2166 1574 2223 atque
1605 2155 1892 2217 invictum,
1937 2155 2093 2208 locus

523 2249 804 2302 montibus
835 2249 950 2302 fere
981 2247 1224 2316 undique
1257 2248 1384 2301 altis
1426 2257 1588 2316 atque
1641 2247 1804 2300 inviis
1839 2263 1867 2300 a
1899 2247 2094 2302 natura

523 2341 770 2393 munitus
799 2341 1270 2407 plerumquesese
1307 2338 1423 2406 ipse
1452 2339 1518 2391 ab
1547 2339 1799 2393 hostibus
1825 2321 2090 2394 defendit.

521 2431 657 2485 Nam
690 2431 814 2484 aliis
851 2430 1107 2500 gentibus
1141 2436 1225 2483 vis
1271 2431 1517 2498 equitum
1563 2430 1980 2484 innumerabilis
2041 2436 2096 2482 et

526 2524 792 2575 maximus
836 2522 1112 2576 exercitus
1157 2521 1248 2574 vix
1277 2521 1504 2574 abarcet
1552 2521 1816 2581 hostium,
1853 2521 1942 2575 his
1967 2534 2098 2583 vero

523 2629 692 2685 parva
725 2611 882 2666 facile
910 2613 1066 2682 cepia
1091 2652 1105 2676 ,
1151 2628 1274 2667 cum
1325 2621 1544 2666 tuentes
1576 2611 1721 2665 circa
1762 2612 1850 2665 siti
1879 2623 2100 2666 natura-

522 2703 626 2756 lem
655 2701 948 2770 quamdam
975 2701 1043 2756 ad
1090 2700 1496 2756 defendendum
1525 2699 1850 2756 societatem
1875 2699 2019 2753 inter
2040 2713 2098 2752 se

523 2792 785 2848 habeant.

2197 1873 2577 1936 κατοικοῦντες
2608 1874 2804 1942 ὕψιστα
2841 1875 2940 1944 ὅρη
2971 1875 3080 1929 τῶν
3121 1877 3374 1930 ’Λλπεων
3402 1877 3495 1929 καὶ
3525 1877 3780 1946 ἠπειρω-

2196 1965 2348 2018 τικὸν
2395 1967 2482 2020 ἀεὶ
2503 1966 2777 2032 διάγοντες
2816 1966 2950 2036 βίον,
2995 1967 3163 2020 πάλαι
3194 1967 3361 2020 πολύν
3397 1985 3518 2020 τινα
3577 1969 3782 2038 χρόνον

2203 2056 2455 2126 μαχίμως
2507 2059 2655 2124 σφίσι
2704 2059 2968 2110 διέκειντο
3019 2059 3114 2112 καὶ
3147 2058 3451 2128 ἐπολέμουν
3495 2061 3590 2112 καὶ
3625 2059 3780 2128 ἐληΐ-

2199 2147 2354 2212 ζοντο
2408 2147 2528 2200 καθ’
2557 2149 2626 2212 ἃς
2676 2149 2960 2203 ἐϐούλοντο
2991 2151 3138 2218 ὧρας
3187 2153 3382 2212 αὐτοὺς
3431 2153 3610 2206 αὐτοί.
3661 2153 3784 2203 Με-

2200 2237 2422 2290 διόλανα
2453 2239 2497 2292 δ’
2533 2241 2718 2318 αὑτλςίς
2751 2243 2784 2310 ἡ
2816 2241 2911 2292 τοῦ
2947 2244 3115 2310 ρηγὸς
3143 2242 3260 2292 ἐστι
3308 2243 3586 2304 κατοικία,
3617 2242 3782 2304 πόλις

2204 2333 2408 2400 ἀρχαία
2435 2350 2492 2384 τε
2523 2333 2620 2384 καὶ
2662 2332 2971 2396 δυσάλωτος
3007 2333 3304 2401 πολεμίοις.
3341 2335 3407 2386 '0
3444 2334 3500 2386 δέ
3533 2335 3782 2403 μάλιστα

2203 2425 2422 2476 πάντων
2448 2425 2678 2494 φοϐερὸν
2702 2427 2814 2486 τοῖς
2843 2426 3007 2494 πέριξ
3033 2426 3093 2478 τὸ
3123 2417 3452 2488 έθνοξτοῦτο
3475 2429 3646 2492 ποιεῖ,
3681 2427 3784 2480 καὶ

2201 2515 2291 2566 τὸν
2321 2515 2510 2566 τούτου
2545 2515 2690 2586 ῥῆγα
2723 2516 2869 2582 μάλα
2905 2533 2957 2569 τι
2991 2516 3448 2570 δυσαντίϐλεπτον
3493 2517 3589 2570 καὶ
3607 2521 3784 2571 ἀκατ-

2201 2608 2522 2676 αγώνιστον,
2578 2611 2659 2662 ὅτι
2708 2611 2734 2661 ὁ
2786 2610 2948 2670 τόπος
2997 2609 3148 2678 ὄρεσι
3195 2610 3380 2678 σχεδὸν
3433 2609 3786 2679 πανταχίὶθεν

2202 2701 2433 2771 ὑψηλοῖς
2457 2703 2551 2755 καὶ
2572 2701 2856 2764 δυσϐάτοις
2885 2701 3290 2771 τετειχισμένος
3307 2703 3529 2771 ὑπὸτῆς
3559 2693 3798 2771 φύσεως,

2203 2791 2409 2858 ἄϐατον
2439 2791 2516 2855 ὡς
2551 2791 2618 2845 τὰ
2651 2793 2822 2845 πολλὰ
2857 2793 3142 2860 πολεμίοις
3169 2795 3260 2848 τὸν
3291 2795 3544 2848 πλεῖστον
3583 2796 3788 2864 χρόνον

520 2886 828 2953 τετήρηκεν
886 2867 1105 2952 ἑαυτὸν,
1173 2885 1384 2953 ὀλίγαις
1440 2884 1705 2952 δυνάμεσι
1784 2883 2089 2952 χρώμενος.
2136 2881 2198 2963 [Γ.
2245 2883 2348 2940 109
2374 2883 2449 2956 ι·.]
2495 2887 2561 2939 Ὅ
2594 2886 2701 2954 γὰρ
2739 2889 2853 2951 τοῖς
2917 2888 3093 2951 ἄλλοις
3146 2888 3310 2951 ἵππος
3341 2903 3401 2939 τε
3453 2888 3628 2958 μυρία
3691 2865 3790 2940 κα.ἱ

529 2983 756 3050 στρατὸς
816 2983 1155 3053 παμπληθὴς
1221 2983 1376 3052 μόλις
1418 2983 1580 3050 ἀρκεῖ
1628 2981 1764 3050 πρὸς
1820 2979 2133 3032 ἀντιπάλων
2169 2980 2549 3053 ἀνασοϐήσεις,
2599 2983 2806 3048 τούτοις
2853 2986 3052 3056 ῥᾳδίως
3096 2987 3254 3057 ὀλίγη
3320 2987 3553 3058 δύναμις
3622 2989 3794 3060 ἀρκ.ἴ

523 3071 612 3150 διᾲ
653 3075 752 3144 τὴν
779 3075 886 3126 τῶν
917 3075 1078 3145 πέριξ
1111 3076 1252 3144 ὀρῶν
1286 3075 1522 3143 φυσικὴν
1554 3075 1894 3143 συμμαχίαν.

598 3219 710 3274 XV.
747 3218 872 3272 Haec
925 3218 1090 3280 igitur
1125 3234 1257 3288 gens
1305 3219 1680 3273 Genuensium
1735 3220 2094 3274 finitimorum
2127 3235 2167 3289 ο

526 3329 652 3366 cum
697 3315 1067 3380 suspicaretur
1099 3311 1262 3382 194
1295 3313 1608 3380 superbiam
1653 3327 1717 3366 ac
1763 3327 1998 3365 mentem
2037 3312 2104 3364 ad

528 3403 832 3472 perﬁdiam,
857 3415 1016 3469 atque
1038 3401 1261 3456 insidias
1282 3403 1430 3455 valde
1453 3403 2106 3472 inclinatammagnopere

527 3510 722 3549 eorum
743 3495 975 3547 ‘animos
1007 3495 1339 3548 labefactare
1363 3493 1644 3548 studebat.
1675 3493 1788 3546 llac
1816 3495 2106 3546 occasione

527 3597 756 3654 acct‘pta
796 3585 1014 3640 deditos
1039 3586 1196 3640 facile
1226 3587 1278 3638 in
1307 3587 1626 3640 societatem
1661 3597 1978 3656 coegerunt.
2007 3588 2104 3639 At-

527 3695 636 3747 que
667 3677 913 3732 Genuam
954 3679 1148 3731 urbem
1183 3692 1307 3730 cum
1355 3678 1584 3747 ingressi
1631 3687 1818 3732 essent
1853 3689 1908 3731 et
1955 3679 2106 3731 nullo

531 3770 820 3824 resistente
855 3785 1037 3822 rerum
1071 3771 1247 3838 potiti,
1283 3771 1477 3824 multas
1511 3785 1792 3824 murorum
1819 3781 1875 3824 et
1903 3787 2109 3839 propu-

527 3862 882 3932 gnaculornm
912 3873 1094 3930 partes
1127 3872 1415 3930 ceperunt,
1438 3877 1506 3916 ne
1537 3863 1765 3918 forsitan
1793 3873 2106 3934 opportuno

527 3955 581 4008 in
617 3965 897 4024 posterum
919 3963 1162 4022 tempore
1195 3964 1438 4023 arrepto,
1467 3969 1524 4009 ut
1549 3971 1767 4024 semper
1794 3973 1938 4011 nunc
1972 3953 2109 4025 quo-

527 4061 656 4115 que,
693 4045 862 4100 rebus
899 4047 1059 4100 novis
1083 4048 1392 4100 studerent.

599 4264 739 4320 XVI.
775 4264 869 4318 His
896 4265 968 4318 ita
993 4263 1150 4318 factis
1180 4264 1552 4318 Genuensium
1581 4265 1922 4320 intolerabile
1957 4265 2104 4320 inso-

527 4357 712 4413 lentiae
749 4372 886 4411 onus
915 4357 1076 4426 plane
1111 4357 1383 4425 abjcctum
1413 4367 1516 4410 est.
1573 4357 1634 4408 Et
1678 4359 1927 4425 prolecto
1961 4358 2108 4412 Deus
2143 4349 2146 4352 ’

531 4449 640 4504 illis
676 4449 939 4518 irrogavit
987 4465 1179 4518 pmnas
1213 4451 1560 4520 injuriarum,
1593 4451 1793 4519 quibus
1829 4453 2108 4506 Romanos

530 4542 838 4595 alilixerant
862 4543 1186 4610 qumqueab
1213 4543 1336 4624 aliis
1359 4544 1612 4598 similiter
1644 4545 1899 4597 omnibus
1925 4547 2104 4614 genti-

533 4639 635 4690 bus
661 4635 1074 4702 exslicctabant.
1119 4636 1392 4706 Neglectis
1425 4639 1572 4692 enim
1619 4639 1872 4692 onmibus
1903 4639 2107 4692 divinis

531 4728 768 4798 legibus,
799 4743 901 4783 nec
939 4729 1179 4782 divinam
1219 4729 1481 4790 ultionem
1527 4739 1776 4800 speetant
1821 4746 1923 4785 nec
1955 4745 2108 4783 vere-

532 4823 788 4876 cundiam
823 4820 876 4873 in
911 4820 1178 4876 homines.
1211 4821 1344 4875 Nam
1380 4837 1502 4876 cum
1542 4823 1708 4877 totius
1743 4825 1909 4876 maris
1934 4823 2111 4877 domi-

533 4925 721 4968 natum
761 4915 888 4968 inde
923 4931 952 4968 a
981 4913 1219 4968 Tanaide
1258 4925 1314 4968 et
1353 4915 1600 4969 Maeotide
1639 4931 1810 4983 usque
1839 4917 1905 4970 ad
1938 4914 2116 4970 Gades

533 5016 590 5061 et
627 5007 880 5060 Herculis
914 5007 1202 5061 columnas
1249 5019 1504 5076 tanquam
1547 5007 1600 5059 in
1650 5008 1881 5062 somniis
1928 5009 2114 5063 videre

535 5099 638 5152 sibi
674 5100 1014 5166 viderentur,
1051 5116 1116 5154 ex
1146 5101 1260 5169 ipsa
1302 5101 1476 5170 patria
1502 5099 1662 5170 cjccti
1693 5101 1846 5156 brevi
1881 5112 2030 5166 sunt,
2060 5112 2115 5157 et

534 5205 658 5241 cum
690 5189 1082 5258 rempublicam
1132 5191 1330 5260 injuria
1383 5205 1533 5244 suam
1585 5191 1851 5254 facerent,
1885 5207 2111 5260 rempu-

537 5280 733 5333 blicam
769 5297 870 5335 nec
899 5283 1096 5352 injuria
1132 5285 1420 5338 celerrime
1446 5285 1768 5338 amiserunt.
1795 5283 1907 5339 lloc
1932 5296 2014 5340 cst
2050 5287 2112 5340 il-

534 5372 642 5426 lius
678 5375 950 5442 proverbii
986 5385 1410 5444 argumentum:
1455 5397 1471 5426 I
1499 5377 2112 5446 Camelus-qui'cornua

535 5463 672 5528 vult,
706 5480 867 5519 aures
897 5482 1116 5536 quoque
1144 5469 1404 5523 amittit.»
1446 5469 1758 5524 Misericors
1789 5473 1936 5524 enim
1975 5472 2118 5524 Deus

535 5555 741 5616 est,sed
768 5555 932 5608 etiam
963 5561 1144 5626 jUstus
1175 5573 1231 5613 et
1255 5568 1472 5629 tempus
1498 5560 1840 5625 paenitentia:
1867 5562 1960 5612 dat
1994 5576 2119 5628 peo-

537 5647 815 5702 catoribos
843 5649 999 5718 195
1033 5666 1150 5719 pro;
1175 5661 1256 5704 ter
1283 5651 1551 5719 justitiam
1577 5669 1592 5717 ;
1621 5653 1704 5704 sin
1739 5667 1872 5706 vero
1905 5663 2121 5725 tcmpus

543 5737 886 5804 pwnitentia:
923 5744 1184 5810 impietati
1223 5741 1343 5796 dari
1375 5742 1594 5807 viderit,
1630 5743 1866 5798 cultrum
1904 5741 2120 5802 vulneri

2277 3221 2354 3272 IE'
2417 3223 2489 3274 Τὸ
2523 3221 2585 3290 δὴ
2629 3222 2865 3272 τοιοῦτον
2899 3222 3046 3284 ἔθνος
3084 3224 3181 3291 τὴν
3216 3224 3324 3275 τῶν
3358 3227 3617 3292 γειτόνων
3659 3229 3793 3282 Γεν-

2216 3314 2441 3380 νρυῖτών
2473 3313 2823 3384 ὑφορώμενον
2853 3314 3024 3382 ὀφρὺν
3058 3318 3148 3368 καὶ
3181 3319 3520 3387 κακότροπον
3553 3322 3634 3382 είς
3669 3321 3794 3376 ἐτι.-

2215 3403 2410 3465 6ουλὰς
2451 3406 2730 3471 περίνοιαν
2765 3405 2856 3455 καὶ
2897 3405 3032 3474 πρὸς
3073 3409 3542 3478 παρασπονδήσεις
3579 3413 3792 3483 σφόδρα

2215 3493 2530 3563 ἐπιρρεπές,
2569 3495 2729 3563 ἔργον
2763 3496 3020 3565 ἐπιμελὲς
3055 3498 3288 3550 ἐποιεῖτο
3321 3500 3458 3566 σφᾶς
3493 3503 3792 3557 ταπεινοῦν

2212 3584 2304 3634 τὸν
2337 3585 2522 3637 ἐνόντα
2553 3587 2753 3653 τρόπον
2781 3587 2888 3640 ἀεί.
2915 3587 3030 3640 Νῦν
3053 3589 3108 3640 δέ
3130 3577 3230 3640 ’καὶ
3262 3593 3458 3660 καιροῦ
3487 3593 3792 3662 λαϐόμενον

2217 3675 2536 3737 ἐνσπόνδους
2566 3677 2911 3746 ὑποχειρίους
2941 3683 3170 3732 ποιεῖται
3205 3683 3424 3752 ῥᾳδίως,
3457 3685 3564 3737 Καὶ
3601 3687 3702 3755 μὲν
3729 3689 3792 3752 δὴ

2215 3768 2308 3819 καὶ
2339 3769 2394 3830 ἐς
2425 3767 2522 3836 τὴν
2553 3770 2705 3820 πόλιν
2737 3771 2998 3824 Γέννουαν
3027 3771 3212 3824 εἰσιὼν
3240 3775 3335 3826 καὶ
3365 3779 3792 3851 ἀναμφισϐήτη-

2213 3875 2300 3920 τος
2339 3861 2520 3928 ἄρχων
2553 3862 2720 3929 αὐτῆς
2757 3864 3168 3930 ἀναγορευθεὶς,
3205 3865 3271 3917 τὰ
3306 3867 3476 3919 πλείω
3513 3871 3656 3939 μέρη
3691 3889 3790 3924 κα-

2215 3950 2357 4003 θεῖλε
2387 3952 2492 4003 τῶν
2521 3952 2705 4022 κύκλῳ
2729 3955 2924 4022 τειχῶν
2954 3957 3044 4006 καὶ
3076 3955 3322 4026 πύργων,
3457 3960 3792 4028 καιροφυλαο-

2215 4046 2485 4111 κήσαντες
2519 4047 2646 4106 ἴσως
2677 4045 2805 4113 ὀψὲ,
2836 4045 2926 4098 τὸν
2957 4045 3190 4100 εἰωθότα
3219 4047 3420 4114 τρόπον
3452 4051 3636 4115 σφίσιν
3669 4053 3789 4117 αεὶ,

2215 4136 2491 4189 κάνταῦθα
2523 4139 2920 4207 νεωτερίσωσιν
2949 4141 2994 4190 ol
3022 4141 3226 4212 ταύτης
3257 4141 3564 4212 οἰκήτορες.

2287 4270 2410 4337 lq'.
2451 4271 2562 4324 Καὶ
2587 4271 2759 4325 ταῦτα
2790 4273 2889 4342 μὶν
2912 4275 3036 4344 τῇδέ
3063 4291 3138 4346 πῃ
3166 4275 3314 4344 ἔσχε,
3346 4277 3441 4329 καὶ
3469 4279 3524 4340 ἐς
3552 4279 3792 4332 τοιοῦτον

2216 4361 2369 4430 ἔληξε
2399 4365 2573 4432 πέρας
2594 4366 2620 4417 ὁ
2639 4366 2738 4433 τῆς
2763 4365 3135 4434 Γεννουῖτικῆς
3157 4369 3360 4438 ὀφρύος
3382 4371 3581 4432 ἄτοπος
3609 4372 3791 4438 ὄγκος,

2219 4459 2310 4507 καὶ
2342 4457 2377 4525 ἡ
2407 4457 2590 4509 θεόθεν
2620 4456 2988 4526 ἠκολούθησεν
3015 4459 3216 4528 ἀμοιϐὴ
3245 4462 3354 4512 τῶν
3382 4461 3584 4514 ἀδίκων
3617 4463 3796 4532 ἔργων

2217 4550 2444 4600 ἐκείνων
2477 4544 2549 4602 ὧν
2587 4567 2643 4601 τε
2695 4551 2834 4602 κατὰ
2870 4549 3160 4620 Ῥωμαίων
3191 4549 3366 4623 ἧρξάν
3399 4571 3458 4606 τε
3494 4555 3592 4606 καὶ
3635 4573 3796 4607 κατε-

2215 4638 2490 4706 πράξαντο
2517 4642 2611 4692 καὶ
2633 4635 2712 4703 οἷς
2737 4642 2946 4711 ἑτέροις
2971 4644 3415 4720 προσεδέχθησαν
3436 4646 3636 4714 ὁμοίως
3661 4647 3798 4698 ᾶπα-

2217 4747 2336 4795 σιν,
2372 4734 2568 4800 ὅρκους
2605 4731 2853 4795 ἅπαντας
2888 4735 3065 4796 θείους
3102 4735 3335 4788 κατόπιν
3371 4737 3668 4806 ῥίψαντες,
3707 4742 3798 4792 καὶ

2221 4825 2358 4893 μήτε
2393 4824 2543 4876 θείαν
2577 4825 2796 4892 νέμεσιν
2829 4825 3049 4894 θέμενοι
3081 4829 3186 4896 πρὸ
3217 4827 3514 4898 ὀφθαλμῶν
3547 4831 3677 4900 μήτ’
3706 4815 3812 4884 ιίιν-⁸

2217 4919 2449 4988 θρώπων
2497 4917 2651 4973 αἳδώ.
2691 4922 3238 4994 Ὀνειροπολῆσαντες
3286 4926 3392 4996 γὰρ
3440 4927 3660 4998 ἁπάσης
3709 4929 3799 4982 θα-

2215 5009 2421 5078 λάσσης
2473 5009 2776 5078 συλλήϐδην
2828 5013 3124 5083 ἠγεμονίαν
3173 5015 3380 5068 ἄνωθεν
3427 5019 3492 5070 ὲκ
3541 5018 3795 5082 Τανάϊδος

2218 5101 2313 5152 καὶ
2348 5100 2656 5172 Μαιώτιδος
2693 5103 2822 5171 ἄχρι
2863 5104 3132 5174 Γαδείρων
3167 5106 3262 5158 καὶ
3297 5106 3637 5177 Ἡρακλείων
3673 5127 3794 5178 oti}.

2221 5192 2350 5256 λῶν,
2376 5192 2470 5243 καὶ
2497 5193 2666 5262 αὐτῆς
2695 5193 3153 5257 ἐξεπεπτώκεσαν
3180 5199 3239 5250 ἐν
3267 5198 3460 5269 βραχεῖ
3483 5201 3581 5269 τῆς
3606 5203 3798 5271 πατρὶ-

2221 5285 2310 5348 δος
2335 5301 2350 5314 ·
2379 5287 2470 5338 καὶ
2495 5287 2555 5338 τὸ
2585 5289 2760 5338 κοινὸν
2787 5288 2981 5364 ἀδίκως
3014 5290 3458 5360 ἰδιοποιούμενοι,
3487 5294 3681 5347 ἔλαθον
3713 5296 3802 5348 καὶ

2221 5381 2279 5429 τὸ
2317 5377 2447 5429 ἴδιον
2482 5377 2708 5441 ἐνδίκως
2749 5381 2844 5449 τὴν
2879 5382 3147 5452 ταχίστην
3183 5381 3614 5448 ἀπολωλεκότες.
3649 5387 3800 5440 Τοῦτ’

2214 5472 2390 5521 ἐκεῖνο
2415 5471 2476 5521 τὸ
2502 5473 2600 5539 τῆς,
2631 5473 2928 5554 παροιμίας
2959 5473 3322 5544 ἅντικρυς,ΊΙ
3343 5477 3588 5546 κάμηλος
3617 5479 3804 5532 ἐπιθυ-

2219 5563 2444 5631 μήσασα
2479 5565 2728 5633 κεράτων
2764 5569 2859 5620 καὶ
2889 5567 2956 5620 τὰ
2985 5562 3099 5620 ὦτα
3131 5568 3554 5637 προσαπώλεσε.
3585 5573 3806 5642 Μακρό-

2219 5654 2390 5723 θυμος
2432 5659 2531 5724 μὲν
2560 5659 2667 5729 γὰρ
2699 5663 2724 5711 ὁ
2755 5661 2909 5736 Θεὸς,
2939 5660 3074 5714 ἀλλὰ
3107 5663 3200 5714 καὶ
3227 5662 3454 5726 δίκαιος.
3485 5664 3596 5722 Καὶ
3625 5663 3804 5716 δίδωσι

2225 5749 2322 5817 μὲν
2351 5751 2542 5820 καιρὸν
2572 5755 2866 5821 μετανοίας
2892 5757 3004 5818 τοῖς
3033 5757 3442 5825 ἁμαρτάνουσιν
3471 5759 3527 5820 ἐς
3556 5757 3681 5819 τοὺς
3709 5759 3805 5826 τῆς
