4046 6290
566 321 688 382 εἶ’ἵῖ)

3481 197 3519 219 κ

1786 286 2199 379 NICEPHORI
2242 307 2624 370 anGonm
3719 299 3804 362 176

581 435 884 491 secundum
939 433 1203 502 cujusque
1256 431 1332 485 rei
1384 428 1696 482 domestica:
1746 438 1798 481 et
1853 426 2155 482 nobilitatis

2273 440 2283 475 ι
2313 421 2764 490 Καντακουζηνὺς
2791 417 3102 490 αἰσχυνθεὶς
3155 414 3346 484 ἔρανον
3397 411 3532 483 πρὸς
3562 411 3808 489 τῶνΟΒυ-

571 529 876 582 rationem.
938 527 1014 580 Ita
1050 527 1245 582 .ttibus
1303 521 1578 576 mensibus
1637 519 1907 589 reliquum
1965 518 2152 588 templi

581 632 787 674 scrtum
832 629 1192 673 restauratum
1230 623 1335 669 est.

655 898 822 952 XXII.
860 897 1117 963 Quantam
1189 907 1394 964 autem,
1463 897 1851 968 Agathangele,
1908 897 1980 950 ob
2015 897 2158 950 cala-

587 993 790 1050 unitatis
819 992 1268 1062 magnitudinem,
1295 993 1501 1047 veritus
1525 1008 1593 1046 ne
1628 993 1891 1048 homines.
1910 993 2158 1062 legerent

585 1096 638 1139 ct
678 1084 953 1147 audirent,
990 1083 1044 1135 in
1083 1083 1332 1138 oratione
1368 1093 1458 1138 tua
1493 1083 1748 1138 omisisti.
1780 1084 1967 1153 Neque
2009 1085 2155 1139 enim

589 1178 817 1246 majora,
855 1186 914 1230 ut
946 1175 1077 1229 mihi
1110 1175 1530 1246 videtur,quam
1550 1192 1674 1246 qua:
1696 1185 1798 1232 ate
1831 1177 1976 1232 dicta
2006 1185 2154 1240 sunt,

589 1283 766 1336 neque
807 1267 1166 1321 insolentiora
1215 1276 1446 1337 possunt
1487 1267 1616 1322 dici.
1653 1268 1858 1324 Tamen
1891 1271 2159 1339 parsimo-

589 1361 676 1412 nia
727 1359 964 1428 quadam
1017 1358 1286 1414 orationis
1321 1375 1490 1413 unum
1524 1359 1611 1415 vel
1658 1360 1770 1416 duo
1803 1375 1996 1414 eorum
2037 1378 2158 1430 qua:

591 1453 728 1506 levia
775 1461 904 1505 sunt
939 1452 1100 1506 velim
1144 1451 1279 1506 mihi
1316 1466 1564 1511 enarres.
1614 1466 1684 1506 ne
1729 1452 1892 1521 longo
1940 1453 2159 1507 silentio

589 1543 830 1594 animum
885 1543 936 1595 in
993 1543 1367 1610 suspicionem
1427 1542 1658 1598 inducas
1700 1558 1890 1621 neque
1911 1545 2162 1615 longiore

590 1634 838 1688 oratione
882 1651 1048 1703 aures
1079 1636 1356 1692 audientis
1387 1635 1684 1692 obtundas.

661 1836 848 1890 XXIII.
871 1837 1110 1890 Primum
1138 1835 1323 1906 igitur,
1357 1836 1542 1892 divine
1574 1837 1674 1901 vir,
1699 1839 1890 1894 audias
1912 1856 1996 1895 me
2033 1859 2158 1896 nar-

591 1944 801 1984 rantem
832 1931 898 1984 de
923 1928 1173 1983 Barbaris
1207 1929 1314 1982 illis
1338 1929 1453 1998 qui,
1479 1929 1917 1998 quandocunque
1950 1931 2160 1997 volunt,

588 2041 713 2079 cum
747 2039 958 2076 summa
991 2021 1268 2075 hilaritate
1313 2023 1742 2091 progrediuntur
1783 2024 1836 2076 in
1875 2025 2072 2092 regias,
2102 2034 2165 2080 ut

595 2118 871 2188 mysteriis
898 2115 1308 2185 superstitionis
1339 2114 1519 2183 impia:
1559 2115 1802 2183 przesint,
1838 2125 1892 2169 et
1924 2117 2161 2171 dissolu-

583 2223 700 2266 tam
731 2211 1180 2278 incontlitamque
1212 2207 1382 2262 vitam
1410 2219 1577 2276 agunt
1610 2208 1950 2274 indulgendo
1983 2211 2163 2265 ventri

581 2315 645 2357 et
675 2303 985 2355 vinolentia:
1016 2309 1073 2354 et
1109 2299 1375 2369 quidquid
1401 2299 1702 2369 cupiditate
1730 2302 1957 2355 excitari
1998 2303 2162 2360 solet.

597 2395 661 2448 Ili
700 2395 867 2463 igitur
900 2408 1026 2446 cum
1078 2393 1133 2444 in
1171 2392 1376 2460 templo
1416 2392 1563 2458 quod
1613 2393 1666 2444 in
1719 2392 1928 2447 aedibus
1997 2395 2165 2463 regiis

591 2494 681 2537 est
753 2497 908 2536 sacra
964 2481 1222 2551 mysteria
1274 2480 1472 2533 faeturi
1533 2481 1663 2542 sint,
1721 2481 1774 2533 in
1819 2481 1978 2535 atriis
2021 2483 2165 2536 nuda

587 2591 717 2629 cum
783 2573 1076 2627 saltatione
1152 2571 1434 2625 incondita
1511 2572 1756 2624 carmina
1824 2580 1880 2624 et
1937 2571 2166 2642 hymnos

593 2669 884 2724 Maltometi
934 2676 1160 2721 canunt.
1209 2665 1422 2730 Quibus
1451 2664 1611 2732 203
1647 2663 1813 2719 rebus
1879 2666 2054 2732 magis
2099 2665 2166 2720 ad

528 2740 534 2748 ’
585 2775 713 2814 sese
764 2773 925 2827 quam
977 2755 1045 2810 ad
1101 2753 1393 2823 Evangelia
1453 2753 1727 2807 audienda
1791 2755 2019 2815 trahunt
2071 2766 2169 2809 aut

581 2866 782 2905 omnes
833 2858 930 2904 aut
977 2847 1274 2902 nonnullos
1327 2861 1517 2900 eorum
1571 2847 1666 2915 qui
1727 2847 1799 2902 ibi
1836 2848 2168 2918 congregati

592 2951 745 2998 sunt.
777 2943 978 2996 Eodem
1025 2939 1189 2993 modo
1219 2938 1284 2992 ad
1325 2938 1528 3006 regiam
1573 2954 1814 2994 mensam
1847 2939 2170 3010 plerumque

590 3034 835 3107 cymbala
858 3031 1123 3087 adhibere
1144 3039 1199 3085 et
1222 3031 1435 3085 ludicra
1458 3031 1822 3086 instrumenta
1847 3042 1900 3087 et
1923 3035 2167 3091 carmina

593 3125 762 3193 impia
799 3125 1003 3177 solent.

2259 517 2496 580 ζαντίων
2527 513 2745 568 κελεύει
2803 509 3230 589 συμφορηθῆνὲι
3256 505 3375 559 κατ’
3399 505 3554 568 ἀξίαν
3581 503 3810 556 ἑκάστων

2257 613 2366 663 τῶν
2379 626 2439 662 τε
2459 609 2601 680 μάλα
2615 608 2888 660 πλουσίων
2903 605 2997 659 καὶ
3022 605 3120 672 μὴ,
3134 603 3228 654 καὶ
3251 600 3360 654 τῶν
3380 598 3582 669 μᾶλλον
3599 595 3810 660 ἐνδόξων

2259 702 2354 754 καὶ
2384 701 2482 771 μὴ,
2509 702 2604 754 καὶ
2637 698 2810 760 οὕτως
2852 699 2910 749 ὲν
2939 695 3090 764 τρισὶ
3121 694 3253 764 μησὶ
3279 693 3372 746 καὶ
3395 691 3456 744 τὸ
3490 689 3594 758 τῆς
3622 687 3811 758 ὀροφῆς

2258 793 2351 847 τοῦ
2391 791 2494 848 νεὼ
2521 790 2840 858 λειπόμενον
2866 785 3262 839 ἐκτετέλεσται.

2335 906 2461 960 ΚΒ’.
2498 906 2633 958 Τίνα
2671 905 2715 957 δ’
2755 899 2844 973 ἦν,
2881 891 2926 955 ὦ
2960 899 3091 954 καλὲ
3140 895 3541 966 ’Δγαθάγγελε,
3595 890 3744 946 ταῦθ’
3789 891 3820 944 ἀ

2260 997 2349 1052 διὰ
2399 995 2596 1057 κακίας
2656 993 2908 1064 μέγεθος,
2965 988 3140 1058 φειδοῖ
3196 987 3304 1042 τῶν
3335 984 3549 1056 ἀνδρῶν
3588 981 3818 1046 ἐκείνων,

2261 1092 2368 1144 τῶν
2389 1105 2448 1142 τε
2480 1089 2749 1155 λεγόντων
2777 1085 2918 1154 φημὶ
2944 1084 3036 1137 καὶ
3061 1081 3170 1134 τῶν
3201 1079 3537 1142 ἀκουόντων,
3575 1074 3822 1144 σιωπώσῃ

2264 1177 2633 1253 παρέπεμψας
2653 1178 2870 1248 γλώττῃ
2895 1194 2911 1243 ;
2949 1175 3082 1246 μηδὲ
3111 1175 3220 1243 γὰρ
3249 1167 3391 1226 εἶναι
3427 1171 3581 1224 δοκεῖ
3613 1184 3704 1238 μοι
3726 1167 3822 1219 τῶν

2267 1277 2434 1346 μήπω
2477 1273 2544 1342 γέ
2597 1288 2681 1324 σοι
2736 1269 3038 1340 λεχθέντων
3075 1268 3144 1320 τά
3191 1265 3455 1334 λεχθέντα
3492 1265 3635 1333 μήτε
3669 1259 3825 1330 μείζω

2267 1371 2403 1440 μήτε
2440 1366 2547 1436 μὴν
2580 1363 2928 1434 ἀτοπώτερα.
2964 1362 3154 1430 Ὅμως
3203 1358 3432 1426 ἐκλογὴν
3467 1353 3824 1423 ποιησάμενος

2269 1461 2334 1515 σύ
2366 1477 2430 1530 γε
2457 1457 2714 1512 κάκεῖθεν
2747 1455 3004 1526 μετρίαν,
3033 1454 3091 1506 έν
3124 1452 3154 1521 ἦ
3205 1451 3300 1505 δύο
3331 1451 3442 1504 τῶν
3487 1443 3828 1514 κουφοτέρων

2265 1550 2598 1621 ἀπαγγεῖλαί
2666 1565 2756 1620 μοι
2814 1546 3221 1618 προθυμήθητι.
3253 1544 3330 1606 ὡς
3382 1543 3457 1611 μὴ
3515 1534 3826 1594 ἀποκναίειν

2270 1649 2407 1715 μήτε
2452 1643 2639 1714 μακρᾷ
2670 1642 2796 1711 σιγῇ
2832 1647 2928 1702 τὰς
2982 1639 3138 1708 ἡμῶν
3169 1634 3425 1698 ὑπονοίας
3453 1634 3597 1704 μήτε
3637 1645 3828 1702 μακρο-

2271 1738 2448 1808 τέροις
2478 1735 2658 1802 λόγοις
2691 1734 2790 1795 τὰς
2820 1730 2974 1800 ήμῶν
3004 1729 3196 1791 ἀκοάς.

2338 1851 2463 1904 Kl".
2497 1850 2607 1902 Καὶ
2651 1847 2748 1916 μὲν
2778 1846 2843 1916 δὴ
2885 1861 3101 1913 πρῶτον
3134 1843 3276 1896 ἔστω
3327 1859 3432 1905 σοι,
3474 1840 3600 1893 θεία
3639 1855 3727 1907 μοι
3751 1851 3830 1888 κε·

2265 1939 2432 2010 φαλὴ,
2472 1939 2608 2008 πρὸς
2655 1937 2920 2007 ἀκρόασιν
2964 1936 3025 1988 τὸ
3061 1936 3192 2006 περὶ
3230 1934 3340 1986 τῶν
3368 1931 3667 2006 βαρϐάρων
3705 1927 3829 1980 ὲκεί-

2264 2048 2394 2092 νων,
2454 2029 2502 2082 οἳ
2543 2030 2809 2098 διηνεκῶς
2849 2027 2944 2080 καὶ
2997 2027 3086 2080 ὅτε
3122 2024 3398 2095 βούλοιντο
3450 2022 3594 2091 μετὰ
3643 2017 3827 2083 πολλῆς

2265 2114 2587 2192 κωμάζουσι
2621 2121 2722 2189 τῆς
2781 2119 3067 2190 ῥᾳστώνης
3109 2119 3187 2180 είς
3226 2117 3294 2169 τά
3327 2113 3603 2183 βασίλεια,
3638 2125 3829 2181 μυστα⁹

2264 2212 2437 2282 γωγοὶ
2474 2211 2570 2264 καὶ
2618 2210 2872 2280 πρόεδροι
2922 2209 3020 2278 τῆς
3059 2206 3288 2268 ἀσεϐοῦς
3318 2203 3624 2275 θρησκείας
3670 2201 3832 2260 δντες.

2265 2299 2362 2353 καὶ
2419 2297 2532 2367 βίον
2567 2297 2688 2367 μὲν,
2718 2297 2794 2360 ώς
2824 2296 3011 2365 φασὶν,
3040 2295 3272 2348 ἀσκευόν
3304 2311 3362 2347 τε
3399 2293 3495 2345 καὶ
3535 2292 3714 2358 ἄζυγα
3745 2289 3825 2358 βό-

2266 2407 2511 2455 σκοντες,
2540 2393 2742 2459 γαστρὶ
2760 2391 2815 2442 δὲ
2843 2389 3065 2442 πάντων
3106 2388 3342 2457 μάλιστα
3369 2375 3719 2445 δουλεύοντες
3748 2381 3832 2433 καὶ

2267 2482 2672 2551 ἀκρατοποσίας
2702 2479 3033 2551 ἡττώμενοι,
3065 2481 3161 2532 καὶ
3188 2480 3288 2531 ὅσα
3321 2479 3381 2529 τὸ
3419 2475 3516 2544 τῆς
3547 2470 3830 2540 ἐπιθυμίας

2268 2569 2568 2631 ἀκόλαστον
2605 2576 2926 2642 ἁναφλέγει.
2978 2570 3141 2627 Οὗτοι
3181 2574 3361 2625 τοίνυν
3413 2569 3718 2640 μελλούσης
3742 2565 3830 2631 τῆς

2271 2673 2421 2742 ίερᾶς
2448 2671 2726 2724 τελεῖσθαι
2765 2669 3156 2739 μυσταγωγίας
3189 2667 3248 2719 ὲν
3299 2664 3377 2734 τῷ
3413 2663 3523 2716 τῶν
3563 2658 3831 2732 βασιλείων

2269 2764 2426 2828 lxvi);
2472 2763 2604 2834 ίερῷ
2635 2763 2878 2831 τεμένει,
2911 2761 3107 2830 χοροὺς
3161 2757 3420 2818 ἱστῶντες
3450 2757 3658 2808 ἐκεῖνοι
3699 2749 3833 2816 παρὰ

2268 2854 2366 2916 τὰς
2399 2850 2707 2922 βασιλείους
2739 2848 2908 2913 αὐλὰς
2971 2846 3260 2918 ἀντᾴδουσί
3309 2861 3368 2897 τε
3415 2844 3516 2913 τὴν
3573 2841 3833 2911 γυμνικῆν

2269 2943 2487 3015 ἐκείνην
2519 2943 2844 3014 ὀρχούμενοι
2889 2941 3136 3011 δρχησιν,
3175 2939 3270 2991 καὶ
3307 2936 3544 3006 ἀσήμοις
3584 2932 3832 3000 κλαγγαῖς

2269 3038 2370 3100 τὰς
2399 3035 2496 3088 τοῦ
2533 3034 2782 3101 Μωάμεθ
2813 3030 3126 3085 ἀναϐοῶσιν
3150 3029 3293 3100 ᾠδὰς
3323 3029 3420 3082 καὶ
3448 3027 3584 3090 τοὺς
3624 3025 3831 3096 ὕμνους,

2194 3117 2243 3181 C
2275 3123 2443 3195 δι’,ὧν
2476 3129 2570 3184 καὶ
2612 3127 2968 3182 ἀνθέλκουσιν
2999 3125 3136 3194 πρὸς
3160 3123 3260 3193 τὴν
3291 3123 3502 3175 ἑαυτῶν
3541 3121 3744 3190 μᾶλλον
3785 3120 3836 3168 ἁ-

593 3220 824 3289 κρόασιν
851 3220 883 3291 ἢ
915 3221 1011 3290 τὴν
1037 3219 1145 3272 τῶν
1169 3219 1330 3274 θείων
1361 3221 1709 3290 Εὐαγγελίων
1737 3223 1869 3276 ποτὲ
1934 3223 2033 3292 μὲν
2092 3225 2298 3290 πάντας
2328 3226 2536 3289 ἁπλῶς.
2586 3225 2718 3278 ποτὲ
2766 3225 2811 3276 δ’
2881 3222 3056 3286 ένίους
3101 3221 3212 3274 τῶν
3258 3218 3646 3288 ἡθροισμένων
3709 3215 3828 3268 ἐκεῖ.

595 3313 670 3368 Τὸ
700 3314 745 3366 δ’
785 3313 917 3365 αὐτὸ
943 3314 1038 3366 καὶ
1068 3314 1196 3383 περὶ
1233 3314 1334 3384 τὴν
1361 3312 1636 3384 βασίλειον
1668 3317 1954 3386 τράπεζαν
1981 3319 2180 3388 δρῶσιν
2221 3321 2298 3383 ώς
2335 3321 2404 3374 τὰ
2459 3319 2632 3373 πολλὰ
2675 3320 2813 3390 μετά
2861 3334 2926 3384 γε
2963 3314 3030 3388 [τ.
3076 3315 3175 3370 112
3209 3311 3280 3385 1.]
3323 3310 3388 3382 δη
3423 3310 3725 3381 κυμϐάλων
3750 3312 3835 3362 καὶ

597 3402 911 3474 θυμελικῶν
943 3402 1194 3472 ὀργάνων
1241 3403 1334 3456 καὶ
1365 3402 1654 3473 ᾀσμάτων,
1690 3405 1864 3458 ὁπόσα
1905 3409 2018 3468 τοῖς
2045 3409 2306 3463 ἀσεϐέσιν
2345 3409 2602 3462 εἴθισται.
3605 3427 3610 3432 ·

667 3517 860 3574 XXIV.
899 3513 1016 3572 Hoc
1059 3532 1230 3571 unum
1255 3533 1283 3572 a
1319 3533 1404 3572 me
1432 3520 1613 3574 obiter
1641 3519 1848 3575 dictum
1886 3522 1979 3576 sit.
2026 3521 2176 3577 Reli-

599 3627 769 3682 quum
801 3617 886 3664 est
919 3608 990 3663 ob
1018 3624 1294 3663 aerumnas
1325 3624 1388 3664 ac
1420 3610 1640 3665 labores
1678 3611 2040 3667 barbarorum
2077 3631 2176 3667 eo-

599 3704 721 3774 pias
763 3717 828 3756 ex
872 3701 1120 3771 Bithynia
1175 3701 1227 3754 in
1263 3702 1536 3772 Europam
1591 3704 1865 3772 proﬁcisci
1909 3708 2175 3773 noluisse,

599 3811 702 3851 nec
737 3794 1123 3851 Cantacuzeno
1161 3795 1270 3863 regi
1303 3809 1427 3848 cum
1459 3795 1526 3848 ad
1565 3811 1622 3851 se
1653 3807 1876 3852 vocaret
1913 3813 1971 3852 se
1997 3800 2178 3868 appli-

599 3895 838 3940 catttras.
894 3883 1012 3949 Qua
1084 3899 1142 3938 re
1211 3885 1300 3938 ille
1352 3895 1601 3951 coactus,
1653 3895 1863 3942 turmas
1925 3888 2177 3942 mercede

607 3975 913 4046 conductas
957 3989 1081 4028 cum
1121 3975 1444 4030 mulieribus
1491 3987 1546 4032 et
1582 3978 1774 4033 liberis
1813 3981 1866 4033 in
1899 3980 2176 4050 Europam

600 4067 1017 4136 transportavit,
1045 4082 1166 4136 qua:
1201 4069 1247 4120 ei
1280 4068 1410 4122 vis:c
1434 4080 1562 4123 sunt
1593 4085 1713 4124 esse
1751 4073 2098 4126 munimento
2123 4082 2178 4126 et

603 4159 862 4212 terriculo
884 4159 1183 4228 Palaeologo
1202 4175 1403 4227 genero
1423 4169 1680 4229 tanquam
1701 4160 1968 4232 Gorgonis
1989 4163 2175 4219 facies.

599 4249 873 4304 Triballos
919 4250 1206 4320 Mysosque
1237 4251 1291 4302 in
1323 4249 1980 4308 nonnullasChersonesi
2013 4256 2179 4311 urbes

597 4345 1020 4415 transportayit,
1061 4345 1106 4399 si
1155 4344 1296 4399 forte
1331 4361 1397 4398 ex
1451 4345 1518 4398 iis
1567 4355 1752 4400 essent
1792 4349 1882 4417 qui
1921 4349 2054 4402 socii
2091 4349 2176 4403 sui

600 4437 656 4490 in
693 4437 838 4490 bello
871 4451 1000 4489 esse
1025 4435 1232 4488 vellent
1264 4443 1322 4487 ut
1363 4435 1641 4490 Romanos
1678 4437 1802 4491 illos
1843 4439 2076 4493 miseros
2123 4440 2176 4493 in

597 4526 868 4580 servitute
924 4528 1229 4580 retinerent
1285 4527 1544 4580 mandato
1598 4528 1850 4597 regis'ac
1901 4530 2180 4586 voluntate

586 4617 796 4687 adiuti.
844 4617 998 4672 Unde
1031 4627 1289 4685 tanquam
1322 4633 1387 4671 ex
1427 4618 1796 4674 munitissinto
1829 4622 2179 4690 receptaculo

602 4711 808 4782 egressi
851 4710 1155 4779 proximam
1193 4707 1444 4763 Thraciae
1479 4719 1692 4778 partem
1729 4713 2020 4765 vastabant
2051 4715 2180 4766 sub-

598 4803 996 4874 jiciebantque.
1060 4800 1179 4855 Jam
1243 4816 1376 4856 vero
1431 4801 1664 4872 llyrcani
1735 4802 1879 4858 ﬁlius
1929 4804 2021 4872 qui
2080 4787 2256 4874 perD

587 4903 1017 4972 'llellespontutn
1055 4899 1332 4968 prolectus
1359 4909 1478 4954 erat
1523 4910 1780 4970 tanquam
1815 4901 1867 4954 in
1903 4902 2175 4957 coloniam

602 5005 657 5049 et
691 4995 919 5062 patriam
953 5002 1152 5046 terram
1189 4991 1440 5045 habitare
1493 4992 1567 5046 ibi
1619 5009 1743 5046 cum
1799 4993 2052 5048 Barbaris
2082 4995 2175 5064 qui

589 5086 768 5157 paulo
831 5093 959 5138 ante
1020 5085 1127 5138 huc
1156 5092 1420 5138 venerant
1470 5100 1526 5138 se
1561 5100 1719 5154 posse
1771 5085 2020 5154 putabat.
2050 5086 2181 5152 Qua:

606 5191 739 5228 vero
773 5184 1079 5244 sequuntur
1115 5183 1174 5228 ut
1207 5175 1474 5244 prudenti
1506 5175 1708 5245 cuique
1745 5176 2041 5230 admodum
2086 5193 2180 5231 co-

603 5267 778 5336 gnita,
812 5267 856 5320 si
912 5266 1174 5331 volueris,
1215 5265 1426 5343 tacebo.
1485 5267 1648 5339 205
1704 5268 1838 5322 Nam
1902 5278 1960 5322 ut
2012 5270 2179 5324 certis

601 5360 915 5414 rationibus
964 5360 1228 5431 conjicias
1259 5375 1323 5414 ea
1369 5376 1489 5430 qua:
1538 5362 1760 5430 silentio
1813 5364 2178 5430 praetermissa

603 5459 732 5503 sunt
759 5447 939 5517 qualia
972 5450 1083 5502 sitit
1117 5449 1276 5504 facile
1311 5460 1362 5504 te
1382 5462 1764 5505 assecuturum
1795 5463 1950 5520 puto,
1975 5454 2018 5507 si
2055 5469 2179 5523 qure

602 5541 747 5593 dicta
782 5550 907 5593 suttt
943 5539 1114 5610 probe
1152 5540 1417 5604 audieris,
1445 5541 1546 5594 etsi
1576 5541 1879 5610 aSperrima
1909 5553 2036 5595 sunt
2068 5544 2180 5596 Ior-

602 5631 745 5682 sitan
802 5646 924 5700 quze
985 5630 1244 5685 Callistus
1308 5629 1363 5684 in
1417 5631 1866 5686 Cantacuzcnum
1927 5633 2180 5689 invectus

599 5723 956 5779 acerbissime
987 5725 1254 5779 evomuit.

2353 3527 2476 3582 KA'.
2519 3528 2616 3580 "Ev
2671 3523 2863 3595 μὲνδὴ
2917 3520 3078 3576 τοῦτο
3135 3521 3379 3584 σκιωδιῖις
3437 3520 3680 3590 εἰρήσθω
3722 3529 3833 3586 μοι’

2277 3619 2531 3691 δεύτερον
2566 3621 2611 3674 δ’
2637 3620 2720 3673 ὅτι
2771 3621 2866 3672 καὶ
2893 3617 2980 3671 διὰ
3010 3616 3070 3669 τὸ
3103 3614 3444 3684 πολύμοχθόν
3476 3630 3536 3666 τε
3564 3615 3662 3667 καὶ
3693 3611 3836 3664 πολυ-

2279 3710 2506 3780 άσχολον
2537 3711 2606 3762 τὰ
2636 3710 2745 3762 τῶν
2793 3708 3084 3778 βαρϐάρων
3120 3705 3459 3776 στρατόπεδα
3499 3701 3835 3773 διαπεραιοῦ⁶

2282 3803 2410 3856 σθαι
2444 3803 2774 3872 συχνότερον
2804 3800 2939 3872 πρὸς
2971 3798 3243 3870 Εὐρώπην
3270 3800 3333 3850 ἐκ
3364 3796 3625 3859 Βιθυνίας
3647 3797 3835 3862 ἀπηγο-

2284 3895 2545 3965 ρεύκασιν
2581 3893 2702 3964 ἤδη,
2732 3893 2826 3946 καὶ
2863 3892 3052 3945 οὐκέτι
3087 3887 3344 3942 καλοῦντι
3374 3888 3449 3957 τῷ
3476 3887 3694 3958 βασιλεῖ
3714 3885 3835 3938 huc

2281 3987 2605 4056 τακςυζηνῷ
2633 3985 2927 4055 προσέχειν
2959 3984 3171 4052 ἔφασαν
3201 3979 3360 4044 αὖθις
3397 3983 3488 4034 τὸν
3538 3979 3666 4032 νοῦν
3688 3994 3701 4008 ·
3729 3977 3834 4028 ὅθεν

2282 4075 2700 4143 ἀναγκασθέντα
2729 4074 2917 4127 τοῦτον
2945 4072 3177 4138 λογάδας
3231 4071 3443 4122 ἐκεῖθεν
3476 4062 3834 4137 μισθώσασοαί

2280 4186 2341 4221 τε
2384 4169 2477 4220 καὶ
2513 4167 2629 4237 ἅμα
2657 4168 2873 4234 γυναιξί
2897 4186 2953 4220 τε
2986 4167 3080 4221 καὶ
3105 4167 3317 4227 τέκνοις
3344 4165 3426 4225 είς
3459 4162 3728 4231 Εὐρώπην
3752 4173 3830 4224 με·

2281 4263 2582 4328 τενεγκεῖν,
2621 4261 2852 4324 ὁπόσους
2901 4261 3241 4332 ἀποχρήσειν
3285 4258 3462 4323 ἔδοξεν
3513 4259 3598 4320 είς
3651 4251 3835 4308 ἐπιτεί-

2283 4373 2455 4424 χισμα
2487 4356 2581 4408 καὶ
2614 4353 2888 4424 φόϐητρόν
2944 4355 3064 4407 ἀντὶ
3091 4351 3353 4423 Γοργόνος
3383 4350 3550 4420 ἄλλης
3589 4348 3681 4403 τοῦ
3705 4363 3836 4415 γαμ-

2284 4446 2414 4514 ϐροῦ
2459 4446 2850 4513 Παλαιολόγου,
2895 4446 2989 4510 καὶ
3018 4447 3072 4500 si
3099 4462 3184 4508 τις
3213 4444 3408 4514 ἐκείνῳ
3439 4443 3681 4513 βούλοιτο
3715 4457 3836 4510 συμ-

2287 4539 2481 4606 μαχεῖν
2527 4540 2590 4588 ὲκ
2623 4536 2941 4602 Τριϐαλλῶν
2975 4537 3072 4590 καὶ
3103 4535 3324 4606 Μυσῶν.
3373 4535 3484 4587 Καὶ
3523 4531 3718 4592 αὐτοὺς
3743 4528 3836 4582 τῶν

2285 4631 2344 4680 ἐν
2385 4631 2718 4701 Χερρονήσῳ
2746 4626 2953 4682 πόλεων
2985 4627 3246 4690 ὲνοικίζει
3281 4628 3442 4692 τισὶν,
3491 4626 3567 4688 ὡς
3617 4625 3706 4678 καὶ
3732 4618 3836 4674 δοίκ

2283 4722 2398 4784 λοις
2421 4722 2729 4791 διηνεκέσιν
2763 4721 2864 4791 ήδη
2915 4719 3221 4790 κεχρῆσθαι
3253 4719 3566 4772 παντάπασι
3597 4719 3704 4779 τοῖς
3735 4711 3836 4765 ἐκεῖ

2285 4811 2662 4883 ταλαιπώροις
2696 4809 3010 4880 Ῥωμαίοις,
3055 4809 3155 4876 τῆς
3188 4809 3430 4878 ἐφέσεως
3466 4805 3835 4874 συνειληφότσς
3887 4858 3890 4860 ν

2286 4907 2580 4976 ἐπίκουρον
2616 4904 2715 4976 ἤδη
2749 4903 2843 4958 καὶ
2872 4903 2932 4956 τὸ
2969 4903 3064 4956 τοῦ
3117 4902 3383 4973 βασιλέως
3417 4902 3710 4972 ἐνδόσιμον,
3745 4893 3835 4959 ἀφ’

2287 4991 2363 5052 ὧν
2392 4999 2466 5058 ὡς
2494 4996 2551 5062 ἐξ
2578 4997 2924 5067 όρμητηρίου
2955 4996 3142 5048 λοιπὸν
3184 4993 3464 5064 ἀσφαλοῦς
3503 4995 3728 5062 ἐξιόντες
3755 4985 3833 5038 καὶ

2289 5090 2388 5158 τὴν
2413 5088 2540 5158 ἑξῆς
2560 5089 2647 5141 ἀεὶ
2678 5088 2955 5158 ληῒζονταί
2987 5103 3044 5138 τε
3077 5087 3172 5139 καὶ
3196 5085 3582 5140 ὑποποιοῦνται
3613 5084 3830 5152 Θρᾴκηνι

2294 5180 2437 5248 Ἤδη
2467 5180 2522 5232 δὲ
2570 5184 2663 5232 καὶ
2697 5181 2724 5232 ὁ
2765 5179 2859 5232 τοῦ
2904 5179 3176 5249 Ὑρκανοῦ
3212 5180 3338 5241 παῖς
3384 5177 3459 5242 ώς
3506 5180 3585 5239 είς
3634 5176 3756 5229 ίδίαν
3779 5169 3832 5221 ά·

2289 5272 2512 5324 ποικίαν
2537 5272 2629 5323 καὶ
2669 5270 2906 5340 πατρίαν
2939 5271 3044 5339 γῆν
3080 5269 3272 5332 διαϐὰς
3310 5270 3401 5321 τὸν
3441 5269 3828 5337 Ἑλλήσποντον,

2291 5364 2567 5414 συνοικεῖν
2630 5364 2747 5412 ἐκεῖ
2811 5363 2924 5424 τοῖς
2985 5362 3151 5430 ὀλίγῳ
3213 5362 3477 5430 πρότερον
3550 5353 3835 5428 ἐληλυθόσιν

2291 5454 2472 5522 ἔκρινε
2499 5453 2610 5506 δεῖν
2641 5452 2875 5515 ἐκείνοις
2901 5453 3220 5524 βαρϐάροις.
3241 5452 3320 5506 Τὰ
3348 5451 3394 5506 δ’
3423 5452 3548 5522 ἑξῆς
3576 5451 3650 5514 ὡς
3675 5438 3832 5518 ἣκιστ⁹

2286 5543 2460 5612 ἄδηλα
2492 5544 2600 5598 τῶν
2635 5543 2871 5598 συνετῶν
2901 5545 3134 5612 οὐδέσιν,
3168 5547 3216 5599 εί
3260 5544 3471 5615 βούλοιο
3517 5545 3602 5611 σὺ,
3646 5535 3834 5604 σιωπή·

2283 5629 2452 5705 ’σομαι
2477 5652 2490 5666 ⁸
2521 5638 2832 5709 ἀποχρῆναι
2865 5626 2972 5710 γάρ
3014 5637 3170 5710 οἶμαι
3219 5643 3312 5694 καὶ
3361 5640 3460 5712 τὴν
3499 5642 3608 5693 τῶν
3641 5648 3834 5692 σιωπωο

2291 5726 2467 5794 μένων
2502 5729 2832 5798 συμϐάλλειν
2866 5731 3116 5786 ἐντεῦθεν
3167 5732 3429 5803 ποιότητα
3469 5727 3836 5800 λογικωτέρέις
