4046 6290
267 431 368 500 1“7

1223 444 1666 507 ΒΥΖΛΝΤΙΝι-Ιί
1709 451 2090 512 ΠΙδΊῸίιῖιΕ
2138 455 2278 515 LIB.
2323 454 2600 514 XXVIII.

3407 452 3516 516 173'

261 556 535 614 είκασέαις
565 553 748 622 τόν,·γε
779 557 996 608 συνετὸν
1029 559 1325 633 ἀκροατὴν,
1359 565 1404 615 εί
1429 567 1523 617 καὶ
1563 567 1975 637 φρικωδέστςρα
2043 569 2288 638 πέφυκεν
2319 571 2449 630 ἴσως
2491 571 2661 622 ὁπόσα
2719 571 2745 619 ὁ
2816 567 3118 628 Κάλλιστος
3190 567 3507 620 Καντακου-

261 647 428 716 ζηνδν
466 650 824 719 κατατρέχων
865 651 1012 712 ὲς-ιὺ
1045 655 1190 706 πάνυ
1223 659 1562 724 τραχύτατον
1605 656 1958 726 ὲξηρεύξατο.

338 740 446 791 Καὶ
478 740 506 792 δ
541 739 641 810 μὲν
667 740 1074 807 Ἀγαθάγγελος
1107 744 1332 798 τοιαῦτα
1360 745 1530 797 εἰπὼν
1553 747 1649 799 καὶ
1676 747 1839 800 ἀκού-
1871 757 1912 810 Α

264 848 369 892 σας
401 833 501 899 τὴν
565 831 822 884 εἰωθυῖαν
878 834 1283 904 ἐπαλινδρόμει,
1351 836 1527 906 λάθρα
1573 838 1668 890 καὶ
1713 838 1840 891 καθ’

262 925 501 992 ἡσυχίαν
553 923 741 977 οἴκαδε
798 925 999 978 ἀπιών.
1067 927 1176 978 Καὶ
1214 929 1242 980 ὀ
1290 928 1500 996 χειμὼν
1531 929 1590 980 ἐν
1627 930 1838 992 τούτοις

263 1014 420 1066 οὔπω
453 1014 551 1082 μὲν
583 1014 781 1076 τελέως
806 1015 966 1083 ἔληγε
1001 1017 1046 1069 δ’
1079 1014 1192 1070 οὖν.

339 1104 467 1160 κε’.
509 1108 668 1176 Ἀρτι
697 1107 753 1160 δὲ
782 1108 885 1174 τῆς
925 1108 1074 1176 ὧρας
1103 1112 1466 1180 ὲφεστηκυίας
1495 1113 1551 1166 ἐν
1667 1113 1838 1183 ψυχαὶ

267 1203 498 1266 ζωτικαὶ
523 1202 654 1271 πρὸς
676 1191 971 1254 ἀναόίωσιν
996 1203 1174 1272 πᾶσης
1200 1206 1480 1276 ἀνίσχουσι
1514 1208 1638 1276 γῆς,
1671 1208 1838 1276 χλόην

269 1293 620 1360 ἑνδεδυμέναι
651 1294 1004 1362 παντοδαπὴν
1036 1296 1130 1347 καὶ
1164 1299 1528 1362 παντοδαποῖς
1558 1300 1839 1366 περιηνθι-

273 1391 478 1458 σμένην
511 1392 623 1452 τοῖς
656 1389 930 1459 χρώμασι,
978 1391 1243 1460 Ματθαίῳ
1272 1390 1506 1460 διάδημα
1555 1391 1840 1460 περιτίθη-

273 1499 360 1533 σιν
399 1483 862 1550 αὐτοκρατορικδν
893 1483 920 1533 ὁ
949 1485 1137 1550 πατὴρ
1166 1485 1223 1534 ὲν
1245 1482 1324 1552 τῷ
1354 1481 1674 1552 Βλαχερνῶν
1707 1483 1838 1550 θείῳ

267 1572 508 1639 τεμένει,
549 1572 814 1625 Φιλοθὲου
839 1574 932 1625 τοῦ
972 1573 1110 1640 μετὰ
1163 1573 1470 1626 Κάλλιστον
1511 1575 1703 1626 νεωστὶ
1732 1590 1839 1625 πα-

267 1663 534 1731 τριάρχου
563 1664 705 1716 κατὰ
733 1663 796 1716 τὸ
823 1664 992 1717 πάλαι
1046 1665 1390 1735 κεκρατηκὸς
1425 1664 1548 1727 ἔθος
1581 1668 1644 1733 τῇ
1673 1665 1836 1734 χρείᾳ

269 1755 854 1823 καθυπουργήσαντος.
911 1756 1120 1818 Σκοπὸς
1173 1755 1219 1808 δ’
1262 1751 1330 1826 ἢν
1381 1754 1460 1824 τῷ
1489 1755 1594 1825 νέῳ
1639 1757 1838 1823 τουτῳὶ

265 1847 562 1914 διαδήματι
613 1846 755 1900 ὥστε
789 1849 881 1900 τὸν
927 1849 1045 1908 ,υίδν
1084 1847 1373 1918 συνάρχειν
1407 1848 1508 1917 μὲν
1544 1847 1622 1915 τῷ
1669 1847 1838 1912 πατρὶ

264 1937 354 1990 διὰ
388 1936 525 2005 βίου,
564 1938 992 2009 τελευτήσαντος
1045 1939 1092 1991 δ’
1141 1939 1276 2002 ῖσως
1319 1938 1486 1991 αὐτοῦ
1515 1937 1603 1990 διὰ
1661 1937 1837 2004 γῆρας

266 2027 330 2099 [ῐ.
355 2029 458 2082 “2
484 2027 561 2098 v.1
591 2030 752 2099 μόνον
794 2032 856 2084 ὲκ
881 2031 1134 2101 διαδοχῆς
1179 2031 1272 2084 τὸν
1303 2030 1419 2083 υίδν
1446 2031 1840 2098 αὐτοκρατορι-

2019 749 2423 818 Agathangelus
2490 764 2614 801 cum
2679 749 2793 802 lizec
2847 748 3071 802 dixisset
3125 747 3517 812 audissetque,-

1944 841 2026 892 via
2052 855 2158 909 qua
2209 841 2418 894 solebat
2448 842 2585 893 clam
2619 855 2742 894 cum
2792 840 3009 893 silentio
3054 841 3274 893 domum
3321 837 3503 892 rediit.

1942 932 2129 986 lliems
2163 941 2345 985 autem
2387 931 2472 984 his
2513 931 2681 986 rebus
2715 931 2957 985 nondum
3008 931 3167 1000 plane
3216 929 3506 997 absumpta

1939 1033 2045 1078 est.

2011 1113 2176 1168 XXV.
2213 1114 2331 1169 Jam
2379 1125 2621 1181 tempore
2671 1113 2764 1165 illo
2798 1127 2908 1180 quo
2959 1111 3094 1165 vivae
3133 1111 3300 1165 totius
3345 1119 3505 1163 terra:

1941 1206 2136 1259 anima;
2179 1215 2544 1258 renascuntur
2571 1211 2734 1272 atque
2769 1203 3134 1267 revirescunt,
3160 1203 3384 1256 herbam
3417 1202 3506 1254 in-

1940 1298 2087 1352 dutae
2122 1298 2326 1350 variam
2366 1298 2991 1366 variisquedistinctam
3028 1296 3330 1355 coloribus,
3367 1295 3505 1346 Mat-

1943 1391 2082 1444 thaao
2110 1390 2340 1444 liberum
2369 1389 2656 1456 imperium
2681 1390 2830 1442 dedit
2856 1399 3008 1449 pater
3029 1388 3148 1457 ejus
3177 1387 3228 1438 in
3257 1386 3504 1439 Blacher-

1942 1498 2135 1535 narum
2163 1481 2364 1549 templo
2387 1497 2414 1532 a
2441 1480 2729 1534 Philotheo
2771 1483 2862 1548 qui
2911 1490 3029 1549 post
3083 1478 3370 1533 Callistum
3398 1494 3504 1531 nu-

1940 1589 2042 1642 per
2105 1572 2415 1641 patriarcha
2440 1570 2624 1625 factus
2675 1582 2794 1625 erat
2843 1571 2917 1625 ad
2952 1572 3245 1639 antiquum.
3267 1585 3501 1623 morem.

1941 1665 2055 1718 lloc
2086 1679 2285 1717 novum
2319 1677 2544 1731 regnum
2575 1677 2643 1714 eo
2680 1664 2908 1716 nomine
2933 1664 3291 1716 constitutum
3329 1673 3412 1716 est
3448 1671 3506 1716 ut

1943 1756 2085 1809 ﬁlius
2137 1764 2394 1824 regnaret
2445 1769 2551 1806 una
2589 1769 2714 1807 eum
2767 1763 2922 1822 patre
2981 1768 3077 1822 per
3131 1755 3250 1824 ejus
3306 1755 3502 1820 vitam;

1945 1854 2163 1899 mortuo
2205 1854 2386 1897 autem
2433 1859 2499 1897 eo
2532 1845 2601 1896 oh
2636 1852 2974 1914 senectutem
3008 1846 3504 1914 lia‘reditatisjnre

1941 1938 2110 1992 libere
2145 1937 2294 2008 regni
2328 1937 2696 2007 gubernacula
2733 1946 2965 1992 teneret.
3001 1940 3133 1992 Nam
3172 1940 3507 2007 Paltieologus

1941 2048 2109 2101 gener
2132 2039 2277 2084 totus
2309 2032 2362 2082 in
2393 2031 2723 2099 oblivionem
2760 2031 3030 2097 relegatus
3072 2040 3206 2094 erat,
3241 2041 3295 2085 et
3325 2032 3507 2086 aditus

264 2098 378 2182 κῶς
430 2121 502 2172 τὰ
554 2098 657 2190 τῆς
711 2122 991 2191 βασιλείας
1031 2098 1238 2177 διέπειν
1279 2123 1557 2192 σκῆπτρα.
1587 2122 1694 2174 Τοῦ
1727 2122 1831 2190 γὰρ

1938 2121 2004 2174 ad
2037 2120 2335 2173 amicitiam
2367 2128 2421 2172 et
2449 2118 2796 2172 concordiam
2828 2119 2983 2186 plane
3020 2121 3340 2186 praeclusus.

261 2214 528 2283 γαμϐροῦ
567 2215 934 2286 Παλαιολόγου
984 2217 1137 2272 πᾶσα
1193 2217 1548 2272 παντάπασιν
1596 2215 1977 2286 κατεψήφιστο
2008 2214 2168 2283 λήθη,
2204 2215 2300 2266 καὶ
2339 2215 2479 2283 θύρα
2549 2213 2773 2282 φιλικῆς
2833 2216 3082 2282 ὁμονοίας
3143 2215 3341 2278 τελέως
3384 2219 3504 2269 ἐκέ-

265 2311 356 2360 κλε
367 2327 504 2362 tato.
573 2317 579 2326 '

336 2401 482 2469 KG’.
540 2401 775 2475 Ἡμέραι
840 2370 1046 2476 μεταξύ
1107 2407 1504 2480 παρερῤύησαν
1560 2409 1622 2462 οὐ
1686 2408 1832 2478 μάλα

270 2496 481 2564 συχναὶ,
509 2499 602 2549 καὶ
628 2497 909 2562 Ματθαῖος
934 2501 961 2551 ὁ
983 2499 1101 2562 νέος
1133 2501 1318 2552 οὐτοσὶ
1347 2500 1602 2568 βασιλεὺς
1624 2500 1704 2560 είς
1732 2498 1834 2568 τὴν

268 2587 624 2652 ἐγκλείουσαν
679 2589 887 2656 ταύτην
937 2591 1077 2663 ἐμὴν
1134 2593 1446 2660 ἀφικνεῖται
1497 2593 1696 2654 οἰκίαν,
1737 2591 1833 2642 τοῦ

269 2677 480 2746 πατρὸς
513 2677 778 2746 βασιλέως
809 2682 1164 2747 κελεύσαντος
1196 2685 1362 2754 μέσον
1392 2683 1684 2752 γενόμενον
1713 2686 1843 2735 πεῖ--

268 2785 360 2821 σαι
402 2769 641 2838 βαδίζειν
673 2773 820 2842 ἡμᾶς
868 2773 1020 2836 αὖθις
1057 2777 1134 2838 εἰς
1179 2776 1247 2827 τὰ
1282 2776 1530 2844 βασίλεια
1569 2779 1663 2826 καὶ
1698 2775 1836 2827 διδό-

217 2867 228 2873 ·
266 2874 356 2910 ναι
392 2859 494 2928 μὲν
521 2859 618 2923 τὰς
649 2863 903 2948 εἰωθυίας
925 2867 1038 2925 τοῖς
1073 2863 1380 2934 βασιλεῦσιν
1409 2867 1559 2936 ἡμᾶς
1592 2864 1832 2933 ὁμιλίας,

264 2949 688 3019 ἀντιλαμϐάνειν
721 2953 767 3005 δ’
815 2954 1027 3007 ἐκεῖθεν
1080 2955 1282 3026 συχνὰς
1332 2957 1428 3008 καὶ
1461 2957 1714 3016 ποικίλας
1761 2950 1830 3008 αὖ

2013 2403 2201 2459 XXVI.
2243 2405 2369 2459 Dies
2399 2405 2608 2461 interea
2651 2407 2984 2476 pra-terlapsi
3018 2417 3174 2461 erant
3204 2423 3310 2461 non
3347 2409 3501 2475 valde

1938 2497 2258 2560 multi,cum
2288 2496 2574 2552 Mattlneus
2595 2497 2755 2566 205
2778 2499 3074 2568 imperator
3100 2499 3289 2568 jnnior
3313 2500 3363 2552 in
3400 2502 3503 2554 hoc

1936 2589 2201 2644 custodiae
2248 2605 2382 2644 mea:
2453 2589 2794 2644 domicilium
2861 2591 3029 2658 venit,
3079 2600 3135 2645 et
3190 2593 3358 2661 patris
3407 2594 3493 2647 sui

1930 2682 2086 2750 jussu
2139 2679 2533 2736 intercedendo
2581 2692 2636 2736 et
2687 2682 3069 2750 persuadendo
3121 2699 3207 2738 me
3253 2686 3409 2747 adiit,
3445 2695 3504 2740 nt

1938 2785 2129 2824 rursus
2155 2771 2208 2824 in
2243 2773 2447 2842 regiam
2482 2773 2725 2826 venirem
2757 2782 2813 2827 et
2843 2781 3059 2842 recepta
3094 2791 3177 2838 ea,
3207 2792 3312 2844 qua
3342 2787 3500 2830 antea

1937 2876 2284 2917 consuessem
2309 2879 2434 2918 cum
2459 2879 2585 2932 rege
2605 2879 2744 2926 esse,
2763 2866 3180 2932 consuetudine,
3204 2869 3500 2920 multorum

1935 2950 2064 3007 inde
2096 2962 2152 3006 et
2183 2955 2460 3007 variorum
2487 2955 2792 3010 oﬂiciorum
2824 2956 3256 3010 vicissitudinem
3288 2959 3500 3027 recipe-

264 3045 366 3106 τὰς
391 3045 502 3097 τῶν
539 3045 860 3098 ἀντιδόσεων
886 3047 1144 3115 ἀμοιϐάς.
1189 3047 1330 3123 έΔλλ’
1362 3047 1496 3114 ὲ.μοῦ
1528 3047 1627 3118 τὴν
1657 3048 1831 3116 παρά-

1936 3057 2076 3097 rem.
2100 3041 2367 3112 Equidem
2393 3060 2516 3098 cum
2542 3046 2906 3100 hortationem
2938 3047 3080 3100 illam
3109 3049 3218 3118 jam
3243 3049 3311 3102 ali
3343 3049 3503 3102 initio

263 3135 466 3202 κλησιν
501 3139 729 3206 ταυτηνὶ
756 3139 984 3208 μηδαμῆ
1020 3139 1145 3207 μηδ’
1182 3142 1248 3193 ἑκ
1297 3140 1524 3210 πρώτης
1552 3159 1831 3209 προσῃκα-

1935 3131 2202 3186 orationis
2254 3147 2562 3196 aversarer,
2609 3135 2808 3204 lingua)
2855 3135 3138 3190 lenitatem
3180 3138 3271 3192 ille
3317 3140 3501 3193 statim

268 3228 439 3294 μένου
472 3225 673 3293 φωνῆς,
699 3226 797 3297 τήν
842 3227 1090 3300 γλῶτταν
1137 3229 1298 3290 εὐθὺς
1336 3231 1546 3291 ἐκεῖνος
1597 3231 1831 3299 ἑτέρωσε

1938 3223 1994 3275 in
2041 3213 2281 3277 alierum
2313 3237 2526 3294 partem
2559 3227 2814 3292 mutavit,
2848 3237 3014 3294 atque
3047 3247 3062 3283 :
3101 3229 3155 3284 Si
3192 3246 3360 3300 pcaes
3402 3249 3503 3286 nos

266 3318 699 3388 μετερρύθμιζε.
765 3319 892 3382 Καὶ,
933 3338 950 3368 ι
1000 3321 1057 3372 Ei
1120 3320 1224 3390 μὲν
1285 3322 1371 3390 ἐφ’
1405 3325 1536 3390 ἡμῖν
1586 3342 1606 3372 ι
1646 3325 1832 3391 φησὶν,

267 3427 289 3458 ι
323 3404 466 3459 εἶπαι
510 3407 699 3477 λογίζῃ
730 3408 824 3459 τοῦ
873 3408 988 3475 βίου
1040 3413 1107 3462 τὰ
1161 3412 1485 3481 πράγματα,
1538 3415 1631 3464 καὶ
1664 3415 1730 3483 τῇ
1769 3430 1833 3479 γε

264 3501 518 3571 ἡμεοέρα
547 3501 644 3563 τὰς
678 3503 834 3570 ἡνίας
858 3501 1052 3575 γνώμῃ
1072 3504 1332 3573 παρέχεις
1362 3504 1455 3556 τοῦ
1478 3507 1702 3558 τοιῶσδε
1737 3507 1830 3559 καὶ

266 3595 347 3663 μὴ
398 3593 494 3647 καὶ
532 3595 706 3657 ἄλλως
751 3593 1019 3664 κινεῖσθαι
1068 3598 1248 3660 ταυτὶ,
1309 3600 1531 3650 σκοπεῖν
1565 3615 1622 3649 σε
1655 3597 1832 3667 χρεὼν

265 3687 341 3754 μὴ
378 3683 472 3749 καὶ
513 3687 759 3749 σεαυτὸν,
801 3685 920 3752 μεθ’
947 3678 1023 3737 ὧν
1057 3685 1258 3754 ἐτέρων
1291 3685 1516 3748 ἀδικεῖς,
1563 3684 1832 3755 λανθάνῃς

257 3778 468 3844 ὁμοίως
499 3777 659 3840 αὐτὸς
689 3777 911 3842 ἀδικῶν,
953 3777 1046 3830 καὶ
1079 3783 1173 3845 τῆς
1219 3777 1318 3844 σῆς
1355 3777 1583 3840 πολλοὺς
1613 3777 1830 3846 ὁμιλίας

265 3866 407 3933 μετὰ
436 3865 535 3930 τῆς
565 3865 842 3932 συμφυοῦς
894 3866 1216 3934 ἀποστερῶν
1245 3865 1536 3934 ὠφελείας,
1575 3867 1668 3920 καὶ
1699 3883 1832 3918 σαυ-

258 3959 355 4007 tiri
385 3957 543 4018 αὐτὸς
575 3961 748 4026 φανῇς
786 3959 919 4027 ὁμοῦ
949 3958 1183 4028 ζημιῶν,
1224 3959 1382 4028 δόξης
1413 3958 1562 4022 θείας
1589 3959 1702 4026 ἅμα
1733 3959 1831 4011 καὶ

257 4049 614 4118 ἀνθρωπίνης
634 4050 696 4102 ἐκ
725 4066 787 4118 γε
814 4051 909 4103 τοῦ
938 4052 1249 4119 προφανοῦς
1269 4051 1590 4118 ἀποστερῶν
1624 4052 1824 4103 ἐκοντί.

257 4139 346 4189 Τὰ
370 4155 428 4188 τε
453 4138 562 4208 γὰρ
586 4139 720 4214 ἄλλα
751 4139 845 4192 καὶ
870 4140 932 4209 δὴ
964 4143 1054 4191 καὶ
1078 4141 1168 4191 τὸν
1200 4141 1333 4209 ὲμὸν
1356 4140 1467 4207 δρῶ
1499 4140 1710 4208 πατέρα
1733 4143 1828 4192 καὶ

259 4229 509 4297 βασιλέα.
538 4229 636 4282 σύν
679 4247 743 4297 γε
784 4232 949 4299 μητρί
978 4248 1078 4296 μου
1113 4233 1176 4300 τῇ
1210 4230 1464 4299 βασιλίδι,
1494 4230 1632 4299 πρὸς
1673 4229 1831 4282 τοῦτο

254 4321 287 4372 ὃ
331 4322 531 4386 μεταξύ
577 4324 1039 4386 συμπεπτωιίέναι
1099 4321 1470 4391 συμπέπτωκε
1519 4323 1828 4390 μετάμελον

255 4410 486 4475 σχόντας
517 4407 579 4458 οὐ
615 4409 760 4474 μάλα
810 4407 1006 4475 μικρὸν
1042 4409 1163 4461 οὐδὲ
1200 4408 1334 4476 πρὸς
1363 4410 1425 4460 τὸ
1466 4408 1828 4478 περιφρονού-

256 4518 423 4570 μενον
445 4503 798 4571 ὑπορρέοντα.
832 4501 1156 4570 Μέμνηνται
1179 4503 1286 4569 γάρ
1311 4519 1403 4553 σου
1429 4500 1527 4554 σὺν
1557 4501 1822 4568 θαύματι,

1935 3325 2080 3372 esse,
2110 3314 2310 3382 inquit,
2348 3316 2473 3371 vita:
2511 3319 2726 3387 negotia
2759 3328 2918 3386 putas
2946 3331 3000 3374 et
3049 3333 3236 3373 nostro
3270 3323 3502 3376 arbitrio

1935 3405 2025 3459 illa
2053 3407 2275 3476 regendi
2306 3416 2631 3477 potestatem
2677 3410 2954 3474 concedis,
2991 3412 3414 3482 circumspicere
3450 3425 3500 3469 te

1934 3507 2156 3566 Oportet
2197 3515 2267 3554 ne
2306 3511 2504 3568 pneter
2536 3501 2677 3555 alios
2725 3510 2776 3556 te
2815 3518 3033 3572 quoque
3083 3503 3200 3572 ipse
3245 3506 3502 3560 similiter

1934 3587 2138 3643 invitus
2166 3592 2401 3658 crncies,
2440 3593 2532 3646 sed
2576 3603 2637 3648 ut
2666 3593 2936 3663 intelligas
2965 3598 3239 3665 quomodo
3271 3614 3502 3652 consue-

1935 3682 2126 3736 tudine
2154 3692 2243 3736 tua
2268 3699 2392 3737 eum
2419 3685 2652 3741 utilitate
2680 3690 2967 3757 conjuncta
3003 3691 3201 3742 multos
3231 3694 3502 3760 PXSpOIicS

1931 3783 1988 3826 ct
2025 3774 2141 3842 ipse
2176 3785 2226 3828 te
2268 3776 2480 3843 punias,
2514 3794 2639 3831 cum
2683 3780 2772 3831 Dei
2817 3780 2986 3848 gloria
3015 3790 3178 3849 atque
3215 3782 3498 3836 hominum

1931 3882 1996 3921 ex
2029 3875 2222 3935 aperto
2249 3876 2302 3920 te
2340 3877 2536 3935 sponte
2564 3871 2763 3937 prives.
2802 3871 2956 3937 Nam,
2992 3883 3050 3924 ut
3094 3884 3286 3926 czetera
3339 3874 3500 3927 omit-

1933 3967 2065 4021 tam,
2121 3957 2264 4026 patri
2328 3972 2452 4011 meo
2504 3966 2558 4010 et
2609 3959 2768 4011 matri
2831 3960 3034 4028 regina:
3076 3961 3232 4015 video
3279 3978 3343 4015 ex
3409 3962 3497 4015 illa

1932 4062 1992 4101 re
2021 4064 2142 4117 quae
2174 4049 2382 4103 interea
2421 4048 2621 4104 accidit
2668 4047 2911 4101 dolorem
2959 4065 3081 4103 esse
3128 4051 3270 4104 haud
3324 4052 3497 4104 levem

1929 4150 2093 4210 atque
2110 4141 2178 4194 ab
2196 4157 2254 4194 re
2276 4143 2518 4209 neglecta
2541 4141 2802 4195 alienum.
2830 4142 3207 4195 Recordentur
3239 4143 3383 4194 enim
3421 4147 3498 4196 tui

1930 4245 2056 4286 cum
2097 4233 2458 4288 admiratione
2487 4232 2740 4301 quadam,
2787 4248 2888 4286 nec
2938 4234 3210 4287 desistunt
3257 4248 3496 4303 unquam

1930 4324 1986 4376 in
2021 4338 2120 4378 ore
2150 4325 2354 4379 habere
2401 4325 2620 4394 publice
2668 4333 2718 4377 et
2756 4325 3011 4393 privatim
3053 4324 3269 4390 negotia
3305 4334 3394 4378 tua
3443 4334 3498 4379 et

1929 4429 2054 4469 cum
2079 4425 2233 4482 grato
2254 4415 2447 4469 animo.
2467 4416 2707 4472 volvere.
2731 4423 2785 4465 et
2803 4415 3101 4482 praesertim
3128 4415 3233 4468 hoc
3251 4425 3493 4482 tempore

1929 4523 2040 4576 quo
2073 4508 2288 4563 crebris
2315 4517 2372 4562 et
2404 4507 2900 4562 vehementissimis
2931 4523 3115 4562 rerum
3157 4507 3413 4562 ﬂuctibus
3438 4519 3494 4562 et

254 4596 354 4646 καὶ
387 4593 476 4644 διὰ
513 4595 780 4660 στόματος
824 4593 1035 4662 οὐδαμῆ
1066 4592 1432 4644 διαλείπουσι»
1469 4590 1573 4661 ἰδίᾳ
1601 4592 1695 4644 καὶ
1723 4591 1821 4660 δη-

1932 4598 2162 4652 fortuna:
2217 4599 2424 4666 impetu
2481 4599 3022 4653 circumfunduntur.
3078 4600 3194 4653 lluc
3256 4596 3489 4653 similent

185 4717 188 4722 -
255 4686 424 4754 μοσίᾳ
450 4685 636 4752 φέρειν
653 4685 904 4752 ἑκάτεροι
921 4686 988 4736 τὰ
1010 4687 1081 4736 σὰ
1101 4686 1192 4737 καὶ
1215 4684 1604 4737 ἀνακαλεῖσθαι
1631 4686 1820 4752 συχνὰ,
1845 4734 1851 4738 .

256 4777 624 4843 καὶμάλιστα
671 4777 766 4828 νῦν
818 4777 905 4827 ὅτε
960 4779 1172 4845 συχνοῖς
1212 4775 1653 4844 περιαντλεῖσθαι
1685 4793 1824 4845 συμ-

253 4869 433 4920 ϐαίνει
467 4869 666 4937 βιαίοις
701 4870 1046 4937 πραγμάτων
1104 4869 1308 4936 κύμασι
1342 4871 1434 4921 καὶ
1473 4869 1620 4938 σάλῳ
1652 4869 1821 4938 τύχης

253 4959 483 5020 αὐτούς·
514 4960 609 5010 καὶ
659 4953 772 5019 οἷος
809 4961 872 5011 σὺ
917 4960 1224 5026 δεομένους,
1264 4961 1420 5029 είπερ
1456 4962 1595 5024 ποθ’,
1631 4963 1824 5029 ὁμιλη-

250 5050 349 5104 τοῦ
386 5051 520 5118 πρὸς
555 5051 927 5117 παραμυθίαν,
962 5050 1197 5121 ζεφύρου
1259 5058 1425 5120 φάναι
1462 5054 1604 5114 τινος
1633 5054 1822 5123 ἡδονῆς

248 5145 557 5215 αὐτουργοῦ
585 5147 737 5212 ,εκαὶ
785 5149 1040 5216 χορηγεῖν
1096 5149 1654 5217 παρεσκευασμένους
1700 5165 1824 5218 χαι-

250 5235 422 5306 ρούσῃ
452 5235 649 5307 γνώμῃ
677 5237 937 5306 χρήματα
968 5237 1060 5288 καὶ
1095 5237 1252 5302 δόξαν
1291 5240 1388 5289 σὺν
1422 5240 1575 5299 ὅσαις
1612 5239 1820 5308 προσή-

248 5345 408 5380 κουσι
451 5328 727 5393 δεξιώσεις
788 5330 975 5396 τιμαῖς
1027 5329 1370 5381 συνοικοῦσαι
1427 5330 1816 5395 παντοδαπαῖς,

245 5420 342 5472 καὶ
369 5414 482 5473 οἷαι
513 5421 594 5473 σοὶ
617 5421 752 5490 πρὸς
783 5421 1091 5490 βουλήσεως
1124 5419 1232 5473 εἶεν
1260 5421 1344 5474 ἄν.
1371 5423 1448 5473 υύ
1476 5423 1581 5492 γὰρ
1613 5422 1818 5491 ἀνεμέ-

249 5528 413 5579 σητον
450 5511 527 5581 μὴ
557 5514 616 5574 ἐς
644 5513 704 5564 τὸ
731 5513 851 5567 δέον
887 5513 1195 5583 κεχρῆσθαί
1242 5530 1299 5565 σε
1333 5513 1406 5580 τῷ
1434 5514 1626 5567 δέοντι.
1666 5515 1817 5578 Ἐξὸν

248 5605 358 5672 γὰρ
387 5603 730 5673 εὐδαιμονεῖν
761 5613 820 5658 τε
862 5605 958 5658 καὶ
988 5608 1216 5674 χαίρειν,
1264 5607 1329 5658 σὺ
1360 5607 1406 5658 δ’
1445 5607 1728 5678 ἐθελοντὴς
1755 5611 1818 5660 ἀ-

251 5698 444 5766 φανείᾳ.
484 5697 581 5749 καὶ
611 5695 756 5767 λύπῃ
792 5700 1082 5766 συντήκεις
1124 5699 1341 5763 σαυτὸν,
1375 5699 1468 5750 καὶ
1499 5687 1716 5768 οὐδαμῆ.
1752 5717 1815 5767 γε

250 5790 527 5858 ἐρρῶσθαι
587 5789 745 5852 δίδως
795 5793 928 5859 πρὸς
961 5794 1020 5844 τὺ
1044 5795 1212 5862 νῆφον
1242 5788 1398 5853 αὖθις
1434 5792 1520 5844 τὸν
1547 5793 1636 5842 σὶν
1671 5792 1817 5860 λογι-

254 5882 403 5948 σμόν.
429 5882 488 5933 El
510 5881 566 5934 δὲ
586 5880 725 5950 τύχη
755 5884 844 5935 καὶ
871 5884 926 5935 τὸ
957 5885 1260 5951 αὐτόματον
1289 5885 1410 5950 ἄγει
1432 5884 1496 5937 τὰ
1530 5885 1651 5973 καθ’
1671 5887 1816 5948 ἡμᾶς

1930 4689 2093 4758 206
2137 4689 2366 4756 cupiunt
2410 4689 2751 4752 familiarem,
2785 4691 2876 4758 qui
2931 4699 3185 4759 tanquam
3223 4692 3493 4761 zephyros

1928 4779 2031 4831 sibi
2089 4782 2331 4832 animum
2382 4781 2714 4847 permulceat
2756 4791 2808 4835 et
2862 4783 3032 4848 parati
3078 4793 3206 4835 sunt
3248 4782 3314 4835 ad
3365 4799 3494 4852 aug-

1927 4871 2253 4923 mentandas
2289 4887 2421 4938 opes
2449 4887 2571 4924 cum
2604 4875 2883 4940 voluptate
2917 4875 3148 4941 quadam
3175 4883 3229 4927 et
3263 4873 3490 4942 gloriam
3519 4911 3532 4923 .

1915 4961 2181 5014 omnibus
2207 4961 2297 5028 qui
2339 4961 2540 5014 decent
2579 4963 2833 5017 amicitia:
2866 4963 3170 5017 honoribus
3211 4973 3266 5017 et
3297 4965 3389 5032 qui
3425 4983 3489 5019 ex

1927 5054 2204 5107 voluntate
2239 5065 2326 5107 tua
2354 5055 2576 5119 fuerint,
2611 5055 3056 5108 ornandain.Nee
3088 5055 3235 5108 enim
3267 5057 3488 5125 impune

1923 5143 2220 5198 dimittitur
2261 5132 2496 5214 si‘justo
2539 5144 2746 5214 justum
2805 5160 2910 5197 non
2947 5146 3283 5200 adhibueris.
3337 5148 3487 5202 Licet

1926 5237 2023 5290 tihi
2054 5238 2106 5290 in
2131 5237 2388 5291 felicitate
2411 5249 2464 5292 et
2493 5238 2771 5306 voluptate
2798 5237 3002 5289 versari
3028 5255 3040 5300 ;
3069 5247 3124 5290 tu
3154 5253 3284 5292 vero
3341 5241 3486 5294 ultro

1924 5330 2230 5384 calamitate
2266 5339 2572 5384 etmcerore
2610 5339 2661 5385 te
2700 5329 3003 5394 Consumis,
3033 5321 3131 5384 nec
3156 5348 3393 5400 unquam
3416 5334 3490 5387 ad

1923 5421 2377 5489 tranquillitatem
2432 5420 2620 5475 venire
2655 5421 2860 5488 pateris
2890 5429 3129 5474 mentem
3181 5431 3345 5477 tuam.
3385 5423 3482 5476 Sin

1920 5529 2052 5568 vero
2082 5515 2300 5568 fortuna
2339 5522 2394 5567 et
2423 5528 2583 5568 casus
2616 5513 2754 5568 ferat
2789 5529 2877 5568 res
2909 5526 3123 5572 nostras
3151 5527 3206 5572 et
3232 5518 3499 5574 volunta-,

1924 5614 2032 5658 tem
2077 5605 2236 5659 nobis
2265 5618 2388 5658 cum
2420 5604 2700 5659 dominatu
2747 5613 2982 5674 quodam
3019 5609 3267 5676 imponit,
3313 5607 3382 5660 ita
3427 5615 3486 5662 ut

1923 5700 2078 5756 inviti
2114 5704 2177 5754 ad
2210 5701 2479 5770 agendum
2513 5709 2567 5754 et
2611 5702 2930 5770 patiendum
2965 5703 3290 5756 necessitate.
3329 5719 3480 5766 com-

1921 5792 2210 5860 pellantur,
2257 5790 2391 5843 nihil
2436 5803 2687 5858 superest
2718 5794 2862 5861 quod
2908 5793 3154 5858 obiicias.
3205 5791 3314 5844 Nec
3351 5791 3484 5847 lines

1925 5882 2427 5938 necessitudinibus
2458 5883 2852 5938 munitos-sum
2885 5882 3206 5934 turbaturus
3247 5883 3297 5933 in
3332 5882 3481 5935 futu-
