4046 6290
877 309 906 352 ς

561 415 682 486 ⁵ῘἹ9

1761 421 2178 490 ΝιοΕΡΗοιιι
2219 420 2594 509 GnEoon/s
2661 501 2668 504 _

3717 413 3816 478 180

571 555 720 601 rum,
754 537 849 592 sed
890 536 1148 594 Nemesin
1184 540 1483 610 suspiciam
1530 548 1588 596 et
1618 531 1924 596 venerabor
1973 552 2142 596 teme-

2247 507 2336 595 καί
2383 540 2480 610 τὴν
2513 501 2670 612 ἡμῶν
2722 538 2782 606 ἐξ
2825 537 3067 608 ἀφανοῦς
3111 495 3432 608 ἐπιτίθεται.
3461 523 3812 602 τυραννοῦσι

571 633 734 686 ritate
765 639 823 686 ut
853 647 952 702 par
981 641 1066 687 est
1093 633 1328 704 abiecta.
1358 632 1532 689 Velim
1559 641 1762 699 tamen,
1793 634 1879 688 vir
1904 634 2133 703 Optime,

573 740 689 790 ine.
722 725 878 792 plane
931 724 1126 780 doceat
1178 724 1470 794 prudentia
1523 736 1654 790 tua;
1687 724 1892 779 etenim
1939 725 1984 778 si
2038 724 2137 779 hos

573 823 830 882 prmstare
859 814 992 868 mihi
1023 815 1382 884 persuaseris.
1405 831 1491 870 me
1517 831 1628 870 non
1650 816 1976 885 pneveneris
1997 815 2140 870 hanc

574 906 732 960 mihi.
761 920 1012 974 magnam
1059 906 1393 974 voluptatem
1443 907 1758 974 praebendo,
1809 921 1934 961 cum
1983 905 2140 960 brevi

578 1009 821 1067 tempore
847 997 1070 1069 magnas
1092 998 1464 1052 dubitationes
1491 1013 1558 1052 ex
1591 999 1774 1053 animo
1802 1013 1924 1052 meo
1955 1000 2142 1052 detur-

577 1090 724 1144 baris
751 1099 808 1144 et
841 1089 1140 1159 depuleris.
1175 1089 1306 1156 Qua:
1337 1089 1561 1160 quidem
1593 1090 1688 1144 diu
1718 1105 1806 1144 me
1843 1089 2138 1144 vehemen-

576 1192 768 1248 terque
794 1179 1198 1250 deprimebant,
1223 1183 1330 1252 jam
1362 1182 1754 1252 cogitationum
1781 1190 1834 1236 et
1864 1181 2138 1236 rationum

576 1273 988 1328 multitudinem
1004 1273 1058 1327 in
1078 1275 1404 1330 immensum
1425 1281 1625 1344 augent
1642 1282 1697 1328 et
1716 1271 2140 1341 compositiones

577 1375 631 1418 et
657 1364 1036 1432 Oppositiones
1077 1373 1132 1419 et
1176 1365 1568 1434 dispositiones
1597 1380 1782 1420 earum
1817 1363 1951 1418 alias
1981 1364 2140 1418 aliter

579 1455 888 1521 intrudunt,
929 1455 1042 1525 jam
1089 1470 1219 1510 vero
1254 1457 1306 1510 in
1357 1457 1684 1511 immensum
1731 1455 2034 1510 dilacerant
2077 1467 2142 1508 ac

579 1547 902 1617 dirumpunt
953 1547 1188 1601 tristitiae
1219 1547 1399 1616 “207
1461 1545 1928 1617 magnitudinem,
1975 1559 2138 1614 quam

499 1643 502 1646 ’
583 1642 702 1708 ipse
737 1640 874 1695 mibi
907 1640 1032 1695 dedi
1068 1655 1136 1694 eo
1168 1640 1312 1710 quod
1343 1639 1648 1694 nesciebam
1676 1638 1950 1706 quomodo
1977 1647 2030 1691 et
2058 1653 2144 1689 me

581 1740 632 1784 et
669 1730 815 1784 hunc
857 1729 1176 1799 reipublicae
1201 1739 1398 1784 statum
1433 1730 1656 1792 ferrem,
1691 1739 1804 1782 tum
1839 1729 2016 1798 patris
2049 1744 2146 1784 vo-

580 1821 774 1876 luntati
806 1829 1002 1890 sponte
1031 1820 1348 1886 obsecutus,
1377 1829 1492 1875 tum
1527 1837 1636 1877 non
1669 1823 1851 1891 potius
1879 1821 1950 1876 ob
1985 1835 2143 1890 nego-

583 1915 782 1968 tiorum
817 1917 1028 1976 turbas,
1065 1929 1186 1982 quae
1223 1928 1306 1968 me
1355 1913 1802 1969 circumfundunt
1841 1913 2145 1967 circumve-

585 2006 924 2075 hunturque.
945 2005 1232 2060 Nonnulla:
1250 2005 1422 2066 enim.
1443 2006 1552 2060 imo
1569 2019 1759 2060 omnes
1779 2004 2142 2058 Romanorum

582 2093 758 2148 tribus
793 2093 894 2161 ipsi
929 2097 1072 2165 patri
1119 2109 1242 2148 meo
1274 2109 1432 2148 casus
1491 2093 1842 2150 calamitosos
1875 2095 2148 2148 Romano-

582 2201 702 2240 rum
736 2186 1074 2252 attribuunt,
1102 2196 1158 2240 et
1181 2202 1304 2256 quae
1337 2187 1565 2256 patriam
1607 2186 1968 2241 vehementer
2000 2203 2147 2243 nunc

587 2280 873 2334 invadunt.
905 2279 1021 2334 1am
1047 2279 1211 2334 etiam
1255 2281 1309 2334 in
1350 2280 1536 2349 populi
1567 2289 1918 2347 conspectum
1957 2279 2147 2348 opinio

586 2371 678 2424 illa
711 2371 1072 2438 pel-manavit,
1117 2380 1174 2424 et
1216 2385 1406 2424 omnes
1449 2379 1640 2438 gentes
1683 2369 2047 2424 Barbarorn-m
2093 2383 2147 2426 ct

585 2462 838 2515 nationes
887 2461 1004 2514 vias
1057 2469 1114 2515 et
1159 2461 1274 2515 fora
1325 2470 1380 2515 et
1431 2461 1636 2530 plateas
1701 2461 1841 2514 fama
1898 2461 2146 2536 implent,

585 2568 820 2622 eamque
866 2552 1140 2622 adaugent
1189 2553 1486 2622 ignominia
1537 2552 1728 2622 quavis
1779 2553 1984 2607 addita.
2027 2553 2146 2608 Non

587 2651 816 2712 possunt
848 2643 914 2698 de
943 2644 1091 2713 justo
1119 2653 1214 2698 aut
1245 2644 1452 2714 iniusto
1482 2644 1690 2714 aliquid
1729 2645 2000 2715 judicare,
2048 2660 2148 2700 nec

587 2737 769 2790 animo
802 2743 1056 2806 reputant
1105 2735 1270 2791 licere
1317 2736 1460 2806 patri
1500 2751 1622 2790 meo
1667 2736 1738 2790 ob
1775 2751 1966 2792 causas
2011 2753 2149 2806 quas

587 2828 766 2882 sc?unt
792 2841 984 2883 omnes
1013 2827 1201 2882 tollere
1227 2826 1588 2896 Pala’ologum
1615 2827 1778 2882 simul
1801 2843 1924 2882 cum
1955 2838 2146 2894 matre,

587 2920 682 2990 qui
737 2935 986 2974 socerum
1035 2928 1235 2989 praeter
1283 2934 1528 2974 sororem
1577 2935 1751 2974 meam
1810 2919 2038 2976 abduxit
2093 2932 2148 2975 ct

587 3011 748 3066 nobis
777 3011 1086 3080 anteposuit
1129 3009 1278 3084 ﬁliis.
1313 3010 1432 3064 Jam
1465 3027 1598 3066 vero
1637 3012 1949 3081 intelligunt
1995 3013 2146 3068 illum

589 3104 826 3158 insidias
873 3113 1040 3172 atque
1092 3101 1322 3156 artiﬁcia
1367 3103 1527 3158 nobis
1576 3115 1792 3158 struere
1831 3115 1886 3158 ct
1915 3106 1969 3158 in
2018 3105 2146 3159 odio

2242 633 2480 702 θέλησιν,
2535 633 2629 686 καὶ
2675 632 2902 694 ἄκοντες
2953 629 3171 700 δρῶμεν
3227 626 3320 680 καὶ
3377 625 3672 694 πάσχομεν
3724 625 3812 675 ὑπ’

2240 724 2482 791 ἀνάγκης
2511 722 2682 776 ὁπόσα
2701 722 2810 774 τῶν
2836 721 3048 789 ἐκείνης
3074 717 3270 788 ῥοθίων
3291 719 3319 770 ὁ
3351 715 3558 768 κλύδων
3585 715 3811 779 ἐπάγει,

2242 816 2326 868 σοὶ
2363 815 2460 885 μὲν
2501 815 2603 868 οὐκ
2659 813 2912 883 ἐγκαλεῖν
2963 811 3114 864 οὐδὲν
3141 811 3222 862 ἑτι
3275 807 3385 862 οὐδ’
3443 807 3610 876 ὅρους
3645 807 3818 856 κινεῖν

2241 906 2680 974 ὑπεζευγμένους
2705 905 2970 972 ἀνάγκαις
3001 901 3337 976 βουλήσομαι
3367 898 3428 970 [1⁸.
3469 899 3570 950 HS
3609 895 3688 966 r.|
3723 894 3817 946 τοῦ

2240 997 2451 1061 λοιποῦ,
2499 996 2616 1050 ἀλλ’
2665 996 2944 1064 ὐπὸψομαι
2975 995 3068 1048 καὶ
3119 991 3428 1062 φυλάξομαι
3475 990 3578 1059 τὴν
3619 986 3818 1055 Ἀδρὰη

2243 1107 2444 1156 στειαν,
2469 1087 2788 1142 τούντεῦθεν
2813 1087 2888 1149 ὡς
2919 1086 3066 1146 εἰκὸς
3099 1081 3492 1152 ἀφοσιούμενος
3526 1081 3614 1133 τό)
3631 1097 3812 1148 prmi.

2242 1177 2520 1234 Πυθέσθαι
2542 1177 2586 1230 δ’
2609 1172 2703 1230 οὖν
2727 1177 2878 1242 ὅμως
2903 1175 3166 1245 βούλομαι
3183 1173 3316 1241 πρὸς
3345 1173 3441 1240 τῆς
3465 1173 3564 1240 σῆς
3596 1172 3812 1238 σοφίας,

2241 1264 2288 1323 ὣ
2321 1268 2581 1339 βέλτιστε,
2611 1265 2902 1335 τάκριϐές·
2939 1265 2986 1318 εί
3030 1267 3136 1334 γὰρ
3163 1262 3316 1316 τοῦτο
3349 1263 3570 1331 κρατεῖν
3601 1277 3678 1328 με
3699 1259 3821 1310 πεί-

2245 1377 2420 1422 σειας,
2451 1360 2551 1412 οὐκ
2601 1358 2666 1411 ἂν
2699 1357 2924 1426 φθάνοις
2971 1353 3192 1424 βαθεῖάν
3231 1371 3320 1422 μοι
3357 1351 3730 1422 χαριζόμενος
3767 1354 3822 1414 ἠ-

2242 1452 2418 1520 δονὴν,
2470 1451 2686 1520 μακρὰς
2737 1451 2796 1502 ὲν
2833 1448 3028 1518 βραχεῖ
3060 1447 3158 1515 τῆς
3212 1447 3349 1514 ἐμῆς
3391 1443 3823 1510 ἀποσφενδονῶν

2242 1545 2340 1597 καὶ
2375 1541 2768 1612 ἀπορῤαπίζων
2797 1540 2973 1611 ψυχῆς
3002 1539 3255 1606 ἀπορίας,
3288 1535 3344 1588 αἳ
3383 1535 3445 1605 δὴ
3471 1535 3560 1588 διὰ
3597 1535 3822 1604 μακροῦ

2242 1641 2341 1711 τὴν
2374 1642 2473 1712 τῆς
2507 1637 2650 1710 ἐμῆς
2687 1637 2924 1699 διανοίας
2959 1637 3146 1690 ἑστίαν
3202 1633 3450 1704 σφοδρῶς
3496 1632 3824 1700 κατασχοῦ-

2245 1749 2356 1798 σαι,
2397 1731 2493 1784 νῦν
2543 1730 2642 1802 μὲν
2685 1730 2774 1784 ἐπ’
2825 1729 3054 1797 ἄπειρον
3093 1725 3316 1792 αὔξουσι
3357 1725 3482 1788 τοὺς
3512 1725 3628 1776 τῶν
3669 1723 3823 1792 ἐμῶν

2246 1824 2544 1896 φροντίδων
2573 1840 2632 1876 τε
2660 1823 2753 1876 καὶ
2776 1820 3052 1890 λογισμῶν
3081 1817 3486 1886 ἀναριθμήτους
3517 1816 3822 1885 ἀριθμοὺς,

2250 1919 2344 1972 καὶ
2371 1917 2468 1976 τάς
2505 1931 2568 1980 γε
2609 1914 2674 1984 δὴ
2734 1913 3010 1973 συνθέσεις
3057 1927 3118 1964 τε
3167 1927 3201 1963 κ
3239 1911 3259 1962 ὶ
3309 1908 3614 1971 ἀντιθέσεις
3668 1909 3826 1974 σφῶν

2246 2010 2340 2062 καὶ
2367 2006 2632 2068 διαθέσεις
2662 2002 2840 2060 ἄλλοτ’
2867 2003 3042 2066 ἄλλως
3072 1998 3600 2070 παρεισκυκλοῦσαι,
3629 1997 3738 2049 νῦν
3783 1993 3826 2045 δ’

2253 2101 2342 2155 ἐπ’
2375 2081 2608 2170 ἄπειρον
2645 2096 2903 2167 τέμνουσί
2953 2113 3044 2167 μοι
3073 2097 3166 2147 καὶ
3189 2093 3463 2164 διαιροῦσι
3487 2091 3551 2152 τὸ
3579 2089 3824 2160 μέγεθος

2245 2195 2346 2265 τῆς
2363 2193 2686 2262 αὖθαιρὲτου
2703 2190 2904 2260 λύπης,
2923 2191 2987 2260 ἢν
3003 2187 3164 2252 οὗτος
3189 2187 3406 2257 ἐμαυτῷ
3425 2185 3824 2254 κατηγγύησα,

2246 2284 2422 2338 λαθὼν
2439 2285 2537 2336 οὐκ
2551 2278 2644 2336 οἶδ’
2670 2284 2818 2345 ὅπως
2834 2281 3068 2349 ἐμαυτὸν
3085 2281 3177 2346 καὶ
3192 2279 3341 2332 τουτὶ
3353 2278 3411 2330 τὸ
3426 2279 3520 2346 τῆς
3536 2275 3826 2346 βασιλείας

2249 2376 2646 2446 ὑποδεξάμενος
2673 2377 2878 2445 σχῆμα,
2919 2375 3034 2435 πῶς
3083 2375 3184 2441 μὲν
3229 2371 3370 2424 ἑκὼν
3404 2372 3516 2434 τοῖς
3559 2368 3826 2439 πατρίοις

2250 2472 2682 2540 ύποταττόμενος
2715 2470 2923 2530 πόθοις,
2954 2465 3068 2529 πῶς
3109 2466 3153 2519 δ’
3190 2465 3254 2518 ού
3295 2465 3438 2533 μάλα
3467 2461 3610 2516 ἑκὼν
3634 2463 3729 2516 διά
3765 2477 3824 2526 γε

2247 2564 2374 2622 τοὺς
2424 2559 2820 2632 περιρρέον-τάς
2869 2574 2928 2610 τε
2983 2557 3077 2610 καὶ
3125 2555 3634 2625 περιστοιχίζοντας
3685 2551 3824 2612 τέως

2249 2656 2400 2724 ἡμᾶς
2453 2653 2654 2724 κομιδῆ
2707 2652 2986 2714 κυκεῶνας
3044 2647 3403 2718 πραγμάτων,
3458 2647 3532 2708 ὡς
3573 2645 3826 2714 εἴρηται.

2251 2748 2374 2802 Εἰσὶ
2403 2746 2535 2816 γάρ,
2584 2743 2722 2796 είσὶν
2757 2743 2911 2804 ἔνιοι,
2953 2741 3152 2809 μᾶλλον
3203 2738 3246 2790 δ’
3287 2738 3388 2789 οὐκ
3419 2736 3576 2796 ἔνιοι,
3609 2737 3701 2788 ὅτι
3755 2733 3828 2803 μὴ

2249 2840 2390 2908 πλὴν
2420 2836 2578 2889 ἐνίων
2609 2835 2846 2896 ἅπαντες
2885 2831 3172 2902 Ῥωμαίων
3200 2823 3387 2896 δῆμοι,
3430 2826 3478 2878 οἳ
3517 2829 3608 2879 καὶ
3630 2824 3828 2892 τοὺμῷ

2249 2931 2348 2992 τὰς
2371 2927 2550 2990 αἰτίας
2573 2925 2682 2980 τῶν
2711 2923 3036 2993 Ῥωμαϊκῶν
3062 2921 3361 2992 συμφορῶν
3399 2923 3497 2974 ἀνα
3510 2919 3686 2989 ρτῶσι
3725 2935 3828 2970 πα-

2207 3021 2358 3090 ·τρὶ,
2387 3021 2510 3072 ὅσαι
2546 3015 2796 3088 χαλεπῶς
2849 3013 3230 3086 ἀνεῤῥὼγεοαν
3277 3014 3391 3066 νῦν.
3436 3012 3571 3081 Ἵίδη
3613 3011 3682 3062 δὲ
3730 3011 3826 3060 καὶ

2250 3113 2329 3176 είς
2366 3109 2625 3180 δημόσιον
2647 3107 2819 3179 ἐρρύη
2849 3105 3078 3176 θεατρον
3119 3106 3151 3174 ἡ
3200 3104 3524 3174 κατηγορία,
3553 3103 3650 3154 καὶ
3697 3101 3824 3167 ἔθνη

587 3199 899 3266 aequitatem
931 3195 1170 3260 habere;
1203 3206 1332 3251 sunt
1359 3205 1540 3250 autem
1573 3197 1648 3250 illi
1675 3197 1846 3250 dediti
1875 3211 2000 3252 cum
2035 3207 2146 3253 toto

2251 3205 2432 3266 πάντα
2477 3200 2773 3272 βαρϐάρων
2826 3199 2920 3251 καὶ
2962 3198 3108 3268 ,γένη
3159 3199 3393 3250 παντοῖα
3455 3194 3668 3265 μεστάς
3727 3193 3824 3262 μὲν

591 3287 776 3340 animo
805 3300 867 3338 ac
888 3285 1184 3338 voluntate.
1211 3284 1426 3338 Patrem
1453 3300 1632 3338 meum
1665 3277 1868 3339 temere
1891 3285 2146 3352 oderunt,

591 3375 736 3445 quod
769 3374 1092 3428 necessitate
1131 3381 1350 3428 coactus
1380 3373 1446 3427 ad
1477 3374 1738 3428 auxilium
1769 3374 1984 3428 vocavit
2017 3373 2146 3428 Bar-

593 3466 778 3532 baros,
823 3481 923 3536 per
953 3479 1216 3534 generum
1251 3463 1608 3536 alienigenam
1652 3475 1707 3521 et
1759 3467 2048 3520 honestum
2092 3482 2150 3522 se

592 3558 918 3612 defensurus
948 3557 1015 3612 ab
1050 3572 1250 3628 genero
1283 3553 1538 3627 indigena
1567 3566 1732 3628 atque
1761 3559 2070 3619 inhonesto,
2096 3567 2152 3612 et

594 3649 736 3716 quod
765 3647 835 3701 ob
865 3647 1163 3717 nequitiam
1207 3655 1262 3700 et
1293 3649 1488 3701 malam
1521 3649 1860 3704 voluntatem
1895 3649 2041 3704 cives
2071 3651 2152 3704 in—

593 3739 750 3792 vasit.
795 3738 962 3812 208
995 3737 1109 3794 Hoc
1140 3754 1269 3793 vero
1299 3739 1461 3792 modo
1488 3738 1726 3793 divinam
1762 3754 1820 3795 se
1859 3741 2152 3794 Providen-

593 3832 720 3884 tiam
753 3827 945 3886 tollere
983 3830 1252 3884 nesciunt.
1281 3828 1472 3884 Omnia
1501 3830 1645 3884 enim
1675 3845 1706 3885 a
1747 3830 1857 3884 Deo
1887 3831 2149 3900 pendent,

590 3921 677 3975 cui
709 3923 888 3976 omnis
917 3922 1054 3977 fides
1084 3921 1336 3977 habenda
1359 3931 1661 3992 est,neque
1691 3923 1801 3978 ullo
1828 3927 1988 3977 modo
2014 3923 2154 3978 divi-

591 4029 662 4067 na
689 4013 1032 4081 providentia
1062 4021 1240 4082 potest
1261 4013 1394 4068 falli.
1424 4014 1745 4069 Necessario
1772 4015 2148 4084 consequitur,

590 4105 858 4176 quidquid
884 4105 1074 4159 divina
1098 4103 1454 4160 Providentia
1476 4101 1868 4175 prmcognitti'm
1890 4115 1994 4160 est.
2017 4105 2151 4170 Qui—

589 4200 692 4253 bus
711 4214 818 4253 non
845 4207 990 4251 tanta
1009 4197 1179 4267 gloria
1197 4197 1448 4267 contigit,
1467 4212 1560 4252 eos
1578 4197 1734 4252 facile
1758 4211 1948 4251 omnes
1974 4196 2028 4249 in
2053 4197 2152 4252 de-

592 4291 682 4342 lilii
703 4301 759 4344 et
783 4305 917 4360 vaga
941 4289 1113 4358 gloria
1136 4303 1337 4359 ponere
1355 4289 1552 4342 divina:
1575 4288 1938 4346 Pr0videnti£
1958 4289 2154 4344 funda-

591 4391 772 4434 nasuta
803 4395 910 4435 non
943 4391 1072 4450 puto
1105 4381 1158 4433 in
1195 4381 1262 4435 iis
1287 4381 1451 4435 rebus
1475 4396 1596 4449 quae
1627 4397 1722 4450 per
1751 4395 1910 4435 omne
1941 4391 2152 4448 tempus

591 4473 924 4541 proveniunt
987 4472 1419 4542 provenientque
1470 4473 1684 4526 sublato
1739 4473 1898 4526 firmo
1952 4473 2146 4547 fulcro.

2251 3295 2469 3364 ἀγυιὰς,
2515 3294 2722 3365 μεστὰς
2748 3291 2792 3344 δ’
2825 3291 3028 3361 ἀγορὰς
3071 3293 3165 3344 καὶ
3198 3291 3457 3348 mutata;
3483 3289 3582 3352 τῆς
3624 3289 3824 3357 φήμης

2249 3386 2520 3452 ποιοῦσιν,
2565 3382 3003 3456 ὲπιρῤωννύντες
3035 3383 3206 3453 αὐτὴν
3231 3383 3318 3436 ἀεὶ
3349 3383 3443 3436 καὶ
3467 3383 3646 3435 πᾶσαν
3683 3381 3826 3434 smi-

2249 3501 2440 3553 γοντες
2495 3480 2784 3547 λοιδορίαν,
2831 3478 3040 3532 δικαίου
3091 3479 3219 3547 πέρι
3261 3480 3374 3532 ,καὶ
3411 3478 3596 3530 ἀδίκου
3654 3477 3826 3544 μηδὲν

2251 3567 2528 3634 ἐξετάζειν
2557 3568 2780 3632 εἰδότες,
2816 3566 2938 3636 μηδ’
2969 3568 3048 3630 είς
3087 3567 3212 3620 νοῦν
3243 3567 3566 3634 βαλλόμενοι
3600 3567 3679 3628 ὡς
3707 3566 3824 3628 ἐξὸν

2251 3661 2330 3732 τῷ
2372 3661 2539 3731 πατρί
2591 3677 2716 3729 μου,
2750 3659 2818 3712 δι’
2863 3658 2928 3721 ἃς
2972 3657 3210 3720 ἅπαντες
3242 3658 3423 3728 ἴσασιν
3465 3657 3666 3718 αἰτίας,
3719 3659 3822 3709 Πα-

2251 3752 2529 3818 λαιολόγον
2573 3749 2736 3803 αὑτὸν
2774 3750 2986 3804 ἀνελεῖν
3029 3750 3167 3819 ὁμοῦ
3199 3753 3264 3821 τῇ
3314 3752 3509 3818 μητρὶ,
3559 3750 3586 3800 ὁ
3633 3750 3693 3801 δὲ
3731 3749 3822 3799 καὶ

2253 3843 2500 3915 γαμϐρὸν
2529 3841 2624 3895 ἐπὶ
2649 3845 2713 3913 τῇ
2746 3844 2852 3912 ἐμῇ
2884 3841 3252 3913 προσείληψεν
3283 3841 3484 3910 ἀδελφῇ
3525 3841 3620 3894 καὶ
3660 3841 3818 3910 ἡμῶν

2253 3935 2628 4008 προτετίμηκε
2649 3936 2760 3989 τῶν
2787 3936 2972 3990 υίὲων.
3012 3935 3127 3988 Νῦν
3156 3936 3198 3988 δ’
3251 3933 3672 3986 ἐπιϐουλεύοντα
3706 3935 3822 4002 βλέ-

2253 4043 2448 4093 ποντες
2485 4031 2694 4083 ἐκεῖνον
2741 4028 2836 4082 καὶ
2876 4031 3060 4084 πᾶσαν
3103 4029 3352 4097 μηχανὴν
3403 4028 3657 4080 κινοῦντα
3697 4025 3818 4079 καθ’

2256 4123 2434 4192 ἡμῶν,
2469 4121 2562 4174 καὶ
2600 4122 2718 4174 δέον
2759 4121 2956 4188 μισεῖν,
2991 4120 3038 4172 οἱ
3079 4119 3124 4172 δ’
3153 4119 3346 4188 ἐκείνῳ
3383 4120 3482 4187 μὲν
3508 4121 3820 4190 προστίθεν·

2253 4231 2344 4266 ται
2398 4215 2548 4284 πάσῃ
2585 4212 2808 4282 γλώσσῃ
2857 4229 2918 4263 τε
2951 4211 3044 4264 καὶ
3082 4203 3416 4280 γνώμῃ,’τὸν
3442 4211 3484 4262 δ’
3511 4211 3642 4279 ἐμὸν
3667 4210 3820 4278 ἀκρί-

2252 4321 2358 4367 τως
2379 4303 2844 4374 μισοῦσιπατέρα,
2871 4303 2947 4354 ὅτ’
2979 4299 3418 4370 ἀναγκαζόμενος
3444 4304 3525 4364 εἰς
3555 4301 3814 4370 βοήθειαν

2263 4393 2656 4462 προσκαλεῖται
2681 4393 3008 4462 βαρϐάρους,
3040 4391 3378 4461 ἀμυνόμενος
3431 4391 3518 4442 διὰ
3565 4389 3818 4459 γαμϐροῦ

2255 4485 2503 4555 γαμϐρὸν
2520 4483 2818 4552 ἀλλοφύλου
2835 4483 2931 4550 μὲν
2945 4482 3577 4552 ὁμόφυλονβύΫνώμονος
3589 4482 3634 4534 δ’
3649 4481 3820 4548 ἀγνώ-

591 4563 776 4632 Neque
815 4561 960 4618 enim
994 4579 1114 4630 qua:
1161 4578 1268 4624 non
1319 4574 1546 4632 possunt
1587 4566 1897 4620 necessario
1929 4567 2146 4620 evenire

2262 4595 2418 4647 μονα,
2453 4577 2546 4630 καὶ
2577 4576 2692 4645 ἅμα
2721 4575 2956 4639 ἐπεξιὼν
2985 4575 3272 4636 κακονοίας
3299 4578 3390 4628 καὶ
3423 4575 3685 4638 ἀϐουλίας
3711 4577 3820 4634 τοῖς

589 4655 749 4722 plane
791 4653 972 4723 qualia
1007 4663 1192 4722 postea
1227 4665 1410 4720 erunt,
1456 4655 1574 4710 lta‘c
1617 4671 1740 4710 cum
1787 4657 2000 4712 inﬁnita
2043 4658 2154 4711 sint

588 4744 964 4799 verisimiliter
993 4744 1158 4798 etiam
1193 4755 1317 4800 ante
1352 4749 1604 4816 cognosci
1633 4764 1868 4816 unquam
1903 4757 2148 4818 possunt.

589 4835 668 4890 Ita
715 4837 900 4890 omnia
947 4850 1228 4890 sacrorum
1263 4837 1654 4906 prophetarum
1681 4839 1824 4893 dicta
1857 4855 1992 4894 vana
2024 4849 2153 4894 sunt

585 4935 681 4980 aut
731 4929 778 4982 si
829 4928 920 4998 qui
972 4927 1214 4983 Dodonae
1263 4939 1362 4984 aut
1397 4930 1464 4984 ad
1515 4931 1834 5000 Delphicum
1880 4931 2150 5000 tripodem

584 5027 740 5073 erant
772 5020 866 5088 qui
903 5020 1320 5075 consulentibus
1363 5021 1546 5076 futura
1583 5022 1982 5090 praedicabant,
2025 5039 2149 5078 cum

586 5110 832 5166 infinitas
864 5112 1108 5166 scientiae
1143 5112 1344 5168 ﬁnibus
1392 5114 1767 5168 circumscribi
1812 5131 1920 5169 non
1956 5116 2148 5184 possit.

521 5203 524 5206 ’
585 5204 770 5270 Itaque
801 5205 852 5257 iu
900 5203 1018 5273 ipsa
1069 5205 1426 5261 obtrectanda
1457 5205 1640 5259 divina
1677 5205 2020 5260 Providentia
2050 5207 2146 5259 de-

586 5296 1024 5356 prehenduntur.
1055 5297 1121 5353 Et
1165 5299 1412 5368 ineptum
1463 5306 1730 5367 quantum
1777 5305 1831 5351 ct
1883 5297 2042 5366 quale
2079 5297 2150 5352 sit

586 5389 724 5441 hanl
782 5389 1010 5443 multum
1067 5390 1242 5456 abest,
1297 5389 1428 5459 quin
1483 5388 1770 5458 imperitus
1813 5389 2047 5458 quisque
2096 5397 2150 5440 et

583 5479 738 5532 rudis
781 5489 945 5550 atque
993 5481 1225 5550 agreStis
1253 5481 1416 5550 plane
1454 5479 1739 5550 intelligat.
1777 5479 1880 5546 Qui
1916 5494 2039 5534 cum
2075 5479 2148 5532 ita

583 5571 646 5622 ad
678 5573 970 5627 inusitatos
997 5573 1134 5627 fines
1158 5589 1427 5643 rupesque
1451 5585 1596 5628 esset
1621 5573 1882 5642 depulsus
1909 5571 2148 5644 perfacili

581 5678 711 5716 sane
770 5665 953 5719 animo
1009 5665 1200 5720 fuisset
1249 5665 1294 5720 si
1354 5679 1462 5718 non
1525 5664 1871 5735 infragililtus
1929 5672 2148 5732 putaret

581 5757 1008 5813 necessitatibus
1037 5757 1254 5812 vinctos
1279 5773 1460 5811 rerum
1497 5759 1898 5828 praeteritarum
1939 5755 2148 5809 futura-

585 5861 812 5916 rumque
841 5861 1073 5906 eventus
1108 5849 1426 5916 procedere,
1459 5860 1514 5906 et
1545 5849 1746 5920 cuique
1783 5847 1989 5903 homini
2024 5847 2146 5902 inti-

2257 4669 2545 4739 ὑπηκόοις.
2585 4669 2698 4721 Καὶ
2735 4667 2870 4734 τῷδε
2899 4667 2978 4738 τῷ
3008 4668 3194 4736 τρόπῳ
3219 4667 3320 4735 τὴν
3352 4667 3503 4719 θείαν
3539 4666 3820 4736 ἀναιροῦν-

2253 4775 2344 4820 τες
2364 4758 2464 4810 οὐκ
2491 4755 2640 4810 ἴσασι
2669 4755 2952 4824 πρόνοιαν,
2983 4755 3077 4808 καὶ
3097 4753 3197 4824 τὴν
3221 4755 3690 4824 ἐπιπορευομὲνην
3713 4756 3818 4813 τοῖς

2254 4848 2575 4916 πράγμασιν
2601 4843 2920 4905 ἀθετοῦντες
2954 4843 3204 4912 ἀνάγκην
3241 4843 3340 4911 τῆς
3370 4842 3560 4911 τύχης.
3595 4843 3818 4895 Πάντων

2254 4942 2362 5008 γάρ
2393 4939 2467 5002 ὡς
2497 4937 2642 4999 είκδς
2673 4935 3152 5006 προεγνωσμένων
3181 4934 3320 5003 Θεῷ,
3353 4936 3448 4987 καὶ
3487 4935 3624 4986 πᾶσι
3658 4951 3816 4992 πεπιέ

2255 5031 2554 5097 στευμένου
2609 5028 2774 5097 μήπω
2817 5025 2878 5096 μ’.
2921 5027 3022 5080 115
3157 5025 3345 5096 μηδενί
3379 5041 3454 5094 τῳ
3505 5025 3695 5094 τρόπῳ
3725 5025 3815 5092 τὴν

2254 5117 2405 5170 θείαν
2451 5116 2653 5182 ἐξεῖναι
2704 5113 3432 5186 διαψευσθῆναιεπρόνοιαν,
3483 5111 3542 5176 ἐξ
3574 5113 3814 5182 ἀνάγκης

2221 5229 2224 5232 '
2253 5208 2544 5264 ἀκολουθεί
2575 5209 2669 5259 καὶ
2699 5209 2807 5268 πᾶν
2836 5206 2900 5259 τὸ
2933 5208 2997 5275 τῇ
3038 5207 3164 5276 θείᾳ.
3209 5205 3655 5276 προεγνωσμένων
3695 5221 3815 5272 προ-

2253 5301 2372 5370 νοίᾳ
2407 5299 2785 5368 πεπράξεσθαι
2819 5299 2958 5352 καθα
2981 5299 3075 5351 καὶ
3106 5301 3508 5368 προέγνωσται.
3541 5293 3636 5362 Οἷς
3658 5298 3700 5350 δ’
3723 5300 3816 5366 οὐχ

2251 5387 2393 5444 οὕτω
2425 5389 2583 5458 δόξης
2616 5391 2760 5459 ἔχειν
2797 5391 3110 5457 συμϐαίνει,
3141 5391 3240 5442 οὐκ
3269 5388 3333 5442 ἂν
3383 5388 3639 5458 φθάνοιεν
3673 5385 3814 5442 οῦτοι

2253 5482 2453 5544 πάντες
2477 5483 2566 5534 ἐπ’
2609 5481 2866 5534 ἀϐεϐαίου
2903 5483 2997 5534 καὶ
3029 5483 3392 5549 πλανωμένης
3427 5479 3705 5550 τιθέμενοι
3733 5481 3814 5532 δό-

2253 5574 2370 5642 ξης,
2399 5575 2472 5638 ὼς
2499 5575 2672 5642 ἔγωγε
2697 5571 2872 5646 οῐμαι,
2899 5577 3027 5638 τοὺς
3058 5575 3156 5644 τῆς
3185 5575 3334 5634 θείας
3369 5575 3652 5644 θεμελίους
3686 5590 3814 5642 προο

2251 5667 2420 5730 νοίας,
2455 5667 2538 5736 ἐφ’
2583 5669 2683 5720 ὅσα
2713 5669 2804 5722 τὸν
2844 5668 3042 5725 πάντα,
3074 5667 3264 5736 χρόνον
3309 5668 3588 5740 προϐαίνει
3629 5685 3688 5718 τε
3723 5664 3813 5718 καὶ

2252 5757 2590 5829 προϐήσεται
2619 5761 2714 5812 τυῡ
2741 5759 3130 5829 βεϐαιώσοντος
3158 5759 3256 5811 οὐκ
3283 5758 3434 5834 ὗντος
3465 5758 3807 5828 ἐρείσματος.

2251 5847 2348 5914 Οἷς
2374 5853 2480 5924 γὰρ
2533 5853 2632 5907 οὐκ
2670 5853 2818 5906 ἐστιν
2873 5850 2930 5918 ἐξ
2959 5851 3205 5922 ἀνάγκης
3251 5851 3476 5920 βεϐαίαν
3508 5851 3805 5921 κεκτῆσθαι
3879 5891 3884 5896 .
