4046 6290
311 335 408 400 181

1251 353 1687 414 ΒΥΖΑΝΤΙΝίΕ
1729 357 2108 420 HISTORH“.
2146 363 2283 422 LIB.
2323 364 2598 423 XXVIII.

3447 376 3547 432 182

289 453 410 516 τὴν
433 452 678 509 ἔκϐασιν
717 458 875 511 ὁποῖά
908 462 1026 514 ποτ’
1056 463 1123 516 ἀν
1157 465 1264 534 εἴη,
1307 466 1464 519 ταῦτ’
1494 469 1719 538 ἀόριστα
1751 471 1878 525 ὄντα

1985 475 2115 529 nilis
2148 476 2382 531 fortunis
2413 477 2642 530 servire.
2663 475 2794 541 Quae
2823 491 2944 531 cum
2978 477 3048 530 ita
3077 477 3205 535 sint.
3239 487 3292 530 ct
3311 463 3372 531 id
3404 483 3550 548 quod

303 546 535 610 εἰκότως
559 548 625 602 ἂν
656 550 777 604 οὐδὲ
796 555 1272 622 προγινώσκεσθαι
1298 559 1551 631 δυνηθείη
1585 565 1734 618 ποτέ.
1775 567 1879 619 Καὶ

304 639 514 700 πάντες
547 641 710 705 εὐθὺς
767 645 862 697 καὶ
909 647 1212 718 συλλήϐδην
1265 653 1440 704 εἰπεῖν
1497 652 1877 724 διαϐέϐληνται

302 728 457 794 λόγοι
509 735 806 801 προφητῶν
837 738 1020 807 ιερῶν,
1057 741 1151 793 καὶ
1187 744 1241 795 εί
1267 760 1414 808 τινες
1445 741 1555 798 εἷεν
1591 748 1652 800 ὲκ
1694 750 1882 802 Δωδώ-

302 839 406 890 νης
432 825 548 891 ἅμα
593 826 688 878 καὶ
720 829 987 896 Δελφικοῦ
1022 833 1278 901 τρίποδος
1326 839 1436 899 τοῖς
1479 838 1877 906 φιλοπευστοῦ-

310 931 399 965 σιν
447 917 737 972 όπωσποτὲ
784 923 894 975 τῶν
938 925 1368 997 ἀποϐησομένων
1405 931 1530 1002 πέρι
1577 933 1876 1004 προθεσπί-

306 1007 517 1076 ζοντες,
539 1013 748 1084 οὐδαμῆ
782 1019 881 1084 τῆς
907 1017 1192 1088 ἀοριστίας
1223 1023 1448 1094 ἐχούσης
1481 1027 1628 1094 ὅροις
1653 1028 1878 1098 ἐπιστή-

311 1116 423 1165 μης
441 1102 946 1167 ἑγκλείεσθαι.νΚαὶ
963 1108 1135 1174 οὕτως
1163 1113 1251 1164 ἐπ’
1279 1116 1585 1186 αὐτοφώρῳ
1603 1118 1703 1187 τὴν
1728 1119 1876 1172 θείαν

307 1188 625 1245 ἁλίσκονται
665 1192 1044 1260 διαῦάλλοντες
1098 1203 1356 1270 πρόνοιαν
1380 1222 1394 1237 ·
1449 1209 1542 1259 καὶ
1585 1209 1646 1259 τὸ
1675 1207 1878 1262 ἀτοπον

305 1283 509 1335 ὁπόσον
541 1282 810 1347 καὶιοῖον.
856 1290 1050 1344 πολλοῦ
1101 1294 1203 1362 μέν
1253 1296 1298 1347 τ’
1329 1297 1393 1349 ἂν
1425 1297 1636 1367 δεήσειε
1680 1301 1754 1369 μὴ
1785 1305 1877 1354 καὶ

301 1373 416 1425 τῶν
451 1376 830 1448 ἀφελεστέρων
860 1384 968 1444 πᾶς
1018 1401 1118 1446 τις,
1155 1389 1247 1438 καὶ
1277 1387 1329 1438 εί
1357 1404 1440 1450 τις
1482 1391 1565 1459 εἴη
1598 1391 1704 1443 τῶν
1735 1392 1873 1444 πάνυ

305 1463 593 1530 βαναύσων
638 1471 727 1522 καὶ
774 1473 1071 1541 ἀγοραίων,
1106 1479 1294 1545 σαφῶς
1335 1480 1560 1536 ἐννοεῖν.
1592 1483 1796 1536 Τούτου
1831 1485 1878 1538 δ’

300 1557 510 1609 οὑτωσὶ
567 1560 703 1630 πρὸς
740 1564 976 1629 ἀτόπους
1023 1570 1279 1638 ἐσχατιάς
1326 1587 1382 1624 τε
1435 1577 1529 1626 καὶ
1583 1575 1877 1645 φάραγγας

304 1647 612 1717 ἐωσμένου»,
642 1653 814 1724 πολλή
848 1657 913 1708 ἂν
946 1659 1031 1727 εἴη
1064 1661 1308 1731 ῥᾳθυμία
1354 1665 1430 1735 μὴ
1465 1662 1764 1737 ἀρρήκτοις
1790 1685 1876 1720 νο-

306 1737 492 1804 μίζειν
528 1742 791 1812 ἀνάγκαις
821 1747 1076 1818 δεσμίους
1099 1755 1197 1817 τὰς
1228 1756 1334 1807 τῶν
1363 1759 1664 1826 γινομένων
1691 1778 1749 1812 τε
1781 1762 1876 1813 καὶ

302 1830 395 1882 ἀεὶ
423 1837 804 1905 γενησομένων
841 1817 1097 1906 ἐκϐάσεις
1132 1817 1464 1914 πορεύεσθαί
1486 1817 1676 1904 τεκαὶ
1709 1854 1876 1904 ἀτεκ·
1909 1817 1947 1873 Β

305 1921 543 1990 μάρτοις
592 1926 862 1997 ἀνθρώπῳ
897 1933 1060 1984 παντὶ
1111 1934 1384 1990 δουλεύειν
1431 1938 1646 2009 τύχαις.
1684 1941 1745 1993 Εἰ
1785 1938 1878 1994 οὖν

298 2010 451 2064 οὕτω
488 2013 776 2070 ταῦτακαὶ
805 2020 864 2071 τὸ
904 2023 989 2089 ἐφ’
1026 2025 1162 2091 ἡμῖν
1201 2027 1263 2079 ὲκ
1305 2028 1468 2097 μέσου
1497 2029 1879 2100 χωροῠνπρδς

300 2103 585 2168 ἑὸύσσους
627 2109 874 2163 κάτεισιν
911 2105 1253 2184 ἀνυπαρξίας
1304 2119 1611 2187 πυθμένας,
1654 2122 1737 2184 τίς
1778 2140 1881 2192 μγ,-

298 2196 445 2264 χανὴ
474 2196 564 2249 τὸν
589 2199 722 2268 ἐμὸν
752 2202 1103 2273 ἐξαιρήσεται
1135 2211 1347 2277 πατέρα
1382 2211 1457 2278 μὴ
1491 2211 1622 2282 δρᾷν
1647 2215 1715 2264 τὰ
1742 2216 1879 2282 πρὸς

297 2285 404 2350 τῆς
439 2287 744 2354 ἀναγκαίας
802 2293 1159 2364 κεκλωσμένα
1210 2298 1400 2369 τύχης,
1435 2301 1527 2354 καὶ
1581 2301 1720 2355 οὕτω
1772 2304 1872 2372 μὲν

297 2374 629 2444 ιῷισμένως
667 2387 1099 2453 προεγνωσμένα
1140 2388 1278 2458 Θεῷ,
1327 2390 1468 2441 οὕτω
1511 2391 1556 2443 δ’
1588 2393 1661 2453 ὡς
1707 2409 1872 2458 προε-

301 2468 550 2531 γνῶσθαι.
578 2475 946 2540 συμπέπτωκε
989 2480 1245 2549 γινόμενα
1287 2485 1352 2551 τῇ
1380 2485 1622 2552 προνοίᾳ,
1655 2483 1799 2537 οὕτω
1827 2485 1870 2536 δ’

301 2559 373 2611 οὗ
404 2565 783 2632 γινωσκόμενα
825 2570 1076 2641 καθάπερ
1133 2571 1363 2641 ῶρισταί
1402 2593 1458 2628 τε
1489 2578 1584 2628 καὶ
1625 2575 1871 2641 γίνεσθαι

303 2655 524 2721 πέφυκε
572 2661 709 2728 πρὸς
738 2663 836 2730 τῆς
894 2665 1005 2716 ἂνω
1055 2668 1333 2736 προνοίας,
1373 2670 1565 2721 ταυτὸν
1612 2671 1656 2722 δ’
1696 2672 1869 2722 εἰπεῖν

303 2754 404 2817 τῆς
437 2753 744 2821 ἀναγκαίας
774 2759 1017 2824 ἀγόμενα
1053 2758 1238 2829 τύχης.
1276 2762 1592 2829 Αὐτόματον
1623 2761 1730 2830 γὰρ
1777 2759 1872 2811 καὶ

1983 568 2128 637 apud
2162 580 2277 622 “nos
2312 584 2341 623 e
2380 563 2543 638 209
2583 571 2761 622 medio
2813 569 3062 638 procedit
3109 574 3174 622 ad
3225 569 3548 638 profundam

1982 658 2141 713 abeat
2204 659 2596 713 incxsistcnliaa
2654 660 3023 721 altitudinem.
3088 659 3222 728 quid
3288 659 3550 730 impediet

1981 763 2190 820 patrem
2243 767 2444 812 meum,
2487 751 2619 820 quin
2650 751 2813 806 faciat
2861 767 2923 805 ea
2953 767 3072 821 quae
3100 751 3332 805 furtunae
3363 735 3564 806 neces-l

1981 844 2144 897 sitate
2191 843 2458 897 destinata
2496 851 2643 896 sunt.
2685 843 2757 896 Ita
2797 858 2826 896 a
2857 843 2967 896 Deo
3014 844 3171 912 plane
3215 847 3546 913 prrccognita

1942 977 1944 980 .
1982 939 2129 996 sunt,
2150 939 2204 984 et
2225 931 2405 999 qualia
2436 932 2790 1000 providenti:e
2811 948 2869 986 se
2891 937 3211 994 ostendunt,
3237 935 3361 987 talia
3388 925 3546 999 fiunt,

1981 1022 2440 1090 quemadmodum
2469 1023 2740 1077 destinata
2763 1032 2910 1086 sunt,
2932 1035 2986 1077 et
3013 1034 3336 1088 nascuntur,
3362 1025 3547 1078 divina

1983 1109 2332 1164 Providentia
2367 1111 2480 1164 sive
2509 1109 2741 1165 fortuna:
2775 1112 3101 1165 nea'ssitate
3133 1113 3320 1166 ducta.
3343 1111 3544 1167 Casum

1980 1199 2125 1251 enim
2168 1207 2223 1252 et
2271 1198 2546 1252 fortunam
2589 1201 2862 1253 nominari
2904 1202 3084 1255 audivi
3125 1200 3362 1255 divinam
3398 1201 3546 1256 illam

1981 1291 2409 1353 Providentiam,
2444 1291 2594 1346 nullo
2616 1293 3026 1347 contradicente
3050 1309 3161 1346 non
3185 1293 3374 1348 solum
3402 1295 3544 1362 apud

1978 1380 2289 1434 Graecorum
2321 1381 2695 1450 philosophos,
2722 1396 2912 1435 verum
2941 1385 3106 1435 etiam
3135 1384 3275 1451 apud
3305 1393 3542 1437 nostros.

1979 1474 2216 1543 Aiquum
2250 1473 2419 1544 igitur
2450 1485 2534 1529 est
2565 1474 2816 1528 assentiri
2848 1475 3045 1530 divinae
3073 1475 3457 1538 Providentiae,
3489 1486 3545 1530 et

1980 1576 2136 1633 pater
2163 1581 2318 1620 meus
2363 1565 2662 1620 inevitabili
2712 1567 3036 1620 necessitate
3069 1566 3267 1621 ductus
3314 1569 3363 1620 in
3409 1567 3544 1621 Bar-

1980 1657 2142 1710 baros
2190 1667 2451 1727 cognatos
2499 1665 2661 1726 atque
2715 1643 2923 1712 amicos
2979 1659 3169 1722 vertit,
3207 1672 3343 1726 quas
3404 1657 3545 1714 Deus

1980 1747 2148 1802 semel
2175 1748 2228 1801 in
2259 1764 2444 1802 eorum
2477 1749 2773 1817 perniciem
2807 1749 3112 1813 constituit,
3142 1749 3546 1804 immolationes

1977 1849 2030 1893 et
2089 1838 2452 1908 prwdationes
2511 1842 2799 1909 variasque
2857 1842 3238 1909 relegationes.
3292 1841 3370 1894 Illi
3415 1856 3557 1896 vero-

1978 1940 2277 1998 gravantur
2309 1940 2364 1983 et
2389 1931 2702 1985 obtrectant
2730 1939 2784 1984 et
2817 1932 3074 1985 oderunt.
3107 1932 3368 1987 Precibus
3401 1935 3545 1987 rele-

1977 2023 2251 2091 gationem
2289 2032 2627 2091 perpetrant,
2663 2022 2946 2089 PalzeoIOgi
2975 2025 3161 2092 generi
3189 2025 3546 2078 vehementer

1977 2124 2240 2181 exoptant
2287 2124 2342 2168 et
2392 2124 2690 2182 precantur
2749 2116 3064 2184 imperium.
3138 2117 3249 2172 Nec
3317 2118 3544 2171 insidias

1978 2207 2108 2262 huic
2139 2217 2352 2261 struere
2385 2208 2694 2276 ecnnjunctis
2735 2223 2860 2260 cum
2911 2208 2997 2260 illo
3038 2208 3244 2261 viribus
3279 2217 3542 2278 quantum
3629 2249 3647 2258 -

1979 2299 2108 2354 licet
2143 2300 2433 2354 desistunt.
2464 2298 2586 2354 Haec
2611 2300 2872 2354 continuo
2899 2301 3105 2354 cantari
3148 2299 3272 2354 inde
3297 2301 3374 2355 ab
3403 2302 3546 2355 anti-

1981 2390 2107 2458 quis
2133 2389 2478 2458 tcmporibus
2524 2390 2662 2443 mala
2695 2390 2986 2444 audierunt
3029 2389 3132 2443 alia
3182 2389 3348 2442 multa
3381 2399 3545 2458 atque

1982 2484 2136 2546 illud,
2166 2481 2294 2535 huic
2326 2481 2588 2549 pepul0'a
2623 2481 2842 2535 fortuna
2882 2483 3065 2534 datum
3099 2496 3220 2534 esse
3251 2494 3306 2536 ιιι
3347 2481 3546 2535 Itonia-

1981 2585 2177 2625 norum
2211 2579 2377 2624 totam
2413 2585 2612 2626 terram
2635 2562 2805 2641 210
2841 2575 2892 2626 in
2931 2573 3197 2626 ditionem
3226 2587 3378 2625 suam
3409 2573 3546 2625 reci-

1981 2672 2135 2732 pe‘ret
2157 2672 2207 2717 et
2240 2662 2558 2732 Byzantium
2595 2680 2837 2734 magnam
2872 2665 3060 2719 urbem
3098 2680 3270 2734 usque
3301 2664 3366 2719 ad
3400 2665 3546 2735 ipsas

1981 2755 2118 2817 vias,
2152 2753 2380 2822 plateas,
2416 2755 2665 2822 porticus
2705 2755 3106 2824 ingrederetur.

301 2851 477 2920 τύχην
501 2851 600 2922 τὴν
627 2855 776 2906 Θείαν
828 2853 1112 2940 κιαλεῖσθαι
1149 2858 1404 2926 πρόνοιαν
1459 2857 1740 2912 ἀκώλυτον
1769 2854 2029 2924 ἡκηκὸειν
2099 2851 2366 2918 ὑπάρχειν
2426 2851 2498 2918 μὴ
2539 2850 2697 2918 μόνον
2758 2853 2866 2909 τοῖς
2899 2852 3231 2920 σοφωτέροις
3273 2850 3542 2915 Ἑλλήνων

303 2947 516 3009 παισὶν,
551 2947 687 3000 ἀλλά
731 2949 821 3000 καὶ
843 2950 950 3001 τῶν
1015 2951 1298 3019 ἡμετέρων
1369 2943 1552 3010 ἐνίοις.
1605 2950 1733 3000 Δέον
1800 2942 1893 2999 οὖν
1958 2945 2201 2996 ἐπαινεῖν
2244 2945 2323 2994 ὅτι
2379 2945 2442 3012 τῇ
2477 2943 2596 3012 θεία
2645 2944 2869 3012 προνοίᾳ
2901 2945 2993 2995 καὶ
3052 2947 3078 2996 ὀ
3119 2945 3244 3012 ἐμὸς
3281 2949 3545 3015 ἀγόμενος

304 3031 515 3109 πατὴρ,
561 3041 656 3094 καὶ
698 3042 927 3114 ἀφύκτῳ
970 3045 1238 3098 δουλεύων
1287 3046 1525 3116 ἀνάγκῃ,
1579 3041 1872 3112 βαρϐάροις
1910 3039 2031 3107 μὲν,
2075 3037 2364 3105 συγγενέσι
2399 3037 2444 3090 δ’
2501 3029 2596 3088 οὖν
2631 3037 2726 3087 καὶ
2790 3035 2964 3108 φίλοις
2995 3039 3276 3109 ἐπιτρέπει
3306 3040 3402 3102 τὰς
3440 3040 3547 3091 τῶν

231 3139 241 3146 ’
303 3132 454 3196 ἅπαξ
483 3134 584 3184 ὑπὸ
612 3133 747 3186 Θεοῦ
779 3137 1271 3207 κατεψηφισμένων
1327 3140 1407 3200 εἰς
1468 3137 1688 3205 ὄλεθρον
1732 3133 1947 3203 σφαγὰς
1987 3127 2081 3182 καὶ
2120 3130 2188 3184 τά
2217 3131 2433 3201 λᾶφυρα
2477 3130 2571 3183 καὶ
2601 3129 2700 3194 τὰς
2745 3121 3006 3197 παντοίας
3043 3133 3137 3187 καὶ
3172 3136 3548 3204 πολυτρόπους

303 3227 634 3293 ἀπαγωγὰς,
659 3229 704 3280 oi
733 3229 786 3281 δὲ
816 3229 908 3281 καὶ
953 3230 1207 3300 ἄχθονται
1235 3229 1298 3302 [ί.
1331 3231 1432 3284 IH
1467 3229 1540 3300 r.]
1583 3229 1677 3282 καὶ
1704 3226 2172 3298 προσονειδίζουσι
2208 3225 2299 3276 καὶ
2371 3225 2613 3292 μισοῦσι,
2660 3227 2752 3278 καὶ
2785 3226 2881 3295 τὴν
2919 3227 3018 3294 μὲν
3077 3226 3240 3280 αὑτοῦ
3269 3227 3338 3280 δι’
3383 3227 3546 3295 εὐχῆς

303 3320 526 3374 τελοῦσι
559 3324 841 3386 ποιοῦντες
885 3325 1232 3394 ἀπαλλαγὴν,
1301 3325 1398 3395 τὴν
1429 3324 1483 3376 δὲ
1531 3323 1621 3376 τοῦ
1687 3319 1938 3392 γαμϐροῦ
1981 3324 2346 3390 Παλαιολόγου
2409 3321 2554 3388 μάλα
2608 3320 2852 3388 σφοδρῶς
2901 3319 3143 3385 ἐφίενται
3199 3325 3291 3373 καὶ
3343 3324 3547 3372 ἀνακα-

305 3414 528 3468 λοῦνται
562 3416 756 3484 ἀρχὴν,
793 3417 884 3468 καὶ
943 3417 1040 3479 τάς
1075 3405 1241 3471 αὑτοῦ
1301 3418 1394 3470 καὶ
1462 3415 1618 3469 αὐτοὶ
1663 3415 2050 3484 συνεργοῦντες
2087 3417 2184 3469 οὐκ
2232 3413 2642 3477 ἀπολείπουσιν,
2695 3414 2819 3465 ὅσον
2863 3413 2922 3464 τὸ
2955 3413 3196 3479 ἐφικτὸν,
3255 3411 3548 3473 ἐπιϐουλὰς

305 3511 429 3562 καθ’
466 3511 644 3580 ἡμῶν,
681 3514 774 3565 καὶ
807 3513 977 3566 ταῦτα
1015 3514 1278 3584 διηνεκῶς
1323 3514 1597 3588 ᾀδομένων
1629 3515 1692 3564 ἐκ
1721 3512 1860 3563 πάνυ
1905 3513 2116 3565 πολλῶν
2141 3507 2235 3566 καὶ
2298 3513 2677 3581 παλαιοτέρων
2706 3508 2810 3561 τῶν
2883 3510 3090 3578 χρόνων
3124 3511 3415 3572 ἀκούοντες
3441 3509 3550 3562 τῶν

306 3618 363 3652 τε
394 3601 570 3655 ἄλλων
611 3602 817 3667 κακῶν,
852 3604 946 3656 καὶ
993 3605 1066 3666 ὼς
1105 3605 1460 3673 πεπρωμένον
1533 3605 1616 3672 εἴη
1663 3602 1741 3669 τῷ
1798 3600 1942 3652 ἔθνει
1983 3605 2180 3672 τουτῳὶ
2220 3604 2551 3674 χειρωθῆναι
2612 3599 2903 3666 Ῥωμαίων
2959 3600 3176 3656 ἅπασαν
3223 3603 3407 3673 χώραν
3457 3607 3550 3656 καὶ

307 3697 487 3761 πόλιν,
549 3694 648 3748 xui.
704 3696 896 3765 μέχρις
930 3695 1108 3748 αὐτῶν
1144 3697 1351 3764 ἀγυιῶν
1415 3714 1473 3749 τε
1543 3698 1637 3750 καὶ
1674 3694 1944 3748 πλατειῶν
1986 3696 2079 3755 καί
2113 3696 2282 3748 στοῶν
2314 3697 2624 3766 είσδραμεῖν
2654 3693 2753 3764 τῆς
2797 3693 3107 3754 Βυζαντίων
3137 3697 3403 3766 μεγίστης
3449 3701 3546 3750 πόα

309 3802 462 3852 λεως.
507 3807 526 3842 ι
1582 3784 1586 3786 ’
3069 3864 3073 3869 .
3247 3865 3252 3870 .

381 3885 506 3936 KZ'.
539 3883 820 3938 Mareotico
851 3883 948 3951 μὲν
980 3882 1072 3938 οἷον
1096 3885 1309 3938 ἐκείνου
1341 3881 1569 3939 τοιαῦτα
1602 3884 1870 3954 συνείρειν

2049 3880 2258 3935 XXVII.
2283 3881 2563 3958 Matthaeus
2584 3881 2687 3936 alia
2713 3881 2980 3952 ejusmodi
3008 3897 3130 3934 cum
3159 3882 3314 3951 plura
3340 3884 3544 3940 addere

311 3977 587 4038 ἐθέλοντος
614 3976 778 4040 ἕτερα
799 3975 977 4028 ’πλείω
1005 3980 1100 4030 καὶ
1132 3977 1266 4031 ἄλλα
1297 3979 1383 4031 ἐπ’
1413 3977 1594 4039 ἄλλοις
1627 3976 1875 4046 ὁμόστοι-

313 4085 405 4153 χαζ
432 4061 700 4136 διακόψας
730 4067 822 4119 τοῦ
855 4067 1013 4135 λόγου
1039 4067 1129 4120 τὸν
1160 4069 1358 4139 δρόμον
1390 4069 1500 4135 ἐγὼ
1531 4069 1705 4122 τοιάδε
1733 4070 1894 4137 φημὶ,

315 4157 447 4224 πρὸς
485 4157 669 4208 αὐτόν·
712 4177 728 4208 ι
768 4158 838 4210 Σὺ
869 4157 924 4209 δὲ
961 4156 1283 4226 βουλόμενος
1321 4158 1417 4228 τὴν
1443 4157 1594 4211 θείαν
1624 4161 1875 4229 συνιστᾷν

312 4252 589 4318 πρόνοιαν,
616 4248 692 4310 ὡς
716 4250 862 4301 δοκεῖ
893 4266 976 4301 σοι
999 4251 1057 4302 τὸ
1098 4251 1280 4320 σχῆμα
1309 4250 1401 4303 τοῦ
1436 4250 1616 4318 λόγου,
1645 4249 1877 4319 λέληθας

312 4341 551 4411 ἀναιρῶν
607 4339 924 4410 αὐτὴν-καὶ
981 4342 1241 4395 τάναντία
1275 4342 1416 4411 δρῶν
1459 4341 1750 4412 προφανῶς
1779 4343 1876 4410 τῆς

315 4433 648 4502 βουλήσεως,
672 4420 765 4485 καὶ
793 4434 881 4484 τὸν
916 4435 1128 4502 πατέρα
1153 4436 1242 4486 τὸν
1274 4435 1362 4487 σὸν
1390 4435 1751 4487 ἀπαλλάττειν
1777 4452 1878 4504 μα-

313 4520 486 4590 κρῶν.
529 4524 885 4591 ἐπειγάμενος
952 4522 1311 4591 ἐγκλημάτων
1378 4521 1698 4590 πεφώραται
1783 4523 1877 4574 καὶ

316 4616 513 4668 σαυτὸν
537 4616 863 4683 αὐτόχρημα
886 4616 996 4676 τοῖς
1028 4615 1134 4666 τῶν
1166 4614 1329 4668 αὑτοῦ
1362 4615 1753 4680 συγκαταδύων
1787 4615 1878 4680 ὲγ-

317 4706 613 4775 κλημάτων
651 4705 807 4758 ὖδασί
831 4723 887 4758 τε
928 4707 1022 4758 καὶ
1067 4701 1285 4776 ῥοθίοις.
1318 4709 1468 4775 Μηδὲ
1511 4711 1615 4776 γὰρ
1646 4709 1744 4770 τὰς
1770 4709 1878 4760 τῶν

316 4801 482 4853 ὄντων
511 4791 571 4852 τε
604 4801 696 4850 καὶ
727 4799 1029 4866 γινομένων
1057 4799 1232 4862 αἰτίας
1280 4798 1454 4862 εἰδὼς,
1485 4801 1618 4868 μηδὲ
1645 4801 1878 4869 τρόπους

317 4889 574 4942 αἰτιατῶν
603 4888 832 4954 διαιρεῖν
863 4890 1250 4956 ἐπιστάμενος,
1287 4889 1419 4957 μηδὲ
1445 4889 1652 4940 τούτων
1675 4891 1879 4942 ἕκαστα

317 4983 392 5050 τῷ
423 4981 758 5050 προσήκοντι
780 4980 1056 5048 διανέμειν
1088 4980 1294 5044 κανόνι,
1327 4981 1418 5042 οὓς
1461 4983 1525 5034 ἂν
1567 4982 1757 5052 ἐθέλῃς
1794 4984 1883 5034 ἐκ·

318 5073 540 5140 φεύγειν
590 5071 890 5140 κρημνοὺς,
923 5073 1136 5134 τούτοις
1181 5073 1246 5124 ὲκ
1289 5072 1381 5124 τοῦ
1426 5074 1624 5143 ῥᾴστου
1677 5076 1880 5143 καὶμὴ

319 5163 488 5215 (έλων
534 5163 852 5232 ἐμπίπτεις.
898 5164 970 5215 Οὐ
1015 5163 1121 5235 γὰρ
1179 5164 1331 5232 παρὰ
1362 5166 1517 5216 τοῦτο
1572 5167 1879 5236 τοῖςδρῶσι

317 5255 530 5321 γίνεται
582 5255 649 5306 τὰ
686 5253 936 5324 μοχθηρά
962 5271 1019 5307 τε
1077 5255 1171 5306 καὶ
1221 5256 1588 5323 ἀποτρόπαια,
1613 5258 1694 5308 ὅτι
1751 5259 1880 5326 πρὶν

317 5342 571 5408 γενέσθαι
605 5343 982 5410 προέγνωσται
1008 5346 1085 5414 τῷ
1117 5345 1255 5412 Θεῷ,
1290 5346 1398 5397 οὐδ’
1427 5347 1572 5398 αἰτία
1599 5349 1706 5397 τῶν
1729 5364 1878 5413 γινο-

321 5431 500 5497 μένων
529 5429 771 5500 κακῶνή
805 5433 1110 5499 πρόγνωσις
1131 5447 1146 5462 ⁸
1200 5432 1316 5484 ἀλλ’
1353 5435 1432 5483 ὅτι
1463 5433 1790 5503 γενήσεσθαι
1817 5434 1879 5502 ἦ·

321 5520 499 5587 μελλε,
537 5519 626 5571 διὰ
654 5520 809 5573 τοῦτο
863 5523 1236 5591 προέγνωσται
1283 5521 1360 5588 τῷ
1410 5523 1548 5592 Θεῷ.
1595 5524 1808 5577 Μᾶλλον
1837 5524 1881 5576 δ’

318 5611 365 5661 εἱ
393 5595 814 5680 τίάσφαλέστερα
861 5613 1041 5679 λέγειν
1072 5612 1248 5682 χρεὼν
1302 5611 1578 5678 ἐνταυθοῖ,
1612 5614 1880 5681 ἔγνωσται

320 5703 436 5772 Θεῷ
478 5703 577 5754 καὶ
628 5704 842 5772 οὖδαμῆ
883 5707 1277 5774 προέγνωσται.
1320 5707 1442 5757 Ἐπ’
1474 5706 1596 5774 ἴσης
1635 5707 1741 5774 γὰρ
1772 5711 1882 5768 τοῖς

325 5796 578 5849 ἐνεστῶσι
607 5797 739 5858 Θεὸς
769 5800 867 5870 ὁρᾷ
891 5800 953 5852 τὰ
977 5801 1106 5868 ἡμῖν
1137 5799 1420 5868 μέλλοντα,
1446 5803 1499 5852 ἐν
1531 5800 1602 5869 τῷ
1628 5799 1724 5869 τῆς
1749 5801 1884 5863 ἰδίας

1979 3976 2161 4038 vellet,
2181 3975 2430 4043 equidem
2449 3973 2759 4042 interrupto
2785 3973 3053 4028 orationis
3076 3989 3238 4027 cursu
3263 3975 3373 4028 lm-c
3393 3976 3547 4029 locu-

1979 4077 2066 4120 tus
2097 4079 2215 4119 sum
2242 4081 2254 4117 :
2279 4063 2525 4116 Divinam
2556 4063 2701 4116 enim
2737 4062 3142 4116 Providentiam
3184 4063 3275 4116 ubi
3307 4065 3544 4119 condere

1979 4157 2222 4220 voluisti,
2248 4165 2307 4210 ut
2331 4155 2600 4209 sermonis
2636 4150 2712 4208 tui
2743 4155 2881 4208 ratio
2905 4158 3082 4219 docet,
3109 4154 3296 4208 tollere
3317 4164 3370 4209 te
3417 4172 3539 4212 eam

1978 4249 2237 4318 ignorasti
2261 4257 2317 4302 et
2347 4230 2638 4301 manifesto
2666 4247 2937 4311 contraria
2965 4247 3031 4300 iis
3061 4262 3180 4315 qure
3209 4247 3426 4302 voluisti
3465 4247 3541 4302 fa-

1978 4355 2121 4395 cere.
2146 4339 2212 4393 Et
2238 4350 2449 4407 patrem
2484 4339 2577 4391 ubi
2608 4339 2816 4407 magnis
2845 4339 3189 4393 liberandum
3221 4340 3548 4396 criminibus

1979 4429 2288 4499 suscepisti,
2317 4429 2432 4497 ipse
2465 4429 2709 4498 ejusdem
2743 4429 2967 4482 omnino
3011 4429 3300 4485 demersus
3345 4431 3545 4501 depre-

1983 4524 2182 4576 hensus
2215 4535 2276 4574 es
2297 4520 2587 4575 criminum
2623 4519 2904 4575 ﬂuctibus.
2934 4521 3149 4574 Etenim
3195 4539 3320 4576 cum
3363 4540 3542 4594 neque

1979 4627 2171 4668 causas
2197 4612 2338 4665 scias
2364 4618 2554 4664 eorum
2589 4625 2711 4679 quae
2742 4619 2871 4665 sunt
2902 4620 2958 4665 et
2997 4611 3133 4666 ﬁunt
3165 4627 3340 4680 neque
3379 4616 3546 4669 ratio-

1979 4721 2078 4759 nes
2093 4720 2281 4760 eorum
2303 4721 2421 4776 quae
2436 4719 2498 4757 ex
2518 4703 2698 4758 causis
2717 4703 3062 4760 cll‘ecta’suut
3083 4705 3394 4759 discernere
3419 4721 3546 4774 pos-

1981 4801 2078 4863 sis,
2113 4809 2288 4867 neque
2340 4813 2441 4852 suo
2492 4797 2928 4868 unumquodque
2983 4799 3163 4852 ordini
3217 4799 3543 4860 attribuerc.

1981 4905 2117 4959 quas
2145 4889 2366 4943 voluisti
2411 4889 2656 4960 elfugere
2691 4905 2874 4960 rupes,
2912 4890 2966 4943 in
2999 4904 3090 4944 eas
3137 4907 3381 4960 praeceps
3409 4893 3546 4944 inei-

1983 4982 2142 5048 disti;
2178 4996 2357 5051 neque
2386 4981 2532 5035 enim
2572 4992 2869 5050 propterea
2889 4979 3026 5033 liunt
3055 4968 3288 5035 miseriae
3313 4991 3368 5036 et
3399 4984 3546 5036 cala-

1983 5071 2221 5133 mitates,
2249 5069 2395 5137 quod
2423 5071 2656 5139 cognitze
2685 5085 2714 5122 a
2737 5068 2849 5122 Deo
2878 5077 3005 5122 ante
3036 5079 3164 5122 sunt
3191 5087 3354 5139 quam
3385 5073 3540 5137 ﬁunt;

1985 5173 2089 5211 nec
2126 5158 2392 5210 malorum
2420 5173 2582 5212 causa
2615 5156 2961 5217 Providentia
3004 5165 3108 5223 est,
3145 5159 3240 5212 sed
3269 5161 3410 5228 quod
3461 5161 3546 5213 fu-

1916 5232 1956 5285 ί)
1989 5259 2108 5302 tura
2142 5258 2289 5310 sunt,
2317 5247 2520 5301 idcirco
2551 5264 2580 5301 a
2623 5249 2732 5301 Deo
2762 5247 3096 5317 praecognita
3123 5261 3285 5314 sunt;
3323 5261 3417 5305 aut
3444 5268 3541 5319 po-

1988 5341 2095 5394 tius
2121 5342 2408 5396 dicendum
2428 5349 2511 5394 est
2565 5320 2778 5406 cognita
2832 5349 3014 5392 sunta
3072 5338 3203 5405 Deo,
3255 5343 3348 5395 sed
3403 5359 3544 5395 nun-

1985 5447 2148 5500 quam
2177 5434 2524 5500 przec0gnita.
2552 5429 2688 5480 Nam
2716 5444 2836 5496 quae
2869 5429 3054 5485 futura
3099 5433 3260 5486 nobis
3301 5424 3450 5493 sunt,
3480 5445 3544 5484 ea

1989 5525 2129 5579 sicut
2165 5525 2449 5594 praesentia
2495 5519 2854 5574 Providentia:
2892 5521 2986 5576 Dei
3034 5533 3318 5600 apparent,
3359 5523 3543 5590 ‘utqui

1989 5633 2148 5670 omne
2181 5625 2391 5684 tempus
2442 5617 2495 5668 in
2547 5615 2761 5682 propria
2815 5611 3022 5668 unitate
3059 5613 3370 5682 permaneat
3401 5625 3454 5669 et
3491 5616 3544 5668 in

1982 5709 2276 5776 'przescutia
2314 5723 2524 5774 semper
2562 5708 3236 5760 immutabiliconstitutus
3270 5708 3359 5759 sit.
3385 5707 3544 5776 211

1993 5803 2104 5854 Nec
2128 5801 2456 5854 voluntatem
2494 5817 2652 5871 quam
2678 5801 2990 5856 hominibus
3025 5798 3171 5853 dedit
3195 5799 3426 5855 liberant
3476 5803 3547 5856 Ii-

2015 6026 2054 6044 ρ
