4046 6290
348 422 454 480 189

1347 431 1786 494 BYZANTINrE
1820 433 2196 494 IlleORl/E
2225 438 2367 501 LIB.
2395 440 2670 499 XXVIII.

3479 437 3582 501 uo

342 536 437 586 ἐπὶ
468 535 641 604 βραχὺ
677 537 767 590 τὸν
821 541 947 594 νοῦν
999 543 1209 596 ἐκεῖθεν
1259 544 1606 623 βεδούλησθε,
1638 550 1747 602 οὐδ’
1781 551 1904 602 ἑπι-

2036 562 2063 603 ςι
2091 552 2310 606 tandem
2340 552 2406 606 ad
2429 569 2522 607 vos
2556 555 2702 621 ipsos
2719 553 3078 607 convertere?
3109 553 3382 607 Enumera
3406 555 3578 617 enim,

345 628 607 695 στρέφειν
633 629 727 696 ἑψὲ
778 633 871 684 καὶ
906 634 1040 703 πρὸς
1083 636 1351 704 ἐαυτούς;
1403 639 1651 709 Ἀρίθμει
1695 641 1825 708 γὰρ,
1862 643 1911 693 εἰ

345 718 548 787 βούλει,
586 724 783 792 μικρὸν
823 721 932 778 τῶν
969 728 1070 798 τῆς
1109 730 1340 798 οἰήσεως
1381 732 1628 794 ὑπανιεὶς
1667 734 1908 804 ὀφρύων,

345 811 411 882 [1⁵.
448 812 549 866 “6
583 815 659 881 v.1
692 816 758 868 τὰ
797 817 898 879 νέα,
922 824 1085 873 ταυτὶ
1110 823 1202 874 καὶ
1241 823 1502 893 ὑμέτερα,
1539 828 1634 877 καὶ
1683 828 1914 894 παρατίο

347 905 434 958 Oet
491 910 603 968 τοῖς
654 907 763 961 τῶν
809 912 1092 979 προγόνων
1133 916 1517 986 παλαιοτέροις
1565 917 1770 971 ἅπασιο
1811 915 1913 972 ’καὶ

345 997 469 1068 ὕψει
508 1000 729 1054 τοσοῦτο
772 1002 1052 1076 βαρύτερα
1095 1009 1191 1060 καὶ
1247 1011 1660 1083 πολυειδέστερα
1687 1014 1751 1066 τὰ
1782 1013 1915 1081 ὑμέ-

344 1105 483 1158 τερα
533 1091 657 1143 ὅσον
710 1094 741 1162 ἡ
783 1097 970 1164 στείρα
1014 1098 1108 1149 καὶ
1154 1099 1418 1169 παράλιος
1461 1102 1687 1172 ψάμμος
1727 1103 1913 1156 ἅπασα

347 1181 484 1248 πρὸς
516 1181 574 1233 ἓν
607 1183 955 1252 ἀθροισθεῖσα
1003 1187 1168 1260 βάρος
1221 1191 1418 1260 μικροῦ
1464 1186 1619 1256 τινος¹
1658 1195 1914 1264 ὑπερέχει

345 1273 551 1338 δίσκου,
577 1275 783 1338 ὁποίοις
816 1279 980 1331 πάλαι
1011 1281 1102 1333 καὶ
1148 1281 1198 1334 oi
1223 1284 1297 1335 ἐν.
1331 1282 1647 1352 Ὀλυμπίοις
1677 1285 1916 1355 ἐχρῶντο

344 1363 684 1430 δισκεύοντές
722 1386 780 1420 τε
809 1369 904 1423 καὶ
935 1371 993 1423 τὸ
1018 1374 1358 1445 παγκράτιον
1391 1375 1802 1446 ὲξασκούμενοι.

422 1452 541 1507 AB’.
594 1456 655 1508 Ei
705 1458 749 1510 δ’
815 1462 1039 1530 αἰσχρὸν
1087 1464 1146 1515 τὸ
1197 1466 1261 1516 τὰ
1314 1467 1518 1536 αἰσχρὰ
1565 1467 1914 1531 διανοεῖσθαι,

351 1544 707 1616 αἰσχρότερον
758 1549 974 1613 παντως
1023 1552 1195 1622 δήπου
1249 1556 1432 1626 πολλῷ
1462 1558 1523 1610 τὺ
1562 1559 1630 1611 τὰ
1665 1559 1917 1626 αἴσχιστα

350 1636 447 1686 καὶ
503 1635 761 1691 δύνασθαι
821 1641 912 1692 καὶ
964 1641 1094 1713 δρᾷν
1140 1645 1236 1698 καί⁸
1282 1629 1412 1717 ἅμα
1443 1647 1582 1717 πρὸς
1626 1647 1917 1715 δημοσίους

350 1727 596 1781 ἐκλαλεῖν
627 1730 811 1794 ἀκοάς.
850 1735 908 1786 Et
941 1735 998 1787 δὲ
1046 1736 1194 1789 τοῦθ’
1237 1715 1432 1801 οὕτωςξ
1461 1738 1562 1792 ποῦ
1603 1738 1790 1791 λοιπὸν
1821 1739 1918 1791 οὺκ

349 1818 418 1871 ἂν
480 1822 756 1886 ἀναιδείας
819 1827 1049 1889 ἐλαύνοι,
1081 1830 1168 1896 ἐφ’
1213 1827 1293 1893 οἷς
1351 1831 1782 1897 ὲγκαλύπτονται
1824 1830 1918 1883 καὶ

2013 647 2056 701 si
2103 645 2280 711 voles,
2311 645 2598 699 deminuta
2621 647 3023 716 aliquantulum
3061 645 3232 700 animi
3289 646 3579 700 insolentia

2013 755 2152 792 nova
2188 739 2304 792 haec
2328 748 2504 793 vestra
2537 755 2661 794 cum
2714 739 2954 807 peccatis
2988 738 3264 792 veteribus
3315 736 3424 792 illis
3461 753 3581 792 orn-

2016 831 2180 885 nibus
2206 841 2540 899 comparata,
2569 841 2624 885 et
2658 830 2870 886 videbis
2907 841 3053 884 tanto
3078 831 3327 900 graviora
3359 840 3414 884 et
3457 845 3576 898 cre-

2017 920 2199 975 briora
2229 931 2432 985 vestra,
2476 931 2683 991 quanto
2709 922 2894 976 carina
2956 931 3010 975 et
3057 937 3235 976 arena/
3280 922 3486 975 marina
3525 923 3580 976 in

2017 1031 2181 1068 unum
2213 1027 2538 1086 congregata
2561 1027 2851 1083 exsuperat
2881 1015 3138 1084 exiguum
3197 1016 3436 1080 discum,
3473 1031 3581 1082 quo

2017 1105 2145 1158 olim
2202 1106 2285 1160 usi
2342 1117 2470 1162 sunt
2541 1108 2635 1176 qui
2692 1106 2941 1177 Olympia
2991 1107 3292 1160 certamina
3352 1123 3582 1160 exerce-

2015 1195 2165 1248 bant.

2089 1465 2252 1536 218
2269 1462 2566 1518 ΧΧΧΙΙ.Ᾱο
2589 1464 2632 1516 si
2655 1473 2808 1532 turpe
2827 1471 2910 1517 est
2930 1461 3108 1530 turpia
3130 1461 3390 1527 cogitare.
3413 1459 3582 1512 multo

2022 1575 2154 1613 Sane
2191 1563 2407 1627 turpius
2443 1568 2523 1610 est
2561 1556 2876 1624 turpissima
2905 1563 2961 1607 et
3003 1569 3182 1622 posse,
3209 1561 3262 1605 et
3301 1552 3499 1615 facere,
3529 1561 3586 1605 et.

2020 1651 2182 1706 simul
2216 1661 2340 1703 ante
2366 1648 2606 1701 omnium
2638 1647 2826 1700 oculos
2857 1645 3126 1714 proferre.
3191 1644 3320 1710 Quae
3355 1659 3478 1695 eum
3510 1645 3582 1696 ita

2022 1727 2149 1804 siut,
2187 1755 2368 1794 nonne
2401 1723 2689 1792 insolentia
2722 1737 2921 1790 ductus
2946 1729 3101 1805 pater
3132 1744 3279 1796 tuus,
3312 1733 3581 1802 inquibus

2021 1834 2336 1890 intimorum
2398 1832 2684 1884 hominum
2737 1827 3094 1898 abjectissimi
3128 1828 3477 1888 erubescant,
3514 1827 3581 1879 iis

350 1911 462 1963 τῶν
507 1912 793 1982 βαναύσων
845 1919 894 1970 οἰ
949 1919 1390 1990 δυστυχέστεροι,
1429 1922 1643 1984 τούτοις
1693 1923 1784 1974 τὸν
1830 1923 1920 1974 σὺν

2036 1928 2157 1997 ηρεῑε
2195 1923 2552 1996 gloriabitur?
2600 1922 2681 1976 0b
2727 1897 2916 1974 odium
2972 1931 3222 1972 nostrum
3279 1919 3371 1988 qui
3415 1919 3587 1971 siurus

351 2006 855 2072 ἐγκαλλωπίζεσθαι
902 2013 1133 2082 πατέρα,
1171 2013 1264 2067 καὶ
1310 2017 1518 2086 γυμνῇέ
1545 2015 1672 2085 βοᾷν
1705 2016 1770 2085 τῇ
1827 2033 1920 2067 κε-

351 2100 495 2168 φαλῇ
529 2101 838 2165 Βυζαντίοις
895 2104 968 2166 ὠς
1002 2105 1089 2157 διὰ
1143 2105 1242 2175 τὴν
1277 2107 1440 2176 ἡμῶν
1499 2107 1814 2176 ἀπέχθειαν,
1846 2105 1921 2176 τῷ

355 2191 590 2261 γαμϐρῷ
642 2195 1086 2264 προστιθεμένων
1143 2197 1492 2269 Παλαιολὸγῳ
1538 2198 1664 2252 καθ’
1707 2197 1923 2252 ἃπασαν

351 2283 602 2350 γνώμην,
666 2285 846 2354 πίστις
897 2287 995 2356 μὲν
1054 2289 1446 2342 ἀποκέκλεισοε
1497 2288 1591 2342 νῦν
1641 2288 1714 2358 μὴ
1763 2289 1924 2357 μόνον

351 2377 582 2441 προόδου
622 2379 717 2428 καὶ
754 2380 850 2447 τῆς
877 2379 986 2430 τῶν
1021 2380 1301 2449 ὑμετέρων
1333 2381 1570 2451 κομιδῆς
1613 2379 1922 2449 ἀσταχύων,

353 2468 491 2520 ἀλλὰ
526 2469 620 2522 καὶ
671 2470 856 2538 πάσης
906 2473 1150 2540 χρηστῆς
1181 2472 1510 2540 προσδοκίας
1545 2468 1694 2540 ἑξῆς,
1728 2467 1924 2540 ὄψεσθε

351 2561 398 2613 δ’
429 2557 522 2614 οὖν
561 2563 619 2615 ἐν
646 2563 836 2632 βραχεί
864 2565 955 2616 καὶ
1003 2564 1063 2616 τὸ
1101 2565 1244 2633 μέγα
1291 2565 1382 2618 καὶ
1432 2560 1757 2638 περιϐόητον
1787 2566 1924 2617 ἄστυ

356 2654 652 2718 Βυζάντιον
667 2654 857 2721 ,τουτοῒ
903 2657 1290 2738 προδεδομένον
1331 2658 1530 2726 ὁμοίως
1564 2656 1654 2709 ὑπ’
1681 2655 1815 2725 ἐμοῦ
1849 2652 1925 2724 τῷ

353 2747 463 2799 τῶν
510 2746 801 2818 βαρϐάρων
859 2751 1088 2819 ἀρχηγῷ
1143 2751 1280 2818 πρδς
1338 2750 1611 2832 βασίλειον
1670 2749 1924 2818 οἴκησιν,

366 2837 620 2909 ’Υρκανῷ
669 2840 743 2909 τῷ
793 2842 1026 2912 γαμϐρῷ
1084 2843 1180 2896 σὺν
1237 2843 1409 2896 ἆπασι
1465 2845 1575 2905 τοῖς
1639 2843 1729 2895 ὑπ’
1781 2840 1928 2909 αὑτῷ

359 2929 699 2997 βαρὸἀροις;
733 2932 896 2984 Ὅθεν
925 2934 1197 2999 γυναικῶν
1241 2934 1338 3002 μὲν
1372 2935 1464 2986 καὶ
1513 2935 1720 2986 παίδων
1771 2931 1929 2984 ἀλλο-

356 3023 657 3089 τριώσεσθε
704 3029 802 3094 τὴν
853 3027 1134 3096 ταχίστην,
1166 3026 1261 3080 καὶ⁵
1314 3026 1432 3096 ἅμα
1485 3025 1786 3095 χρημάτων
1837 3024 1930 3076 καὶ

358 3113 569 3176 οἰκιῶν,
603 3115 759 3183 ὑμεῖς
785 3116 839 3168 δὲ
865 3119 1154 3185 μαστιγίαι
1185 3119 1279 3171 καὶ
1309 3121 1366 3171 ὲν
1393 3117 1577 3187 Καρὸς
1607 3117 1930 3169 δουλεύσετε

2023 2020 2324 2087 Palmologo
2362 2023 2562 2085 gener‘o
2598 2023 2712 2068 toto
2747 2013 2929 2066 animo
2974 2011 3143 2064 dediti
3192 2011 3441 2064 exclusos
3491 2026 3588 2062 vos

2025 2125 2144 2166 esse
2177 2108 2325 2163 omni
2358 2107 2540 2161 fructu
2567 2113 2621 2160 et
2651 2114 2958 2159 vestrorum
2997 2099 3465 2173 agrorunrcullu,
3493 2099 3584 2152 sed

2025 2205 2189 2258 etiam
2220 2200 2366 2254 oumi
2399 2215 2493 2268 spe
2530 2197 2690 2251 bona.
2744 2195 3011 2249 Virlebitis
3052 2195 3216 2264 igitur
3264 2193 3413 2247 brevi
3472 2209 3588 2244 ma-

2027 2311 2188 2366 gnam
2245 2294 2385 2346 hanc
2405 2303 2567 2359 atque
2601 2291 2868 2344 illustrem
2904 2286 3094 2340 urbem
3130 2286 3440 2354 Byzantium
3483 2295 3590 2336 tra-

2027 2387 2194 2440 ditam
2251 2401 2278 2436 a
2311 2399 2393 2437 me
2424 2381 2672 2452 Hyrcano
2702 2393 2900 2449 genero
2933 2393 2995 2430 ac
3044 2376 3320 2439 Barbaris,
3359 2375 3450 2444 qui
3487 2373 3590 2427 sub

2027 2481 2147 2550 ejus
2171 2476 2456 2545 potestate
2481 2475 2704 2543 degunt.
2741 2471 2948 2524 Deinde
2970 2486 2999 2522 a
3022 2469 3347 2522 mulieribus
3374 2482 3437 2521 ac
3459 2467 3593 2518 libe-

2030 2572 2105 2625 ris
2129 2569 2418 2623 celerrime
2452 2563 2828 2632 relegabimini
2855 2571 3017 2629 atque
3052 2561 3118 2614 ab
3148 2559 3345 2627 Opibus
3369 2566 3418 2610 et
3461 2555 3595 2610 tedi-

2031 2662 2187 2723 ficiis,
2219 2674 2316 2712 vos
2346 2667 2525 2711 autent
2575 2657 2629 2709 in
2667 2653 3042 2723 abjccrissima
3104 2651 3445 2705 servitudine
3474 2666 3592 2703 ser-

2028 2752 2211 2808 vietis.
2248 2751 2360 2803 lloc
2391 2747 2524 2801 illud
2582 2757 2663 2800 est
2701 2744 2844 2811 quod
2880 2743 3181 2796 Laertiada:
3236 2742 3366 2795 olim
3415 2740 3594 2810 Ulyssi

2031 2827 2264 2897 navibus
2297 2839 2526 2893 advecto
2559 2837 2826 2891 accedens
2857 2833 2996 2887 dixit
3025 2832 3259 2902 Cyclops
3287 2832 3374 2885 ille
3399 2831 3597 2885 lluine-

2033 2932 2181 2986 ricus
2226 2937 2397 2984 semet
2459 2944 2582 2982 eum
2668 2926 2735 2980 ad
2789 2925 3010 2978 ultimas
3065 2939 3280 2976 mensas
3346 2931 3597 2975 servatu-

2035 3039 2183 3088 rum,
2211 3022 2387 3076 donec
2426 3021 2576 3074 viros
2627 3019 2748 3073 illos
2805 3016 3034 3080 edisset,
3061 3015 3262 3082 quibus
3294 3014 3593 3068 bestiarum

2036 3129 2188 3168 more
2229 3096 2354 3168 ante
2375 3111 2528 3166 illius
2554 3111 2702 3180 ipsos
2729 3109 2918 3164 oculos
2944 3121 3189 3160 mensam
3228 3105 3328 3160 sibi
3384 3115 3600 3157 exstru-

363 3206 547 3276 μοίρᾳ.
579 3206 737 3258 Τοῦτ’
760 3209 934 3261 ἐκεῖνο
959 3209 986 3261 ὃ
1017 3212 1111 3262 καί
1139 3211 1218 3281 τῷ
1255 3210 1495 3280 Λαέρτου
1528 3209 1698 3262 πάλαι
1741 3209 1930 3261 Ὀδυσ-

2037 3211 2140 3264 xit.
2163 3207 2304 3274 Quid
2344 3208 2444 3258 hac
2491 3203 2808 3257 narratione
2861 3201 3117 3254 miserius
3167 3208 3223 3252 et
3270 3196 3599 3250 immanius?

364 3300 447 3349 σεῖ
467 3301 841 3368 ναυαγήσαντι
875 3301 1270 3372 ἐκπεπηδηκὼς
1295 3300 1662 3374 ἐπηγγέλλετο
1692 3300 1931 3368 Κύκλωψ

365 3390 574 3452 ἐκεῖνος
613 3391 641 3441 ὁ
693 3386 788 3442 τοῦ
845 3389 1108 3459 Ὀμήρου,
1146 3391 1398 3460 πύματον
1445 3388 1644 3458 δηλαδὴ
1676 3389 1933 3456 φυλάξειν

364 3484 543 3552 ἐαυτῷ
572 3483 850 3553 τράπεζαν
881 3484 1042 3537 αὑτὸν
1095 3484 1232 3553 μετά
1265 3500 1327 3551 γε
1365 3482 1428 3551 δὴ
1459 3484 1558 3552 τὴν
1588 3480 1694 3534 τῶν
1722 3480 1933 3547 ἀνδρῶν

365 3578 589 3630 ἐκείνων
620 3576 842 3646 ἐδωδὴν,
870 3575 962 3640 οὒς
993 3577 1259 3646 θηριῶδες
1310 3577 1398 3628 καὶ
1443 3575 1728 3643 ὠμοϐόρον
1781 3589 1934 3641 τηνι-

364 3673 544 3725 καῦτα
593 3670 828 3740 ὁρῶντος
884 3671 1051 3723 αὑτοῦ
1107 3671 1399 3739 πεποίηται
1451 3669 1686 3720 δεῖπνον.
1720 3664 1791 3718 Τί
1839 3665 1936 3734 τῆς

366 3763 702 3830 ἐπαγγελίας
751 3762 957 3833 ταύτης
1012 3760 1339 3829 ἀθλιώτερον
1376 3760 1416 3828 ἦ
1464 3756 1933 3827 θηριωδέστερον;

369 3859 429 3909 Ei
465 3855 558 3909 οὖν
593 3857 871 3926 αἴσχιστον
903 3855 992 3906 τὸν
1042 3855 1101 3904 ὲν
1143 3852 1359 3920 ἐξουσία
1389 3849 1453 3902 τὰ
1491 3851 1745 3918 αἴσχιστα
1779 3846 1934 3914 δρᾷν,

357 3946 512 4034 ³ῖξξπου
573 3947 772 4016 μανίας
824 3946 886 3998 οὑ
943 3942 1086 4012 μάλα
1115 3941 1401 4011 ἐλεύθερον
1445 3941 1626 4000 λύκοις
1665 3939 1724 3990 τδ
1769 3938 1937 4005 ἐμπι-

373 4038 949 4109 στευοὲνχπροτιθέναι
1002 4037 1255 4104 ποίμνιον
1294 4035 1374 4094 είς
1426 4031 1594 4101 βορὰν
1632 4030 1814 4082 ἑκοντὶ
1847 4028 1938 4080 τὸν

375 4130 628 4199 ποιμένα.
666 4129 794 4181 Δέον
830 4127 940 4196 γὰρ
989 4125 1332 4192 ὑπερμαχεῖν
1385 4122 1480 4174 καὶ
1531 4121 1668 4172 πᾶσι
1720 4118 1941 4199 τρόποις

322 4227 468 4295 ιτῆν
499 4221 595 4276 τοῦ
658 4221 909 4290 ποιμνίου
961 4218 1146 4288 ζητεῖν
1197 4211 1513 4281 εὑςωῖαν,’ὁ
1566 4212 1612 4265 δ’
1644 4213 1724 4274 εἰς
1777 4226 1943 4262 κακο-

374 4314 653 4383 δαιμονίας
689 4301 1502 4380 ἀνυπερϐλήτουιμετεσκεύασε
1535 4303 1810 4371 πρόφασιν
1841 4300 1942 4368 τὴν

377 4401 742 4472 ποιμαντικὴν
769 4399 1104 4461 δεσποτείαν,
1147 4396 1240 4447 καὶ
1279 4393 1388 4447 οὐδ’
1443 4393 1674 4444 αἰδεῖται
1721 4391 1818 4451 τὰς
1843 4393 1942 4458 τῆς

375 4491 570 4549 ἀδίκου
585 4492 764 4562 ψυχῆς
791 4491 1031 4542 ἐκλαλῶν
1063 4490 1407 4558 ἀπορρήτους
1445 4484 1661 4546 ὠδῖνας,
1689 4482 1822 4534 ἀλλὰ
1846 4481 1940 4532 καὶ

2035 3301 2190 3368 Quod
2223 3316 2346 3354 cum
2373 3296 2750 3359 turpissimum
2780 3293 2851 3346 sit
2881 3307 3037 3362 posse
3057 3291 3370 3358 turpissima
3397 3290 3596 3350 facere,

2036 3396 2104 3448 ab
2137 3391 2347 3446 insania
2381 3403 2510 3442 sane
2543 3378 2650 3439 non
2681 3385 2922 3439 alienum
2955 3393 3059 3446 est,
3089 3381 3130 3434 si
3169 3393 3356 3450 pastor
3383 3396 3598 3447 gregem

2035 3485 2138 3539 sibi
2195 3481 2555 3538 commissum
2584 3478 2726 3547 lupis
2769 3475 3146 3531 devorandum
3204 3471 3400 3526 tradat.
3437 3469 3604 3539 Opor-

2039 3589 2117 3633 tet
2156 3576 2422 3630 dimicare
2457 3583 2507 3628 et
2550 3572 2807 3625 omnibus
2830 3569 2934 3623 viis
2965 3566 3126 3635 219
3158 3566 3384 3619 salutem
3427 3564 3603 3632 gregis

2037 3683 2305 3738 quzerere.
2337 3667 2430 3720 llle
2466 3680 2597 3718 vero
2653 3661 2928 3732 pastorale
2966 3659 3258 3726 imperium
3296 3655 3360 3708 ad
3419 3654 3604 3723 perni-

2038 3762 2177 3816 ciem
2228 3760 2554 3813 immensam
2605 3750 2834 3808 adhibet
2888 3767 2988 3805 nec
3055 3760 3273 3802 veretur
3303 3762 3371 3800 ne
3427 3738 3606 3812 impiae

2038 3852 2236 3904 animm
2261 3849 2527 3904 nefandos
2557 3849 2727 3901 foetus
2769 3844 2915 3896 edat.
2948 3842 3052 3896 Sed
3095 3841 3466 3893 Romanorum
3500 3835 3608 3888 for-

2040 3944 2188 3999 tunis
2223 3940 2452 3995 iutinitae
2493 3938 2745 3992 felicitati
2783 3952 2896 3988 suae
2933 3931 3285 3986 vindicandis
3333 3930 3606 3998 gloriatur

2038 4039 2203 4105 atqde
2234 4031 2491 4086 exsultat.
2523 4028 2843 4096 Quanquam
2905 4034 2964 4078 ut
3012 4023 3147 4076 nihil
3198 4037 3399 4074 novum
3441 4030 3606 4088 atque

2042 4125 2347 4180 inauditum
2401 4122 2448 4196 ei
2515 4121 2603 4188 qui
2658 4120 2826 4171 millia
2882 4118 3163 4170 hominum
3221 4115 3420 4184 injusta
3461 4115 3608 4168 carde

2041 4217 2255 4280 stravit,
2285 4213 2449 4268 etiam
2483 4210 2714 4264 libidine
2754 4208 2951 4274 teneri,
2981 4202 3052 4260 ita
3082 4221 3260 4274 neque
3287 4205 3415 4258 huic
3441 4207 3608 4272 quiil-

2044 4322 2204 4377 quam
2240 4320 2442 4358 novum
2477 4311 2561 4356 est
2590 4300 2762 4369 utqui
2806 4299 2974 4364 semel
3008 4315 3035 4352 a
3071 4297 3179 4352 Deo
3211 4307 3462 4350 creatore
3518 4313 3610 4350 se-

2041 4401 2264 4471 junctus
2291 4397 2494 4467 pietate
2526 4409 2585 4448 se
2616 4393 2976 4456 abdicarerit,
3009 4391 3226 4457 rejectis
3249 4390 3448 4443 divinis
3477 4391 3611 4458 legi-

2048 4493 2150 4546 bus
2175 4502 2339 4559 atque
2369 4489 2636 4542 institutis
2662 4497 2717 4541 et
2741 4485 2998 4540 omnibus
3034 4484 3204 4538 sacris
3235 4483 3508 4554 mysteriis
3533 4485 3610 4535 in-

373 4589 526 4656 δόξης
575 4585 881 4654 ὑπερϐολὴν
925 4581 1116 4634 ἑαυτοῦ
1166 4581 1267 4642 τὰς
1316 4577 1602 4646 Ῥωμαίων
1636 4577 1932 4643 ἡγούμενος

2047 4584 2286 4638 solcnter
2320 4580 2650 4648 contemptis
2679 4590 2735 4635 et
2761 4579 2853 4648 qui
2880 4579 2932 4630 in
2954 4577 3306 4630 scelestorum
3336 4575 3612 4627 miseriam

376 4681 658 4748 συμφορὰς
711 4674 1030 4744 δημοσιεύει
1079 4674 1172 4726 καὶ
1217 4671 1581 4740 ὲγκαυχᾶται.
1612 4668 1803 4735 Ὅμως
1848 4683 1947 4717 κα·

376 4777 550 4842 θὰπερ
581 4771 732 4822 οῦδὲν
760 4767 948 4822 καινὸν
1002 4765 1108 4818 οὐδ’
1169 4767 1438 4836 ἀνοίκειον
1487 4759 1800 4830 ἀνδροφόνῳ
1849 4777 1949 4827 μυ-

379 4864 525 4932 ρίους
559 4861 778 4929 ἀνόμως
810 4857 1134 4927 ἀνθρώπους
1164 4856 1527 4926 πεφονευκότι
1559 4853 1651 4906 καὶ
1680 4851 1947 4921 πορνείας

378 4956 600 5017 ἁλῶναι,
639 4951 812 5015 οὕτως
859 4951 1012 5002 οὐδὲν
1059 4949 1180 5002 οὐδὲ
1233 4950 1409 5019 τούτῳ
1453 4949 1660 5010 καινὸν,
1696 4943 1948 5007 καθάπαξ

376 5046 468 5098 τοῦ
503 5043 869 5112 πεποιηκότος
901 5042 1269 5114 ἀπεῤῥωγότι-
1295 5043 1428 5095 Θεοῦ
1466 5044 1562 5094 καὶ
1589 5042 1687 5109 τὴν
1719 5041 1950 5105 πάτριον

380 5135 442 5207 [f.
478 5137 580 5192 H7
614 5136 688 5208 r.]
720 5133 1112 5204 ἐξομοσαμένῳ
1144 5130 1427 5182 εὐσέϐειαν
1483 5129 1578 5182 καὶ
1630 5130 1740 5189 τοῖς
1786 5125 1948 5186 θείοις

382 5229 876 5299 ὲμπεπαρῳνηκότι
899 5225 1086 5278 κανόσι
1113 5224 1204 5277 καὶ
1239 5223 1420 5291 νόμοις
1453 5221 1548 5274 καὶ
1579 5221 1744 5273 πᾶσιν
1781 5218 1950 5286 ἱεροῖς

383 5322 550 5384 ἀδεῶς
612 5319 964 5389 ἐνυϐρίσαντι
1021 5317 1366 5385 μυστηρίοις,
1396 5313 1489 5366 καὶ
1539 5314 1596 5364 ἐν
1653 5309 1951 5379 ἀλιτηρίων

387 5415 550 5484 μοίρᾳ
593 5413 698 5481 γῆς
731 5411 827 5465 καὶ
869 5410 1142 5477 θαλάττης
1197 5409 1486 5476 ἅπανταχῆ
1543 5405 1672 5467 τοὺς
1698 5403 1953 5469 εὐσεϐείᾳ

385 5504 901 5574 συντεθραμμένους
941 5503 1334 5571 διασπείραντι,
1373 5501 1466 5553 καὶ
1517 5499 1793 5558 παντοίοις
1828 5494 1953 5556 τοὺς

382 5600 736 5667 λειπομένους
785 5596 1185 5666 δεσμωτηρίοις
1248 5592 1634 5663 ὲμόεὸληκότι,
1689 5592 1782 5644 καὶ
1841 5591 1955 5650 τοῖς

383 5693 645 5752 τοιούτοις
681 5687 1194 5757 ἐγκαλλωπίζεσθαι
1221 5687 1546 5751 ἀδικήμασι,
1573 5685 1728 5754 δίκην
1767 5686 1954 5749 σειρᾶς

385 5782 720 5850 ἑξημμένοις
750 5781 976 5844 ἐκεῖθεν,
1009 5781 1102 5833 καὶ
1132 5780 1224 5848 τῷ
1238 5780 1332 5847 τῆς
1363 5771 1678 5847 ὁμοιότητος
1711 5774 1958 5846 ριπισμῷ

392 5878 524 5945 πρὸς
566 5876 664 5944 τὴν
695 5874 790 5944 τῆς
843 5873 1063 5943 πρώτης
1121 5874 1318 5937 κακίας
1368 5871 1524 5942 ῥίζαν
1572 5871 1958 5940 ἀναπέμπουσι

2052 4687 2192 4730 terra
2230 4673 2475 4742 marique
2503 4688 2599 4726 eos
2630 4672 2723 4741 qui
2755 4687 2880 4734 cum
2919 4672 3123 4740 pietate
3152 4669 3508 4722 adoleveraut
3535 4667 3614 4720 iti-

2049 4765 2337 4837 sperscrit,
2377 4775 2432 4818 et
2457 4764 2642 4818 multis
2670 4780 2764 4818 eos
2803 4765 2894 4833 qui
2954 4763 3131 4817 relicti
3191 4772 3352 4816 erant
3381 4761 3618 4813 vinculis

2050 4858 2430 4922 obstrinxerit,
2473 4857 2553 4910 vel
2588 4858 2808 4927 gloriari
2861 4855 3129 4926 ejusmodi
3166 4853 3469 4919 maletieiis,
3497 4867 3619 4921 quze

2051 4953 2115 5005 ad
2149 4953 2324 5006 instar
2351 4949 2498 5004 funis
2530 4951 2580 5003 vi
2606 4949 2936 5019 aequalitatis
2973 4947 3039 5000 ad
3093 4947 3282 5016 primae
3331 4945 3619 5014 pravitatis

2054 5045 2256 5099 fontem
2289 5046 2568 5116 ingenium
2599 5045 2718 5115 ejus
2752 5043 3050 5096 deducunt.
3088 5040 3169 5094 Tu
3206 5055 3335 5093 vero
3367 5037 3457 5090 dic
3484 5035 3617 5088 mihi

2053 5154 2183 5190 num
2213 5138 2285 5191 sit
2322 5133 2540 5210 fortun’a
2567 5147 2620 5190 et
2641 5137 2812 5189 fatum
2847 5134 3163 5188 necessario
3202 5148 3365 5184 causa
3393 5145 3455 5183 ea
3498 5142 3620 5198 quae

2054 5226 2194 5281 fiunt
2227 5224 2515 5279 efﬁciens?
2573 5223 2863 5289 Quomodo
2901 5221 3144 5283 tandem,
3183 5219 3400 5274 amice?
3441 5216 3620 5270 simile

2053 5332 2137 5373 est
2169 5336 2230 5372 ac
2259 5319 2449 5387 siquis
2474 5316 2652 5370 media
2697 5316 2878 5368 hieme
2905 5315 3086 5366 nudus
3118 5313 3220 5367 sub
3261 5312 3401 5365 cosio
3429 5307 3621 5360 ambu-

2057 5411 2174 5463 lans
2204 5425 2424 5464 causam
2460 5407 2681 5476 frigoris
2701 5423 2810 5460 non
2854 5422 2964 5460 sua:
2996 5405 3194 5459 rationi
3232 5421 3296 5458 ac
3330 5400 3619 5462 voluntati,

2056 5503 2150 5557 sed
2215 5502 2309 5556 fati
2357 5499 2676 5554 necessitati
2729 5499 2956 5552 tribuat.
3017 5497 3270 5552 Profecto
3315 5493 3460 5548 enim
3508 5507 3618 5544 non

2057 5595 2324 5665 cujusque
2359 5592 2536 5646 libera
2564 5592 2818 5644 voluntas
2843 5591 3043 5658 cuique
3067 5589 3261 5643 Clotho
3296 5587 3375 5649 fit,
3423 5592 3478 5638 et
3503 5599 3628 5637 sors

2059 5697 2321 5754 tanquam
2357 5698 2420 5736 ex
2475 5697 2584 5735 uno
2639 5681 2949 5749 eodemque
2978 5680 3126 5732 fonte
3166 5677 3432 5744 profecta.
3464 5675 3631 5728 Ueni-

2059 5793 2166 5848 que
2231 5791 2413 5829 rerutn
2473 5774 2538 5826 ad
2598 5789 2664 5827 eo
2725 5770 3064 5825 discriminis
3120 5767 3282 5836 220
3334 5767 3648 5821 ductarum.

2061 5871 2272 5926 socium
2325 5883 2411 5922 me
2463 5863 2562 5920 tibi
2621 5849 2882 5920 obvenire
2931 5859 3106 5923 velis,
3163 5875 3289 5914 cum
3363 5861 3622 5930 majorem
