4046 6290
356 322 462 390 193
1310 320 1750 383 ΒΥΖΑΝἸἸΝΙΕ
1798 322 1997 382 ΙΙΙΞΤ(

2012 323 2177 385 ἨῙΙΕ
2217 323 2366 385 LIB.
2413 324 2627 386 XXIX.
3512 327 3615 391 194

352 436 667 508 βουλήσεως
702 435 936 505 ἐξῆπται
971 436 1038 490 τὰ
1070 435 1273 499 πάντα,
1308 436 1408 490 ὃσα
1446 455 1506 492 τε
1550 438 1804 506 φαίνεται
1840 440 1935 493 καὶ
1962 447 1997 504 Α

2037 436 2258 497 dlvinas
2318 439 2442 494 illas
2486 438 2756 509 imagines
2808 438 3042 494 sublatis
3091 440 3410 495 sustinebar
3452 451 3616 498 terrm

346 530 454 583 ὅσα
504 531 564 581 ἐν
619 530 812 597 μυχοῖς
860 527 1230 597 θαλαμεύεται
1276 528 1653 599 ἀπορρήτοις·
1684 532 1777 583 καὶ
1820 531 1932 583 σῶα

2040 539 2190 583 motu
2222 530 2317 583 illo
2372 530 2490 600 ipse
2542 531 2913 600 perturbatus.
2972 531 3233 586 Malebam
3286 532 3489 587 ibidem
3527 547 3615 586 rc-

347 619 499 683 ζοιτο
557 620 655 689 μὲν
700 619 767 673 ἂν
827 622 934 682 πᾶς
983 637 1067 683 τις
1122 619 1451 690 βουλομένου
1504 619 1664 687 Θεοῦ,
1716 622 1815 675 καὶ
1880 624 1928 675 εί

2038 637 2261 677 manere
2292 621 2455 677 linem
2484 632 2901 693 exspectaturus
2932 624 3077 688 vitae,
3103 624 3196 677 ubi
3237 624 3309 678 ob
3344 624 3609 693 pietatem

350 714 558 783 μυρίας
589 712 735 784 ὁρῴη
777 712 961 782 κύκλῳ
1007 714 1410 784 περιχεομένας
1441 715 1653 783 ἐχθρῶν
1694 711 1930 781 παγίδας

2038 713 2256 767 dolores
2290 712 2359 767 ad
2390 714 2496 768 hoc
2530 730 2703 784 usque
2750 724 2968 784 tempus
3023 715 3373 770 sustulissem
3443 731 3607 785 quam

347 805 449 855 καὶ
484 790 888 873 περιιπτάμενα
930 803 1081 873 βέλη,
1111 803 1397 873 ’φθείροιτο
1430 803 1476 856 δ’
1522 799 1679 866 αὖθις
1726 806 1791 856 ἐκ
1831 803 1926 857 τοῦ

2036 804 2339 859 humanum
2362 807 2626 860 auxilium
2657 817 3000 875 exspectare.

349 898 554 968 ῥᾴστου
618 896 1026 967 συγχωροῦντος
1079 896 1314 951 ἐκείνου.
1348 896 1515 949 Ὅθεν
1566 898 1668 959 τὰς
1727 900 1920 967 χεῖρας
1959 898 2079 960 ταῖς
2110 897 2285 960 θείαις
2354 900 2718 969 προσερείσας
2782 902 2985 953 εἰκόσιν
3024 902 3280 965 ἐκείναις,
3318 901 3611 973 ἐνεκαρτέ-

348 1008 482 1060 ρουν
514 988 592 1061 τῷ
625 990 725 1058 τῆς
750 990 850 1059 γῆς
891 989 1090 1059 ἐκείνῳ
1122 989 1371 1060 τιναγμῷ
1424 992 1913 1060 συντινασσόμενος
1951 992 2046 1044 καὶ
2076 991 2259 1055 αὐτὸς,
2324 992 2419 1043 καὶ
2478 993 2828 1062 λογιζόμενος
2859 993 3072 1062 βέλτιον
3099 994 3349 1047 ἐνταυθοῖ
3382 997 3613 1063 μένοντά

352 1102 423 1151 με
450 1086 511 1137 τὸ
539 1076 693 1147 τέλος
717 1084 1011 1152 ὑπομένειν
1068 1083 1163 1137 τοῦ
1196 1083 1333 1153 βίου,
1372 1082 1439 1155 [Γ.
1508 1083 1609 1139 H8
1654 1084 1706 1155 ι’]
1744 1084 1871 1138 ἔνθα
1906 1085 1997 1137 καὶ
2033 1085 2161 1148 τοὺς
2210 1084 2349 1154 ὑπὲρ
2403 1084 2693 1147 εὐσεϐείας
2737 1085 2931 1148 ἄθλους
2974 1088 3031 1147 ἐς
3076 1086 3193 1140 τόδε
3243 1088 3545 1158 ἠνύσαμεν,
3577 1089 3611 1159 ἢ

348 1181 491 1250 πρὸς
523 1180 874 1251 ἀνθρωπίνας
904 1178 1236 1233 ἀποϐλέπειν
1269 1180 1615 1248 ἐπικουρίας.
2146 1226 2153 1232 .

423 1276 545 1330 AE'.
584 1277 737 1329 Ἐπεὶ
762 1276 807 1328 δ’
840 1272 933 1328 οὖν
960 1278 1111 1346 ὅμως
1141 1276 1277 1330 θεοῦ
1314 1278 1543 1345 προνοίᾳ
1578 1275 1923 1345 σεσώσμεθα.

2107 1274 2319 1340 XXXV,
2362 1274 2621 1330 Attamen
2667 1291 2789 1329 cum
2830 1274 2925 1329 Dei
2958 1275 3309 1345 providentia
3338 1291 3514 1331 essem
3544 1274 3612 1329 li-

346 1374 409 1433 ἑς
434 1370 529 1440 τὴν
562 1368 857 1438 ὑστεραίαν
899 1368 999 1439 ήδη
1050 1368 1243 1420 καὶτὰ
1286 1368 1395 1421 τῶν
1441 1368 1617 1420 ἄλλων
1650 1368 1924 1437 ἠκούομεν

2036 1365 2265 1420 beratus
2297 1366 2565 1437 periculo,
2601 1378 2823 1436 postero
2854 1367 2943 1421 die
2967 1384 3089 1445 quae
3118 1368 3227 1422 illis
3265 1367 3612 1437 contigerant
3672 1433 3683 1439 _

348 1460 524 1526 πάθη.
562 1459 699 1530 Περὶ
730 1454 805 1511 ὧν
835 1458 1117 1528 προϊόντες
1149 1457 1383 1527 ἐροῦμεν
1406 1456 1767 1527 πλατύτερον,
1804 1459 1927 1513 ἐπεὶ

2036 1461 2245 1524 audivi,
2280 1460 2346 1514 de
2379 1461 2583 1535 quibus
2612 1469 2801 1529 postea
2830 1460 3007 1515 dicam
3040 1460 3295 1529 amplius,
3329 1475 3453 1514 cum
3496 1474 3611 1512 am-

348 1553 448 1605 καὶ
479 1553 822 1620 πλατυτέρας
849 1551 1029 1603 ἐκεῖνα
1054 1550 1223 1603 δείται
1257 1551 1356 1620 τῆς
1386 1550 1651 1619 ἱστορίας.

2037 1553 2267 1621 pliorem
2311 1554 2634 1609 relationem
2679 1555 2979 1633 postulent.

484 1758 795 1774 h—

704 1926 707 1929 ·
802 1915 1840 2105 ΝΙΚΗΦΟΡΟΥ,
1907 1916 2253 2049 ΤΟΥ
2369 1916 3165 2048 ΓΡΗΓΟΡΑ
3303 1928 3315 1935 ·“

1170 2166 1975 2284 ΡΩΜΑΙΚΗΣ
2085 2164 2788 2280 ΙΣΤΟΡΙΑΣ

1650 2390 2017 2477 ΛΟΓΟΣ
2090 2384 2278 2481 KG)’
2295 2450 2318 2469 .

875 2751 1915 2911 NICEPHORI
2078 2753 3047 2912 GREGOR/E

1130 3045 2007 3163 ΒΥΖΑΝΤΙΝᾸΕ
2101 3053 2825 3169 HlSTORl/E

1174 3294 1530 3386 LIBER
1608 3296 2253 3399 VICESIMUS
2330 3294 2780 3387 NONUS.

412 3650 478 3724 [τ.
513 3648 619 3705 HS
660 3648 734 3720 r.]
764 3647 844 3702 A'.
884 3648 1045 3718 ΙἈρτι
1095 3646 1153 3702 δὲ
1199 3645 1295 3702 τοῦ
1327 3646 1476 3718 ἡλίου
1528 3648 1658 3717 περὶ
1704 3646 1915 3717 τροπὰς
1944 3649 1990 3710 Β

2090 3645 2251 3716 223
2293 3646 2334 3701 1.
2364 3648 2489 3718 ipso
2523 3648 2762 3703 solst'tio
2786 3647 3021 3705 brumali
3059 3650 3271 3706 redibat
3300 3650 3459 3705 nobis
3498 3649 3597 3707 bo-

334 3741 640 3813 γενομένου
698 3743 795 3804 τὰς
855 3739 1257 3809 φθινοπωρινὰς
1304 3735 1442 3812 ἧκεν
1499 3736 1657 3801 αὖθις
1710 3742 1842 3809 ἡμῖν
1886 3742 1914 3793 ό

2020 3754 2125 3792 nus
2176 3739 2621 3809 Agathangclus:
2683 3741 2825 3794 clam
2879 3756 2946 3797 ex
3020 3744 3421 3798 consuetudine
3474 3760 3595 3808 sua,

334 3839 508 3900 καλὸς
548 3836 972 3903 ’Δγαθὰγγελος,
1005 3835 1181 3904 λάθρα
1229 3836 1370 3888 κατὰ
1416 3835 1477 3888 τὸ
1524 3835 1715 3897 εἰωθὸς
1764 3834 1914 3904 αὐτῷ

2019 3828 2196 3881 media
2228 3829 2341 3881 fere
2367 3839 2568 3894 nocte;
2614 3844 2678 3883 ea
2711 3830 2821 3898 ipsa
2872 3832 3030 3891 liora.
3067 3849 3176 3903 qua
3235 3836 3414 3889 so‘eut
3466 3836 3594 3902 galli

339 3931 484 4000 μετὰ
516 3930 686 4000 μέσας
712 3947 815 3982 που
845 3928 1065 3991 νύκτας,
1096 3931 1154 3981 ἐν
1198 3922 1241 3997 ᾧ
1267 3930 1366 3998 τῆς
1399 3928 1549 3999 ὥρας
1586 3929 1825 3998 μάλιστά
1850 3946 1913 3995 γε

2019 3920 2133 3974 alas
2158 3919 2456 3975 extendere
2480 3928 2536 3973 et
2568 3919 2725 3973 tubas
2762 3929 2957 3976 natura
2987 3924 3179 3978 insitas
3248 3925 3465 3980 inﬂare.
3521 3927 3587 3980 Et

336 4022 705 4092 ἀλεκτρυόνες
748 4022 844 4083 τάς
886 4037 945 4073 τε
1002 4020 1281 4087 πτέρυγας
1332 4021 1606 4073 τινάσσειν
1655 4020 1915 4089 ἄρχονται

337 4118 437 4168 καὶ
496 4114 598 4176 τὰς
654 4112 927 4180 ἐμφύτους
978 4111 1381 4181 ἀνακρούεσθαι
1436 4111 1766 4178 σάλπιγγας.
1803 4112 1915 4162 Καὶ

338 4204 659 4277 προσειπὼν
711 4210 804 4257 καὶ
860 4202 1090 4266 καθίσας
1149 4188 1366 4272 πρῶτον
1427 4203 1526 4271 μὲν
1582 4200 1914 4269 ἐπυνθάνετο

339 4300 439 4366 τὴν
500 4297 682 4350 αἰτίαν
722 4296 823 4364 τῆς
850 4297 980 4365 παρ’
1010 4298 1158 4365 ἡμᾶς
1206 4295 1297 4348 τοῦ
1347 4293 1614 4365 βασιλέως
1654 4295 1912 4363 ἀφίξεως,

340 4386 517 4442 ἔπειτ’
578 4387 882 4456 ἀρξάμενος
920 4387 1010 4439 καὶ
1060 4388 1223 4449 αὐτὸς
1284 4386 1414 4457 περὶ
1463 4385 1573 4437 τῶν
1621 4386 1725 4452 ἔξω
1773 4385 1912 4457 διῄει

343 4480 691 4550 πραγμάτων
736 4481 865 4549 ἡμῖν
923 4476 999 4541 ὡς
1057 4475 1193 4549 ἦρός
1255 4496 1315 4532 τε
1382 4481 1478 4534 καὶ
1537 4479 1730 4548 θέρους
1785 4479 1913 4549 ἔσχε

347 4571 574 4643 μεταξύ.
624 4572 732 4624 Καὶ
797 4572 1017 4641 πρῶτον
1076 4570 1204 4640 περὶ
1262 4570 1355 4624 τοῦ
1418 4573 1714 4638 γενομένου
1771 4573 1911 4642 διῄει

345 4664 569 4732 σεισμοῦ
597 4664 669 4717 τά
694 4680 752 4717 τε
780 4664 915 4717 ἄλλα
952 4665 1046 4715 καὶ
1083 4663 1160 4725 ὡς
1191 4662 1433 4732 πολλαχῆ
1472 4664 1539 4715 τὰ
1572 4664 1668 4731 τῆς
1702 4662 1912 4726 πόλεως

346 4756 657 4818 Βυζαντίων
711 4758 1103 4825 κατενήνεκται
1168 4754 1346 4825 τείχη,
1398 4755 1493 4808 καὶ
1550 4754 1745 4808 πολλαὶ
1804 4755 1912 4806 τῶν

2016 4012 2258 4067 salutans
2283 4011 2686 4080 consideusque
2741 4012 2977 4079 primum
3015 4013 3317 4083 quaerebat,
3366 4031 3464 4069 cur
3498 4032 3593 4070 ri-x

2017 4105 2083 4159 ad
2112 4119 2212 4157 nos
2246 4106 2499 4158 venisset.
2538 4104 2738 4162 Deinde
2768 4120 2822 4163 et
2849 4108 2937 4161 ille
2985 4106 3259 4174 incipiens
3324 4109 3391 4161 de
3425 4109 3594 4162 rebus

2016 4196 2258 4249 externis
2286 4196 2616 4264 exponebat.
2644 4214 2765 4266 qua:
2799 4198 3026 4251 fuissent
3054 4197 3195 4249 inter
3224 4214 3319 4251 ver
3348 4209 3403 4253 et
3432 4215 3595 4253 a-s‘a-

2020 4295 2152 4341 tem.
2183 4287 2250 4340 Et
2282 4287 2515 4354 primum
2574 4289 2796 4358 quidem
2831 4289 3088 4342 narrabat
3141 4289 3208 4342 de
3244 4297 3399 4343 terra:
3442 4300 3593 4345 mutu

2015 4378 2245 4446 aliisque
2282 4378 2447 4431 rebus
2475 4387 2531 4432 et
2561 4377 2750 4431 multis
2793 4378 2928 4432 locis
2969 4378 3122 4432 urbis
3165 4378 3589 4449 Byzantinorum

2016 4484 2346 4524 murosesse
2368 4471 2674 4539 collapsos;
2715 4479 2771 4525 et
2825 4470 2993 4523 multa
3054 4472 3330 4525 domicilia
3381 4474 3593 4529 incolas

2014 4563 2290 4617 obruisse.
2325 4562 2554 4618 Urbium
2588 4562 2642 4616 in
2667 4561 3010 4616 Chersoneso
3040 4563 3272 4617 sitarum
3330 4566 3449 4619 aliae
3483 4584 3592 4620 una

2015 4673 2139 4712 cum
2171 4654 2546 4711 hominibusa
2587 4664 2734 4710 terra
2760 4657 2943 4710 subito
2977 4656 3163 4711 multis
3194 4657 3333 4712 locis
3369 4660 3441 4712 ibi
3502 4676 3594 4712 ru-

2015 4760 2105 4815 pta
2139 4755 2193 4800 et
2229 4745 2413 4800 hiante
2460 4746 2898 4812 hauriebantur;
2937 4747 3105 4820 225,
3134 4749 3201 4802 ad
3252 4750 3389 4803 alias
3443 4750 3590 4819 quod

343 4848 535 4901 οἰκιῶν
570 4850 696 4909 τοὺς
727 4842 1009 4907 οἰκοῦντας
1045 4848 1386 4916 κατέχωσαν.
1422 4846 1543 4898 Τῶν
1585 4846 1631 4898 δ’
1680 4848 1737 4899 ἐν
1771 4848 1910 4917 Χερ-
1970 4870 1997 4892 ι

2014 4839 2210 4893 attinet
2256 4839 2429 4895 muris
2486 4839 2541 4893 in
2600 4842 2790 4896 orbem
2834 4841 3131 4896 destructis
3193 4852 3251 4897 et
3290 4844 3591 4898 domiciliis

346 4943 557 5012 ρονήσῳ
606 4940 814 4993 πόλεων
857 4939 915 4992 ei
967 4940 1067 5008 μὲν
1113 4937 1415 4991 κατέδυσαν
1445 4936 1729 5009 αὔτανδροι
1753 4938 1909 5009 διαβ-

348 5033 606 5103 ῥαγείσης
650 5033 767 5084 ἐκεῖ
815 5031 911 5084 καὶ
952 5030 1265 5100 σχισθείσης
1312 5030 1473 5093 εὐθὺς
1514 5032 1611 5099 τῆς
1655 5031 1757 5098 γῆς
1786 5032 1913 5083 πολ-

340 5123 484 5194 λαχῆ
509 5142 523 5156 ·
554 5124 612 5177 αί
638 5124 695 5176 δὲ
722 5124 828 5176 τῶν
860 5124 1045 5192 κύκλῳ
1065 5122 1426 5176 διαλυθέντων
1459 5122 1772 5190 τειχῶνκαὶ
1801 5121 1913 5175 τῶν

345 5212 535 5265 οἰκιῶν
580 5214 701 5275 ταῖς
753 5212 1033 5274 πλείσταις
1092 5211 1577 5279 συμπεπτωκότων
1633 5212 1759 5273 τοὺς
1812 5210 1912 5279 μὲν

342 5304 452 5357 τῶν
475 5304 778 5374 οίκητόρων
822 5304 1038 5374 θανάτῳ
1070 5302 1233 5373 βιαίῳ
1264 5302 1735 5373 παραπεμφθῆναι
1769 5317 1911 5369 συμ-

2017 4928 2307 4984 maximam
2342 4940 2553 4999 partem
2584 4931 2841 5001 collapsis
2880 4933 3183 4987 incolarum
3246 4950 3375 5003 pars
3426 4937 3589 4991 murti

2016 5022 2269 5076 violenta:
2294 5023 2764 5089 committebatur,
2797 5040 2923 5093 pars
2953 5025 3131 5079 ultro-
3152 5027 3350 5081 vicinis
3384 5028 3591 5082 Barba-

2013 5114 2089 5169 ris
2111 5112 2305 5167 eodem
2329 5114 2419 5168 die
2447 5128 2506 5169 se
2537 5114 2806 5169 tradebat.
2832 5115 3150 5170 Praebuerat
3192 5118 3340 5172 enim
3388 5118 3590 5173 Canta-

2010 5220 2252 5260 cuzenus
2286 5222 2377 5260 rex
2422 5215 2549 5260 ante
2579 5207 2718 5260 duos
2744 5206 2859 5260 fere
2894 5222 3087 5272 annos,
3149 5221 3207 5262 ut
3246 5210 3453 5266 dictum
3482 5223 3586 5278 est,

2009 5311 2178 5350 unum
2218 5311 2285 5351 ex
2311 5296 2531 5365 oppidis
2575 5298 2695 5365 ejus
2720 5298 2957 5367 regionis
3009 5298 3164 5353 valde
3221 5304 3584 5366 munitorum,

344 5398 621 5459 πέπτωκε,
656 5396 781 5458 τοὺς
824 5394 877 5447 δὲ
922 5398 1035 5457 τοῖς
1079 5395 1453 5463 άστυγείτοσιν
1491 5394 1547 5459 ἐξ
1595 5394 1905 5461 αὐτομάτου

2012 5390 2154 5462 quod
2183 5391 2250 5445 iis
2266 5400 2411 5446 esset
2443 5391 2806 5445 domicilium.
2845 5389 2960 5446 Hoc
2990 5392 3156 5462 igitur
3184 5393 3347 5447 modo
3380 5401 3587 5461 paratae

341 5488 673 5559 προδοθῆναι
720 5486 1011 5558 βαρϐάροις
1056 5486 1389 5556 αὐθημερόν.
1439 5484 1545 5538 Τοῦ
1594 5486 1703 5554 γὰρ
1751 5483 1905 5554 βασι-

339 5579 474 5642 λέως
509 5577 970 5647 Καντακουζηνοῦ
1004 5578 1110 5647 πρὸ
1142 5577 1278 5630 ἐτῶν
1319 5594 1420 5630 που
1450 5577 1618 5639 δυοῖν,
1650 5576 1724 5640 ὡς
1754 5575 1906 5645 εἴρη-

338 5687 448 5732 ται,
485 5671 617 5738 μίαν
649 5670 755 5723 τῶν
796 5670 1154 5742 ὀχυρωτέρων
1191 5672 1307 5723 ἐκεῖ
1338 5669 1546 5722 πόλεων
1592 5668 1903 5740 παρασχόν-

337 5778 427 5824 τος
480 5763 666 5825 αὐτοῖς
715 5763 1049 5833 οἰκητήριον,
1078 5761 1219 5816 ὥστε
1264 5762 1407 5832 ἔχειν
1453 5759 1650 5823 αὐτοὺς
1693 5759 1898 5812 ἐπιτεί-

2011 5482 2082 5537 iis
2103 5490 2260 5536 erant
2292 5480 2630 5537 munitiones
2664 5490 2720 5535 et
2764 5483 3027 5537 auxilium
3086 5494 3276 5539 contra
3320 5482 3585 5536 Paleeolo-

1990 5589 2134 5643 ‘guiu
2168 5573 2422 5638 afﬁnem;
2460 5575 2517 5628 in
2556 5575 2781 5644 regione
2806 5576 3013 5632 diutius
3066 5592 3285 5633 manere
3323 5576 3423 5646 ipsi
3480 5589 3584 5629 uo-

2010 5666 2274 5733 luerunt;
2310 5666 2407 5721 scd
2431 5666 2695 5736 paulatim
2755 5679 3052 5740 evagantes
3105 5678 3321 5739 semper
3348 5678 3405 5723 et
3450 5667 3586 5721 diri-

2009 5759 2223 5829 pieutes
2243 5774 2310 5814 ex
2343 5757 2700 5815 ﬁnitimorum
2725 5762 3049 5832 oppidorum
3082 5764 3226 5830 agris
3258 5761 3403 5832 ipsos
3436 5759 3587 5816 viros
