4046 6290
333 329 430 391 197

1375 333 1811 393 ΒΥΖΑΝΤΙΝᾸΞ
1850 328 2230 390 I-lISTOBI/E
2255 328 2381 387 LIB
2423 329 2632 390 XXXI.

3481 325 3578 390 198

323 443 549 510 ὁμοίιος·
590 442 688 496 καὶ
734 446 798 514 τῇ
851 445 1047 500 ἑαυτοῦ
1109 445 1387 515 παρουσίᾳ
1445 445 1756 516 βεῦαιῶσας
1791 443 1890 498 καὶ

2012 443 2239 495 ιιιιιιὶιιπι
2264 455 2394 510 erga
2435 455 2494 496 se
2524 439 2709 501 Iidem,
2736 439 2829 506 qui
2873 447 3032 492 antea
3065 438 3283 498 inierant
3315 439 3580 510 ambigui,

323 519 646 604 ἐπιρρώσας
681 534 928 598 ἅπαντας
961 537 1042 598 είς
1079 535 1180 606 τὴν
1230 535 1426 588 ἑαυτοῦ
1473 537 1655 588 πίστιν
1691 536 1898 604 ἀμφιρ-

325 626 518 690 ρεπείς
549 623 632 676 τὸ·
653 626 921 704 πρότερον
966 628 1142 688 ὂντας.
1173 626 1328 689 τέλος
1371 628 1484 688 τοῖς
1515 625 1786 687 Τενεδίοις
1817 626 1899 678 λι-

327 714 488 781 μέσιν
519 715 1026 784 ὁρμίζεται.’Ἕνθα
1060 717 1124 786 δὴ
1175 718 1270 770 καὶ
1313 715 1501 787 μαθὼν
1544 717 1630 781 ὡς(
1674 717 1740 770 ὲκ
1769 717 1900 769 πολ-

324 805 423 858 λοῦ
479 810 764 878 τριήρεσιν
815 808 1010 861 ἕνδεκα
1064 806 1540 879 παρασκευάζοιτο
1573 808 1695 861 κατ’
1731 808 1897 860 αὑτοῦ

326 897 582 965 βασιλεὺς
624 895 658 950 ὅ
694 902 791 952 καὶ
841 900 1138 971 πενθερὸς,
1191 900 1429 954 ἐνταῦθα
1464 901 1558 952 καὶ
1591 900 1754 962 αὐτὸς
1805 899 1899 953 τοῦ

2005 532 2246 600 denique
2271 533 2325 586 in
2357 531 2564 592 Tenedi
2589 540 2807 600 portum
2868 530 3122 586 incurrit.
3191 531 3269 585 ibi
3311 533 3576 601 Comperit

2006 639 2073 678 ex
2103 623 2266 693 longo
2300 632 2543 690 tempore
2573 622 2828 677 undean
2883 632 3074 677 contra
3099 637 3156 678 se
3183 623 3364 691 parari
3396 637 3424 678 a
3453 639 3578 692 rege

2007 715 2303 778 triremes,
2363 725 2425 770 et
2485 714 2669 770 afﬁnis
2723 723 2778 768 et
2832 715 2947 783 ipse
3003 715 3077 768 ibi
3129 724 3316 784 postea
3373 715 3581 787 morari

2007 809 2183 866 voluit
2223 818 2278 862 et
2332 823 2398 862 ex
2452 808 2708 862 omnibus
2767 809 2996 862 rationis
3034 824 3097 864 ac
3133 808 3333 864 mentis
3373 822 3579 878 prmce-

2008 901 2119 970 ptis
2148 901 2414 970 impetum
2438 915 2562 956 esse
2586 900 2970 970 excipiendum
3005 901 3364 959 existimavit.

325 990 518 1043 λοιποῦ
545 992 817 1061 καθῆσθαι
865 996 1090 1062 κέκρικε
1136 995 1266 1058 δεῖν,
1294 995 1390 1047 καὶ
1459 994 1706 1055 ἁπάσαις
1765 993 1968 1064 ψήφοις
2012 994 2140 1063 ἅμα.
2160 993 2442 1064 λογισμῶν
2481 994 2576 1046 καὶ
2604 993 2785 1064 ψυχῆς
2837 995 3129 1081 προθέσεσι
3174 996 3264 1048 τὸν
3314 993 3578 1046 ἐπίπλουν

324 1085 660 1154 ἐκδέχεσθαι.

393 1179 479 1230 'l".
512 1178 732 1230 Τούτων
769 1179 815 1238 δ’
845 1175 990 1232 οὔτώ
1018 1178 1366 1249 χωρούντων,
1399 1181 1547 1247 ἔδοξε
1579 1181 1676 1234 καὶ
1719 1181 1901 1235 Παλα-

330 1273 412 1340 μᾷ
454 1270 532 1340 τῷ
572 1271 824 1328 δυσσεϐεῖ
858 1273 1098 1341 Πρόκλον
1139 1274 1281 1338 τινὰ,
1321 1274 1654 1342 πλασαμένῳ
1685 1275 1899 1342 πρόφα-

329 1379 442 1427 σιν,
499 1365 554 1427 ἐς
591 1363 885 1428 Βυζάντιον
925 1365 1222 1432 ἀφικέσθαι
1259 1367 1530 1419 πλείστων
1561 1367 1748 1432 ἕνεκα,
1776 1369 1896 1432 ἑνὸς

329 1454 435 1521 μὲν
477 1455 560 1506 ἵνα
613 1453 1067 1526 Καντακουξηνὺν
1119 1458 1344 1528 ὲρεθίσῃ
1388 1460 1480 1512 τὸν
1533 1459 1760 1529 βασιλέα
1810 1479 1902 1514 τε·-

325 1547 497 1609 λείοις
525 1547 769 1618 ὀλέθροις
802 1551 927 1611 τοὺς
951 1553 1051 1616 τῆς
1088 1552 1371 1614 εὐσεϐείας
1407 1556 1724 1624 προμάχους
1743 1556 1900 1625 ἡμᾶς

326 1635 725 1706 παραπέμψαι,
761 1636 1014 1708 δεύτερον
1043 1641 1089 1693 δ’
1129 1641 1216 1694 ἵνα
1263 1645 1361 1695 καὶ
1382 1644 1498 1704 ’τὰς
1533 1644 1688 1706 αὖθις
1720 1643 1900 1698 αὐτῶν

324 1728 530 1779 νεωστὶ
589 1731 965 1798 γεγενημένας
1034 1733 1176 1786 κατὰ
1226 1735 1327 1803 τῆς
1363 1735 1664 1798 εὐσεϐείας
1707 1737 1901 1806 ἑτέρας

2017 1209 2023 1214 -
2076 1180 2168 1235 ιιι.
2206 1192 2337 1247 Qua;
2367 1196 2488 1235 cum
2517 1181 2587 1235 ita
2623 1193 2810 1236 essent:
2838 1193 2891 1236 et
2919 1183 3150 1237 Paiamm
3175 1182 3448 1252 improbo,
3481 1185 3578 1253 qn]

2006 1273 2258 1327 Proclum
2311 1275 2602 1342 quemdam
2661 1274 3122 1337 circumvenerat,
3158 1290 3322 1328 causa
3385 1275 3578 1329 adesse

2007 1364 2296 1418 videbatur
2319 1381 2503 1420 rerum
2541 1365 2906 1432 complurium
2943 1382 3106 1420 causa
3156 1367 3316 1435 227
3347 1366 3570 1434 petendi

2003 1457 2266 1526 Byzantii.
2302 1455 2366 1509 Et
2395 1458 2632 1525 primum
2668 1457 2889 1526 quidem
2915 1469 2972 1512 ut
2993 1457 3436 1528 Cantacuzenum
3475 1459 3582 1512 im-

2002 1551 2253 1619 pelleret,
2310 1559 2369 1603 ut
2399 1564 2499 1604 nos
2518 1549 2802 1619 religionis
2845 1566 2996 1606 verae
3057 1551 3379 1618 praesidium
3424 1549 3578 1604 durae

2006 1639 2253 1694 traderet
2274 1641 2461 1694 morti:
2525 1640 2724 1694 deinde
2760 1653 2816 1694 ut
2849 1644 2986 1696 alios
3023 1642 3196 1701 libros
3217 1657 3391 1710 nuper
3445 1657 3578 1696 con-

2005 1741 2084 1784 tra
2126 1747 2308 1785 veram
2336 1731 2652 1800 religionem
2705 1733 2940 1799 scriptos
2974 1731 3288 1800 Byzantinis
3332 1732 3579 1786 mitteret

328 1817 552 1885 βίϐλους
583 1823 695 1883 τοῖς
727 1819 1044 1884 Βυζαντίοις
1102 1824 1325 1894 προθείη
1378 1826 1744 1893 διδασκαλίαν,
1773 1829 1901 1880 ἀκό-

2012 1832 2056 1876 et
2082 1839 2200 1876 eam
2231 1823 2453 1892 quidem
2495 1823 2823 1882 doctrinam,
2852 1838 2973 1891 qua:
3005 1822 3235 1876 favebat
3273 1824 3442 1876 veteri
3498 1823 3576 1876 illi

324 1911 522 1964 λουθον
565 1912 666 1979 μὲν
705 1916 772 1982 τῇ
809 1915 939 1983 πρὶν
983 1917 1170 1989 ἐκείνῃ
1212 1917 1472 1988 πολυθεῖᾳ
1500 1920 1746 1989 τάνδρὸς,
1781 1939 1902 1976 και-

325 2003 746 2072 νοφανεστέραν
765 2005 811 2057 δ’
842 2006 936 2060 οῦν
962 2009 1038 2070 είς
1061 2010 1270 2071 -κακίας
1297 2010 1633 2080 ὑπερϐολήν·
1661 2012 1758 2068 καὶ
1788 2015 1902 2079 τρι-ο

325 2111 428 2146 τον
492 2095 580 2147 ἶνα
627 2097 724 2149 καὶ
779 2097 991 2167 βασιλεῖ
1035 2101 1480 2173 Καντακουζηνῷ
1539 2105 1638 2164 τὰς
1694 2105 1903 2168 οίκείας

324 2184 501 2254 εὐχὰς
530 2186 898 2257 φυλακτήριον
925 2189 1068 2242 κατὰ
1103 2191 1467 2262 Πὶαλαιολόγου
1501 2194 1784 2262 χαρίσαιτο
1809 2195 1904 2247 τοῦ

325 2277 612 2346 γαμϐροῦ,
639 2279 857 2348 ἥδιστον
900 2281 997 2333 καὶ
1030 2283 1174 2351 μάλα
1205 2285 1268 2350 γέ
1300 2301 1384 2338 τοι
1416 2284 1665 2338 ποθεινὸν
1693 2286 1906 2354 ἑφόδιον

326 2370 509 2440 αὐτῷ.
555 2371 703 2430 Ἐπεί
724 2390 786 2438 τε
829 2374 936 2444 μὴν
962 2369 1057 2428 καὶ
1084 2376 1308 2439 ὁλκάδος
1339 2377 1533 2446 ἔτυχεν
1566 2380 1630 2431 ἐκ
1670 2379 1778 2430 τῶν
1806 2380 1906 2446 τῆς

324 2460 991 2531 Θεσσαλονίκηςλιμένων
1012 2464 1314 2535 μελλούσης
1358 2466 1673 2534 ἀνάγεσθαι,
1724 2467 1906 2536 φέρων

328 2548 439 2602 καὶ
461 2550 623 2612 αὐτὸς
681 2554 876 2615 ἑαυτὸν
919 2556 974 2616 ἐς
1003 2555 1173 2625 αὐτὴν
1209 2557 1554 2626 ἐμϐεϐλήκει.
1583 2559 1692 2612 Καὶ
1742 2559 1904 2627 μέχρι

331 2637 448 2704 μὲν
477 2639 584 2694 τῶν
602 2641 1036 2708 Ἑλλησποντίων
1067 2645 1334 2716 πορθμῶν
1359 2648 1417 2712 ἐξ
1440 2649 1624 2717 οὐρίας
1644 2644 1779 2718 ἦγεν
1807 2649 1906 2700 αὺ-

330 2727 471 2791 τοὺς
499 2729 762 2795 πελάγιον
794 2733 940 2786 κατὰ
966 2733 1224 2802 πρύμναν
1247 2734 1305 2788 τὸ
1346 2735 1562 2804 πνεῦμα
1583 2737 1904 2806 φερόμενον

327 2817 577 2873 ἐνταῦθα
616 2820 662 2872 δ’
693 2820 858 2880 αὐτοῦ
915 2822 1176 2890 λήξαντος
1207 2824 1302 2877 καὶ
1350 2822 1463 2878 οἷον
1493 2828 1670 2879 εἰπεῖν
1700 2844 1908 2896 νεκρω-

326 2913 524 2977 θέντος
559 2916 817 2986 ἐξαίφνης
854 2920 1086 2988 νηνεμία
1131 2921 1316 2989 μακρὰ
1369 2921 1600 2990 κατέσχε
1635 2925 1696 2976 τὸ
1741 2924 1908 2976 πελα-

328 3023 437 3072 γος
481 3008 579 3060 καὶ
603 3059 606 3062 _
630 3009 886 3076 ἀκίνητον
923 3007 1039 3080 εἶχε
1081 3011 1179 3078 τὴν
1209 3012 1408 3071 ὁλκάδα
1437 3012 1635 3076 τελέως
1671 3015 1904 3082 ἐκείνην,

330 3096 429 3150 ἐπ’
471 3099 720 3170 ἀγκύρας
763 3103 892 3169 μιᾶς
943 3102 1179 3172 ἡμέραιν
1235 3104 1381 3158 δυοῖν
1431 3105 1783 3159 σαλεύουσαν.
1822 3107 1900 3176 Τῇ
1935 3153 1978 3211 C

329 3189 396 3242 δὲ
445 3191 604 3263 τρίτῃ
656 3194 1094 3262 προσελάσαντες
1127 3197 1190 3248 ὲκ
1225 3196 1377 3249 δυοῖν
1421 3199 1690 3263 ποταμοῖν
1715 3238 1729 3262 ,
1768 3199 1908 3252 Σκα-

337 3282 582 3350 μάνδρου
638 3297 699 3336 τε
751 3288 846 3338 καὶ
896 3286 1202 3356 Σιμόεντος.
1250 3287 1299 3340 οἳ
1357 3288 1565 3351 πόλεως
1610 3289 1908 3352 ’Δσιάτιδος

261 3430 266 3434 _
330 3376 630 3444 Δαρδάνου·
661 3381 1071 3449 καταρρέουσιν
1135 3381 1218 3448 ἐφ’
1256 3383 1510 3450 ἑκάτερα,
1565 3385 1908 3450 πειρατικοῐς

329 3483 448 3520 τισι
479 3467 705 3537 λέμϐοις
733 3471 782 3522 οί
812 3470 1078 3540 βάρϐαροι
1099 3473 1302 3541 ταύτην
1331 3473 1578 3542 αἱροῦσιν
1614 3472 1902 3541 ἀναιμωτί.

333 3561 451 3616 Καὶ
511 3562 647 3629 πρὸς
685 3561 964 3628 αἰγιαλοὺς
1013 3562 1446 3624 καθελκύσαντες
1483 3563 1744 3628 ἑκείνους,
1776 3561 1908 3614 ἔνθα

329 3653 434 3704 καὶ
479 3651 588 3704 τῶν
629 3653 902 3722 Ὑρκανοῦ
954 3655 1048 3708 τοῦ
1096 3653 1377 3722 σατράπου
1434 3655 1594 3707 υἱέων
1647 3656 1738 3707 τὸν
1772 3671 1908 3724 πρε-

335 3743 608 3810 σϐύτερον
657 3742 959 3811 τηνικαῦτα
1015 3741 1320 3810 συνηνέχθη
1360 3743 1646 3809 παρεῖναι,
1681 3742 1773 3794 τὸν
1805 3745 1905 3807 τῆς

331 3834 562 3896 ὁλκάδος
599 3835 813 3888 ἅπαντα
848 3835 1044 3902 φόρτον
1093 3833 1307 3886 ἐκείνου
1353 3831 1640 3902 βλέποντος
1673 3833 1907 3898 ἐξετίθε-

335 3928 441 3982 σάν
471 3944 532 3980 τε
576 3927 670 3982 καὶ
702 3927 1023 3996 ὲξεφόρουν’
1064 3925 1123 3996 [ί.
1163 3926 1265 3979 119
1303 3923 1380 3996 υ.]
1418 3925 1540 3995 μεθ’
1569 3921 1644 3979 ὧν
1667 3925 1764 3995 ήδη
1815 3924 1908 3977 καὶ

340 4021 612 4089 “alapis;
656 4020 895 4088 ἐξήγετο·
933 4020 1028 4072 καὶ
1061 4017 1326 4086 γνωσθεὶς
1351 4018 1500 4080 ὅστις
1541 4018 1626 4083 εἴη
1665 4019 1756 4069 τὸν
1787 4017 1908 4085 τρό-

339 4134 444 4170 πον
473 4117 572 4168 καὶ
605 4114 704 4184 τὴν
729 4112 903 4178 ἀξίαν,
937 4113 994 4166 ού
1029 4113 1186 4180 μόνον
1207 4113 1270 4164 ὲκ
1298 4113 1395 4179 τῆς
1419 4109 1670 4180 δαψιλοῦς
1696 4109 1909 4180 ἐκείνης

339 4210 537 4271 ὑλαίας
580 4205 895 4272 ἀποσκευῆς
923 4243 938 4269 ,
993 4204 1129 4258 ἀλλὰ
1181 4201 1286 4266 κάξ
1342 4197 1416 4256 ὧν
1449 4201 1512 4253 ὲν
1543 4203 1655 4263 τοῖς
1685 4200 1908 4260 κόλποις

340 4305 616 4372 ἔκρυπτεν
647 4298 893 4368 ἀργύρου
925 4314 982 4349 τε
1011 4298 1106 4349 καὶ
1154 4293 1356 4365 χρυσοῦ
1382 4293 1733 4361 νομισμάτων
1761 4309 1910 4360 παμ-

342 4393 582 4458 πόλλων,
633 4389 846 4449 πολλοῖς
899 4387 1058 4448 εὐθὺς
1122 4386 1218 4444 καὶ
1241 4385 1400 4462 ’πρὸς
1453 4383 1559 4436 τῶν
1620 4381 1910 4451 βαρϐαρων

2005 1915 2243 1983 plurium
2273 1915 2709 1969 deorum.cultni
2758 1915 2989 1967 nimium
3037 1915 3317 1983 improbe;
3367 1923 3422 1968 et
3463 1923 3575 1966 ter-

2007 2005 2168 2066 tium,
2206 2013 2264 2060 ut
2310 2003 2694 2058 Cantacuzeno
2735 2007 2848 2072 regi
2900 2003 3230 2057 domesticas
3288 2012 3575 2072 pra-staret

2006 2107 2220 2160 preces,
2272 2093 2588 2162 praesidium
2635 2101 2826 2146 contra
2879 2091 3268 2160 Palmologum,
3330 2093 3576 2155 afﬁnem,

2006 2183 2379 2240 dulcissimum
2404 2183 2830 2254 etsummOpere
2866 2182 2969 2252 ipsi
3013 2183 3388 2240 desideratum
3418 2183 3579 2238 viati-

2004 2269 2152 2330 cum.
2183 2274 2319 2330 Cum
2345 2286 2398 2329 et
2434 2276 2588 2330 navis
2633 2276 2887 2329 oneraria
2919 2291 2948 2329 e
2981 2275 3382 2345 Thessalonicae
3415 2288 3576 2345 portu

2009 2373 2228 2418 vectura
2259 2379 2319 2419 se
2347 2366 2635 2432 praeberet,
2672 2366 2788 2434 ipse
2819 2381 2940 2420 eam
2975 2367 3372 2421 conscenditet
3405 2383 3578 2437 usque

2007 2456 2071 2512 ad
2106 2455 2306 2512 fretum
2341 2456 2756 2524 HelleSpontum
2794 2473 2891 2512 eos
2948 2460 3203 2526 portabat
3256 2470 3451 2514 ventus
3490 2477 3578 2514 sc-

2007 2549 2218 2606 cunilus
2239 2548 2292 2602 in
2323 2547 2541 2616 puppim
2577 2548 2840 2603 incidens.
2870 2549 2966 2605 Hic
2989 2566 3120 2604 vero
3153 2567 3220 2604 eo
3246 2561 3494 2606 cessante
3520 2562 3575 2607 et

2009 2647 2069 2692 ut
2090 2637 2162 2694 ila
2179 2637 2355 2692 dicam
2382 2639 2651 2697 moriente
2681 2641 2863 2696 subito
2885 2641 3110 2694 malacia
3141 2657 3333 2711 magna
3359 2645 3573 2699 tenebat

2009 2742 2183 2787 mare.
2223 2735 2277 2779 ct
2310 2727 2466 2795 plane
2501 2729 2782 2784 immotam
2815 2730 3085 2786 retinebat
3125 2747 3320 2788 navem
3354 2734 3408 2788 in
3471 2750 3576 2786 una

2009 2819 2256 2878 anchora
2283 2819 2507 2878 biduum
2566 2820 2935 2876 vacillantem.
2991 2822 3179 2878 Tertio
3209 2824 3298 2877 die
3363 2815 3587 2878 advecti

2009 2927 2076 2966 ex
2105 2912 2324 2970 duobus
2367 2913 2569 2978 ﬂuviis,
2629 2913 2964 2969 Scamandro
3007 2924 3056 2969 et
3118 2915 3421 2982 Simoente,
3484 2921 3575 2987 qui

2011 3001 2137 3071 inde
2165 3017 2192 3055 a
2222 3003 2491 3065 Dardano,
2527 3003 2664 3058 urbe
2703 3004 2946 3060 Asiatica
2981 3004 3179 3072 ﬂuunt,
3230 3007 3318 3062 illa
3367 3009 3580 3078 cymbis

2010 3094 2256 3162 piraticis
2307 3095 2534 3156 Barbari
2564 3097 2712 3152 nullo
2738 3096 2916 3153 eﬂ'uso
2940 3099 3204 3168 sanguine
3231 3099 3386 3168 potiti
3427 3109 3577 3162 sunt.

2013 3195 2068 3240 et
2091 3187 2157 3243 ad
2186 3188 2372 3242 littora
2419 3189 2543 3244 illos
2577 3185 2960 3254 ahdueebant,
2993 3199 3053 3245 ut
3081 3192 3153 3246 ibi
3182 3192 3396 3260 Satrapi
3438 3193 3580 3264 Hyr-

2018 3281 2140 3335 cani
2171 3280 2420 3335 liliorum-
2457 3289 2587 3336 natu
2617 3282 2790 3351 major
2827 3296 2896 3336 eo
2927 3292 3174 3353 tempore
3205 3285 3424 3342 adesset
3481 3302 3575 3340 ae-

2015 3370 2173 3434 cidit,
2215 3381 2375 3440 atque
2403 3388 2564 3428 omne
2599 3374 2754 3429 navis
2781 3389 2924 3429 onus
2951 3390 3018 3429 eo
3055 3376 3380 3444 inspiciente
3409 3393 3578 3447 expo-

2016 3465 2248 3520 nebatur
2297 3477 2354 3521 et
2401 3469 2812 3535 exportabatur.
2839 3467 2976 3522 Cum
3035 3470 3102 3526 iis
3134 3470 3382 3526 Palamas
3436 3473 3574 3526 edu-

2015 3554 2366 3622 cebatur;-et
2391 3559 2631 3626 agnitus,
2654 3559 2832 3626 qualis
2859 3569 3006 3614 esset
3044 3570 3100 3613 et
3137 3563 3384 3617 moribus
3418 3572 3470 3617 et
3499 3565 3584 3616 di-

2015 3646 2220 3713 gnitate
2251 3663 2361 3702 non
2419 3651 2595 3703 solum
2640 3661 2864 3719 prepter
2907 3654 3179 3707 immanes
3223 3650 3580 3725 ingentesque

2014 3739 2180 3809 228
2210 3743 2477 3806 sarcinas,
2509 3743 2604 3798 sed
2635 3747 2800 3799 etiam
2833 3762 2899 3799 ex
2955 3746 3021 3799 iis
3051 3763 3174 3818 quae
3205 3750 3258 3802 in
3296 3750 3418 3802 sinu
3451 3751 3584 3804 late-

2016 3833 2170 3896 bant,
2204 3835 2480 3902 argenteis
2504 3846 2558 3888 et
2586 3838 2768 3889 aureis
2815 3839 3057 3893 nummis
3086 3839 3360 3907 plurimis,
3388 3842 3582 3894 convi-

2016 3924 2120 3977 ciis
2161 3924 2345 3977 statim
2382 3925 2569 3979 multis
2596 3941 2625 3979 a
2677 3927 2936 3981 Barbaris
2974 3929 3449 3997 perstringebatur
3483 3947 3582 3983 an-

2018 4029 2215 4084 rcsque
2241 4017 2362 4083 ejus
2393 4017 2580 4070 multis
2611 4018 2926 4086 opprobriis
2979 4019 3368 4087 implebantur.
3421 4021 3581 4075 Dice-

2019 4103 2151 4160 bant
2179 4107 2350 4173 enim,
2382 4105 2589 4161 Docere
2619 4107 2788 4162 debes
2815 4093 2970 4173 alios,
3004 4111 3307 4164 secundum
3356 4120 3579 4165 tuorum

2017 4207 2410 4266 praeceptorum
2451 4215 2700 4256 normam
2745 4202 2908 4254 vitam
2955 4216 3150 4270 gerere
3174 4193 3586 4271 impedimento

2018 4300 2208 4348 ειν-ωε
2241 4306 2492 4357 vacuam,
2529 4293 2640 4350 vita
2674 4307 2763 4346 tua
2811 4292 2983 4362 ipsius
3009 4294 3176 4347 animi
3204 4294 3281 4348 tui
3319 4296 3584 4364 improbi.-

2021 4395 2188 4438 tatem
2231 4385 2430 4453 retegis
2453 4386 2729 4455 simulque
2773 4386 3071 4456 discipulos
3125 4396 3249 4441 tuos
3287 4392 3580 4468 contraria

341 4484 602 4537 ἐϐάλλετο
625 4483 739 4542 τοῖς
769 4478 1071 4548 σκώμμασι
1117 4465 1237 4536 κατ
1263 4475 1465 4544 πολλῆς
1496 4475 1562 4529 τὰ
1593 4469 1706 4528 ὦτα
1737 4475 1908 4544 ἐμπέ-

2019 4475 2204 4530 doccs'.
2238 4474 2375 4530 Cum
2424 4477 2591 4530 etiam
2647 4478 2770 4531 libri
2832 4480 2953 4548 ejus
3001 4465 3475 4548 expromerentur,
3524 4484 3578 4536 in

341 4577 606 4644 πλησται,
639 4572 835 4644 χλεύης
862 4610 877 4638 ,
929 4569 1198 4636 λεγόν.ων
1237 4566 1311 4628 ὡς
1351 4567 1636 4626 Διδάσκειν
1680 4565 1912 4633 ὀφείλων

344 4671 590 4738 ἑτέρους,
619 4666 898 4734 ἄνθρωπε,
948 4666 1089 4716 κατὰ
1137 4662 1238 4730 τὴν
1265 4661 1377 4712 τῶν
1423 4660 1534 4712 σῶν
1579 4657 1912 4712 διδασκάλων

2019 4581 2354 4634 unoquoque
2386 4569 2666 4635 qua-rcbat
2696 4568 2989 4634 Barbarus,
3021 4571 3150 4639 quid
3189 4572 3264 4625 sit
3317 4582 3371 4626 et
3397 4575 3588 4642 cujus-

2016 4673 2144 4712 nam
2183 4673 2346 4726 opus.
2379 4659 2446 4712 Et
2469 4658 2713 4724 discens,
2742 4663 3036 4716 nonnullos
3080 4663 3154 4717 ab.
3191 4663 3308 4732 ipso
3359 4663 3580 4720 Palama

344 4758 670 4829 νομοθεσίαν
701 4757 790 4810 τὸν
825 4755 1058 4833 ἄσκευον
1112 4769 1172 4804 τε
1220 4753 1315 4806 καὶ
1357 4751 1593 4820 ἄχαλκον
1647 4749 1784 4820 βίον,
1827 4749 1908 4818 ερ-

2015 4766 2138 4804 esse
2165 4753 2530 4821 conscriptos,
2585 4755 2638 4806 in
2669 4753 2906 4808 medium
2940 4770 3089 4808 mare
3112 4756 3294 4808 statim
3352 4772 3448 4810 eos
3483 4759 3583 4810 in»

344 4867 462 4918 γοις
513 4850 698 4910 αὐτοῖς
752 4846 918 4908 αὐτὸς
961 4847 1057 4912 τήν
1095 4859 1156 4900 τε
1203 4843 1321 4911 τῆς·
1356 4841 1456 4909 σῆς
1507 4840 1916 4902 ἁνακαλύπτεις

343 4942 522 5010 ψυχῆς
571 4938 877 5011 μοχθηρίαν
917 4936 1008 4990 καὶ
1053 4937 1170 5003 ἆμα
1219 4931 1482 4988 τάναντία
1529 4931 1737 4992 πείθεις
1788 4933 1916 4993 τοὺς

347 5035 645 5104 ἑπομένους
677 5048 763 5090 σοι,
791 5032 943 5100 δρᾲν.
974 5029 1134 5096 ’Λρτι
1164 5028 1220 5080 δὲ
1257 5027 1360 5078 καὶ·
1389 5026 1494 5090 τῷν
1519 5025 1718 5095 βίϐλων
1749 5022 1915 5076 αὐτοῦ

348 5125 834 5194 προκομιζομένων
873 5121 1056 5191 ἠρώτα
1111 5121 1230 5174 καθ’
1261 5122 1492 5180 ἕκαστον
1521 5123 1548 5172 ὁ
1581 5118 1854 5188 βάρϐαρος
1888 5119 1914 5170 ὃ

346 5235 398 5271 τι
428 5234 486 5268 τε
511 5216 598 5283 είη
628 5217 722 5267 καὶ
753 5216 876 5267 ὅτου
907 5215 968 5265 τὸ
1005 5216 1186 5283 ἔργον.
1232 5213 1338 5267 Καὶ
1358 5211 1502 5266 οὕτω
1530 5210 1818 5280 μανθάνων
1848 5211 1916 5268 τὰ

352 5313 449 5382 μὲν
480 5312 628 5382 αύτῷ
653 5309 889 5379 Παλαμᾷ
920 5308 1307 5378 συγγραφέντα
1337 5306 1479 5358 κατὰ
1521 5305 1695 5374 μέσης
1732 5319 1914 5372 παρα-

348 5406 538 5475 χρῆμα
575 5403 790 5478 κελεύει
837 5402 1063 5470 ῥιφῆναι
1093 5401 1392 5468 θαλάσσης,
1421 5394 1598 5466 οἶμαι,
1627 5399 1723 5464 τῆς
1766 5395 1916 5457 θείας

346 5498 590 5566 ἀοράτως
650 5495 788 5566 πρὸς
832 5493 992 5546 τοῦτο
1039 5491 1295 5559 κινούσης
1334 5490 1594 5559 προνοίας
1623 5529 1636 5554 ,
1692 5488 1778 5540 ἵνα
1841 5488 1916 5555 μὴ

349 5590 670 5657 σεσωσμένοι
726 5587 928 5652 πολλῆς
983 5603 1040 5637 τε
1098 5594 1191 5636 καὶ
1235 5584 1504 5664 νεωτέροις
1545 5583 1641 5648 τῆς
1675 5581 1914 5641 ἀσωτίας

353 5683 677 5752 ὲμπλήσωσι
716 5683 814 5744 τὰς
874 5696 936 5746 γε
999 5677 1106 5730 τῶν
1161 5675 1544 5752 ἁπλουστέρων
1595 5673 1918 5742 ψυχὰς-καὶ

354 5775 510 5837 αὐτά.
555 5774 627 5825 Τό
676 5789 736 5840 γε
801 5774 906 5842 μὴν
955 5771 1097 5823 θεῖον
1155 5768 1247 5822 τοῦ
1296 5766 1531 5836 Χριστοῦ
1580 5764 1916 5830 Εὑαγγέλιον

2019 4843 2187 4911 mergi
2233 4843 2410 4912 jubet,
2445 4843 2614 4898 credo
2663 4845 2894 4900 numine
2923 4845 3110 4900 divino
3166 4847 3452 4917 invisoquc
3509 4850 3582 4902 ita

2020 4935 2364 5000 iustituente,
2394 4952 2461 4990 ne
2494 4939 2694 4991 servati
2727 4938 2806 4991 illi
2829 4940 2978 5007 ipsos
3017 4939 3316 5008 proborum
3371 4940 3587 4993 animos

2018 5027 2186 5080 multa
2226 5036 2283 5082 et
2343 5028 2643 5084 recentiori
2695 5029 2786 5084 illa
2839 5029 3190 5098 improbitate
3265 5030 3582 5097 implerent,

2029 5131 2288 5174 sanctum
2323 5128 2507 5174 autem
2565 5119 2771 5174 Chrisu
2819 5121 3168 5190 Evangelium
3234 5123 3405 5177 multa
3456 5138 3582 5178 cum

2019 5210 2355 5264 verecundia
2447 5212 2632 5268 colere
2702 5213 2854 5281 juxta
2931 5213 3251 5280 psalterium
3326 5213 3583 5275 Davidis,

2017 5304 2054 5356 ii
2094 5304 2188 5372 qui
2223 5315 2336 5356 tum
2388 5319 2572 5358 secum
2623 5304 2954 5372 erantjnssi
3006 5313 3156 5357 sunt.
3224 5304 3382 5360 Soliti
3425 5312 3586 5356 erant

2017 5398 2181 5449 etiam
2247 5395 2532 5448 ismaclitae
2598 5397 2778 5448 colere
2849 5410 2972 5448 cum
3034 5411 3229 5450 omnes
3287 5395 3584 5464 prophetas

2020 5498 2132 5541 tum
2159 5491 2328 5540 etiam
2397 5487 2679 5540 Christum
2743 5486 3177 5556 redemptorem,
3228 5487 3432 5555 quippe
3487 5487 3584 5554 qui

2016 5588 2161 5632 esset
2187 5592 2328 5628 unus
2361 5591 2390 5629 e
2419 5575 2719 5644 prophetis.
2760 5576 2962 5631 Deinde
3001 5578 3154 5630 illum
3211 5576 3440 5646 jubebat
3467 5576 3585 5630 Suis

2018 5669 2360 5724 vestimentis
2411 5668 2639 5731 nudari;
2679 5669 2782 5722 alia
2808 5685 2934 5723 vero
2990 5679 3040 5722 (-t
3069 5670 3264 5723 detrita
3320 5668 3393 5720 illi
3428 5668 3582 5724 indui

2018 5777 2253 5832 eumque
2293 5762 2350 5815 iu
2380 5763 2680 5815 custodiam
2702 5761 2920 5816 canium
2947 5761 3256 5815 institorum
3289 5762 3584 5816 emendum
