4046 6290
502 307 606 370 199
1679 301 2104 363 NICEPHORI
2144 297 2529 360 GREGORIE
3639 288 3753 352 2ῡο

491 421 895 479 committebat.
955 420 1019 475 Et
1090 419 1323 492 iubebat
1375 418 1425 472 ei
1479 416 1645 471 etiam
1695 416 1909 486 ﬂagella
1970 414 2064 467 ad-

2165 406 2321 485 ¹μετά
2371 414 2467 468 τοῦ
2510 410 2803 467 Δαυῖτικοῦ
2853 409 3131 480 ψαλτῆρος
3200 406 3340 461 αίδοί
3397 404 3574 475 πολλῇ
3620 407 3751 468 τοὺς

495 513 695 577 biberi,
724 512 889 582 229
919 520 979 565 ιιι
1032 511 1208 579 major
1270 508 1535 564 evaderet
1585 522 1746 577 poena
1790 506 2063 573 simulque

2170 508 2408 570 οἰκείους
2428 508 2614 576 τηρεῖν
2637 503 2961 559 ἐνετέλλετοο
2986 500 3253 555 εἰώθεσαν
3270 497 3380 566 γὰρ
3401 498 3493 551 καὶ
3515 497 3755 565 Ἰσμαη-

490 609 884 663 sodomitisum
916 615 972 661 et
1016 604 1452 660 arrlienoutauiae
1491 603 1684 657 vitium
1718 612 1930 655 natura:
1978 616 2066 654 re-

495 714 767 769 pugnans.
817 699 1031 758 Nescio.
1080 708 1264 752 utrum
1318 695 1424 748 tale
1483 694 1616 763 quid
1664 692 1733 747 ad
1794 692 2067 746 Christia-

494 808 597 845 nos
629 802 818 860 captos
842 789 1151 844 illudcndos
1179 788 1356 842 facere
1407 786 1644 851 soleant,
1708 800 1779 838 an
1816 784 2068 837 tribuen-

494 886 623 937 dum
655 885 728 938 sit
782 883 980 936 divinae
1027 895 1412 950 supremoque
1456 879 1705 949 justitiae,
1755 878 1851 947 qui
1886 877 2067 931 virum

496 977 670 1037 illum,
708 973 1075 1043 improbitatis
1137 972 1441 1042 grassantis
1490 970 1646 1039 quasi
1703 969 1899 1024 ducem
1932 970 2068 1038 Bar-

496 1067 752 1119 barorum
780 1064 1033 1117 manibus
1058 1063 1307 1125 tradidit,
1343 1077 1411 1114 ne
1444 1062 1648 1114 lateret
1690 1076 1807 1125 eos,
1859 1060 1951 1128 qui
1984 1076 2069 1114 re-

496 1169 617 1205 rum
655 1152 966 1206 divinarum
1003 1162 1135 1206 sunt
1172 1150 1551 1219 imperitiores
1601 1151 1685 1204 vel
1742 1151 2071 1204 incuriosiu-

496 1260 604 1304 res,
634 1242 1113 1310 ﬂagitiosissimum
1131 1244 1254 1312 ejus
1274 1242 1598 1295 consilium.
1626 1240 1720 1294 Sic
1748 1241 2069 1309 superbiam

492 1334 736 1401 appellat
784 1334 1068 1403 superbia,
1093 1342 1150 1387 et
1178 1332 1446 1402 ﬂagitium
1479 1332 1652 1402 ipsius
1683 1332 1955 1401 pravitate
1988 1322 2070 1387 te-

487 1434 643 1480 etum
704 1426 1245 1494 magniﬁcentissimo
1296 1426 1464 1481 hocce
1528 1424 1690 1478 modo
1751 1424 2068 1494 apparebat.

497 1516 738 1585 Eamque
756 1517 828 1570 ob
853 1533 1070 1573 causam
1087 1526 1278 1587 gratus
1298 1525 1423 1572 erat
1454 1524 1819 1584 acceptusque
1870 1515 1939 1570 iis
1976 1516 2069 1585 qui

491 1608 741 1676 ejusdem
782 1618 945 1662 erant
989 1610 1173 1678 gentis
1196 1608 1570 1675 eamdemque
1610 1606 1866 1660 colebant
1894 1605 2068 1676 Deum

491 1712 549 1756 et
602 1702 745 1756 ultra
778 1702 1100 1771 dignitatem
1157 1701 1544 1779 erat‘dignus;
1608 1701 1714 1779 hoc
1736 1698 1987 1755 externis
2012 1707 2071 1753 et

2169 600 2315 652 λῖται
2339 600 2507 669 τιμεᾷν
2542 598 2829 668 προφήτας
2860 612 2919 649 τε
2943 596 3189 655 ἅπαντας
3229 592 3325 644 καὶ
3373 590 3486 657 ἅμα
3507 589 3610 640 τὸν
3648 604 3756 638 σω-

2168 690 2310 759 τῆρα
2341 689 2574 759 Χριστὸν
2602 687 2680 751 ὡς
2705 687 2805 739 ἕνα
2845 686 2955 740 τῶν
3001 684 3319 754 προφητῶν.
3358 680 3523 743 Τέλος
3569 677 3622 731 δ’
3654 678 3753 731 αὒ-

2167 780 2259 833 τδν
2285 779 2637 849 γυμνωθῆναι
2684 777 2783 847 μὲν
2804 776 2915 829 τῶν
2942 774 3158 853 οἰκείων
3188 770 3581 842 προστεταχὼς
3618 769 3755 836 ίμα-

2170 874 2318 937 τίων,
2345 873 2514 943 ἕτερα
2548 872 2603 923 δέ
2630 887 2694 938 γε
2723 868 3060 939 διερρωγότα
3097 862 3441 935 μετενδῦναι,
3478 859 3757 929 κυνοτρὸ-

2170 982 2294 1035 τροις
2333 964 2474 1016 τισὶν
2507 962 2670 1016 αὐτὸν
2720 963 2799 1023 είς
2857 960 3063 1031 πρᾶσιν
3093 956 3349 1009 ἐδεδώκει
3394 954 3617 1023 τηρεῖν,
3650 952 3755 1012 τάς

2168 1075 2230 1111 τε
2281 1057 2447 1119 ἄλλοις
2496 1054 2958 1123 ἐγκελευσάμενος
2995 1040 3267 1121 μάστιγας
3315 1047 3545 1114 ἐπάγειν
3596 1042 3752 1113 αὐτῷ

2167 1151 2481 1220 τιμήματος
2525 1148 2689 1201 ἕνεκα
2736 1145 2981 1207 πλείονος
3027 1143 3163 1213 πρὸς
3192 1140 3358 1211 ὠνὴν,
3390 1139 3483 1193 καὶ
3527 1138 3660 1207 ἅμα
3689 1134 3751 1189 τὸ

2172 1243 2515 1311 σοδομιτικδν
2544 1240 2641 1294 καὶ
2672 1237 2823 1307 παρά
2871 1241 3034 1306 φύσιν
3080 1234 3253 1297 πάθος
3296 1233 3397 1302 τῆς
3424 1232 3752 1302 suam”.

2169 1333 2311 1397 νίας,
2358 1332 2460 1385 οὐκ
2498 1327 2595 1385 οἷδ’
2645 1331 2930 1401 ὁπότερον,
2970 1328 3071 1381 εἴτ’
3123 1318 3315 1388 εἰωθὸς
3370 1321 3524 1391 σφίσι
3567 1320 3747 1372 ποιεῖν

2169 1427 2252 1488 είς
2286 1424 2603 1495 ὲμπαιγμδν
2650 1423 2759 1477 τῶν
2814 1419 3189 1485 ἁλισκομένων
3223 1410 3600 1485 Χριστιανῶν,
3644 1407 3750 1462 εἶτ’

2170 1516 2526 1579 ὲνδεδωκυίας
2552 1514 2655 1585 τῆς
2686 1513 2837 1577 θείας
2886 1511 3094 1567 ἀνωθεν
3138 1507 3296 1576 δίκης
3322 1504 3589 1567 ἐνταῦθα,
3640 1518 3749 1571 μα-

2170 1609 2469 1679 κροθυμεῖν
2503 1608 2580 1671 ὡς
2609 1607 2820 1662 ἐπίπαν
2852 1606 2913 1660 οὐ
2948 1604 3095 1677 μάλα
3141 1600 3546 1671 ἀνασχομένης,
3577 1596 3617 1667 ἢ
3652 1595 3748 1648 τὸν

2170 1700 2449 1770 ἀλιτήριον
2475 1699 2553 1763 ὡς
2591 1699 2833 1769 ἀρχηγὸν
2859 1698 2958 1768 τῆς
3000 1696 3096 1749 νῦν
3128 1690 3572 1758 ίπιπολαζούσης
3622 1688 3750 1747 ἀφει-

492 1793 749 1847 Barbaris
769 1794 907 1847 adeo
926 1793 1163 1847 invisum
1187 1776 1297 1860 est,
1313 1802 1374 1848 ut
1391 1809 1459 1848 ne
1486 1810 1516 1848 e
1537 1776 1835 1865 longinquo
1852 1789 2064 1860 quidem

2178 1794 2331 1855 ϐείας
2379 1793 2535 1863 χερσὶ
2565 1791 2856 1863 βαρϐάρων
2907 1786 3288 1859 παρέπεμψεν,
3337 1782 3551 1851 ἵναμὴ
3601 1780 3746 1851 λάθῃ

490 1886 726 1940 auribus
754 1887 1035 1955 percipere
1060 1887 1248 1943 velint.
1283 1888 1340 1941 Si
1371 1887 1516 1940 inter
1557 1886 1693 1939 alias
1731 1900 1819 1940 res
1864 1883 2065 1938 absur-

491 1976 594 2030 das
619 1975 845 2031 Barbari
903 1980 1071 2033 etiam
1123 1979 1369 2034 divinam
1406 1978 1805 2035 incarnationis
1836 1992 2065 2033 (nconc-

492 2067 656 2123 miam
698 2082 993 2137 spernunt,
1022 2080 1207 2125 tamen
1236 2086 1305 2125 ne
1336 2071 1441 2140 ipsi
1484 2070 1708 2139 quidem
1738 2067 2067 2123 universita—

492 2159 564 2213 tis
600 2174 784 2214 rerum
833 2173 1142 2216 creatorem
1197 2173 1364 2231 atque
1428 2163 1595 2216 Deum
1653 2175 1778 2215 esse
1841 2167 2063 2230 negant.

489 2250 596 2303 Sed
625 2251 869 2305 Palatinas
905 2252 1123 2320 utrique
1145 2264 1391 2307 severam
1428 2252 1770 2307 exactionem
1808 2259 1865 2304 et
1890 2250 2065 2304 auda-

487 2341 763 2395 cissimam
791 2342 1036 2397 decrevit
1082 2350 1139 2397 et
1197 2343 1320 2398 talis
1362 2343 1640 2413 prioribus
1723 2342 2066 2411 temporibus

490 2430 772 2502 religionis
794 2425 1022 2488 vexator
1078 2435 1264 2489 nullus
1320 2435 1443 2490 fuit.
1512 2435 1701 2505 Neque
1741 2434 1890 2488 enim
1968 2432 2063 2486 uni

489 2523 702 2578 numini
753 2526 959 2579 servire
1018 2526 1134 2579 vult
1174 2541 1207 2579 e
1263 2526 1440 2579 tribus
1488 2526 1737 2595 personis
1762 2523 2061 2588 constanti,

489 2623 761 2685 negatque
808 2615 991 2685 Logon
1043 2615 1387 2671 incarnatum
1436 2616 1630 2671 Filium
1662 2631 1787 2671 esse
1817 2615 2064 2680 Dei;sed

489 2706 601 2759 vim
632 2707 799 2777 230
824 2707 1117 2777 quamdam
1154 2709 1411 2767 essentia
1438 2718 1496 2763 et
1543 2708 1849 2763 substantia
1878 2722 2067 2761 caren-

490 2807 621 2864 tem,
646 2798 819 2868 ipsam
841 2799 1074 2854 divisam
1102 2815 1222 2855 esse
1253 2800 1331 2865 iul
1353 2800 1627 2872 myriades
1654 2815 1764 2855 non
1805 2814 2064 2871 procrea-

486 2902 570 2946 tas
638 2895 922 2946 numinum
961 2893 1103 2947 inter
1151 2908 1209 2947 se
1254 2892 1654 2958 differentium,
1694 2892 1774 2946 uti
1830 2898 1887 2946 et
1950 2890 2066 2961 ipse

484 2985 709 3040 uberius
744 2986 851 3039 alio
887 2987 1008 3040 loco
1027 2986 1303 3055 exposuit.
1326 2986 1457 3040 inde
1504 2986 1767 3056 majorem
1808 2984 1900 3039 hic
1937 2990 2065 3043 ante

2172 1887 2309 1958 μηδὲ
2333 1888 2447 1949 τοῖς
2477 1884 2854 1956 ἀμαθέστερον
2886 1881 2918 1952 ἢ
2960 1880 3326 1949 ἀμελέστερον
3356 1877 3487 1946 περὶ
3516 1876 3591 1927 τὰ
3620 1872 3746 1928 θεῖα

2164 1976 2531 2045 διακειμένοις
2570 1974 2632 2027 τδ
2679 1976 2778 2044 τῆς
2808 1972 2975 2027 αὐτοῦ
3009 1989 3073 2042 γε
3126 1970 3396 2041 αἱρέσεως
3424 1969 3745 2039 αἴσχιστον,

2165 2070 2283 2124 ἀλλ’
2308 2068 2469 2139 ὕϐρις
2498 2066 2659 2137 ὓϐριν
2692 2066 2989 2137 ἀμύνηται,
3020 2065 3116 2119 καὶ
3160 2064 3220 2116 τὸ
3263 2065 3326 2132 τῇ
3361 2060 3525 2115 αὐτοῦ
3567 2060 3744 2130 κακία

2164 2157 2580 2226 κεκαλυμμένον
2623 2153 2851 2223 αίσχρδν
2877 2152 2955 2223 τῷ
2984 2169 3078 2205 του
3115 2148 3380 2222 σαρκικοῦ
3420 2148 3515 2203 καὶ
3543 2165 3743 2217 φαινο-

2167 2249 2333 2318 μένου
2376 2247 2582 2308 πάθους
2613 2246 2885 2315 αίσχίστω
2921 2241 3359 2313 θεατρικώτερον
3392 2242 3614 2315 τουτονὶ⁵
3644 2242 3741 2308 δη-

2170 2339 2432 2410 μοσιευθῇ
2455 2340 2677 2408 τρόπον’
2725 2337 2819 2391 καὶ
2848 2336 3064 2396 δθέλων
3094 2337 3156 2391 ὲκ
3186 2334 3282 2388 τοῦ
3311 2336 3604 2404 τυραννεῖν
3638 2333 3740 2404 τὴν

2165 2433 2453 2486 εὐσέϐειαν
2479 2430 2805 2501 δοξασθῆναι
2834 2429 2935 2502 ἤδη
2971 2429 3064 2483 καὶ
3112 2427 3232 2482 κατ’
3268 2428 3403 2481 αὑτὸ
3450 2443 3515 2495 γε
3545 2426 3612 2478 τὸ
3638 2425 3739 2493 τῆς

2166 2523 2458 2585 πολυθεϊας
2522 2523 2781 2592 ἀτὸπημα
2832 2520 3023 2589 σαφῶς
3075 2519 3463 2587 ὲξελήλεγκταί
3520 2536 3586 2571 τε
3643 2519 3739 2572 καὶ

2165 2614 2559 2684 ἑστηλίτευται.
2605 2615 2715 2669 Καὶ
2743 2614 2933 2684 διόπερ
2971 2612 3265 2683 ὁμοφύλοις
3294 2612 3417 2667 οὖσι
3463 2615 3586 2678 τοῖς
3618 2613 3740 2667 θια-

2167 2709 2372 2768 odorat;
2415 2706 2645 2773 ἀρεστός
2692 2723 2752 2759 τε
2803 2704 3063 2775 ἐνομίσθη
3105 2704 3202 2759 καὶ
3239 2705 3349 2758 τῶν
3396 2704 3543 2775 ὑπὲρ
3571 2702 3733 2768 ἀξίαν

2165 2796 2318 2860 lito;
2343 2796 2545 2865 γερῶν,
2572 2794 2731 2850 τοῦτο
2756 2798 2868 2860 τοῖς
2894 2796 3196 2867 ἀλλοτρίοις
3216 2813 3276 2850 τε
3306 2796 3399 2849 καί
3431 2795 3736 2865 βαρϐάροις

2163 2889 2287 2942 οὐδὲ
2313 2891 2479 2960 μέχρι
2531 2889 2698 2959 ψιλῆς
2743 2889 2913 2955 ἀκοῆς
2948 2888 3180 2943 ἀνεκτὸν
3215 2888 3498 2958 ἐνομίσθη.
3533 2889 3602 2943 Ei
3627 2888 3736 2955 γὰρ

2168 2977 2305 3047 πρός
2322 2994 2385 3045 γε
2407 2979 2520 3040 τοῖς
2540 2976 2721 3040 ἄλλοις
2749 2976 2928 3030 αὐτῶν
2954 2976 3273 3046 ἀτοπήμασι
3306 2975 3370 3048 [ί.
3405 2976 3509 3031 1Ξο
3541 2975 3622 3047 r.]
3644 2978 3742 3030 καὶ

481 3084 687 3128 aeterna
710 3074 978 3143 supplicia
1008 3074 1102 3128 dat
1133 3089 1350 3144 poenam
1399 3075 1491 3130 ille
1539 3075 1739 3130 multas
1786 3088 2062 3130 mrumnas

2166 3068 2266 3140 τὴν
2303 3069 2570 3139 ἒνσαρκον
2601 3068 2887 3125 ἀθετοῦσιν
2922 3071 2975 3121 οἱ
3022 3068 3293 3140 βάρϐαροι
3340 3068 3495 3124 θείαν
3524 3073 3737 3123 οίκονο-

488 3180 683 3234 passus
706 3165 1046 3233 eorum,‘qui
1083 3175 1276 3220 contra
1328 3182 1471 3221 veras
1533 3166 1814 3237 religionis
1867 3166 2058 3236 prasi-

2166 3162 2314 3231 μίαν,
2357 3162 2474 3215 ἀλλ’
2502 3163 2601 3216 ἕνα
2628 3162 2737 3215 τῶν
2774 3161 2993 3215 πάντων
3023 3158 3164 3215 εἶναι
3192 3161 3432 3230 ποιητὴν
3465 3162 3564 3213 καὶ
3603 3159 3739 3213 Θεὸν

482 3258 637 3311 dium
669 3266 1074 3326 pugnaverunt.
1108 3257 1214 3324 Qui
1243 3258 1383 3313 alios
1417 3269 1738 3329 persecutus
1781 3269 1866 3313 est
1894 3258 2061 3313 alios-

483 3364 597 3419 que
645 3349 754 3402 alio
797 3348 1011 3418 pepulit
1047 3358 1105 3405 et
1121 3351 1562 3404 sacerdotalibus
1597 3349 1769 3420 signis
1796 3349 2060 3419 ﬂagitiose

480 3440 720 3494 orbavit.
748 3439 882 3493 Nam
912 3450 969 3494 et
1002 3441 1115 3509 ipse
1152 3440 1388 3509 turpiter
1423 3443 1670 3510 privatus
1713 3449 1832 3495 erat
1888 3440 2059 3511 signis

483 3530 928 3584 sacerdotalibus
956 3538 1119 3597 atque
1156 3530 1382 3599 insuper
1408 3530 1558 3584 omni
1614 3530 1840 3585 omnino
1891 3530 2060 3585 vesti-

486 3629 717 3684 mento;
765 3620 1018 3674 similiter
1038 3634 1097 3674 et
1142 3620 1259 3690 ipse
1285 3635 1480 3690 passus
1515 3627 1603 3674 est
1658 3620 1974 3691 turpissima
2028 3636 2061 3674 a

483 3713 756 3776 Barbaris.
804 3728 941 3782 quos
981 3713 1118 3767 adeo
1176 3714 1400 3779 amavit,
1430 3725 1490 3767 ut
1538 3712 1770 3768 multum
1818 3713 1893 3768 sit
1940 3727 2061 3768 cer-

481 3815 655 3860 tatum
685 3806 753 3860 ad
783 3805 1223 3861 Cantacuzenum
1256 3820 1326 3860 eo
1346 3805 1757 3871 adducendum,
1792 3814 1854 3860 ut
1895 3806 2057 3876 adju-

482 3906 631 3954 tores
664 3900 769 3954 sibi
788 3908 980 3955 contra
1012 3899 1401 3969 Palzeologum.
1431 3899 1647 3953 aﬂiuem
1670 3908 1890 3969 pararet
1924 3899 2062 3953 ami-

480 4008 687 4063 cosque
734 4008 829 4062 per
875 3992 1043 4045 vitam
1100 3991 1330 4046 haberet
1413 3990 1650 4058 vimque
1725 3989 2062 4043 immortales

480 4086 757 4141 custodes.
784 4084 913 4139 Inde
961 4092 1019 4137 et
1064 4084 1348 4152 pra:mium
1377 4082 1591 4151 accepit
1634 4080 1880 4148 dignum,
1912 4079 2059 4149 quod

479 4178 708 4232 dederat
732 4186 792 4230 et
816 4175 968 4230 dedit
991 4175 1139 4244 quod
1174 4182 1498 4243 acceperat;
1545 4172 1783 4242 turpiter
1812 4171 1960 4227 enim
1990 4171 2061 4225 ad

2160 3254 2272 3308 οὐδ’
2319 3254 2473 3308 αὐτοί
2514 3271 2579 3323 γε
2610 3253 2921 3324 ἀρνοῦνται.
2960 3253 3103 3306 Ἀλλ’
3130 3255 3157 3306 δ
3196 3253 3464 3324 Παλαμᾱς
3500 3256 3601 3307 καὶ
3633 3254 3739 3322 ἀμ-

2162 3347 2413 3418 qia-ripas;
2464 3348 2801 3420 ,ξενηλασίαν
2835 3348 3112 3417 ἀπότομόν
3153 3365 3212 3402 τε
3247 3349 3346 3403 καὶ
3398 3350 3549 3419 μάλα
3602 3352 3740 3419 θρα-

2163 3440 2316 3493 σείαν
2362 3438 2793 3508 κατεψηφίσατο,
2836 3441 2935 3509 καὶ
2982 3436 3104 3493 οἵαν
3142 3440 3323 3503 οὐδεὶς
3379 3441 3493 3495 οὐδ’
3550 3442 3738 3497 αὐτῶν

2159 3533 2379 3594 ὁπόσοις
2428 3529 2689 3593 διώκταις
2750 3529 2894 3584 κατὰ
2951 3531 3050 3600 τῆς
3102 3532 3388 3596 εὐσεϐείας
3436 3534 3566 3597 τοὺς
3608 3535 3737 3603 πρὶν

2160 3623 2367 3685 αίῶνας
2408 3622 2819 3675 συνεπεπτώκει
2867 3624 3146 3690 γενέσθαιο
3178 3623 3302 3677 οὔτε
3355 3624 3465 3697 γάρ
3512 3624 3735 3697 θεότητι

2160 3713 2447 3784 λατρεύειν
2478 3715 2673 3784 ἀφίησι
2706 3716 3128 3785 τρισυποστάτῳ
3159 3718 3284 3787 μιᾷ,
3317 3717 3441 3771 οὐδὲ
3468 3719 3562 3773 τὸν
3604 3736 3735 3790 σαρ-

2164 3809 2408 3861 κωθέντα
2453 3808 2628 3875 Λόγον
2668 3807 2798 3861 Υίὸν
2830 3804 2974 3861 εἶναι
3022 3809 3174 3878 λέγει
3211 3811 3372 3879 Θεοῦ,
3416 3810 3531 3864 ἀλλ’
3576 3812 3737 3867 ἀνού-

2164 3918 2280 3954 σιον
2313 3900 2414 3970 μέν
2460 3918 2584 3953 τινα
2644 3904 2741 3953 καὶ
2795 3900 3149 3971 ἀνύπαρκτον
3190 3903 3496 3972 ἐνέργειαν,
3525 3905 3667 3976 πρὸς
3690 3904 3735 3955 δ’

2162 3992 2452 4054 ἀκτίστονς
2490 3992 2691 4062 μυρίας
2727 3992 3094 4063 μεριζομένην
3129 3994 3397 4062 θεάτητας
3438 3994 3609 4057 ἄλλας
3639 3994 3731 4045 ἁλ-

2161 4085 2341 4155 λήλων
2378 4084 2769 4154 διαφερούσας,
2811 4086 2887 4147 ὡς
2926 4086 3024 4138 καλ⁵
3077 4085 3239 4146 αὐτὸς
3293 4087 3351 4138 ὲν
3384 4085 3568 4148 ἀλλοις
3598 4085 3732 4138 πλα-

2159 4177 2388 4247 τύτερον
2446 4177 2734 4245 γέγραφας
2792 4176 3125 4246 στηλιτειλον
3171 4177 3354 4231 αὐτόν.
3417 4178 3585 4231 Ὅθεν
3641 4177 3731 4231 καί

479 4270 711 4339 gradum
761 4269 1158 4323 sacerdotalem
1196 4267 1520 4331 assurrexit,
1570 4266 1765 4336 dignas
1815 4266 2058 4321 referens

2165 4267 2337 4337 μείζω
2369 4266 2653 4320 κάνταῦθα
2686 4267 2911 4335 πρὸτῆς
2936 4266 3159 4320 αίωνίου
3193 4268 3491 4340 καταδίκης
3515 4271 3729 4339 ἐκείνης

481 4361 765 4414 mercedes
792 4359 969 4429 iis‘qui
998 4358 1179 4428 ipsum
1204 4358 1683 4427 inauguravcrant,
1706 4360 1909 4427 quippe
1959 4359 2061 4412 im-

2165 4360 2260 4429 τὴν
2287 4360 2446 4427 δίκην
2474 4360 2692 4412 δίδωσιν
2723 4360 2942 4413 οὑτοσὶν
2972 4361 2999 4412 ὁ
3026 4360 3371 4431 ταλαίπωρος
3391 4357 3468 4416 ὧν
3494 4365 3587 4416 ἐπὶ
3611 4366 3732 4425 τοὺς

481 4452 834 4520 probitatem;
856 4459 1061 4519 et~quaa
1083 4451 1362 4519 sapienter
1385 4449 1746 4518 sapientiores
1764 4452 1866 4504 viri
1890 4451 2055 4505 intel-

2165 4454 2302 4521 ὑπὲρ
2341 4451 2620 4514 εὐσεϐείας
2654 4453 3067 4522 ἠγωνισμένους
3094 4454 3421 4524 ἠγώνισται,
3452 4458 3580 4521 τοὺς
3632 4457 3729 4527 μὲν

480 4543 759 4604 luxerunt,
776 4549 902 4595 ante
923 4555 1114 4611 Opera,
1128 4554 1195 4594 ea
1212 4549 1362 4595 certo
1377 4548 1500 4609 post
1521 4555 1687 4610 opera
1706 4540 2057 4598 usuveniant.

2166 4542 2366 4607 διώξας
2406 4542 2503 4593 καὶ
2557 4539 2717 4593 ἄλλον
2768 4541 2956 4596 ἄλλοθι
2990 4544 3334 4614 διασπείρας,
3370 4547 3497 4611 τοὺς
3539 4549 3599 4602 δὲ
3642 4547 3731 4600 καὶ

483 4634 668 4687 αὐτῶν
693 4632 989 4701 γυμνώσας
1021 4632 1248 4702 ἀναίδην
1272 4631 1381 4685 τῶν
1450 4633 1747 4702 ίερατικῶν
1814 4635 2127 4703 συμϐόλων.
2189 4634 2299 4688 Καὶ
2342 4633 2503 4696 αὑτός
2532 4649 2592 4685 τε
2623 4633 2735 4703 γὰρ
2766 4635 3005 4705 αἰσχρῶς
3050 4636 3160 4689 τῶν
3193 4639 3486 4709 ίερατικῶν
3514 4658 3727 4712 γυμνω-

482 4728 599 4789 θεὶς
636 4726 941 4796 συμϐόλων,
997 4725 1090 4778 καὶ
1144 4724 1282 4794 πρός
1333 4741 1397 4793 γε
1450 4724 1534 4778 ἔτι
1594 4725 1777 4796 πάσης
1827 4725 2025 4791 κοινῶς
2060 4728 2313 4798 ἐσθῆτος,
2378 4724 2514 4796 ὁμοῦ
2586 4729 2682 4781 καὶ
2706 4727 2776 4779 τά
2834 4728 3094 4798 αἴσχιστα
3116 4730 3413 4785 ὐπάὐτῶν
3443 4732 3729 4787 ἐπεπόνθει

482 4821 797 4893 βαρϐάρων,
826 4821 919 4885 οὒς
958 4819 1210 4875 τοσοῦ-τον
1242 4813 1405 4885 αὐτὸς
1447 4821 1735 4891 ἠγάπησεν
1802 4821 1949 4876 ῶστε
2020 4826 2118 4876 καὶ
2155 4823 2461 4894 ἠγώνισται
2518 4823 2817 4893 πάμπολλα
2871 4825 3062 4878 πεῖσαι
3107 4826 3561 4897 Καντακουζηνδν
3591 4827 3727 4882 κατὰ

483 4913 578 4966 τοῦ
622 4913 877 4983 γαμϐροῦ
919 4914 1286 4983 Παλαιολόγου
1332 4912 1714 4983 συλλήπτορας
1748 4914 2058 4983 κτήσασθαι
2097 4916 2195 4967 καὶ
2240 4916 2430 4983 φίλους
2497 4914 2753 4984 ἡγεῖσθαι
2815 4915 2905 4969 διὰ
2952 4914 3093 4985 βίον,
3127 4917 3220 4969 καὶ
3258 4918 3360 4987 τῆς
3387 4918 3533 4988 ζωῆς
3563 4919 3727 4988 φύλα-

486 5027 588 5072 κας
616 5009 937 5073 ἀθανάτους.
969 5012 1061 5063 Διὸ
1123 5013 1217 5065 καὶ
1278 5008 1379 5079 τὴν
1447 5009 1805 5079 ἀντιμισθίαν
1837 5008 1995 5074 ἀξίαν
2062 5009 2275 5063 ἐκεῖθεν
2303 5011 2499 5080 εἴληφε
2531 5008 2781 5073 δεδωκὼς
2824 5012 2921 5064 καὶ
2944 5011 3175 5065 δέδωκεν
3201 5011 3461 5081 είληφώς·
3497 5011 3728 5084 αίσχρῶς

487 5103 589 5173 μὲν
617 5103 727 5172 γὰρ
757 5105 851 5156 καὶ
879 5104 1114 5168 ἀναξίως
1180 5106 1526 5161 παντάπασιν
1592 5104 1673 5166 είς
1714 5105 1809 5156 τδν
1854 5104 2132 5171 ἱερατικὸν
2170 5103 2381 5175 βαθμὸν
2420 5103 2655 5169 ἀναϐὰς,
2705 5102 2863 5169 ἀξίαν
2920 5106 3032 5168 τοῖς
3069 5104 3331 5176 ίερώσασι
3370 5108 3475 5175 τὴν
3522 5110 3728 5172 ἀντιμι-

485 5197 643 5254 σθίαν
669 5198 919 5253 ἀπέδωκε
947 5200 1046 5271 τὴν
1111 5201 1369 5255 ἀσέϐειαν
1394 5218 1409 5233 ο
1462 5201 1621 5265 ἀξίαν
1650 5200 1696 5252 δ’
1737 5195 1805 5253 αὖ
1850 5198 1961 5251 ὑπὸ
2027 5200 2136 5254 τῶν
2175 5200 2472 5271 βαρϐάρων
2526 5200 2752 5252 ἐκείνων
2796 5198 3053 5269 αἴσχιστα
3090 5201 3441 5268 καθαιρεθεὶς
3468 5202 3567 5273 τὴν
3596 5203 3729 5255 ἀντι-

488 5294 710 5365 μισθίαν
765 5296 1091 5365 κεκόμισται
1136 5290 1211 5350 ὧν
1273 5298 1387 5359 τοῖς
1443 5293 1741 5365 Ῥωμαίοις
1802 5295 2053 5367 ὀλέθριον
2127 5296 2205 5366 τῷ
2274 5295 2488 5366 βασιλεῖ
2519 5297 3039 5366 προμεμνὴστενται
3107 5297 3208 5367 τὴν
3264 5300 3468 5368 φιλίαν,
3526 5299 3613 5353 ἵνα
3644 5296 3729 5351 καὶ

483 5385 802 5455 καθαιρέσει
834 5384 1035 5458 αἰσχρᾷ
1060 5388 1180 5458 μὲν,
1207 5388 1395 5457 δικαίᾳ
1423 5386 1466 5440 δ’
1490 5385 1587 5439 οὖν
1654 5386 1867 5440 πολλῶν
1926 5387 2123 5458 ἱερέων
2163 5388 2259 5441 καὶ
2299 5387 2619 5441 ἐπισκόπων
2674 5386 2769 5439 καὶ
2803 5387 2985 5454 πάσης
3021 5389 3197 5442 είπείν
3225 5384 3485 5457 εὐσεϐοῦς
3528 5391 3729 5455 ὁσιότη-

485 5494 578 5541 τος
606 5477 924 5549 καθαίρεσις
955 5480 1141 5541 ἀδικος
1170 5481 1718 5553 ἀντιταλαντεύηται,
1750 5482 1846 5534 καὶ
1912 5480 1949 5535 ἃ
2016 5484 2131 5545 τοῖς
2172 5484 2506 5552 σοφωτέροις
2561 5482 2835 5551 ἔγνωσται
2907 5483 3143 5547 συνετῶς
3195 5485 3301 5553 πρὸ
3362 5488 3469 5539 τῶν
3522 5487 3728 5558 ἔργων.

483 5568 779 5651 ταῦτ’.ὲπι
832 5572 940 5623 τῶν
1001 5572 1179 5640 ἔργων
1243 5572 1507 5643 φαίνηται
1557 5574 1932 5645 συμϐαίνοντα
1964 5576 2174 5644 σαφῶς.
2628 5624 2659 5639 η

558 5660 716 5730 231
750 5662 836 5717 ιν.
885 5661 1178 5731 Postquam
1207 5665 1273 5716 ad
1314 5662 1622 5736 Hyrcanum
1664 5667 1938 5721 abductus
1969 5682 2062 5723 es-

2240 5669 2315 5721 Δ⁰.
2365 5668 2521 5723 Ἐπεί
2548 5686 2612 5740 γε
2644 5671 2752 5742 μὴν
2783 5673 2880 5728 καὶ
2912 5676 3048 5746 πρὸς
3101 5674 3373 5745 Ὑρκανὸν
3417 5675 3693 5746 ἀπηνέχθη
3714 5709 3728 5729 ι

481 5759 593 5816 set.
606 5751 968 5809 Barbarorum
991 5754 1216 5827 sciliret
1235 5755 1449 5821 ducem,
1466 5767 1666 5827 praeter
1683 5767 1880 5814 caetera
1907 5773 1973 5814 ex
1999 5758 2064 5814 iis

2173 5760 2266 5815 τὸν
2306 5761 2554 5833 ἀρχηγὸν
2585 5763 2808 5837 δηλαδὴ
2864 5768 2974 5821 τῶν
3013 5768 3331 5840 βαρϐάρων,
3365 5771 3434 5823 τά
3467 5769 3567 5841 μὲν
3604 5762 3729 5823 ἀλλα
