4046 6290
271 285 361 352 201
1249 278 1691 342 ΒΥΖΑΝΤΙΝίΕ
1732 275 2115 337 ΠῘδΤΟΗΙίΕ
2161 277 2306 338 LIB.
2348 274 2573 334 XXIX.

3408 273 3515 328 ΕΞ(ῖὲ

271 401 358 450 ὅσα
398 413 458 448 τε
487 393 626 466 πρὸς
657 394 765 447 τῶν
797 390 918 447 ἐκεῖ
943 392 1251 463 τηνικαῦτα
1285 393 1576 461 παρέντων
1609 389 1835 457 ἠκηκόει

1943 402 2064 454 qua:
2091 401 2183 440 cos
2215 386 2306 454 qui
2337 385 2426 438 illo
2458 399 2698 453 tempore
2729 383 2960 437 aderant
2985 380 3233 434 dir-cutes
3265 381 3516 436 audierat

269 505 321 540 τε
363 487 454 540 καὶ
486 486 751 552 λελάληκε
794 485 887 537 καὶ
921 483 1239 552 συνυπήχθη
1277 485 1372 536 καὶ
1393 482 1714 549 ὡμολόγηκε
1747 497 1833 546 φι-

272 575 491 640 λοζωΐας
517 575 704 641 ἕνεκα,
728 576 939 644 σιωπᾷν
972 577 1216 643 ἄμεινον.
1253 572 1460 626 Μαθὼν
1491 572 1533 623 δ’
1563 568 1656 623 οὖν
1685 573 1834 638 ὅμως

272 670 462 729 ἐκεῖνος
495 667 570 730 ὡς
621 668 786 728 αὑτός
822 669 939 718 ἐστι
978 666 1046 718 δι’
1091 666 1150 718 ὃν
1188 665 1478 725 πολυθεΐας
1511 681 1567 714 τε
1596 662 1735 731 ἔρως
1777 666 1833 714 ὲν

281 756 558 824 Ῥωμαίων
592 757 828 826 ἤνθησεν
862 758 1090 826 ἄρχουσι
1133 757 1228 808 καὶ
1267 755 1499 823 ματαίας
1538 755 1836 823 θρησκείας

271 847 550 914 ἀγάλματα
615 848 757 910 νέοις
819 847 1281 916 ἐμπολιτεύεσθαι
1352 848 1583 914 γέγονεν
1644 846 1831 909 ἔθεσι,

271 939 740 1005 κατεγίνωσκέοτε
800 940 893 991 καὶ
949 939 1245 1003 διετώθαζε
1307 939 1453 1008 μάλα
1494 937 1830 1004 ἐπεγγελῶν.

273 1030 602 1098 Προσὲταττε
651 1031 696 1083 δ’
730 1030 826 1084 οὖν
856 1031 1170 1100 ἀπαχθέντα
1221 1034 1413 1103 πόρρω
1451 1049 1552 1084 που
1590 1030 1692 1100 τῆς
1739 1046 1836 1081 σα-

270 1123 536 1190 τραπικῆς
595 1123 774 1185 οἰκίας
832 1122 1181 1192 διαλεχθῆναι
1239 1127 1369 1194 περὶ
1397 1125 1497 1193 τῆς
1549 1121 1834 1175 νεολέκτου

271 1216 490 1280 ταυτησί
522 1217 812 1283 τερατείας
861 1217 942 1268 ἑνί
1008 1235 1112 1271 τινι
1167 1218 1276 1270 τῶν
1327 1218 1478 1286 παρά
1535 1216 1836 1287 βαρϐάροις

275 1303 449 1356 αὐτόθι
469 1303 652 1372 σοφῶν
676 1305 765 1356 ἐπ’
790 1305 1056 1375 ἀκροάσει
1089 1305 1321 1358 πολλῶν.
1346 1307 1456 1359 Καὶ
1478 1307 1577 1358 ὃσα
1599 1306 1699 1374 μὲν
1719 1307 1838 1358 ἐκεῖ

274 1395 394 1463 πρὸς
426 1395 619 1465 ἡδονὴν
655 1399 770 1458 τοῖς
813 1397 1112 1469 βαρϐάροις
1156 1397 1484 1466 ἐφθέγξατο,
1536 1398 1835 1467 ἀφαίρεσιν

271 1486 446 1548 δεδιὼς
505 1489 603 1556 τῆς
657 1489 803 1556 ζωῆς
845 1493 1101 1561 ταυτησὶ,
1151 1493 1408 1560 περιττὸν
1460 1490 1831 1560 ἀφηγεῖσθαιο

270 1579 302 1632 ἃ
325 1580 366 1631 δ’
391 1578 486 1632 οὖν
513 1581 911 1647 ἀπολεξάμενοι
935 1585 1072 1653 πρὸς
1087 1585 1356 1653 δημοσίας
1382 1593 1646 1654 φέρουσιν
1665 1584 1835 1647 ἀκοὰς

268 1670 314 1722 oi
343 1669 401 1742 [ί.
455 1671 551 1726 120
578 1671 655 1745 υ.]
691 1673 926 1726 ἐνταῦθα
949 1675 1044 1744 τῆς
1079 1673 1289 1727 ἐκείνου
1308 1674 1573 1727 θιασῶται
1609 1674 1830 1737 κακίας,

270 1763 557 1832 ἐγγράφως
608 1764 744 1834 πρὸς
803 1766 1015 1819 ἐκείνου
1066 1767 1278 1830 τούτοις
1313 1766 1662 1834 πεμφθέντα,
1713 1766 1832 1818 ἐστι

272 1854 463 1908 τοιάδε.
509 1855 938 1926 Ἀπαιτούμενος
997 1857 1130 1927 γὰρ.
1181 1861 1354 1928 φησι,
1389 1859 1550 1924 λόγον
1586 1858 1835 1929 ἑρμηνέα

268 1947 358 2016 τῆς
403 1949 772 2016 καινοφανοῦς
813 1951 1050 2016 ταυτησὶ
1083 1951 1406 2021 θρησκείας,
1446 1951 1835 2019 ἀπολογεῖσθαι

269 2040 445 2107 καιρὸν
474 2040 577 2092 οὐκ
607 2039 751 2109 ἔχειν
796 2042 1031 2113 εἰρήκει,
1095 2042 1371 2112 πρόφασιν
1427 2043 1604 2112 λέγων
1657 2045 1734 2107 ώς
1785 2048 1836 2097 oi.
1889 2115 1892 2118 γ

270 2131 647 2200 προσκείμενοι
678 2132 756 2200 τῷ
793 2133 950 2203 μέρει
991 2134 1097 2185 τῶν
1123 2135 1414 2200 ἀντιδίκων
1448 2136 1835 2206 προκάθηνται

271 2223 356 2275 καὶ
383 2227 600 2291 κριταὶ,
633 2225 732 2278 καὶ
768 2226 872 2279 οὐκ
923 2225 1068 2294 ἔχειν
1095 2227 1414 2294 ἀναγκαίως
1445 2228 1715 2288 δεικνύειν
1757 2229 1840 2290 είς

267 2314 331 2368 τὰ
377 2319 507 2386 παρ’
547 2318 731 2370 αὐτῶν
785 2317 1184 2388 ἀντιλεγόμενα
1243 2319 1310 2372 τὰ
1363 2320 1712 2388 δικαιώματα
1739 2320 1839 2389 τῆς

269 2407 567 2470 εὐσεϐείας.
608 2407 841 2462 Ἔπειτα
897 2410 996 2462 καὶ
1036 2411 1476 2478 παραδεδομένος
1509 2414 1591 2476 είς
1636 2414 1840 2481 αἰχμα-

268 2496 455 2550 λωσίαν
485 2499 674 2562 αὐτοῖς
714 2500 814 2553 οὐκ
844 2501 913 2554 ἂν
947 2501 1334 2571 ἀποκρίναιτο,
1365 2501 1490 2555 ἐπεὶ
1531 2503 1629 2555 καὶ
1648 2505 1676 2555 ό
1702 2506 1839 2573 Χρι-

269 2592 399 2653 στὸς,
435 2592 594 2658 φησι,
644 2591 785 2660 μετά
819 2591 878 2643 τὸ
911 2591 1281 2662 παραδοθῆναι
1332 2593 1432 2646 οὐκ
1480 2593 1838 2663 ἀπεκρίνατο.

266 2681 421 2734 Ταῦτ’
455 2681 570 2734 εἰσὶ
619 2683 688 2735 τά
735 2681 942 2752 συνήθη
981 2681 1434 2751 ψευδολογήματα
1483 2686 1582 2752 τῆς
1628 2687 1837 2740 ἀτόπου

266 2773 507 2842 γλώσσης
526 2773 766 2844 ἐκείνης·
788 2773 906 2835 πῶς
923 2776 1034 2844 γὰρ
1051 2775 1118 2828 ἂν
1140 2775 1461 2844 ἐτόλμησεν,
1485 2776 1516 2844 ἦ
1536 2776 1620 2840 τίς
1643 2778 1836 2846 ἀνέχοι

267 2866 410 2936 χώρα
441 2869 544 2919 καὶ
578 2867 736 2937 χρεία
776 2867 1066 2937 βαρϐάροις
1103 2868 1292 2937 φέρειν
1343 2869 1650 2940 ὑπόδειγμα
1700 2873 1840 2941 πρὸς

268 2960 521 3012 πίστωσιν
556 2960 666 3011 τῶν
698 2960 849 3027 αὐτῷ
877 2959 1185 3027 λεγομένων
1220 2961 1288 3014 τὰ
1317 2961 1413 3013 τοῦ
1454 2961 1696 3032 Χριστοῦ
1730 2981 1838 3015 πα-

265 3051 515 3119 (limata;
559 3054 1074 3122 Προσπαραγράφει
1121 3053 1166 3106 δ’
1217 3052 1346 3122 ἑξῆς
1400 3056 1495 3108 καὶ
1543 3056 1673 3125 περὶ
1728 3056 1907 3144 τῶνε

267 3140 374 3195 ἐκεῖ
403 3143 779 3215 Χριστιανῶν,
818 3145 966 3208 ὅπως
1001 3145 1262 3209 λαθόντες
1290 3146 1348 3212 ἐξ
1389 3147 1646 3217 ἀπειρίας
1675 3148 1838 3202 ἐπαί-

263 3251 366 3298 νοις
420 3237 708 3306 έξαίρουσι
763 3236 976 3304 τοῦτον,
1037 3240 1195 3305 διότι,
1239 3241 1425 3306 φασὶν,
1462 3242 1838 3311 ἀποκηρύττει

265 3325 380 3389 τοὺς
429 3331 507 3392 είς
571 3329 981 3399 ὑπερκειμένας
1043 3331 1140 3384 κα)⁴
1210 3332 1514 3400 ὑφειμένας
1573 3334 1838 3403 ἀπείρους

264 3416 510 3486 θεότητας
541 3418 637 3471 τὸν
668 3419 766 3472 ἕνα
797 3419 932 3472 Θεὸν
969 3421 1182 3483 ἀσεϐῶς
1213 3421 1582 3490 διαιροῦντας.
1617 3423 1726 3475 Καὶ
1761 3423 1836 3491 μὴ

261 3510 625 3582 ἀποδέχεσθαι
664 3517 768 3580 μέν
801 3530 936 3583 φησι
978 3513 1077 3583 τὴν
1106 3513 1216 3566 τῶν
1265 3514 1508 3567 ἐπαίνων
1539 3514 1719 3567 αἰτίαν
1761 3515 1838 3576 ὼς

261 3605 401 3673 αύτῷ
439 3624 504 3674 γε
545 3607 882 3674 ἀλυσιτελῆ,
921 3609 1072 3676 ὅμως
1113 3608 1206 3659 τοῦ
1250 3608 1443 3675 καιροῦ
1493 3625 1554 3660 τε
1599 3609 1696 3661 καὶ
1736 3609 1835 3676 τῆς

260 3700 436 3766 χρείας
468 3700 662 3763 ἕνεκα,
689 3699 785 3752 τοῦ
840 3699 1142 3762 σιτίζεσθαι
1193 3701 1330 3766 πρὸς
1376 3701 1558 3754 αὐτῶν
1604 3701 1834 3769 δηλαδὴ,

263 3792 464 3862 σιωπᾷν
525 3791 934 3858 ἐπαινούμενος
995 3790 1180 3854 ἀξίους
1231 3793 1479 3862 κατάρας
1542 3793 1833 3847 ἐπαίνουςο

259 3881 339 3934 τὸν
377 3885 482 3952 γὰρ
517 3881 633 3933 τῶν
686 3881 925 3934 εύσεϐών
979 3881 1200 3934 ἔπαινον
1256 3884 1628 3953 ἀπατηθέντες
1687 3886 1834 3937 ἀνοι-

261 3974 412 4037 κείως
441 3975 652 4028 ὲδίὼυν
679 3975 847 4044 αύτῷ,
877 3976 1228 4047 ἐπαρώμενοι
1269 3979 1367 4046 μὲν
1395 3977 1562 4030 αὑτοῦ
1614 3980 1680 4047 τῇ
1729 3996 1831 4030 πο-

260 4064 439 4138 λυθεῖᾳ
495 4069 722 4129 ἐκεῖνοι,
768 4066 1092 4134 ἀγνοοῦντες
1155 4067 1200 4120 δ’
1249 4068 1325 4129 ώς
1372 4069 1535 4131 αὐτός
1595 4069 1744 4121 ἐστιν

262 4158 590 4227 ἑπαρῶνται.
622 4157 781 4211 Οὕτω
823 4157 1098 4220 πολύπους
1128 4160 1210 4220 τίς
1250 4160 1398 4211 ἐστιν
1430 4162 1458 4211 ό
1497 4161 1830 4230 κατάρατος,

260 4253 345 4301 καὶ
378 4249 436 4302 τὸ
486 4250 693 4319 χρῶμα
750 4251 848 4319 τῆς
883 4251 1111 4321 γνώμης
1146 4252 1384 4314 ἀστατος
1421 4254 1514 4305 καὶ
1546 4254 1827 4318 ἀϐέϐαιος·

261 4341 349 4392 καὶ
397 4345 509 4403 τοῖς
561 4340 742 4394 ἄλλοτ’
790 4341 970 4404 ἄλλοις
1024 4346 1234 4411 καιροῖς
1301 4360 1362 4394 τε
1404 4344 1498 4396 καὶ
1540 4346 1830 4415 πράγμασι

1937 490 1994 532 et
2019 496 2141 548 quae
2186 480 2302 546 ipse
2357 478 2568 531 dixerat
2621 476 2728 531 sibi
2763 475 3034 544 persuasit
3068 474 3516 544 existimavitquc

1939 582 2160 638 propter
2192 571 2314 624 vita:
2360 584 2599 622 amorem
2649 578 2906 636 praestare
2941 565 3242 620 silentium.
3299 565 3398 619 Ubi
3434 574 3517 618 ta-

1939 677 2061 714 men
2114 663 2202 714 ille
2255 661 2541 729 conperit,
2575 662 2782 714 huucce
2819 676 2960 724 esse,
2994 659 3152 728 cujus
3181 675 3312 712 cura
3367 658 3510 711 mul-

1939 764 2114 806 torum
2177 753 2405 806 deorum
2458 754 2641 806 cultus
2699 753 2842 821 apud
2905 753 3278 805 Romanorqu
3344 751 3514 804 duces

1937 841 2224 896 adamatus
2249 844 2340 905 sit,
2361 859 2621 912 ranaeque
2650 844 2868 912 pietatis
2910 843 3203 896 simulacra
3237 843 3301 895 fat
3325 851 3374 895 ta
3405 842 3515 896 sint

1938 951 2004 988 ex
2030 948 2174 987 novo
2202 936 2664 996 morc,damnarit
2683 936 2979 1004 multisque
3003 936 3268 989 conviciis
3297 935 3512 989 derisit.

1937 1025 2172 1080 Jubebat
2201 1043 2325 1079 rum
2350 1043 2412 1081 ex
2439 1026 2720 1081 domicilio
2739 1027 3033 1081 deductum
3063 1028 3336 1095 satrapico
3365 1027 3514 1094 loqui

1938 1119 2006 1172 de
2024 1121 2180 1174 novis
2200 1119 2479 1173 miraculis
2495 1133 2679 1173 coram
2696 1122 2931 1189 quodam
2950 1119 3311 1174 Barbarorum
3331 1119 3423 1188 qui
3441 1119 3512 1172 ibi

1937 1219 2094 1263 erant
2112 1210 2438 1280 philosopho
2459 1220 2517 1266 et
2533 1225 2717 1265 coram
2740 1209 3115 1264 multitudine.
3137 1209 3268 1275 Quae
3286 1225 3416 1263 vero
3440 1209 3512 1263 ibi

1940 1301 2005 1354 ad
2056 1301 2406 1356 delectandos
2428 1303 2696 1356 Barbaros
2716 1318 2826 1371 ιιι-αι
2851 1301 3047 1356 mortis
3074 1304 3268 1355 timore
3289 1301 3512 1361 dixerit,

1937 1407 2214 1461 exponere
2263 1393 2354 1448 hic
2385 1395 2540 1448 locus
2579 1409 2688 1447 non
2737 1401 2841 1448 est.
2875 1394 3005 1458 Quae
3059 1408 3188 1446 vero
3231 1394 3515 1462 pravatatis

1938 1485 2083 1539 illius
2109 1486 2251 1539 servi
2304 1487 2537 1552 publica:
2577 1485 2734 1540 fama:
2792 1487 3050 1545 tradunt,
3083 1485 3285 1538 litteris
3328 1486 3518 1539 cousi-

1938 1587 2103 1646 gnata
2139 1579 2208 1630 ab
2244 1578 2337 1631 illo
2369 1580 2455 1632 his
2485 1580 2651 1632 missa
2683 1590 2814 1633 sunt
2841 1578 3041 1631 luecce.
3096 1577 3337 1646 Rogatus
3362 1577 3515 1631 enim

1941 1669 2008 1722 iis
2033 1670 2236 1738 prabet
2261 1671 2714 1740 disputationem,
2749 1686 2852 1740 qua
2881 1671 3088 1724 cultum
3119 1684 3322 1722 novum
3352 1684 3523 1739 expo-

1944 1763 2066 1827 nit;
2101 1777 2222 1815 sese
2247 1761 2578 1817 defendendi
2618 1778 2729 1816 non
2776 1761 2970 1816 adesse
3015 1772 3232 1830 tempus
3272 1759 3518 1825 dicebat,

1944 1854 2308 1924 praetendens,
2357 1855 2657 1924 discipulos
2703 1863 2760 1909 et
2805 1855 3019 1924 iudices
3071 1855 3518 1908 adversariorum

1943 1946 2220 2014 suscipere
2253 1957 2470 2015 partes;
2507 1962 2681 2016 neque
2707 1962 2845 2016 opus
2871 1962 2991 2002 esse
3017 1945 3234 2000 dicebat
3261 1961 3324 2000 ea
3354 1945 3526 2015 signi-

1945 2036 2128 2103 ﬁcare,
2167 2054 2289 2107 qua:
2348 2039 2424 2091 illi
2463 2039 2932 2102 contradicerent,
2988 2039 3288 2093 defendere
3333 2052 3519 2092 veram

1947 2131 2292 2200 religionem.
2361 2131 2566 2186 Deinde
2602 2133 2657 2186 in
2698 2132 3069 2200 captivitatem
3103 2130 3375 2184 deductus
3410 2129 3523 2184 illis

1946 2239 2052 2278 nou
2088 2224 2395 2294 respondit,
2458 2225 2746 2294 quoniam,
2779 2233 2837 2277 ut
2870 2225 3030 2286 dixit,
3065 2239 3245 2293 neque
3268 2223 3525 2278 Christus

1947 2317 2200 2386 proditus
2250 2318 2640 2386 respondebat.
2683 2316 2843 2386 232
2910 2316 3031 2370 Haec
3071 2325 3198 2370 sunt
3260 2326 3524 2370 consueta

1948 2414 2233 2467 mendacia
2279 2414 2480 2482 ineptae
2523 2412 2673 2466 illius
2723 2413 2942 2482 linguae.
3011 2409 3142 2476 Quis
3170 2411 3320 2466 enim
3359 2426 3525 2465 ausus

1947 2505 2115 2558 fuerit
2147 2505 2214 2558 ad
2249 2507 2412 2558 verba
2446 2521 2542 2559 sua
2578 2505 2827 2560 barbaris
2860 2504 3140 2573 probanda
3163 2546 3176 2568 ,
3217 2504 3258 2556 si
3303 2503 3524 2557 occasio

1946 2596 2100 2650 adest
2123 2596 2206 2649 vel
2232 2597 2550 2655 necessitas.
2569 2595 2777 2649 Christi
2803 2595 3118 2648 Passiouem
3141 2594 3194 2647 in
3207 2593 3521 2660 exemplum

1947 2687 2259 2740 revocare?
2307 2687 2574 2739 Praeterea
2627 2685 2819 2738 scribit
2875 2685 2942 2738 de
2994 2683 3329 2736 Christianis
3373 2681 3523 2737 illius

1949 2778 2212 2847 regionis,
2245 2777 2391 2846 quod
2433 2777 2582 2830 hunc
2615 2777 2789 2845 ignari
2820 2775 3077 2828 laudibus
3097 2776 3356 2838 elierunt,
3391 2774 3519 2842 quia

1946 2869 2232 2922 annuntiat
2255 2883 2350 2922 eos
2378 2871 2468 2936 qui
2508 2869 2562 2921 iu
2598 2868 2884 2936 superiora
2918 2880 2972 2920 et
3008 2866 3271 2921 inferiora
3305 2864 3520 2919 inﬁnita

1949 2959 2172 3013 numina
2210 2960 2456 3028 improbe
2493 2959 2747 3013 dividunt
2770 2975 2940 3013 unum
2975 2958 3166 3013 Deum.
3228 2959 3296 3012 Et
3321 2973 3379 3013 se
3409 2973 3521 3012 non

1945 3054 2196 3121 accipere
2231 3052 2368 3107 dicit
2402 3053 2592 3108 laudes
2622 3054 2866 3108 inutiles.
2930 3053 3067 3109 Nam
3119 3055 3364 3108 virorum
3397 3053 3522 3124 pio-

1944 3163 2062 3199 rum
2097 3145 2316 3201 laudem
2361 3146 2580 3214 decepti
2608 3156 2664 3200 et
2691 3146 2833 3201 falso
2855 3147 2904 3201 ei
2939 3147 3298 3214 praestabant.
3354 3146 3524 3200 Exse-

1940 3237 2236 3291 crabautur
2267 3238 2388 3306 ejus
2416 3239 2716 3291 multoruru
2743 3237 2973 3291 deorum
2996 3239 3228 3304 cultum,
3260 3239 3352 3293 sed
3387 3255 3514 3294 eum

1939 3327 2138 3397 ipsum.
2171 3346 2332 3399 quem
2361 3339 2788 3385 exsecrarentur
2812 3332 3157 3385 nesciebant.
3217 3331 3322 3385 Tot
3353 3333 3518 3385 habet

1938 3426 2106 3494 pedes
2161 3423 2226 3487 is,
2277 3439 2441 3493 quem
2489 3433 2874 3490 exsecrantur,
2905 3436 2961 3479 et
3012 3426 3198 3479 colore
3237 3425 3514 3494 opinionis

1937 3532 2020 3574 est
2049 3519 2304 3572 inﬁrmus
2333 3527 2388 3573 et
2425 3518 2632 3582 varius,
2663 3528 2718 3573 et
2755 3520 2879 3575 aliis
2909 3521 3252 3592 temporibus
3279 3523 3515 3590 aliisque

1938 3612 1990 3662 in
2027 3612 2190 3663 rebus
2218 3611 2282 3663 ad
2313 3610 2525 3664 diversa
2554 3621 2609 3664 et
2658 3614 2957 3681 pugnantia
2994 3614 3224 3667 inclinat
3265 3615 3413 3683 quod
3441 3616 3510 3667 ad

1938 3702 2184 3755 habitum
2222 3702 2574 3772 coloremque
2609 3705 2886 3772 opinionis
2923 3717 3090 3774 atque
3139 3707 3341 3776 lingua:
3387 3709 3518 3761 atti-

1937 3804 2051 3845 net.
2111 3793 2352 3846 Mutatur
2381 3804 2562 3848 autem
2605 3795 2880 3864 aliamque
2909 3797 3110 3864 accipit
3145 3798 3398 3855 formam.
3461 3809 3518 3851 et

1936 3885 2151 3937 Domini
2183 3885 2526 3939 institutione
2555 3885 2837 3940 emendari
2873 3889 3086 3954 nequit.
3114 3888 3228 3957 Sed.
3247 3890 3514 3957 quemad-

1937 3977 2158 4029 modum
2202 3977 2246 4032 si
2284 3978 2408 4045 quis
2439 3977 2715 4032 homicida
2749 3978 3036 4034 deducitur
3065 3979 3118 4032 in
3149 3994 3422 4034 carcerem
3455 3989 3516 4038 ut

1938 4069 2007 4123 ibi
2035 4071 2427 4139 metulsalutari
2451 4073 2736 4140 perculsus
2757 4073 2904 4126 omni
2935 4073 2988 4126 in
3023 4072 3264 4126 futurum
3294 4074 3516 4131 latroci-

1937 4163 2029 4216 nio
2057 4164 2358 4229 renuntiet,
2397 4163 2542 4231 ipsos
2571 4165 2828 4219 custodes
2865 4164 3518 4234 iuterﬁcitetquemcun-

1937 4271 2044 4322 que
2077 4256 2536 4322 prartereuutium
2566 4257 2832 4326 attingere
2864 4267 3078 4326 potest,
3115 4257 3186 4311 ita
3223 4258 3386 4311 etiam
3427 4259 3516 4312 ille.

1938 4349 2166 4416 punitus
2190 4363 2300 4401 non
2336 4349 2520 4426 tremit
2549 4359 2603 4403 et
2633 4365 2665 4402 a
2699 4350 2808 4403 Deo
2838 4352 3078 4404 monitus
3100 4368 3206 4405 non
3237 4365 3514 4416 monetur,

261 4434 667 4502 προσφυόμενος
697 4432 832 4500 πρὸς
865 4433 1100 4504 διάφορα
1137 4437 1233 4489 καὶ
1262 4436 1548 4504 μαχόμενα
1583 4438 1832 4507 χρώματί

1939 4439 2032 4493 sed
2065 4440 2332 4493 indomita
2367 4441 2628 4508 opinione
2674 4442 2727 4495 in
2760 4457 2982 4496 carcere
3024 4453 3227 4506 manet,
3281 4460 3388 4497 nou
3437 4445 3518 4498 in-

262 4535 316 4570 τε
345 4524 437 4572 καὶ
493 4524 739 4592 σχήματι
777 4523 1002 4593 γνώμης
1039 4527 1133 4576 καὶ
1189 4525 1435 4594 γλώττης
1483 4529 1686 4598 ῥᾳδίως
1739 4547 1835 4598 με·

262 4613 588 4684 θαρμόζεταί
646 4632 702 4667 τε
743 4618 835 4669 καὶ
885 4615 1446 4686 μετασχηματίζεταιο
1481 4624 1574 4673 καὶ
1620 4623 1686 4691 τῇ
1737 4623 1831 4674 τοῦ

264 4707 460 4776 Κυρίου
486 4708 707 4778 παιδεία
737 4708 1110 4762 νουθετεῖσθαι
1159 4711 1259 4762 οὐκ
1290 4708 1454 4777 οἶδεν,
1496 4714 1610 4765 ἀλλ’
1641 4714 1831 4783 ὥσπερ

265 4797 325 4849 ἀν
365 4801 416 4850 εἴ
456 4817 539 4862 τις
572 4799 680 4851 τών
724 4800 1089 4869 ἀνδροφόνων,
1123 4804 1395 4871 ἀγόμενος
1435 4806 1515 4868 εἰς
1543 4807 1831 4875 δεσμωτή-

266 4903 372 4954 ριον
399 4889 540 4942 ὥστε
583 4889 842 4945 δείσαντα
900 4896 1203 4962 σωφρονεῖν
1255 4897 1352 4948 τοῦ
1384 4896 1574 4950 λοιποῦ
1618 4899 1834 4969 καιλῃ-

267 4982 442 5045 στείας
480 4983 822 5050 ἀφίστασθαι
873 4984 1078 5055 πάσης.
1115 4986 1144 5038 ό
1186 4986 1230 5039 δ’
1277 4989 1478 5050 αὐτούς
1502 5007 1559 5042 τε
1607 4992 1831 5060 ἐφόνευε

263 5071 384 5134 τοὺς
415 5075 731 5142 ἀπάγοντας
784 5079 877 5128 καὶ
929 5078 1040 5146 ὅτῳ
1071 5079 1136 5130 ἂν
1165 5081 1427 5151 ἀπαντῴη
1458 5082 1568 5133 τῶν
1608 5086 1830 5154 παριόν-

259 5180 386 5230 των,
417 5166 561 5220 οὓτω
589 5169 685 5222 καὶ
715 5168 867 5231 οὗτος
897 5169 1022 5222 οὔτε
1056 5167 1416 5240 κολαζόμενος
1458 5175 1692 5244 φρίττει,
1714 5176 1829 5229 οὔθ’

261 5255 361 5306 ὑπὸ
387 5257 522 5310 Θεοῦ
549 5259 969 5328 νουθετούμενος
999 5263 1348 5328 νουθετεῖται,
1384 5265 1500 5319 ἀλλ’
1532 5267 1830 5332 ἀκόλαστος

260 5350 314 5400 ὲν
359 5351 708 5422 κολαστηρίῳ
744 5354 894 5423 μένει
923 5356 1023 5426 τὴν
1053 5355 1299 5427 γνώμην,
1334 5360 1657 5424 ἀπαίδευτος
1695 5362 1738 5414 δ’
1771 5364 1829 5414 ἐν

261 5437 818 5510 παιδευτηρίῳθεοῦ,
869 5446 968 5513 τῆς
1020 5447 1215 5514 ὁμοίας
1271 5449 1530 5511 ἀπονοίας
1569 5451 1824 5520 ἐχόμενος

261 5531 362 5599 ἀεὶ,
389 5531 486 5586 καὶ
517 5534 795 5604 πρόφασιν
827 5538 1026 5600 κακίας
1052 5540 1376 5609 ποιούμενος
1403 5541 1439 5594 ἆ
1470 5542 1605 5609 πρὸς
1629 5545 1826 5606 κακίας

264 5619 466 5690 ἀποχὴν
516 5625 546 5675 ό
605 5622 738 5687 Θεὸς
789 5627 936 5696 αύτῴ
979 5629 1370 5700 συγκεχώρηκε
1428 5631 1640 5684 παθεῖν.
1692 5633 1826 5685 Οὐδὲ

269 5711 360 5784 rip
392 5712 669 5768 παύεσθαί
729 5732 814 5767 πω
854 5717 950 5786 τῆς
993 5723 1531 5792 κομπορῥημοσύνης
1589 5725 1682 5776 καὶ
1731 5724 1828 5792 τῆς

636 5807 906 5869 ΡΑτιιοι.
935 5811 1048 5872 Gn.
1091 5813 1361 5880 CXLIX.

1939 4532 2165 4584 stitutus
2191 4531 2245 4584 in
2277 4531 2437 4601 233
2469 4532 2821 4586 institutione
2858 4533 2974 4599 Dei,
3013 4544 3067 4586 et
3094 4534 3257 4588 s'imiii
3301 4536 3514 4589 insania

1938 4632 2132 4690 eaptus
2165 4638 2384 4692 semper
2431 4631 2752 4692 praetextum
2808 4623 2938 4678 facit
2964 4625 3252 4694 pravitatis
3287 4641 3410 4695 qua:
3443 4629 3513 4681 ad

1939 4716 2260 4782 pravitatem
2291 4716 2762 4770 averruncandam
2793 4717 2844 4770 ei
2879 4718 3020 4770 Deus
3051 4718 3310 4786 imposuit
3345 4721 3515 4774 susti-

1940 4808 2134 4860 nenda.
2198 4807 2487 4876 Nunquam
2544 4809 2690 4863 enim
2755 4809 3035 4878 deponere
3083 4815 3510 4867 ostentationem

1937 4912 1986 4951 et
2029 4913 2222 4952 vanam
2259 4899 2407 4952 illam
2436 4901 2752 4969 opinionem
2784 4901 2999 4970 potuit;
3032 4901 3127 4955 sed
3158 4902 3330 4971 ipsius
3351 4902 3515 4958 Chri-

1935 4990 2001 5044 sI.i
2045 4991 2272 5060 ejusque
2322 4992 2496 5044 nostri
2551 5007 2714 5046 causa
2765 5003 3144 5062 susceptarum
3193 4994 3508 5062 passionu'm

1936 5083 2228 5152 imaginem
2294 5085 2642 5153 semetipsum
2695 5099 2963 5153 suamque
3039 5085 3184 5152 apud
3244 5086 3508 5142 barbaros

1936 5175 2310 5242 captivitatem
2342 5175 2653 5243 exprimere
2691 5175 2978 5244 gloriatur.
3037 5175 3336 5231 Mendaciis
3368 5177 3511 5232 solet

1937 5281 2024 5318 res
2048 5265 2387 5330 adulterare,
2414 5281 2586 5336 eaque
2607 5265 2811 5320 ‘ell‘erre
2843 5265 3100 5322 laudibus
3129 5284 3366 5336 quorum
3401 5271 3502 5324 de-

1936 5357 2092 5410 beret
2127 5373 2252 5410 eum
2284 5361 2514 5425 pudere.
2578 5359 2655 5411 Ita
2692 5357 2746 5410 in
2796 5360 2974 5412 insani
3011 5360 3253 5415 hominis
3284 5371 3509 5430 pectore

1934 5447 2110 5501 locum
2163 5465 2270 5502 non
2325 5449 2489 5502 habet
2533 5450 2628 5502 Dei
2665 5453 2928 5504 memoria
2974 5463 3025 5506 et
3067 5454 3252 5508 divina
3304 5452 3498 5506 virtus.

1935 5541 2122 5608 Itaque
2195 5541 2519 5609 plerumque
2585 5541 2734 5597 Deus
2792 5560 2917 5598 eum
2973 5549 3201 5617 exponit
3265 5545 3504 5598 illuden-

1934 5635 2058 5684 dum
2091 5642 2145 5686 et
2172 5632 2299 5686 odio
2329 5633 2397 5686 ab
2427 5633 2683 5687 omnibus
2711 5639 3175 5707 persequendum,
3205 5637 3349 5690 illam
3376 5652 3501 5706 pra-

1934 5725 2116 5776 vitatis
2145 5733 2374 5794 pestem.
2423 5723 2732 5795 Tantopcre
2766 5729 2934 5793 enim,
2964 5731 3116 5798 quasi
3147 5725 3290 5780 cubo
3313 5740 3496 5799 verso,

3091 5821 3126 5842 Η

3099 5835 3120 5875 ί
