4046 6290
517 311 622 371 203

1723 314 2135 374 NICEPHORI
2179 317 2222 373 (ἶ
2237 315 2560 375 REGORE

3642 329 3736 394 201

517 423 644 475 odio
682 435 807 475 cum
853 422 1132 492 persecuti
1186 424 1353 477 duces
1384 422 1702 478 amicissimi
1741 433 1795 476 ct
1827 422 2081 475 benevoli

2193 424 2424 492 ματαίας
2480 425 2694 496 ἐκείνης
2734 425 2971 492 ἔγνωκεν
3020 430 3272 498 οἱήσεως,
3327 429 3445 483 ἀλλ’
3491 430 3650 484 αὐτοῦ
3679 451 3733 485 τε

517 523 740 581 propter
765 515 1123 570 barbarorqu
1152 516 1460 570 mistionem
1487 515 1822 583 illegitimam
1845 523 1899 567 et
1923 513 2083 566 sodo~

518 606 785 668 miticam,
821 610 892 660 ita
925 617 981 660 ut
1010 609 1096 662 cui
1142 624 1330 662 omnes
1375 623 1461 661 res
1508 607 1760 660 amittere
1800 607 2087 674 promitte—

517 697 650 752 bant
679 707 733 752 et
763 698 806 752 si
837 714 977 768 opus
1007 709 1156 753 esset
1185 701 1238 753 in
1273 699 1478 753 [ladem
1521 698 1858 752 descendere
1882 736 1895 758 ,
1928 714 2086 751 eum-

516 788 641 841 dem
673 804 823 842 nunc
851 806 918 844 ne
951 791 1115 844 obolo
1147 791 1368 860 quidem
1395 791 1670 844 redimere
1710 789 1896 843 velint.
1927 789 2086 854 Quze-

517 881 653 934 libet
702 881 848 934 cnim
905 883 1088 936 futura
1119 891 1267 936 esset
1299 898 1481 935 rerum
1508 881 1773 946 conditio,
1817 897 1922 935 non
1959 881 2084 951 pul-

517 974 715 1026 chrum
749 978 991 1026 futurum
1019 989 1142 1027 esse
1201 973 1590 1027 existimabant
1625 991 1784 1043 opus.
1821 974 1876 1028 Si
1912 976 2081 1038 enim,

516 1065 796 1126 dicebant,
827 1065 1058 1120 crimine
1108 1066 1371 1120 oblivioni
1421 1067 1640 1126 tradito,
1669 1068 1720 1120 ei
1771 1067 2085 1122 condonare

515 1157 715 1210 vellent
745 1157 1067 1224 dignitatem
1101 1158 1519 1224 sacerdotalem,
1550 1160 1634 1213 vel
1659 1174 1851 1212 omnes
1873 1159 2086 1226 lapides

513 1247 816 1301 clamarent
851 1249 1126 1317 ingentem
1156 1247 1304 1301 illam
1335 1249 1626 1302 insaniam.
1662 1248 1716 1302 Si
1754 1263 1887 1303 vero
1921 1249 2076 1302 illum

511 1340 959 1399 commovissent,
1017 1354 1144 1392 cum
1215 1339 1436 1393 silentio
1501 1343 1802 1408 deponeret
1851 1341 2089 1409 dignita-

515 1441 622 1482 tem
643 1431 1065 1488 sacerdotalem.
1084 1429 1250 1501 23E.
1275 1440 1564 1484 accusator
1587 1431 1829 1495 iisorum
1851 1431 2086 1499 impudi-

511 1521 772 1575 cissimus
823 1530 970 1576 esset
1026 1521 1204 1590 iisque
1266 1521 1530 1590 linguam,
1566 1522 1804 1592 gladium
1863 1524 2086 1575 omnino

511 1614 894 1668 acutissimum
932 1624 1260 1682 opponeret.
1297 1613 1352 1668 Si
1388 1629 1518 1668 vero
1553 1614 1750 1668 tbeatrl
1781 1623 1834 1666 et
1868 1613 1968 1665 fori
1997 1613 2082 1665 lu-

2189 513 2428 583 Χριστοῦ
2481 518 2574 568 καὶ
2619 518 2725 569 τῶν
2775 519 2914 589 ὑπὲρ
2947 522 3107 590 ἡμῶν
3138 523 3375 591 Χριστοῦ
3409 524 3735 592 παθημάτων

2188 607 2374 659 εἰκόνα
2405 610 2595 678 φέρειν
2635 611 2826 662 ἑαυτὸν
2862 615 2956 665 καὶ
2990 615 3088 680 τὴν
3131 615 3326 668 ἑαυτοῦ
3378 615 3512 684 πρὸς
3547 617 3738 687 βαρδάο

2190 711 2318 765 ρους
2383 698 2760 766 αἰχμαλωσίαν
2806 700 3164 769 βρενθύεται,
3218 703 3626 772 ψευδηγορίαις.
3669 705 3738 769 ὡς

2188 786 2366 850 εἴωθε,
2397 789 2738 858 διαστρέφων
2774 791 2840 843 τὰ
2890 793 3192 862 πράγματα
3224 797 3318 847 καὶ
3352 797 3739 862 ὲγκαλλωπιζό-

2191 895 2352 947 μενος
2381 881 2466 948 ἐφ’
2495 875 2576 942 οἷς
2599 882 3037 948 έγκαλύπτεσθαι
3069 884 3195 938 ἔδει.
3231 885 3418 948 Οὖτως
3449 888 3528 947 εἰς
3560 888 3741 940 ἀσυνέ-

2189 989 2282 1023 του
2318 974 2547 1042 καρδίαν
2587 975 2770 1044 χώραν
2799 977 2898 1029 οὐκ
2938 979 3050 1044 ἔχει
3086 979 3270 1046 μνήμη
3313 976 3450 1029 Θεοῦ
3490 978 3582 1030 καὶ
3613 980 3742 1031 κατά

2189 1063 2323 1114 Θεὸν
2359 1066 2552 1135 ἀρετή.
2594 1071 2682 1118 Διὸ
2713 1067 2806 1120 καὶ
2851 1067 2926 1129 ὡς
2962 1069 3055 1120 ἐπὶ
3087 1068 3340 1121 πλεῖστον
3375 1068 3438 1139 [ί.
3481 1069 3576 1122 121
3613 1068 3684 1138 η]
3715 1071 3743 1119 ὸ

2189 1154 2321 1215 θεὸς
2373 1155 2742 1222 ὲμπαίζεσθαι
2801 1159 3014 1209 τουτονὶ
3069 1158 3450 1227 ἐγκεχώρηκε,
3503 1160 3598 1211 καὶ
3649 1159 3745 1212 ὑπὸ

2190 1247 2409 1298 πάντων
2444 1248 2648 1314 ὁμοίως
2701 1249 2979 1316 μισεῖσθαι
3019 1250 3080 1300 τὸ
3112 1251 3210 1316 τῆς
3259 1249 3595 1319 ἐρημώσεως
3638 1251 3745 1319 βδέ-

2189 1337 2396 1406 λυγμα.
2458 1339 2552 1399 El;
2605 1339 2860 1390 τοσοῦτον
2918 1343 3049 1408 γάρ,
3081 1340 3337 1410 καθάπερ
3381 1340 3551 1393 κύϐου
3589 1357 3748 1409 στρα-

2190 1429 2403 1495 φέντος,
2440 1429 2744 1498 μεμίσηται
2784 1430 2878 1484 καὶ
2921 1431 3059 1500 πρὸς
3111 1430 3220 1482 τῶν
3261 1431 3404 1500 μάλα
3451 1431 3748 1484 ποθούντων

2189 1520 2447 1592 ἐντεῦθεν
2476 1522 2758 1590 ἀρχόντων
2789 1523 2884 1573 καὶ
2917 1523 3236 1592 ὁμοφρόνων
3277 1523 3366 1576 διὰ
3388 1523 3488 1592 τὴν
3521 1522 3752 1591 ἄθεσμον

2190 1612 2406 1680 ἐκείνην
2435 1614 2528 1664 καὶ
2561 1613 2909 1682 σοδομιτικὴν
2940 1614 3047 1666 τῶν
3077 1614 3370 1684 βαρϐάρων
3419 1615 3590 1682 μῖξιν,
3618 1613 3749 1666 ὥστε

512 1705 690 1759 dibria
745 1709 798 1759 in
843 1705 1041 1774 plateis
1088 1707 1233 1775 jacta
1269 1705 1538 1770 audiunt,
1593 1721 1734 1758 sura:
1780 1705 1986 1757 scilicet
2025 1713 2079 1756 et

2191 1707 2273 1759 καὶ
2300 1706 2439 1774 ὑπὲρ
2457 1701 2517 1759 οὗ
2541 1707 2716 1760 πάντα
2740 1707 3004 1774 προέσθαι
3018 1709 3275 1776 χρήματα
3290 1707 3645 1776 ὑπισχνοῦντο
3667 1707 3752 1759 καὶ

509 1797 814 1852 effeminati
844 1798 930 1852 dei
969 1809 1022 1851 et
1055 1798 1236 1851 cruris
1257 1814 1474 1867 semper
1504 1797 1695 1850 [cetum
1722 1796 2086 1865 procreantis,

512 1889 734 1960 Dionysi
791 1905 1178 1960 nequaquam,
1236 1905 1413 1962 neque
1486 1889 1730 1944 Semeles
1815 1887 2091 1941 Thebana:

509 1979 785 2045 abortus,
815 1982 910 2036 sed
945 1982 1305 2040 barbarorum
1357 1991 1414 2035 et
1469 1981 1756 2050 impiorum
1810 1980 2081 2034 seminum

512 2067 608 2120 lilii
658 2078 714 2123 et
745 2071 863 2138 .qui
897 2085 1117 2140 semper
1146 2084 1212 2124 ex
1271 2069 1442 2138 impio
1475 2071 1658 2124 animo
1687 2070 1834 2139 gigni
1883 2070 2081 2133 solent,

511 2161 662 2228 pravi
695 2163 846 2232 impii
879 2175 1063 2226 ortus,
1092 2164 1275 2232 patius
1309 2163 1589 2218 immaturi
1624 2173 1836 2217 natura
1879 2177 2083 2232 repug-

512 2263 708 2310 nantes
737 2266 893 2312 ortus
944 2273 1054 2326 quo
1103 2256 1400 2325 suspendio
1443 2271 1553 2310 non
1617 2257 1772 2326 pejus
1802 2256 2086 2310 videretur

508 2347 789 2411 omnibus,
804 2349 1006 2416 quibus
1022 2349 1270 2418 contigit,
1285 2357 1342 2402 ut
1361 2349 1466 2402 hoc
1478 2348 1739 2416 magistro
1755 2346 2082 2400 Mereatur?

2195 1796 2336 1862 σφᾶς
2389 1796 2610 1857 αὐτοὺς,
2642 1796 2690 1847 εί
2749 1795 2982 1862 δεήσειε,
3043 1799 3286 1864 πέμπειν
3342 1798 3420 1858 είς
3475 1795 3630 1866 ᾅδην.
3664 1796 3750 1847 νῦν

2193 1885 2300 1939 οόδ’
2335 1888 2526 1939 ὀὸολοῦ
2587 1886 2923 1950 ἀλλάξασθαι
2963 1887 3240 1954 βούλονται
3273 1889 3374 1955 τὴν
3425 1886 3750 1955 ἐλευθερίαν.

2203 1977 2545 2046 ὐποτέρωσε
2574 1976 2683 2043 γὰρ
2715 1975 2782 2027 ἂν
2819 1975 3026 2028 νεύσειε
3073 1977 3135 2028 τὸ
3183 1975 3621 2045 ἀποῆησόμενον,
3661 1974 3753 2026 οὐκ

2190 2071 2248 2132 ές
2272 2069 2334 2122 τὸ
2361 2068 2636 2136 εὔσχημον
2670 2071 2853 2135 σφίσιν
2885 2069 3142 2135 ἐνόμισαν
3165 2068 3393 2136 σχήσειν
3421 2065 3482 2119 τὸ
3505 2069 3751 2135 πρᾶγμα.

2193 2160 2294 2214 ’Ἂν
2330 2175 2390 2209 τε
2430 2157 2542 2226 γάρ
2589 2155 2948 2226 βουληθῶσιν,
2992 2155 3222 2225 ἔφασαν,
3259 2158 3384 2224 σιγῇ
3420 2154 3754 2223 καλύψαντες

2190 2251 2517 2320 τοῦγκλημα
2561 2251 2750 2302 τοῦτον
2816 2249 3119 2319 ἱερατεύειν
3170 2247 3440 2315 ἐνδοῦναι,
3487 2249 3586 2301 καὶ
3627 2247 3757 2300 λίθοι

2192 2345 2394 2405 πάντες
2447 2342 2813 2410 ἀναϐοήσουσι
2852 2343 2952 2404 τὴν
3009 2343 3108 2412 τῆς
3136 2341 3390 2403 ’ἀτοπίας
3425 2339 3753 2410 ὑπερϐολήν·

509 2435 576 2490 ἄν
643 2442 691 2488 τ’
759 2441 1066 2507 ἀπρακτεῖν
1105 2440 1268 2496 αὑτὸν
1335 2440 1669 2494 ἀναπείσωσι
1737 2441 1831 2492 καί
1866 2440 1965 2505 τῆς
2005 2437 2321 2507 ἱερουργίας
2376 2435 2713 2504 ἀπέχεσθαι,
2773 2436 3082 2505 κατήγορος
3140 2435 3321 2487 αὐτῶν
3373 2436 3753 2491 ἀναιδέστατος

509 2531 662 2583 ἔσται
689 2531 874 2584 λοιπὸν
895 2531 1058 2595 αὐτὸς
1089 2533 1146 2584 ὲν
1205 2531 1442 2594 πολλοῖς,
1467 2532 1562 2585 καὶ
1594 2531 1780 2598 ξίφους
1809 2532 2185 2599 ἀκμαιοτέραν
2244 2530 2448 2591 παντὸς
2506 2529 2824 2597 ἀπιστήσει
2887 2528 3134 2595 γλῶτταν
3173 2526 3378 2585 αὐτοῖς.
3415 2528 3510 2577 καὶ
3557 2525 3756 2593 Ὀλύμ-

511 2643 616 2680 που
645 2629 898 2694 φανεῖται
930 2626 1133 2688 παντὸς
1162 2625 1586 2695 ἐπαχθέστερος.
1619 2624 1680 2695 [1³.
1719 2624 1808 2678 121
1848 2622 1924 2695 υ.]
1959 2624 2128 2677 Ὅταν
2159 2623 2333 2676 δὲκαὶ
2371 2623 2438 2682 τά
2475 2623 2603 2676 θεατ
2617 2623 2744 2692 ρικά
2772 2623 2867 2674 καὶ
2898 2624 3131 2691 ἀγοραῖα
3161 2612 3474 2690 σ’κώμματα
3500 2623 3638 2690 προς
3663 2621 3758 2680 τὰς

509 2719 705 2787 ἀγυιὰς
774 2717 1302 2789 παραρῤιπτούμενα
1357 2718 1920 2788 ἐξακούωνται,’τῆς
1986 2719 2433 2787 γαστροκνημίας
2486 2720 2631 2787 φημὶ
2712 2721 2807 2770 καὶ
2873 2717 2967 2769 τοῦ
3039 2716 3371 2787 ἁνδρογύνου
3457 2715 3596 2768 Θεοῦ
3672 2713 3758 2767 καὶ

507 2815 603 2866 τοῦ
637 2811 815 2883 μηροῦ
846 2809 939 2862 τοῦ
970 2809 1030 2861 τὸ
1060 2810 1246 2873 ἀτελὲς
1291 2809 1576 2871 ὠδίνοντος
1605 2810 1810 2879 κύημα,
1877 2810 2132 2863 Διονύσου
2171 2811 2270 2878 μὲν
2312 2810 2512 2878 ἥκιστα
2563 2810 2682 2862 οὐδὲ
2747 2809 2992 2878 Σεμέλης
3074 2809 3316 2877 Θηϐαίας
3388 2797 3758 2878 ἀμϐλῶματα,

509 2909 644 2961 ἀλλά
680 2904 1035 2976 βαρϐαρικῶν
1075 2905 1169 2956 καὶ
1220 2904 1436 2958 ἀσεϐῶν
1475 2905 1808 2972 σπερμάτων
1855 2905 2081 2956 ὲκτόκια
2123 2903 2361 2972 συγγενῆ
2427 2904 2524 2958 καὶ
2577 2897 2665 2954 οἷα
2723 2902 2990 2972 διηνεκῶς
3063 2901 3123 2966 ἐξ
3167 2902 3400 2965 ἀσεϐοῦς
3453 2903 3622 2966 αὐτὸς
3651 2905 3760 2956 δια-

509 3001 657 3061 νοίας
701 2997 862 3050 εἴωθε
894 2995 1100 3048 τίκτειν
1132 2996 1346 3063 πονηρά
1365 3011 1424 3046 τε
1471 2999 1564 3046 καὶ
1604 2994 1776 3063 ἀσείὶῆ
1813 2996 2158 3063 γεννήματα,
2203 2995 2402 3066 μᾶλλον
2467 2995 2512 3046 δ’
2561 2993 2728 3063 ἀτελῆ
2784 2995 2877 3047 καὶ
2957 2993 3110 3060 παρὰ
3160 2996 3325 3060 φύσιν
3376 2992 3758 3063 ἀμϐλώματα,

508 3094 666 3158 ποίας
697 3093 797 3145 οὐκ
852 3093 919 3143 ἂν
961 3090 1199 3158 ἀγχόνης
1257 3087 1430 3157 χείρω
1483 3088 1688 3154 δόξειεν
1741 3089 1966 3151 ἀπασιν,
1999 3085 2080 3150 οἷς
2119 3088 2428 3156 διδασκάλῳ
2464 3087 2638 3157 τούτῳ
2663 3088 2968 3157 κεχρῆσθαι
3000 3087 3402 3156 συμπέπτωκε;

579 3184 731 3239 V.Et
753 3183 819 3238 de
851 3182 936 3237 his
957 3182 1124 3236 rebus
1148 3182 1263 3250 ipse
1295 3181 1607 3236 accuratius
1633 3182 1969 3249 iudicaveris
1987 3198 2076 3234 sa-
2109 3189 2152 3244 ς.

508 3276 682 3347 pienti
717 3285 807 3330 tua
851 3283 905 3329 et
933 3289 1066 3328 sana
1091 3282 1276 3328 mente
1307 3287 1372 3327 ac
1404 3274 1640 3328 ratione.
1707 3274 1974 3343 Equidem
2013 3273 2082 3326 de

509 3368 600 3432 iis,
629 3381 752 3434 qua:
789 3365 1054 3419 insecutae
1084 3375 1240 3431 sunt,
1291 3366 1459 3420 rebus
1513 3365 1789 3420 similibus
1837 3374 1892 3418 et
1923 3381 1952 3417 e
1987 3365 2080 3418 Dei

513 3475 672 3529 pcena
707 3459 966 3527 profectis
1024 3458 1241 3528 loquar;
1276 3456 1594 3512 Patriarcba
1657 3459 1805 3511 enim
1841 3457 1932 3510 illc
1955 3456 2081 3510 Cal-

509 3551 692 3614 listus,
719 3550 1006 3618 depositus
1040 3550 1109 3604 ab
1146 3550 1213 3606 iis
1239 3565 1269 3605 a
1313 3549 1515 3618 quibus
1544 3549 1850 3602 honoratus
1883 3549 2079 3609 fuerat,

507 3655 632 3693 cum
658 3641 951 3695 sacerdotii
976 3640 1213 3709 insignia
1241 3641 1522 3709 deponere
1548 3640 1737 3702 nollet,
1755 3656 1862 3693 non
1895 3640 2079 3693 timuit

505 3747 696 3786 eorum
733 3733 994 3801 impetum
1021 3733 1294 3786 sustinere
1319 3731 1548 3787 invitum
1579 3741 1636 3786 et
1657 3733 1708 3784 in
1742 3731 2078 3784 horrendum

507 3823 704 3894 conjici
739 3837 1039 3890 carcerem,
1079 3838 1212 3878 neve
1255 3822 1584 3881 seditionem
1611 3823 1750 3877 forte
1771 3824 2078 3876 secundum

507 3920 704 3971 famam
734 3925 1072 3983 grassantem
1127 3915 1249 3970 urbi
1281 3924 1550 3978 moveret,
1621 3913 1888 3968 audacius
1928 3929 2082 3966 arro-

506 4010 834 4078 gantiusque
864 4010 1059 4063 vivens
1090 4008 1144 4062 in
1181 4009 1308 4066 vita
1340 4006 1774 4076 tranquillitate;
1809 4017 1866 4060 et
1921 4006 2082 4059 facile

507 4100 716 4154 inscius
738 4100 794 4152 in
817 4099 1023 4152 malum
1045 4097 1353 4163 incidisset,
1373 4097 1482 4150 nisi
1513 4113 1572 4151 re
1589 4107 1872 4166 comperta
1901 4095 2081 4150 conti-

508 4207 619 4245 nuo
651 4192 902 4260 fugisset.
921 4188 1075 4255 Quod
1101 4189 1393 4243 consilium
1423 4188 1744 4256 imperatori
1776 4188 2081 4257 etp-utriar-

509 4287 627 4338 clue
652 4284 940 4351 probatum
980 4283 1155 4334 visum
1191 4289 1299 4343 est,
1324 4287 1381 4333 et
1409 4279 1550 4334 fama
1581 4281 1798 4336 occulta
1821 4282 1874 4334 in
1900 4281 2078 4334 forum

512 4377 919 4446 divulgabatur.
950 4372 1087 4428 Cum
1114 4380 1169 4426 et
1195 4372 1308 4440 ipse
1337 4371 1500 4441 235
1529 4388 1645 4428 rem
1690 4376 2072 4442 comperisset,

512 4484 706 4537 magna
745 4466 958 4535 ignavia
986 4475 1203 4532 captus,
1243 4463 1382 4516 clam
1431 4461 1624 4532 effugit
1653 4463 1721 4517 ad
1760 4463 2078 4517 Latinorum

514 4558 830 4628 przrsidium
858 4571 924 4608 ex
955 4555 1194 4608 adverso
1235 4552 1425 4616 situm,
1484 4563 1540 4608 et
1569 4563 1800 4607 externo
1830 4555 2086 4622 praesidio
2121 4539 2164 4594 ι)

511 4662 567 4706 et
587 4647 952 4704 dominationi
995 4659 1114 4699 sese
1144 4645 1402 4698 submisit
1428 4645 1553 4698 vita:
1580 4660 1766 4698 amore
1791 4655 2004 4714 captus,
2029 4655 2087 4698 et

517 4755 576 4796 ut
626 4743 744 4810 pios
801 4738 1074 4802 homines,
1125 4738 1217 4805 qui
1269 4746 1493 4804 propter
1522 4738 1848 4806 religionem
1887 4741 2089 4790 multas

515 4833 799 4887 subicrant
822 4843 1116 4891 aerumnas,
1149 4829 1267 4882 beri
1303 4839 1357 4885 et
1385 4828 1791 4884 nudiustertius
1823 4829 2090 4884 conviciis

515 4923 966 4994 persequebatur,
1011 4922 1087 4974 ita
1145 4921 1260 4990 ipse
1294 4923 1558 4978 continuo
1606 4926 1661 4978 in
1711 4937 1865 4978 suam
1915 4923 2089 4992 ipsius

513 5016 876 5071 calamitatem
939 5013 1154 5067 incidit.
1207 5014 1308 5080 Qui
1371 5015 1522 5070 enim
1585 5015 1639 5068 in
1681 5013 1897 5082 Sophia:
1952 5023 2090 5068 tem-

510 5111 658 5177 plum
690 5116 743 5160 et
775 5121 1046 5160 summum
1067 5105 1160 5158 Dei
1183 5108 1489 5160 sacrariqu
1516 5105 1790 5174 fugerant,
1820 5120 1914 5158 cos
1956 5120 2092 5173 prac-

512 5212 596 5253 ter
629 5202 800 5268 legem
829 5208 1139 5268 protractos
1165 5198 1280 5265 ipse
1310 5197 1364 5250 in
1401 5211 1683 5251 carcerem
1716 5197 1976 5266 conjecit.
2033 5197 2090 5250 Si

512 5309 640 5347 vero
689 5291 812 5360 quis
870 5290 1228 5343 insectatores
1288 5287 1486 5352 fallens
1546 5287 1599 5337 in
1636 5286 1769 5338 illud
1831 5285 2087 5340 Latinum

511 5384 821 5454 praesidium
853 5381 1114 5450 fugiebat,
1137 5380 1308 5434 multa
1341 5382 1452 5446 ipse
1485 5378 1748 5435 continuo
1779 5389 1969 5432 contra
1997 5393 2090 5431 cos

511 5476 724 5544 dicebat
747 5473 1088 5541 infinitisque
1130 5469 1508 5524 insectabatur
1540 5470 1912 5535 contumeliis,
1933 5482 1984 5523 et
2016 5471 2091 5524 ita

509 5569 836 5637 loquebatur
859 5580 922 5619 ac
947 5563 990 5617 si
1017 5563 1052 5616 ii
1084 5559 1463 5630 quiBarlaami
1485 5559 1664 5614 Latini
1698 5571 1880 5614 essent
1903 5562 2088 5626 amici,

510 5676 658 5714 nunc
691 5659 838 5713 illi-us
863 5651 1274 5710 contribulibus
1301 5652 1463 5706 amici
1489 5644 1701 5708 fierent.
1734 5653 1919 5722 Itaque
1942 5654 2087 5706 inter

513 5751 731 5821 propria
766 5749 1019 5816 (ltlgll‘lala
1050 5743 1347 5812 impietatis
1378 5745 1581 5798 auxilia
1611 5747 2086 5800 conservabantur

2258 3182 2318 3254 [ί.
2347 3183 2448 3236 122
2474 3180 2524 3252 r]
2551 3181 2603 3234 ις’
2656 3183 2764 3234 Καὶ
2801 3182 2931 3250 περὶ
2966 3181 3063 3250 μὲν
3088 3181 3291 3233 τούτων
3316 3181 3478 3244 αὐτὸς
3511 3183 3582 3235 ἂν
3603 3186 3753 3254 ἀκρι.

2190 3275 2444 3346 ϐεστερον
2469 3277 2805 3344 διαιτήσειας
2837 3277 2900 3344 τῇ
2953 3278 3090 3344 σοφῇ
3139 3292 3234 3326 σου
3261 3277 3352 3328 καὶ
3383 3275 3620 3345 ἔμφρονι
3648 3279 3763 3329 δια-

2190 3370 2310 3439 νοίᾳ
2339 3370 2434 3421 καὶ
2481 3367 2682 3435 κρίσει·
2715 3365 2826 3434 ἐγὼ
2865 3367 2921 3418 δὲ
2955 3367 3050 3419 καὶ
3083 3368 3214 3433 περὶ
3246 3366 3354 3419 τῶν
3384 3366 3512 3442 ἑξῆς
3553 3368 3759 3437 ὁμοίων

2189 3475 2247 3512 τε
2279 3461 2368 3510 καὶ
2398 3459 2589 3526 ὁμοίας
2617 3459 2680 3509 ὲκ
2711 3458 2846 3509 Θεοῦ
2877 3457 3260 3527 τυγχανόντων
3296 3458 3393 3526 τῆς
3427 3457 3760 3529 ἐκδικήσεως

2192 3549 2575 3618 ἀφηγήσομαι.
2631 3548 2688 3600 'U
2739 3551 2849 3615 γάρ
2896 3548 3346 3618 πατριαρχεύσας
3401 3549 3498 3618 μὲν
3557 3553 3762 3610 ἐκεῖνος

2192 3641 2514 3704 Κάλλιστος,
2554 3639 2899 3709 καθαιρεθεὶς
2933 3639 2980 3692 δ’
3024 3639 3184 3703 αὖθις
3222 3640 3312 3706 ὑφ’
3341 3637 3416 3693 ὧν
3445 3645 3758 3712 τετίμηται,

2191 3733 2285 3784 καί
2324 3733 2397 3801 μὴ
2431 3732 2754 3802 βουλόμενος
2808 3734 2874 3785 τὰ
2923 3732 3024 3801 τῆς
3078 3733 3492 3804 ἀρχιερωσύνης
3537 3737 3753 3789 οἶκοθεν

2191 3823 2494 3876 ἀποθέσθαι
2544 3823 2810 3890 σύμϐολα,
2848 3824 3269 3877 κεκινδύνευκεν
3310 3824 3458 3878 ἄκων
3503 3825 3607 3896 τὴν
3640 3828 3761 3879 τού-

2190 3931 2297 3964 των
2331 3913 2624 3983 ἀφαίρεσιν
2680 3914 2938 3983 ὑποσχεῐν
2991 3919 3084 3966 καὶ
3133 3914 3248 3986 ἅμα
3278 3916 3435 3987 δεινῷ
3461 3933 3571 3971 τινι
3602 3918 3762 3988 ὲμὸε-

2192 4005 2425 4073 ϐλῆσθαι
2473 4005 2854 4076 δεσμωτηρίῳ,
2907 4009 2982 4077 μή
3030 4007 3128 4062 καὶ
3184 4009 3376 4062 στάσιν
3439 4010 3570 4075 ἴσως
3618 4013 3757 4066 κατὰ

2189 4099 2288 4166 τὴν
2334 4099 2747 4151 ὲπιπολάσασαν
2800 4101 2991 4169 φήμην
3053 4101 3244 4172 ἐγείρῃ
3293 4105 3361 4172 τῇ
3416 4105 3594 4168 πόλει,
3630 4107 3758 4176 θρα-

2193 4188 2422 4258 σύτερόν
2451 4207 2510 4241 τε
2536 4192 2630 4243 καὶ
2658 4191 2984 4261 ἀηδέστερον
3018 4195 3158 4262 πρὸς
3187 4196 3278 4246 τὸν
3313 4198 3372 4249 ὲν
3399 4197 3604 4268 ἠσυχίᾳ
3645 4200 3760 4252 δια-

2193 4283 2448 4351 κείμενος
2485 4281 2617 4351 βίον·
2651 4285 2744 4336 καὶ
2788 4286 2930 4352 τάχα
2964 4286 3029 4337 ἀν
3064 4289 3136 4354 μὴ
3165 4287 3352 4353 μαθὼν
3384 4288 3521 4359 ε·ρθη
3545 4290 3756 4350 παθὼν,

2189 4377 2238 4426 εί
2300 4375 2374 4445 μὴ
2428 4375 2616 4444 μαθὼν
2675 4375 2814 4444 ἔφθη
2855 4376 3065 4444 φυγών.
3103 4379 3263 4448 Ἀρτι
3303 4378 3413 4450 γὰρ
3444 4380 3504 4434 τὸ
3536 4383 3758 4454 σκέμμα

2191 4466 2411 4537 βασιλεί
2441 4484 2499 4518 τε
2532 4471 2626 4519 καὶ
2651 4467 2971 4540 πατριάρχῃ
3003 4473 3394 4539 κεκυρωμένον
3423 4472 3758 4528 λανθάνουσα

2192 4562 2353 4629 φήμη
2375 4559 2618 4612 λαϐοῦσα
2633 4560 2916 4612 διέπιπτεν
2947 4561 3023 4622 είς
3052 4562 3148 4630 τὴν
3171 4564 3379 4631 ἀγορὰν
3405 4566 3755 4635 ὲξεπιπολῆς.

2193 4650 2355 4703 ’Όθεν
2391 4651 2579 4719 μαθὼν
2634 4653 2727 4702 καὶ
2775 4653 2960 4716 αὐτὸς,
2991 4653 3086 4704 καὶ
3116 4653 3292 4725 δειλίᾳ
3343 4659 3532 4729 μακρᾷ
3565 4677 3754 4730 συσχε-

2191 4744 2324 4809 θεὶς,
2353 4743 2526 4813 ῷχετο
2559 4745 2733 4812 λάθρα
2783 4745 3027 4814 ἀποδρὰς
3072 4747 3211 4812 πρὸς
3257 4751 3318 4800 τὸ
3357 4751 3464 4804 τῶν
3513 4752 3755 4805 Λατίνων

2192 4834 2491 4903 ἀντιπέρας
2529 4836 2814 4904 φρούριον·
2850 4838 2944 4889 καὶ
2978 4840 3044 4908 τῇ
3099 4838 3387 4911 ἀλλοφύλῳ
3441 4843 3619 4913 σκέπῃ
3664 4846 3755 4897 καὶ

2189 4924 2478 4996 δεσποτεία
2513 4929 2703 4978 ἑαυτὸν
2736 4929 2824 4979 διὰ
2855 4929 3152 4996 φιλοζωΐαν
3185 4932 3630 4997 καθυποζεύξας,
3669 4937 3756 4986 καὶ

2191 5011 2226 5064 ἀ
2261 5016 2374 5075 τοῖς
2411 5015 2549 5083 ὑπὲρ
2604 5015 2884 5078 εὐσεϐείας
2912 5018 3296 5085 δεδιωγμένοις
3327 5022 3452 5090 χθὲς
3499 5023 3594 5076 καὶ
3628 5021 3760 5093 πρό·

2191 5119 2350 5171 τριτα
2388 5105 2671 5158 εύσεϐέσιν
2708 5106 2976 5172 ὠνείδιζε,
3019 5110 3197 5164 ταῦτα
3249 5114 3396 5179 παρά
3445 5115 3612 5178 πόδας
3641 5116 3755 5168 ἀλίο
3843 5140 3845 5142 ·

2197 5210 2388 5248 σκεται
2421 5197 2514 5249 καὶ
2567 5198 2728 5258 αὐτὸς
2791 5201 3095 5262 πεπονθώς.
3147 5203 3613 5270 Καταφεύγοντας
3652 5207 3756 5274 γὰρ

2193 5288 2330 5355 πρὸς
2375 5287 2436 5340 τὸ
2486 5290 2584 5358 τῆς
2635 5290 2834 5358 Σοφίας
2884 5292 3030 5361 ίερὸν
3065 5295 3158 5346 καὶ
3208 5298 3469 5364 μέγιστον
3501 5298 3594 5350 τοῦ
3624 5299 3757 5350 Θεοῦ

2197 5383 2423 5448 τέμενος
2451 5382 2721 5434 ἀποσπῶν
2771 5387 3109 5455 παρανόμως
3141 5388 3303 5451 αὐτὸς
3332 5391 3443 5453 τοῖς
3473 5389 3751 5457 δεσμωτη-

2197 5471 2334 5540 ρίοις
2373 5471 2756 5543 προῦπεμπενο
2789 5480 2837 5529 εἰ
2881 5477 2937 5529 δέ
2973 5479 3071 5531 πού
3105 5497 3185 5542 τις
3225 5482 3320 5532 καὶ
3367 5482 3492 5544 τοὺς
3525 5483 3757 5543 διώκτας

2192 5563 2369 5618 λαθὼν
2415 5567 2494 5626 είς
2537 5568 2599 5618 τὸ
2629 5569 2920 5622 Λατινικὸν
2965 5572 3140 5623 έκεῖνο
3174 5574 3449 5640 κατέφυγε
3479 5576 3755 5643 φρούριον,

2192 5657 2360 5718 πολὺς
2391 5657 2554 5720 αὐτὸς
2583 5660 2744 5722 εὐθὺς
2775 5656 2842 5733 ἦν
2869 5663 3010 5714 κατά
3034 5661 3142 5713 τῶν
3179 5664 3438 5715 τοιούτων
3477 5670 3613 5735 ῥέων
3670 5668 3762 5718 καὶ

2191 5748 2465 5819 ἀμέτρους
2514 5753 2799 5808 ἐπαντλῶν
2847 5754 3136 5826 λοιδορίας,
3177 5759 3276 5810 κοιλ⁸
3301 5760 3471 5827 λέγων
3500 5760 3574 5820 ὡς
3599 5763 3646 5811 οἱ
3679 5778 3752 5826 τῳ
