4046 6290
392 288 501 349 205

1381 299 1830 374 ,ΒΥΖΛΝΤΙΝΑΈ
1871 301 2253 362 IllS'l‘ORL‘E
2296 304 2435 364 LIB.
2467 306 2683 367 XXIX.

3548 321 3651 384 2(‘6

392 403 662 476 Βαρλαάμ
694 406 810 460 ὄντι
844 409 1062 481 Λατίνῳ
1093 411 1232 480 φίλοι
1267 416 1361 467 καὶ
1407 417 1502 470 νῦν
1531 420 1644 482 τοῖς
1670 418 1956 488 ὁμοφύλοις

2072 435 2168 489 per
2199 421 2363 476 breve
2400 433 2611 492 tempus
2639 433 2693 476 et
2739 425 2978 485 tenebrae
3006 429 3233 486 occuita:
3267 444 3427 489 erant
3463 440 3652 494 multi-

390 497 583 567 ἐκείνῳ
617 499 858 566 γίνονται
891 503 1052 571 φίλοι,
1099 509 1164 574 τῇ
1211 507 1499 579 ἀλλοφύλῳ
1549 511 1728 584 σκέπῃ
1761 513 1854 562 καὶ
1878 511 1967 562 δε-

390 592 620 662 σποτεία
679 593 954 662 χρώμενοι
1005 600 1260 669 σωστικῷ
1308 600 1512 669 λιμένι.
1550 601 1708 655 Οὕτω
1755 604 1822 656 τά
1866 604 1968 673 τῆς

388 681 651 745 ἀσεϐείας
697 682 908 754 δργανα
940 687 1078 753 μετά
1105 689 1217 742 τῶν
1255 692 1475 744 οἰκείων
1505 693 1794 760 δογμάτων
1833 699 1968 766 πρὸς

391 773 490 840 μὲν
522 773 732 844 βραχύν
753 795 876 830 τινα
904 779 1096 848 χρόνον
1125 783 1378 853 ἀντέσχε,
1411 785 1506 836 καὶ
1526 785 1758 855 λέληθεν
1792 785 1968 839 ἐνίοτε

387 866 518 929 τοὺς
557 868 787 932 πολλοὺς
817 871 874 922 ἐν
910 875 1093 927 σκότει
1130 875 1237 928 κάκ
1264 875 1559 946 διαμέτρου
1578 879 1676 946 τῆς
1701 878 1965 948 ἀληθείας

391 959 688 1027 ίστάμενα,
719 960 800 1031 τῷ
836 961 1017 1034 χρόνῳ
1065 965 1121 1018 δὲ
1155 968 1410 1037 φωρᾶται
1462 967 1543 1036 τῷ
1575 969 1675 1036 τῆς
1704 969 1969 1040 ἀληθείας

386 1051 790 1122 θεατριζόμενα
826 1059 967 1123 φωτὶ
997 1059 1092 1110 καὶ
1123 1057 1215 1110 ὑπ’
1257 1058 1438 1113 αὐτῶν
1485 1061 1825 1131 ἐλεγχόμενα
1857 1061 1967 1113 τῶν

389 1145 763 1213 πραγμάτων,
791 1149 904 1210 τοῖς
929 1149 1152 1212 οἰκείοις
1188 1153 1414 1220 πτεροῖς
1451 1152 1738 1206 ἁλίσκεταί
1770 1172 1830 1207 τε
1873 1154 1969 1206 καὶ

390 1236 606 1300 ἑαυτοῖς
655 1240 999 1307 περιπίπτει.
1052 1242 1203 1310 Μηδὲ
1256 1243 1364 1313 γὰρ
1401 1245 1632 1314 μηδενὸς
1675 1243 1970 1308 διώκοντος

387 1327 574 1390 ἄλλου,
623 1328 713 1397 ὑφ’
750 1331 958 1382 ἑαυτῶν
991 1333 1147 1386 αὐτοὶ
1177 1334 1468 1388 διώκονται
1505 1335 1677 1404 μόνοι,
1736 1337 1833 1387 καὶ
1865 1337 1970 1389 πά-

331 1448 350 1459 ε
391 1433 616 1486 σχουσιν
658 1417 872 1472 οἴκοθεν
903 1421 1048 1491 ᾇπερ
1078 1421 1248 1490 ἔδρων
1283 1424 1428 1476 κατὰ
1454 1423 1565 1477 τῶν
1595 1424 1968 1478 εὐσεϐούντων

388 1509 567 1570 αὐτοὶ,
627 1514 725 1581 τῆς
770 1511 922 1576 Θείας
950 1515 1092 1567 κατά
1125 1513 1300 1586 βραχὺ
1341 1515 1439 1568 καὶ
1484 1515 1788 1586 λεληθότως
1812 1517 1968 1586 δίκης

2079 513 2258 566 tudini
2300 524 2355 568 et
2413 516 2634 570 veritati
2684 531 2914 585 prorsus
2969 533 3360 592 repugnantes.
3423 527 3653 585 Nemine

2077 607 2223 659 enim
2278 618 2672 677 persequente,
2710 625 2739 664 a
2805 612 3116 682 semetipsis
3174 616 3489 686 aﬂliguntur
3527 626 3654 688 soli,

2078 701 2134 748 et
2159 709 2220 748 ea
2256 695 2482 749 omnino
2518 697 2830 767 patiuntur,
2871 701 3073 769 quibus
3105 705 3208 773 ipsi
3238 705 3491 763 homines
3531 712 3654 779 pios

2081 783 2406 835 aﬂ‘ecerant.
2462 785 2593 851 Qua:
2653 789 2801 842 enim
2861 790 3181 859 aliquandiu
3213 809 3506 865 suppressa
3537 812 3655 855 erat

2072 875 2290 944 justitia
2326 876 2536 943 divina,
2565 895 2711 933 nunc
2743 896 2959 949 agressa
2993 898 3092 938 eos
3117 887 3314 955 pressit
3347 890 3658 960 corybant-

2076 966 2288 1036 busque
2328 969 2546 1038 pejores
2609 970 2878 1027 reddidit.
2913 975 3078 1047 236
3124 978 3260 1034 Nam
3314 992 3516 1049 praeter
3557 1000 3656 1039 eos

2077 1057 2226 1125 ipsos
2257 1061 2421 1113 etiam
2459 1061 2644 1130 plures
2673 1063 2765 1116 alii
2808 1065 3009 1120 similia
3053 1071 3196 1134 passi
3223 1082 3402 1138 erant,
3458 1082 3518 1128 et
3547 1075 3654 1129 ful-

2076 1151 2383 1218 guritorum
2448 1152 2621 1208 instar
2673 1165 2729 1211 et
2770 1157 2957 1214 divina
3001 1162 3238 1230 quadam
3273 1165 3480 1220 insania
3511 1170 3652 1231 caui

2078 1244 2208 1312 quid
2241 1243 2553 1302 faciendum
2598 1249 2669 1304 sit
2714 1253 2989 1317 nesciunt,
3057 1257 3153 1309 sed
3213 1257 3464 1313 homines
3506 1260 3658 1329 impii

2075 1345 2132 1390 et
2160 1339 2432 1392 exsecrati
2466 1339 2521 1392 in
2551 1350 2802 1410 potorum
2832 1343 3244 1416 furentiumque
3275 1352 3498 1406 modum
3525 1368 3662 1407 con-

2079 1437 2164 1482 tra
2218 1439 2391 1484 semet
2423 1430 2526 1500 ipsi
2565 1431 2899 1488 bacchantes
2951 1447 3009 1490 et
3046 1439 3404 1506 insanientes,
3455 1459 3653 1498 noram

2076 1520 2366 1587 quamdam
2395 1531 2454 1576 et
2485 1526 2678 1578 miram
2712 1538 3022 1596 sequuntur
3049 1533 3342 1588 rationem.

390 1600 456 1672 Π.
497 1601 598 1655 liii
619 1603 696 1676 ιλ]
730 1607 1138 1676 μετερχομένης
1179 1609 1274 1660 καὶ
1337 1608 1672 1680 ὲλαυνούσης
1698 1609 1898 1672 αὐτοὺς
1961 1611 2058 1663 καὶ
2091 1612 2204 1664 τῶν
2252 1615 2743 1683 κορυϐαντιῶντων
2793 1621 3014 1690 χείρους
3051 1627 3332 1695 ποιούσης.
3373 1629 3515 1697 Πρὸς
3547 1631 3656 1700 γὰρ

389 1698 577 1760 αὐτοῖς
612 1700 708 1750 καὶ
743 1698 964 1762 πλείους
991 1699 1172 1753 αὐτῶν
1225 1701 1402 1770 ἕτεροι
1469 1702 1537 1755 τὰ
1566 1703 1727 1773 ὅμοια
1790 1703 2181 1772 ἐπεπόνθεσαν,
2251 1708 2344 1759 καὶ
2383 1708 2463 1772 ὠς
2495 1710 2856 1781 ἐμϐρόντητοί
2920 1731 3063 1778 τινες
3100 1719 3202 1770 καὶ
3249 1719 3498 1791 θεηλάτῳ
3531 1698 3658 1794 Ιμα-

393 1791 485 1862 νίᾳ
520 1791 628 1844 τινὶ
655 1793 959 1862 πληγέντες
1024 1794 1125 1847 οὐκ
1168 1795 1350 1848 ῐσασιν
1387 1796 1414 1849 δ
1449 1812 1504 1848 τι
1542 1795 1733 1864 δρῷεν,
1775 1794 1910 1848 ἀλλά
1976 1799 2388 1866 περινοστοῦσιν
2437 1803 2486 1854 οἱ
2551 1803 2834 1868 δυσσεϐεῖς
2882 1807 2975 1860 καὶ
3012 1809 3291 1876 ἐξάγιστοι
3343 1791 3654 1881 μεθυόντων

392 1888 806 1959 ἢμαινομένων
876 1889 1056 1960 δίκην,
1120 1892 1246 1946 καθ’
1299 1892 1512 1946 ἑαυτῶν
1560 1892 1925 1963 βακχεύοντες
1983 1911 2042 1946 τε
2082 1895 2178 1948 καὶ
2233 1898 2763 1970 οίστρηλατούμενοι
2810 1903 2997 1956 καινόν
3047 1922 3171 1961 τινα
3222 1910 3318 1962 καὶ
3372 1914 3654 1986 τερατώδη

390 1985 616 2054 τρόπον.

459 2159 552 2226 ς’.
598 2158 744 2227 Ἐγὼ
776 2160 854 2226 δὲ,
897 2161 1128 2231 μηδαμῆ
1158 2162 1255 2216 τοῦ
1301 2163 1498 2229 καιροῦ
1555 2160 1956 2233 συγχωροῦντὸς

2145 2163 2236 2217 Vl.
2295 2163 2562 2232 Equidem
2616 2182 2743 2221 cum
2802 2168 2856 2222 in
2910 2171 3078 2226 rebus
3125 2174 3399 2232 similibus
3449 2183 3653 2236 morari

389 2271 487 2324 μοι
515 2257 627 2317 τοῖς
662 2241 868 2324 ὁμοίοις
892 2257 1256 2328 ἐνδιατρίϐειν
1281 2259 1336 2320 ἐς
1363 2257 1423 2310 τὸ
1450 2256 1625 2326 παρὸν
1657 2256 1848 2325 ἀφηγή
1859 2274 1964 2324 μα-

387 2363 496 2410 σιν,
529 2348 614 2415 ἐφ’
649 2347 816 2416 ἔτερα
853 2349 1154 2418 τρέψομαι,
1213 2349 1566 2420 πλατυτέραν
1619 2352 1836 2419 ἐκείνης
1868 2367 1962 2402 τα-

389 2440 764 2508 μιευσάμενος
793 2441 893 2511 τὴν
920 2442 1206 2510 ἀφήγησιν
1237 2442 1314 2504 ὡς
1342 2441 1491 2504 εἰκὸς
1537 2442 1767 2510 προϊών.
1804 2444 1965 2509 ’Δρτι

384 2533 497 2600 γὰρ
533 2533 695 2600 περὶῒ
730 2532 944 2602 τροπὰς
1002 2533 1223 2603 θερινὰς
1281 2533 1374 2586 τοῦ
1407 2533 1566 2603 ἡλίου
1616 2534 1960 2605 ἐληλυθότος,

377 2624 575 2677 ἕνδεκα
632 2627 824 2679 ναυσὶν
880 2627 948 2679 ἐκ
992 2626 1308 2690 Βυζαντίων
1363 2626 1600 2697 λιμένων
1630 2629 1657 2680 ὀ
1705 2626 1962 2696 βασιλεὺς

382 2715 646 2785 ἀναχθεὶς
712 2716 1173 2786 Καντακουζηνὸς
1250 2718 1540 2786 ἑϐδομαῖος
1610 2719 1667 2780 ἐς
1736 2715 1963 2770 Τένεδον

382 2809 1136 2878 ἀφικνεῖται,’πολεμησείων
1170 2809 1393 2876 ἐκεῖτῷ
1443 2808 1682 2879 γαμϐρῷ
1725 2808 1963 2861 Παλαιοο

379 2899 555 2970 λόγῳ·
625 2899 819 2970 ἧλπιζε
856 2902 964 2971 γὰρ
997 2901 1143 2954 δυοῖν
1194 2900 1450 2970 θάτερον,
1487 2901 1518 2970 ἢ
1555 2901 1822 2971 προδοσία
1855 2901 1962 2954 τῶν

377 2993 596 3047 ἔνδοθεν
627 2993 658 3064 ἢ
690 2998 756 3063 τῇ
786 2994 984 3058 ἔξωθεν
1015 2994 1165 3064 μάχῃ
1193 2993 1530 3062 ἀφυλάκτοις
1559 2996 1623 3046 ἐκ
1656 2993 1752 3046 τοῦ
1781 2996 1965 3063 αἱφνι·

377 3085 496 3138 δίου
530 3084 906 3153 ἐπεισπεσὼν,
939 3086 1103 3140 αὐτόν
1133 3102 1192 3138 τε
1233 3086 1351 3153 ἅμα
1391 3089 1487 3140 καὶ
1511 3087 1571 3138 τὸ
1600 3087 1700 3156 τῆς
1727 3088 1957 3140 Τενέδου

379 3178 799 3248 καταλήψεσθαι
850 3178 1134 3247 φρούριον,
1190 3179 1284 3232 καὶ
1343 3178 1461 3231 ἀντ’
1495 3179 1663 3232 αὑτοῦ
1720 3179 1812 3232 τὸν
1843 3179 1959 3231 υἱὸν

376 3269 572 3324 ιύτόθι
601 3270 950 3340 καταλείψειν
991 3269 1292 3336 Ματθαῖον,
1341 3270 1421 3340 τῷ
1452 3272 1621 3341 πατρὶ
1654 3271 1960 3338 τηνικαῦτα

383 3362 736 3432 συμπλέοντα
790 3362 928 3432 ὁμοῦ
987 3364 1052 3431 τῇ
1107 3361 1350 3431 συζύγῳ.
1407 3363 1559 3416 Ἐπεὶ
1586 3363 1642 3415 δέ
1672 3363 1750 3434 τῷ
1777 3364 1960 3434 λιμένι

377 3455 491 3507 τῶν
525 3455 790 3507 Τενεδίων
824 3453 914 3506 τὸν
953 3453 1214 3505 εἴσπλουν
1254 3454 1705 3524 προαισθομένων
1735 3453 1794 3517 ἐξ
1830 3454 1956 3522 ἐφό-

374 3549 470 3600 δου
506 3547 845 3616 ποιήσασθαι
902 3547 1109 3617 ἥκιστα
1151 3547 1334 3617 ἔσχεν,
1391 3548 1485 3598 ἐπὶ
1527 3546 1734 3616 θάτερα
1767 3546 1956 3598 λοιπὸν

374 3636 477 3705 τῆς
518 3637 685 3704 νήσου
748 3637 1151 3707 παραπλεύσας
1206 3635 1412 3690 πάσαις
1471 3634 1572 3705 μὲν
1601 3636 1668 3705 τῇ
1709 3637 1776 3704 γῇ
1835 3639 1954 3698 ταῖς

372 3730 571 3780 ναυσὶν
619 3727 893 3797 ἀποϐῆναι
929 3726 1308 3798 προσσχόντας
1359 3727 1561 3797 ἥκιστα
1591 3725 1777 3796 ἔκρινε
1809 3725 1952 3786 δέον,

369 3820 482 3874 δέει
518 3820 612 3873 τοῦ
645 3823 720 3890 μὴ
744 3820 821 3888 τῷ
859 3821 1096 3890 πλείστῳ
1125 3820 1283 3892 μέρει
1319 3821 1655 3882 κενωθείσας
1696 3819 1796 3883 τὰς
1822 3819 1952 3882 ναῦς

370 3910 450 3978 τῷ
491 3909 840 3978 Παλαιολόγῳ
868 3907 968 3978 τήν
1021 3906 1252 3977 γνώμην
1305 3907 1792 3976 προστεθειμένας,
1851 3906 1948 3976 ζη-

374 4001 648 4071 μιωθῆναι
683 4001 756 4070 μὴ
786 4000 947 4070 μόνον
976 4000 1066 4052 τὸν
1089 3999 1310 4052 ἅπαντα
1334 3999 1524 4052 στόλον
1568 3998 1688 4066 μεθ’
1717 3992 1791 4051 ὧν
1819 3999 1948 4066 ἀφί-

367 4109 534 4146 κοντο
586 4093 923 4162 σκεμμάτων
975 4109 1034 4145 τε
1070 4094 1161 4145 καὶ
1197 4091 1583 4162 βουλευμάτων
1606 4132 1621 4157 ,
1661 4092 1798 4145 ἀλλά
1857 4092 1950 4145 καὶ

371 4185 526 4253 σφῶν
563 4184 744 4236 αὐτῶν
772 4184 968 4246 αὐτοὺς
999 4183 1249 4250 γενέσθαι
1290 4184 1555 4254 προδότας
1579 4185 1813 4254 ἀπονητὶ
1834 4188 1950 4248 τοῖς

372 4278 611 4350 ἐχθροῖς.
644 4276 737 4329 Διὸ
770 4275 835 4342 δὴ
871 4275 964 4327 καὶ
993 4275 1248 4345 τέτταρσι
1285 4276 1478 4344 μόναις
1505 4277 1814 4346 ἐπέτρεψαν
1848 4277 1948 4346 τὴν

369 4371 665 4433 ἀπόϐασιν,
703 4364 790 4432 αἷς
847 4369 1119 4440 ὲθάῤῥουν
1157 4369 1226 4421 τά
1281 4368 1537 4436 μάλιστα.
1595 4370 1707 4421 Καὶ
1767 4371 1947 4423 τοίνυν

367 4459 470 4527 τῆς
519 4456 844 4520 ἀποϐάσεως
906 4458 1203 4524 γινομένης
1236 4458 1337 4527 ήδη
1393 4457 1489 4509 καὶ
1519 4458 1946 4528 ἡτοιμασμένων

302 4525 324 4574 ῖ
363 4525 448 4609 οἷς
489 4546 588 4616 μὲν
619 4545 952 4597 ἐπετέτακτο
989 4546 1098 4615 πῦρ
1124 4547 1236 4608 τοῖς
1269 4545 1378 4598 τῶν
1401 4545 1695 4616 ἀσταχύων
1737 4551 1945 4602 ἐκεῖναι

363 4638 701 4708 δράγμασιν,
758 4631 840 4700 οἷς
888 4635 932 4688 δ’
983 4637 1240 4707 ἐκριζοῦν
1291 4637 1390 4701 τὰς
1447 4638 1751 4708 ἀμπέλους,
1785 4635 1866 4703 οἷς
1895 4641 1942 4693 δ’

361 4731 648 4799 ἀγώγιμον
673 4732 737 4783 ἐκ
770 4731 868 4800 τῆς
902 4731 1069 4801 νήσου
1101 4730 1160 4782 τὸ
1211 4728 1356 4799 ὕδωρ
1397 4731 1454 4793 ἐς
1481 4731 1582 4794 τὰς
1613 4732 1743 4793 ναῦς
1779 4733 1941 4803 κομί-

2070 2265 2297 2325 propter
2355 2258 2616 2326 temporis
2673 2261 2942 2315 rationem
3003 2265 3228 2320 minime
3261 2267 3446 2333 lit-eat,
3501 2287 3653 2326 nunc

2069 2348 2383 2403 narratione
2407 2348 2470 2402 ad
2509 2351 2616 2404 alia
2638 2367 2812 2416 versa,
2849 2354 3124 2421 proiix'or‘
3156 2360 3338 2414 abszin
3360 2377 3442 2416 aus
3472 2377 3645 2432 expo-

2067 2438 2388 2500 sitioneJuti
2409 2440 2590 2505 decet,
2607 2457 2845 2513 pergam.
2865 2444 2990 2515 lpso
3015 2446 3184 2517 igitur
3198 2451 3438 2508 solstitio
3459 2463 3650 2512 :esttvo

2068 2529 2321 2584 undecim
2351 2532 2588 2588 navibus
2616 2545 2803 2591 vectus
2836 2551 2865 2590 e
2889 2547 3050 2606 portu
3085 2539 3344 2610 Byzantio
3373 2545 3644 2601 Cantacu-

2012 2672 2018 2682 .
2069 2637 2243 2677 zenus
2264 2623 2426 2692 imp.,
2461 2625 2550 2682 die
2579 2627 2814 2695 septimo
2839 2629 3121 2686 Tenedum
3142 2637 3681 2702 pervenitcumPal

2065 2713 2293 2783 laeologo
2317 2714 2463 2769 allini
2516 2716 2590 2770 ibi
2625 2717 3010 2776 dimicaturus.
3049 2723 3316 2792 Sperabat
3347 2733 3496 2786 enim
3534 2734 3652 2789 fore

2064 2806 2421 2872 alterutrum,
2456 2815 2517 2861 ut
2546 2818 2641 2861 aut
2673 2809 2979 2867 incolarum
3014 2816 3324 2883 proditione
3347 2833 3441 2874 aut
3471 2841 3651 2896 pugna

2065 2907 2220 2951 extra
2250 2901 2540 2954 commissa
2589 2900 2642 2954 in
2675 2902 2826 2956 viros
2857 2906 3108 2962 custodia
3137 2908 3435 2968 destitutos
3463 2918 3652 2974 subito

2067 2988 2320 3044 incidens
2341 2991 2518 3058 ipsum
2546 2993 2819 3064 simulque
2833 2995 3039 3052 Tenedi
3066 3000 3379 3068 praesidium
3405 3019 3649 3077 caperet,

2061 3095 2120 3140 et
2145 3101 2244 3155 pro
2273 3101 2331 3140 se
2371 3087 2541 3140 tilium
2569 3088 2641 3142 ibi
2679 3091 3023 3161 relinqueret
3052 3094 3387 3165 Matthaeum,
3411 3105 3504 3173 qui
3539 3121 3648 3163 una

2061 3192 2188 3231 cum
2219 3195 2388 3234 uxore
2417 3195 2486 3234 eo
2522 3191 2768 3252 tempore
2801 3186 3166 3243 comitabatur
3195 3201 3430 3260 patrem.
3486 3197 3647 3255 Post-

2064 3285 2224 3338 quam
2282 3283 2463 3326 autem
2517 3288 2623 3326 non
2650 3275 2834 3344 potuit
2864 3280 3049 3332 statim
3104 3283 3374 3353 attingere
3424 3299 3646 3356 portum

2065 3362 2433 3419 Tenediorum
2466 3368 2673 3437 quippe
2713 3371 2789 3423 rei
2825 3387 2934 3425 non
2965 3373 3280 3444 ignarorum
3313 3397 3328 3434 :
3379 3386 3538 3439 veriti
3569 3402 3641 3440 ne

2065 3472 2234 3511 naves
2281 3461 2573 3513 maximam
2616 3473 2826 3529 partem
2858 3479 3140 3522 evacuatae
3183 3471 3489 3546 Palmologo
3519 3481 3640 3548 opi-

2063 3547 2284 3601 nionem
2319 3561 2628 3618 moverent,
2679 3568 2785 3621 qua
2839 3571 2948 3608 non
2985 3557 3165 3613 solum
3208 3570 3320 3617 tota
3365 3547 3642 3635 expeditio

2062 3635 2117 3689 in
2146 3639 2394 3692 consiliis
2433 3651 2482 3694 et
2529 3644 2834 3699 rationibus
2863 3646 2935 3700 sit
2961 3647 3209 3718 decepta,
3233 3654 3396 3724 237
3432 3659 3527 3712 sed
3579 3675 3640 3716 se

2056 3728 2208 3796 ipsos
2259 3733 2346 3786 sui
2412 3733 2586 3801 ipsius
2639 3737 2956 3804 proditores
3018 3744 3167 3796 nulla
3230 3749 3416 3803 dedita
3467 3767 3633 3820 opera

2055 3817 2230 3873 {actos
2259 3836 2381 3876 esse
2419 3822 2674 3878 inimicis.
2722 3825 2862 3881 Cum
2893 3843 3025 3883 vero
3052 3831 3310 3888 decessus
3339 3817 3636 3905 parabatur

2058 3911 2260 3980 aliique
2305 3929 2366 3967 se
2417 3915 2778 3984 accingebant
2823 3920 3120 3990 manipulis
3169 3926 3442 3994 spicarqu
3493 3933 3634 4002 jussi

2059 4005 2357 4061 immittere
2391 4008 2592 4076 ignem,
2625 4009 2719 4062 alii
2750 4013 3058 4081 exstirpare
3088 4015 3248 4083 vites,
3297 4020 3390 4074 alii
3433 4039 3632 4093 aquam

2056 4096 2346 4151 viatoriam
2377 4115 2441 4153 ex
2476 4101 2656 4154 insula
2695 4103 2746 4155 in
2779 4118 2945 4158 naves
2976 4111 3420 4174 portare,subito
3447 4115 3634 4170 fortis-

2059 4190 2197 4244 sima
2253 4192 2491 4259 praesidii
2544 4193 2904 4250 Tenediensis
2957 4213 3082 4266 pars
3133 4203 3322 4272 erupit
3369 4222 3435 4260 ex
3478 4212 3629 4266 urbis

2055 4283 2227 4350 portis
2277 4285 2492 4351 pedites
2544 4294 2598 4339 et
2652 4287 2887 4351 equites.
2941 4304 3120 4359 pugna
3170 4302 3322 4349 atrox
3380 4301 3444 4352 ad
3499 4302 3632 4359 litus

2049 4372 2284 4426 Conﬂata
2315 4383 2434 4438 est,
2487 4385 2680 4430 nautas
2734 4393 2842 4431 non
2876 4380 3224 4446 patiebantur
3261 4403 3457 4456 aquam
3493 4394 3630 4448 hau-

2051 4464 2186 4525 rire.
2223 4466 2317 4519 sed
2356 4468 2636 4537 puppibus
2668 4469 2904 4524 desectis
2943 4487 3037 4526 eos
3086 4483 3291 4533 reverti
3332 4487 3625 4552 coge-baut.

2051 4557 2222 4622 Quam
2253 4559 2323 4611 ob
2355 4574 2471 4613 rem
2511 4562 2789 4629 paululum
2841 4578 2871 4616 a
2939 4575 3079 4620 terra
3120 4575 3310 4627 remoti
3343 4575 3625 4647 Byzantini

2049 4661 2216 4701 naves
2273 4648 2579 4716 sistebant;
2639 4652 2947 4721 insequenti
3013 4656 3102 4711 die
3148 4661 3346 4719 solutis
3385 4675 3624 4738 ancoris,

2051 4739 2214 4792 tertio
2244 4742 2329 4795 die
2361 4741 2428 4795 ad
2477 4741 2717 4798 Imbrum
2767 4747 3001 4803 insulam
3041 4755 3390 4822 appellcbant
3413 4801 3426 4820 .
3461 4781 3624 4832 quam

361 4824 498 4887 ζειν,
529 4824 691 4882 εὐθὺς
719 4821 956 4891 ἐξεπήδα
983 4824 1082 4891 τῆς
1112 4822 1369 4884 Τενεδίας
1393 4823 1662 4884 ὁπλίσεως
1684 4825 1746 4874 τὸ
1768 4826 1940 4895 ἐρρω-

2061 4829 2212 4883 2tiam
2244 4830 2350 4884 sibi
2386 4831 2643 4887 infestam
2691 4837 3013 4898 credebant.
3077 4821 3262 4916 ibique
3319 4821 3518 4905 similia
3571 4865 3626 4907 et

365 4915 689 4983 μενέστερον
724 4916 789 4965 ἐκ
819 4914 927 4964 τῶν
986 4912 1079 4966 τοῦ
1138 4913 1401 4983 φρουρίου
1439 4914 1645 4979 πυλῶν,
1685 4916 1841 4976 πεζοί
1876 4933 1938 4968 τε

361 5009 455 5058 καὶ
485 5007 695 5070 ἱππεῖς,
729 5006 822 5057 καὶ
870 5007 1047 5073 μάχην
1081 5008 1318 5076 στεάρἀ
1356 5007 1508 5074 παρὰ
1563 5010 1656 5059 τὸν
1688 5008 1938 5074 αίγιαλδν

363 5096 766 5166 συστησάμενοι
801 5097 910 5149 οὐδ’
942 5096 1309 5166 ὑδρεύσασθαι
1340 5098 1465 5160 τοὺς
1499 5099 1791 5160 ναυτικοὺς
1821 5098 1938 5152 εἵα-

2047 4931 2280 4990 egerunt
2303 4931 2356 4977 et
2377 4926 2519 4992 passi
2545 4937 2695 4994 sunt,
2727 4931 3060 4990 etabierunt
3090 4937 3316 5006 Ainum,
3352 4945 3614 5010 oppidum

2047 5012 2429 5070 Cautacuzeno
2455 5019 2712 5074 amicum.
2745 5023 2874 5078 Inde
2907 5027 3160 5084 Mattlmo
3195 5049 3335 5086 noro
3373 5051 3498 5105 rege
3542 5054 3625 5088 re-

2040 5104 2174 5158 licto
2202 5121 2308 5160 una
2338 5123 2464 5162 cum
2503 5125 2671 5166 uxore
2702 5115 2988 5171 celerrime
3013 5137 3135 5175 cum
3160 5124 3351 5179 decem
3386 5128 3618 5180 navibus

363 5202 484 5248 σαν,
517 5187 635 5238 ἀλλ’
674 5188 996 5255 ἠνάγκασαν
1048 5192 1104 5238 ἐν
1161 5187 1354 5257 βραχεῖ
1387 5189 1455 5241 τὰ
1496 5191 1816 5260 πρυμνήσια
1853 5208 1941 5243 τε-

2061 5195 2360 5264 Byzantium
2391 5202 2820 5269 perveniebant;
2848 5210 3010 5262 unius
3037 5211 3183 5267 enim
3219 5216 3532 5281 praesidium
3563 5221 3614 5269 iu

363 5281 564 5346 μόντας
597 5280 883 5334 ἀποπλεῖν.
927 5278 1091 5332 Ὀθεν
1235 5280 1331 5332 καὶ
1365 5280 1560 5349 μικρὸν
1595 5283 1940 5344 ἀποστάντες

357 5369 455 5439 τῆς
492 5372 596 5440 γῆς
629 5375 676 5425 οί
741 5373 1026 5436 Βυζάντιοι
1065 5373 1160 5433 τὰς
1226 5371 1358 5433 ναῦς
1395 5373 1758 5442 ἀνεκώχευον,
1800 5378 1864 5445 τῇ
1896 5375 1939 5428 δ’

2042 5286 2258 5343 duobus
2296 5291 2588 5348 itineribus
2620 5299 2686 5348 ad
2737 5295 3018 5353 Tenedum
3063 5315 3120 5357 et
3159 5306 3400 5365 Imbrum
3456 5311 3618 5366 factis
3701 5305 3704 5308 ’

2044 5379 2109 5432 ad
2143 5380 2504 5452 Palaeologum
2535 5402 2717 5459 regem
2750 5387 3048 5448 descivisse
3078 5395 3302 5456 dicitttr.

355 5465 623 5535 ὑστεραίᾳ
683 5465 779 5529 τὰς
814 5465 1064 5534 ἀγκύρας
1119 5463 1181 5536 [Γ.
1232 5465 1330 5519 125
1365 5464 1437 5538 r.]
1493 5467 1856 5532 ἀναλαϐόντες
1896 5473 2129 5539 τριταῖοι
2179 5475 2234 5536 ἐς

2303 5475 2530 5548 Ἴμϐρον
2571 5487 2670 5552 τὴν
2700 5485 2866 5552 νῆσον
2909 5493 3308 5554 κατέπλευσαν,
3347 5495 3614 5565 πολεμίαν

353 5557 654 5626 ἡγούμενοι
686 5559 779 5611 καὶ
819 5559 1012 5628 αὑτήν.
1083 5558 1380 5611 Κάνταῦθα
1431 5561 1500 5612 τὰ
1565 5562 1725 5631 ὃμοια
1756 5562 2055 5632 δράσαντές
2116 5583 2175 5618 τε
2207 5569 2302 5620 καὶ
2364 5573 2635 5638 παθόντες
2673 5578 2908 5651 πλήρεσι
2940 5585 3156 5650 κώπαις
3178 5588 3436 5640 κάκεῖθεν
3465 5589 3613 5663 ἀπῄ-

560 5653 572 5663 .
659 5645 713 5663 ..
869 5651 879 5663 .
1042 5651 1076 5663 ..
1221 5654 1261 5663 -.
1521 5654 1549 5663 μ
1629 5656 1653 5663 -
2022 5661 2029 5663 _

353 5665 484 5703 εσαν
524 5653 607 5713 είς
645 5645 804 5704 Αἶνον
830 5651 930 5723 τὴν
986 5651 1164 5716 πόλιν,
1221 5654 1662 5726 Καντακουζηνῷ
1726 5661 2155 5729 προσκειμένην.
2199 5664 2369 5718 Ἔνθα
2399 5667 2463 5735 δὴ
2506 5645 2801 5728 Ματθαῖον
2825 5676 2918 5730 τὸν
2984 5681 3104 5732 νέον
3137 5645 3150 5650 ⁷
3175 5679 3399 5748 βασιλέα
3433 5645 3606 5738 κατέ.

353 5743 605 5807 λιπόντες
661 5743 759 5796 σὺν
813 5748 879 5812 τῆ
945 5744 1164 5814 συζύγῳ
1223 5748 1453 5816 τάχιστα
1510 5752 1786 5820 ἐπανῆκον
1855 5755 1987 5806 δέκα
2028 5759 2217 5811 ναυσὶν
2282 5763 2362 5824 εἰς
2415 5760 2746 5826 Βυζάντιον·
2807 5771 2902 5840 τῆς
2937 5773 3044 5842 γὰρ
3078 5775 3203 5840 μιᾶς
3243 5775 3302 5826 τὸ
3333 5779 3609 5849 πλήρωμά
