4046 6290
379 294 479 356 20']

1577 293 1992 354 NICEPllOi‘tI
2029 295 2076 355 G
2094 293 2415 356 REGORE

3527 287 3633 350 2-33

377 421 542 473 φασιν
575 405 634 458 ἐν
661 404 812 458 δυσὶν
835 404 1194 474 ἀποϐάσεσιν,
1227 401 1315 470 αἷς
1375 407 1510 478 πρὸς
1578 407 1800 460 Τένεδίν
1835 424 1890 458 τε
1925 411 2018 461 καὶ
2058 409 2286 479 Ἴμϐρον
2319 407 2670 478 πεποίηνται,
2698 408 2828 477 πρὸς
2859 405 3228 474 Παλαιολόγον
3257 403 3638 474 ηὗτομοληκέ-

375 516 463 553 ναι
497 501 587 552 τὸν
623 498 871 568 βασιλέα.

449 596 558 650 V'll.
589 596 878 659 Equidem,
901 597 1046 666 quod
1071 598 1337 652 debebam
1398 597 1706 664 paulo'ante
1729 613 1940 650 narrari

2132 603 2205 655 Z'.
2254 599 2394 666 Ἐγὼ
2421 600 2466 651 δ’
2500 599 2527 652 ὃ
2565 599 2748 668 μικρῷ
2781 597 3017 666 πρόσθεν
3044 597 3212 666 ἐχρῆν
3239 596 3631 666 ἀφηγήσασθαι

379 687 454 740 ibi
483 687 720 752 cessavi,
753 687 962 742 veritus
997 703 1063 742 ne
1087 687 1326 743 animum
1359 695 1510 740 tuum
1539 687 1952 754 perturbarem;

373 797 522 836 nunc
553 793 737 834 autem
769 780 1071 835 amicorum
1097 791 1153 835 et
1174 779 1606 834 commilitonum
1640 781 1804 850 238
1837 791 1954 834 tuo-

375 890 496 925 rum
528 875 741 942 iussum
792 888 1082 942 exsequar.
1137 873 1362 940 Eulogia
1413 874 1600 936 enim,
1650 889 1772 942 qua:
1825 883 1954 927 tunc

373 978 492 1020 erat
525 969 710 1038 regina
737 977 1146 1036 cognomenque
1173 966 1382 1036 justum
1416 966 1587 1018 invita
1617 975 1669 1017 et
1689 965 1873 1019 verbis
1899 972 1954 1019 et

375 1063 532 1114 lactis
567 1069 722 1112 nacta
756 1068 1036 1123 erat,cum
1067 1067 1288 1127 propter
1317 1057 1502 1111 divina
1529 1057 1786 1112 Ecclesiae
1815 1073 1954 1126 prte-

371 1165 528 1220 cepta
573 1149 914 1204 calamitates
949 1153 1155 1202 multas
1197 1158 1253 1203 et
1305 1151 1717 1218 persecutiones
1769 1150 1951 1204 varias

371 1243 764 1310 infortuniique
798 1243 1036 1309 impetus
1063 1241 1389 1296 subiissetet
1417 1241 1470 1294 in
1501 1249 1786 1294 senectute
1817 1255 1952 1308 pras-

373 1349 454 1392 ter
485 1339 588 1391 alia
631 1337 686 1390 in
719 1336 922 1389 multos
954 1333 1234 1389 incidisset
1269 1333 1494 1387 morbos
1522 1374 1536 1398 ,
1585 1334 1658 1386 ita
1691 1333 1862 1403 igitur
1893 1342 1950 1388 et

367 1427 523 1482 brevi
555 1439 799 1495 tempore
823 1439 1052 1494 corpore
1083 1426 1202 1494 ejus
1253 1435 1586 1493 consumpto
1635 1424 1700 1477 ad
1743 1423 1947 1492 sempi-

369 1530 580 1572 ternam
633 1517 778 1570 illam
830 1525 886 1570 et
928 1515 1144 1568 beatam
1193 1515 1361 1568 vitam
1410 1513 1734 1568 assurrexit.
1791 1513 1949 1569 Nunc

369 1611 535 1678 igitur
564 1608 724 1662 amici
761 1617 811 1661 te
845 1608 1121 1670 invocant,
1157 1615 1216 1660 ut
1243 1606 1539 1675 epitaphiis
1573 1607 1662 1659 illa
1692 1615 1944 1669 ornetur,

368 1715 490 1754 cum
528 1707 582 1752 et
626 1698 781 1752 multi
813 1696 992 1751 morbi
1021 1711 1214 1751 eorum
1245 1695 1340 1764 qui
1366 1697 1484 1765 ejus
1513 1697 1782 1750 tumulum
1813 1697 1946 1750 visi-

369 1799 485 1842 tant
513 1797 702 1858 aperte
733 1787 1128 1856 celerrimeque
1164 1788 1588 1855 propulsantur.
1653 1787 1764 1841 Hoc
1800 1791 1942 1841 enim

365 1881 530 1934 modo
581 1882 727 1935 Deus
782 1880 1058 1948 improbat
1115 1881 1510 1934 insectatorum
1569 1881 1834 1934 insaniam
1891 1889 1945 1934 ct

2062 693 2347 761 βουληθεὶς
2407 688 2532 744 εἶτα
2589 691 2838 756 ἐπέσχον,
2891 689 3126 759 τὴνισὴν
3185 688 3429 754 λυπῆσαι
3455 686 3631 756 ψυχὴν

2057 785 2485 852 φυλαττόμενος,
2544 782 2711 846 λέξων
2746 781 2981 851 ἔρχομαι
3020 781 3137 844 νῦν,
3181 779 3282 841 τὰς
3313 780 3426 830 τῶν
3463 779 3632 845 φίλων

2057 878 2150 929 καὶ
2181 875 2458 928 συνάθλων
2493 874 2600 926 τῶν
2638 873 2746 926 σῶν
2777 872 3197 941 δυσωπούμενος
3247 869 3488 930 ἐντολᾶς.
3524 869 3628 920 Εὑ-

2054 971 2211 1038 λογία
2247 970 2357 1039 γὰρ
2391 971 2423 1039 ἡ
2452 970 2522 1036 τῷ
2554 969 2665 1020 ὄντι
2695 967 3004 1036 βασίλισσα,
3063 964 3276 1026 καὶτὰς
3311 961 3629 1031 ἐπωνυμίας

2057 1062 2381 1132 συμφώνους
2415 1061 2492 1130 τῷ
2527 1061 2627 1130 βίῳ
2681 1059 2863 1128 λόγοις
2892 1058 3006 1128 ἅμα
3045 1056 3365 1126 κτησαμένη
3400 1056 3494 1107 καὶ
3537 1054 3627 1120 ἔρ-

2052 1173 2194 1222 γοις,
2231 1155 2462 1216 πολλοὺς
2503 1154 2643 1224 ὑπὲρ
2672 1154 2780 1204 τῶν
2836 1153 2995 1204 θείων
3033 1151 3324 1218 δογμάτων
3357 1145 3462 1213 τῆς
3507 1146 3628 1198 Ἐκ·

2051 1245 2285 1317 κλησίας
2317 1245 2582 1315 θορύϐους
2623 1245 2717 1295 καὶ
2752 1244 3031 1311 διωγμοὺς
3073 1242 3166 1294 καὶ
3203 1240 3459 1302 ποικίλας
3489 1241 3625 1291 ὲπα-

2051 1341 2234 1406 γωγὰς
2265 1337 2563 1406 συμφορῶν
2590 1335 2896 1396 ὑποστᾶσα,
2927 1337 3020 1386 καὶ
3045 1333 3180 1402 πρὸς
3210 1327 3290 1395 οἷς
3321 1327 3467 1402 εἶχεν
3490 1331 3624 1400 ὁμοῦ

2049 1428 2126 1499 τῷ
2159 1431 2307 1502 γήρᾳ
2338 1429 2645 1496 νοσήμασιν
2698 1425 2880 1486 ἄλλοις
2943 1425 3212 1494 πρότερον
3254 1424 3348 1474 καὶ.
3382 1421 3628 1475 πλείοσιν

2048 1525 2129 1577 ἔτι
2193 1522 2672 1592 περιπεπωκυῖα,
2727 1519 2819 1570 καί¹
2889 1517 3091 1578 τελέως
3147 1515 3292 1568 οὕτω
3349 1511 3625 1567 καὶκατὰ

2051 1615 2225 1686 βραχὺ
2257 1617 2317 1667 τὸ
2359 1615 2516 1682 σῶμα
2535 1611 2932 1681 δαπανηθεῖσα,
2965 1607 3100 1678 πρὸς
3149 1607 3246 1677 τὴν
3276 1605 3444 1661 ἀΐδιον
3477 1608 3622 1658 ἐκεί-

2049 1728 2147 1780 νην
2174 1709 2310 1771 τέως
2366 1707 2600 1778 μετέστη
2631 1703 3036 1774 μακαριότητα.
3067 1699 3182 1752 Νῦν
3213 1699 3308 1753 οὖν
3356 1715 3414 1750 σε
3439 1713 3622 1766 παρα-

2052 1801 2312 1857 καλοῦσιν
2335 1801 2384 1852 oi
2415 1799 2559 1866 φίλοι
2585 1796 2772 1864 λόγοις
2820 1791 3130 1862 ἐπιταφίοις
3161 1791 3382 1858 ἐκείνην
3413 1789 3624 1858 κοσμῆ-

2049 1911 2161 1958 σαι,
2179 1894 2301 1944 ἐπεὶ
2325 1891 2419 1944 καὶ
2449 1889 2622 1942 πολλὰ
2645 1886 2940 1958 προφανῶς
2965 1885 3073 1938 τῶν
3102 1883 3182 1953 τῷ
3211 1883 3432 1952 ἐκείνης
3455 1896 3624 1950 προσ-

364 1972 794 2041 improbitatem.
855 1971 972 2024 Scis
1001 1970 1148 2024 enim
1181 1971 1362 2039 plane,
1413 1985 1576 2038 quam
1618 1971 1844 2039 gloriam
1889 1979 1940 2024 et

2049 1989 2238 2039 ιόντων
2289 1986 2450 2054 τάφῳ
2501 1981 2789 2050 νοσήματα
2842 1978 2942 2045 τὴν
2976 1976 3234 2046 ταχίστην
3279 1972 3620 2035 ἐλαύνονται,

365 2067 610 2119 nominis
640 2065 722 2120 sui
755 2066 954 2118 famam
996 2063 1288 2118 Andronici
1320 2064 1464 2133 regis
1500 2064 1594 2117 lilii
1629 2080 1766 2118 uxor
1799 2080 1945 2119 assc-

363 2169 489 2212 cuta
521 2160 612 2218 sit.
639 2167 695 2212 et
723 2157 808 2210 vix
833 2159 972 2210 duos
1003 2155 1342 2211 matrimonii
1377 2171 1550 2210 annos
1575 2171 1700 2210 cum
1735 2173 1800 2210 eo
1833 2159 1942 2212 vita

359 2251 549 2308 fruita.
585 2259 759 2302 morte
785 2249 976 2317 punita
1009 2248 1082 2302 sit
1114 2261 1167 2302 et
1212 2249 1546 2302 vestimento
1583 2249 1823 2302 contrito
1855 2249 1940 2301 in-

359 2345 489 2395 dntn
523 2357 717 2393 mones
751 2340 971 2393 divi-tias
1020 2338 1277 2392 tribuerit
1326 2338 1472 2392 bello
1501 2339 1678 2406 captis
1709 2338 1942 2408 aliisque

359 2433 734 2502 pauperibus;
795 2440 994 2498 prattc-r
1047 2429 1138 2491 id,
1189 2435 1453 2498 quantum
1509 2429 1577 2482 ad
1632 2429 1940 2482 ornandum

357 2522 708 2592 magniﬁcum
725 2521 1084 2589 divinumque
1106 2521 1171 2589 pb
1182 2519 1560 2574 rontistcrium
1583 2520 1935 2590 praestiterit;

357 2615 502 2685 quod
557 2613 730 2684 magis
782 2613 1004 2667 virtutis
1051 2628 1216 2668 causa
1251 2612 1382 2670 fecit
1412 2629 1574 2682 quam
1605 2613 1935 2666 eruatnenti.

357 2706 610 2761 Maximis
641 2707 788 2759 enim
808 2715 864 2759 et
889 2703 1191 2773 magniﬁcis
1224 2705 1535 2772 sumptibus
1557 2704 1610 2758 id
1633 2705 1940 2758 construxit

357 2799 544 2868 plures
572 2813 734 2868 quant
777 2806 998 2852 centum
1061 2797 1508 2852 sam-timoniales
1537 2797 1640 2866 piis
1667 2797 1739 2852 ibi
1767 2813 1940 2852 excr—

361 2892 510 2946 citiis
561 2901 861 2945 vacaturas
935 2889 1276 2950 collocabat;
1333 2889 1564 2958 praeibat
1640 2889 1784 2942 enim
1839 2889 1937 2944 be-

357 2987 549 3039 nevola
583 2995 767 3039 mente
821 2983 874 3036 in
931 2985 998 3036 iis
1039 2983 1314 3046 omnibus,
1365 2983 1529 3053 239
1577 3001 1696 3053 qua:
1749 3001 1940 3040 neces—

354 3077 500 3132 saria
533 3083 692 3130 erant
727 3084 986 3142 tanquam
1021 3073 1242 3128 domina
1271 3091 1284 3140 ;
1341 3073 1392 3127 in
1441 3085 1760 3130 cacterarum
1819 3093 1940 3132 scr-

353 3185 546 3223 varum
610 3169 828 3222 illarum
894 3166 1116 3220 modum
1172 3167 1286 3235 ipsa
1335 3167 1726 3228 auxiliabatur,
1763 3185 1938 3237 usque

2045 2076 2139 2130 τοῦ
2171 2075 2308 2130 Θεοῦ
2338 2075 2633 2127 κάντεῦθεν
2685 2072 3002 2138 ἐλέγχοντος
3046 2069 3145 2136 τὴν
3174 2066 3282 2118 τῶν
3314 2063 3622 2117 διωκόντων

2044 2171 2304 2222 ἀπόνοιαν
2335 2167 2431 2218 καὶ
2467 2165 2746 2219 ἀσέϐειαν.
2783 2159 2956 2215 Οἶσθα
2981 2161 3034 2214 δὲ
3063 2159 3156 2213 καὶ
3187 2158 3364 2219 ἄλλως
3382 2155 3455 2218 ὡς
3483 2153 3620 2223 μετὰ

2044 2261 2239 2331 χρόνον
2275 2276 2375 2311 που
2415 2256 2796 2322 ἐξκαιδέκατον
2837 2253 2914 2320 τῷ
2963 2251 3304 2321 Ἀνδρονίκου
3332 2247 3426 2300 τοῦ
3465 2247 3620 2314 βασι-

2043 2355 2182 2416 λέως
2219 2355 2430 2406 ἐκείνου
2488 2351 2589 2420 υἱῷ
2643 2349 2940 2415 συζυγεῖσα
2996 2346 3134 2416 μετὰ
3163 2343 3362 2412 πολλῆς
3389 2343 3488 2411 τῆς
3533 2340 3620 2393 εὑ-

2046 2449 2230 2513 κλείας
2285 2447 2379 2499 καὶ
2423 2443 2602 2514 δόξης,
2645 2445 2742 2494 καὶ
2778 2441 2930 2510 μόλις
2961 2457 3061 2491 που
3090 2439 3184 2492 δύο
3211 2438 3404 2507 μόνους
3433 2435 3617 2486 ἐνιαυ-

2043 2539 2168 2601 τοὺς
2197 2537 2391 2605 ἐκείνῳ
2436 2534 2530 2588 τοῦ
2587 2531 2706 2602 βίου
2747 2529 3271 2590 συναπολελαυκυῖα,
3299 2525 3514 2591 θανάτῳ
3554 2538 3612 2573 τε

2041 2627 2231 2682 τοῦτον
2260 2626 2421 2688 εὐθὺς
2449 2623 2752 2692 ἐξημίωται
2783 2621 2877 2672 καὶ
2920 2619 3035 2686 ἅμα
3061 2613 3345 2686 τριϐώνιον
3373 2611 3616 2664 ὑποδῦσα

2042 2717 2132 2770 τὸν
2154 2715 2372 2768 ἅπαντα
2412 2711 2641 2764 πλοῦτον
2663 2710 2899 2781 διένειμε
2928 2705 3297 2778 αἰχμαλώτοις
3317 2705 3412 2755 καὶ
3451 2701 3618 2769 πένη-

2044 2825 2128 2861 σιν
2155 2805 2357 2868 ἄλλοις,
2387 2803 2527 2872 πλὴν
2573 2801 2606 2870 ἦ
2633 2803 2754 2854 ὅσον
2785 2801 2864 2862 είς
2897 2801 2996 2868 τὴν
3047 2795 3312 2863 πολυτελῆ
3345 2793 3441 2846 τοῦ
3471 2794 3616 2846 θείου

2042 2898 2463 2970 φροντιστηρίου
2527 2893 2876 2962 κατασκευὴν
2937 2891 3148 2944 ἐκείνου
3183 2889 3536 2952 ’κεκένωκεν,
3587 2883 3618 2948 δ

2041 2992 2372 3062 περιϐόητον
2407 2987 2608 3057 μᾶλλον
2643 2989 2721 3048 εἰς
2759 2986 2960 3054 ἀρετὴν
3001 2983 3380 3051 κατεστήσατο
3409 2981 3442 3048 ἦ
3481 2980 3616 3048 πρὸς

2041 3084 2414 3151 κατασκευήν.
2451 3079 2710 3149 Δαψιλέσι
2774 3078 2872 3147 μὲν
2907 3077 3015 3147 γὰρ
3045 3077 3137 3129 καὶ
3170 3073 3490 3127 πολυτελέσι
3520 3073 3616 3124 δα-

2041 3177 2242 3239 πάναις
2270 3173 2685 3244 ᾠκοδομήσατο,
2733 3169 2952 3230 πλείους
3001 3167 3057 3220 δὲ
3084 3166 3191 3218 τῶν
3219 3163 3414 3216 ἑκατὸν
3456 3179 3618 3232 μονα-

359 3263 414 3314 in
454 3259 694 3314 culinam
741 3257 870 3314 etsi
907 3257 1040 3329 quid
1071 3257 1352 3312 sordidius
1381 3259 1550 3313 etiam
1587 3270 1723 3322 erat,
1796 3271 1851 3314 et
1883 3262 1932 3314 in

2044 3273 2238 3338 ζούσας
2263 3268 2384 3322 κατ’
2426 3266 2657 3335 ἐκλογὴν
2687 3262 3039 3316 ὲνασκεῖσθαι
3089 3257 3410 3327 συνήθροισε
3439 3255 3616 3322 τούτῳ

353 3355 672 3409 universum
723 3353 992 3423 cujusque
1043 3351 1264 3406 virtutis
1316 3362 1371 3406 et
1420 3353 1671 3407 candidas
1719 3353 1844 3406 vita:
1874 3367 1933 3406 se

352 3446 645 3515 proposuit
677 3445 1025 3514 exemplum,
1073 3444 1542 3513 septuagesimum
1599 3445 1715 3498 fere
1770 3459 1936 3513 agens

351 3555 582 3590 annum.
617 3537 686 3591 Et
713 3537 842 3605 quid
877 3551 1017 3606 opus
1047 3544 1134 3591 est
1161 3535 1258 3589 tibi
1289 3536 1449 3605 plura
1478 3551 1777 3605 exponere,
1807 3553 1932 3589 cum

352 3629 566 3683 caeteris
615 3629 812 3682 melius
859 3628 1010 3682 illius
1051 3642 1234 3681 mores
1289 3626 1532 3681 noveris?
1560 3625 1689 3678 Nam
1740 3627 1936 3694 sepius

355 3729 406 3772 le
431 3719 624 3772 audire
673 3719 919 3780 memini,
951 3735 1073 3788 quae
1121 3717 1174 3772 iu
1213 3717 1306 3771 illa
1343 3716 1551 3772 fuerint
1583 3717 1810 3786 pulchra
1843 3733 1934 3772 ex-

351 3821 646 3880 ponentem
679 3822 734 3864 et
767 3811 1196 3864 inﬂammantem
1241 3809 1523 3864 auditores
1579 3811 1829 3877 protinus
1867 3808 1934 3862 ad

355 3919 598 3957 amorem
635 3905 790 3956 bonae
825 3904 968 3968 vita,
1002 3903 1130 3972 quia
1157 3901 1272 3956 acri
1297 3909 1420 3956 erat
1445 3911 1628 3956 mente
1654 3901 1853 3955 femina
1881 3909 1936 3954 et

351 3997 582 4067 loquens
613 4007 667 4052 et
702 4007 889 4052 tacens
913 3997 1142 4052 stimulo
1184 4011 1402 4066 semper
1439 3997 1506 4051 iis
1544 3997 1636 4065 qui
1685 3997 1932 4060 aderant,

352 4099 406 4144 et
435 4105 688 4160 magnum
721 4099 778 4144 et
805 4090 1069 4144 invictum
1109 4089 1232 4144 vitae
1275 4088 1590 4142 monasticae
1621 4089 1932 4156 exemplum

352 4191 408 4236 et
423 4182 801 4236 sanctimonia:
812 4195 993 4237 aerem
1008 4183 1314 4252 pcnetranli
1336 4182 1400 4233 lia
1411 4181 1554 4233 bitus
1568 4195 1730 4249 quam
1749 4163 1954 4232 iirmtts'

351 4280 436 4325 est
461 4280 518 4325 et
543 4287 749 4334 tenens,
779 4273 1046 4341 cujusque
1087 4269 1389 4338 spiritualis
1417 4271 1762 4322 educationis
1785 4277 1935 4322 certa

354 4379 544 4418 norma
586 4375 643 4418 et
681 4365 907 4434 iustitia:
937 4373 1143 4418 statera
1189 4371 1465 4417 accurata.
1505 4363 1614 4416 Nec
1643 4379 1751 4416 non
1785 4363 1935 4416 velo-

351 4459 509 4511 cibus
577 4467 634 4510 et
685 4455 922 4509 fortibus
972 4455 1138 4508 animi
1203 4455 1448 4510 motibus
1503 4469 1648 4508 same
1707 4455 1937 4509 aderant

363 4550 631 4610 rationes,
666 4561 846 4616 neque
877 4561 1072 4600 manus
1093 4545 1300 4600 nemini
1334 4546 1582 4601 omnium
1617 4545 1795 4616 neque
1835 4547 1939 4600 litt-

2042 3363 2275 3434 σεμνῶς.
2312 3357 2456 3413 Ἀλλ’
2493 3358 2684 3416 αὐταῖς
2713 3355 2805 3406 καὶ
2831 3350 2970 3420 αὐτὴ
3001 3345 3403 3416 συνδιηκονείτό
3435 3361 3495 3397 τε
3522 3343 3617 3396 καὶ

2037 3433 2426 3524 ἀμφεπονεῖτο,
2450 3433 2763 3519 χορηγοῦσα
2794 3445 2892 3511 μὲν
2917 3443 3135 3510 ἀφθόνῳ
3157 3439 3350 3507 γνώμῃ
3383 3437 3448 3488 τὰ
3478 3435 3618 3488 κατὰ

2038 3549 2227 3620 κρεῐαν
2258 3543 2520 3611 διηνεκῶς
2551 3541 2626 3602 ὡς
2681 3537 2867 3608 κυρία,
2915 3533 3284 3603 συναιρομένη
3316 3533 3362 3584 δ’
3389 3532 3448 3594 ἐξ
3480 3532 3614 3596 ἔφη·

2041 3641 2235 3712 μερίας
2295 3639 2390 3691 καλ⁹
2447 3636 2588 3704 αὑτὴ
2640 3635 2732 3684 τὸν
2786 3632 2992 3691 πάσαις
3048 3629 3292 3688 ἐκείναις
3349 3625 3616 3691 ἀνάλογον

2041 3735 2101 3807 [ί.
2131 3729 2323 3802 1ἳ5υ.]
2347 3729 2548 3799 τρόπον
2577 3725 2766 3794 ὥσπερ
2795 3721 3107 3792 όμόδουλος,
3139 3719 3266 3788 ἄχρι
3300 3717 3412 3770 τῶν
3439 3717 3608 3769 ὀπτα-

2039 3828 2197 3880 νείων
2225 3825 2318 3877 καὶ
2358 3823 2412 3873 εί
2441 3838 2494 3871 τι
2531 3817 2640 3872 τῶν
2669 3816 3029 3886 χυδαιοτὲρων
3061 3811 3354 3881 ἐτύγχανεν
3385 3810 3446 3862 ὃν
3469 3851 3486 3876 ,
3524 3807 3616 3861 καὶ

2042 3912 2342 3980 συλλήϐδην
2382 3911 2576 3972 εἰπεῖν,
2621 3907 2946 3976 ἀρχέτυπον
2979 3903 3181 3973 ἀρετῆς
3225 3903 3444 3967 ἁπάσης
3475 3901 3618 3954 ἀπά-

2041 4024 2164 4067 σαις
2200 4003 2402 4072 ἑαυτὴν
2449 3999 2770 4071 προτιθεῖσα
2797 3999 2892 4051 καὶ
2941 3997 3056 4068 βίου
3091 3996 3291 4065 σεμνοῦ
3329 3997 3494 4064 μέχρι
3524 3995 3616 4048 καὶ

2040 4099 2098 4159 ἐς
2141 4095 2298 4164 δεῦρο
2353 4091 2665 4162 διήρκεσεν,
2725 4087 3127 4157 ἑϐδομηκοστὸν
3183 4087 3351 4154 ἐγγύς
3387 4103 3490 4139 που
3519 4085 3617 4152 τῆς

2039 4190 2252 4260 ἡλικίας
2284 4187 2492 4253 ἄγουσα
2517 4183 2727 4254 χρόνον.
2769 4181 2875 4233 Καὶ
2907 4180 2960 4232 τί
2990 4182 3097 4251 χρὴ
3135 4181 3308 4232 πλείω
3353 4181 3614 4242 διεξιέναι

2040 4283 2176 4352 πρδς
2206 4281 2263 4333 σε
2290 4279 2451 4331 πλέον
2475 4277 2583 4330 τῶν
2613 4276 2787 4330 ἄλλων
2816 4275 2884 4327 τὰ
2907 4275 3124 4342 ἐκείνης
3153 4276 3331 4326 εἰδότα
3357 4274 3620 4342 ξΜὲμντζ-

2041 4390 2141 4442 μαι
2169 4375 2278 4440 γὰρ
2313 4373 2406 4423 καὶ
2437 4369 2700 4430 mum;
2733 4367 2828 4420 σοῦ
2867 4384 2931 4435 γε
2970 4365 3222 4429 ἀκηκοὼς
3265 4364 3413 4416 ἔστιν
3445 4366 3480 4418 ἃ.
3513 4365 3618 4418 τᾶν

2039 4463 2254 4530 ἐκείνης
2289 4461 2678 4531 ἀφηγουμένου
2715 4457 2920 4523 καλῶν,
2980 4459 3076 4509 καὶ
3108 4456 3443 4524 ἐρεθίζοντος
3483 4457 3614 4515 ἴσως

2039 4559 2120 4620 είς
2149 4556 2264 4620 ἕξιν
2294 4557 2584 4622 ἀσκήσεως
2613 4551 2825 4619 ἀγαθῆς
2874 4552 3001 4611 τοὺς
3056 4547 3379 4611 ἀκούοντας,
3411 4548 3486 4610 ὼς
3525 4547 3617 4616 βα-

352 4659 456 4712 gua
481 4639 816 4696 cernebatur
838 4638 1103 4704 oiliciosa,
1132 4640 1230 4694 sed
1267 4641 1320 4695 in
1355 4641 1478 4711 ipso
1507 4641 1692 4695 animo
1719 4656 1932 4696 summa

2044 4649 2193 4703 θεῖάν
2239 4665 2298 4700 τε
2342 4647 2607 4715 ἐκέκτητο
2654 4642 2872 4696 σύνεσιν
2909 4643 2940 4711 ἡ
2982 4641 3140 4712 γυνη,
3197 4641 3292 4693 καὶ
3351 4641 3616 4693 σιωπῶσα

351 4749 456 4804 ope
513 4733 790 4786 evertebat
855 4730 1072 4786 radices
1122 4741 1250 4786 ante
1315 4747 1506 4786 earum
1567 4733 1928 4788 incrementa.

351 4827 462 4880 Otii
497 4836 680 4878 autem
731 4825 898 4878 horas
937 4825 994 4878 in
1025 4825 1185 4878 libris
1217 4825 1424 4880 sanctis
1453 4825 1704 4896 legendis
1734 4841 1936 4880 consu-

355 4919 574 4982 mebat;
608 4917 846 4986 indeque
877 4917 1044 4989 240
1077 4933 1326 4988 magnam
1385 4919 1704 4988 variamque
1756 4920 1931 4990 impe-

357 5013 523 5066 travit
578 5010 1013 5079 experientiam.
1063 5025 1120 5064 et
1178 5011 1381 5065 divinis
1427 5011 1684 5067 Ecclesiae
1735 5029 1936 5082 pra-ce-

349 5103 789 5175 ptisopportuno
827 5111 1073 5172 tempore
1111 5102 1304 5156 aderat
1346 5103 1648 5156 commilito
1693 5103 1932 5157 fortissi-

356 5212 498 5260 mus,
545 5206 602 5250 et
657 5197 1002 5251 sacerdotum
1059 5197 1278 5251 veritati
1319 5197 1556 5263 linguam
1608 5196 1798 5252 dicatis
1851 5199 1935 5250 in-

353 5289 623 5344 dciessam
657 5287 923 5343 Iabiorum
947 5303 1127 5344 arcem
1157 5287 1442 5342 custodem
1467 5287 1774 5341 constituit.
1793 5287 1928 5339 Ettu

357 5382 476 5451 ipse
500 5382 656 5451 plura
674 5381 892 5435 diceres
907 5389 964 5436 et
980 5395 1288 5450 exponeres
1313 5380 1494 5450 lingua
1519 5379 1774 5434 uberiore
1795 5389 1848 5434 et
1866 5379 1933 5432 li-

355 5473 474 5529 bris
489 5475 784 5528 admodum
809 5473 1074 5528 decenter
1098 5472 1504 5542 scriptis.Nunc
1529 5473 1625 5528 tibi
1643 5473 1936 5526 nonnullas

354 5581 422 5620 ex
442 5566 604 5620 rebus
616 5565 862 5620 externis
877 5579 1002 5634 qua:
1017 5573 1146 5618 sunt
1164 5565 1424 5619 nuntiatae
1440 5565 1941 5634 exponam,quibus

355 5656 524 5710 rebus
538 5657 764 5728 ingratis
781 5672 1018 5728 praesens
1038 5667 1252 5726 tempus
1270 5673 1426 5712 aures
1447 5665 1658 5710 nostras
1675 5657 1942 5724 implevit.

2031 4743 2129 4794 καὶ
2162 4738 2514 4809 φθεγγομένη
2545 4735 2872 4806 παραίνεσις
2901 4731 2969 4806 ἦν
2992 4735 3074 4785 ἀεὶ
3107 4735 3216 4796 τοῖς
3253 4733 3498 4795 συνοῦσι,
3521 4743 3616 4784 και

2037 4836 2179 4904 μέγα
2215 4835 2311 4885 καὶ
2345 4829 2730 4898 ἁπαράμιλλον
2763 4829 2858 4880 τοῦ
2920 4827 3210 4896 μοναδικοῦ
3266 4825 3618 4896 παράδειγμα

2037 4927 2178 4995 βίου,
2241 4925 2337 4975 καὶ
2394 4916 2504 4973 οἷον
2559 4917 3064 4988 αίθεροδρομούσης
3123 4915 3460 4984 σεμνότητος
3487 4911 3618 4986 ἦθος

2038 5015 2310 5086 αὐτοφυές
2341 5030 2400 5066 τε
2431 5017 2528 5067 καὶ
2552 5011 3012 5082 αὑττιχάλκευτον,
3042 5011 3259 5076 ἁπάσης
3282 5025 3338 5060 τε
3375 5025 3619 5072 πνευμς-

2042 5105 2200 5175 τικῆς
2234 5106 2482 5165 παιδείας
2511 5103 2688 5158 κανὼν
2707 5103 2941 5174 ἀκριϐὴς
2971 5105 3062 5155 καὶ
3085 5099 3430 5168 δικαιοσύνης
3457 5101 3623 5166 ξυγ>,ς

2045 5197 2316 5265 ὰῤῥεπής.
2352 5196 2474 5248 Ἔτι
2507 5194 2563 5245 δὲ
2611 5193 2784 5262 θυμοῦ
2836 5193 3115 5262 κινήσεσιν
3167 5191 3496 5262 ὀξυρρόποις
3529 5188 3628 5241 καὶ

2046 5289 2390 5358 αὐτονόμοις,
2427 5287 2524 5339 καὶ
2580 5289 2628 5338 εἰ
2658 5289 2755 5348 τὰς
2787 5287 2970 5348 αἰτίας
3025 5285 3282 5351 εὐλόγους
3333 5284 3623 5352 ἐκέκτητο,

2038 5378 2160 5432 οὗτε
2199 5381 2318 5449 χεὶρ
2335 5380 2471 5448 αὐτῇ
2505 5379 2623 5430 ποτ’
2655 5376 2814 5446 ῶφθη
2837 5377 2945 5429 τῶν
2981 5380 3198 5430 πάντων
3234 5375 3466 5441 οὐδέσιν,
3497 5376 3620 5428 οὔτε

2041 5471 2258 5538 γλῶττα
2283 5469 2654 5538 διακονήσασα
2681 5469 2983 5539 προπετὴς,
3013 5471 3128 5523 ἀλλ’
3155 5471 3212 5522 ὲν
3243 5471 3426 5531 αὐτοῖς
3461 5469 3624 5530 εὐθὺς

2045 5563 2346 5632 ἀναιροῦσα
2397 5565 2509 5625 τοῖς
2540 5563 2822 5630 λογισμοῖς
2869 5563 3095 5615 διετέλει
3142 5565 3241 5624 τὰς
3279 5562 3436 5632 ῥίζας
3472 5561 3623 5619 ἐντὸς

2047 5657 2153 5723 πρδ
2187 5658 2283 5726 τῆς
2335 5655 2592 5727 βλάστης.
2654 5656 2757 5708 Τόν
2787 5673 2849 5724 γε
2897 5658 3004 5727 μὴν
3054 5657 3152 5725 τῆς
3201 5657 3400 5724 ἀργίας
3435 5657 3625 5722 καιρὶν

355 5751 553 5823 βίϐλων
579 5753 740 5824 ἱερῶν
777 5756 1036 5824 παρεῖχεν
1094 5753 1180 5808 ἀεὶ
1210 5753 1572 5822 ἀναγνώσεσι,
1600 5755 1690 5806 καί
1724 5756 1919 5824 πεῖραν
1961 5751 2214 5806 ἐντεῦθεν
2277 5751 2489 5823 ὑψηλῆς
2553 5753 2789 5824 θεωρίας
2823 5756 3022 5822 συνῆγε
3052 5753 3270 5823 μακρὰν
3311 5755 3406 5805 καὶ
3443 5751 3620 5804 ποικί-
