4046 6290
359 395 459 458 209

1363 397 1805 456 BYZAN'I‘IN.E
1848 393 2225 453 lllSTOllIAi
2268 394 2410 453 LIB.
2453 393 2666 453 XXIX.

3492 393 3616 456 910-

362 512 469 580 λην,
495 509 663 578 ὁπόση
698 511 810 574 τοῖς
833 509 1002 574 θείοις
1038 512 1132 581 τῆς
1189 513 1517 582 Ἐκκλησίας
1540 513 1779 581 δόγμασι
1844 508 2042 578 καιροῦ
2114 509 2410 570 καλοῦντος
2478 509 2694 576 ἐγένετό
2723 507 2772 561 οἱ
2806 507 3098 578 σύμμαχος
3138 508 3600 577 κράτιστος.Ὥσο

361 624 458 676 περ
485 605 528 658 δ’
562 605 629 658 αὖ
662 600 930 678 ίερωσύνῃ
956 610 1021 674 τῇ
1075 608 1307 680 ἀληθεία
1377 609 1476 678 τὴν
1548 609 1797 676 γλῶτταν
1853 607 2154 674 τιμήσασα,
2217 605 2503 673 ἀκάματον
2532 605 2629 672 τὴν
2659 606 2767 658 τῶν
2811 605 3039 674 χειλέων
3071 607 3366 676 ἀκρόπολιν
3398 607 3597 678 ἔστησε

358 701 582 771 φύλακα,
615 701 687 761 ώς
718 700 790 769 μή
819 701 972 754 λάθοι
1006 702 1292 772 προκύψας
1311 702 1408 772 ὀψέ
1435 720 1563 755 ποτε
1592 703 1748 768 λόγος
1776 700 1922 769 μάλα
1969 699 2068 768 μέν
2099 716 2184 760 τις
2245 698 2660 765 ἐπαγγελτικὸς,
2715 699 2775 750 οὐ
2813 698 2954 766 μάλα
3021 699 3078 752 δέ
3106 717 3190 762 τις
3222 700 3599 769 τελεσιουργὸς

358 791 444 845 καὶ
466 788 758 858 ὠφέλιμος.
798 790 901 844 Καὶ
943 792 1011 844 τὰ
1056 793 1225 845 πλείω
1293 794 1469 860 λέγοις
1523 793 1589 846 ἂν
1638 793 1799 854 αὐτὸς
1849 791 1946 843 καὶ
1984 791 2220 857 ἀφηγοῖο
2285 788 2600 859 πλατυτέρα
2628 791 2842 862 γλώττῃ
2879 808 2938 842 τε
2975 792 3070 844 καὶ
3114 791 3319 858 βίϐλοις
3359 793 3503 862 μάλα
3532 793 3598 859 γέ

357 884 632 954 τισφόδρα
683 885 1102 952 ἀρμοττούσαις.
1143 886 1258 940 Νῦν
1307 889 1361 941 δέ
1401 907 1482 942 σοι
1517 890 1608 941 καὶ
1646 888 1777 956 περὶ
1845 883 1954 936 τῶν
2031 883 2228 950 ἔξωθεν
2282 885 2777 955 ἀπαγγελλομένων
2829 885 2945 938 ἔνια
2997 888 3354 957 διηγήσομαι,
3383 881 3457 942 ὧν
3503 891 3598 942 καὶ

359 984 384 1034 ὁ
404 979 588 1050 παρὼν
619 981 719 1043 τὰς
747 981 905 1051 ἡμῶν
939 985 1108 1044 ἀκοὰς
1142 984 1406 1051 ἐνέπλησε
1445 984 1637 1053 χρόνος
1669 983 1778 1036 τῶν
1801 977 2103 1048 δυσχερῶν.

419 1073 494 1129 Η’.
522 1075 687 1144 Φήμη
735 1076 843 1147 γὰρ
869 1077 1098 1146 ἀφίκετο
1122 1064 1400 1149 ’πρότριτα
1433 1081 1488 1140 ἐς
1529 1079 1823 1141 Βυζάντιον
1851 1076 1913 1126 ἐκ
1944 1084 1987 1130 Α

355 1169 453 1220 τῶν
473 1166 643 1221 ἕωθεν
675 1169 1134 1238 ἐπιδημησάντων
1155 1169 1496 1240 Ἀντιοχέων,
1529 1171 1602 1233 ὡς
1635 1171 1778 1238 ὁρμῇ
1803 1167 1918 1219 δαι-

357 1258 516 1327 μονία.
541 1259 648 1310 τινὶ
679 1261 964 1327 συσχεθεὶς
1003 1263 1031 1314 ὁ
1072 1265 1172 1324 τῆς
1207 1263 1484 1329 Αἰγύπτου
1517 1264 1611 1315 καὶ
1655 1261 1918 1331 Ἀραϐίας

352 1349 630 1418 δεσπότης,
661 1353 851 1404 ὀπόσοι
884 1353 1234 1422 Χριστιανῶν
1265 1354 1477 1406 οἰκοῦσι
1515 1354 1615 1423 τὴν
1646 1355 1752 1423 γῆν
1775 1352 1918 1404 ἐκεί-

355 1457 463 1507 νην,
497 1440 758 1509 ἐξήνεγκε
785 1443 962 1511 δόγμα
999 1447 1210 1508 πάντας
1254 1448 1453 1516 ἡϐηδὸν
1486 1446 1718 1510 ἀνελεῖν,
1753 1447 1800 1496 εἰ
1842 1445 1917 1513 μὴ

354 1533 402 1593 ἐς
417 1534 509 1600 τὴν
534 1533 646 1583 τῶν
667 1536 915 1604 ’Λρὰϐων
948 1539 1241 1606 θρησκείαν
1266 1539 1324 1591 τὸ
1347 1539 1511 1600 σέϐας
1532 1539 1622 1591 καὶ
1642 1539 1797 1590 αὐτοὶ
1825 1554 1919 1606 με-

353 1624 638 1687 τατεθεξεν,
671 1628 808 1696 μηδὲ
838 1633 944 1698 γὰρ
992 1627 1134 1684 εἶναι
1161 1631 1334 1699 λέγων
1355 1633 1504 1694 εἰκὸς
1529 1631 1631 1683 ὑπὸ
1651 1631 1750 1700 τὴν
1780 1632 1919 1699 ἐμὴν

352 1715 592 1776 ἐξουσίαν
642 1717 932 1778 τελοῦντας
963 1721 1060 1786 τὴν
1097 1722 1236 1790 ἐμὴν
1282 1722 1566 1789 φαυλίζειν
1593 1720 1917 1790 θρησκείαν.

365 1807 691 1860 Ἐνστάντων
741 1809 835 1862 οὖν
890 1812 1008 1863 ἐκεῖ
1037 1812 1342 1881 τηνικαῦτα
1394 1813 1735 1882 παμπόλλων
1777 1814 1916 1882 ὑπὲρ

351 1899 442 1965 τῆς
473 1899 760 1955 εὐσεϐείας
804 1903 1135 1972 ἐρρωμένως
1181 1907 1273 1958 καὶ
1325 1906 1422 1958 σὺν
1455 1906 1652 1977 ζεούσῃ
1687 1907 1753 1976 τῇ
1787 1921 1923 1972 προ-

353 1988 530 2059 θυμία,
547 1993 743 2058 γέγονε
776 1994 1140 2060 φόνοςπολὺς,
1160 1995 1237 2058 ὡς
1269 1999 1501 2065 φανῆναι
1531 1994 1595 2057 If.
1632 1996 1732 2050 ιει
1757 1994 1827 2066 r.]
1860 1996 1921 2047 τὸ

349 2079 543 2146 πλῆθος
593 2083 705 2134 τῶν
733 2086 1129 2153 ἀναιρεθέντων
1179 2089 1316 2156 ὑπὲρ
1357 2088 1700 2157 δισμυρίους,
1752 2088 1920 2158 ἀρξα-

352 2174 510 2239 μένου
537 2174 645 2242 μέν
689 2177 754 2228 ἐκ
788 2177 1156 2248 Παλαιστίνης
1195 2178 1413 2248 πρῶτον
1446 2179 1539 2232 τοῦ
1571 2180 1769 2244 δεινοῦ,
1801 2175 1920 2233 εἶτα

345 2266 636 2330 διαϐάντος
675 2269 876 2339 Κοίλην
919 2272 1122 2342 Συρίαν
1173 2273 1267 2324 καὶ
1296 2273 1553 2338 Φοινίκην
1589 2276 1792 2336 πᾶσαν,
1828 2274 1920 2326 καὶ

297 2391 304 2398 ο
348 2357 464 2408 ὅσαι
490 2360 591 2425 τὴν
621 2360 911 2427 Δαμασκὸν
946 2361 1326 2428 ἀστυγείτονες
1359 2363 1776 2434 περιχορεύουσι
1821 2365 1919 2416 πό-

350 2447 454 2510 λεις
482 2453 574 2502 καί
610 2450 795 2520 κῶμαι
825 2453 986 2523 μέχρι
1009 2454 1186 2524 Τύρου
1214 2456 1307 2507 καὶ
1339 2455 1589 2520 Σιδῶνος,
1620 2456 1713 2508 καὶ
1740 2455 1838 2524 ὅση
1858 2456 1918 2508 τὸ

347 2539 465 2609 ὅρος
490 2543 584 2594 τὸν
619 2543 917 2613 Κάρμηλον
957 2546 1275 2614 περικλύζει
1320 2547 1585 2603 θάλασσα.
1629 2548 1720 2599 Ἐν
1750 2565 1920 2617 μετα-

351 2629 494 2702 μέλῳ
527 2632 573 2685 δ’
612 2633 685 2689 αὖ
728 2634 820 2686 τοῦ
870 2620 1274 2705 προστάξαντος
1325 2639 1609 2707 γεγονότος
1638 2640 1916 2691 πέπαυται

346 2723 402 2774 τὸ
424 2723 621 2779 δεινόν.

412 2815 489 2869 9'.
525 2817 719 2870 Ταῦτα
755 2820 851 2872 καὶ
883 2818 1054 2872 πλείω
1087 2820 1222 2889 πρὸς
1248 2820 1458 2884 τούτοις
1485 2823 1648 2893 ἕτερα
1673 2821 1919 2876 ὑπειπὼν

345 2909 372 2960 ὁ
401 2908 565 2973 καλὸς
600 2910 1014 2979 Ἀγαθάγγελος
1045 2912 1217 2983 ᾤχετο
1249 2915 1428 2968 ἀπιὼν
1459 2916 1587 2984 περὶ
1617 2917 1787 2984 μέσας
1814 2933 1917 2968 που

347 3001 564 3066 νύκτας,
603 3001 765 3065 αὖθις
811 3006 936 3068 τοὺς
977 3006 1285 3077 ἡμετέρους
1336 3008 1569 3078 δημίους
1611 3008 1790 3060 λαθὼν
1827 3011 1920 3062 καὶ

345 3096 464 3158 τοὺς
495 3097 798 3167 θηριώδεις
824 3099 1093 3166 φύλακας,
1140 3101 1303 3170 μόνον
1350 3103 1449 3170 ἐμὲ
1509 3101 1918 3163 καταλελοιπὼς

345 3189 405 3257 τῇ
449 3193 612 3260 στενῇ
656 3190 751 3243 καὶ
795 3191 940 3261 δεινῇ
988 3192 1236 3262 συνήθως
1277 3194 1463 3267 ἐκείνῃ
1490 3195 1670 3266 διαίτῃ
1702 3193 1920 3264 χρώμε-

345 3295 449 3333 νον.

412 3368 468 3424 l'.
495 3372 666 3442 Ἀρτι
700 3372 758 3426 δὲ
791 3375 886 3426 τοῦ
917 3375 1020 3443 μὲν
1057 3376 1426 3445 ἐφεστηκότος
1448 3376 1710 3446 λήξαντος
1743 3379 1918 3444 ἔτους,

343 3460 432 3513 τοῦ
463 3463 520 3516 δὲ
559 3464 696 3530 ἑξῆς
741 3467 1171 3536 ἐνδημήσαντος,
1204 3469 1273 3522 τὰ
1308 3468 1598 3536 Ῥωμαίων
1628 3472 1802 3523 ἐνόσει
1825 3471 1918 3524 τοῦ

345 3554 598 3619 εἰωθότος
657 3558 920 3610 ἐπέκεινα
954 3559 1259 3629 πράγματα
1310 3560 1400 3614 διά
1423 3579 1483 3614 τε
1515 3562 1616 3630 τὴν
1665 3564 1920 3615 εἰωθυῖαν

346 3646 569 3716 Περσῶν
595 3649 980 3720 ἐπικράτειαν,
1013 3651 1080 3722 ἢν
1107 3652 1208 3721 ήδη
1241 3652 1702 3722 Καντακουζηνοῦ
1733 3653 1920 3722 προδι-

2087 1071 2387 1125 V-llI.Fama
2407 1073 2551 1126 enim
2586 1073 2988 1128 nudiustertius
3003 1073 3320 1144 Byzantium
3336 1071 3598 1144 pervenit

2021 1165 2087 1217 ab
2107 1164 2462 1219 Antiochenis
2479 1167 2542 1219 ad
2566 1178 2744 1219 ortum
2767 1167 2898 1220 solis
2917 1167 3596 1232 habitantibns,diabolico

2020 1258 2252 1324 quodam
2275 1257 2455 1311 afflatu
2476 1259 2764 1327 abreptum
2782 1259 2995 1329 Egypti
3015 1261 3296 1314 etAmbia:
3310 1262 3592 1314 dominum

2021 1347 2258 1400 edidisse
2292 1357 2650 1416 praeceptum,
2691 1360 2770 1414 ut,
2812 1350 3404 1418 quotquothristiani
3443 1351 3591 1403 illam

2023 1448 2219 1491 terram
2245 1440 2512 1502 habitent,
2529 1457 2721 1495 omnes
2741 1443 3100 1510 pubescentes
3118 1443 3463 1503 lollerentnr,
3486 1443 3587 1495 nisi

2021 1544 2169 1582 snam
2197 1545 2324 1595 cum
2353 1531 2594 1584 Arabum
2628 1533 2889 1601 religione
2920 1543 3217 1590 mutarent.
3251 1534 3396 1586 Dixit
3421 1537 3590 1599 enim,

2023 1636 2129 1673 non
2169 1621 2368 1675 decere
2411 1638 2544 1687 eos,
2588 1625 2679 1691 qni
2725 1625 2956 1692 imperio
2998 1641 3120 1678 meo
3161 1634 3422 1694 pareant,
3465 1626 3593 1677 reli-

2021 1713 2239 1781 gionem
2283 1729 2458 1768 meam
2505 1728 2891 1769 contemnere.
2945 1716 3080 1768 Cum
3127 1717 3293 1786 igitur
3334 1717 3589 1782 permulti

2025 1803 2348 1857 resisterent
2394 1819 2490 1872 pro
2544 1807 2812 1874 religione
2861 1806 3078 1860 fortiter
3123 1815 3182 1859 et
3233 1822 3356 1859 cum
3408 1807 3592 1859 animo

2023 1895 2325 1960 bellicoso,
2371 1897 2544 1976 multa
2586 1899 2765 1951 caules
2803 1898 2941 1951 facta
2981 1907 3085 1960 est,
3115 1899 3188 1951 ita
3231 1910 3290 1953 ut
3329 1915 3593 1953 numerus

2024 1987 2441 2041 interfectorum
2489 1997 2777 2058 superaret
2817 1989 3012 2058 viginti
3055 1991 3245 2044 millia.
3289 1991 3582 2060 Postquam

2024 2081 2078 2133 in
2127 2081 2412 2134 Palaestina
2467 2082 2703 2148 primum
2749 2083 3029 2150 inceperat
3099 2083 3432 2150 persecutio,
3469 2100 3590 2152 per-

2023 2171 2164 2222 rexit
2203 2185 2299 2239 per
2334 2169 2689 2242 leesyriam
2711 2181 2767 2225 et
2801 2171 3142 2225 Pbmniciam
3182 2182 3346 2227 totam
3380 2182 3590 2242 etqnot

2022 2261 2215 2313 vicina:
2252 2263 2416 2315 nrbes
2452 2269 2507 2315 et
2532 2261 2653 2331 pagi
2689 2262 3010 2316 Damascum
3047 2263 3390 2316 circumdant
3417 2280 3589 2333 usque

2021 2353 2088 2405 ad
2116 2354 2318 2424 Tyrum
2369 2367 2424 2409 et
2461 2355 2740 2418 Sidonem,
2782 2364 2835 2410 et
2877 2365 3139 2423 quantum
3179 2372 3326 2411 mare
3365 2356 3589 2412 Carme-

2024 2443 2132 2495 lum
2163 2453 2407 2497 montem
2449 2446 2628 2498 alluit.
2649 2445 2784 2500 Cum
2817 2455 3109 2512 tyrannum
3153 2447 3227 2501 rei
3270 2448 3442 2518 ipsius
3477 2462 3593 2520 pte-

2021 2534 2255 2595 niteret,
2295 2543 2472 2588 terror
2510 2536 2694 2591 desiit.

2089 2820 2247 2892 251
2292 2821 2385 2876 1X.
2426 2823 2719 2894 Postquam
2757 2825 2872 2880 haec
2911 2834 2966 2880 et
3007 2828 3232 2895 insuper
3275 2827 3446 2882 multa
3480 2828 3589 2884 alia

2021 2911 2269 2975 dixisset,
2302 2913 2553 2969 discessit
2595 2917 2772 2972 bonus
2809 2919 3215 2989 Agatbangelus
3263 2919 3439 2974 media
3472 2918 3587 2975 fere

2020 3012 2218 3065 nocte.
2269 3003 2464 3061 fallens
2511 3006 2710 3062 iterum
2763 3008 2988 3063 lictores
3034 3019 3253 3065 nostros
3300 3025 3587 3080 saevosque

2020 3094 2297 3162 custodes,
2364 3111 2450 3151 me
2491 3099 2672 3153 solum
2712 3100 3064 3170 relinquens,
3108 3102 3202 3171 qui
3263 3113 3492 3172 angusta
3532 3111 3588 3158 et

2023 3186 2252 3240 terribili
2281 3187 2387 3241 vita
2421 3200 2480 3242 ut
2511 3204 2728 3260 semper
2759 3195 3016 3265 vexabar,

2093 3368 2162 3424 Χ.
2229 3367 2331 3423 Ubi
2401 3378 2587 3423 autem
2646 3382 2967 3439 praesentem
3023 3391 3228 3428 annum
3283 3377 3589 3445 excipiebat

2024 3459 2358 3528 insequens,
2395 3477 2482 3514 res
2537 3462 2909 3517 Romanorum
2942 3466 3084 3519 ultra
3129 3469 3584 3524 consuetudinem

2021 3552 2367 3621 mgrotabant
2414 3563 2471 3606 et
2519 3564 2744 3622 propter
2791 3568 3119 3610 consuetum
3158 3559 3447 3614 Persarum
3486 3561 3589 3615 im-

2023 3645 2274 3713 perium,
2307 3645 2452 3712 quod
2485 3646 2597 3712 jam
2637 3662 2735 3715 per
2769 3646 3213 3703 Cantaenzenum
3251 3653 3585 3720 proditorem

343 3738 526 3804 δόντος
585 3742 722 3813 ἄχρι
766 3743 952 3795 πυλῶν
981 3745 1289 3816 ἐσχήκεσαν
1345 3745 1677 3810 Βυζαντίων,
1719 3747 1796 3808 ὡς
1846 3747 1924 3799 oi-

2027 3732 2350 3787 obtinebant
2383 3750 2553 3802 usque
2585 3735 2651 3788 ad
2689 3746 2874 3804 portas
2933 3737 3211 3808 Byzantii,
3246 3751 3305 3793 ut
3350 3742 3592 3810 propriis

345 3827 514 3890 κιίοις
560 3830 705 3892 τέως
764 3830 1040 3901 χρώμενοί
1081 3849 1140 3885 τε
1200 3833 1296 3886 καὶ
1360 3835 1780 3903 καταχρώμενοι
1845 3835 1919 3903 μὴ

346 3921 672 3990 πράγμασιν
692 3922 865 3976 ἆπασι
899 3923 1082 3990 μόνον,
1106 3923 1243 3977 ἀλλά
1268 3924 1362 3978 καὶ
1388 3929 1655 3993 γυναῖκας
1683 3925 1779 3977 καὶ
1800 3928 1926 3978 παῖ-

343 4012 436 4074 δας
462 4013 732 4084 ἀνδράσιν
763 4015 898 4083 ὁμοῦ
927 4016 1064 4086 πρὸς
1093 4017 1203 4069 πᾶν
1231 4016 1293 4068 τὸ
1341 4016 1670 4084 βουλόμενον
1695 4015 1921 4084 ἄγοντές

347 4117 402 4153 τε
428 4101 524 4154 καὶ
571 4104 859 4173 φέροντες,
893 4105 992 4157 οὐκ
1050 4104 1155 4168 ἔξω
1203 4105 1411 4158 πόλεων
1442 4106 1518 4168 ὡς
1567 4105 1700 4174 πρὶν
1764 4121 1925 4176 περι-

348 4189 562 4256 θέοντές
596 4210 663 4244 τε
713 4195 809 4245 καὶ
842 4193 1236 4262 παραθέοντες,
1275 4192 1392 4247 ἀλλ’
1422 4194 1570 4247 ἔνδον
1603 4194 1703 4265 ήδη
1735 4197 1924 4248 ποιού-

351 4300 502 4352 μενοι
561 4288 697 4348 τοὺς
734 4287 1143 4355 συνοικισμοὺς.
1195 4286 1318 4341 καθ’
1347 4286 1544 4339 ὁπόσον
1567 4288 1660 4339 καὶ
1681 4283 1792 4341 οἷον
1828 4289 1925 4341 καὶ

347 4377 479 4430 ὅπου
534 4381 637 4432 καὶ
688 4380 779 4433 ὅτε
839 4379 900 4431 τὸ
956 4381 1055 4448 τῆς
1085 4378 1265 4449 ψυχῆς
1299 4379 1587 4448 ὀρεκτικὸν
1641 4380 1926 4434 ὑπετίθετο

351 4463 530 4528 σφίσιν
582 4465 1044 4536 ἐπιτροπεύοντες
1085 4469 1182 4521 καὶ
1217 4467 1552 4531 δεσποτικῶς
1606 4469 1926 4524 ἐπιτάττον-

347 4570 454 4616 τες.

417 4648 518 4701 1Λ’.
559 4649 704 4719 Ἤδη
737 4649 792 4702 δὲ
825 4650 920 4702 τοῦ
955 4649 1308 4718 φθινοπώρου
1337 4652 1622 4720 λήγοντος,
1651 4654 1781 4724 περί
1820 4671 1924 4707 που

348 4736 414 4789 τὰ
441 4738 586 4807 μέσα
621 4742 753 4808 μιᾶς
791 4739 900 4793 τῶν
927 4741 1141 4795 νυκτῶν
1168 4744 1304 4812 ἀκοή
1323 4758 1408 4804 τις
1445 4743 1709 4813 αἰφνίδιος
1734 4744 1794 4796 τὸ
1822 4744 1926 4797 Βυ-

349 4823 566 4885 ζάντιον
591 4829 933 4898 περιήχησεν
962 4827 1127 4894 ἅπαν,
1156 4825 1292 4882 εἶναι
1319 4831 1530 4900 τείχους
1572 4831 1723 4894 ἐντος
1771 4832 1924 4900 βασι-

348 4913 441 4966 λέα
469 4917 845 4984 Παλαιολόγον
885 4918 975 4971 τὸν
1011 4919 1153 4985 νέον,
1198 4921 1518 4990 συμμαχίας
1561 4922 1743 4991 πάσης
1773 4923 1928 4976 ἀλλο-

350 5004 517 5072 φύλου
574 5010 752 5080 χωρὶς
798 5011 1102 5080 ἀφιγμένον
1149 5015 1389 5080 τριταῖον
1438 5015 1502 5066 ἐκ
1552 5015 1777 5068 Τενέδου
1829 5017 1926 5086 τῆς

2026 3834 2243 3880 utentes
2299 3835 2352 3880 et
2404 3827 2698 3882 abutentes
2753 3843 2860 3880 non
2911 3830 3089 3882 solum
3134 3831 3299 3885 rebus
3335 3834 3586 3901 cunctis,

2025 3920 2119 3973 sed
2155 3920 2319 3973 etiam
2359 3921 2614 3976 mulieres
2648 3930 2703 3976 et
2738 3921 2976 3976 infantes
3013 3939 3116 3977 una
3169 3939 3310 3984 cum.
3342 3926 3476 3977 viris
3523 3929 3594 3982 ad.

2025 4009 2292 4079 quidlibet
2323 4019 2582 4080 cogentes
2617 4021 2670 4066 et
2701 4011 2988 4074 ducentes,
3018 4029 3123 4083 non
3155 4022 3307 4066 extra
3339 4015 3501 4068 urbes
3535 4030 3593 4069 ιιι

2024 4115 2184 4156 antea
2218 4111 2508 4157 currentes
2539 4112 2594 4158 et
2628 4114 3143 4172 prmtercnrrentes,
3182 4107 3272 4158 sed
3309 4105 3589 4172 intusjam

2028 4194 2274 4249 colonias
2324 4196 2678 4249 instituentes
2723 4207 2988 4264 quantum
3044 4208 3097 4250 et
3143 4199 3375 4264 qualiter
3407 4209 3460 4252 et
3499 4200 3588 4252 ubi

2025 4295 2080 4340 et
2106 4285 2328 4354 quando
2355 4285 2571 4341 animus
2604 4287 2871 4341 suadebat
2907 4300 3160 4358 regentes
3187 4289 3590 4363 inmerioseque

2025 4378 2420 4447 gubernantes.

2100 4641 2193 4697 XI.
2225 4643 2468 4699 Brnmali
2498 4656 2748 4715 tempore
2770 4647 2881 4717 jam
2909 4646 3403 4705 desinente~med‘ia
3423 4663 3598 4705 nocte

2027 4731 2171 4787 fama
2228 4733 2516 4788 subitanea
2545 4734 2866 4804 Byzantium
2904 4737 3096 4791 urbem
3122 4739 3392 4806 replevit,
3452 4739 3594 4794 intra

2032 4836 2221 4876 muros
2245 4822 2356 4892 jam
2389 4838 2513 4877 esse
2560 4823 2838 4892 juniorem
2890 4825 3254 4896 Palmologum
3292 4830 3596 4896 imperan-

2029 4928 2169 4979 rem,
2206 4913 2448 4982 quicum
2483 4915 2690 4969 auxilio
2730 4917 2914 4986 pepuli
2963 4921 3177 4973 externi
3206 4920 3368 4973 tertio
3409 4921 3496 4973 die
3531 4935 3598 4974 ex

2029 5005 2250 5059 Tenedo
2287 5005 2463 5060 insula
2494 5009 2968 5070 venisset,itinere
3004 5011 3123 5079 ipso
3155 5011 3313 5079 plane
3354 5012 3590 5074 occulto,

349 5095 538 5167 νήσου,
568 5100 801 5168 μηδενὸς
832 5101 1165 5170 αἰσθομένου
1188 5103 1281 5155 τὸν
1315 5102 1597 5169 εἴσπλουν,
1634 5081 1923 5173 μεγίσταις

2033 5097 2252 5151 duobus
2288 5098 2600 5168 permagnis
2636 5099 2940 5154 biremibus
2973 5109 3138 5168 atque
3173 5102 3414 5157 sedecim
3464 5104 3587 5156 uni-

353 5188 450 5256 μὲν
477 5193 740 5260 τριήρεσι
771 5194 938 5257 δυοῖν,
997 5195 1257 5264 μονήρεσι
1286 5193 1331 5246 δ’
1377 5196 1676 5248 ἑκκαίδεκα
1715 5197 1804 5249 διὰ
1833 5200 1925 5249 τοῦ

349 5280 487 5351 πρὸς
532 5281 610 5334 ἒω
638 5283 861 5353 λιμένος
899 5285 995 5339 καὶ
1046 5286 1276 5357 νεωρίου
1329 5288 1708 5354 είσελάσαντα,
1757 5283 1832 5343 ὧν
1873 5292 1927 5342 αί

349 5375 449 5438 μὲν
499 5375 717 5427 οἴκοθεν
760 5373 900 5448 ἦσαν
946 5377 1096 5448 αὐτῷ
1128 5381 1750 5449 προνεναυπηγημέναι,
1787 5383 1841 5433 αἱ
1885 5380 1929 5433 δ’

346 5463 410 5517 ἐκ
441 5464 683 5520 Τενέδου
713 5486 768 5522 τε
809 5472 902 5524 καὶ
939 5471 1149 5525 Λέσϐου
1187 5472 1279 5524 καὶ
1326 5473 1549 5541 Λήμνου
1585 5472 1729 5525 κατά
1766 5473 1931 5542 μέρος

345 5556 740 5629 ἠθροισμέναι,
785 5563 881 5617 καὶ
935 5566 988 5617 εί
1035 5581 1177 5628 τινες
1220 5558 1330 5617 εἷεν
1375 5565 1675 5635 αὐτόνομον
1715 5564 1934 5631 διαιτώτ

349 5663 504 5714 μενοι
563 5649 709 5718 βίον,
742 5653 834 5721 ὅγε
881 5656 986 5723 μὴν
1035 5653 1492 5724 Καντακουζηνὺς
1546 5657 1605 5707 ἐν
1645 5655 1783 5724 ἀκοῇ
1840 5652 1933 5707 τοῦ

348 5741 738 5809 γεγενημένου
767 5745 1061 5814 γενόμενος
1109 5745 1215 5810 ἔξω
1259 5744 1357 5814 μὲν
1388 5745 1496 5797 τῶν
1527 5743 1817 5812 βασιλείων
1846 5744 1936 5796 οὐ·

340 5827 505 5910 ,δοιμῆ
547 5831 931 5914 ἐξεληλυθέναι
979 5836 1233 5904 ἐγνώκει,
1279 5837 1461 5898 δείσας
1513 5836 1611 5905 τὴν
1657 5835 1765 5890 τῶν
1831 5835 1933 5887 Βυ-

2037 5190 2284 5244 remibus
2325 5204 2422 5258 per
2461 5200 2682 5258 portum
2721 5191 2853 5244 solis
2890 5201 3072 5244 ortum
3113 5207 3306 5248 versus
3344 5193 3507 5247 situm
3545 5202 3602 5245 ct

2035 5296 2135 5350 per
2167 5281 2382 5334 navalia
2409 5291 2606 5335 vectus
2628 5291 2744 5344 est,
2781 5296 3014 5349 quarum
3047 5284 3272 5338 navium
3303 5285 3421 5338 alia:
3449 5283 3596 5335 domi

2035 5379 2194 5423 erant
2225 5379 2582 5435 constructae,
2619 5370 2740 5424 aliae
2778 5369 2939 5441 242
2979 5386 3044 5425 ex
3083 5373 3307 5428 Tenedo
3335 5384 3392 5428 et
3423 5372 3620 5426 Lesbo
3703 5369 3708 5374 ’

2037 5472 2092 5516 ct
2121 5461 2330 5515 Lemno
2346 5477 2412 5516 ex
2440 5471 2598 5530 parte
2616 5463 2934 5528 conducta;
2957 5474 3014 5518 et
3045 5466 3090 5518 si
3123 5467 3217 5534 qui
3251 5465 3480 5517 liberam
3516 5463 3600 5516 vi-

2037 5563 2148 5604 tam
2196 5553 2454 5621 agebant.
2499 5550 2742 5606 Cantacu
2765 5568 2961 5622 zenus,
2983 5566 3270 5624 postquam
3307 5570 3430 5622 quae
3461 5554 3603 5607 facta

2037 5653 2200 5698 erant
2233 5644 2440 5707 audiit,
2475 5657 2505 5695 e
2544 5643 2692 5713 regia
2727 5647 2876 5700 exire
2907 5649 3068 5717 plane
3105 5647 3362 5709 nolebat,
3399 5647 3598 5718 Byzan-

2043 5738 2286 5793 tinorum
2319 5737 2687 5791 extimescens
2722 5737 3025 5806 impetum,
3059 5739 3158 5806 qui
3193 5746 3354 5791 antea
3387 5755 3599 5809 magno-

2041 5847 2172 5902 pere
2225 5831 2330 5886 sibi
2378 5832 2748 5885 irascerentur
2790 5840 2844 5884 ct
2890 5839 3114 5899 prepter
3159 5845 3255 5892 ea,
3293 5846 3415 5897 qua:
3447 5843 3608 5884 antea
