4046 6290
446 433 500 488 '2'!
521 435 534 488 l
1665 445 2084 506 NICEPIIORI
2123 447 2508 511 G‘REGORrE

3583 450 3688 516 212

444 543 577 604 dixi.
601 553 652 599 et
685 545 812 614 quia
849 549 1056 617 patrias
1089 552 1372 623 religionis
1393 554 1540 624 leges
1564 556 2010 626 contempsisset,

2119 564 2352 625 ςαντίων
2395 565 2597 634 ὁρμὴν,
2627 564 3007 636 ἠρεθισμένων
3060 562 3226 616 πάλαι
3283 561 3534 632 σφοδρῶς
3569 561 3690 614 κατ’

447 635 724 702 simulque
756 639 1128 696 Romanorum
1156 645 1472 699 relictorum
1500 645 1808 702 libertatem
1832 648 2016 702 abole-

445 726 604 797 \'it,ip
639 745 810 800 osque
830 734 881 786 iu
901 736 1189 792 servitium
1215 737 1438 790 tradidit
1461 737 1713 793 barbaris
1734 738 2020 794 hostibus-

442 833 550 885 que
601 820 898 880 luereticis.
937 827 1083 880 Misit
1111 830 1260 881 enim
1295 845 1401 882 non
1433 829 1728 884 admodum
1762 832 2017 886 volunta-

443 913 558 965 rios
587 929 618 968 e
645 917 792 981 regia
808 927 864 972 et
897 923 1224 975 convocavit
1253 933 1480 976 senatus
1501 924 1800 993 principes,
1819 940 2014 979 eorum

445 1013 500 1057 ut
535 1007 766 1061 consilio
804 1017 1053 1064 uteretur
1089 1011 1231 1065 inter
1269 1013 1561 1068 (Iatelanos
1600 1015 1694 1068 ditt
1741 1016 1848 1086 jam
1886 1033 2012 1069 cum

442 1111 508 1150 eo
545 1098 853 1154 habitantes
885 1117 1118 1156 numero
1161 1115 1410 1166 emtum,
1454 1106 1500 1159 si
1538 1121 1663 1160 cum
1699 1109 1868 1162 armis
1911 1125 2012 1175 pu-

441 1205 612 1258 gnans
629 1191 807 1244 adiret
825 1195 1001 1262 regios
1025 1211 1212 1250 muros
1237 1197 1573 1266 Palaeologus
1599 1198 1756 1266 imp.,
1777 1215 1913 1254 neve
1941 1197 2017 1252 illi

439 1283 624 1351 potius
656 1295 848 1338 contra
877 1302 1005 1340 eum
1036 1289 1294 1342 auxiliari
1327 1299 1659 1359 cogerentur
1688 1292 1872 1346 liberi.
1908 1291 2016 1346 Sed

441 1371 552 1424 Deo
590 1387 697 1425 non
729 1373 1034 1443 opitulante
1067 1375 1250 1429 omnia
1277 1385 1406 1432 sunt
1441 1378 1792 1446 pessumdata
1819 1396 1833 1443 ;
1871 1379 2018 1432 inse-

439 1466 634 1532 quenti
664 1468 812 1520 enim
843 1467 933 1522 die
969 1469 1256 1540 Byzantini
1291 1486 1418 1523 cum
1456 1485 1524 1524 eo
1563 1470 1785 1524 fortiter
1819 1471 2014 1524 urbem

439 1560 716 1614 obsident.
767 1559 832 1612 Et
879 1563 1200 1631 priusquam
1251 1564 1364 1618 duo
1419 1563 1522 1616 toti
1571 1563 1690 1618 dies
1739 1564 2017 1633 prmterie-

439 1662 608 1714 runt,
640 1653 938 1708 sarmentis
977 1655 1164 1710 multis
1199 1656 1563 1712 incendentes
1595 1671 1716 1710 cam
1741 1696 1756 1720 ,
1787 1654 2014 1725 quaead

439 1743 849 1799 Blacherncnse
879 1746 1143 1815 templum
1172 1763 1390 1802 sacrum
1425 1747 1580 1802 ducit
1613 1757 1824 1817 portam
1854 1761 2018 1816 aper-

440 1845 549 1888 tam
587 1835 869 1892 inl'erioris
905 1839 1099 1908 palatii
1129 1879 1144 1904 ,
1182 1839 1358 1894 eﬂ'uso
1391 1841 1598 1908 impetu
1635 1839 2012 1905 incurrebant,

2119 654 2307 721 αὑτοῦ,
2338 656 2408 710 τά
2432 673 2490 710 τε
2522 655 2658 712 ἄλλα
2688 657 2863 709 ὁπόσα
2890 655 3153 718 πολλάκις
3185 653 3354 724 ἔφθην
3381 655 3574 714 εἰπὼν,
3595 651 3690 704 καὶ

2118 748 2202 800 ὅτι
2233 747 2360 812 τούς
2397 766 2458 802 τε
2495 749 2594 818 τῆς
2628 749 2915 811 εὐσεϐείας
2953 748 3219 815 πατρίους
3258 744 3691 812 καταπεπάτηκε

2117 841 2341 907 νόμους,
2363 842 2459 894 καὶ
2481 842 2584 912 τὴν
2601 843 2708 895 τῶν
2731 841 3232 909 ὲναπολειφθέντων
3252 839 3370 910 ἅμα
3405 837 3691 904 Ῥωμαίων

2119 934 2441 1006 ἐλευθερίαν
2485 935 2822 1004 ἀφελόμενος
2861 933 3140 988 δουλεύειν
3199 933 3400 992 αὐτοὺς
3445 927 3692 982 ἐδεδώκει

2121 1029 2420 1100 βαρϐάροις
2448 1031 2542 1083 καὶ
2576 1029 2833 1082 ἀσεϐέσιν
2861 1029 3093 1098 ἐχθροῖς.
3131 1026 3364 1095 Πέμψας
3404 1023 3448 1076 δ’
3472 1023 3566 1075 οὖν
3597 1021 3694 1090 τὴν

2119 1124 2383 1192 ταχίστην
2419 1123 2568 1184 ἐντὸς
2589 1123 2876 1192 βασιλείων
2910 1120 2972 1194 [ί.
3005 1118 3109 1176 124
3137 1119 3216 1192 υ.Ῐ
3255 1120 3315 1171 ού
3353 1117 3500 1185 μάλα
3545 1115 3696 1166 ἐκόν-

2117 1234 2217 1277 τας
2253 1215 2495 1282 ἀθροίζει
2543 1217 2672 1275 τοὺς
2695 1217 2796 1284 τῆς
2851 1214 3157 1282 συγκλήτου
3209 1207 3573 1281 προῦχοντας,
3604 1207 3694 1258 ἵνα

2117 1323 2176 1358 τε
2218 1307 2532 1376 συμμάχοις
2564 1307 2744 1375 χρῷτο
2772 1307 2868 1359 καὶ
2898 1307 3080 1366 αὐτοῖς
3113 1305 3252 1372 μετὰ
3271 1302 3384 1354 τῶν
3407 1301 3469 1351 ἐκ
3495 1296 3692 1349 πολλοῦ

2121 1398 2516 1451 συνοικούντων
2543 1398 2692 1462 αὐτῷ
2727 1397 3082 1460 Κατελάνων,
3115 1398 3196 1457 είς
3226 1393 3420 1448 ἑκατὸν
3453 1390 3698 1458 ἀνηγμέ-

2119 1506 2226 1542 νων
2251 1489 2340 1542 τὸν
2375 1490 2635 1560 ἀριθμὸν,
2668 1488 2833 1542 ὁπότε
2875 1488 3018 1540 ἐπίοι
3075 1485 3176 1538 σὺν
3225 1483 3412 1545 ὅπλοις
3453 1481 3699 1546 πολεμη-

2121 1583 2284 1635 σείων
2319 1581 2504 1648 κύκλῳ
2529 1583 2596 1634 τὰ
2625 1581 2874 1650 βασίλεια
2898 1579 3055 1648 τείχη
3093 1575 3460 1642 Παλαιολόγος
3484 1574 3512 1624 ὁ
3537 1571 3696 1639 βασι-

2117 1677 2267 1740 λεὺς,
2309 1676 2404 1729 καὶ
2437 1676 2525 1729 ἵνα
2553 1675 2626 1746 μὴ
2659 1675 2852 1744 ἐκείνῳ
2891 1672 3092 1743 μᾶλλον
3119 1671 3240 1724 κατ’
3274 1667 3440 1724 αὑτοῦ
3477 1682 3698 1735 συμμα-

2119 1772 2235 1840 χεῖν
2267 1769 2699 1838 ἀναγκασθῶσιν
2731 1768 3010 1838 ἐλεύθεροι
3041 1763 3400 1828 6ντες.⁶Αλλὰ
3431 1759 3527 1812 τοῦ
3559 1755 3697 1811 Θεοῦ

2124 1859 2199 1929 μὴ
2231 1860 2628 1927 συναιρομένου
2673 1857 2741 1910 τὰ
2785 1858 2964 1911 πάντα
3014 1853 3444 1921 ἀντέστραπται.
3480 1849 3562 1917 Τῇ
3592 1847 3697 1914 γὰρ

439 1929 495 1974 et
561 1921 857 1978 Castellum
910 1926 1055 1994 quod
1111 1927 1305 1981 dicunt
1353 1939 1726 1997 expugnatura
1782 1927 2010 1997 diripie-

2124 1920 2404 2020 ‘t'icr‘repatq-
2435 1920 3136 2020 περιστρατοπεδεύσαντες
3169 1920 3287 2014 ἅμα
3315 1940 3468 2011 αὐτῷ
3495 1939 3697 1998 πάντες

439 2014 570 2070 bant
616 2023 676 2070 ut
722 2016 906 2074 libuit.
941 2019 1036 2074 His
1074 2022 1148 2073 ita
1184 2021 1355 2089 gestis
1399 2036 1524 2075 cum
1579 2021 1632 2076 iu
1696 2024 1842 2089 regia
1873 2022 2018 2076 mola

440 2122 665 2174 prorsus
705 2107 852 2162 nulla
887 2111 1252 2176 esset,farina
1275 2111 1492 2166 triticea
1515 2119 1570 2166 et
1603 2110 1759 2180 panis
1791 2122 2018 2181 propter

438 2201 802 2255 calamitatem
839 2201 998 2274 253
1035 2203 1319 2274 inopinato
1357 2207 1705 2274 ingruentem
1754 2223 1862 2262 non
1888 2225 2018 2276 sup-

440 2293 725 2361 petebant,
761 2309 942 2363 neque
977 2295 1022 2346 is
1053 2297 1145 2364 qui
1195 2312 1292 2364 per
1323 2298 1568 2368 singulos
1613 2302 1729 2356 dies
1763 2317 2018 2356 necessa-

439 2389 558 2444 rius
588 2401 710 2445 erat
736 2397 992 2458 sumptus
1015 2429 1030 2454 ,
1062 2400 1118 2444 et
1144 2390 1309 2446 simul
1339 2407 1589 2446 murmur
1620 2403 1676 2448 et
1703 2409 1841 2464 quas
1867 2396 2018 2448 intus

441 2481 548 2535 sibi
580 2481 818 2536 invicem
857 2480 1111 2536 fecerunt
1143 2483 1326 2536 callidi
1365 2483 1439 2538 illi
1475 2485 1580 2538 viri
1615 2487 2015 2541 insusurratio-

439 2588 538 2626 nes
591 2581 646 2626 et
675 2571 1056 2626 Cantaeuzeno
1079 2571 1237 2644 facta:
1289 2573 1708 2632 criminationes
1763 2593 2014 2646 magnam

437 2665 737 2718 movebant
783 2663 1150 2730 seditionem,
1192 2667 1462 2735 cegebant
1507 2667 1688 2723 foedus
1733 2683 1859 2722 cum
1912 2669 2014 2722 Pa-

435 2755 666 2824 laeologo
695 2754 832 2822 imp.
869 2755 1024 2822 prius
1057 2755 1194 2808 inire
1217 2795 1232 2820 ,
1263 2771 1430 2824 quam
1483 2773 1572 2811 res
1625 2757 1769 2813 ferre
1817 2759 2015 2812 crude-

437 2846 695 2901 lissimas.
717 2845 853 2901 Cum
881 2846 1048 2916 igitur
1065 2847 1256 2917 paucis
1273 2849 1470 2902 diebus
1493 2865 1582 2904 res
1599 2849 1705 2904 illa:
1723 2851 1796 2904 ita
1827 2858 2013 2906 essent

436 2943 766 3002 roustitutm,
799 2947 853 2992 ct
887 2938 1094 2992 fmdere
1139 2947 1197 2993 ut
1227 2950 1706 3010 penesutrumque
1735 2957 1880 2997 esset
1909 2943 2014 2997 im-

433 3031 648 3102 perium
679 3033 1013 3096 sanxissent,
1051 3031 1171 3085 sine
1227 3032 1538 3100 suspicione
1587 3049 1711 3090 sese
1773 3035 2008 3091 invicem

435 3123 664 3178 adibant
715 3124 1292 3194 consuetudinemque
1321 3136 1724 3182 contraxerunt
1765 3129 1906 3183 intra
1953 3139 2009 3185 et

434 3225 588 3272 extra
624 3216 826 3287 regiam
855 3233 869 3281 ;
905 3219 1260 3286 quamobrem
1288 3219 1634 3289 perturbatio
1659 3231 1714 3276 et
1737 3223 2008 3278 tumultus

435 3312 805 3366 movebantur
835 3311 1132 3366 admodum
1178 3314 1479 3370 insidiosus
1503 3331 1720 3385 semper
1759 3317 2010 3388 Byzanti-

435 3403 560 3465 nis,
588 3403 682 3474 qui
717 3404 981 3458 conviciis
1016 3406 1495 3474 persequebantur
1526 3409 1706 3478 ipsum
1737 3407 2014 3464 Cantacu-

439 3513 636 3550 zenum
660 3537 674 3558 ,
705 3499 798 3567 qui
835 3511 961 3551 eum
1001 3497 1178 3551 adorti
1214 3509 1402 3552 essent
1437 3507 1602 3568 atque
1639 3500 2013 3564 minabantur,

441 3604 501 3643 se
536 3603 670 3643 suos
703 3589 912 3656 gladios
945 3589 1010 3643 ad
1047 3590 1224 3658 ipsum
1261 3589 1712 3644 interﬁciendum
1749 3607 1872 3646 esse
1903 3592 2011 3645 tin-

437 3687 649 3743 cturos,
671 3679 774 3734 uisi
807 3680 1292 3736 celerrimevestcs
1323 3683 1498 3752 regias
1524 3698 1648 3736 Clllll
1683 3681 1874 3736 habitu
1899 3697 2020 3736 mo-

438 3771 652 3826 nastico
682 3784 942 3826 mutaret.
965 3773 1205 3842 lndeque
1234 3785 1349 3840 post
1378 3791 1484 3830 non
1513 3775 1716 3830 multos
1745 3775 1863 3830 dies
1893 3776 2020 3832 reli-

440 3865 558 3932 quit
605 3873 766 3917 noctu
817 3863 1100 3934 palatium,
1127 3868 1380 3921 monachi
1428 3879 1578 3922 ves'e
1618 3868 1864 3936 indutus,
1911 3886 2016 3924 una

439 3971 564 4010 cum
598 3971 794 4022 uxore,
821 3958 936 4026 ipse
966 3958 1201 4029 .loasaph
1227 3961 1648 4029 cognominatus
1668 4003 1684 4028 ,
1717 3962 1801 4016 illa
1831 3972 2014 4016 autem

441 4048 710 4120 Eugenia.
753 4049 877 4120 Ipse
917 4053 970 4103 in
1007 4051 1400 4121 Manganorum
1437 4055 1834 4108 monasterium
1874 4054 2020 4109 rel‘u-

440 4141 660 4209 giebat,
708 4139 798 4193 illa
841 4147 1042 4194 autem
1073 4141 1128 4194 in
1179 4141 1232 4194 id
1293 4142 1440 4210 quod
1490 4143 1720 4196 Martha:
1789 4145 2014 4198 dicitur.

441 4232 828 4301 Sequebantur
876 4247 972 4286 eos
1017 4249 1130 4286 non
1179 4233 1356 4286 solum
1403 4249 1472 4288 ea
1521 4234 1706 4288 omnia
1757 4251 1879 4304 quas
1947 4238 2015 4292 ad

443 4327 615 4381 vitam
665 4326 1083 4381 sustentandam
1136 4327 1445 4380 necessaria
1499 4317 1664 4392 sunt,
1707 4330 1802 4384 sed
1851 4331 2016 4384 etiam

441 4435 786 4491 quaecunque
829 4420 884 4474 in
921 4418 1084 4489 244
1121 4420 1270 4483 regio
1310 4423 1507 4474 atrario
1558 4424 1816 4492 repositae
1860 4438 2021 4482 erant

442 4513 646 4568 divitiae
670 4513 862 4568 faciles
893 4521 1136 4580 portatu,
1163 4511 1462 4582 Palaeologo
1495 4514 1624 4584 imp.
1657 4515 1902 4586 ipsorum
1935 4536 2020 4574 εει-

442 4605 543 4660 luti
579 4606 980 4675 prospiciente.

2126 2043 2414 2105 Βυζάντιοι
2465 2042 2800 2112 ἐρρωμένως
2835 2037 3216 2107 ἐπολιόρκουν.
3249 2034 3360 2088 Καὶ
3401 2034 3536 2102 πρὶν
3569 2029 3696 2090 ὅλας

2125 2135 2218 2188 δύο
2263 2133 2558 2205 παρελθεῖν
2597 2133 2832 2204 ἡμέρας,
2884 2132 3183 2200 φρυγάνοις
3234 2125 3448 2187 πολλοῖς
3489 2137 3698 2191 πυρπο-

2125 2226 2394 2295 λήσαντες
2438 2226 2540 2294 τὴν
2584 2223 2719 2294 πρὸς
2769 2223 2860 2274 τὸν
2891 2224 2948 2274 ὲν
2998 2219 3332 2288 Βλαχέρναις
3363 2214 3507 2266 θεῖον
3559 2208 3698 2262 νεὼν

2125 2317 2494 2386 ἀνοιγομένην
2523 2315 2699 2380 πύλην
2727 2313 2822 2366 τοῦ
2848 2312 2999 2366 κάτω
3023 2307 3308 2366 παλατίου,
3337 2302 3700 2374 είσερῤύησαν

2125 2411 2342 2480 ἀσχέτῳ
2394 2409 2566 2479 ῥύμῃ,
2619 2409 2715 2460 καὶ
2762 2407 2824 2459 τὸ
2869 2403 3170 2459 Καστέλιον
3210 2399 3355 2453 οὕτω
3401 2396 3700 2464 λεγόμενον

2126 2500 2654 2571 ἐξηνδραποδίσαντό
2689 2516 2748 2552 τε
2781 2497 2878 2551 καὶ
2904 2496 3247 2564 διενείμαντο
3277 2491 3426 2544 κατὰ
3447 2489 3590 2555 σφᾶς
3625 2485 3700 2546 ὡς

2123 2595 2433 2649 ἐϐούλοντο.
2477 2594 2686 2645 Τούτου
2727 2592 2771 2644 δ’
2819 2589 2966 2644 οὕτω
3017 2583 3455 2654 συνενεχθέντος,
3509 2575 3698 2644 ἐπειδὴ

2125 2689 2416 2760 βασιλείων
2475 2686 2625 2749 ἐντὸς
2678 2684 2842 2755 μύλος
2903 2682 3000 2750 μὲν
3045 2680 3250 2750 ἥκιστα
3288 2669 3378 2744 ἦν,
3412 2667 3698 2739 ἄλευραδέ

2123 2785 2218 2836 καὶ
2264 2781 2422 2850 ἀρτοι
2468 2779 2557 2832 διά
2577 2776 2639 2829 τὸ
2675 2777 2772 2845 τῆς
2797 2774 3084 2844 συμφορᾶς
3119 2771 3384 2837 ἀδόκητον
3413 2765 3474 2818 οὑ
3514 2778 3696 2832 προῳ-

2121 2871 2513 2942 κονόμην-το,ῆ
2561 2886 2619 2922 τε
2665 2869 2790 2922 καθ’
2831 2867 3044 2936 ἡμέραν
3083 2862 3298 2928 δαπάνη
3324 2857 3418 2910 τοῦ
3459 2853 3698 2924 πλήθους

2120 2966 2340 3020 ἔνδοθεν
2372 2963 2752 3033 ἀπαραίτητον
2781 2959 2884 3029 τὴν
2905 2956 3170 3028 χορηγίαν
3202 2952 3426 3023 ἀπῄτει,
3467 2950 3564 3002 καὶ
3585 2946 3700 3014 ἅμα

2119 3061 2148 3109 ὁ
2179 3053 2502 3124 γογγυσμὸς
2542 3053 2640 3103 καὶ
2685 3051 2732 3102 at
2773 3049 2908 3118 πρὸς
2939 3045 3202 3114 ἀλλήλους
3233 3038 3562 3130 ψιθυρισμολ
3591 3034 3700 3130 τῶν

2119 3145 2270 3207 ὲντδς
2303 3139 2666 3211 πολυτρόπων
2705 3139 2930 3191 ἐκείνων
2961 3133 3172 3203 ἀνδρῶν
3203 3132 3296 3184 καὶ
3343 3130 3399 3182 αί
3427 3124 3574 3179 κατὰ
3605 3124 3699 3215 του

2123 3233 2591 3304 Καντακουζηνοῦ
2625 3231 2888 3299 λοιδορίαι
2937 3226 3142 3296 πολλὴν
3181 3223 3369 3277 ὥδινον
3422 3219 3526 3290 τὴν
3575 3233 3679 3270 κατ

2124 3327 2291 3382 αὐτοῦ
2333 3325 2572 3394 κίνησιν,
2598 3323 2680 3384 είς
2711 3321 2954 3387 ἀνάγκας
2999 3315 3213 3386 ἧλασαν
3260 3307 3592 3363 σπείσασθαι
3623 3304 3700 3370 τῷ

2121 3419 2362 3490 γαμὸρῷ
2396 3418 2492 3470 καὶ
2531 3413 2743 3486 βασιλεί
2772 3409 3152 3476 Παλαιολόγῳ,
3183 3405 3314 3470 πρὶν
3343 3403 3376 3471 ἢ
3405 3400 3603 3454 παθεῖν
3633 3398 3698 3450 τὰ

2122 3514 2422 3582 ἀνήκεστα.
2466 3507 2728 3578 Βραχέων
2761 3501 2856 3558 οὖν
2899 3501 3052 3565 ἐντὸς
3101 3493 3327 3570 ἡμερῶν
3363 3493 3565 3548 οὑτωσὶ
3589 3491 3697 3543 τῶν

2122 3605 2470 3676 πραγμάτων
2501 3599 2728 3653 ἐκείνων
2753 3594 3164 3649 συνελαθέντων
3189 3591 3283 3645 καὶ
3306 3589 3414 3642 τῶν
3454 3585 3696 3640 σπονδῶν

2122 3700 2217 3750 ἐπὶ
2248 3697 2326 3764 τῷ
2363 3693 2671 3764 βασιλεύειν
2714 3689 2882 3758 ἄμφω
2924 3683 3329 3756 γεγενημένων,
3365 3679 3698 3764 ἀνυπόπτως

2121 3787 2224 3859 ήδη
2255 3763 2571 3856 προσῄεσαν
2598 3779 2694 3832 καὶ
2719 3775 2962 3846 ὡμίλουν
2987 3771 3240 3858 ἀλλήλοις
3269 3767 3380 3821 τῶν
3411 3763 3700 3859 βασιλείων

2122 3854 2472 3934 οἴκων-ἔνδον
2501 3873 2624 3942 ἅμα
2659 3871 2752 3924 καὶ
2785 3869 2920 3934 ἕξεθ’
2955 3855 3048 3918 διὸ¹
3073 3864 3170 3916 καὶ
3211 3857 3474 3927 σύγχυσίς
3501 3871 3566 3907 τε
3606 3854 3700 3905 καὶ

2125 3971 2358 4040 θόρυδος
2391 3969 2650 4037 ἠγείρετο
2685 3961 2892 4032 σφόδρα
2945 3959 3160 4026 ἄσημος
3199 3951 3342 4006 κατά
3385 3950 3446 4002 τὸ
3475 3946 3700 4016 συνεχὲς

2124 4065 2264 4136 πρὸς
2308 4059 2624 4125 Βυζαντίων
2659 4057 2800 4109 κατὰ
2851 4052 3146 4124 πρόσωπόν
3203 4061 3264 4100 τε
3315 4045 3410 4098 καὶ
3463 4041 3698 4136 ἀναιδῶς

2123 4133 2509 4226 λοιδορούντων
2553 4148 2718 4204 αὐτὸν
2753 4141 3208 4210 Καντακουζηνὸν
3238 4139 3334 4192 καὶ
3387 4133 3700 4226 ἐπιπηδώνξ

2120 4266 2228 4301 των
2255 4225 2426 4316 αὐτῷ,
2454 4247 2550 4298 καὶ
2583 4239 3019 4308 ὲν-ὲπαγγελίαις
3041 4236 3210 4288 ὄντων
3237 4231 3379 4285 κατὰ
3403 4229 3502 4298 τῆς
3529 4225 3696 4280 αὐτοῦ

2124 4339 2338 4406 σφαγῆς
2371 4337 2441 4389 τὰ
2491 4335 2600 4387 ίδια
2651 4333 2880 4402 βάπτειν
2931 4327 3084 4395 ξίφη,
3115 4327 3162 4377 εἰ
3193 4322 3268 4394 μὴ
3301 4320 3402 4387 τὴν
3431 4319 3700 4386 ταχίστην

2125 4431 2260 4501 πρὸς
2310 4429 2374 4482 τὸ
2413 4427 2696 4498 μοναδικὸν
2750 4425 2849 4492 τὴν
2893 4420 3167 4490 βασίλειον
3219 4415 3427 4486 ἀμείψῃ
3479 4413 3698 4482 στολήν.

2127 4524 2324 4577 Ἔνθεν
2357 4541 2440 4575 τοι
2465 4522 2560 4574 καὶ
2593 4521 2716 4587 μεττ
2743 4520 2801 4570 οὑ
2832 4513 3038 4576 πολλὰς
3063 4512 3160 4573 τὰς
3189 4513 3400 4579 ἡμέρας
3425 4506 3575 4575 ἐξῄει
3602 4501 3694 4556 τοῦ

2053 4616 2091 4667 ί)
2121 4615 2410 4679 παλατίου,
2442 4615 2504 4667 τὸ
2537 4611 2825 4682 μοναδικον
2854 4606 3235 4678 ἠμφιεσμένος
3261 4603 3472 4672 σχῆμα,
3514 4597 3608 4664 ξύν
3635 4613 3697 4662 γε

441 4703 510 4771 τῇ
543 4701 796 4772 ὁμοζύγῳ
826 4699 1042 4760 νυκτὸς,
1075 4698 1239 4760 αὐτὸς
1288 4699 1390 4767 μὲν
1427 4699 1668 4770 Ἰωάσαφ
1718 4709 2166 4776 μετονομασθεὶς,
2205 4711 2238 4778 ή
2271 4707 2314 4759 δ’
2377 4705 2630 4772 Εὐγενία,
2694 4703 2788 4755 καὶ
2835 4705 2862 4754 ὁ
2897 4699 2996 4769 μὲν
3046 4700 3128 4758 είς
3188 4695 3287 4766 τὴν
3321 4695 3430 4746 τῶν
3466 4691 3697 4760 Μαγγά-

411 4843 413 4846 -
445 4812 552 4849 νων
601 4795 772 4865 μονὴν
810 4795 1168 4862 μετθικῆσαξν
1242 4793 1275 4861 ἢ
1327 4793 1373 4846 δ’
1427 4795 1508 4857 εἰς
1567 4794 1666 4863 τὴν
1703 4800 1802 4861 τῆς
1852 4801 2081 4870 Μάρθας
2124 4803 2326 4856 οὑτωσὶ
2359 4799 2728 4867 κεκλημένην.
2765 4795 2968 4852 Εἵπετο,
3005 4791 3050 4846 δ’
3085 4791 3274 4852 αὐτοῖς
3313 4787 3388 4859 μὴ
3443 4787 3606 4856 μόνον
3641 4786 3698 4838 ἆ·

444 4889 607 4942 πάνθ’
649 4888 752 4940 ὅσα
795 4885 934 4956 πρὸς
992 4886 1052 4937 τὸ
1085 4883 1186 4953 ζῇν
1244 4886 1545 4952 ἀναγκαῖα,
1581 4887 1718 4940 ἀλλά
1781 4891 1875 4944 καὶ
1925 4895 2044 4956 ὅσος
2084 4897 2196 4957 τοῖς
2252 4893 2551 4962 βασιλικοῖς
2620 4889 2892 4958 ταμιείοις
2949 4885 3107 4954 ἔτυχε
3141 4884 3283 4944 τέως
3335 4881 3698 4950 ἠθροισμένος

445 4982 700 5048 πλοῦτος,
731 4980 990 5046 καθάπαξ⁷
1015 4981 1161 5044 ἄπας
1194 4981 1496 5054 συλλήϐδην
1522 4987 1697 5041 εἰπεῖν
1726 4989 2011 5059 ἀγώγιμος
2055 4989 2236 5059 σφίσιν
2297 4989 2482 5041 εἵπετο
2519 4987 2612 5038 καὶ
2657 4983 2840 5046 αὐτὸς,
2885 4979 3255 5046 Παλαιολόγου
3301 4975 3395 5029 τοῦ
3429 4972 3696 5042 βασιλέως

443 5075 681 5136 ἐνδόντος
703 5073 845 5125 αἰδοῖ
871 5073 966 5126 τοῦ
993 5072 1216 5142 κήδους.

520 5171 638 5225 XII.
704 5169 814 5225 Sed
859 5155 1106 5224 breviter
1153 5170 1390 5224 dicenda-
1430 5181 1560 5226 sunt
1603 5178 2018 5248 qtt:e_contige-

445 5272 576 5317 runt
601 5275 664 5315 eo
697 5269 942 5328 tempore
970 5260 1260 5316 Philo-tneo
1297 5262 1624 5328 patriarchas
1647 5305 1660 5326 ,
1694 5265 1780 5318 cui
1818 5265 2016 5320 Cocci-

445 5374 520 5411 no
569 5371 876 5426 cognomen
905 5363 1046 5409 erat.
1089 5355 1182 5408 lt'st
1213 5364 1397 5410 autem
1433 5359 1612 5411 oratio
1647 5359 1816 5426 paulo
1850 5359 2019 5414 altius

445 5448 750 5518 repetenda
775 5447 864 5512 iis,
889 5445 1094 5516 quibus
1121 5447 1378 5502 audiendi
1405 5447 1741 5504 desiderium
1767 5459 1872 5514 est,
1895 5467 2018 5520 quas

446 5540 732 5610 castigatio
762 5539 950 5595 divina
981 5540 1145 5593 etiam
1183 5541 1248 5604 ain
1298 5555 1426 5593 eum
1459 5542 1689 5596 irruerit
1723 5541 1792 5596 ad
1827 5559 2018 5612 repre-

446 5633 794 5688 hendendam
814 5635 1052 5702 ineptam
1071 5633 1552 5702 perniciosaqu
1574 5635 2018 5688 ostentationem.

437 5723 560 5782 :Res
586 5733 705 5779 erat
737 5727 874 5780 haec.
907 5725 1121 5780 Accidit
1160 5726 1213 5778 in
1251 5725 1581 5778 monasterio
1645 5726 1790 5794 quod
1825 5725 2019 5779 Crataei

449 5815 678 5881 dicitur,
718 5827 778 5871 ut
812 5833 1027 5872 sacrum
1067 5821 1434 5885 fragmentum
1469 5836 1500 5870 ιι
1531 5820 1712 5886 capite
1743 5833 1920 5886 usque
1957 5819 2022 5870 a'l

453 5905 620 5976 pedes
638 5908 916 5976 exemplar
930 5907 1198 5962 exhibens
1219 5908 1591 5962 membrorum
1608 5907 1753 5960 omni
1765 5923 1793 5959 ιι
1803 5906 2024 5974 minve-

2197 5177 2258 5248 [ί.
2295 5175 2399 5228 125
2431 5174 2504 5245 tu]
2536 5169 2637 5225 lB’.
2685 5171 2845 5224 Ἀλλᾶ
2877 5169 3096 5222 λεκτέον
3137 5168 3269 5236 ἡμῖν
3299 5165 3575 5236 ένξβραχεῖ
3606 5166 3700 5218 καὶ

2124 5269 2221 5320 ὅσα
2255 5265 2555 5336 τηνικαῦτα
2582 5265 2958 5332 συμπέπτωκε
3001 5260 3318 5330 πατριάρχῃ
3349 5257 3591 5326 Φιλοθέῳ
3623 5255 3697 5326 τῷ

2127 5357 2549 5426 ὲπικεκλημένῳ
2601 5355 2894 5420 Κοκκίνῳ·
2953 5351 3060 5422 χρὴ
3101 5353 3208 5420 γὰρ
3238 5349 3471 5404 ἐνταῦθα
3503 5349 3698 5419 μικρὸν

2073 5471 2084 5476 ‘
2125 5449 2511 5518 ἀναδραμόντα
2543 5447 2624 5516 τῷ
2654 5447 2796 5516 λόγῳ
2825 5445 2996 5512 δεῖξαι
3027 5443 3106 5507 οἷς
3143 5445 3363 5497 ἀκούειν
3394 5445 3585 5512 ἔφεσις
3613 5445 3696 5498 οἷα

2127 5545 2218 5594 καὶ
2249 5540 2424 5610 τούτῳ
2480 5539 2665 5592 θεόθεν
2716 5540 2780 5607 ἐκ
2812 5537 2905 5594 τοῦ
2943 5538 3126 5606 σχεδὸν
3163 5536 3435 5607 ἐνέσκηψε
3479 5539 3700 5591 παιδεία

2123 5635 2260 5703 πρὸς
2292 5634 2516 5701 ἔλεγχον
2539 5631 2638 5700 τῆς
2665 5631 2895 5699 ἀκαίρου
2929 5631 3022 5684 καὶ
3047 5629 3324 5700 σφαλερςῖς
3348 5631 3692 5702 καυχήσεως.

2126 5725 2294 5794 Ἔσχε
2319 5727 2427 5794 γάρ
2463 5725 2683 5777 οὑτωσί.
2731 5724 2978 5790 Ἐγένετο
3027 5723 3168 5776 κατά
3195 5725 3293 5792 τήν
3323 5727 3493 5794 μονὴν
3519 5725 3554 5794 ἢ
3603 5722 3694 5775 τοῦ

2127 5814 2408 5885 Κραταιοῢ
2442 5814 2822 5882 ἐπικέκληται,
2873 5813 3126 5882 λείψανον
3173 5815 3318 5882 ἱερὸν
3350 5815 3414 5866 ἐκ
3453 5813 3694 5882 κεφαλῆς

2124 5906 2253 5974 ἄχρι
2283 5903 2458 5958 ποδῶν
2495 5905 2757 5966 ἁνενδεῶς
2793 5904 2901 5956 τῶν
2939 5904 3118 5974 μελῶν
3163 5903 3419 5956 ἁπάντων
3451 5902 3576 5973 ἔχῃν
3603 5903 3690 5955 εὖ-
