4046 6290
278 427 380 488 213

1295 432 1738 494 BYZANTIN/‘E
1778 435 2161 496 HISTORI/E
2205 434 2343 495 LIB.
2395 433 2607 492 XXIX.

3419 439 3526 503 9M

281 542 474 612 ρῇσθχι
513 541 649 610 πρὸς
681 542 790 597 τῶν
823 544 942 598 ἐκεῖ
984 547 1340 616 μοναζουσῶν
1373 553 1672 618 γυναικῶν.
1712 554 1848 623 Περὶ

1975 554 2168 608 ιὶι·οῐιιι·
2214 569 2242 606 a
2296 552 2658 613 mulieribus,
2689 568 2807 621 qum
2841 552 2918 606 ibi
2961 563 3118 608 erant
3166 555 3523 610 monialibus.

277 625 336 683 οὗ
370 633 464 685 καὶ
493 631 660 703 πολλή
708 652 793 698 τις
825 636 1046 706 ἤκμασε
1075 639 1214 703 τέως
1247 642 1518 711 ὑπόληψις
1557 646 1670 706 τοῖς
1711 645 1845 697 πολ-

279 723 407 787 λοῖς,
455 723 704 796 ’Δνδρέου
732 728 828 782 τοῦ
852 731 1077 802 Κρήτης
1106 729 1271 796 εἶναι,
1302 733 1358 796 ὃς
1384 735 1483 787 οὐκ
1510 736 1713 803 όλίγοις
1745 738 1846 806 τὴν

293 816 618 886 Ἐκκλησίαν
665 819 977 892 ἐκόσμησεν
1031 826 1194 894 ίεροῖς
1255 827 1466 895 μέλεσι.
1522 828 1692 882 Τοῦτο
1737 831 1846 901 γὰρ

243 941 258 988 ε
282 908 695 980 κατορώρυκται
727 912 826 981 μὲν
855 914 932 983 τῷ
960 916 1144 984 ἐδάφει
1174 916 1268 970 τοῦ
1299 917 1443 971 Θείου
1478 921 1690 972 ἐκείνου
1715 921 1843 987 νεὼ,

255 997 345 1074 ῆν
375 1003 420 1056 δ’
446 1003 684 1076 ἀφανείᾳ
710 1007 1128 1077 κεκαλυμμένον
1173 1011 1238 1062 ὲκ
1266 1011 1499 1064 παλαιοῦ
1531 1014 1625 1066 καὶ
1669 1012 1848 1066 οὐδενί

283 1111 366 1148 πω
387 1095 664 1164 γνώριμον
691 1097 821 1168 ἄχρι
855 1099 956 1168 τῆς
989 1099 1096 1152 τῶν
1130 1100 1224 1154 νῦν
1262 1104 1536 1172 χρονικῶν
1581 1106 1850 1174 περιόδων

283 1187 513 1256 ἡλικίας.
549 1188 712 1258 ’Δρτι
740 1189 786 1243 δ’
837 1189 940 1244 οὐκ
989 1187 1088 1245 οἶδ’
1115 1194 1379 1264 ὁπότερον
1429 1197 1508 1258 είς
1535 1197 1850 1266 τούμφανὲς

282 1278 548 1347 ἐληλύθει.
584 1281 683 1333 εἶτ’
713 1281 770 1347 ἐξ
797 1282 1084 1348 ἐπιπνοίας
1114 1286 1258 1347 τινος
1285 1287 1584 1357 θειοτέρας,
1617 1292 1726 1342 εἴτε
1769 1307 1850 1343 τι-

283 1366 368 1426 νὸς
396 1368 587 1436 χρείας
616 1369 885 1440 ἑνστάσης
935 1372 1184 1437 ὀρύττειν
1219 1379 1419 1438 ἐκεῖσε,
1474 1377 1572 1431 εἴτ’
1608 1381 1708 1431 οὐκ
1754 1376 1851 1433 οἷδ’

281 1457 456 1508 ὅντινα
483 1458 686 1527 τρόπον
722 1458 930 1530 ἕτερον.
969 1463 1044 1515 Οὐ
1075 1466 1184 1532 γὰρ
1206 1465 1394 1534 ὄψεσιν
1419 1469 1608 1533 αὑταῖς
1647 1489 1738 1538 μοι
1764 1489 1855 1523 τε-

283 1547 480 1616 τύχηκε
538 1551 820 1620 γενομένῳ
858 1553 1002 1605 κατά
1053 1554 1146 1608 τὸν
1191 1557 1360 1610 τόπον
1396 1558 1718 1628 θεάσασθαι,
1757 1562 1851 1615 τοῦ

284 1639 582 1707 τηνικαῦτα
606 1641 851 1710 διωγμοῦ
887 1647 983 1697 καὶ
1024 1645 1118 1698 τοῦ
1139 1652 1239 1717 τῆς
1283 1651 1614 1718 Ἐκκλησίας
1653 1655 1856 1724 χειμῶ-

284 1749 368 1794 νος
397 1732 612 1785 ἐκείνου
650 1735 748 1796 τὰς
778 1735 919 1804 ἐμὰς
962 1739 1344 1804 ἐγκλείσαντος
1387 1742 1579 1813 θύρας,
1610 1746 1685 1806 ὡς
1731 1747 1856 1817 μηδ’

282 1825 371 1875 ἐπὶ
401 1823 582 1895 βραχὺ
597 1825 732 1894 γοῦν
761 1830 842 1891 είς
869 1829 1155 1901 ἐλεύθερον
1181 1835 1516 1904 προκύπτειν
1549 1837 1695 1909 ἔχειν
1719 1840 1856 1908 ἀέρα

1950 644 2027 699 De
2077 660 2186 712 qua
2240 660 2296 698 re
2334 659 2527 713 magna
2566 643 2800 698 subinde
2849 644 2995 698 inter
3058 644 3256 715 vulgus
3296 655 3418 699 orta
3443 657 3529 701 est

1948 735 2137 803 opinio
2195 751 2318 804 qua:
2372 735 2464 789 illa
2518 734 2586 788 ad
2645 734 2919 789 Andream
2984 734 3311 791 Cretensem
3380 737 3528 792 refe-

1951 827 2140 890 rebat,
2173 827 2264 895 qui
2320 842 2428 879 non
2466 827 2655 896 paucis
2688 829 2862 882 sacris
2918 827 3168 896 reliquiis
3226 828 3528 884 Ecclesiam

1951 920 2187 974 ornavit.
2212 919 2482 974 lnfossuin
2513 929 2628 973 erat
2654 935 2855 989 corpus
2878 921 2934 974 in
2971 921 3143 975 fundo
3192 923 3332 977 sacri
3386 923 3532 976 illius

1957 1015 2169 1084 templi.
2198 1013 2332 1068 Erat
2369 1016 2611 1070 tenebris
2643 1015 2950 1070 involutum
2985 1032 3052 1070 ex
3085 1018 3248 1087 longo
3285 1027 3531 1087 tempore

1957 1107 2279 1174 neminique
2312 1115 2499 1160 notum
2533 1122 2708 1176 usque
2737 1109 2804 1162 ad
2837 1110 3190 1176 praesentium
3225 1120 3528 1179 temporum

1955 1206 2197 1251 aetatem.
2257 1196 2455 1252 Nescio
2480 1207 2662 1251 autem
2706 1199 2986 1267 quomodo
3018 1201 3087 1253 ad
3115 1201 3292 1255 lucem
3325 1211 3536 1270 protra-

1956 1300 2102 1344 ctum
2136 1289 2243 1352 sit,
2281 1300 2466 1344 utrum
2505 1291 2858 1360 instigatione
2893 1291 3077 1361 aliqua
3115 1291 3300 1345 divina
3333 1309 3402 1346 an
3461 1306 3526 1344 cx

1958 1383 2290 1434 necessitate
2324 1379 2398 1434 ibi
2430 1379 2675 1433 fodiendi
2702 1420 2714 1440 ,
2747 1395 2813 1433 an
2849 1381 3037 1435 nescio
3068 1396 3178 1450 quo
3210 1380 3317 1434 alio
3350 1382 3531 1436 modo.

1961 1467 2082 1523 Non
2120 1469 2266 1521 enim
2304 1469 2436 1523 mihi
2468 1471 2740 1538 contigit,
2780 1482 2838 1522 ut
2870 1471 3008 1522 meis
3045 1469 3220 1538 ipsius
3251 1471 3425 1524 oculis
3459 1472 3536 1522 lo-

1958 1575 2082 1612 cum
2123 1559 2540 1627 perlustrarcm,
2565 1558 2956 1627 persecutione
2989 1574 3112 1626 quae
3150 1567 3261 1610 tum
3289 1558 3452 1614 ﬁebat
3481 1569 3537 1614 et

1959 1652 2218 1706 Ecclesia:
2251 1661 2578 1720 tempestate
2613 1652 2703 1705 illa
2733 1667 2883 1705 meas
2917 1651 3210 1706 claudente
3241 1659 3427 1720 portas
3462 1651 3536 1704 ita

1962 1752 2021 1796 ut
2062 1759 2130 1796 ne
2163 1743 2220 1796 in
2252 1742 2419 1798 breve
2449 1737 2610 1814 245
2642 1743 2866 1814 quidem
2918 1751 3136 1811 tempus
3175 1744 3352 1797 libera
3403 1743 3535 1798 lice-

1963 1844 2050 1889 ret
2078 1835 2155 1888 uti
2187 1835 2329 1890 aeris
2361 1837 2748 1906 respiratione.
2783 1835 2972 1889 Fando
3009 1844 3188 1890 tamen
3221 1837 3386 1906 paulo
3415 1847 3537 1906 post

285 1917 446 1983 πνοῆς
501 1917 868 1986 ἀκραιφνοῦς.
914 1899 1080 1992 Ἀκοῇ
1136 1925 1182 1976 δ’
1221 1899 1370 1996 δμως
1420 1899 1858 1999 όλίγιξῦστερον

1975 1942 2090 1981 cum
2128 1941 2241 1980 rem
2278 1926 2860 1997 accepissemaccidit
2898 1934 2958 1980 ut
2988 1941 3132 1979 unus
3161 1936 3219 1980 et
3251 1927 3403 1980 solus
3435 1941 3537 1996 ego

287 2008 649 2078 παρειληφότι
701 2011 796 2064 ἕνα
851 2015 948 2067 καὶ
981 2016 1146 2068 αὐτὸν
1195 2011 1335 2070 εἶναι
1393 2036 1461 2088 με
1494 2022 1602 2073 τῶν
1634 2022 1859 2076 εἰδότων

286 2099 680 2166 συμπέπτωκε,
737 2103 1076 2170 παμπόλλων
1109 2105 1212 2177 ἤδη
1263 2108 1322 2159 τὸ
1372 2113 1605 2180 πρᾶγμα
1638 2113 1734 2164 καὶ
1767 2113 1862 2182 δη-

289 2190 443 2262 μοσίᾳ
486 2191 888 2262 θρυλλούντων.
939 2199 1030 2250 Διὸ
1061 2199 1169 2251 τῶν
1225 2202 1378 2253 οὐδὲν
1421 2203 1635 2273 οὐδαμῆ
1666 2223 1729 2274 γε
1757 2207 1867 2259 ἀπ-

286 2283 503 2335 εικότων
571 2284 780 2350 ἔδοξεν,
826 2288 950 2342 οὐδὲ
1001 2289 1097 2342 τοῦ
1146 2293 1344 2361 καιροῦ
1403 2297 1496 2347 καὶ
1534 2296 1633 2365 τῆς
1671 2297 1861 2366 χρείας

287 2377 356 2439 ὼς
387 2380 756 2450 πορρωτάτω,
789 2386 856 2454 τῇ
892 2385 1105 2454 ἱστορίᾳ
1139 2386 1236 2438 καὶ
1257 2386 1418 2440 τοῦτό
1464 2405 1556 2459 μοι
1590 2406 1864 2458 συνυφαν-

288 2467 461 2538 θῆναι,
498 2471 731 2544 ἔλεγχον
758 2476 862 2545 μὲν
902 2479 1098 2548 κομιδῇ
1132 2481 1388 2550 προφανῆ
1416 2480 1643 2551 κομίζον
1674 2483 1861 2537 θεόθεν

289 2562 421 2614 κατὰ
450 2563 546 2634 τῆς
576 2565 691 2618 τῶν
713 2565 960 2624 διωκτῶν
988 2571 1271 2634 ἀπονοίας,
1323 2576 1640 2627 παντάπασι
1658 2574 1703 2627 δ’
1735 2575 1864 2628 ἀκί-

287 2649 472 2722 ϐδηλον
537 2656 602 2709 τὸ
653 2658 762 2712 τῶν
812 2660 1161 2732 διωκομένων
1215 2665 1374 2735 ἡμῶν
1424 2667 1726 2736 ἀποφαῖνον
1764 2668 1859 2721 σύ-

294 2762 483 2816 στημα.
1872 2817 1880 2824 _

356 2834 451 2895 li".
483 2842 728 2914 Φιλοθέῳ
749 2847 859 2916 γὰρ
889 2847 966 2916 τῷ
987 2849 1242 2922 Κοκκίνῳ
1264 2853 1567 2922 τηνικαῦτα
1595 2872 1864 2926 πατριαρο

297 2932 497 3001 χεύοντι
527 2935 735 3001 ἔδοξεν,
767 2939 957 3012 ὥσπερ
984 2941 1214 3010 ἕρμαιον
1235 2943 1328 2996 τὸν
1351 2946 1543 3014 καιρὸν
1563 2947 1862 3016 ἡρπακότι,

296 3028 712 3097 μηχανήσασθαί
740 3048 792 3082 τι
822 3032 960 3101 πρὸς
985 3033 1244 3089 σύστασιν
1261 3035 1364 3106 τῆς
1392 3038 1660 3108 σφετέρας
1686 3040 1864 3092 αὐτῶν

299 3115 615 3191 Παλαμικῆς
674 3121 990 3188 Μλυθεῖας.
1035 3123 1282 3197 Πλήθους
1343 3126 1438 3182 οῦν
1499 3129 1864 3201 ἠθροισμένου

1961 2035 2029 2074 ex
2071 2018 2136 2072 iis
2167 2035 2380 2082 essem,
2412 2020 2506 2086 qui
2538 2019 2670 2088 quid
2705 2019 2905 2074 factum
2939 2026 3087 2072 esset
3123 2027 3376 2072 tenerent
3411 2034 3538 2088 pcr-

1962 2110 2154 2164 niultis
2198 2110 2314 2174 jam
2367 2125 2483 2162 rem
2543 2110 2765 2178 publice
2821 2109 3541 2178 divulg:uitibus.Quapro-
3583 2105 3592 2114 ’

1965 2207 2089 2272 pter
2138 2204 2334 2256 harum
2388 2218 2574 2257 rerum
2627 2212 2688 2256 ut
2739 2201 3187 2270 improbabilium
3236 2201 3373 2254 nihil
3430 2202 3540 2255 ullo

1965 2295 2129 2349 modo
2158 2295 2370 2365 placuit
2396 2313 2409 2361 ;
2441 2310 2624 2365 neque
2653 2296 2834 2349 visum
2870 2305 2956 2348 est
2981 2311 3010 2348 a
3041 2294 3301 2362 temporis
3329 2293 3540 2347 ratione

1963 2398 2020 2443 et
2080 2388 2414 2442 necessitate
2447 2388 2688 2442 alienum
2742 2403 2861 2442 esse
2919 2387 2989 2441 ab
3040 2386 3270 2440 historia
3316 2384 3370 2440 id
3419 2400 3542 2455 per-

1963 2482 2210 2538 scribere
2252 2482 2400 2552 quod
2450 2489 2504 2535 et
2538 2482 2926 2535 documentum
2965 2479 3236 2534 divinitus
3268 2477 3539 2548 praeberet

1965 2573 2474 2627 manifestissimum
2512 2571 2784 2625 vecordia:
2816 2581 3230 2640 persecutorum
3264 2577 3322 2625 et
3353 2569 3538 2624 since-

1967 2679 2084 2718 ram
2120 2663 2348 2718 omnino
2392 2672 2708 2718 nostrarum
2759 2664 3205 2732 persecutionum
3235 2659 3544 2715 enarratio-

1966 2771 2090 2812 nem
2125 2757 2439 2812 exhiberet.

2035 2842 2178 2903 XIII.
2218 2849 2539 2904 Philotbeus
2583 2849 2733 2903 enim
2763 2845 3060 2908 Coccinus,
3095 2853 3228 2898 tunc
3278 2844 3545 2912 temporis

1967 2942 2277 3012 patriarcha
2347 2952 2608 3012 tanquam
2690 2941 2940 2995 idoneam
2991 2938 3220 3007 adeptus
3257 2922 3545 3006 lopport-ti-

1967 3035 2219 3099 nitatem,
2249 3050 2468 3104 operam
2489 3034 2710 3088 navavit
2737 3033 2804 3087 ad
2825 3031 3265 3088 constituendam
3293 3045 3546 3083 commu-

1969 3142 2094 3182 nem
2129 3127 2504 3182 Palamiticum
2545 3123 3548 3198 polytheismum.Multitudineigitur

297 3212 610 3280 παμπόλλου
643 3215 754 3269 τῶν
781 3217 840 3268 ὲν
865 3218 1091 3288 ἀγοραῖς
1121 3221 1214 3272 καὶ
1241 3212 1480 3290 τριόδοις
1504 3223 1866 3293 κιλινδουμέ-

1977 3235 2169 3288 magna
2199 3230 2527 3288 congregata
2553 3235 2746 3272 eorum
2776 3218 2870 3288 qui
2906 3220 2959 3271 in
2990 3219 3111 3272 foro
3138 3226 3194 3272 et
3225 3217 3404 3270 triviis
3427 3231 3547 3269 Ver-

300 3317 416 3367 νων,
470 3306 604 3370 στὰς
667 3307 755 3377 ἐφ’
817 3309 1048 3381 ὑψηλοῦ,
1116 3331 1132 3362 ι
1178 3312 1373 3383 Χρεὼν
1408 3315 1578 3384 ὑμᾶς,
1619 3334 1639 3367 ›
1677 3319 1865 3386 φησὶν,

305 3415 324 3448 ι
357 3392 400 3451 ὦ
443 3401 645 3472 ἄνδρες
677 3417 738 3454 τε
768 3403 863 3456 καὶ
901 3407 1159 3471 γυναῖκες
1193 3409 1287 3458 καὶ
1338 3407 1508 3461 τέκνα
1564 3409 1759 3479 νήπια,
1794 3411 1871 3482 μὴ

301 3489 441 3556 θείας
484 3493 617 3548 ἄνευ
672 3495 931 3565 προνοίας
979 3498 1188 3552 οἴεσθαι
1243 3499 1342 3568 τὴν
1373 3501 1466 3553 τοῦ
1520 3499 1664 3555 θείου
1718 3502 1873 3556 τοῦδε

303 3583 545 3656 λειψάνου
574 3590 695 3651 τοῖς
722 3589 984 3643 ἐνεστῶτι
1009 3591 1262 3660 γενέσθαι
1292 3596 1508 3665 καιροῖς
1548 3596 1871 3665 ἐμφάνειαν,

300 3681 405 3731 ἀλλ’
431 3681 518 3734 ίνα
565 3683 633 3735 τὺ
663 3682 939 3743 πλείστοις
989 3684 1080 3738 διὰ
1114 3685 1215 3756 τὴν
1263 3685 1374 3740 τῶν
1425 3685 1720 3741 ἀντιθέτων
1755 3686 1874 3758 εριν

305 3773 789 3846 ἀμφισϐητήσιμον
849 3776 1094 3846 ιμφανὲς
1143 3779 1235 3832 καὶ
1269 3780 1436 3847 σαφὲς
1478 3783 1750 3850 καταστῇ,
1781 3782 1878 3833 καὶ

304 3866 571 3935 γνώριμον
621 3869 854 3940 γένηται
900 3871 1036 3922 πᾶσι
1082 3869 1200 3932 πῶς
1255 3871 1356 3940 μὲν
1390 3871 1452 3923 τὺ
1495 3871 1698 3935 πολλάς
1720 3888 1878 3934 τινας

307 3958 474 4013 σέϐειν
510 3961 668 4030 ἡμᾶς
716 3961 995 4032 ἐνεργείας
1024 3963 1313 4025 ἀκτίστους
1359 3963 1454 4015 καὶ
1474 3964 1782 4027 ἀνουσίους,
1813 3963 1878 4026 ἃς

308 4052 398 4103 καὶ
425 4051 692 4122 θεότητας
728 4055 1252 4124 ἄνουσιοΰφειμένας
1281 4055 1382 4126 τῆς
1422 4053 1572 4117 θείας
1605 4054 1880 4122 καλοῦμεν

309 4141 488 4206 οὐσίας
519 4145 616 4198 καὶ
659 4135 986 4214 διαφόρους⁴
1007 4145 1177 4217 αὐτῆς
1216 4160 1277 4198 τε
1325 4147 1422 4200 καὶ
1456 4145 1725 4217 ἀλλήλων,
1754 4148 1879 4201 ἀκί-

311 4233 493 4305 ϐδηλόν
530 4236 593 4288 τέ
611 4238 733 4290 ἐστι
758 4235 854 4289 καὶ
876 4235 1118 4301 εὐσεϐὲς,
1150 4238 1184 4308 ἡ
1217 4235 1276 4288 δὲ
1302 4237 1731 4306 τῶνξάντιθέτων
1759 4237 1883 4291 καθ’

313 4327 460 4397 ήμῶν
510 4329 756 4398 λοιδορία
811 4331 1040 4399 μάταιος
1091 4331 1187 4383 καὶ
1234 4331 1685 4401 κατεγνωσμένη.
1725 4331 1881 4383 Ἔστι

319 4423 409 4491 μὲν
437 4420 529 4477 οῦν
557 4422 856 4478 κάντεῦθεν
901 4423 1002 4476 οὐκ
1049 4422 1248 4493 ἄδηλον
1285 4424 1348 4475 τὸ
1381 4425 1482 4494 τῆς
1513 4423 1662 4486 θείας
1699 4423 1884 4493 ψήφου

319 4517 404 4567 καὶ
435 4517 532 4585 τῆς
561 4515 744 4570 αὐτῶν
777 4515 1079 4585 καταδίκης
1103 4529 1118 4546 ⁸
1162 4515 1315 4568 αὐτοὶ
1351 4517 1450 4582 μὲν
1480 4515 1590 4586 γὰρ
1617 4518 1674 4567 ὲν
1705 4533 1886 4584 παρα-

321 4609 490 4680 ϐύστῳ
526 4612 621 4664 καὶ
651 4609 880 4678 γωνίαις
913 4609 1240 4682 ὲρῤιμμένοι
1283 4609 1464 4679 πάσης
1496 4609 1647 4673 ἄξιον
1675 4608 1887 4679 ὕϐρεως

191 4693 231 4785 ’1
322 4703 532 4765 ἀνύουσι
568 4700 756 4776 Π.125
781 4699 858 4774 υ.]
888 4699 1005 4772 βίον
1041 4703 1136 4755 καὶ
1173 4701 1294 4755 λίαν
1325 4701 1722 4772 ὴχρειωμένον,
1755 4702 1888 4771 ἡμῖν

323 4795 375 4848 δὲ
400 4799 712 4870 παρρησίαν
733 4798 950 4851 δίδωσιν
977 4799 1006 4850 ὁ
1028 4796 1183 4859 Θεὸς,
1219 4794 1318 4848 καὶ⁹
1347 4793 1801 4864 σεμνύνεσθαιτά
1830 4811 1888 4846 τε

325 4888 472 4956 ἄλλα,
501 4892 598 4944 καὶ
631 4890 868 4960 μάλιστα
887 4892 953 4960 τῇ
990 4887 1081 4941 τοῦ
1112 4887 1378 4959 παρόντος
1398 4887 1487 4940 διὰ
1515 4885 1745 4955 μακρῶν
1785 4884 1887 4955 ἤδη

327 4980 428 5033 τῶν
473 4983 742 5054 χρονικῶν
799 4983 1064 5052 περιόδων
1097 4981 1310 5052 εὑρέσει
1365 4979 1509 5033 θείου
1549 4979 1825 5048 λειῲόινου.
1866 4997 1883 5029 ι

327 5067 500 5122 Ταῦτα
528 5069 592 5139 δὴ
619 5072 714 5121 καὶ
761 5071 928 5120 πλείω
977 5071 1046 5121 τὰ
1072 5069 1439 5137 παραπλήσια
1477 5064 1890 5134 διεξελη).υ¹;ὼς,

329 5161 568 5215 ἐκέλευσε
592 5165 714 5225 ταῖς
741 5161 1108 5233 μοναζούσαις
1133 5161 1331 5227 ὀλίγων
1365 5158 1515 5221 ἐντὸς
1562 5156 1788 5227 ἡμερῶν
1823 5158 1890 5226 τῇ

330 5250 402 5321 τῷ
428 5254 565 5323 ἁγίῳ
599 5255 791 5325 ἐκείνῳ
815 5252 1057 5322 λειψάνῳ
1097 5251 1444 5322 ἁρμοττούσῃ
1487 5251 1718 5304 ἐνθεῖναι
1747 5251 1898 5322 θήκη

334 5347 466 5398 κατὰ
498 5349 587 5401 τὸν
613 5349 672 5400 ὲν
702 5351 813 5410 τοῖς
847 5347 947 5415 τῆς
984 5348 1151 5415 μονῆς
1201 5343 1565 5413 προπυλαίοις
1621 5359 1896 5413 προπαρεε

334 5439 698 5506 σκευασμένον
749 5439 1016 5498 οἰκίσκον,
1053 5439 1290 5492 κᾶπειτα
1324 5438 1451 5508 ἑξῆς
1478 5437 1764 5506 ἑτοιμάσαι
1803 5437 1897 5487 καὶ

331 5527 426 5583 ὅσα
459 5532 590 5601 πρὸς
623 5533 970 5604 ἀπαρτισμὸν
1011 5530 1369 5600 ὲνθρονισμοῦ
1403 5531 1665 5595 συντελεῖ,
1692 5531 1897 5600 βρώσι-

335 5617 408 5684 μά
433 5635 490 5671 τε
532 5621 668 5690 πρὸς
700 5620 909 5683 τούτοις
939 5623 1038 5673 καὶ
1069 5621 1278 5690 πόσιμα
1323 5622 1426 5672 ὅσα
1460 5623 1596 5689 πρὸς
1629 5617 1898 5688 ὑποδοχὴν

335 5706 546 5779 ἀρκέσει
590 5709 668 5780 τῷ
720 5731 776 5766 τε
825 5717 924 5783 τῆς
957 5714 1288 5784 Ἐκκλησίας
1333 5713 1536 5767 ἅπαντι
1565 5711 1751 5782 κλήρῳ
1804 5712 1900 5763 καὶ

337 5799 445 5854 ὅσοι
496 5801 607 5858 τῶν
642 5807 955 5860 ἐπισκόπων
983 5812 1079 5860 καὶ
1130 5806 1520 5877 πρεσϐυτέρων
1552 5805 1646 5856 καὶ
1690 5805 1897 5858 λαῖκῶν

342 5889 645 5951 ὶπείσακτοι
691 5895 932 5964 ἔσονται,
965 5898 1081 5965 ἅμα
1126 5897 1277 5965 αύτῷ
1321 5896 1419 5964 τὴν
1461 5893 1773 5964 ἱερουργίαν
1815 5911 1902 5948 τευ

1975 3319 2190 3376 santur,
2223 3321 2375 3364 stans
2407 3313 2462 3364 in
2495 3311 2616 3365 loco
2648 3311 2935 3379 superiore
2968 3328 2981 3362 :
3015 3327 3034 3361 ι
3064 3309 3300 3364 Necesse
3328 3316 3434 3370 est,
3469 3307 3550 3360 in-

1973 3401 2127 3468 quit,
2158 3416 2257 3455 vos
2285 3400 2388 3454 viri
2412 3443 2424 3462 ,
2461 3400 2739 3465 mulieres,
2776 3398 3040 3462 infantes,
3075 3411 3180 3450 non
3210 3395 3332 3451 sine
3363 3396 3552 3449 divina

1975 3491 2322 3561 providentia
2351 3490 2591 3546 credatis
2625 3491 2821 3545 factam
2851 3505 2974 3544 esse
3001 3476 3262 3558 pra~senti
3305 3499 3553 3556 tempore

1977 3586 2174 3638 harum
2222 3583 2539 3638 divinarum
2585 3583 2943 3652 reliquiarum
2994 3580 3425 3646 revelationem,
3455 3579 3554 3632 sed

1978 3687 2060 3742 ut,
2078 3679 2222 3747 quod
2241 3688 2471 3747 propter
2497 3676 2940 3730 adversariorum
2969 3673 3427 3743 disceptationem
3455 3671 3558 3724 du-

1980 3769 2132 3830 bium
2162 3778 2266 3830 est,
2300 3766 2654 3820 manifestum
2690 3765 2782 3818 fiat
2809 3773 2864 3818 et
2899 3765 3121 3832 planum
3145 3775 3310 3832 atque
3341 3763 3410 3815 ab
3441 3777 3559 3814 οιιιο

1981 3857 2149 3910 nibus
2200 3856 2541 3926 intelligatur
2592 3854 2756 3923 quale
2813 3853 2886 3907 sit
2938 3852 3071 3905 illud
3123 3853 3272 3920 quod
3321 3851 3558 3905 colimus

1983 3949 2187 4002 multas
2242 3947 2566 4001 eliii-ientias
2627 3945 2900 3998 increatas
2955 3958 3020 3997 ac
3085 3944 3414 3997 substantia:
3467 3959 3562 3996 ex-

1982 4051 2194 4111 pertes,
2237 4055 2373 4109 quas
2435 4039 2542 4092 alio
2619 4041 2841 4091 nomine
2900 4036 3220 4090 divinitates
3294 4035 3558 4102 dicimus,

1986 4129 2149 4206 246
2177 4133 2374 4187 divinae
2400 4132 2722 4186 substantia:
2755 4127 3084 4182 summissas
3111 4136 3277 4196 atque
3310 4141 3404 4179 eas
3433 4128 3562 4196 qui-

1986 4229 2109 4280 dem
2161 4240 2283 4279 cum
2330 4223 2399 4277 ab
2445 4221 2560 4292 ipsa
2604 4224 2706 4274 hac
2742 4231 2857 4273 tum
2892 4219 3037 4272 inter
3069 4234 3127 4272 se
3155 4233 3279 4272 esse
3313 4217 3564 4273 diversas

1988 4319 2210 4374 veritati
2256 4325 2312 4372 et
2357 4315 2549 4386 pietati
2579 4323 3016 4369 consentaneum
3047 4319 3153 4366 est.
3186 4310 3564 4364 Adversario-

1990 4428 2114 4466 rum
2162 4419 2345 4464 autem
2395 4410 2450 4462 in
2485 4423 2586 4461 nos
2615 4407 2863 4475 conjecta
2896 4405 3149 4459 convicia
3180 4418 3320 4456 vana
3351 4413 3479 4457 sunt
3511 4415 3568 4457 et

1996 4502 2330 4558 damnanda.
2363 4501 2462 4554 Est
2491 4500 2656 4570 igitur
2685 4498 2816 4552 hinc
2846 4497 3011 4552 etiam
3045 4513 3156 4549 non
3188 4495 3424 4550 obscura
3456 4497 3572 4549 suf-

1924 4593 1964 4646 D
1995 4596 2226 4666 fragatio
2253 4596 2441 4650 divina
2472 4610 2526 4649 ei.
2559 4596 2780 4650 illorum
2815 4594 3206 4649 condemnatio
3238 4611 3252 4647 :
3288 4593 3390 4664 ipsi
3421 4594 3568 4647 etaim

1994 4688 2051 4742 in
2078 4687 2324 4742 occultos
2353 4689 2508 4742 locos
2533 4697 2589 4742 et
2619 4688 2852 4758 angulos
2894 4688 3093 4757 dejeeti
3144 4686 3298 4740 omni
3348 4667 3575 4754 dignam‘

1993 4780 2420 4850 exprobratione
2440 4781 2752 4852 transigunt
2770 4783 2932 4834 vitam
2953 4795 3016 4834 ac
3042 4795 3268 4849 prorsus
3297 4779 3572 4844 inutilem;

1995 4859 2162 4927 nobis
2209 4882 2393 4927 autem
2425 4874 2746 4927 facultatem
2799 4872 2952 4926 dedit
3005 4873 3149 4925 Deus
3203 4868 3595 4938 conceditque'

1999 4975 2058 5018 ut
2074 4980 2195 5018 cum
2211 4965 2278 5019 de
2291 4967 2507 5020 caneris
2527 4966 2692 5020 rebus
2714 4976 2824 5020 tum
2846 4965 2916 5018 de
2931 4967 3031 5016 hac
3045 4965 3284 5016 maxime
3303 4965 3578 5032 possimus

1997 5059 2611 5129 gloriari,praeseutium
2645 5073 2841 5127 nempe
2874 5055 3185 5109 divinarum
3211 5055 3573 5124 reliquiarum

1999 5160 2118 5220 post
2140 5151 2297 5220 longa
2318 5151 2427 5221 jam
2452 5160 2758 5219 temporum
2780 5149 3066 5203 intervalla
3085 5147 3423 5201 inventione.
3451 5145 3579 5200 Haec

1999 5243 2169 5313 igitur
2203 5245 2401 5311 hisque
2446 5245 2604 5312 plura
2648 5243 2851 5296 similia
2895 5241 3112 5294 locutus
3165 5240 3444 5295 solitarias
3491 5239 3572 5291 fe-
3649 5307 3653 5310 ν

2000 5335 2178 5387 minas
2200 5333 2364 5403 jussit
2394 5333 2538 5386 intra
2567 5348 2772 5401 paucos
2803 5331 2920 5385 dies
2947 5346 3132 5386 sacras
3159 5331 3282 5385 illas
3315 5330 3578 5398 reliquias

2001 5425 2055 5479 in
2077 5427 2400 5478 fabricatam
2424 5426 2490 5477 ad
2533 5425 2588 5478 id
2615 5425 2790 5492 ipsum
2823 5425 3016 5477 cistam
3051 5423 3337 5492 imponere
3367 5422 3422 5474 in
3449 5420 3582 5474 tedi-

2001 5519 2122 5573 cula
2183 5534 2300 5587 quae
2351 5518 2406 5572 in
2437 5517 2576 5570 atrio
2619 5516 2952 5571 monasterii
2984 5525 3130 5571 esset
3169 5521 3486 5578 exstructa,
3525 5523 3584 5566 et

2007 5620 2118 5664 tum
2163 5609 2428 5678 deinceps
2458 5609 2624 5662 etiam
2659 5621 2858 5673 parare
2886 5605 3156 5676 quidquid
3189 5603 3258 5658 ad
3293 5602 3584 5673 perlicien-

2004 5705 2130 5760 dam
2182 5703 2662 5774 iuaugurationcm
2711 5701 3052 5770 pertineret.
3083 5698 3269 5751 cibum
3322 5705 3585 5765 prieterea

2008 5814 2072 5852 ac
2106 5807 2293 5868 potum
2323 5796 2420 5866 qui
2454 5796 2520 5849 ad
2551 5793 2942 5864 excipiendum
2968 5789 3249 5845 sufﬁceret
3279 5791 3455 5844 totius
3493 5804 3586 5842 cc-

2019 5892 2200 5949 clesia:
2243 5890 2478 5958 clerum,
2524 5904 2587 5945 ac
2627 5889 3014 5956 episcoporum
3043 5880 3286 5950 denique
3339 5891 3395 5940 et
3454 5897 3583 5949 pro-
