4046 6290
467 347 571 407 εξςς
1655 371 2088 452 lucernam
2131 397 2522 468 G—REGOR/E

469 460 721 516 fanorum
757 467 852 534 qui
905 467 1046 524 forte
1081 473 1293 530 invitati
1327 481 1504 536 forent
1549 503 1672 542 cum
1723 492 1843 560 ipso
1887 513 2042 553 sacra

466 549 688 606 facturi.
735 553 804 608 Et
850 558 964 613 haec
1013 564 1235 631 quidem
1281 571 1353 622 ita
1399 572 1511 628 fere
1559 593 1868 639 cesserunt.
1917 587 2038 642 Mox

461 651 648 695 autem
700 644 752 699 in
785 649 989 720 vigiliis
1023 655 1130 709 diei
1189 661 1336 722 festi,
1368 681 1477 732 quo
1541 674 1827 736 oportebat
1881 694 2037 734 sacra

463 733 656 799 obire,
707 741 894 794 omnia
959 745 1222 802 solitariis
1298 754 1403 807 illis
1474 759 1599 815 inde
1668 780 1696 816 a
1766 771 2040 826 matutino

464 839 640 895 usque
665 830 732 883 ad
761 837 1137 903 vespertinum
1175 851 1391 912 tempus
1422 857 1868 926 occupatis,qua:
1898 877 2038 931 opus

459 927 620 971 erant
649 921 865 976 abunde
900 931 1348 1002 suppeditabant;
1400 921 1590 1000 sancto
1619 957 1802 1003 autem
1834 954 2034 1022 cuique

463 1006 708 1078 homini,
738 1017 1028 1088 sanctique
1055 1022 1218 1094 hujus
1249 1029 1359 1082 Deo
1389 1033 1550 1090 unico
1579 1054 1806 1106 prorsus
1834 1045 2038 1116 impro-

455 1099 697 1156 handum
723 1118 836 1159 erat
866 1125 929 1162 ac
962 1113 1189 1170 minime
1215 1119 1502 1179 ferendum
1536 1129 1630 1181 has
1656 1147 1745 1188 res
1777 1145 2034 1195 tractatas

449 1205 574 1246 esse
647 1199 903 1254 manibus
958 1205 1205 1260 virorum
1264 1211 1493 1270 deorum
1545 1219 1809 1280 falsorum
1893 1233 2032 1285 mul-

454 1282 746 1340 titudinem
805 1293 1106 1350 colentium
1157 1301 1322 1372 247
1371 1309 1578 1379 quique
1627 1315 1699 1367 ita
1751 1318 2030 1389 impietate

451 1371 712 1429 diuturna
762 1389 818 1432 ct
873 1382 974 1449 ipsi
1031 1387 1392 1450 vehementer
1441 1405 1733 1460 constricti
1789 1421 1844 1463 et
1889 1413 2030 1468 alios

448 1462 517 1515 ad
567 1479 685 1518 eam
723 1483 822 1524 suo
862 1479 1116 1545 exemplo
1157 1484 1513 1544 adducerent.
1554 1493 1819 1562 Quocirca
1859 1505 2023 1558 etiam

447 1565 612 1610 nocte
647 1557 739 1613 illa
771 1565 875 1616 sub
909 1570 1160 1625 auditum
1188 1577 1297 1646 jam
1328 1582 1594 1650 gallorum
1627 1603 1847 1647 cantum
1885 1596 2026 1651 fama

445 1647 697 1714 qutedam
726 1654 866 1709 clam
898 1674 996 1726 per
1024 1664 1215 1719 urbem
1248 1674 1510 1742 serpebat
1546 1682 1749 1735 mtenia
1782 1683 1834 1737 in
1853 1695 2025 1742 trassc

447 1737 814 1811 Palaaologum
881 1751 1272 1821 imperatorem
1331 1782 1427 1833 per
1509 1775 1814 1832 maritimas
1861 1796 2024 1834 nava-

444 1829 582 1885 lium
613 1847 802 1903 portas
834 1842 899 1895 ad
933 1847 1206 1904 orientem
1239 1867 1582 1928 spectantes,
1613 1869 1893 1924 celeribus
1927 1889 2020 1926 na-

445 1922 604 1980 vibus
633 1932 971 1989 uniremibus
997 1950 1050 1992 et
1079 1942 1396 2004 biremibus
1421 1967 1482 2006 ex
1509 1954 1733 2012 Tenedo
1755 1975 1809 2014 et
1837 1964 2018 2020 Imbro

444 2027 507 2065 ac
545 2017 756 2073 triremi
803 2026 926 2078 navi
971 2045 1074 2083 una
1123 2033 1342 2094 duabus
1388 2045 1641 2100 noctibus
1688 2051 2016 2122 duobusque

441 2104 640 2162 diebus
679 2121 804 2167 ante
837 2131 903 2170 cx
939 2118 1166 2194 Tenedo
1203 2132 1556 2200 navigatione
1595 2138 1866 2196 instituta.
1907 2144 2014 2198 Tu-

441 2198 650 2256 multus
679 2201 847 2271 igitur
883 2221 1171 2280 propterea
1204 2198 1424 2278 tenebat
1453 2225 1782 2296 Byzantinos
1817 2235 2015 2304 gaudio

2080 507 2118 564 Α
2147 506 2413 578 λέσοντες.
2439 519 2550 570 Καὶ
2577 523 2750 577 ταῦτα
2785 527 2886 596 μὲν
2923 532 3047 602 τῇδέ
3089 553 3164 606 πη
3207 539 3523 611 κεχώρηκεν
3549 545 3724 622 θ’ἄρτι

2149 600 2197 622 ιιι
2261 604 2282 614 -
2363 611 2376 622 -
2447 609 2457 622 -
2590 616 2602 622 -
2730 619 2741 622 -
2998 621 3008 622 ί

2965 600 2984 602 εγ
3155 600 3164 606 ν
3272 600 3302 610 η
3355 600 3365 611 Ι
3413 600 3420 610 I
3601 600 3662 622 "I—
3681 600 3693 602 _
3709 600 3722 606 ⁷

2144 600 2200 652 δὲ
2225 604 2324 672 τῆς
2355 609 2562 678 ἡμέρας
2585 616 2854 688 ἐνστάσης
2885 624 2962 678 ὲνλ
3061 628 3159 696 τὴν
3187 631 3484 702 ὑστεραίαν
3509 639 3616 692 ἔδει
3649 645 3722 697 τὰ

2142 695 2241 764 τῆς
2277 699 2589 770 ἱερουργίας
2617 710 2910 777 τελεῖσθαι,
2957 695 3137 774 τέὰντά
3173 726 3274 790 μὲν
3302 695 3370 796 ἦν
3397 733 3520 794 ταῖς
3547 751 3719 803 μονα-

3173 783 3185 790 .
3323 783 3336 796 ι
3501 783 3515 794 ν
3547 783 3613 803 r"
3632 783 3689 788 "‘

2141 783 2365 851 ζούσαις
2397 791 2630 858 ἐκείναις
2662 799 2830 854 ἕωθεν
2878 809 2935 869 ἐς
2965 810 3204 882 ἑσπέραν
3239 819 3531 884 πονούσαις
3565 826 3717 878 ἀνεν-

2140 877 2236 932 δεᾶ
2269 883 2334 932 τὰ
2387 885 2485 952 τῆς
2521 892 2732 958 χρείας,
2769 896 2848 966 τῷ
2867 897 2924 951 δὲ
2957 877 3113 972 ἁγίῳ-
3151 908 3247 958 καὶ
3279 911 3360 978 τῷ
3411 877 3527 966 τοῦ-
3555 917 3714 984 ἁγίου

2144 971 2292 1041 μόνῳ
2343 975 2460 1043 Θεῷ
2515 985 2867 1042 παντάπασιν
2915 993 3232 1050 ἀνένδεκτόν
3277 1005 3462 1056 τεκαὶ
3507 1007 3710 1076 ἥκιστα

2139 1062 2364 1117 ἀνεκτὸν
2426 1069 2517 1121 ὑπ’
2567 1074 2780 1144 ἀνδρῶν
2841 1082 3120 1137 πολυθέων
3160 1090 3256 1142 καὶ
3323 1090 3466 1146 οὕτω
3511 1097 3710 1150 δυσσε-

2137 1152 2256 1222 ﬁsi;
2308 1163 2496 1230 μακρᾷ
2548 1165 2728 1220 αὐτῶν
2778 1187 2836 1222 τε
2889 1179 3166 1242 κραταιῶς
3211 1182 3486 1251 ἐχομένων
3514 1189 3608 1240 καὶ
3657 1191 3712 1240 ἑ-

2134 1253 2310 1316 τέροις
2350 1253 2542 1306 αίτίων
2599 1261 2685 1310 ἀεὶ
2743 1265 3044 1333 γινομένων
3081 1273 3182 1339 τὴν
3233 1273 3568 1344 αὐτουργίαν
3613 1297 3706 1331 πε-

2135 1342 2370 1412 πρᾶχθαι
2407 1349 2498 1400 τοῦ
2559 1357 2942 1424 προκειμένου.
2989 1362 3081 1415 Διὸ
3133 1368 3226 1420 καὶ
3281 1371 3380 1440 τῆς
3428 1375 3622 1435 νυκτὸς
3656 1377 3710 1427 ἐ-

2135 1436 2320 1504 κείνης
2378 1443 2500 1510 περὶ
2537 1445 2634 1508 τὰς
2671 1448 3048 1518 ἀλεκτρυόνων
3090 1458 3189 1526 ἥδη
3219 1436 3517 1533 γενομένης
3537 1465 3702 1534 ᾠδὰς.

2137 1527 2291 1596 φήμη
2321 1547 2402 1592 τις
2424 1533 2599 1604 ἡσυχῆ
2637 1543 2880 1608 περιέθει
2929 1547 3027 1614 τὴν
3073 1527 3250 1613 nam,
3303 1527 3452 1606 ἔνδον
3509 1560 3708 1626 τειχῶν

2135 1611 2475 1678 τὸνβασιλέα
2531 1623 2892 1697 Παλαιολόγον
2943 1611 3404 1710 είσκεχωρηκέναι
3457 1643 3548 1698 διὰ
3595 1611 3706 1700 Ζτῶν

2133 1702 2436 1762 θαλαττίων
2467 1713 2557 1765 τοῦ
2595 1719 2826 1790 νεωρίου
2858 1724 3043 1777 πυλῶν
3070 1728 3178 1780 τῶν
3221 1733 3362 1800 πρὸς
3405 1734 3480 1787 ἕω
3529 1753 3700 1807 ταχυ-

2059 1824 2097 1878 B
2130 1799 2455 1866 ναυτούσαις
2511 1811 2770 1880 μονήρεσι
2818 1816 2908 1867 καὶ
2957 1818 3198 1888 διῆρεσιν
3237 1825 3300 1875 ἐκ
3337 1827 3562 1879 Τενέδου
3609 1833 3700 1882 καὶ

2132 1887 2359 1958 Ἴμϐρου
2399 1899 2491 1950 καὶ
2521 1904 2739 1972 τριήρει
2777 1909 2898 1977 μιᾷ,
2931 1887 3077 1964 δυοῖν
3097 1913 3464 1986 νυχθημέροιν
3499 1921 3700 1990 πρότε-

2126 1998 2221 2050 ρον
2253 1986 2316 2036 ἐκ
2354 1989 2577 2044 Τενέδου
2621 1997 2713 2048 τὸν
2747 1997 2980 2053 ἔκπλουν
3030 2007 3392 2072 πεποιηκότα.
3457 2011 3698 2082 Θόρυῦος

2121 2073 2215 2128 οῦν
2243 2077 2329 2130 διὰ
2367 2083 2525 2136 τοῦτο
2559 2089 2790 2158 κατέσχε
2821 2093 2946 2156 τοὺς
2996 2095 3328 2159 Βυζαντίους
3383 2102 3546 2173 ἡδονῇ
3601 2109 3695 2160 καὶ

2121 2165 2267 2238 λύπῃ
2303 2170 2637 2242 σύμμικτος,
2667 2179 2761 2230 καὶ
2785 2181 2885 2234 ὅσα
2941 2185 2997 2236 ὲν
3021 2189 3132 2247 τοῖς
3159 2188 3423 2252 τοιούτοις
3457 2192 3692 2258 συμϐαί-

2118 2272 2228 2309 νειν
2262 2259 2442 2322 εῐωθε,
2475 2264 2584 2318 τῶν
2617 2267 2717 2334 μὲν
2756 2269 2846 2322 διὰ
2887 2271 3052 2338 φόϐον
3085 2276 3328 2346 ἀσχέτως
3359 2281 3684 2348 φευγόντων,

437 2297 493 2342 ct
513 2305 750 2350 mmrore
770 2299 1047 2365 mis'.us,et
1065 2309 1332 2380 quidquid
1359 2317 1409 2368 in
1441 2321 1642 2376 talibus
1661 2325 1908 2380 accidere
1926 2343 2013 2382 so-

435 2379 532 2444 let,
551 2381 673 2437 aliis
697 2386 766 2440 ob
790 2401 994 2445 metum
1014 2410 1226 2452 summa
1254 2405 1619 2472 trepidatione
1654 2412 2009 2482 fugientibus,

440 2471 566 2526 aliis
597 2475 737 2530 lucri
775 2495 938 2536 causa
971 2488 1332 2547 vehementer
1365 2507 1846 2570 persequentibus.
1879 2509 2008 2564 0m-

439 2565 594 2617 nium
633 2583 766 2624 vero
797 2575 1032 2631 maxime
1065 2593 1246 2638 metus
1277 2590 1499 2644 tenebat
1529 2594 1881 2652 Philotheum
1917 2617 2009 2668 pa-

435 2655 755 2722 triarcham,
793 2679 902 2720 non
964 2684 1096 2726 sane
1155 2677 1454 2734 mediocris
1509 2699 1801 2756 propterea
1855 2695 2004 2761 quod

431 2751 641 2804 factum
701 2754 836 2810 illud
897 2776 1000 2815 nec
1056 2765 1280 2834 opinato
1315 2783 1370 2824 ct
1423 2789 1650 2844 repente
1705 2783 2002 2838 acciderat.

433 2840 654 2898 Etenim
699 2849 798 2917 qui
839 2849 958 2905 heri
996 2869 1054 2908 se
1090 2859 1334 2927 jactabat
1369 2881 1697 2925 consecrare
1735 2876 1998 2944 templum

425 2934 491 2987 ad
527 2935 844 2995 firmandam
865 2944 1236 3003 Palamiticam
1261 2954 1518 3022 Ineresin,
1540 2959 1880 3034 irreligiosus
1904 2969 2003 3021 ho—

423 3025 511 3079 die
559 3029 712 3086 visus
759 3043 843 3088 est
889 3049 944 3090 et
993 3041 1481 3103 vehementissime
1517 3055 1764 3120 profecto
1799 3059 1911 3114 Deo
1944 3072 2000 3115 et

422 3124 732 3178 sacerdotio
790 3126 1068 3198 indignus.
1106 3135 1286 3200 Quare
1348 3143 1605 3209 quoniam
1671 3165 1780 3204 non
1846 3155 1997 3225 cogi-

425 3221 535 3264 tata
595 3209 756 3284 agere
812 3235 911 3275 nec
965 3227 1162 3280 rationi
1217 3237 1608 3291 convenientia
1664 3244 1993 3308 permittunt

426 3305 554 3358 talia
613 3317 891 3379 tempora,
955 3326 1010 3369 et
1065 3326 1372 3387 prmsertim
1420 3343 1544 3381 cum
1595 3332 1761 3387 etiam
1813 3337 1999 3392 divina

419 3397 672 3466 quamam
727 3401 958 3480 impellit
1010 3411 1187 3480 plaga,
1240 3418 1448 3472 exstitit
1502 3429 1557 3475 et
1603 3423 1692 3478 hic
1741 3427 1846 3482 lixa
1885 3440 1996 3484 sta-

419 3487 514 3542 tim
565 3491 901 3560 cogitatione
930 3509 984 3552 ct
1031 3505 1332 3560 arbitratus
1385 3509 1762 3581 insu3pectum
1816 3521 1980 3575 modo

415 3595 538 3634 esse
569 3597 693 3637 eum
724 3602 885 3656 quem
919 3589 974 3644 in
1007 3593 1129 3648 aliis
1162 3600 1464 3658 reconditis
1497 3607 1746 3674 partibus
1783 3611 1987 3667 divinae

417 3672 716 3743 Sapientia:
754 3681 1032 3750 appellant
1067 3687 1316 3756 furnum,
1357 3697 1449 3749 ubi
1490 3672 1656 3752 etiam
1699 3719 1807 3770 quo
1846 3703 1986 3758 divi-

414 3779 544 3819 num
578 3767 850 3828 adeuntes
881 3775 1152 3846 baptisma
1189 3785 1399 3840 condiri
1438 3799 1720 3860 unguento
1751 3810 1984 3852 consue-

413 3867 528 3912 tum
564 3869 668 3924 est,
696 3863 805 3934 igni
841 3883 1148 3944 praeparant
1183 3879 1634 3950 quinquennibus
1667 3889 1862 3956 Spatiis
1895 3891 1979 3944 vel

409 3952 577 4004 etiam
632 3954 887 4028 pluribus
942 3963 1174 4020 fortasse
1228 3981 1285 4025 et
1339 3975 1647 4031 minoribus
1701 3979 1978 4035 interdum

409 4037 574 4111 248
621 4047 924 4103 secundum
963 4055 1301 4112 voluntatem
1343 4071 1399 4116 et
1436 4063 1796 4135 indigentiam
1835 4070 1977 4124 alio-

405 4145 528 4185 rum
579 4135 686 4188 alio
737 4151 985 4209 tempore
1041 4149 1471 4208 constitutorum
1507 4159 1969 4224 patriarcharum.

2117 2347 2225 2398 τῶν
2262 2350 2315 2402 δὲ
2339 2352 2427 2405 διὰ
2455 2356 2643 2426 κέρδος
2674 2358 2945 2430 λαμπρῶς
2975 2365 3306 2424 διωκόντων.
3350 2371 3576 2426 Πάντων
3630 2376 3686 2426 δὲ

2119 2441 2351 2506 μάλιστα
2377 2445 2540 2508 φόϐος
2572 2449 2800 2520 κατέσχε
2829 2454 2916 2504 τὸν
2951 2459 3294 2528 πατριάρχην
3319 2463 3570 2516 Φιλόθεον
3623 2467 3684 2518 οὗ

2119 2531 2261 2584 πάνυ
2313 2539 2507 2606 μικρὸς
2556 2540 2643 2592 διὰ
2665 2541 2726 2593 τὸ
2755 2542 2898 2598 πάνυ
2924 2545 3019 2598 τοῦ
3048 2552 3459 2621 συμπτώματος
3513 2557 3684 2626 ἀπρό-

2109 2638 2274 2675 οπτον
2309 2628 2402 2678 καὶ
2437 2631 2735 2698 αἰφνίδιον·
2791 2635 2886 2686 καὶ
2915 2637 3022 2707 γὰρ
3050 2643 3076 2692 ό
3109 2641 3236 2710 χθὲς
3284 2645 3684 2718 βρενθυόμενος

2111 2712 2399 2782 καθιεροῦν
2431 2718 2522 2770 τὸν
2555 2721 2679 2772 ναὸν
2732 2725 2808 2784 είς
2849 2725 3140 2792 βεϐαίωσιν
3208 2731 3310 2800 τῆς
3348 2734 3676 2804 Παλαμικῆς

2107 2802 2370 2872 αἱρέσεως
2399 2808 2609 2878 ἁνίερος
2636 2813 2871 2884 τήμερον
2891 2815 3045 2884 ὤφθη
3085 2822 3178 2872 καὶ
3214 2823 3359 2891 μάλα
3393 2841 3446 2875 τι
3469 2802 3670 2896 σῲόδρα

2105 2891 2240 2946 Θεοῦ
2271 2898 2360 2948 καὶ
2408 2897 2707 2971 ἱερωσύνης
2737 2903 2975 2968 ἀνάξιος.
3022 2909 3189 2963 Ὅθεν
3231 2913 3352 2965 ἐπεὶ
3389 2915 3465 2984 μὴ
3516 2891 3676 2968 ⁷λελω-

2105 2987 2338 3055 γισμένοι
2366 2991 2626 3058 πράττειν
2660 2994 2794 3064 μηδὲ
2843 2999 3055 3052 συνέσει
3093 3007 3448 3072 προσήκοντα
3501 3011 3670 3076 παρέ-

2105 3093 2292 3144 χουσιν
2314 3077 2364 3128 οἱ
2396 3080 2630 3134 τοιοῦτοι
2667 3086 2870 3156 καιροὶ,
2909 3091 3004 3141 καὶ
3041 3092 3261 3157 μάλισθ’
3291 3096 3379 3147 ὅτε
3415 3098 3510 3150 καὶ
3547 3099 3670 3168 θεή-

2025 3164 2070 3226 C
2103 3169 2259 3232 λατός
2311 3190 2394 3235 τις
2453 3173 2668 3229 ἐλαύνοι
2726 3179 2938 3250 πληγὴ,
2999 3183 3192 3253 ἐξέστη
3228 3187 3322 3240 καὶ
3364 3181 3518 3252 οὗτος
3573 3191 3668 3242 τοῦ

2101 3261 2440 3326 καθεστῶτος
2496 3266 2660 3330 εὐθὺς
2721 3274 3092 3342 φρονήματος,
3153 3280 3246 3331 καὶ
3295 3279 3666 3352 ξιιννενοηκὼς

2093 3351 2409 3406 ἀνύποπτον
2439 3357 2597 3420 μόνον
2629 3355 2769 3413 εἶναι
2817 3364 2909 3415 τὸν
2961 3367 3053 3418 ἐπὶ
3115 3367 3320 3437 θάτερα
3374 3377 3668 3444 κρυπτῆριι

2096 3441 2234 3510 μέρη
2271 3445 2366 3512 τῆς
2398 3446 2489 3498 τοῦ
2520 3449 2652 3500 Θεοῦ
2687 3453 2879 3520 σοφίας
2917 3455 3210 3528 λεγόμενον
3239 3441 3497 3533 φοῦρνον,
3537 3441 3668 3534 ἔνθα

2091 3535 2186 3584 καὶ
2219 3528 2262 3600 ᾧ
2293 3536 2419 3598 τοὺς
2453 3537 2528 3607 τῷ
2563 3541 2690 3611 θείῳ
2741 3547 3067 3614 προσιόντας
3119 3528 3459 3624 βαπτίσματι
3517 3531 3662 3628 χρίε-

2095 3623 2218 3675 σθαι
2259 3626 2414 3696 μύρῳ
2445 3630 2782 3701 νενόμισται,
2828 3637 3054 3705 ἕψουσιν
3101 3644 3158 3694 ὲν
3214 3653 3661 3720 πενταετηρικαῖς

2093 3716 2363 3782 περιόδοις
2399 3719 2429 3790 ἢ
2470 3722 2563 3772 καὶ
2596 3723 2842 3780 πλείοσιν
2877 3729 3008 3794 ἴσως
3074 3736 3168 3786 καὶ
3220 3736 3442 3805 ἥττοσιν
3491 3741 3657 3794 ἐνίοτε

2095 3808 2236 3860 κατά
2269 3809 2367 3878 τὴν
2391 3811 2498 3865 τῶν
2520 3813 2699 3868 ἄλλοτ’
2741 3817 2916 3874 ἄλλων
2942 3821 3200 3895 βούλησιν
3231 3831 3324 3882 καὶ
3345 3831 3536 3896 χρείαν
3556 3849 3660 3886 παρ

2089 3900 2387 3966 τρισρχῶν,
2419 3902 2476 3954 ὲν
2511 3903 2688 3975 τούτῳ
2713 3909 2901 3976 φυγὼν
2927 3911 3230 3985 ὑπότρομος
3258 3917 3323 3988 If.
3341 3919 3442 3973 1‘26
3474 3921 3548 3994 εκ]
3569 3927 3662 3978 καὶ

2082 3990 2340 4060 περιδεὴς
2368 3993 2396 4044 ό
2423 3993 2553 4063 χθὲς
2582 3997 2817 4070 διωκτης
2848 4001 3055 4071 θρασὺς
3081 4009 3172 4060 ἐπὶ
3198 4009 3419 4074 πολλαῖς
3449 3990 3658 4084 ἐκρύπ-

2075 4093 2197 4130 τετο
2231 4081 2346 4142 ταῖς
2378 4083 2646 4154 ἡμέραις,
2682 4089 3056 4160 ὴχρειωμένος
3086 4099 3180 4149 καὶ
3245 4101 3390 4168 μάλα
3448 4081 3654 4173 ἀπαγο-

2079 4168 2250 4237 ρεύων
2283 4171 2346 4223 τὺ
2367 4171 2488 4244 ζῇν.

401 4223 508 4278 hoc
543 4237 786 4298 tempore
825 4236 1035 4306 fugiens
1071 4245 1466 4300 tremebundus
1521 4251 1616 4318 qui
1683 4252 1799 4304 heri
1841 4267 2156 4324 persecutm-
2215 4265 2518 4321 acerrimus
2549 4269 2745 4337 fuerat,
2777 4272 2827 4324 in
2867 4277 3068 4331 multos
3101 4279 3219 4336 dies
3251 4297 3374 4338 sese
3405 4285 3646 4343 abscon-

405 4319 563 4343 .l..l.-.
629 4324 830 4343 εμμιςιρ.
1043 4342 1048 4343 ,
1413 4342 1420 4343 κ
1449 4341 1456 4343 Α
1549 4342 1552 4343 ,

402 4319 590 4386 deba',
629 4324 900 4380 inutiliter
931 4342 1223 4388 conterens
1252 4347 1306 4390 et
1337 4341 1493 4394 valde
1527 4342 1838 4398 detrectans
1872 4347 2058 4406 vitam.

473 4411 616 4468 XIV.
660 4415 818 4472 Licet
875 4423 1041 4492 igitur
1077 4429 1460 4486 ratiocinando
1496 4437 1717 4491 studere
1750 4441 1966 4508 assequi
2005 4453 2047 4507 D

397 4505 676 4570 quomodo
713 4509 962 4578 vulgatas
1013 4515 1128 4569 heri
1169 4529 1223 4572 et
1279 4523 1682 4581 nudiustertius
1720 4533 1960 4599 superbo

395 4607 548 4649 more
563 4611 593 4648 a
616 4595 902 4655 Philotheo
919 4608 1283 4675 contrajustae
1303 4613 1427 4668 ﬁdei
1453 4617 1958 4690 hominesjactatio—

393 4695 494 4734 nes
524 4687 846 4742 etscurrilis
881 4689 1078 4760 lingua:
1117 4697 1338 4756 facetias
1392 4711 1706 4774 coarguerit
1745 4726 1852 4764 non
1891 4713 1963 4767 ita

2146 4443 2244 4498 lA'.
2284 4447 2535 4515 Ἔξεστιν
2558 4450 2652 4506 οὖν
2691 4457 3105 4528 συλλογίζεσθαι
3146 4465 3264 4528 πῶς
3303 4468 3372 4522 τὰ
3403 4471 3530 4540 χθὲς
3555 4475 3646 4527 καὶ

2075 4535 2266 4605 πρώην
2300 4540 2439 4606 μετά
2488 4543 2721 4612 σοϐαροῦ
2751 4547 2844 4599 τοῦ
2890 4550 3053 4620 ἤθους
3102 4535 3532 4624 δημοσιευθέντα
3565 4565 3640 4634 τῷ

2069 4628 2305 4698 Φιλοθέῳ
2352 4633 2827 4705 μεγαλαυχήματα
2862 4643 3003 4695 κατὰ
3055 4647 3164 4700 τῶν
3213 4628 3642 4718 ὀρθοδοξούντων

2069 4721 2163 4771 καὶ
2211 4721 2310 4784 τὰς
2362 4725 2460 4795 τῆς
2508 4724 2929 4797 βωμολοχούσης
2973 4733 3222 4806 γλώττης
3271 4742 3640 4810 εὐτραπελίας

390 4773 564 4826 multo
585 4786 708 4844 post
737 4777 880 4834 Deus
911 4782 1119 4850 justum
1153 4788 1205 4840 in
1235 4791 1500 4857 judicium
1530 4773 1733 4856 vocato
1768 4817 1834 4856 eo
1870 4807 1958 4874 qui

389 4865 736 4921 manifestam
777 4871 1032 4940 injuriam
1071 4877 1232 4932 nimis
1267 4881 1530 4952 jactabat,
1560 4892 1730 4959 magis
1770 4903 1955 4949 autem

386 4960 552 5011 etiam
603 4959 846 5028 jactabat
902 4975 1056 5031 tum,
1108 4972 1351 5039 jactahat
1401 4993 1531 5033 vero
1584 4985 1752 5037 etiam
1801 4989 1955 5054 prius

394 5065 557 5116 quam
584 5060 724 5117 tum,
749 5065 803 5109 et
831 5057 1002 5126 jactat
1040 5065 1390 5122 continenter
1419 5072 1522 5126 sibi
1561 5074 1662 5144 ipsi
1699 5090 1756 5132 et
1788 5093 1952 5149 quot-

385 5147 519 5202 quot
552 5141 697 5196 circa
733 5161 858 5199 eum
899 5161 952 5202 et.
994 5167 1119 5206 cum
1159 5171 1225 5208 eo
1263 5174 1550 5219 versantur
1588 5170 1820 5226 Palamze
1857 5191 1950 5228 sc-

383 5238 642 5286 ctatores.
719 5235 854 5300 Quis
917 5253 1098 5297 autem
1160 5263 1328 5303 sanus
1395 5271 1696 5323 prwsurnet
1755 5279 1948 5319 nume-

384 5337 506 5376 rare
539 5337 728 5394 aperta
765 5347 861 5398 pro
908 5335 976 5390 iis
1011 5354 1227 5399 semper
1277 5343 1418 5400 facta
1465 5349 1732 5407 divinitus
1781 5373 1942 5428 argu-

379 5420 684 5483 menta,ita
735 5433 793 5476 ut
842 5426 1110 5490 judicium
1163 5451 1399 5502 pronum
1433 5442 1496 5495 ad
1529 5449 1941 5506 conversionem

379 5506 547 5558 animi
583 5509 704 5564 sit?
732 5513 865 5578 Quis
916 5533 1024 5572 non
1067 5524 1298 5578 miretur
1331 5531 1524 5587 videns
1571 5543 1938 5592 constantiam

377 5609 486 5650 non
537 5599 858 5662 ﬂcctendam
907 5619 972 5665 ad
1011 5609 1442 5683 agnoscendum
1483 5643 1640 5681 suum
1672 5635 1940 5686 errorem?

373 5687 442 5742 Et
475 5689 588 5749 haec
617 5699 840 5765 quidem
875 5703 978 5759 hoc
1007 5707 1166 5761 modo
1196 5722 1344 5778 gesta
1374 5727 1526 5770 sunt.

2066 4810 2289 4879 ἤλεγξεν
2321 4817 2419 4868 οὐκ
2459 4819 2538 4880 εἰς
2567 4821 2790 4887 μακρὰν
2825 4823 3023 4887 ὀΘεὸς,
3057 4829 3271 4882 δικαίαν
3317 4835 3415 4902 τὴν
3458 4839 3638 4903 κρίσιν

2065 4902 2377 4969 ἐπενεγκὼν
2430 4909 2506 4976 τῷ
2541 4912 2814 4980 περιφανῆ
2865 4915 2961 4984 τὴν
3009 4918 3223 4972 ἀδικίαν
3279 4923 3358 4986 είς
3393 4927 3452 4976 τὸ
3507 4927 3638 4998 ὕψος

2063 4993 2371 5064 λαλήσαντι,
2411 5003 2613 5068 μᾶλλον
2643 5002 2698 5054 δὲ
2727 5003 3021 5075 λαλήσαντι
3051 5011 3152 5080 μὲν
3178 5015 3269 5066 καὶ
3297 5018 3437 5080 τότε,
3473 5019 3638 5091 λαλή-

2063 5104 2213 5140 σαντι
2274 5091 2329 5140 δὲ
2379 5096 2472 5145 καὶ
2515 5094 2781 5166 πρότερον
2830 5098 2860 5167 ἦ
2903 5101 3022 5153 τότε
3083 5107 3177 5156 καὶ
3227 5108 3630 5184 μεθύστερονῆ

2057 5183 2198 5247 τότε,
2245 5185 2340 5236 καὶ
2391 5187 2636 5243 λαλοῦντι
2684 5191 2952 5260 διηνεκῶς
2999 5197 3150 5266 αὐτῷ
3203 5205 3296 5252 καὶ
3343 5204 3454 5254 ὅσοι
3494 5207 3632 5276 ἀμφ’

2053 5275 2213 5325 αὐτὸν
2262 5277 2357 5328 καὶ
2409 5281 2504 5332 σὺν
2557 5280 2709 5352 αὐτῷ
2761 5284 3131 5355 Παλαμισταί.
3183 5289 3278 5354 Τίς
3326 5294 3370 5345 δ’
3417 5299 3520 5350 οὐκ
3566 5299 3628 5350 ἂν

2051 5367 2274 5418 ἀπείποι
2314 5369 2640 5441 βουλόμενος,
2669 5374 2930 5442 ἀριθμεῖν
2967 5382 3092 5442 τοὺς
3127 5388 3450 5451 περιφανεῖς
3507 5391 3627 5443 κατ’

2050 5456 2229 5506 αὐτῶν
2264 5460 2348 5509 ἀεὶ
2381 5465 2698 5529 γινομένους
2737 5466 2919 5518 θεόθεν
2951 5469 3203 5540 ἐλέγχους
3232 5473 3372 5527 ὥστε
3405 5479 3625 5532 σύνεσιν

2051 5549 2199 5614 σχεῖν
2253 5553 2333 5612 είς
2388 5555 2767 5627 ἑπιστροςήνε
2827 5559 2919 5622 Τίς
2969 5561 3015 5611 δ’
3054 5564 3152 5616 οὐκ
3205 5565 3271 5618 ἂν
3317 5569 3618 5644 ἐκπλαγείη

2051 5637 2261 5704 βὶέπων
2295 5643 2356 5693 τὸ
2388 5645 2638 5714 ἀκαμπὲς
2672 5649 2856 5710 att-asin;
2884 5652 2976 5702 καὶ
3021 5655 3418 5728 ἁνεπίστροφον
3456 5665 3536 5728 είς
3563 5665 3620 5717 τὸ

2046 5731 2143 5796 τὴν
2203 5735 2472 5803 σφετέραν
2525 5744 2764 5796 συνεῖναι
2805 5743 3075 5806 ’.πλάνηνς
3126 5747 3234 5800 Καὶ
3294 5752 3466 5810 ταῦτα
3521 5755 3620 5824 μὲν

2040 5821 2230 5874 τοῦτον
2260 5827 2378 5896 ἔσχε
2414 5831 2502 5882 τὸν
2528 5833 2746 5900 τρόπον.
