  <div class='ocr_page' id='page_1' title='image "/cluster/home/n/w/nwhite01/storage/ocr_20150623/149/mdp.39015078384750/116.png"; bbox 0 0 4046 6290; ppageno 0'>
   <div class='ocr_carea' id='block_1_1' title="bbox 208 422 1804 491">
    <p class='ocr_par' dir='ltr' id='par_1_1' title="bbox 208 422 1804 486">
     <span class='ocr_line' id='line_1_1' title="bbox 208 422 1804 486; baseline 0.003 -7"><span class='ocrx_word' id='word_1_1' title='bbox 208 422 291 482; x_wconf 65' lang='grc' dir='ltr'><strong>ΞΠ</strong></span> <span class='ocrx_word' id='word_1_2' title='bbox 1203 425 1650 483; x_wconf 63' lang='grc' dir='ltr'><strong>ΒΥΖᾹΝἹἹΝίΕ</strong></span> <span class='ocrx_word' id='word_1_3' title='bbox 1690 427 1804 486; x_wconf 82' lang='lat' dir='ltr'><strong>lllE</strong></span> 
     </span>
    </p>
   </div>
   <div class='ocr_carea' id='block_1_2' title="bbox 1908 422 3447 491">
    <p class='ocr_par' dir='ltr' id='par_1_2' title="bbox 1908 426 3447 491">
     <span class='ocr_line' id='line_1_2' title="bbox 1908 426 3447 491; baseline 0.009 -14"><span class='ocrx_word' id='word_1_4' title='bbox 1908 427 2073 487; x_wconf 66' lang='lat' dir='ltr'><strong>lliLE</strong></span> <span class='ocrx_word' id='word_1_5' title='bbox 2112 426 2255 486; x_wconf 81' lang='lat' dir='ltr'><strong>LIB.</strong></span> <span class='ocrx_word' id='word_1_6' title='bbox 2304 427 2521 488; x_wconf 75' lang='lat' dir='ltr'><strong>XXiX.</strong></span> <span class='ocrx_word' id='word_1_7' title='bbox 3343 430 3447 491; x_wconf 75' lang='lat'><strong>218</strong></span> 
     </span>
    </p>
   </div>
   <div class='ocr_carea' id='block_1_3' title="bbox 266 536 1804 607">
    <p class='ocr_par' dir='ltr' id='par_1_3' title="bbox 266 537 1804 607">
     <span class='ocr_line' id='line_1_3' title="bbox 266 537 1804 607; baseline -0.001 -14"><span class='ocrx_word' id='word_1_8' title='bbox 266 539 358 593; x_wconf 82' lang='lat' dir='ltr'><strong>IE&#39;.</strong></span> <span class='ocrx_word' id='word_1_9' title='bbox 392 537 510 591; x_wconf 79' lang='grc' dir='ltr'><strong>Τῶν</strong></span> <span class='ocrx_word' id='word_1_10' title='bbox 547 537 593 590; x_wconf 76' lang='grc' dir='ltr'>δ’</span> <span class='ocrx_word' id='word_1_11' title='bbox 637 538 795 591; x_wconf 78' lang='grc' dir='ltr'>υἱέων</span> <span class='ocrx_word' id='word_1_12' title='bbox 828 539 1293 606; x_wconf 74' lang='grc' dir='ltr'>Καντακουζηνοῦ</span> <span class='ocrx_word' id='word_1_13' title='bbox 1343 540 1621 601; x_wconf 65' lang='grc' dir='ltr'>ΝῙατΟαῖος</span> <span class='ocrx_word' id='word_1_14' title='bbox 1658 543 1758 607; x_wconf 79' lang='grc' dir='ltr'>μὲν</span> <span class='ocrx_word' id='word_1_15' title='bbox 1792 571 1804 606; x_wconf 57' lang='grc' dir='ltr'><strong><em>ε</em></strong></span> 
     </span>
    </p>
   </div>
   <div class='ocr_carea' id='block_1_4' title="bbox 1908 536 3451 607">
    <p class='ocr_par' dir='ltr' id='par_1_4' title="bbox 1936 536 3451 607">
     <span class='ocr_line' id='line_1_4' title="bbox 1936 536 3451 607; baseline -0.001 -13"><span class='ocrx_word' id='word_1_16' title='bbox 1936 541 2050 596; x_wconf 75' lang='lat' dir='ltr'><strong>XV.</strong></span> <span class='ocrx_word' id='word_1_17' title='bbox 2096 540 2365 595; x_wconf 84' lang='lat' dir='ltr'><strong>Filiorum</strong></span> <span class='ocrx_word' id='word_1_18' title='bbox 2397 550 2577 593; x_wconf 83' lang='lat' dir='ltr'><strong>autem</strong></span> <span class='ocrx_word' id='word_1_19' title='bbox 2607 536 2978 593; x_wconf 81' lang='lat' dir='ltr'><strong>Cautacuzcui</strong></span> <span class='ocrx_word' id='word_1_20' title='bbox 3010 537 3299 591; x_wconf 72' lang='lat' dir='ltr'><strong>Matthreus</strong></span> <span class='ocrx_word' id='word_1_21' title='bbox 3326 540 3451 607; x_wconf 89' lang='lat' dir='ltr'><strong>qui-</strong></span> 
     </span>
    </p>
   </div>
   <div class='ocr_carea' id='block_1_5' title="bbox 206 627 1804 701">
    <p class='ocr_par' dir='ltr' id='par_1_5' title="bbox 206 628 1762 701">
     <span class='ocr_line' id='line_1_5' title="bbox 206 628 1762 701; baseline -0.002 -14"><span class='ocrx_word' id='word_1_22' title='bbox 206 637 229 687; x_wconf 83' lang='grc' dir='ltr'>ὁ</span> <span class='ocrx_word' id='word_1_23' title='bbox 286 628 529 701; x_wconf 81' lang='grc' dir='ltr'>βασιλεὺς</span> <span class='ocrx_word' id='word_1_24' title='bbox 584 629 883 701; x_wconf 79' lang='grc' dir='ltr'>διατρίσων</span> <span class='ocrx_word' id='word_1_25' title='bbox 951 632 1111 699; x_wconf 74' lang='grc' dir='ltr'>ἔτυχε</span> <span class='ocrx_word' id='word_1_26' title='bbox 1178 631 1485 691; x_wconf 86' lang='grc' dir='ltr'>τηνικαῦτα</span> <span class='ocrx_word' id='word_1_27' title='bbox 1546 633 1603 692; x_wconf 79' lang='grc' dir='ltr'>ἐς</span> <span class='ocrx_word' id='word_1_28' title='bbox 1659 632 1762 684; x_wconf 87' lang='grc' dir='ltr'><strong>ὅσα</strong></span> 
     </span>
    </p>
   </div>
   <div class='ocr_carea' id='block_1_6' title="bbox 1908 627 3447 701">
    <p class='ocr_par' dir='ltr' id='par_1_6' title="bbox 1910 627 3447 697">
     <span class='ocr_line' id='line_1_6' title="bbox 1910 627 3447 697; baseline -0.004 -10"><span class='ocrx_word' id='word_1_29' title='bbox 1910 649 1993 687; x_wconf 89' lang='lat' dir='ltr'><strong>em</strong></span> <span class='ocrx_word' id='word_1_30' title='bbox 2051 649 2144 686; x_wconf 82' lang='lat' dir='ltr'><strong>rex</strong></span> <span class='ocrx_word' id='word_1_31' title='bbox 2201 643 2314 687; x_wconf 88' lang='lat' dir='ltr'><strong>tum</strong></span> <span class='ocrx_word' id='word_1_32' title='bbox 2367 632 2510 684; x_wconf 81' lang='lat' dir='ltr'><strong>forte</strong></span> <span class='ocrx_word' id='word_1_33' title='bbox 2559 630 2885 685; x_wconf 83' lang='lat' dir='ltr'><strong>versabatur</strong></span> <span class='ocrx_word' id='word_1_34' title='bbox 2929 629 2980 681; x_wconf 91' lang='lat' dir='ltr'><strong>iu</strong></span> <span class='ocrx_word' id='word_1_35' title='bbox 3023 628 3089 681; x_wconf 91' lang='lat' dir='ltr'><strong>iis</strong></span> <span class='ocrx_word' id='word_1_36' title='bbox 3130 627 3447 697; x_wconf 78' lang='lat' dir='ltr'><strong>regionibus</strong></span> 
     </span>
    </p>
   </div>
   <div class='ocr_carea' id='block_1_7' title="bbox 206 719 1804 796">
    <p class='ocr_par' dir='ltr' id='par_1_7' title="bbox 206 724 1762 795">
     <span class='ocr_line' id='line_1_7' title="bbox 206 724 1762 795; baseline -0.002 -16"><span class='ocrx_word' id='word_1_37' title='bbox 206 726 445 780; x_wconf 74' lang='grc' dir='ltr'><strong>ἐπέκεινα</strong></span> <span class='ocrx_word' id='word_1_38' title='bbox 481 724 865 792; x_wconf 75' lang='grc' dir='ltr'>Διδυμοτείγου</span> <span class='ocrx_word' id='word_1_39' title='bbox 886 741 944 775; x_wconf 87' lang='grc' dir='ltr'>τε</span> <span class='ocrx_word' id='word_1_40' title='bbox 980 727 1077 777; x_wconf 80' lang='grc' dir='ltr'>καὶ</span> <span class='ocrx_word' id='word_1_41' title='bbox 1108 724 1480 795; x_wconf 79' lang='grc' dir='ltr'>Ὀρεστιάδος,</span> <span class='ocrx_word' id='word_1_42' title='bbox 1504 724 1762 794; x_wconf 82' lang='grc' dir='ltr'>Μανουὴλ</span> 
     </span>
    </p>
   </div>
   <div class='ocr_carea' id='block_1_8' title="bbox 1908 719 3447 796">
    <p class='ocr_par' dir='ltr' id='par_1_8' title="bbox 1909 719 3447 794">
     <span class='ocr_line' id='line_1_8' title="bbox 1909 719 3447 794; baseline -0.006 -14"><span class='ocrx_word' id='word_1_43' title='bbox 1909 742 1990 780; x_wconf 68' lang='lat' dir='ltr'><strong>ua:</strong></span> <span class='ocrx_word' id='word_1_44' title='bbox 2063 726 2205 778; x_wconf 89' lang='lat' dir='ltr'><strong>ultra</strong></span> <span class='ocrx_word' id='word_1_45' title='bbox 2284 722 2726 794; x_wconf 78' lang='lat' dir='ltr'><strong>Didymoticltum</strong></span> <span class='ocrx_word' id='word_1_46' title='bbox 2781 732 2836 776; x_wconf 88' lang='lat' dir='ltr'><strong>et</strong></span> <span class='ocrx_word' id='word_1_47' title='bbox 2901 720 3282 785; x_wconf 83' lang='lat' dir='ltr'><strong>Orestiadem;</strong></span> <span class='ocrx_word' id='word_1_48' title='bbox 3334 719 3447 773; x_wconf 83' lang='lat' dir='ltr'><strong>Ma-</strong></span> 
     </span>
    </p>
   </div>
   <div class='ocr_carea' id='block_1_9' title="bbox 207 810 1804 885">
    <p class='ocr_par' dir='ltr' id='par_1_9' title="bbox 207 812 1763 885">
     <span class='ocr_line' id='line_1_9' title="bbox 207 812 1763 885; baseline -0.004 -15"><span class='ocrx_word' id='word_1_49' title='bbox 207 818 246 870; x_wconf 78' lang='lat'><strong>5’</strong></span> <span class='ocrx_word' id='word_1_50' title='bbox 282 818 307 869; x_wconf 86' lang='grc' dir='ltr'><strong>ό</strong></span> <span class='ocrx_word' id='word_1_51' title='bbox 354 814 467 885; x_wconf 79' lang='grc' dir='ltr'>μετ’</span> <span class='ocrx_word' id='word_1_52' title='bbox 519 814 756 876; x_wconf 74' lang='grc' dir='ltr'>ἐκεῖνον,</span> <span class='ocrx_word' id='word_1_53' title='bbox 789 813 1055 881; x_wconf 81' lang='grc' dir='ltr'><strong>δεσπότης</strong></span> <span class='ocrx_word' id='word_1_54' title='bbox 1082 812 1145 865; x_wconf 84' lang='grc' dir='ltr'>τὸ</span> <span class='ocrx_word' id='word_1_55' title='bbox 1180 814 1397 883; x_wconf 80' lang='grc' dir='ltr'>ἀξίωμα</span> <span class='ocrx_word' id='word_1_56' title='bbox 1427 813 1522 875; x_wconf 84' lang='grc' dir='ltr'>ὢν,</span> <span class='ocrx_word' id='word_1_57' title='bbox 1561 816 1619 876; x_wconf 83' lang='grc' dir='ltr'><strong>ὲς</strong></span> <span class='ocrx_word' id='word_1_58' title='bbox 1655 817 1763 867; x_wconf 83' lang='grc' dir='ltr'>Πε-</span> 
     </span>
    </p>
   </div>
   <div class='ocr_carea' id='block_1_10' title="bbox 1908 810 3446 885">
    <p class='ocr_par' dir='ltr' id='par_1_10' title="bbox 1911 810 3446 884">
     <span class='ocr_line' id='line_1_10' title="bbox 1911 810 3446 884; baseline -0.007 -12"><span class='ocrx_word' id='word_1_59' title='bbox 1911 818 1996 872; x_wconf 92' lang='lat' dir='ltr'><strong>uel</strong></span> <span class='ocrx_word' id='word_1_60' title='bbox 2042 832 2174 871; x_wconf 89' lang='lat' dir='ltr'><strong>vero</strong></span> <span class='ocrx_word' id='word_1_61' title='bbox 2213 816 2305 884; x_wconf 86' lang='lat' dir='ltr'><strong>qui</strong></span> <span class='ocrx_word' id='word_1_62' title='bbox 2345 814 2622 869; x_wconf 86' lang='lat' dir='ltr'><strong>secundus</strong></span> <span class='ocrx_word' id='word_1_63' title='bbox 2661 814 2728 867; x_wconf 90' lang='lat' dir='ltr'><strong>ab</strong></span> <span class='ocrx_word' id='word_1_64' title='bbox 2758 814 2852 867; x_wconf 93' lang='lat' dir='ltr'><strong>illo</strong></span> <span class='ocrx_word' id='word_1_65' title='bbox 2886 823 3029 875; x_wconf 87' lang='lat' dir='ltr'><strong>erat,</strong></span> <span class='ocrx_word' id='word_1_66' title='bbox 3063 822 3326 883; x_wconf 85' lang='lat' dir='ltr'><strong>tyrannus</strong></span> <span class='ocrx_word' id='word_1_67' title='bbox 3358 810 3446 863; x_wconf 86' lang='lat' dir='ltr'><strong>di-</strong></span> 
     </span>
    </p>
   </div>
   <div class='ocr_carea' id='block_1_11' title="bbox 208 903 1804 1017">
    <p class='ocr_par' dir='ltr' id='par_1_11' title="bbox 208 906 1765 1017">
     <span class='ocr_line' id='line_1_11' title="bbox 208 906 1763 978; baseline -0.005 -15"><span class='ocrx_word' id='word_1_68' title='bbox 208 908 535 978; x_wconf 86' lang='grc' dir='ltr'>λοπόννησον,</span> <span class='ocrx_word' id='word_1_69' title='bbox 563 907 815 975; x_wconf 82' lang='grc' dir='ltr'>πέμπτον</span> <span class='ocrx_word' id='word_1_70' title='bbox 850 906 971 968; x_wconf 78' lang='grc' dir='ltr'>ἔτος</span> <span class='ocrx_word' id='word_1_71' title='bbox 1004 906 1104 975; x_wconf 70' lang='grc' dir='ltr'><strong>ἤδη</strong></span> <span class='ocrx_word' id='word_1_72' title='bbox 1142 906 1249 958; x_wconf 85' lang='grc' dir='ltr'><strong>τῶν</strong></span> <span class='ocrx_word' id='word_1_73' title='bbox 1278 907 1397 958; x_wconf 79' lang='grc' dir='ltr'>ἐκεῖ</span> <span class='ocrx_word' id='word_1_74' title='bbox 1434 906 1763 974; x_wconf 79' lang='grc' dir='ltr'><strong>Ῥωμαϊκῶν</strong></span> 
     </span>
     <span class='ocr_line' id='line_1_12' title="bbox 321 998 1765 1017; baseline -0.005 4"><span class='ocrx_word' id='word_1_75' title='bbox 321 1002 332 1017; x_wconf 76' lang='grc' dir='ltr'><em>ο</em></span> <span class='ocrx_word' id='word_1_76' title='bbox 523 999 536 1017; x_wconf 71' lang='grc' dir='ltr'>ι</span> <span class='ocrx_word' id='word_1_77' title='bbox 642 998 765 1017; x_wconf 41' lang='grc' dir='ltr'><strong>μη</strong></span> <span class='ocrx_word' id='word_1_78' title='bbox 872 999 956 1017; x_wconf 27' lang='grc' dir='ltr'><strong>κιν</strong></span> <span class='ocrx_word' id='word_1_79' title='bbox 1013 1000 1076 1017; x_wconf 87' lang='lat'>._</span> <span class='ocrx_word' id='word_1_80' title='bbox 1110 998 1264 1017; x_wconf 37' lang='grc' dir='ltr'>μω.</span> <span class='ocrx_word' id='word_1_81' title='bbox 1308 1016 1311 1017; x_wconf 64' lang='lat'><strong>,</strong></span> <span class='ocrx_word' id='word_1_82' title='bbox 1358 998 1550 1017; x_wconf 44' lang='grc' dir='ltr'><strong>---ης</strong></span> <span class='ocrx_word' id='word_1_83' title='bbox 1631 998 1689 1017; x_wconf 64' lang='grc' dir='ltr'>..ει</span> <span class='ocrx_word' id='word_1_84' title='bbox 1725 998 1765 1017; x_wconf 59' lang='grc' dir='ltr'><strong>ο,</strong></span> 
     </span>
    </p>
   </div>
   <div class='ocr_carea' id='block_1_12' title="bbox 1908 903 3453 1017">
    <p class='ocr_par' dir='ltr' id='par_1_12' title="bbox 1908 903 3453 980">
     <span class='ocr_line' id='line_1_13' title="bbox 1908 903 3453 980; baseline -0.005 -16"><span class='ocrx_word' id='word_1_85' title='bbox 1908 913 2099 973; x_wconf 90' lang='lat' dir='ltr'><strong>nitate,</strong></span> <span class='ocrx_word' id='word_1_86' title='bbox 2133 910 2187 963; x_wconf 90' lang='lat' dir='ltr'><strong>iu</strong></span> <span class='ocrx_word' id='word_1_87' title='bbox 2216 909 2379 980; x_wconf 65' lang='grc'><strong>249</strong></span> <span class='ocrx_word' id='word_1_88' title='bbox 2394 909 2774 978; x_wconf 82' lang='lat' dir='ltr'><strong>Peloponneso</strong></span> <span class='ocrx_word' id='word_1_89' title='bbox 2805 909 3000 977; x_wconf 89' lang='lat' dir='ltr'><strong>quinto</strong></span> <span class='ocrx_word' id='word_1_90' title='bbox 3027 910 3136 977; x_wconf 85' lang='lat' dir='ltr'><strong>jam</strong></span> <span class='ocrx_word' id='word_1_91' title='bbox 3170 920 3314 958; x_wconf 86' lang='lat' dir='ltr'><strong>anno</strong></span> <span class='ocrx_word' id='word_1_92' title='bbox 3343 903 3453 957; x_wconf 70' lang='lat' dir='ltr'><strong>lto-</strong></span> 
     </span>
    </p>
   </div>
   <div class='ocr_carea' id='block_1_13' title="bbox 211 998 1804 1109">
    <p class='ocr_par' dir='ltr' id='par_1_13' title="bbox 211 998 1765 1109">
     <span class='ocr_line' id='line_1_14' title="bbox 211 998 1765 1072; baseline -0.004 -18"><span class='ocrx_word' id='word_1_93' title='bbox 211 1002 406 1072; x_wconf 75' lang='grc' dir='ltr'>χωρίων</span> <span class='ocrx_word' id='word_1_94' title='bbox 449 999 544 1052; x_wconf 81' lang='grc' dir='ltr'>καὶ</span> <span class='ocrx_word' id='word_1_95' title='bbox 592 998 804 1051; x_wconf 85' lang='grc' dir='ltr'>πόλεων</span> <span class='ocrx_word' id='word_1_96' title='bbox 859 999 958 1069; x_wconf 77' lang='grc' dir='ltr'>τὴν</span> <span class='ocrx_word' id='word_1_97' title='bbox 1008 998 1315 1067; x_wconf 77' lang='grc' dir='ltr'>ἐπιτροπὴν</span> <span class='ocrx_word' id='word_1_98' title='bbox 1353 998 1592 1051; x_wconf 85' lang='grc' dir='ltr'>διοικῶν.</span> <span class='ocrx_word' id='word_1_99' title='bbox 1631 998 1690 1050; x_wconf 80' lang='grc' dir='ltr'><strong>Ὀ</strong></span> <span class='ocrx_word' id='word_1_100' title='bbox 1721 998 1765 1048; x_wconf 87' lang='grc' dir='ltr'>δ’</span> 
     </span>
     <span class='ocr_line' id='line_1_15' title="bbox 218 1091 1740 1109; baseline 0 0"><span class='ocrx_word' id='word_1_101' title='bbox 346 1094 369 1109; x_wconf 70' lang='grc' dir='ltr'><strong>,ι</strong></span> <span class='ocrx_word' id='word_1_102' title='bbox 549 1094 563 1109; x_wconf 79' lang='grc'>.</span> <span class='ocrx_word' id='word_1_103' title='bbox 744 1093 773 1109; x_wconf 84' lang='grc'><strong>-</strong></span> <span class='ocrx_word' id='word_1_104' title='bbox 815 1092 828 1109; x_wconf 66' lang='grc' dir='ltr'>ι</span> <span class='ocrx_word' id='word_1_105' title='bbox 955 1094 1029 1109; x_wconf 75' lang='grc' dir='ltr'><strong><em>υ.</em></strong></span> <span class='ocrx_word' id='word_1_106' title='bbox 1213 1093 1251 1109; x_wconf 74' lang='grc' dir='ltr'><strong>,ι</strong></span> <span class='ocrx_word' id='word_1_107' title='bbox 1371 1091 1390 1109; x_wconf 65' lang='grc' dir='ltr'><strong>ς</strong></span> <span class='ocrx_word' id='word_1_108' title='bbox 1480 1092 1492 1109; x_wconf 80' lang='lat'>.</span> <span class='ocrx_word' id='word_1_109' title='bbox 1619 1108 1651 1109; x_wconf 30' lang='grc' dir='ltr'><em>κ</em></span> <span class='ocrx_word' id='word_1_110' title='bbox 1691 1091 1740 1109; x_wconf 73' lang='grc' dir='ltr'><strong>τ,</strong></span> 
     </span>
    </p>
   </div>
   <div class='ocr_carea' id='block_1_14' title="bbox 1908 998 3447 1109">
    <p class='ocr_par' dir='ltr' id='par_1_14' title="bbox 1908 998 3447 1109">
     <span class='ocr_line' id='line_1_16' title="bbox 1908 998 3447 1072; baseline -0.007 -14"><span class='ocrx_word' id='word_1_111' title='bbox 1908 1019 2159 1058; x_wconf 78' lang='lat' dir='ltr'><strong>tanorum</strong></span> <span class='ocrx_word' id='word_1_112' title='bbox 2190 1004 2264 1057; x_wconf 89' lang='lat' dir='ltr'><strong>ibi</strong></span> <span class='ocrx_word' id='word_1_113' title='bbox 2294 1002 2704 1072; x_wconf 84' lang='lat' dir='ltr'><strong>provinciarum</strong></span> <span class='ocrx_word' id='word_1_114' title='bbox 2734 1009 2790 1054; x_wconf 90' lang='lat' dir='ltr'><strong>et</strong></span> <span class='ocrx_word' id='word_1_115' title='bbox 2815 1000 3032 1053; x_wconf 85' lang='lat' dir='ltr'><strong>urbium</strong></span> <span class='ocrx_word' id='word_1_116' title='bbox 3062 998 3447 1067; x_wconf 65' lang='lat' dir='ltr'><strong>prmfecturam</strong></span> 
     </span>
     <span class='ocr_line' id='line_1_17' title="bbox 1924 1087 3447 1109; baseline 0 0"><span class='ocrx_word' id='word_1_117' title='bbox 1924 1096 1935 1109; x_wconf 78' lang='grc' dir='ltr'>ι</span> <span class='ocrx_word' id='word_1_118' title='bbox 2004 1097 2015 1107; x_wconf 74' lang='grc' dir='ltr'>ι</span> <span class='ocrx_word' id='word_1_119' title='bbox 2063 1096 2073 1106; x_wconf 80' lang='grc' dir='ltr'>ι</span> <span class='ocrx_word' id='word_1_120' title='bbox 2113 1103 2124 1109; x_wconf 60' lang='grc' dir='ltr'><strong><em>ρ</em></strong></span> <span class='ocrx_word' id='word_1_121' title='bbox 2201 1095 2212 1109; x_wconf 75' lang='grc' dir='ltr'>ι</span> <span class='ocrx_word' id='word_1_122' title='bbox 2274 1102 2285 1109; x_wconf 82' lang='grc'>.</span> <span class='ocrx_word' id='word_1_123' title='bbox 2364 1091 2419 1109; x_wconf 65' lang='lat' dir='ltr'><strong>n,</strong></span> <span class='ocrx_word' id='word_1_124' title='bbox 2482 1092 2582 1109; x_wconf 41' lang='lat'><strong>‘_,!_</strong></span> <span class='ocrx_word' id='word_1_125' title='bbox 2640 1092 2862 1109; x_wconf 37' lang='lat' dir='ltr'><strong>,.A,_:.___</strong></span> <span class='ocrx_word' id='word_1_126' title='bbox 2894 1088 3050 1109; x_wconf 67' lang='grc' dir='ltr'><strong>μ---.ε</strong></span> <span class='ocrx_word' id='word_1_127' title='bbox 3102 1087 3447 1109; x_wconf 64' lang='grc' dir='ltr'><strong>ι*,..ι-ι,.--ε...</strong></span> 
     </span>
    </p>
   </div>
   <div class='ocr_carea' id='block_1_15' title="bbox 213 1068 1804 1163">
    <p class='ocr_par' dir='ltr' id='par_1_15' title="bbox 213 1068 1763 1163">
     <span class='ocr_line' id='line_1_18' title="bbox 213 1068 1763 1163; baseline 0.003 -16"><span class='ocrx_word' id='word_1_128' title='bbox 213 1068 296 1148; x_wconf 51' lang='lat' dir='ltr'><strong>erit</strong></span> <span class='ocrx_word' id='word_1_129' title='bbox 345 1094 571 1163; x_wconf 65' lang='grc' dir='ltr'>θυγατρὶ</span> <span class='ocrx_word' id='word_1_130' title='bbox 619 1068 920 1163; x_wconf 56' lang='grc' dir='ltr'>γαμϐρὸς,</span> <span class='ocrx_word' id='word_1_131' title='bbox 952 1094 1161 1145; x_wconf 82' lang='grc' dir='ltr'>Κόντου</span> <span class='ocrx_word' id='word_1_132' title='bbox 1213 1091 1562 1161; x_wconf 76' lang='grc' dir='ltr'><strong>Κεφαληνίας</strong></span> <span class='ocrx_word' id='word_1_133' title='bbox 1612 1091 1763 1153; x_wconf 76' lang='grc' dir='ltr'><strong>πλῖς,</strong></span> 
     </span>
    </p>
   </div>
   <div class='ocr_carea' id='block_1_16' title="bbox 1908 1068 3452 1163">
    <p class='ocr_par' dir='ltr' id='par_1_16' title="bbox 1908 1068 3452 1156">
     <span class='ocr_line' id='line_1_19' title="bbox 1908 1068 3452 1156; baseline -0.008 -7"><span class='ocrx_word' id='word_1_134' title='bbox 1908 1068 2313 1149; x_wconf 47' lang='grc' dir='ltr'>όηιίιιὶδιταιιοιξ</span> <span class='ocrx_word' id='word_1_135' title='bbox 2364 1091 2587 1146; x_wconf 90' lang='lat' dir='ltr'><strong>Sororis</strong></span> <span class='ocrx_word' id='word_1_136' title='bbox 2637 1068 2865 1144; x_wconf 80' lang='lat' dir='ltr'><strong>maritus</strong></span> <span class='ocrx_word' id='word_1_137' title='bbox 2892 1088 3052 1143; x_wconf 88' lang='lat' dir='ltr'><strong>Conti</strong></span> <span class='ocrx_word' id='word_1_138' title='bbox 3102 1087 3452 1156; x_wconf 70' lang='lat' dir='ltr'><strong>(lephalenize</strong></span> 
     </span>
    </p>
   </div>
   <div class='ocr_carea' id='block_1_17' title="bbox 215 1178 1804 1257">
    <p class='ocr_par' dir='ltr' id='par_1_17' title="bbox 215 1182 1769 1257">
     <span class='ocr_line' id='line_1_20' title="bbox 215 1182 1769 1257; baseline -0.004 -14"><span class='ocrx_word' id='word_1_139' title='bbox 215 1189 354 1243; x_wconf 78' lang='grc' dir='ltr'>Αἴνου</span> <span class='ocrx_word' id='word_1_140' title='bbox 405 1187 504 1256; x_wconf 87' lang='grc' dir='ltr'>τῆς</span> <span class='ocrx_word' id='word_1_141' title='bbox 553 1186 763 1250; x_wconf 85' lang='grc' dir='ltr'>πόλεως</span> <span class='ocrx_word' id='word_1_142' title='bbox 806 1183 874 1256; x_wconf 78' lang='grc' dir='ltr'>ἦν</span> <span class='ocrx_word' id='word_1_143' title='bbox 910 1187 1225 1257; x_wconf 80' lang='grc' dir='ltr'><strong>ἐπίτροπος.</strong></span> <span class='ocrx_word' id='word_1_144' title='bbox 1260 1186 1353 1239; x_wconf 77' lang='grc' dir='ltr'><strong>καὶ</strong></span> <span class='ocrx_word' id='word_1_145' title='bbox 1405 1186 1458 1237; x_wconf 74' lang='grc' dir='ltr'>εἴ</span> <span class='ocrx_word' id='word_1_146' title='bbox 1501 1202 1554 1237; x_wconf 87' lang='grc' dir='ltr'><strong>τι</strong></span> <span class='ocrx_word' id='word_1_147' title='bbox 1607 1182 1769 1253; x_wconf 79' lang='grc' dir='ltr'>πέριξ</span> 
     </span>
    </p>
   </div>
   <div class='ocr_carea' id='block_1_18' title="bbox 1908 1178 3452 1257">
    <p class='ocr_par' dir='ltr' id='par_1_18' title="bbox 1913 1178 3452 1252">
     <span class='ocr_line' id='line_1_21' title="bbox 1913 1178 3452 1252; baseline -0.008 -11"><span class='ocrx_word' id='word_1_148' title='bbox 1913 1188 2019 1241; x_wconf 90' lang='lat' dir='ltr'><strong>lius</strong></span> <span class='ocrx_word' id='word_1_149' title='bbox 2055 1185 2184 1242; x_wconf 64' lang='lat' dir='ltr'><strong>Eni</strong></span> <span class='ocrx_word' id='word_1_150' title='bbox 2216 1186 2372 1239; x_wconf 82' lang='lat' dir='ltr'><strong>urbis</strong></span> <span class='ocrx_word' id='word_1_151' title='bbox 2401 1192 2522 1239; x_wconf 87' lang='lat' dir='ltr'><strong>erat</strong></span> <span class='ocrx_word' id='word_1_152' title='bbox 2560 1182 2879 1252; x_wconf 70' lang='lat' dir='ltr'><strong>prrefectus,</strong></span> <span class='ocrx_word' id='word_1_153' title='bbox 2914 1189 2970 1235; x_wconf 90' lang='lat' dir='ltr'><strong>et</strong></span> <span class='ocrx_word' id='word_1_154' title='bbox 2991 1181 3036 1234; x_wconf 90' lang='lat' dir='ltr'><strong>si</strong></span> <span class='ocrx_word' id='word_1_155' title='bbox 3074 1194 3178 1247; x_wconf 91' lang='lat' dir='ltr'><strong>qua</strong></span> <span class='ocrx_word' id='word_1_156' title='bbox 3214 1178 3452 1232; x_wconf 86' lang='lat' dir='ltr'><strong>circum-</strong></span> 
     </span>
    </p>
   </div>
   <div class='ocr_carea' id='block_1_19' title="bbox 215 1270 1804 1351">
    <p class='ocr_par' dir='ltr' id='par_1_19' title="bbox 215 1276 1766 1351">
     <span class='ocr_line' id='line_1_22' title="bbox 215 1276 1766 1351; baseline -0.005 -16"><span class='ocrx_word' id='word_1_157' title='bbox 215 1284 403 1351; x_wconf 79' lang='grc' dir='ltr'><strong>ὑπῆρχε</strong></span> <span class='ocrx_word' id='word_1_158' title='bbox 428 1281 627 1349; x_wconf 80' lang='grc' dir='ltr'>χωρίον</span> <span class='ocrx_word' id='word_1_159' title='bbox 670 1279 1014 1349; x_wconf 79' lang='grc' dir='ltr'>βαρῦαρικῆς</span> <span class='ocrx_word' id='word_1_160' title='bbox 1059 1279 1239 1330; x_wconf 80' lang='grc' dir='ltr'>ἀθῶον</span> <span class='ocrx_word' id='word_1_161' title='bbox 1276 1277 1355 1329; x_wconf 81' lang='grc' dir='ltr'>ἔτι</span> <span class='ocrx_word' id='word_1_162' title='bbox 1395 1276 1766 1345; x_wconf 79' lang='grc' dir='ltr'>καταδρομῆς.</span> 
     </span>
    </p>
   </div>
   <div class='ocr_carea' id='block_1_20' title="bbox 1908 1270 3457 1351">
    <p class='ocr_par' dir='ltr' id='par_1_20' title="bbox 1908 1270 3457 1333">
     <span class='ocr_line' id='line_1_23' title="bbox 1908 1270 3457 1333; baseline -0.007 -3"><span class='ocrx_word' id='word_1_163' title='bbox 1908 1280 2030 1333; x_wconf 75' lang='lat' dir='ltr'><strong>:irca</strong></span> <span class='ocrx_word' id='word_1_164' title='bbox 2076 1288 2197 1332; x_wconf 87' lang='lat' dir='ltr'><strong>erat</strong></span> <span class='ocrx_word' id='word_1_165' title='bbox 2244 1288 2387 1331; x_wconf 87' lang='lat' dir='ltr'><strong>terra</strong></span> <span class='ocrx_word' id='word_1_166' title='bbox 2434 1277 2793 1330; x_wconf 87' lang='lat' dir='ltr'><strong>barbarorum</strong></span> <span class='ocrx_word' id='word_1_167' title='bbox 2839 1274 3021 1327; x_wconf 90' lang='lat' dir='ltr'><strong>adhuc</strong></span> <span class='ocrx_word' id='word_1_168' title='bbox 3062 1272 3345 1325; x_wconf 87' lang='lat' dir='ltr'><strong>invasioue</strong></span> <span class='ocrx_word' id='word_1_169' title='bbox 3389 1270 3457 1321; x_wconf 90' lang='lat' dir='ltr'><strong>li-</strong></span> 
     </span>
    </p>
   </div>
   <div class='ocr_carea' id='block_1_21' title="bbox 215 1363 1804 1447">
    <p class='ocr_par' dir='ltr' id='par_1_21' title="bbox 215 1363 1769 1447">
     <span class='ocr_line' id='line_1_24' title="bbox 215 1363 1769 1447; baseline -0.008 -24"><span class='ocrx_word' id='word_1_170' title='bbox 215 1373 322 1423; x_wconf 84' lang='grc' dir='ltr'><strong>Τὦν</strong></span> <span class='ocrx_word' id='word_1_171' title='bbox 360 1371 413 1423; x_wconf 77' lang='grc' dir='ltr'>δὲ</span> <span class='ocrx_word' id='word_1_172' title='bbox 451 1368 900 1435; x_wconf 82' lang='grc' dir='ltr'>γυναικαδέλφων</span> <span class='ocrx_word' id='word_1_173' title='bbox 951 1363 1769 1447; x_wconf 34' lang='grc' dir='ltr'>σεδαστοκρατόρων’Ἰωάννης</span> 
     </span>
    </p>
   </div>
   <div class='ocr_carea' id='block_1_22' title="bbox 1908 1363 3454 1447">
    <p class='ocr_par' dir='ltr' id='par_1_22' title="bbox 1915 1365 3454 1436">
     <span class='ocr_line' id='line_1_25' title="bbox 1915 1365 3454 1436; baseline -0.008 -13"><span class='ocrx_word' id='word_1_174' title='bbox 1915 1388 2028 1426; x_wconf 83' lang='lat' dir='ltr'><strong>era.</strong></span> <span class='ocrx_word' id='word_1_175' title='bbox 2063 1371 2319 1425; x_wconf 75' lang='lat' dir='ltr'><strong>Fratrum</strong></span> <span class='ocrx_word' id='word_1_176' title='bbox 2369 1369 2558 1422; x_wconf 82' lang='lat' dir='ltr'><strong>uxoris</strong></span> <span class='ocrx_word' id='word_1_177' title='bbox 2596 1366 2864 1436; x_wconf 83' lang='lat' dir='ltr'><strong>principis</strong></span> <span class='ocrx_word' id='word_1_178' title='bbox 2924 1365 3454 1419; x_wconf 83' lang='lat' dir='ltr'><strong>sebastocratorum.</strong></span> 
     </span>
    </p>
   </div>
   <div class='ocr_carea' id='block_1_23' title="bbox 219 1454 1804 1530">
    <p class='ocr_par' dir='ltr' id='par_1_23' title="bbox 219 1454 1770 1530">
     <span class='ocr_line' id='line_1_26' title="bbox 219 1454 1770 1530; baseline -0.007 -15"><span class='ocrx_word' id='word_1_179' title='bbox 219 1465 304 1529; x_wconf 86' lang='grc' dir='ltr'>μὲν</span> <span class='ocrx_word' id='word_1_180' title='bbox 329 1461 475 1530; x_wconf 78' lang='grc' dir='ltr'>ἔτυχε</span> <span class='ocrx_word' id='word_1_181' title='bbox 522 1459 602 1529; x_wconf 83' lang='grc' dir='ltr'>τῷ</span> <span class='ocrx_word' id='word_1_182' title='bbox 633 1458 986 1527; x_wconf 83' lang='grc' dir='ltr'>Παλαιολόγῳ</span> <span class='ocrx_word' id='word_1_183' title='bbox 1024 1458 1161 1517; x_wconf 84' lang='grc' dir='ltr'>τέως</span> <span class='ocrx_word' id='word_1_184' title='bbox 1202 1457 1659 1522; x_wconf 77' lang='grc' dir='ltr'>συνδιαιτώμενο;</span> <span class='ocrx_word' id='word_1_185' title='bbox 1693 1454 1770 1522; x_wconf 83' lang='grc' dir='ltr'>τῷ</span> 
     </span>
    </p>
   </div>
   <div class='ocr_carea' id='block_1_24' title="bbox 1908 1454 3461 1530">
    <p class='ocr_par' dir='ltr' id='par_1_24' title="bbox 1908 1455 3461 1530">
     <span class='ocr_line' id='line_1_27' title="bbox 1908 1455 3461 1530; baseline -0.009 -13"><span class='ocrx_word' id='word_1_186' title='bbox 1908 1478 2114 1517; x_wconf 81' lang='lat' dir='ltr'><strong>oaunes</strong></span> <span class='ocrx_word' id='word_1_187' title='bbox 2135 1461 2360 1530; x_wconf 85' lang='lat' dir='ltr'><strong>quidem</strong></span> <span class='ocrx_word' id='word_1_188' title='bbox 2384 1459 2668 1527; x_wconf 64' lang='lat' dir='ltr'><strong>Palmologi</strong></span> <span class='ocrx_word' id='word_1_189' title='bbox 2689 1459 2835 1525; x_wconf 75' lang='lat' dir='ltr'><strong>regis</strong></span> <span class='ocrx_word' id='word_1_190' title='bbox 2863 1466 2975 1509; x_wconf 89' lang='lat' dir='ltr'><strong>tum</strong></span> <span class='ocrx_word' id='word_1_191' title='bbox 2995 1455 3133 1508; x_wconf 81' lang='lat' dir='ltr'><strong>forte</strong></span> <span class='ocrx_word' id='word_1_192' title='bbox 3157 1460 3461 1507; x_wconf 86' lang='lat' dir='ltr'><strong>consuetu-</strong></span> 
     </span>
    </p>
   </div>
   <div class='ocr_carea' id='block_1_25' title="bbox 218 1543 1804 1625">
    <p class='ocr_par' dir='ltr' id='par_1_25' title="bbox 218 1543 1773 1625">
     <span class='ocr_line' id='line_1_28' title="bbox 218 1543 1773 1625; baseline -0.008 -18"><span class='ocrx_word' id='word_1_193' title='bbox 218 1555 424 1625; x_wconf 77' lang='grc' dir='ltr'>βασιλεῖ,</span> <span class='ocrx_word' id='word_1_194' title='bbox 453 1551 653 1619; x_wconf 81' lang='grc' dir='ltr'>τειχῶν</span> <span class='ocrx_word' id='word_1_195' title='bbox 687 1550 998 1615; x_wconf 77' lang='grc' dir='ltr'>Βυζαντίων</span> <span class='ocrx_word' id='word_1_196' title='bbox 1050 1549 1224 1612; x_wconf 77' lang='grc' dir='ltr'>ἐντὸς,</span> <span class='ocrx_word' id='word_1_197' title='bbox 1281 1548 1474 1617; x_wconf 72' lang='grc' dir='ltr'>ἅτερος</span> <span class='ocrx_word' id='word_1_198' title='bbox 1526 1547 1573 1598; x_wconf 86' lang='grc' dir='ltr'>δ’</span> <span class='ocrx_word' id='word_1_199' title='bbox 1633 1543 1773 1616; x_wconf 72' lang='grc' dir='ltr'>ἦρχε</span> 
     </span>
    </p>
   </div>
   <div class='ocr_carea' id='block_1_26' title="bbox 1908 1543 3454 1625">
    <p class='ocr_par' dir='ltr' id='par_1_26' title="bbox 1916 1546 3454 1620">
     <span class='ocr_line' id='line_1_29' title="bbox 1916 1546 3454 1620; baseline -0.009 -11"><span class='ocrx_word' id='word_1_200' title='bbox 1916 1557 2005 1610; x_wconf 88' lang='lat' dir='ltr'><strong>ine</strong></span> <span class='ocrx_word' id='word_1_201' title='bbox 2034 1555 2294 1609; x_wconf 87' lang='lat' dir='ltr'><strong>utebatur</strong></span> <span class='ocrx_word' id='word_1_202' title='bbox 2320 1557 2465 1607; x_wconf 89' lang='lat' dir='ltr'><strong>intra</strong></span> <span class='ocrx_word' id='word_1_203' title='bbox 2500 1551 2704 1607; x_wconf 81' lang='lat' dir='ltr'><strong>mceuia</strong></span> <span class='ocrx_word' id='word_1_204' title='bbox 2734 1549 3029 1620; x_wconf 80' lang='lat' dir='ltr'><strong>Byzantina</strong></span> <span class='ocrx_word' id='word_1_205' title='bbox 3056 1564 3069 1600; x_wconf 91' lang='lat'><strong>:</strong></span> <span class='ocrx_word' id='word_1_206' title='bbox 3099 1546 3239 1599; x_wconf 89' lang='lat' dir='ltr'><strong>alter</strong></span> <span class='ocrx_word' id='word_1_207' title='bbox 3269 1553 3454 1597; x_wconf 87' lang='lat' dir='ltr'><strong>autem</strong></span> 
     </span>
    </p>
   </div>
   <div class='ocr_carea' id='block_1_27' title="bbox 219 1637 1804 1718">
    <p class='ocr_par' dir='ltr' id='par_1_27' title="bbox 219 1639 1777 1718">
     <span class='ocr_line' id='line_1_30' title="bbox 219 1639 1777 1718; baseline -0.008 -16"><span class='ocrx_word' id='word_1_208' title='bbox 219 1649 397 1718; x_wconf 80' lang='grc' dir='ltr'>Βιζύης</span> <span class='ocrx_word' id='word_1_209' title='bbox 424 1650 450 1700; x_wconf 86' lang='grc' dir='ltr'><strong>ό</strong></span> <span class='ocrx_word' id='word_1_210' title='bbox 494 1645 753 1713; x_wconf 68' lang='lat' dir='ltr'><strong>Mavoth</strong></span> <span class='ocrx_word' id='word_1_211' title='bbox 802 1646 866 1696; x_wconf 78' lang='grc' dir='ltr'>ἐκ</span> <span class='ocrx_word' id='word_1_212' title='bbox 923 1641 1123 1695; x_wconf 88' lang='grc' dir='ltr'>πολλοῦ</span> <span class='ocrx_word' id='word_1_213' title='bbox 1156 1642 1255 1711; x_wconf 84' lang='grc' dir='ltr'>τὴν</span> <span class='ocrx_word' id='word_1_214' title='bbox 1294 1642 1599 1712; x_wconf 80' lang='grc' dir='ltr'>ἐπιτροπὴν</span> <span class='ocrx_word' id='word_1_215' title='bbox 1631 1639 1777 1706; x_wconf 78' lang='grc' dir='ltr'>εἱλη-</span> 
     </span>
    </p>
   </div>
   <div class='ocr_carea' id='block_1_28' title="bbox 1908 1637 3456 1718">
    <p class='ocr_par' dir='ltr' id='par_1_28' title="bbox 1908 1637 3456 1717">
     <span class='ocr_line' id='line_1_31' title="bbox 1908 1637 3456 1717; baseline -0.008 -17"><span class='ocrx_word' id='word_1_216' title='bbox 1908 1649 2056 1703; x_wconf 68' lang='lat' dir='ltr'><strong>lizuae</strong></span> <span class='ocrx_word' id='word_1_217' title='bbox 2116 1657 2354 1717; x_wconf 64' lang='lat' dir='ltr'><strong>praeerat</strong></span> <span class='ocrx_word' id='word_1_218' title='bbox 2408 1645 2621 1699; x_wconf 81' lang='lat' dir='ltr'><strong>Mauuel</strong></span> <span class='ocrx_word' id='word_1_219' title='bbox 2659 1660 2689 1696; x_wconf 90' lang='lat' dir='ltr'><strong>e</strong></span> <span class='ocrx_word' id='word_1_220' title='bbox 2744 1644 2906 1711; x_wconf 79' lang='lat' dir='ltr'><strong>longo</strong></span> <span class='ocrx_word' id='word_1_221' title='bbox 2970 1651 3219 1707; x_wconf 89' lang='lat' dir='ltr'><strong>tempore</strong></span> <span class='ocrx_word' id='word_1_222' title='bbox 3289 1637 3456 1690; x_wconf 79' lang='lat' dir='ltr'><strong>tutela</strong></span> 
     </span>
    </p>
   </div>
   <div class='ocr_carea' id='block_1_29' title="bbox 218 1729 1804 1810">
    <p class='ocr_par' dir='ltr' id='par_1_29' title="bbox 218 1731 1774 1810">
     <span class='ocr_line' id='line_1_32' title="bbox 218 1731 1774 1810; baseline -0.007 -17"><span class='ocrx_word' id='word_1_223' title='bbox 218 1741 317 1810; x_wconf 78' lang='grc' dir='ltr'>φὼς</span> <span class='ocrx_word' id='word_1_224' title='bbox 361 1740 487 1809; x_wconf 78' lang='grc' dir='ltr'>πρὸς</span> <span class='ocrx_word' id='word_1_225' title='bbox 522 1738 616 1791; x_wconf 86' lang='grc' dir='ltr'>τοῦ</span> <span class='ocrx_word' id='word_1_226' title='bbox 646 1735 1106 1801; x_wconf 76' lang='grc' dir='ltr'>Καντακουζηνοῦ</span> <span class='ocrx_word' id='word_1_227' title='bbox 1128 1754 1141 1767; x_wconf 94' lang='grc'><strong>·</strong></span> <span class='ocrx_word' id='word_1_228' title='bbox 1178 1737 1229 1788; x_wconf 79' lang='grc' dir='ltr'>αἱ</span> <span class='ocrx_word' id='word_1_229' title='bbox 1276 1734 1463 1785; x_wconf 73' lang='grc' dir='ltr'>λοιπαὶ</span> <span class='ocrx_word' id='word_1_230' title='bbox 1495 1732 1539 1784; x_wconf 87' lang='grc' dir='ltr'>δ’</span> <span class='ocrx_word' id='word_1_231' title='bbox 1569 1731 1774 1784; x_wconf 87' lang='grc' dir='ltr'>ὑπέκυ-</span> 
     </span>
    </p>
   </div>
   <div class='ocr_carea' id='block_1_30' title="bbox 1908 1729 3459 1810">
    <p class='ocr_par' dir='ltr' id='par_1_30' title="bbox 1910 1729 3459 1810">
     <span class='ocr_line' id='line_1_33' title="bbox 1910 1729 3459 1810; baseline -0.011 -15"><span class='ocrx_word' id='word_1_232' title='bbox 1910 1750 2132 1810; x_wconf 89' lang='lat' dir='ltr'><strong>uscepta</strong></span> <span class='ocrx_word' id='word_1_233' title='bbox 2155 1756 2184 1794; x_wconf 90' lang='lat' dir='ltr'><strong>a</strong></span> <span class='ocrx_word' id='word_1_234' title='bbox 2211 1739 2620 1795; x_wconf 83' lang='lat' dir='ltr'><strong>Cantacuzeno.</strong></span> <span class='ocrx_word' id='word_1_235' title='bbox 2650 1736 2894 1803; x_wconf 64' lang='lat' dir='ltr'><strong>Reliquae</strong></span> <span class='ocrx_word' id='word_1_236' title='bbox 2928 1732 3235 1799; x_wconf 66' lang='lat' dir='ltr'><strong>Paleeologo</strong></span> <span class='ocrx_word' id='word_1_237' title='bbox 3283 1729 3459 1795; x_wconf 83' lang='lat' dir='ltr'><strong>impe-</strong></span> 
     </span>
    </p>
   </div>
   <div class='ocr_carea' id='block_1_31' title="bbox 218 1821 1804 1903">
    <p class='ocr_par' dir='ltr' id='par_1_31' title="bbox 218 1826 1774 1903">
     <span class='ocr_line' id='line_1_34' title="bbox 218 1826 1774 1903; baseline -0.006 -17"><span class='ocrx_word' id='word_1_238' title='bbox 218 1837 310 1903; x_wconf 59' lang='grc' dir='ltr'><strong>ᾲαν</strong></span> <span class='ocrx_word' id='word_1_239' title='bbox 339 1833 686 1901; x_wconf 82' lang='grc' dir='ltr'>Παλαιολόγῳ</span> <span class='ocrx_word' id='word_1_240' title='bbox 705 1828 783 1897; x_wconf 85' lang='grc' dir='ltr'>τῷ</span> <span class='ocrx_word' id='word_1_241' title='bbox 808 1829 1024 1897; x_wconf 81' lang='grc' dir='ltr'>βασιλεῖ</span> <span class='ocrx_word' id='word_1_242' title='bbox 1047 1830 1245 1882; x_wconf 79' lang='grc' dir='ltr'>ὁπόσαι</span> <span class='ocrx_word' id='word_1_243' title='bbox 1282 1829 1450 1898; x_wconf 82' lang='grc' dir='ltr'><strong>μήπω</strong></span> <span class='ocrx_word' id='word_1_244' title='bbox 1478 1826 1774 1897; x_wconf 79' lang='grc' dir='ltr'>βαρϐάροις</span> 
     </span>
    </p>
   </div>
   <div class='ocr_carea' id='block_1_32' title="bbox 1908 1821 3457 1903">
    <p class='ocr_par' dir='ltr' id='par_1_32' title="bbox 1910 1821 3457 1902">
     <span class='ocr_line' id='line_1_35' title="bbox 1910 1821 3457 1902; baseline -0.009 -15"><span class='ocrx_word' id='word_1_245' title='bbox 1910 1835 2049 1888; x_wconf 89' lang='lat' dir='ltr'><strong>atori</strong></span> <span class='ocrx_word' id='word_1_246' title='bbox 2077 1834 2345 1901; x_wconf 84' lang='lat' dir='ltr'><strong>parebant</strong></span> <span class='ocrx_word' id='word_1_247' title='bbox 2375 1838 2646 1902; x_wconf 83' lang='lat' dir='ltr'><strong>quotquot</strong></span> <span class='ocrx_word' id='word_1_248' title='bbox 2674 1829 2916 1882; x_wconf 86' lang='lat' dir='ltr'><strong>nondum</strong></span> <span class='ocrx_word' id='word_1_249' title='bbox 2953 1824 3171 1879; x_wconf 66' lang='lat' dir='ltr'><strong>tradita:</strong></span> <span class='ocrx_word' id='word_1_250' title='bbox 3203 1821 3457 1876; x_wconf 87' lang='lat' dir='ltr'><strong>barbaris</strong></span> 
     </span>
    </p>
   </div>
   <div class='ocr_carea' id='block_1_33' title="bbox 1811 1902 3263 1993">
    <p class='ocr_par' dir='ltr' id='par_1_33' title="bbox 1811 1902 3263 1993">
     <span class='ocr_line' id='line_1_36' title="bbox 1811 1902 3263 1993; baseline -0.005 -13"><span class='ocrx_word' id='word_1_251' title='bbox 1811 1913 1853 1968; x_wconf 73' lang='grc' dir='ltr'><strong><em>Β</em></strong></span> <span class='ocrx_word' id='word_1_252' title='bbox 1885 1926 2052 1980; x_wconf 85' lang='lat' dir='ltr'><strong>urbes</strong></span> <span class='ocrx_word' id='word_1_253' title='bbox 2079 1934 2397 1993; x_wconf 85' lang='lat' dir='ltr'><strong>supersunt.</strong></span> <span class='ocrx_word' id='word_1_254' title='bbox 3258 1902 3263 1911; x_wconf 51' lang='grc'>’</span> 
     </span>
    </p>
   </div>
   <div class='ocr_carea' id='block_1_34' title="bbox 1949 2005 3461 2075">
    <p class='ocr_par' dir='ltr' id='par_1_34' title="bbox 1949 2005 3461 2075">
     <span class='ocr_line' id='line_1_37' title="bbox 1949 2005 3461 2075; baseline -0.01 -4"><span class='ocrx_word' id='word_1_255' title='bbox 1949 2016 2089 2071; x_wconf 82' lang='lat' dir='ltr'><strong>XVI.</strong></span> <span class='ocrx_word' id='word_1_256' title='bbox 2128 2014 2404 2069; x_wconf 77' lang='lat' dir='ltr'><strong>Meusibus</strong></span> <span class='ocrx_word' id='word_1_257' title='bbox 2439 2013 2658 2068; x_wconf 76' lang='lat' dir='ltr'><strong>interim</strong></span> <span class='ocrx_word' id='word_1_258' title='bbox 2689 2010 2905 2064; x_wconf 83' lang='lat' dir='ltr'><strong>duobus</strong></span> <span class='ocrx_word' id='word_1_259' title='bbox 2932 2009 3048 2063; x_wconf 81' lang='lat' dir='ltr'><strong>fere</strong></span> <span class='ocrx_word' id='word_1_260' title='bbox 3080 2005 3461 2075; x_wconf 64' lang='lat' dir='ltr'><strong>praeterlapsis</strong></span> 
     </span>
    </p>
   </div>
   <div class='ocr_carea' id='block_1_35' title="bbox 1883 2096 3459 2168">
    <p class='ocr_par' dir='ltr' id='par_1_35' title="bbox 1883 2096 3459 2168">
     <span class='ocr_line' id='line_1_38' title="bbox 1883 2096 3459 2168; baseline -0.008 -8"><span class='ocrx_word' id='word_1_261' title='bbox 1883 2108 2031 2161; x_wconf 85' lang='lat' dir='ltr'><strong>venit</strong></span> <span class='ocrx_word' id='word_1_262' title='bbox 2060 2121 2129 2161; x_wconf 78' lang='lat' dir='ltr'><strong>ex</strong></span> <span class='ocrx_word' id='word_1_263' title='bbox 2149 2104 2370 2159; x_wconf 90' lang='lat' dir='ltr'><strong>Tenedo</strong></span> <span class='ocrx_word' id='word_1_264' title='bbox 2416 2104 2581 2158; x_wconf 87' lang='lat' dir='ltr'><strong>etiam</strong></span> <span class='ocrx_word' id='word_1_265' title='bbox 2639 2103 2916 2162; x_wconf 77' lang='lat' dir='ltr'><strong>Callistus,</strong></span> <span class='ocrx_word' id='word_1_266' title='bbox 2950 2115 3113 2168; x_wconf 87' lang='lat' dir='ltr'><strong>quem</strong></span> <span class='ocrx_word' id='word_1_267' title='bbox 3163 2096 3459 2166; x_wconf 88' lang='lat' dir='ltr'><strong>appellant,</strong></span> 
     </span>
    </p>
   </div>
   <div class='ocr_carea' id='block_1_36' title="bbox 1882 2189 3462 2269">
    <p class='ocr_par' dir='ltr' id='par_1_36' title="bbox 1882 2189 3462 2269">
     <span class='ocr_line' id='line_1_39' title="bbox 1882 2189 3462 2269; baseline -0.01 -16"><span class='ocrx_word' id='word_1_268' title='bbox 1882 2198 2198 2269; x_wconf 84' lang='lat' dir='ltr'><strong>patriarcha</strong></span> <span class='ocrx_word' id='word_1_269' title='bbox 2230 2196 2566 2251; x_wconf 87' lang='lat' dir='ltr'><strong>constitutus</strong></span> <span class='ocrx_word' id='word_1_270' title='bbox 2595 2208 2834 2247; x_wconf 89' lang='lat' dir='ltr'><strong>rursusa</strong></span> <span class='ocrx_word' id='word_1_271' title='bbox 2859 2192 3164 2258; x_wconf 71' lang='lat' dir='ltr'><strong>Palmologo</strong></span> <span class='ocrx_word' id='word_1_272' title='bbox 3193 2189 3350 2255; x_wconf 90' lang='lat' dir='ltr'><strong>imp.,</strong></span> <span class='ocrx_word' id='word_1_273' title='bbox 3373 2194 3462 2238; x_wconf 92' lang='lat' dir='ltr'><strong>ut-</strong></span> 
     </span>
    </p>
   </div>
   <div class='ocr_carea' id='block_1_37' title="bbox 1882 2285 3467 2362">
    <p class='ocr_par' dir='ltr' id='par_1_37' title="bbox 1882 2285 3467 2362">
     <span class='ocr_line' id='line_1_40' title="bbox 1882 2285 3467 2362; baseline -0.011 -15"><span class='ocrx_word' id='word_1_274' title='bbox 1882 2302 2010 2362; x_wconf 86' lang='lat' dir='ltr'><strong>pote</strong></span> <span class='ocrx_word' id='word_1_275' title='bbox 2041 2292 2203 2345; x_wconf 87' lang='lat' dir='ltr'><strong>rebus</strong></span> <span class='ocrx_word' id='word_1_276' title='bbox 2232 2290 2349 2359; x_wconf 87' lang='lat' dir='ltr'><strong>ejus</strong></span> <span class='ocrx_word' id='word_1_277' title='bbox 2389 2296 2450 2341; x_wconf 94' lang='lat' dir='ltr'><strong>ut</strong></span> <span class='ocrx_word' id='word_1_278' title='bbox 2484 2287 2775 2340; x_wconf 84' lang='lat' dir='ltr'><strong>videbatur</strong></span> <span class='ocrx_word' id='word_1_279' title='bbox 2804 2285 3057 2342; x_wconf 85' lang='lat' dir='ltr'><strong>studens,</strong></span> <span class='ocrx_word' id='word_1_280' title='bbox 3082 2295 3259 2350; x_wconf 89' lang='lat' dir='ltr'><strong>neque</strong></span> <span class='ocrx_word' id='word_1_281' title='bbox 3286 2291 3467 2333; x_wconf 76' lang='lat' dir='ltr'><strong>tamen</strong></span> 
     </span>
    </p>
   </div>
   <div class='ocr_carea' id='block_1_38' title="bbox 1884 2372 3467 2451">
    <p class='ocr_par' dir='ltr' id='par_1_38' title="bbox 1884 2372 3467 2451">
     <span class='ocr_line' id='line_1_41' title="bbox 1884 2372 3467 2451; baseline -0.008 -14"><span class='ocrx_word' id='word_1_282' title='bbox 1884 2383 1934 2438; x_wconf 92' lang='lat' dir='ltr'><strong>ei</strong></span> <span class='ocrx_word' id='word_1_283' title='bbox 1977 2392 2234 2451; x_wconf 87' lang='lat' dir='ltr'><strong>acceptus</strong></span> <span class='ocrx_word' id='word_1_284' title='bbox 2288 2380 2393 2434; x_wconf 90' lang='lat' dir='ltr'><strong>uisi</strong></span> <span class='ocrx_word' id='word_1_285' title='bbox 2424 2395 2491 2435; x_wconf 83' lang='lat' dir='ltr'><strong>ex</strong></span> <span class='ocrx_word' id='word_1_286' title='bbox 2523 2381 2644 2449; x_wconf 89' lang='lat' dir='ltr'><strong>ejus</strong></span> <span class='ocrx_word' id='word_1_287' title='bbox 2674 2388 2860 2448; x_wconf 79' lang='lat' dir='ltr'><strong>ageret</strong></span> <span class='ocrx_word' id='word_1_288' title='bbox 2885 2375 3140 2429; x_wconf 87' lang='lat' dir='ltr'><strong>arbitrio.</strong></span> <span class='ocrx_word' id='word_1_289' title='bbox 3199 2374 3300 2427; x_wconf 89' lang='lat' dir='ltr'><strong>Hic</strong></span> <span class='ocrx_word' id='word_1_290' title='bbox 3321 2372 3467 2426; x_wconf 89' lang='lat' dir='ltr'><strong>enim</strong></span> 
     </span>
    </p>
   </div>
   <div class='ocr_carea' id='block_1_39' title="bbox 1884 2462 3471 2538">
    <p class='ocr_par' dir='ltr' id='par_1_39' title="bbox 1884 2462 3471 2538">
     <span class='ocr_line' id='line_1_42' title="bbox 1884 2462 3471 2538; baseline -0.008 -9"><span class='ocrx_word' id='word_1_291' title='bbox 1884 2474 2103 2530; x_wconf 77' lang='lat' dir='ltr'><strong>volebat</strong></span> <span class='ocrx_word' id='word_1_292' title='bbox 2132 2488 2324 2528; x_wconf 90' lang='lat' dir='ltr'><strong>omnes</strong></span> <span class='ocrx_word' id='word_1_293' title='bbox 2355 2473 2410 2525; x_wconf 93' lang='lat' dir='ltr'><strong>in</strong></span> <span class='ocrx_word' id='word_1_294' title='bbox 2445 2462 2773 2526; x_wconf 88' lang='lat' dir='ltr'><strong>universum</strong></span> <span class='ocrx_word' id='word_1_295' title='bbox 2800 2469 3091 2538; x_wconf 86' lang='lat' dir='ltr'><strong>episcopos</strong></span> <span class='ocrx_word' id='word_1_296' title='bbox 3130 2473 3186 2521; x_wconf 90' lang='lat' dir='ltr'><strong>et</strong></span> <span class='ocrx_word' id='word_1_297' title='bbox 3215 2466 3471 2519; x_wconf 83' lang='lat' dir='ltr'><strong>sacerdo-</strong></span> 
     </span>
    </p>
   </div>
   <div class='ocr_carea' id='block_1_40' title="bbox 1887 2561 3473 2636">
    <p class='ocr_par' dir='ltr' id='par_1_40' title="bbox 1887 2561 3473 2636">
     <span class='ocr_line' id='line_1_43' title="bbox 1887 2561 3473 2636; baseline -0.008 -15"><span class='ocrx_word' id='word_1_298' title='bbox 1887 2577 1969 2621; x_wconf 87' lang='lat' dir='ltr'><strong>tes</strong></span> <span class='ocrx_word' id='word_1_299' title='bbox 2015 2566 2312 2636; x_wconf 77' lang='lat' dir='ltr'><strong>episcOpali</strong></span> <span class='ocrx_word' id='word_1_300' title='bbox 2358 2563 2669 2621; x_wconf 89' lang='lat' dir='ltr'><strong>sacerdotio</strong></span> <span class='ocrx_word' id='word_1_301' title='bbox 2721 2577 2944 2616; x_wconf 76' lang='lat' dir='ltr'><strong>exuere.</strong></span> <span class='ocrx_word' id='word_1_302' title='bbox 2973 2561 3273 2629; x_wconf 86' lang='lat' dir='ltr'><strong>Imperator</strong></span> <span class='ocrx_word' id='word_1_303' title='bbox 3336 2572 3473 2611; x_wconf 82' lang='lat' dir='ltr'><strong>cou-</strong></span> 
     </span>
    </p>
   </div>
   <div class='ocr_carea' id='block_1_41' title="bbox 1887 2644 3472 2720">
    <p class='ocr_par' dir='ltr' id='par_1_41' title="bbox 1887 2644 3472 2720">
     <span class='ocr_line' id='line_1_44' title="bbox 1887 2644 3472 2720; baseline -0.013 -2"><span class='ocrx_word' id='word_1_304' title='bbox 1887 2662 2099 2718; x_wconf 88' lang='lat' dir='ltr'><strong>seutire</strong></span> <span class='ocrx_word' id='word_1_305' title='bbox 2157 2658 2360 2720; x_wconf 89' lang='lat' dir='ltr'><strong>noluit,</strong></span> <span class='ocrx_word' id='word_1_306' title='bbox 2420 2657 2527 2711; x_wconf 89' lang='lat' dir='ltr'><strong>nisi</strong></span> <span class='ocrx_word' id='word_1_307' title='bbox 2590 2654 2985 2709; x_wconf 82' lang='lat' dir='ltr'><strong>convenientes</strong></span> <span class='ocrx_word' id='word_1_308' title='bbox 3036 2649 3095 2703; x_wconf 86' lang='lat' dir='ltr'><strong>in</strong></span> <span class='ocrx_word' id='word_1_309' title='bbox 3154 2662 3323 2701; x_wconf 92' lang='lat' dir='ltr'><strong>unum</strong></span> <span class='ocrx_word' id='word_1_310' title='bbox 3367 2644 3472 2699; x_wconf 86' lang='lat' dir='ltr'><strong>sibi</strong></span> 
     </span>
    </p>
   </div>
   <div class='ocr_carea' id='block_1_42' title="bbox 1890 2742 3475 2811">
    <p class='ocr_par' dir='ltr' id='par_1_42' title="bbox 1890 2742 3475 2811">
     <span class='ocr_line' id='line_1_45' title="bbox 1890 2742 3475 2811; baseline -0.013 -1"><span class='ocrx_word' id='word_1_311' title='bbox 1890 2756 2123 2811; x_wconf 83' lang='lat' dir='ltr'><strong>invicem</strong></span> <span class='ocrx_word' id='word_1_312' title='bbox 2160 2751 2505 2806; x_wconf 89' lang='lat' dir='ltr'><strong>remitterent</strong></span> <span class='ocrx_word' id='word_1_313' title='bbox 2526 2748 2777 2802; x_wconf 85' lang='lat' dir='ltr'><strong>crimina.</strong></span> <span class='ocrx_word' id='word_1_314' title='bbox 2815 2745 2950 2799; x_wconf 89' lang='lat' dir='ltr'><strong>Sero</strong></span> <span class='ocrx_word' id='word_1_315' title='bbox 2976 2742 3199 2811; x_wconf 88' lang='lat' dir='ltr'><strong>quidem</strong></span> <span class='ocrx_word' id='word_1_316' title='bbox 3229 2749 3285 2793; x_wconf 91' lang='lat' dir='ltr'><strong>et</strong></span> <span class='ocrx_word' id='word_1_317' title='bbox 3309 2752 3475 2806; x_wconf 72' lang='lat' dir='ltr'><strong>teger-</strong></span> 
     </span>
    </p>
   </div>
   <div class='ocr_carea' id='block_1_43' title="bbox 229 2834 1804 2922">
    <p class='ocr_par' dir='ltr' id='par_1_43' title="bbox 229 2836 1787 2922">
     <span class='ocr_line' id='line_1_46' title="bbox 229 2836 1787 2922; baseline -0.013 -16"><span class='ocrx_word' id='word_1_318' title='bbox 229 2853 385 2922; x_wconf 61' lang='grc' dir='ltr'>ἀφῶσι</span> <span class='ocrx_word' id='word_1_319' title='bbox 414 2851 809 2919; x_wconf 72' lang='grc' dir='ltr'>τάγκλήματα,</span> <span class='ocrx_word' id='word_1_320' title='bbox 847 2846 1122 2905; x_wconf 77' lang='grc' dir='ltr'><strong>συνιόντες</strong></span> <span class='ocrx_word' id='word_1_321' title='bbox 1148 2846 1229 2905; x_wconf 83' lang='grc' dir='ltr'><strong>είς</strong></span> <span class='ocrx_word' id='word_1_322' title='bbox 1260 2842 1340 2893; x_wconf 77' lang='grc' dir='ltr'><strong>ἓν.</strong></span> <span class='ocrx_word' id='word_1_323' title='bbox 1381 2839 1512 2907; x_wconf 76' lang='grc' dir='ltr'><strong>Ὀψέ</strong></span> <span class='ocrx_word' id='word_1_324' title='bbox 1558 2856 1622 2904; x_wconf 91' lang='grc' dir='ltr'><strong>γε</strong></span> <span class='ocrx_word' id='word_1_325' title='bbox 1680 2836 1787 2905; x_wconf 88' lang='grc' dir='ltr'><strong>μὴν</strong></span> 
     </span>
    </p>
   </div>
   <div class='ocr_carea' id='block_1_44' title="bbox 1908 2834 3466 2922">
    <p class='ocr_par' dir='ltr' id='par_1_44' title="bbox 1908 2834 3466 2916">
     <span class='ocr_line' id='line_1_47' title="bbox 1908 2834 3466 2916; baseline -0.013 -14"><span class='ocrx_word' id='word_1_326' title='bbox 1908 2849 2031 2903; x_wconf 75' lang='lat' dir='ltr'><strong>&#39;ime</strong></span> <span class='ocrx_word' id='word_1_327' title='bbox 2061 2844 2412 2916; x_wconf 85' lang='lat' dir='ltr'><strong>imperatoris</strong></span> <span class='ocrx_word' id='word_1_328' title='bbox 2435 2842 2737 2895; x_wconf 84' lang='lat' dir='ltr'><strong>humanum</strong></span> <span class='ocrx_word' id='word_1_329' title='bbox 2773 2836 2904 2891; x_wconf 86' lang='lat' dir='ltr'><strong>vicit</strong></span> <span class='ocrx_word' id='word_1_330' title='bbox 2932 2834 3244 2891; x_wconf 85' lang='lat' dir='ltr'><strong>consilium,</strong></span> <span class='ocrx_word' id='word_1_331' title='bbox 3287 2843 3466 2899; x_wconf 85' lang='lat' dir='ltr'><strong>neque</strong></span> 
     </span>
    </p>
   </div>
   <div class='ocr_carea' id='block_1_45' title="bbox 231 2921 1804 3012">
    <p class='ocr_par' dir='ltr' id='par_1_45' title="bbox 231 2921 1788 3012">
     <span class='ocr_line' id='line_1_48' title="bbox 231 2921 1788 3012; baseline -0.012 -16"><span class='ocrx_word' id='word_1_332' title='bbox 231 2921 311 2997; x_wconf 70' lang='grc' dir='ltr'>καὶ</span> <span class='ocrx_word' id='word_1_333' title='bbox 359 2944 560 3012; x_wconf 76' lang='grc' dir='ltr'>σφόδρα</span> <span class='ocrx_word' id='word_1_334' title='bbox 631 2947 787 3010; x_wconf 81' lang='grc' dir='ltr'>μόγις</span> <span class='ocrx_word' id='word_1_335' title='bbox 837 2940 868 3006; x_wconf 87' lang='grc' dir='ltr'>ὴ</span> <span class='ocrx_word' id='word_1_336' title='bbox 919 2937 1014 2989; x_wconf 86' lang='grc' dir='ltr'>τοῦ</span> <span class='ocrx_word' id='word_1_337' title='bbox 1074 2935 1345 3004; x_wconf 78' lang='grc' dir='ltr'>βασιλέως</span> <span class='ocrx_word' id='word_1_338' title='bbox 1398 2929 1788 2999; x_wconf 85' lang='grc' dir='ltr'>φιλάνθρωπος</span> 
     </span>
    </p>
   </div>
   <div class='ocr_carea' id='block_1_46' title="bbox 1908 2921 3474 3012">
    <p class='ocr_par' dir='ltr' id='par_1_46' title="bbox 1908 2921 3474 3007">
     <span class='ocr_line' id='line_1_49' title="bbox 1908 2921 3474 3007; baseline -0.015 -10"><span class='ocrx_word' id='word_1_339' title='bbox 1908 2941 2041 2997; x_wconf 83' lang='lat' dir='ltr'><strong>)mni</strong></span> <span class='ocrx_word' id='word_1_340' title='bbox 2077 2954 2144 2994; x_wconf 75' lang='lat' dir='ltr'><strong>ex</strong></span> <span class='ocrx_word' id='word_1_341' title='bbox 2184 2945 2356 3007; x_wconf 88' lang='lat' dir='ltr'><strong>parte,</strong></span> <span class='ocrx_word' id='word_1_342' title='bbox 2380 2945 2435 2989; x_wconf 90' lang='lat' dir='ltr'><strong>at</strong></span> <span class='ocrx_word' id='word_1_343' title='bbox 2461 2934 2591 2988; x_wconf 86' lang='lat' dir='ltr'><strong>vicit</strong></span> <span class='ocrx_word' id='word_1_344' title='bbox 2619 2949 2634 2997; x_wconf 91' lang='lat'><strong>;</strong></span> <span class='ocrx_word' id='word_1_345' title='bbox 2665 2929 2942 3000; x_wconf 86' lang='lat' dir='ltr'><strong>episcopis</strong></span> <span class='ocrx_word' id='word_1_346' title='bbox 2966 2927 3114 2981; x_wconf 89' lang='lat' dir='ltr'><strong>enim</strong></span> <span class='ocrx_word' id='word_1_347' title='bbox 3146 2924 3231 2977; x_wconf 90' lang='lat' dir='ltr'><strong>vel</strong></span> <span class='ocrx_word' id='word_1_348' title='bbox 3268 2921 3474 2976; x_wconf 87' lang='lat' dir='ltr'><strong>invitus</strong></span> 
     </span>
    </p>
   </div>
   <div class='ocr_carea' id='block_1_47' title="bbox 234 3016 1804 3121">
    <p class='ocr_par' dir='ltr' id='par_1_47' title="bbox 234 3016 1788 3104">
     <span class='ocr_line' id='line_1_50' title="bbox 234 3016 1788 3104; baseline -0.009 -18"><span class='ocrx_word' id='word_1_349' title='bbox 234 3036 460 3102; x_wconf 73' lang='grc' dir='ltr'>νενίκηκε</span> <span class='ocrx_word' id='word_1_350' title='bbox 492 3033 777 3104; x_wconf 79' lang='grc' dir='ltr'>βούλησις.</span> <span class='ocrx_word' id='word_1_351' title='bbox 815 3031 890 3083; x_wconf 84' lang='grc' dir='ltr'><strong>Οὐ</strong></span> <span class='ocrx_word' id='word_1_352' title='bbox 922 3029 1119 3089; x_wconf 78' lang='grc' dir='ltr'><strong>τελέως</strong></span> <span class='ocrx_word' id='word_1_353' title='bbox 1152 3027 1274 3097; x_wconf 78' lang='grc' dir='ltr'>μὲν,</span> <span class='ocrx_word' id='word_1_354' title='bbox 1306 3025 1560 3093; x_wconf 77' lang='grc' dir='ltr'>νενίκηκε</span> <span class='ocrx_word' id='word_1_355' title='bbox 1585 3021 1629 3075; x_wconf 84' lang='grc' dir='ltr'>δ’</span> <span class='ocrx_word' id='word_1_356' title='bbox 1668 3016 1788 3073; x_wconf 83' lang='grc' dir='ltr'><strong>οὖν.</strong></span> 
     </span>
    </p>
   </div>
   <div class='ocr_carea' id='block_1_48' title="bbox 1908 3016 3474 3121">
    <p class='ocr_par' dir='ltr' id='par_1_48' title="bbox 1908 3020 3474 3099">
     <span class='ocr_line' id='line_1_51' title="bbox 1908 3020 3474 3099; baseline -0.013 -11"><span class='ocrx_word' id='word_1_357' title='bbox 1908 3034 2140 3088; x_wconf 70' lang='lat' dir='ltr'><strong>Salixtus</strong></span> <span class='ocrx_word' id='word_1_358' title='bbox 2170 3045 2379 3085; x_wconf 89' lang='lat' dir='ltr'><strong>morem</strong></span> <span class='ocrx_word' id='word_1_359' title='bbox 2424 3027 2670 3099; x_wconf 77' lang='lat' dir='ltr'><strong>gerebat,</strong></span> <span class='ocrx_word' id='word_1_360' title='bbox 2700 3020 3022 3093; x_wconf 81' lang='lat' dir='ltr'><strong>patriarchae</strong></span> <span class='ocrx_word' id='word_1_361' title='bbox 3072 3032 3203 3072; x_wconf 80' lang='lat' dir='ltr'><strong>vero</strong></span> <span class='ocrx_word' id='word_1_362' title='bbox 3248 3022 3371 3085; x_wconf 91' lang='lat' dir='ltr'><strong>post</strong></span> <span class='ocrx_word' id='word_1_363' title='bbox 3413 3027 3474 3067; x_wconf 85' lang='lat' dir='ltr'><strong>se</strong></span> 
     </span>
    </p>
   </div>
   <div class='ocr_carea' id='block_1_49' title="bbox 220 1928 783 2001">
    <p class='ocr_par' dir='ltr' id='par_1_49' title="bbox 220 1928 783 2001">
     <span class='ocr_line' id='line_1_52' title="bbox 220 1928 783 2001; baseline -0.004 -17"><span class='ocrx_word' id='word_1_364' title='bbox 220 1930 548 2001; x_wconf 69' lang='grc' dir='ltr'>προδέδονται</span> <span class='ocrx_word' id='word_1_365' title='bbox 577 1928 783 1990; x_wconf 83' lang='grc' dir='ltr'>πόλεις.</span> 
     </span>
    </p>
   </div>
   <div class='ocr_carea' id='block_1_50' title="bbox 281 2011 1779 2091">
    <p class='ocr_par' dir='ltr' id='par_1_50' title="bbox 281 2011 1779 2091">
     <span class='ocr_line' id='line_1_53' title="bbox 281 2011 1779 2091; baseline -0.008 -17"><span class='ocrx_word' id='word_1_366' title='bbox 281 2023 390 2088; x_wconf 71' lang='grc' dir='ltr'><strong>ἶς’.</strong></span> <span class='ocrx_word' id='word_1_367' title='bbox 429 2021 635 2091; x_wconf 81' lang='grc' dir='ltr'>Μηνῶν</span> <span class='ocrx_word' id='word_1_368' title='bbox 660 2022 708 2072; x_wconf 54' lang='grc' dir='ltr'><strong>’δ’</strong></span> <span class='ocrx_word' id='word_1_369' title='bbox 745 2023 912 2090; x_wconf 80' lang='grc' dir='ltr'>ἐγγὺς</span> <span class='ocrx_word' id='word_1_370' title='bbox 958 2022 1106 2074; x_wconf 86' lang='grc' dir='ltr'>δυοῖν</span> <span class='ocrx_word' id='word_1_371' title='bbox 1152 2017 1355 2087; x_wconf 77' lang='grc' dir='ltr'>μεταξῦ</span> <span class='ocrx_word' id='word_1_372' title='bbox 1387 2011 1779 2084; x_wconf 79' lang='grc' dir='ltr'>παρερρυηκό-</span> 
     </span>
    </p>
   </div>
   <div class='ocr_carea' id='block_1_51' title="bbox 219 2101 1779 2183">
    <p class='ocr_par' dir='ltr' id='par_1_51' title="bbox 219 2101 1779 2183">
     <span class='ocr_line' id='line_1_54' title="bbox 219 2101 1779 2183; baseline -0.009 -17"><span class='ocrx_word' id='word_1_373' title='bbox 219 2131 313 2166; x_wconf 82' lang='grc' dir='ltr'>των</span> <span class='ocrx_word' id='word_1_374' title='bbox 338 2107 467 2183; x_wconf 79' lang='grc' dir='ltr'>ἧκεν</span> <span class='ocrx_word' id='word_1_375' title='bbox 515 2116 583 2165; x_wconf 80' lang='grc' dir='ltr'>ὲκ</span> <span class='ocrx_word' id='word_1_376' title='bbox 617 2112 843 2165; x_wconf 80' lang='grc' dir='ltr'>Τενέδου</span> <span class='ocrx_word' id='word_1_377' title='bbox 887 2113 982 2165; x_wconf 74' lang='grc' dir='ltr'>καὶ</span> <span class='ocrx_word' id='word_1_378' title='bbox 1023 2114 1049 2163; x_wconf 84' lang='grc' dir='ltr'>ὁ</span> <span class='ocrx_word' id='word_1_379' title='bbox 1086 2109 1390 2167; x_wconf 80' lang='grc' dir='ltr'><strong>Κάλλιστος</strong></span> <span class='ocrx_word' id='word_1_380' title='bbox 1435 2103 1579 2155; x_wconf 75' lang='grc' dir='ltr'>οὓτω</span> <span class='ocrx_word' id='word_1_381' title='bbox 1623 2101 1779 2169; x_wconf 79' lang='grc' dir='ltr'>λεγό-</span> 
     </span>
    </p>
   </div>
   <div class='ocr_carea' id='block_1_52' title="bbox 224 2191 1779 2277">
    <p class='ocr_par' dir='ltr' id='par_1_52' title="bbox 224 2191 1779 2277">
     <span class='ocr_line' id='line_1_55' title="bbox 224 2191 1779 2277; baseline -0.011 -17"><span class='ocrx_word' id='word_1_382' title='bbox 224 2224 384 2277; x_wconf 88' lang='grc' dir='ltr'>μενος,</span> <span class='ocrx_word' id='word_1_383' title='bbox 435 2205 791 2275; x_wconf 82' lang='grc' dir='ltr'>πατριάρχης</span> <span class='ocrx_word' id='word_1_384' title='bbox 848 2204 945 2273; x_wconf 84' lang='grc' dir='ltr'>μὲν</span> <span class='ocrx_word' id='word_1_385' title='bbox 995 2197 1135 2254; x_wconf 78' lang='grc' dir='ltr'>εἶναι</span> <span class='ocrx_word' id='word_1_386' title='bbox 1197 2195 1573 2267; x_wconf 73' lang='grc' dir='ltr'>συγχωρηθεὶς</span> <span class='ocrx_word' id='word_1_387' title='bbox 1622 2191 1779 2254; x_wconf 81' lang='grc' dir='ltr'>αὖθις</span> 
     </span>
    </p>
   </div>
   <div class='ocr_carea' id='block_1_53' title="bbox 223 2284 1781 2368">
    <p class='ocr_par' dir='ltr' id='par_1_53' title="bbox 223 2284 1781 2368">
     <span class='ocr_line' id='line_1_56' title="bbox 223 2284 1781 2368; baseline -0.01 -18"><span class='ocrx_word' id='word_1_388' title='bbox 223 2299 345 2368; x_wconf 82' lang='grc' dir='ltr'>πρὸς</span> <span class='ocrx_word' id='word_1_389' title='bbox 368 2298 741 2363; x_wconf 83' lang='grc' dir='ltr'>Παλαιολόγου</span> <span class='ocrx_word' id='word_1_390' title='bbox 775 2295 865 2349; x_wconf 84' lang='grc' dir='ltr'>τοῦ</span> <span class='ocrx_word' id='word_1_391' title='bbox 906 2292 1192 2364; x_wconf 78' lang='grc' dir='ltr'>βασιλέως,</span> <span class='ocrx_word' id='word_1_392' title='bbox 1230 2291 1325 2344; x_wconf 75' lang='grc' dir='ltr'><strong>ἆτε</strong></span> <span class='ocrx_word' id='word_1_393' title='bbox 1356 2285 1672 2356; x_wconf 80' lang='grc' dir='ltr'>ἐζηλωκὼς,</span> <span class='ocrx_word' id='word_1_394' title='bbox 1706 2284 1781 2345; x_wconf 83' lang='grc' dir='ltr'>ὡς</span> 
     </span>
    </p>
   </div>
   <div class='ocr_carea' id='block_1_54' title="bbox 222 2374 1780 2460">
    <p class='ocr_par' dir='ltr' id='par_1_54' title="bbox 222 2374 1780 2460">
     <span class='ocr_line' id='line_1_57' title="bbox 222 2374 1780 2460; baseline -0.011 -15"><span class='ocrx_word' id='word_1_395' title='bbox 222 2393 403 2457; x_wconf 75' lang='grc' dir='ltr'>ἔδοξεν,</span> <span class='ocrx_word' id='word_1_396' title='bbox 429 2392 576 2460; x_wconf 83' lang='grc' dir='ltr'>ὑπὲρ</span> <span class='ocrx_word' id='word_1_397' title='bbox 625 2389 817 2451; x_wconf 83' lang='grc' dir='ltr'>αὑτοῦ,</span> <span class='ocrx_word' id='word_1_398' title='bbox 860 2390 934 2457; x_wconf 79' lang='grc' dir='ltr'>μὴ</span> <span class='ocrx_word' id='word_1_399' title='bbox 972 2386 1343 2455; x_wconf 82' lang='grc' dir='ltr'>στεργόμενος</span> <span class='ocrx_word' id='word_1_400' title='bbox 1375 2381 1419 2433; x_wconf 81' lang='grc' dir='ltr'>δ’</span> <span class='ocrx_word' id='word_1_401' title='bbox 1446 2374 1562 2442; x_wconf 78' lang='grc' dir='ltr'>οῦν,</span> <span class='ocrx_word' id='word_1_402' title='bbox 1599 2380 1647 2429; x_wconf 76' lang='grc' dir='ltr'>εἰ</span> <span class='ocrx_word' id='word_1_403' title='bbox 1704 2378 1780 2444; x_wconf 81' lang='grc' dir='ltr'>μὴ</span> 
     </span>
    </p>
   </div>
   <div class='ocr_carea' id='block_1_55' title="bbox 222 2467 1781 2553">
    <p class='ocr_par' dir='ltr' id='par_1_55' title="bbox 222 2467 1781 2553">
     <span class='ocr_line' id='line_1_58' title="bbox 222 2467 1781 2553; baseline -0.013 -16"><span class='ocrx_word' id='word_1_404' title='bbox 222 2486 283 2537; x_wconf 78' lang='grc' dir='ltr'>τὰ</span> <span class='ocrx_word' id='word_1_405' title='bbox 304 2485 435 2538; x_wconf 78' lang='grc' dir='ltr'>κατὰ</span> <span class='ocrx_word' id='word_1_406' title='bbox 469 2482 731 2553; x_wconf 81' lang='grc' dir='ltr'>βούλησιν</span> <span class='ocrx_word' id='word_1_407' title='bbox 759 2479 904 2549; x_wconf 80' lang='grc' dir='ltr'>δρῴη</span> <span class='ocrx_word' id='word_1_408' title='bbox 944 2476 1116 2545; x_wconf 80' lang='grc' dir='ltr'>αὐτῷ.</span> <span class='ocrx_word' id='word_1_409' title='bbox 1160 2475 1218 2526; x_wconf 84' lang='lat'><strong>&#39;0</strong></span> <span class='ocrx_word' id='word_1_410' title='bbox 1247 2473 1345 2542; x_wconf 83' lang='grc' dir='ltr'>μὲν</span> <span class='ocrx_word' id='word_1_411' title='bbox 1384 2470 1492 2540; x_wconf 75' lang='grc' dir='ltr'>γὰρ</span> <span class='ocrx_word' id='word_1_412' title='bbox 1526 2467 1781 2521; x_wconf 77' lang='grc' dir='ltr'>ὲὸούλετο</span> 
     </span>
    </p>
   </div>
   <div class='ocr_carea' id='block_1_56' title="bbox 224 2562 1783 2644">
    <p class='ocr_par' dir='ltr' id='par_1_56' title="bbox 224 2562 1783 2644">
     <span class='ocr_line' id='line_1_59' title="bbox 224 2562 1783 2644; baseline -0.014 -12"><span class='ocrx_word' id='word_1_413' title='bbox 224 2580 429 2639; x_wconf 80' lang='grc' dir='ltr'>πάντας,</span> <span class='ocrx_word' id='word_1_414' title='bbox 455 2575 767 2644; x_wconf 75' lang='grc' dir='ltr'>συλλήϐδην</span> <span class='ocrx_word' id='word_1_415' title='bbox 802 2574 997 2633; x_wconf 82' lang='grc' dir='ltr'>εἰπεῖν,</span> <span class='ocrx_word' id='word_1_416' title='bbox 1028 2568 1364 2626; x_wconf 75' lang='grc' dir='ltr'>ἐπισκόπους</span> <span class='ocrx_word' id='word_1_417' title='bbox 1402 2564 1497 2617; x_wconf 76' lang='grc' dir='ltr'><strong>καὶ</strong></span> <span class='ocrx_word' id='word_1_418' title='bbox 1539 2562 1783 2628; x_wconf 77' lang='grc' dir='ltr'><strong>πρεσϐυ-</strong></span> 
     </span>
    </p>
   </div>
   <div class='ocr_carea' id='block_1_57' title="bbox 225 2652 1788 2739">
    <p class='ocr_par' dir='ltr' id='par_1_57' title="bbox 225 2652 1788 2739">
     <span class='ocr_line' id='line_1_60' title="bbox 225 2652 1788 2739; baseline -0.012 -17"><span class='ocrx_word' id='word_1_419' title='bbox 225 2669 395 2739; x_wconf 78' lang='grc' dir='ltr'>τέρους</span> <span class='ocrx_word' id='word_1_420' title='bbox 444 2670 554 2738; x_wconf 78' lang='grc' dir='ltr'><strong>τῆς</strong></span> <span class='ocrx_word' id='word_1_421' title='bbox 612 2665 976 2732; x_wconf 80' lang='grc' dir='ltr'><strong>ὲπισκοπικῆς</strong></span> <span class='ocrx_word' id='word_1_422' title='bbox 1038 2660 1287 2714; x_wconf 77' lang='grc' dir='ltr'>καθελεῖν</span> <span class='ocrx_word' id='word_1_423' title='bbox 1342 2657 1537 2721; x_wconf 80' lang='grc' dir='ltr'><strong>ἀξίας·</strong></span> <span class='ocrx_word' id='word_1_424' title='bbox 1575 2652 1788 2722; x_wconf 83' lang='grc' dir='ltr'>βασιλεῖ</span> 
     </span>
    </p>
   </div>
   <div class='ocr_carea' id='block_1_58' title="bbox 226 2743 1787 2830">
    <p class='ocr_par' dir='ltr' id='par_1_58' title="bbox 226 2743 1787 2830">
     <span class='ocr_line' id='line_1_61' title="bbox 226 2743 1787 2830; baseline -0.012 -19"><span class='ocrx_word' id='word_1_425' title='bbox 226 2761 263 2811; x_wconf 85' lang='grc' dir='ltr'>δ’</span> <span class='ocrx_word' id='word_1_426' title='bbox 304 2762 394 2813; x_wconf 73' lang='grc' dir='ltr'><strong>οὐκ</strong></span> <span class='ocrx_word' id='word_1_427' title='bbox 434 2756 499 2830; x_wconf 85' lang='grc' dir='ltr'><strong>ἦν</strong></span> <span class='ocrx_word' id='word_1_428' title='bbox 564 2756 674 2811; x_wconf 78' lang='grc' dir='ltr'>οὐδ’</span> <span class='ocrx_word' id='word_1_429' title='bbox 721 2755 971 2810; x_wconf 81' lang='grc' dir='ltr'>ὁπωσοῦν</span> <span class='ocrx_word' id='word_1_430' title='bbox 1027 2752 1278 2811; x_wconf 83' lang='grc' dir='ltr'>ἀνεκτὸν,</span> <span class='ocrx_word' id='word_1_431' title='bbox 1311 2750 1359 2800; x_wconf 75' lang='grc' dir='ltr'>εἰ</span> <span class='ocrx_word' id='word_1_432' title='bbox 1416 2746 1490 2817; x_wconf 83' lang='grc' dir='ltr'>μὴ</span> <span class='ocrx_word' id='word_1_433' title='bbox 1536 2743 1787 2813; x_wconf 84' lang='grc' dir='ltr'>ἀλλήλοις</span> 
     </span>
    </p>
   </div>
   <div class='ocr_carea' id='block_1_59' title="bbox 237 3113 1792 3197">
    <p class='ocr_par' dir='ltr' id='par_1_59' title="bbox 237 3113 1792 3197">
     <span class='ocr_line' id='line_1_62' title="bbox 237 3113 1792 3197; baseline -0.01 -18"><span class='ocrx_word' id='word_1_434' title='bbox 237 3128 345 3190; x_wconf 79' lang='grc' dir='ltr'>Τοῖς</span> <span class='ocrx_word' id='word_1_435' title='bbox 397 3113 491 3197; x_wconf 79' lang='grc' dir='ltr'>μὲν</span> <span class='ocrx_word' id='word_1_436' title='bbox 539 3126 655 3195; x_wconf 76' lang='grc' dir='ltr'><strong>γὰρ</strong></span> <span class='ocrx_word' id='word_1_437' title='bbox 708 3124 1030 3183; x_wconf 81' lang='grc' dir='ltr'>ἐπισκόποις</span> <span class='ocrx_word' id='word_1_438' title='bbox 1068 3121 1163 3171; x_wconf 71' lang='grc' dir='ltr'><strong>καὶ</strong></span> <span class='ocrx_word' id='word_1_439' title='bbox 1212 3119 1361 3173; x_wconf 80' lang='grc' dir='ltr'>ἄκων</span> <span class='ocrx_word' id='word_1_440' title='bbox 1412 3119 1439 3169; x_wconf 87' lang='grc' dir='ltr'><em>ὁ</em></span> <span class='ocrx_word' id='word_1_441' title='bbox 1489 3113 1792 3174; x_wconf 76' lang='grc' dir='ltr'>Κάλλιστος</span> 
     </span>
    </p>
   </div>
   <div class='ocr_carea' id='block_1_60' title="bbox 1894 3106 3476 3188">
    <p class='ocr_par' dir='ltr' id='par_1_60' title="bbox 1894 3106 3476 3188">
     <span class='ocr_line' id='line_1_63' title="bbox 1894 3106 3476 3188; baseline -0.014 -8"><span class='ocrx_word' id='word_1_442' title='bbox 1894 3135 2076 3180; x_wconf 88' lang='lat' dir='ltr'><strong>creato</strong></span> <span class='ocrx_word' id='word_1_443' title='bbox 2112 3122 2398 3177; x_wconf 85' lang='lat' dir='ltr'><strong>Philotheo</strong></span> <span class='ocrx_word' id='word_1_444' title='bbox 2428 3118 2753 3188; x_wconf 81' lang='lat' dir='ltr'><strong>cognomine</strong></span> <span class='ocrx_word' id='word_1_445' title='bbox 2788 3113 3027 3168; x_wconf 80' lang='lat' dir='ltr'><strong>Coccino</strong></span> <span class='ocrx_word' id='word_1_446' title='bbox 3064 3123 3295 3179; x_wconf 80' lang='lat' dir='ltr'><strong>prorsus</strong></span> <span class='ocrx_word' id='word_1_447' title='bbox 3323 3106 3476 3159; x_wconf 91' lang='lat' dir='ltr'><strong>nullo</strong></span> 
     </span>
    </p>
   </div>
   <div class='ocr_carea' id='block_1_61' title="bbox 237 3196 1804 3306">
    <p class='ocr_par' dir='ltr' id='par_1_61' title="bbox 237 3206 1791 3286">
     <span class='ocr_line' id='line_1_64' title="bbox 237 3206 1791 3286; baseline -0.01 -13"><span class='ocrx_word' id='word_1_448' title='bbox 237 3217 634 3286; x_wconf 76' lang='grc' dir='ltr'>ἐσπείσατο,τῷ</span> <span class='ocrx_word' id='word_1_449' title='bbox 685 3216 741 3268; x_wconf 82' lang='grc' dir='ltr'>δὲ</span> <span class='ocrx_word' id='word_1_450' title='bbox 786 3215 927 3285; x_wconf 84' lang='grc' dir='ltr'>μετά</span> <span class='ocrx_word' id='word_1_451' title='bbox 957 3230 1021 3279; x_wconf 76' lang='grc' dir='ltr'><strong>γε</strong></span> <span class='ocrx_word' id='word_1_452' title='bbox 1073 3212 1236 3265; x_wconf 66' lang='grc' dir='ltr'>αὑτὸν</span> <span class='ocrx_word' id='word_1_453' title='bbox 1283 3206 1791 3279; x_wconf 85' lang='grc' dir='ltr'>πατριαρχεύσαντι</span> 
     </span>
    </p>
   </div>
   <div class='ocr_carea' id='block_1_62' title="bbox 1908 3196 3476 3306">
    <p class='ocr_par' dir='ltr' id='par_1_62' title="bbox 1908 3196 3476 3279">
     <span class='ocr_line' id='line_1_65' title="bbox 1908 3196 3476 3279; baseline -0.015 -6"><span class='ocrx_word' id='word_1_454' title='bbox 1908 3218 2082 3272; x_wconf 85' lang='lat' dir='ltr'><strong>modo.</strong></span> <span class='ocrx_word' id='word_1_455' title='bbox 2111 3215 2216 3271; x_wconf 90' lang='lat' dir='ltr'><strong>Sed</strong></span> <span class='ocrx_word' id='word_1_456' title='bbox 2247 3214 2456 3269; x_wconf 87' lang='lat' dir='ltr'><strong>eisdem</strong></span> <span class='ocrx_word' id='word_1_457' title='bbox 2511 3208 2787 3279; x_wconf 87' lang='lat' dir='ltr'><strong>episcopis</strong></span> <span class='ocrx_word' id='word_1_458' title='bbox 2849 3204 3163 3260; x_wconf 78' lang='lat' dir='ltr'><strong>convocatis</strong></span> <span class='ocrx_word' id='word_1_459' title='bbox 3194 3198 3357 3269; x_wconf 77' lang='lat'><strong>250</strong></span> <span class='ocrx_word' id='word_1_460' title='bbox 3382 3196 3476 3265; x_wconf 88' lang='lat' dir='ltr'><strong>qui</strong></span> 
     </span>
    </p>
   </div>
   <div class='ocr_carea' id='block_1_63' title="bbox 240 3298 1791 3382">
    <p class='ocr_par' dir='ltr' id='par_1_63' title="bbox 240 3298 1791 3382">
     <span class='ocr_line' id='line_1_66' title="bbox 240 3298 1791 3382; baseline -0.011 -17"><span class='ocrx_word' id='word_1_461' title='bbox 240 3312 469 3382; x_wconf 77' lang='grc' dir='ltr'>Κοκκίνῳ</span> <span class='ocrx_word' id='word_1_462' title='bbox 491 3310 570 3381; x_wconf 80' lang='grc' dir='ltr'><strong>τῷ</strong></span> <span class='ocrx_word' id='word_1_463' title='bbox 594 3307 831 3374; x_wconf 75' lang='grc' dir='ltr'>Φιλοθέῳ</span> <span class='ocrx_word' id='word_1_464' title='bbox 859 3305 1137 3373; x_wconf 83' lang='grc' dir='ltr'>λεγομένῳ</span> <span class='ocrx_word' id='word_1_465' title='bbox 1164 3303 1224 3355; x_wconf 87' lang='grc' dir='ltr'><strong>τὸ</strong></span> <span class='ocrx_word' id='word_1_466' title='bbox 1254 3303 1516 3371; x_wconf 83' lang='grc' dir='ltr'>παράπαν</span> <span class='ocrx_word' id='word_1_467' title='bbox 1555 3298 1791 3366; x_wconf 78' lang='grc' dir='ltr'>οὐδαμῆ,</span> 
     </span>
    </p>
   </div>
   <div class='ocr_carea' id='block_1_64' title="bbox 240 3388 1792 3468">
    <p class='ocr_par' dir='ltr' id='par_1_64' title="bbox 240 3388 1792 3468">
     <span class='ocr_line' id='line_1_67' title="bbox 240 3388 1792 3468; baseline -0.013 -9"><span class='ocrx_word' id='word_1_468' title='bbox 240 3405 360 3459; x_wconf 78' lang='grc' dir='ltr'>ἀλλά</span> <span class='ocrx_word' id='word_1_469' title='bbox 383 3407 503 3468; x_wconf 79' lang='grc' dir='ltr'>τοὺς</span> <span class='ocrx_word' id='word_1_470' title='bbox 529 3402 733 3463; x_wconf 72' lang='grc' dir='ltr'>αὐτοὺς</span> <span class='ocrx_word' id='word_1_471' title='bbox 759 3398 1095 3455; x_wconf 78' lang='grc' dir='ltr'>ἐπισκόπους</span> <span class='ocrx_word' id='word_1_472' title='bbox 1124 3391 1501 3464; x_wconf 86' lang='grc' dir='ltr'>συνηθροικὼς</span> <span class='ocrx_word' id='word_1_473' title='bbox 1529 3390 1579 3443; x_wconf 83' lang='grc' dir='ltr'>οἳ</span> <span class='ocrx_word' id='word_1_474' title='bbox 1602 3388 1792 3442; x_wconf 86' lang='grc' dir='ltr'>τοῦτον</span> 
     </span>
    </p>
   </div>
   <div class='ocr_carea' id='block_1_65' title="bbox 244 3480 1793 3567">
    <p class='ocr_par' dir='ltr' id='par_1_65' title="bbox 244 3480 1793 3567">
     <span class='ocr_line' id='line_1_68' title="bbox 244 3480 1793 3567; baseline -0.012 -16"><span class='ocrx_word' id='word_1_475' title='bbox 244 3498 330 3567; x_wconf 77' lang='grc' dir='ltr'>μὲν</span> <span class='ocrx_word' id='word_1_476' title='bbox 378 3500 578 3567; x_wconf 84' lang='grc' dir='ltr'>πέρυσι</span> <span class='ocrx_word' id='word_1_477' title='bbox 623 3495 725 3561; x_wconf 77' lang='grc' dir='ltr'><strong>τῆς</strong></span> <span class='ocrx_word' id='word_1_478' title='bbox 769 3491 1169 3559; x_wconf 76' lang='grc' dir='ltr'>πατριαρχεὶας</span> <span class='ocrx_word' id='word_1_479' title='bbox 1230 3488 1463 3551; x_wconf 80' lang='grc' dir='ltr'>ὲξῶσαν,</span> <span class='ocrx_word' id='word_1_480' title='bbox 1506 3486 1714 3537; x_wconf 63' lang='grc' dir='ltr'>ἐκεῖνον</span> <span class='ocrx_word' id='word_1_481' title='bbox 1748 3480 1793 3533; x_wconf 86' lang='grc' dir='ltr'>δ’</span> 
     </span>
    </p>
   </div>
   <div class='ocr_carea' id='block_1_66' title="bbox 242 3576 1787 3653">
    <p class='ocr_par' dir='ltr' id='par_1_66' title="bbox 242 3576 1787 3653">
     <span class='ocr_line' id='line_1_69' title="bbox 242 3576 1787 3653; baseline -0.012 -10"><span class='ocrx_word' id='word_1_482' title='bbox 242 3591 546 3653; x_wconf 82' lang='grc' dir='ltr'>ἀνοείλοντο,</span> <span class='ocrx_word' id='word_1_483' title='bbox 609 3587 677 3639; x_wconf 85' lang='grc' dir='ltr'>δι’</span> <span class='ocrx_word' id='word_1_484' title='bbox 749 3585 931 3639; x_wconf 84' lang='grc' dir='ltr'>αὐτῶν</span> <span class='ocrx_word' id='word_1_485' title='bbox 1002 3582 1194 3650; x_wconf 72' lang='grc' dir='ltr'>ἐκείνῳ</span> <span class='ocrx_word' id='word_1_486' title='bbox 1267 3579 1368 3649; x_wconf 82' lang='grc' dir='ltr'>τὴν</span> <span class='ocrx_word' id='word_1_487' title='bbox 1441 3576 1787 3641; x_wconf 78' lang='grc' dir='ltr'>ἐπεξέλευσιν</span> 
     </span>
    </p>
   </div>
   <div class='ocr_carea' id='block_1_67' title="bbox 244 3667 1796 3752">
    <p class='ocr_par' dir='ltr' id='par_1_67' title="bbox 244 3667 1796 3752">
     <span class='ocr_line' id='line_1_70' title="bbox 244 3667 1796 3752; baseline -0.011 -18"><span class='ocrx_word' id='word_1_488' title='bbox 244 3685 528 3752; x_wconf 76' lang='grc' dir='ltr'>εἴργασται.</span> <span class='ocrx_word' id='word_1_489' title='bbox 574 3682 685 3733; x_wconf 74' lang='grc' dir='ltr'><strong>Καὶ</strong></span> <span class='ocrx_word' id='word_1_490' title='bbox 715 3679 969 3747; x_wconf 79' lang='grc' dir='ltr'>καθαιρεῖ</span> <span class='ocrx_word' id='word_1_491' title='bbox 1019 3676 1120 3745; x_wconf 82' lang='grc' dir='ltr'>μὲν</span> <span class='ocrx_word' id='word_1_492' title='bbox 1160 3673 1323 3726; x_wconf 79' lang='grc' dir='ltr'>αὑτὸν</span> <span class='ocrx_word' id='word_1_493' title='bbox 1365 3672 1463 3741; x_wconf 76' lang='grc' dir='ltr'>τῆς</span> <span class='ocrx_word' id='word_1_494' title='bbox 1496 3667 1796 3736; x_wconf 75' lang='grc' dir='ltr'><strong>ἱερωσύνης</strong></span> 
     </span>
    </p>
   </div>
   <div class='ocr_carea' id='block_1_68' title="bbox 244 3760 1802 3845">
    <p class='ocr_par' dir='ltr' id='par_1_68' title="bbox 244 3760 1802 3845">
     <span class='ocr_line' id='line_1_71' title="bbox 244 3760 1802 3845; baseline -0.012 -19"><span class='ocrx_word' id='word_1_495' title='bbox 244 3775 364 3843; x_wconf 76' lang='grc' dir='ltr'>ὁμοῦ</span> <span class='ocrx_word' id='word_1_496' title='bbox 391 3778 454 3845; x_wconf 80' lang='grc' dir='ltr'><strong>τῇ</strong></span> <span class='ocrx_word' id='word_1_497' title='bbox 486 3776 586 3845; x_wconf 81' lang='grc' dir='ltr'><strong>τῆς</strong></span> <span class='ocrx_word' id='word_1_498' title='bbox 621 3772 780 3834; x_wconf 78' lang='grc' dir='ltr'>ἀξίας</span> <span class='ocrx_word' id='word_1_499' title='bbox 826 3769 1028 3834; x_wconf 78' lang='grc' dir='ltr'>ἑλπίδι,</span> <span class='ocrx_word' id='word_1_500' title='bbox 1056 3765 1334 3834; x_wconf 72' lang='grc' dir='ltr'>ἐπιτίθησι</span> <span class='ocrx_word' id='word_1_501' title='bbox 1380 3764 1437 3815; x_wconf 82' lang='grc' dir='ltr'><strong>δὲ</strong></span> <span class='ocrx_word' id='word_1_502' title='bbox 1485 3764 1578 3814; x_wconf 81' lang='grc' dir='ltr'>καὶ</span> <span class='ocrx_word' id='word_1_503' title='bbox 1610 3760 1802 3827; x_wconf 74' lang='grc' dir='ltr'>ἀφορι-</span> 
     </span>
    </p>
   </div>
   <div class='ocr_carea' id='block_1_69' title="bbox 248 3849 1802 3931">
    <p class='ocr_par' dir='ltr' id='par_1_69' title="bbox 248 3849 1802 3931">
     <span class='ocr_line' id='line_1_72' title="bbox 248 3849 1802 3931; baseline -0.012 -13"><span class='ocrx_word' id='word_1_504' title='bbox 248 3866 381 3928; x_wconf 70' lang='grc' dir='ltr'>σθεὶς</span> <span class='ocrx_word' id='word_1_505' title='bbox 432 3862 521 3918; x_wconf 81' lang='grc' dir='ltr'><strong>ὑπ’</strong></span> <span class='ocrx_word' id='word_1_506' title='bbox 585 3862 800 3917; x_wconf 64' lang='grc' dir='ltr'>ἐκείνου</span> <span class='ocrx_word' id='word_1_507' title='bbox 855 3860 988 3931; x_wconf 82' lang='grc' dir='ltr'>πρὶν</span> <span class='ocrx_word' id='word_1_508' title='bbox 1033 3856 1129 3910; x_wconf 83' lang='grc' dir='ltr'>καὶ</span> <span class='ocrx_word' id='word_1_509' title='bbox 1171 3855 1335 3917; x_wconf 73' lang='grc' dir='ltr'>αὐτὸς</span> <span class='ocrx_word' id='word_1_510' title='bbox 1381 3849 1688 3920; x_wconf 78' lang='grc' dir='ltr'>ἀφορισμδν</span> <span class='ocrx_word' id='word_1_511' title='bbox 1738 3851 1802 3899; x_wconf 83' lang='grc' dir='ltr'>ὲκ</span> 
     </span>
    </p>
   </div>
   <div class='ocr_carea' id='block_1_70' title="bbox 247 3942 1803 4028">
    <p class='ocr_par' dir='ltr' id='par_1_70' title="bbox 247 3942 1803 4028">
     <span class='ocr_line' id='line_1_73' title="bbox 247 3942 1803 4028; baseline -0.013 -16"><span class='ocrx_word' id='word_1_512' title='bbox 247 3959 393 4025; x_wconf 80' lang='grc' dir='ltr'>θεοῦ,</span> <span class='ocrx_word' id='word_1_513' title='bbox 428 3957 615 4028; x_wconf 80' lang='grc' dir='ltr'>μοιχόν</span> <span class='ocrx_word' id='word_1_514' title='bbox 645 3972 706 4009; x_wconf 90' lang='grc' dir='ltr'>τε</span> <span class='ocrx_word' id='word_1_515' title='bbox 739 3952 1034 4008; x_wconf 77' lang='grc' dir='ltr'>ἀποκαλῶν</span> <span class='ocrx_word' id='word_1_516' title='bbox 1075 3950 1171 4002; x_wconf 77' lang='grc' dir='ltr'>καὶ</span> <span class='ocrx_word' id='word_1_517' title='bbox 1213 3946 1416 4019; x_wconf 82' lang='grc' dir='ltr'>λῃστὴν</span> <span class='ocrx_word' id='word_1_518' title='bbox 1447 3945 1547 3997; x_wconf 79' lang='grc' dir='ltr'>καὶ</span> <span class='ocrx_word' id='word_1_519' title='bbox 1573 3942 1803 4012; x_wconf 67' lang='grc' dir='ltr'>ἅρπαγα</span> 
     </span>
    </p>
   </div>
   <div class='ocr_carea' id='block_1_71' title="bbox 247 4031 1804 4123">
    <p class='ocr_par' dir='ltr' id='par_1_71' title="bbox 247 4031 1804 4123">
     <span class='ocr_line' id='line_1_74' title="bbox 247 4031 1804 4123; baseline -0.015 -18"><span class='ocrx_word' id='word_1_520' title='bbox 247 4054 333 4120; x_wconf 78' lang='grc' dir='ltr'>τῆς</span> <span class='ocrx_word' id='word_1_521' title='bbox 379 4051 602 4123; x_wconf 83' lang='grc' dir='ltr'>μηδαμῆ</span> <span class='ocrx_word' id='word_1_522' title='bbox 637 4046 1023 4119; x_wconf 80' lang='grc' dir='ltr'>προσηκούσης</span> <span class='ocrx_word' id='word_1_523' title='bbox 1066 4042 1224 4107; x_wconf 73' lang='grc' dir='ltr'>ἀξίας</span> <span class='ocrx_word' id='word_1_524' title='bbox 1266 4038 1439 4108; x_wconf 76' lang='grc' dir='ltr'>αὐτῷ.</span> <span class='ocrx_word' id='word_1_525' title='bbox 1481 4035 1588 4088; x_wconf 76' lang='grc' dir='ltr'><strong>Καὶ</strong></span> <span class='ocrx_word' id='word_1_526' title='bbox 1630 4031 1804 4084; x_wconf 84' lang='grc' dir='ltr'>ταῦτα</span> 
     </span>
    </p>
   </div>
   <div class='ocr_carea' id='block_1_72' title="bbox 254 4134 1081 4211">
    <p class='ocr_par' dir='ltr' id='par_1_72' title="bbox 254 4134 1081 4211">
     <span class='ocr_line' id='line_1_75' title="bbox 254 4134 1081 4211; baseline -0.012 -16"><span class='ocrx_word' id='word_1_527' title='bbox 254 4141 341 4211; x_wconf 71' lang='grc' dir='ltr'>μὲν</span> <span class='ocrx_word' id='word_1_528' title='bbox 364 4141 549 4194; x_wconf 80' lang='grc' dir='ltr'>τοῦτον</span> <span class='ocrx_word' id='word_1_529' title='bbox 579 4138 709 4206; x_wconf 69' lang='grc' dir='ltr'>ἔσχε</span> <span class='ocrx_word' id='word_1_530' title='bbox 735 4137 827 4188; x_wconf 74' lang='grc' dir='ltr'>τὸν</span> <span class='ocrx_word' id='word_1_531' title='bbox 857 4134 1081 4204; x_wconf 79' lang='grc' dir='ltr'>τρόπον.</span> 
     </span>
    </p>
   </div>
   <div class='ocr_carea' id='block_1_73' title="bbox 316 4216 1809 4299">
    <p class='ocr_par' dir='ltr' id='par_1_73' title="bbox 316 4216 1809 4299">
     <span class='ocr_line' id='line_1_76' title="bbox 316 4216 1809 4299; baseline -0.015 -11"><span class='ocrx_word' id='word_1_532' title='bbox 316 4235 406 4288; x_wconf 83' lang='grc' dir='ltr'><strong>ΙΖ’.</strong></span> <span class='ocrx_word' id='word_1_533' title='bbox 455 4232 598 4299; x_wconf 85' lang='grc' dir='ltr'><strong>Ἐγὼ</strong></span> <span class='ocrx_word' id='word_1_534' title='bbox 628 4231 673 4282; x_wconf 80' lang='grc' dir='ltr'>δ’</span> <span class='ocrx_word' id='word_1_535' title='bbox 704 4230 798 4280; x_wconf 72' lang='grc' dir='ltr'><strong>ἐπὶ</strong></span> <span class='ocrx_word' id='word_1_536' title='bbox 841 4227 1055 4287; x_wconf 82' lang='grc' dir='ltr'>τούτοις</span> <span class='ocrx_word' id='word_1_537' title='bbox 1084 4224 1162 4293; x_wconf 85' lang='grc' dir='ltr'>τῷ</span> <span class='ocrx_word' id='word_1_538' title='bbox 1213 4220 1428 4292; x_wconf 78' lang='grc' dir='ltr'>βασιλεῖ</span> <span class='ocrx_word' id='word_1_539' title='bbox 1469 4216 1809 4288; x_wconf 84' lang='grc' dir='ltr'>προσεληλυ-</span> 
     </span>
    </p>
   </div>
   <div class='ocr_carea' id='block_1_74' title="bbox 255 4308 1809 4393">
    <p class='ocr_par' dir='ltr' id='par_1_74' title="bbox 255 4308 1809 4393">
     <span class='ocr_line' id='line_1_77' title="bbox 255 4308 1809 4393; baseline -0.014 -13"><span class='ocrx_word' id='word_1_540' title='bbox 255 4328 348 4390; x_wconf 79' lang='grc' dir='ltr'><strong>θὼς</strong></span> <span class='ocrx_word' id='word_1_541' title='bbox 377 4329 467 4382; x_wconf 75' lang='grc' dir='ltr'>καὶ</span> <span class='ocrx_word' id='word_1_542' title='bbox 511 4322 837 4393; x_wconf 72' lang='grc' dir='ltr'>ἀπειληφὼς</span> <span class='ocrx_word' id='word_1_543' title='bbox 890 4321 1015 4391; x_wconf 80' lang='grc' dir='ltr'>ἰδίᾳ,</span> <span class='ocrx_word' id='word_1_544' title='bbox 1047 4320 1143 4371; x_wconf 76' lang='grc' dir='ltr'>καὶ</span> <span class='ocrx_word' id='word_1_545' title='bbox 1185 4318 1284 4369; x_wconf 85' lang='grc' dir='ltr'><strong>ὅσα</strong></span> <span class='ocrx_word' id='word_1_546' title='bbox 1322 4312 1594 4384; x_wconf 82' lang='grc' dir='ltr'>δήπουθεν</span> <span class='ocrx_word' id='word_1_547' title='bbox 1638 4308 1809 4378; x_wconf 77' lang='grc' dir='ltr'>ἐχρῆν</span> 
     </span>
    </p>
   </div>
   <div class='ocr_carea' id='block_1_75' title="bbox 255 4403 1812 4491">
    <p class='ocr_par' dir='ltr' id='par_1_75' title="bbox 255 4403 1812 4491">
     <span class='ocr_line' id='line_1_78' title="bbox 255 4403 1812 4491; baseline -0.011 -20"><span class='ocrx_word' id='word_1_548' title='bbox 255 4421 528 4491; x_wconf 79' lang='grc' dir='ltr'>ὡμιληκὼς</span> <span class='ocrx_word' id='word_1_549' title='bbox 574 4419 717 4488; x_wconf 76' lang='grc' dir='ltr'>ὑπὲρ</span> <span class='ocrx_word' id='word_1_550' title='bbox 765 4415 875 4468; x_wconf 87' lang='grc' dir='ltr'>τῶν</span> <span class='ocrx_word' id='word_1_551' title='bbox 913 4415 1070 4466; x_wconf 80' lang='grc' dir='ltr'>θείων</span> <span class='ocrx_word' id='word_1_552' title='bbox 1102 4410 1203 4481; x_wconf 81' lang='grc' dir='ltr'>τῆς</span> <span class='ocrx_word' id='word_1_553' title='bbox 1248 4405 1578 4474; x_wconf 82' lang='grc' dir='ltr'>Ἐκκλησίας</span> <span class='ocrx_word' id='word_1_554' title='bbox 1608 4403 1812 4472; x_wconf 85' lang='grc' dir='ltr'>δογμά-</span> 
     </span>
    </p>
   </div>
   <div class='ocr_carea' id='block_1_76' title="bbox 257 4497 1813 4582">
    <p class='ocr_par' dir='ltr' id='par_1_76' title="bbox 257 4497 1813 4582">
     <span class='ocr_line' id='line_1_79' title="bbox 257 4497 1813 4582; baseline -0.01 -19"><span class='ocrx_word' id='word_1_555' title='bbox 257 4528 373 4577; x_wconf 84' lang='grc' dir='ltr'>των,</span> <span class='ocrx_word' id='word_1_556' title='bbox 402 4515 490 4566; x_wconf 73' lang='grc' dir='ltr'>καὶ</span> <span class='ocrx_word' id='word_1_557' title='bbox 515 4511 616 4582; x_wconf 78' lang='grc' dir='ltr'>τὴν</span> <span class='ocrx_word' id='word_1_558' title='bbox 643 4509 781 4577; x_wconf 79' lang='grc' dir='ltr'>πρὸς</span> <span class='ocrx_word' id='word_1_559' title='bbox 808 4506 901 4561; x_wconf 85' lang='grc' dir='ltr'>τοῦ</span> <span class='ocrx_word' id='word_1_560' title='bbox 943 4499 1408 4571; x_wconf 77' lang='grc' dir='ltr'>Καντακουζηνοῦ</span> <span class='ocrx_word' id='word_1_561' title='bbox 1444 4499 1538 4553; x_wconf 77' lang='grc' dir='ltr'>καὶ</span> <span class='ocrx_word' id='word_1_562' title='bbox 1574 4497 1813 4565; x_wconf 83' lang='grc' dir='ltr'>Παλαμᾶ</span> 
     </span>
    </p>
   </div>
   <div class='ocr_carea' id='block_1_77' title="bbox 1898 3290 3479 3376">
    <p class='ocr_par' dir='ltr' id='par_1_77' title="bbox 1898 3290 3479 3376">
     <span class='ocr_line' id='line_1_80' title="bbox 1898 3290 3479 3376; baseline -0.015 -11"><span class='ocrx_word' id='word_1_563' title='bbox 1898 3312 2046 3366; x_wconf 90' lang='lat' dir='ltr'><strong>hunc</strong></span> <span class='ocrx_word' id='word_1_564' title='bbox 2073 3320 2231 3362; x_wconf 87' lang='lat' dir='ltr'><strong>antea</strong></span> <span class='ocrx_word' id='word_1_565' title='bbox 2257 3304 2622 3376; x_wconf 83' lang='lat' dir='ltr'><strong>patriarcitatu</strong></span> <span class='ocrx_word' id='word_1_566' title='bbox 2649 3297 3221 3363; x_wconf 73' lang='lat' dir='ltr'><strong>exuerant,illumquc</strong></span> <span class='ocrx_word' id='word_1_567' title='bbox 3261 3293 3313 3344; x_wconf 88' lang='lat' dir='ltr'><strong>iu</strong></span> <span class='ocrx_word' id='word_1_568' title='bbox 3359 3290 3479 3360; x_wconf 87' lang='lat' dir='ltr'><strong>ejus</strong></span> 
     </span>
    </p>
   </div>
   <div class='ocr_carea' id='block_1_78' title="bbox 1896 3383 3481 3465">
    <p class='ocr_par' dir='ltr' id='par_1_78' title="bbox 1896 3383 3481 3465">
     <span class='ocr_line' id='line_1_81' title="bbox 1896 3383 3481 3465; baseline -0.016 -7"><span class='ocrx_word' id='word_1_569' title='bbox 1896 3405 2074 3459; x_wconf 88' lang='lat' dir='ltr'><strong>locum</strong></span> <span class='ocrx_word' id='word_1_570' title='bbox 2106 3399 2460 3458; x_wconf 74' lang='lat' dir='ltr'><strong>sull&#39;ecerant,</strong></span> <span class='ocrx_word' id='word_1_571' title='bbox 2483 3410 2578 3465; x_wconf 89' lang='lat' dir='ltr'><strong>per</strong></span> <span class='ocrx_word' id='word_1_572' title='bbox 2616 3395 2716 3447; x_wconf 87' lang='lat' dir='ltr'><strong>hos</strong></span> <span class='ocrx_word' id='word_1_573' title='bbox 2747 3392 2819 3445; x_wconf 93' lang='lat' dir='ltr'><strong>illi</strong></span> <span class='ocrx_word' id='word_1_574' title='bbox 2856 3404 3070 3458; x_wconf 71' lang='lat' dir='ltr'><strong>pmuam</strong></span> <span class='ocrx_word' id='word_1_575' title='bbox 3104 3383 3393 3454; x_wconf 75' lang='lat' dir='ltr'><strong>irrogavit,</strong></span> <span class='ocrx_word' id='word_1_576' title='bbox 3424 3390 3481 3433; x_wconf 92' lang='lat' dir='ltr'><strong>et</strong></span> 
     </span>
    </p>
   </div>
   <div class='ocr_carea' id='block_1_79' title="bbox 1899 3474 3482 3562">
    <p class='ocr_par' dir='ltr' id='par_1_79' title="bbox 1899 3474 3482 3562">
     <span class='ocr_line' id='line_1_82' title="bbox 1899 3474 3482 3562; baseline -0.014 -17"><span class='ocrx_word' id='word_1_577' title='bbox 1899 3491 2150 3562; x_wconf 87' lang='lat' dir='ltr'><strong>spoliavit</strong></span> <span class='ocrx_word' id='word_1_578' title='bbox 2176 3504 2299 3543; x_wconf 91' lang='lat' dir='ltr'><strong>eum</strong></span> <span class='ocrx_word' id='word_1_579' title='bbox 2337 3485 2644 3542; x_wconf 79' lang='lat' dir='ltr'><strong>sacerdmio</strong></span> <span class='ocrx_word' id='word_1_580' title='bbox 2672 3482 2832 3536; x_wconf 86' lang='lat' dir='ltr'><strong>simul</strong></span> <span class='ocrx_word' id='word_1_581' title='bbox 2881 3489 2935 3534; x_wconf 92' lang='lat' dir='ltr'><strong>et</strong></span> <span class='ocrx_word' id='word_1_582' title='bbox 2963 3494 3061 3548; x_wconf 88' lang='lat' dir='ltr'><strong>spe</strong></span> <span class='ocrx_word' id='word_1_583' title='bbox 3094 3474 3482 3543; x_wconf 62' lang='lat' dir='ltr'><strong>recuperanda:</strong></span> 
     </span>
    </p>
   </div>
   <div class='ocr_carea' id='block_1_80' title="bbox 1901 3565 3483 3650">
    <p class='ocr_par' dir='ltr' id='par_1_80' title="bbox 1901 3565 3483 3650">
     <span class='ocr_line' id='line_1_83' title="bbox 1901 3565 3483 3650; baseline -0.013 -13"><span class='ocrx_word' id='word_1_584' title='bbox 1901 3581 2200 3650; x_wconf 63' lang='lat' dir='ltr'><strong>dignitatis.</strong></span> <span class='ocrx_word' id='word_1_585' title='bbox 2255 3580 2422 3634; x_wconf 83' lang='lat' dir='ltr'><strong>Addit</strong></span> <span class='ocrx_word' id='word_1_586' title='bbox 2471 3577 2635 3631; x_wconf 89' lang='lat' dir='ltr'><strong>etiam</strong></span> <span class='ocrx_word' id='word_1_587' title='bbox 2671 3574 2688 3645; x_wconf 98' lang='lat'><strong>(</strong></span> <span class='ocrx_word' id='word_1_588' title='bbox 2721 3571 3231 3628; x_wconf 79' lang='lat' dir='ltr'><strong>excommunicatus</strong></span> <span class='ocrx_word' id='word_1_589' title='bbox 3278 3569 3346 3621; x_wconf 88' lang='lat' dir='ltr'><strong>ab</strong></span> <span class='ocrx_word' id='word_1_590' title='bbox 3390 3565 3483 3618; x_wconf 87' lang='lat' dir='ltr'><strong>illo</strong></span> 
     </span>
    </p>
   </div>
   <div class='ocr_carea' id='block_1_81' title="bbox 1902 3661 3479 3743">
    <p class='ocr_par' dir='ltr' id='par_1_81' title="bbox 1902 3661 3479 3743">
     <span class='ocr_line' id='line_1_84' title="bbox 1902 3661 3479 3743; baseline -0.015 -11"><span class='ocrx_word' id='word_1_591' title='bbox 1902 3688 2027 3732; x_wconf 88' lang='lat' dir='ltr'><strong>ante</strong></span> <span class='ocrx_word' id='word_1_592' title='bbox 2056 3688 2110 3729; x_wconf 89' lang='lat' dir='ltr'><strong>et</strong></span> <span class='ocrx_word' id='word_1_593' title='bbox 2136 3675 2272 3743; x_wconf 90' lang='lat' dir='ltr'><strong>ipse)</strong></span> <span class='ocrx_word' id='word_1_594' title='bbox 2296 3670 2920 3727; x_wconf 82' lang='lat' dir='ltr'><strong>excommunicationem</strong></span> <span class='ocrx_word' id='word_1_595' title='bbox 2954 3663 3225 3718; x_wconf 86' lang='lat' dir='ltr'><strong>diviuitus</strong></span> <span class='ocrx_word' id='word_1_596' title='bbox 3258 3661 3479 3718; x_wconf 79' lang='lat' dir='ltr'><strong>factum,</strong></span> 
     </span>
    </p>
   </div>
   <div class='ocr_carea' id='block_1_82' title="bbox 1903 3752 3486 3833">
    <p class='ocr_par' dir='ltr' id='par_1_82' title="bbox 1903 3752 3486 3833">
     <span class='ocr_line' id='line_1_85' title="bbox 1903 3752 3486 3833; baseline -0.016 -12"><span class='ocrx_word' id='word_1_597' title='bbox 1903 3766 2178 3822; x_wconf 62' lang='lat' dir='ltr'><strong>moechum</strong></span> <span class='ocrx_word' id='word_1_598' title='bbox 2238 3761 2523 3833; x_wconf 86' lang='lat' dir='ltr'><strong>appellans</strong></span> <span class='ocrx_word' id='word_1_599' title='bbox 2585 3758 2738 3811; x_wconf 88' lang='lat' dir='ltr'><strong>illum</strong></span> <span class='ocrx_word' id='word_1_600' title='bbox 2789 3764 2842 3808; x_wconf 90' lang='lat' dir='ltr'><strong>et</strong></span> <span class='ocrx_word' id='word_1_601' title='bbox 2894 3753 3162 3807; x_wconf 87' lang='lat' dir='ltr'><strong>latronem</strong></span> <span class='ocrx_word' id='word_1_602' title='bbox 3200 3756 3256 3801; x_wconf 92' lang='lat' dir='ltr'><strong>et</strong></span> <span class='ocrx_word' id='word_1_603' title='bbox 3301 3752 3486 3813; x_wconf 79' lang='lat' dir='ltr'><strong>rapto-</strong></span> 
     </span>
    </p>
   </div>
   <div class='ocr_carea' id='block_1_83' title="bbox 1905 3839 3487 3927">
    <p class='ocr_par' dir='ltr' id='par_1_83' title="bbox 1905 3839 3487 3927">
     <span class='ocr_line' id='line_1_86' title="bbox 1905 3839 3487 3927; baseline -0.016 -14"><span class='ocrx_word' id='word_1_604' title='bbox 1905 3874 2019 3913; x_wconf 90' lang='lat' dir='ltr'><strong>rem</strong></span> <span class='ocrx_word' id='word_1_605' title='bbox 2043 3858 2163 3927; x_wconf 90' lang='lat' dir='ltr'><strong>ejus</strong></span> <span class='ocrx_word' id='word_1_606' title='bbox 2192 3869 2298 3923; x_wconf 87' lang='lat' dir='ltr'><strong>qua</strong></span> <span class='ocrx_word' id='word_1_607' title='bbox 2323 3851 2546 3904; x_wconf 87' lang='lat' dir='ltr'><strong>minime</strong></span> <span class='ocrx_word' id='word_1_608' title='bbox 2580 3849 2779 3917; x_wconf 74' lang='lat' dir='ltr'><strong>dignus</strong></span> <span class='ocrx_word' id='word_1_609' title='bbox 2800 3855 2946 3899; x_wconf 83' lang='lat' dir='ltr'><strong>esset</strong></span> <span class='ocrx_word' id='word_1_610' title='bbox 2970 3839 3277 3912; x_wconf 86' lang='lat' dir='ltr'><strong>potestatis.</strong></span> <span class='ocrx_word' id='word_1_611' title='bbox 3308 3839 3487 3904; x_wconf 81' lang='lat' dir='ltr'><strong>Atque</strong></span> 
     </span>
    </p>
   </div>
   <div class='ocr_carea' id='block_1_84' title="bbox 1908 3942 2854 4019">
    <p class='ocr_par' dir='ltr' id='par_1_84' title="bbox 1908 3942 2854 4019">
     <span class='ocr_line' id='line_1_87' title="bbox 1908 3942 2854 4019; baseline -0.017 -13"><span class='ocrx_word' id='word_1_612' title='bbox 1908 3952 2023 4006; x_wconf 67' lang='lat' dir='ltr'><strong>haec</strong></span> <span class='ocrx_word' id='word_1_613' title='bbox 2046 3946 2268 4019; x_wconf 89' lang='lat' dir='ltr'><strong>quidem</strong></span> <span class='ocrx_word' id='word_1_614' title='bbox 2304 3946 2385 3998; x_wconf 88' lang='lat' dir='ltr'><strong>sic</strong></span> <span class='ocrx_word' id='word_1_615' title='bbox 2434 3958 2492 3997; x_wconf 87' lang='lat' dir='ltr'><strong>se</strong></span> <span class='ocrx_word' id='word_1_616' title='bbox 2553 3942 2854 3996; x_wconf 83' lang='lat' dir='ltr'><strong>habebant.</strong></span> 
     </span>
    </p>
   </div>
   <div class='ocr_carea' id='block_1_85' title="bbox 1981 4204 3495 4287">
    <p class='ocr_par' dir='ltr' id='par_1_85' title="bbox 1981 4204 3495 4287">
     <span class='ocr_line' id='line_1_88' title="bbox 1981 4204 3495 4287; baseline -0.018 -12"><span class='ocrx_word' id='word_1_617' title='bbox 1981 4219 2145 4275; x_wconf 80' lang='lat' dir='ltr'><strong>XVII.</strong></span> <span class='ocrx_word' id='word_1_618' title='bbox 2167 4216 2277 4287; x_wconf 81' lang='lat' dir='ltr'><strong>Ego</strong></span> <span class='ocrx_word' id='word_1_619' title='bbox 2300 4229 2431 4269; x_wconf 86' lang='lat' dir='ltr'><strong>vero</strong></span> <span class='ocrx_word' id='word_1_620' title='bbox 2478 4212 2547 4273; x_wconf 78' lang='lat' dir='ltr'><strong>de</strong></span> <span class='ocrx_word' id='word_1_621' title='bbox 2592 4210 2680 4265; x_wconf 87' lang='lat' dir='ltr'><strong>bis</strong></span> <span class='ocrx_word' id='word_1_622' title='bbox 2718 4208 2884 4264; x_wconf 87' lang='lat' dir='ltr'><strong>rebus</strong></span> <span class='ocrx_word' id='word_1_623' title='bbox 2933 4204 3318 4273; x_wconf 88' lang='lat' dir='ltr'><strong>imperatorem</strong></span> <span class='ocrx_word' id='word_1_624' title='bbox 3363 4210 3495 4250; x_wconf 87' lang='lat' dir='ltr'><strong>cou-</strong></span> 
     </span>
    </p>
   </div>
   <div class='ocr_carea' id='block_1_86' title="bbox 1914 4288 3498 4380">
    <p class='ocr_par' dir='ltr' id='par_1_86' title="bbox 1914 4288 3498 4380">
     <span class='ocr_line' id='line_1_89' title="bbox 1914 4288 3498 4380; baseline -0.018 -13"><span class='ocrx_word' id='word_1_625' title='bbox 1914 4313 2036 4369; x_wconf 85' lang='lat' dir='ltr'><strong>veni</strong></span> <span class='ocrx_word' id='word_1_626' title='bbox 2080 4310 2430 4380; x_wconf 83' lang='lat' dir='ltr'><strong>privatim,et</strong></span> <span class='ocrx_word' id='word_1_627' title='bbox 2472 4312 2737 4374; x_wconf 90' lang='lat' dir='ltr'><strong>quantum</strong></span> <span class='ocrx_word' id='word_1_628' title='bbox 2774 4299 2964 4367; x_wconf 89' lang='lat' dir='ltr'><strong>utique</strong></span> <span class='ocrx_word' id='word_1_629' title='bbox 3001 4309 3141 4363; x_wconf 88' lang='lat' dir='ltr'><strong>opus</strong></span> <span class='ocrx_word' id='word_1_630' title='bbox 3182 4301 3301 4345; x_wconf 85' lang='lat' dir='ltr'><strong>erat</strong></span> <span class='ocrx_word' id='word_1_631' title='bbox 3346 4288 3498 4341; x_wconf 90' lang='lat' dir='ltr'><strong>locu-</strong></span> 
     </span>
    </p>
   </div>
   <div class='ocr_carea' id='block_1_87' title="bbox 1916 4382 3496 4463">
    <p class='ocr_par' dir='ltr' id='par_1_87' title="bbox 1916 4382 3496 4463">
     <span class='ocr_line' id='line_1_90' title="bbox 1916 4382 3496 4463; baseline -0.019 0"><span class='ocrx_word' id='word_1_632' title='bbox 1916 4417 2004 4463; x_wconf 90' lang='lat' dir='ltr'><strong>tus</strong></span> <span class='ocrx_word' id='word_1_633' title='bbox 2024 4422 2142 4461; x_wconf 86' lang='lat' dir='ltr'><strong>sum</strong></span> <span class='ocrx_word' id='word_1_634' title='bbox 2159 4404 2228 4459; x_wconf 89' lang='lat' dir='ltr'><strong>de</strong></span> <span class='ocrx_word' id='word_1_635' title='bbox 2254 4400 2456 4456; x_wconf 88' lang='lat' dir='ltr'><strong>divinis</strong></span> <span class='ocrx_word' id='word_1_636' title='bbox 2481 4396 2736 4452; x_wconf 69' lang='lat' dir='ltr'><strong>Ecclesia:</strong></span> <span class='ocrx_word' id='word_1_637' title='bbox 2768 4387 3143 4462; x_wconf 75' lang='lat' dir='ltr'><strong>dogmatibus,</strong></span> <span class='ocrx_word' id='word_1_638' title='bbox 3164 4394 3219 4438; x_wconf 89' lang='lat' dir='ltr'><strong>et</strong></span> <span class='ocrx_word' id='word_1_639' title='bbox 3241 4382 3435 4436; x_wconf 82' lang='lat' dir='ltr'><strong>laetam</strong></span> <span class='ocrx_word' id='word_1_640' title='bbox 3464 4394 3496 4433; x_wconf 89' lang='lat' dir='ltr'><strong>a</strong></span> 
     </span>
    </p>
   </div>
   <div class='ocr_carea' id='block_1_88' title="bbox 1917 4477 3499 4559">
    <p class='ocr_par' dir='ltr' id='par_1_88' title="bbox 1917 4477 3499 4559">
     <span class='ocr_line' id='line_1_91' title="bbox 1917 4477 3499 4559; baseline -0.02 -2"><span class='ocrx_word' id='word_1_641' title='bbox 1917 4502 2304 4557; x_wconf 84' lang='lat' dir='ltr'><strong>Cantacuzeuo</strong></span> <span class='ocrx_word' id='word_1_642' title='bbox 2327 4504 2382 4549; x_wconf 88' lang='lat' dir='ltr'><strong>et</strong></span> <span class='ocrx_word' id='word_1_643' title='bbox 2403 4493 2621 4547; x_wconf 84' lang='lat' dir='ltr'><strong>Palama</strong></span> <span class='ocrx_word' id='word_1_644' title='bbox 2643 4487 2862 4559; x_wconf 89' lang='lat' dir='ltr'><strong>pietatis</strong></span> <span class='ocrx_word' id='word_1_645' title='bbox 2901 4477 3341 4537; x_wconf 84' lang='lat' dir='ltr'><strong>immutationem</strong></span> <span class='ocrx_word' id='word_1_646' title='bbox 3382 4486 3499 4526; x_wconf 82' lang='lat' dir='ltr'><strong>tue-</strong></span> 
     </span>
    </p>
   </div>
   <div class='ocr_carea' id='block_1_89' title="bbox 258 4572 1804 4677">
    <p class='ocr_par' dir='ltr' id='par_1_89' title="bbox 258 4572 1804 4677">
     <span class='ocr_line' id='line_1_92' title="bbox 258 4572 1804 4677; baseline -0.013 -17"><span class='ocrx_word' id='word_1_647' title='bbox 258 4572 595 4677; x_wconf 72' lang='grc' dir='ltr'>καινοτομίαν</span> <span class='ocrx_word' id='word_1_648' title='bbox 647 4572 744 4673; x_wconf 63' lang='grc' dir='ltr'>της</span> <span class='ocrx_word' id='word_1_649' title='bbox 796 4598 1077 4662; x_wconf 77' lang='grc' dir='ltr'>εὐσεϐείας</span> <span class='ocrx_word' id='word_1_650' title='bbox 1100 4595 1482 4667; x_wconf 78' lang='grc' dir='ltr'>γεγενημένην</span> <span class='ocrx_word' id='word_1_651' title='bbox 1529 4594 1804 4660; x_wconf 77' lang='grc' dir='ltr'>ἐκτραγῳ-</span> 
     </span>
    </p>
   </div>
   <div class='ocr_carea' id='block_1_90' title="bbox 1908 4572 3499 4677">
    <p class='ocr_par' dir='ltr' id='par_1_90' title="bbox 1920 4572 3499 4658">
     <span class='ocr_line' id='line_1_93' title="bbox 1920 4572 3499 4658; baseline -0.02 -9"><span class='ocrx_word' id='word_1_652' title='bbox 1920 4595 2127 4649; x_wconf 76' lang='lat' dir='ltr'><strong>moravi</strong></span> <span class='ocrx_word' id='word_1_653' title='bbox 2156 4602 2211 4646; x_wconf 89' lang='lat' dir='ltr'><strong>et</strong></span> <span class='ocrx_word' id='word_1_654' title='bbox 2231 4589 2403 4658; x_wconf 87' lang='lat' dir='ltr'><strong>adjeci</strong></span> <span class='ocrx_word' id='word_1_655' title='bbox 2435 4584 2618 4656; x_wconf 88' lang='lat' dir='ltr'><strong>qualia</strong></span> <span class='ocrx_word' id='word_1_656' title='bbox 2644 4582 2761 4635; x_wconf 64' lang='lat' dir='ltr'><strong>haec</strong></span> <span class='ocrx_word' id='word_1_657' title='bbox 2786 4587 2919 4634; x_wconf 89' lang='lat' dir='ltr'><strong>sunt</strong></span> <span class='ocrx_word' id='word_1_658' title='bbox 2947 4590 3069 4646; x_wconf 66' lang='lat' dir='ltr'><strong>qua:</strong></span> <span class='ocrx_word' id='word_1_659' title='bbox 3088 4573 3183 4627; x_wconf 86' lang='lat' dir='ltr'><strong>Dei</strong></span> <span class='ocrx_word' id='word_1_660' title='bbox 3209 4572 3499 4625; x_wconf 78' lang='lat' dir='ltr'><strong>moverunt</strong></span> 
     </span>
    </p>
   </div>
   <div class='ocr_carea' id='block_1_91' title="bbox 257 4682 1813 4772">
    <p class='ocr_par' dir='ltr' id='par_1_91' title="bbox 257 4682 1813 4772">
     <span class='ocr_line' id='line_1_94' title="bbox 257 4682 1813 4772; baseline -0.012 -20"><span class='ocrx_word' id='word_1_661' title='bbox 257 4700 431 4767; x_wconf 77' lang='grc' dir='ltr'>δήσας,</span> <span class='ocrx_word' id='word_1_662' title='bbox 453 4698 642 4772; x_wconf 64' lang='lat'><strong>[£126</strong></span> <span class='ocrx_word' id='word_1_663' title='bbox 671 4695 752 4767; x_wconf 87' lang='grc' dir='ltr'><strong>υ.]</strong></span> <span class='ocrx_word' id='word_1_664' title='bbox 789 4696 883 4749; x_wconf 74' lang='grc' dir='ltr'>καὶ</span> <span class='ocrx_word' id='word_1_665' title='bbox 906 4691 1167 4763; x_wconf 75' lang='grc' dir='ltr'>προσθεὶς</span> <span class='ocrx_word' id='word_1_666' title='bbox 1196 4691 1269 4751; x_wconf 86' lang='grc' dir='ltr'>ὼς</span> <span class='ocrx_word' id='word_1_667' title='bbox 1300 4687 1455 4740; x_wconf 83' lang='grc' dir='ltr'>ταῦτ’</span> <span class='ocrx_word' id='word_1_668' title='bbox 1483 4685 1632 4738; x_wconf 75' lang='grc' dir='ltr'>ἐστιν</span> <span class='ocrx_word' id='word_1_669' title='bbox 1652 4682 1687 4736; x_wconf 74' lang='grc' dir='ltr'>ἃ</span> <span class='ocrx_word' id='word_1_670' title='bbox 1716 4683 1813 4751; x_wconf 72' lang='grc' dir='ltr'><strong>τὴν</strong></span> 
     </span>
    </p>
   </div>
   <div class='ocr_carea' id='block_1_92' title="bbox 257 4772 1814 4858">
    <p class='ocr_par' dir='ltr' id='par_1_92' title="bbox 257 4772 1814 4858">
     <span class='ocr_line' id='line_1_95' title="bbox 257 4772 1814 4858; baseline -0.01 -17"><span class='ocrx_word' id='word_1_671' title='bbox 257 4791 342 4845; x_wconf 85' lang='grc' dir='ltr'>τοῦ</span> <span class='ocrx_word' id='word_1_672' title='bbox 366 4791 495 4844; x_wconf 86' lang='grc' dir='ltr'>Θεοῦ</span> <span class='ocrx_word' id='word_1_673' title='bbox 537 4793 823 4858; x_wconf 78' lang='grc' dir='ltr'>κεκίνηκεν</span> <span class='ocrx_word' id='word_1_674' title='bbox 848 4785 1018 4856; x_wconf 83' lang='grc' dir='ltr'>ὀργὴν</span> <span class='ocrx_word' id='word_1_675' title='bbox 1044 4784 1186 4837; x_wconf 78' lang='grc' dir='ltr'>κατὰ</span> <span class='ocrx_word' id='word_1_676' title='bbox 1227 4781 1321 4835; x_wconf 83' lang='grc' dir='ltr'>τοῦ</span> <span class='ocrx_word' id='word_1_677' title='bbox 1352 4772 1814 4844; x_wconf 81' lang='grc' dir='ltr'>Καντακουζηνοῦ</span> 
     </span>
    </p>
   </div>
   <div class='ocr_carea' id='block_1_93' title="bbox 259 4866 1818 4953">
    <p class='ocr_par' dir='ltr' id='par_1_93' title="bbox 259 4866 1818 4953">
     <span class='ocr_line' id='line_1_96' title="bbox 259 4866 1818 4953; baseline -0.013 -16"><span class='ocrx_word' id='word_1_678' title='bbox 259 4883 325 4944; x_wconf 85' lang='grc' dir='ltr'>ὡς</span> <span class='ocrx_word' id='word_1_679' title='bbox 363 4883 601 4953; x_wconf 76' lang='grc' dir='ltr'>αἰσχρῶς</span> <span class='ocrx_word' id='word_1_680' title='bbox 644 4881 743 4949; x_wconf 84' lang='grc' dir='ltr'>τῆς</span> <span class='ocrx_word' id='word_1_681' title='bbox 789 4878 1071 4950; x_wconf 82' lang='grc' dir='ltr'>βασιλείας</span> <span class='ocrx_word' id='word_1_682' title='bbox 1126 4874 1353 4945; x_wconf 77' lang='grc' dir='ltr'><strong>ῥιφῆναι</strong></span> <span class='ocrx_word' id='word_1_683' title='bbox 1402 4871 1498 4923; x_wconf 74' lang='grc' dir='ltr'>καὶ</span> <span class='ocrx_word' id='word_1_684' title='bbox 1543 4868 1681 4937; x_wconf 82' lang='grc' dir='ltr'>πρὸς</span> <span class='ocrx_word' id='word_1_685' title='bbox 1711 4866 1818 4917; x_wconf 82' lang='grc' dir='ltr'><strong>τῶν</strong></span> 
     </span>
    </p>
   </div>
   <div class='ocr_carea' id='block_1_94' title="bbox 261 4965 1815 5043">
    <p class='ocr_par' dir='ltr' id='par_1_94' title="bbox 261 4965 1815 5043">
     <span class='ocr_line' id='line_1_97' title="bbox 261 4965 1815 5043; baseline -0.012 -14"><span class='ocrx_word' id='word_1_686' title='bbox 261 4976 596 5042; x_wconf 70' lang='grc' dir='ltr'>φαυλοτάτων</span> <span class='ocrx_word' id='word_1_687' title='bbox 644 4972 1073 5043; x_wconf 79' lang='grc' dir='ltr'>ἐξουδενωθῆναι</span> <span class='ocrx_word' id='word_1_688' title='bbox 1126 4967 1419 5038; x_wconf 83' lang='grc' dir='ltr'><strong>λαμπρῶς,</strong></span> <span class='ocrx_word' id='word_1_689' title='bbox 1446 4965 1640 5019; x_wconf 74' lang='grc' dir='ltr'>ἔπειτα</span> <span class='ocrx_word' id='word_1_690' title='bbox 1674 4977 1815 5029; x_wconf 86' lang='grc' dir='ltr'>παρ-</span> 
     </span>
    </p>
   </div>
   <div class='ocr_carea' id='block_1_95' title="bbox 260 5052 1818 5138">
    <p class='ocr_par' dir='ltr' id='par_1_95' title="bbox 260 5052 1818 5138">
     <span class='ocr_line' id='line_1_98' title="bbox 260 5052 1818 5138; baseline -0.011 -17"><span class='ocrx_word' id='word_1_691' title='bbox 260 5066 410 5137; x_wconf 82' lang='grc' dir='ltr'>ῄνουν</span> <span class='ocrx_word' id='word_1_692' title='bbox 446 5067 795 5138; x_wconf 81' lang='grc' dir='ltr'>ἀνειληφέναι</span> <span class='ocrx_word' id='word_1_693' title='bbox 843 5065 1121 5118; x_wconf 78' lang='grc' dir='ltr'>πεσοῦσαν</span> <span class='ocrx_word' id='word_1_694' title='bbox 1171 5064 1269 5130; x_wconf 82' lang='grc' dir='ltr'><strong>τὴν</strong></span> <span class='ocrx_word' id='word_1_695' title='bbox 1305 5061 1539 5129; x_wconf 86' lang='grc' dir='ltr'>πάτριον</span> <span class='ocrx_word' id='word_1_696' title='bbox 1582 5058 1683 5124; x_wconf 84' lang='grc' dir='ltr'><strong>τῆς</strong></span> <span class='ocrx_word' id='word_1_697' title='bbox 1724 5052 1818 5106; x_wconf 90' lang='grc' dir='ltr'>τοῦ</span> 
     </span>
    </p>
   </div>
   <div class='ocr_carea' id='block_1_96' title="bbox 262 5148 1821 5231">
    <p class='ocr_par' dir='ltr' id='par_1_96' title="bbox 262 5148 1821 5231">
     <span class='ocr_line' id='line_1_99' title="bbox 262 5148 1821 5231; baseline -0.013 -15"><span class='ocrx_word' id='word_1_698' title='bbox 262 5160 384 5215; x_wconf 84' lang='grc' dir='ltr'>Θεοῦ</span> <span class='ocrx_word' id='word_1_699' title='bbox 421 5162 747 5231; x_wconf 82' lang='grc' dir='ltr'>Ἑκκλησίας</span> <span class='ocrx_word' id='word_1_700' title='bbox 791 5158 1126 5229; x_wconf 73' lang='grc' dir='ltr'>εὐπρέπειαν</span> <span class='ocrx_word' id='word_1_701' title='bbox 1177 5151 1434 5222; x_wconf 72' lang='grc' dir='ltr'>καὶπρὸς</span> <span class='ocrx_word' id='word_1_702' title='bbox 1490 5149 1550 5201; x_wconf 82' lang='grc' dir='ltr'><strong>τὸ</strong></span> <span class='ocrx_word' id='word_1_703' title='bbox 1592 5148 1821 5216; x_wconf 77' lang='grc' dir='ltr'>ἀρχαῖον</span> 
     </span>
    </p>
   </div>
   <div class='ocr_carea' id='block_1_97' title="bbox 263 5242 1822 5320">
    <p class='ocr_par' dir='ltr' id='par_1_97' title="bbox 263 5242 1822 5320">
     <span class='ocr_line' id='line_1_100' title="bbox 263 5242 1822 5320; baseline -0.008 -18"><span class='ocrx_word' id='word_1_704' title='bbox 263 5251 548 5318; x_wconf 85' lang='grc' dir='ltr'>ἀναγαγεῖν</span> <span class='ocrx_word' id='word_1_705' title='bbox 600 5251 839 5320; x_wconf 76' lang='grc' dir='ltr'>ἀξίωμα,</span> <span class='ocrx_word' id='word_1_706' title='bbox 872 5252 920 5302; x_wconf 83' lang='grc' dir='ltr'><strong>εί</strong></span> <span class='ocrx_word' id='word_1_707' title='bbox 965 5248 1040 5318; x_wconf 77' lang='grc' dir='ltr'>μὴ</span> <span class='ocrx_word' id='word_1_708' title='bbox 1091 5246 1334 5317; x_wconf 83' lang='grc' dir='ltr'>βούλοιτο</span> <span class='ocrx_word' id='word_1_709' title='bbox 1380 5244 1474 5297; x_wconf 74' lang='grc' dir='ltr'>καὶ</span> <span class='ocrx_word' id='word_1_710' title='bbox 1506 5242 1668 5301; x_wconf 80' lang='grc' dir='ltr'>αὐτὸς</span> <span class='ocrx_word' id='word_1_711' title='bbox 1710 5242 1822 5301; x_wconf 80' lang='grc' dir='ltr'>τοῖς</span> 
     </span>
    </p>
   </div>
   <div class='ocr_carea' id='block_1_98' title="bbox 263 5332 1823 5412">
    <p class='ocr_par' dir='ltr' id='par_1_98' title="bbox 263 5332 1823 5412">
     <span class='ocr_line' id='line_1_101' title="bbox 263 5332 1823 5412; baseline -0.009 -17"><span class='ocrx_word' id='word_1_712' title='bbox 263 5343 461 5408; x_wconf 80' lang='grc' dir='ltr'>ὁμοίοις</span> <span class='ocrx_word' id='word_1_713' title='bbox 508 5344 862 5412; x_wconf 82' lang='grc' dir='ltr'>περιπίπτειν</span> <span class='ocrx_word' id='word_1_714' title='bbox 894 5342 1111 5399; x_wconf 71' lang='grc' dir='ltr'>δεινοῖς.</span> <span class='ocrx_word' id='word_1_715' title='bbox 1146 5339 1279 5390; x_wconf 86' lang='grc' dir='ltr'>Θεοῦ</span> <span class='ocrx_word' id='word_1_716' title='bbox 1308 5338 1415 5405; x_wconf 72' lang='grc' dir='ltr'><strong>γὰρ</strong></span> <span class='ocrx_word' id='word_1_717' title='bbox 1446 5334 1680 5396; x_wconf 73' lang='grc' dir='ltr'>διδόντος</span> <span class='ocrx_word' id='word_1_718' title='bbox 1723 5332 1823 5399; x_wconf 77' lang='grc' dir='ltr'><strong>τὴν</strong></span> 
     </span>
    </p>
   </div>
   <div class='ocr_carea' id='block_1_99' title="bbox 265 5422 1823 5504">
    <p class='ocr_par' dir='ltr' id='par_1_99' title="bbox 265 5422 1823 5504">
     <span class='ocr_line' id='line_1_102' title="bbox 265 5422 1823 5504; baseline -0.009 -18"><span class='ocrx_word' id='word_1_719' title='bbox 265 5434 518 5504; x_wconf 78' lang='grc' dir='ltr'>πατρῴαν</span> <span class='ocrx_word' id='word_1_720' title='bbox 551 5436 696 5504; x_wconf 69' lang='grc' dir='ltr'>αὐτῷ</span> <span class='ocrx_word' id='word_1_721' title='bbox 734 5433 1012 5503; x_wconf 82' lang='grc' dir='ltr'>βασιλείαν</span> <span class='ocrx_word' id='word_1_722' title='bbox 1040 5432 1294 5497; x_wconf 54' lang='grc' dir='ltr'>ἀπονητὶ,</span> <span class='ocrx_word' id='word_1_723' title='bbox 1314 5428 1512 5498; x_wconf 79' lang='grc' dir='ltr'>χρῆναι</span> <span class='ocrx_word' id='word_1_724' title='bbox 1542 5426 1635 5477; x_wconf 78' lang='grc' dir='ltr'>καὶ</span> <span class='ocrx_word' id='word_1_725' title='bbox 1660 5422 1823 5476; x_wconf 77' lang='grc' dir='ltr'>αὐτὸν</span> 
     </span>
    </p>
   </div>
   <div class='ocr_carea' id='block_1_100' title="bbox 267 5514 1824 5597">
    <p class='ocr_par' dir='ltr' id='par_1_100' title="bbox 267 5514 1824 5597">
     <span class='ocr_line' id='line_1_103' title="bbox 267 5514 1824 5597; baseline -0.005 -20"><span class='ocrx_word' id='word_1_726' title='bbox 267 5528 565 5579; x_wconf 62' lang='grc' dir='ltr'>ἀποδιδόναι</span> <span class='ocrx_word' id='word_1_727' title='bbox 619 5529 713 5597; x_wconf 79' lang='grc' dir='ltr'><strong>τὴν</strong></span> <span class='ocrx_word' id='word_1_728' title='bbox 778 5527 1001 5596; x_wconf 66' lang='grc' dir='ltr'>πάτριον</span> <span class='ocrx_word' id='word_1_729' title='bbox 1054 5523 1340 5576; x_wconf 73' lang='grc' dir='ltr'>εὐσέόειαν</span> <span class='ocrx_word' id='word_1_730' title='bbox 1395 5520 1473 5587; x_wconf 83' lang='grc' dir='ltr'><strong>τῷ</strong></span> <span class='ocrx_word' id='word_1_731' title='bbox 1528 5518 1669 5585; x_wconf 81' lang='grc' dir='ltr'>Θεῷ,</span> <span class='ocrx_word' id='word_1_732' title='bbox 1730 5514 1824 5567; x_wconf 81' lang='grc' dir='ltr'>τοῦ</span> 
     </span>
    </p>
   </div>
   <div class='ocr_carea' id='block_1_101' title="bbox 270 5606 1820 5682">
    <p class='ocr_par' dir='ltr' id='par_1_101' title="bbox 270 5606 1820 5682">
     <span class='ocr_line' id='line_1_104' title="bbox 270 5606 1820 5682; baseline -0.007 -18"><span class='ocrx_word' id='word_1_733' title='bbox 270 5616 399 5665; x_wconf 80' lang='grc' dir='ltr'>πάνυ</span> <span class='ocrx_word' id='word_1_734' title='bbox 435 5632 487 5666; x_wconf 88' lang='grc' dir='ltr'><strong>τι</strong></span> <span class='ocrx_word' id='word_1_735' title='bbox 528 5614 765 5682; x_wconf 75' lang='grc' dir='ltr'>χαλεποῦ</span> <span class='ocrx_word' id='word_1_736' title='bbox 812 5616 871 5665; x_wconf 84' lang='grc' dir='ltr'><strong>τὸ</strong></span> <span class='ocrx_word' id='word_1_737' title='bbox 920 5613 1060 5666; x_wconf 90' lang='grc' dir='ltr'>πάνυ</span> <span class='ocrx_word' id='word_1_738' title='bbox 1101 5628 1154 5663; x_wconf 89' lang='grc' dir='ltr'>τι</span> <span class='ocrx_word' id='word_1_739' title='bbox 1194 5611 1390 5680; x_wconf 76' lang='grc' dir='ltr'>ῥᾷστον</span> <span class='ocrx_word' id='word_1_740' title='bbox 1428 5606 1820 5672; x_wconf 75' lang='grc' dir='ltr'>ὰλλαξάμενον.</span> 
     </span>
    </p>
   </div>
   <div class='ocr_carea' id='block_1_102' title="bbox 280 5698 1825 5773">
    <p class='ocr_par' dir='ltr' id='par_1_102' title="bbox 280 5698 1825 5773">
     <span class='ocr_line' id='line_1_105' title="bbox 280 5698 1825 5773; baseline -0.006 -17"><span class='ocrx_word' id='word_1_741' title='bbox 280 5704 548 5757; x_wconf 76' lang='grc' dir='ltr'>Ἐντεῦθεν</span> <span class='ocrx_word' id='word_1_742' title='bbox 594 5706 700 5773; x_wconf 83' lang='grc' dir='ltr'><strong>γὰρ</strong></span> <span class='ocrx_word' id='word_1_743' title='bbox 747 5707 945 5768; x_wconf 81' lang='grc' dir='ltr'>ἐξεῖναι</span> <span class='ocrx_word' id='word_1_744' title='bbox 989 5706 1087 5755; x_wconf 84' lang='grc' dir='ltr'>τοῦ</span> <span class='ocrx_word' id='word_1_745' title='bbox 1119 5700 1309 5754; x_wconf 77' lang='grc' dir='ltr'>Λοιποῦ</span> <span class='ocrx_word' id='word_1_746' title='bbox 1364 5699 1698 5765; x_wconf 78' lang='grc' dir='ltr'>συλλήπτορι</span> <span class='ocrx_word' id='word_1_747' title='bbox 1759 5698 1825 5765; x_wconf 81' lang='grc' dir='ltr'>τῇ</span> 
     </span>
    </p>
   </div>
   <div class='ocr_carea' id='block_1_103' title="bbox 270 5788 1828 5868">
    <p class='ocr_par' dir='ltr' id='par_1_103' title="bbox 270 5788 1828 5868">
     <span class='ocr_line' id='line_1_106' title="bbox 270 5788 1828 5868; baseline -0.004 -23"><span class='ocrx_word' id='word_1_748' title='bbox 270 5795 461 5849; x_wconf 73' lang='grc' dir='ltr'>ἄνωθεν</span> <span class='ocrx_word' id='word_1_749' title='bbox 509 5798 807 5865; x_wconf 73' lang='grc' dir='ltr'>κεχρῆσοαι</span> <span class='ocrx_word' id='word_1_750' title='bbox 839 5798 989 5868; x_wconf 77' lang='grc' dir='ltr'>δεξιᾷ</span> <span class='ocrx_word' id='word_1_751' title='bbox 1021 5796 1157 5866; x_wconf 58' lang='grc' dir='ltr'>πρδς</span> <span class='ocrx_word' id='word_1_752' title='bbox 1205 5795 1422 5848; x_wconf 80' lang='grc' dir='ltr'>άπασαν</span> <span class='ocrx_word' id='word_1_753' title='bbox 1462 5790 1662 5860; x_wconf 78' lang='grc' dir='ltr'>πρᾶξιν</span> <span class='ocrx_word' id='word_1_754' title='bbox 1693 5788 1828 5857; x_wconf 79' lang='grc' dir='ltr'>ὁμοῦ</span> 
     </span>
    </p>
   </div>
   <div class='ocr_carea' id='block_1_104' title="bbox 276 5883 1829 5963">
    <p class='ocr_par' dir='ltr' id='par_1_104' title="bbox 276 5883 1829 5963">
     <span class='ocr_line' id='line_1_107' title="bbox 276 5883 1829 5963; baseline -0.021 1"><span class='ocrx_word' id='word_1_755' title='bbox 276 5887 366 5943; x_wconf 50' lang='grc' dir='ltr'><strong>καὶ</strong></span> <span class='ocrx_word' id='word_1_756' title='bbox 406 5888 628 5961; x_wconf 59' lang='grc' dir='ltr'><strong>βουλήν·</strong></span> <span class='ocrx_word' id='word_1_757' title='bbox 664 5890 798 5959; x_wconf 73' lang='grc' dir='ltr'><strong>Πρὸς</strong></span> <span class='ocrx_word' id='word_1_758' title='bbox 825 5891 890 5963; x_wconf 76' lang='grc' dir='ltr'>δὴ</span> <span class='ocrx_word' id='word_1_759' title='bbox 914 5888 1089 5945; x_wconf 82' lang='grc' dir='ltr'>ταῦτα</span> <span class='ocrx_word' id='word_1_760' title='bbox 1133 5893 1224 5943; x_wconf 71' lang='grc' dir='ltr'>καὶ</span> <span class='ocrx_word' id='word_1_761' title='bbox 1262 5889 1328 5941; x_wconf 71' lang='grc' dir='ltr'><strong>τὰ</strong></span> <span class='ocrx_word' id='word_1_762' title='bbox 1370 5886 1592 5940; x_wconf 72' lang='grc' dir='ltr'>τοιαῦτα</span> <span class='ocrx_word' id='word_1_763' title='bbox 1638 5883 1829 5955; x_wconf 64' lang='grc' dir='ltr'>βούλη-</span> 
     </span>
    </p>
   </div>
   <div class='ocr_carea' id='block_1_105' title="bbox 1917 4660 3499 4741">
    <p class='ocr_par' dir='ltr' id='par_1_105' title="bbox 1917 4660 3499 4741">
     <span class='ocr_line' id='line_1_108' title="bbox 1917 4660 3499 4741; baseline -0.021 0"><span class='ocrx_word' id='word_1_764' title='bbox 1917 4688 2055 4741; x_wconf 89' lang='lat' dir='ltr'><strong>iram</strong></span> <span class='ocrx_word' id='word_1_765' title='bbox 2078 4685 2132 4737; x_wconf 84' lang='lat' dir='ltr'><strong>in</strong></span> <span class='ocrx_word' id='word_1_766' title='bbox 2169 4682 2636 4737; x_wconf 81' lang='lat' dir='ltr'><strong>Cantacuzenum,</strong></span> <span class='ocrx_word' id='word_1_767' title='bbox 2672 4681 2732 4726; x_wconf 88' lang='lat' dir='ltr'><strong>ut</strong></span> <span class='ocrx_word' id='word_1_768' title='bbox 2770 4668 3005 4737; x_wconf 88' lang='lat' dir='ltr'><strong>turpiter</strong></span> <span class='ocrx_word' id='word_1_769' title='bbox 3043 4678 3213 4734; x_wconf 79' lang='lat' dir='ltr'><strong>regno</strong></span> <span class='ocrx_word' id='word_1_770' title='bbox 3238 4660 3499 4729; x_wconf 83' lang='lat' dir='ltr'><strong>expulsus</strong></span> 
     </span>
    </p>
   </div>
   <div class='ocr_carea' id='block_1_106' title="bbox 1915 4756 3503 4847">
    <p class='ocr_par' dir='ltr' id='par_1_106' title="bbox 1915 4756 3503 4847">
     <span class='ocr_line' id='line_1_109' title="bbox 1915 4756 3503 4847; baseline -0.021 -12"><span class='ocrx_word' id='word_1_771' title='bbox 1915 4791 2024 4835; x_wconf 87' lang='lat' dir='ltr'><strong>eta</strong></span> <span class='ocrx_word' id='word_1_772' title='bbox 2060 4774 2314 4847; x_wconf 89' lang='lat' dir='ltr'><strong>pessimis</strong></span> <span class='ocrx_word' id='word_1_773' title='bbox 2366 4768 2682 4826; x_wconf 88' lang='lat' dir='ltr'><strong>hominibus</strong></span> <span class='ocrx_word' id='word_1_774' title='bbox 2730 4766 2929 4818; x_wconf 90' lang='lat' dir='ltr'><strong>mirum</strong></span> <span class='ocrx_word' id='word_1_775' title='bbox 2965 4760 3020 4814; x_wconf 92' lang='lat' dir='ltr'><strong>in</strong></span> <span class='ocrx_word' id='word_1_776' title='bbox 3082 4756 3304 4811; x_wconf 90' lang='lat' dir='ltr'><strong>modum</strong></span> <span class='ocrx_word' id='word_1_777' title='bbox 3354 4758 3503 4803; x_wconf 88' lang='lat' dir='ltr'><strong>esset</strong></span> 
     </span>
    </p>
   </div>
   <div class='ocr_carea' id='block_1_107' title="bbox 1919 4850 3502 4938">
    <p class='ocr_par' dir='ltr' id='par_1_107' title="bbox 1919 4850 3502 4938">
     <span class='ocr_line' id='line_1_110' title="bbox 1919 4850 3502 4938; baseline -0.021 -11"><span class='ocrx_word' id='word_1_778' title='bbox 1919 4878 2285 4938; x_wconf 86' lang='lat' dir='ltr'><strong>contemptus.</strong></span> <span class='ocrx_word' id='word_1_779' title='bbox 2337 4862 2543 4918; x_wconf 89' lang='lat' dir='ltr'><strong>Deinde</strong></span> <span class='ocrx_word' id='word_1_780' title='bbox 2578 4857 2838 4913; x_wconf 89' lang='lat' dir='ltr'><strong>hortabar</strong></span> <span class='ocrx_word' id='word_1_781' title='bbox 2892 4863 2950 4907; x_wconf 92' lang='lat' dir='ltr'><strong>ut</strong></span> <span class='ocrx_word' id='word_1_782' title='bbox 3004 4850 3242 4920; x_wconf 76' lang='lat' dir='ltr'><strong>erigeret</strong></span> <span class='ocrx_word' id='word_1_783' title='bbox 3306 4856 3502 4897; x_wconf 89' lang='lat' dir='ltr'><strong>rursus</strong></span> 
     </span>
    </p>
   </div>
   <div class='ocr_carea' id='block_1_108' title="bbox 1919 4940 3502 5033">
    <p class='ocr_par' dir='ltr' id='par_1_108' title="bbox 1919 4940 3502 5033">
     <span class='ocr_line' id='line_1_111' title="bbox 1919 4940 3502 5033; baseline -0.02 -15"><span class='ocrx_word' id='word_1_784' title='bbox 1919 4966 2125 5033; x_wconf 87' lang='lat' dir='ltr'><strong>lapsam</strong></span> <span class='ocrx_word' id='word_1_785' title='bbox 2157 4973 2432 5030; x_wconf 87' lang='lat' dir='ltr'><strong>paternam</strong></span> <span class='ocrx_word' id='word_1_786' title='bbox 2493 4955 2692 5010; x_wconf 68' lang='lat' dir='ltr'><strong>divinae</strong></span> <span class='ocrx_word' id='word_1_787' title='bbox 2733 4950 2993 5005; x_wconf 56' lang='lat' dir='ltr'><strong>Ecclesia</strong></span> <span class='ocrx_word' id='word_1_788' title='bbox 3031 4940 3410 4998; x_wconf 86' lang='lat' dir='ltr'><strong>auctoritatem</strong></span> <span class='ocrx_word' id='word_1_789' title='bbox 3445 4942 3502 4987; x_wconf 87' lang='lat' dir='ltr'><strong>et</strong></span> 
     </span>
    </p>
   </div>
   <div class='ocr_carea' id='block_1_109' title="bbox 1921 5032 3501 5125">
    <p class='ocr_par' dir='ltr' id='par_1_109' title="bbox 1921 5032 3501 5125">
     <span class='ocr_line' id='line_1_112' title="bbox 1921 5032 3501 5125; baseline -0.019 -13"><span class='ocrx_word' id='word_1_790' title='bbox 1921 5032 1987 5111; x_wconf 85' lang='lat' dir='ltr'><strong>ad</strong></span> <span class='ocrx_word' id='word_1_791' title='bbox 2014 5056 2298 5125; x_wconf 83' lang='lat' dir='ltr'><strong>pristinam</strong></span> <span class='ocrx_word' id='word_1_792' title='bbox 2333 5050 2654 5121; x_wconf 81' lang='lat' dir='ltr'><strong>dignitatem</strong></span> <span class='ocrx_word' id='word_1_793' title='bbox 2674 5052 2957 5100; x_wconf 87' lang='lat' dir='ltr'><strong>revocaret</strong></span> <span class='ocrx_word' id='word_1_794' title='bbox 2980 5038 3081 5093; x_wconf 87' lang='lat' dir='ltr'><strong>uisi</strong></span> <span class='ocrx_word' id='word_1_795' title='bbox 3113 5034 3275 5089; x_wconf 89' lang='lat' dir='ltr'><strong>vellet</strong></span> <span class='ocrx_word' id='word_1_796' title='bbox 3301 5040 3356 5086; x_wconf 88' lang='lat' dir='ltr'><strong>et</strong></span> <span class='ocrx_word' id='word_1_797' title='bbox 3387 5032 3501 5099; x_wconf 87' lang='lat' dir='ltr'><strong>ipse</strong></span> 
     </span>
    </p>
   </div>
   <div class='ocr_carea' id='block_1_110' title="bbox 1922 5129 3503 5210">
    <p class='ocr_par' dir='ltr' id='par_1_110' title="bbox 1922 5129 3503 5210">
     <span class='ocr_line' id='line_1_113' title="bbox 1922 5129 3503 5210; baseline -0.02 -6"><span class='ocrx_word' id='word_1_798' title='bbox 1922 5151 1979 5203; x_wconf 86' lang='lat' dir='ltr'><strong>in</strong></span> <span class='ocrx_word' id='word_1_799' title='bbox 2013 5147 2201 5202; x_wconf 89' lang='lat' dir='ltr'><strong>eadem</strong></span> <span class='ocrx_word' id='word_1_800' title='bbox 2234 5144 2472 5198; x_wconf 89' lang='lat' dir='ltr'><strong>incidere</strong></span> <span class='ocrx_word' id='word_1_801' title='bbox 2500 5138 2770 5210; x_wconf 81' lang='lat' dir='ltr'><strong>pericula.</strong></span> <span class='ocrx_word' id='word_1_802' title='bbox 2802 5135 2939 5189; x_wconf 82' lang='lat' dir='ltr'><strong>Nam</strong></span> <span class='ocrx_word' id='word_1_803' title='bbox 2975 5144 3099 5184; x_wconf 89' lang='lat' dir='ltr'><strong>cum</strong></span> <span class='ocrx_word' id='word_1_804' title='bbox 3141 5129 3283 5181; x_wconf 80' lang='lat' dir='ltr'><strong>Deus</strong></span> <span class='ocrx_word' id='word_1_805' title='bbox 3320 5135 3503 5190; x_wconf 84' lang='lat' dir='ltr'><strong>pater-</strong></span> 
     </span>
    </p>
   </div>
   <div class='ocr_carea' id='block_1_111' title="bbox 1924 5223 3505 5293">
    <p class='ocr_par' dir='ltr' id='par_1_111' title="bbox 1924 5223 3505 5293">
     <span class='ocr_line' id='line_1_114' title="bbox 1924 5223 3505 5293; baseline -0.016 0"><span class='ocrx_word' id='word_1_806' title='bbox 1924 5255 2055 5293; x_wconf 93' lang='lat' dir='ltr'><strong>num</strong></span> <span class='ocrx_word' id='word_1_807' title='bbox 2106 5239 2155 5291; x_wconf 78' lang='lat' dir='ltr'><strong>ei</strong></span> <span class='ocrx_word' id='word_1_808' title='bbox 2187 5238 2307 5291; x_wconf 89' lang='lat' dir='ltr'><strong>sine</strong></span> <span class='ocrx_word' id='word_1_809' title='bbox 2365 5235 2552 5287; x_wconf 78' lang='lat' dir='ltr'><strong>labore</strong></span> <span class='ocrx_word' id='word_1_810' title='bbox 2603 5229 2851 5282; x_wconf 86' lang='lat' dir='ltr'><strong>dedisset</strong></span> <span class='ocrx_word' id='word_1_811' title='bbox 2899 5223 3212 5292; x_wconf 74' lang='lat' dir='ltr'><strong>imperium,</strong></span> <span class='ocrx_word' id='word_1_812' title='bbox 3250 5226 3505 5287; x_wconf 87' lang='lat' dir='ltr'><strong>oportere</strong></span> 
     </span>
    </p>
   </div>
   <div class='ocr_carea' id='block_1_112' title="bbox 1925 5315 3508 5395">
    <p class='ocr_par' dir='ltr' id='par_1_112' title="bbox 1925 5315 3508 5395">
     <span class='ocr_line' id='line_1_115' title="bbox 1925 5315 3508 5395; baseline -0.016 -9"><span class='ocrx_word' id='word_1_813' title='bbox 1925 5332 2089 5386; x_wconf 84' lang='lat' dir='ltr'><strong>etiam</strong></span> <span class='ocrx_word' id='word_1_814' title='bbox 2119 5328 2347 5382; x_wconf 84' lang='lat' dir='ltr'><strong>reddere</strong></span> <span class='ocrx_word' id='word_1_815' title='bbox 2384 5328 2560 5395; x_wconf 88' lang='lat' dir='ltr'><strong>ipsqu</strong></span> <span class='ocrx_word' id='word_1_816' title='bbox 2621 5323 2728 5374; x_wconf 82' lang='lat' dir='ltr'><strong>Deo</strong></span> <span class='ocrx_word' id='word_1_817' title='bbox 2780 5317 2982 5371; x_wconf 83' lang='lat' dir='ltr'><strong>avitam</strong></span> <span class='ocrx_word' id='word_1_818' title='bbox 3041 5315 3294 5383; x_wconf 85' lang='lat' dir='ltr'><strong>pietatem</strong></span> <span class='ocrx_word' id='word_1_819' title='bbox 3358 5318 3508 5378; x_wconf 88' lang='lat' dir='ltr'><strong>post-</strong></span> 
     </span>
    </p>
   </div>
   <div class='ocr_carea' id='block_1_113' title="bbox 1927 5402 3505 5492">
    <p class='ocr_par' dir='ltr' id='par_1_113' title="bbox 1927 5402 3505 5492">
     <span class='ocr_line' id='line_1_116' title="bbox 1927 5402 3505 5492; baseline -0.016 -15"><span class='ocrx_word' id='word_1_820' title='bbox 1927 5440 2087 5492; x_wconf 85' lang='lat' dir='ltr'><strong>quam</strong></span> <span class='ocrx_word' id='word_1_821' title='bbox 2124 5418 2440 5475; x_wconf 81' lang='lat' dir='ltr'><strong>diﬂicillima</strong></span> <span class='ocrx_word' id='word_1_822' title='bbox 2492 5414 2768 5469; x_wconf 78' lang='lat' dir='ltr'><strong>facillimis</strong></span> <span class='ocrx_word' id='word_1_823' title='bbox 2825 5418 3112 5464; x_wconf 87' lang='lat' dir='ltr'><strong>mutasset.</strong></span> <span class='ocrx_word' id='word_1_824' title='bbox 3183 5407 3320 5460; x_wconf 92' lang='lat' dir='ltr'><strong>llinc</strong></span> <span class='ocrx_word' id='word_1_825' title='bbox 3359 5402 3505 5457; x_wconf 86' lang='lat' dir='ltr'><strong>enim</strong></span> 
     </span>
    </p>
   </div>
   <div class='ocr_carea' id='block_1_114' title="bbox 1931 5496 3508 5575">
    <p class='ocr_par' dir='ltr' id='par_1_114' title="bbox 1931 5496 3508 5575">
     <span class='ocr_line' id='line_1_117' title="bbox 1931 5496 3508 5575; baseline -0.016 -6"><span class='ocrx_word' id='word_1_826' title='bbox 1931 5517 2045 5569; x_wconf 85' lang='lat' dir='ltr'><strong>lieri</strong></span> <span class='ocrx_word' id='word_1_827' title='bbox 2073 5525 2131 5567; x_wconf 91' lang='lat' dir='ltr'><strong>ut</strong></span> <span class='ocrx_word' id='word_1_828' title='bbox 2167 5514 2354 5566; x_wconf 87' lang='lat' dir='ltr'><strong>liceret</strong></span> <span class='ocrx_word' id='word_1_829' title='bbox 2379 5510 2434 5562; x_wconf 93' lang='lat' dir='ltr'><strong>in</strong></span> <span class='ocrx_word' id='word_1_830' title='bbox 2463 5516 2741 5575; x_wconf 85' lang='lat' dir='ltr'><strong>posterum</strong></span> <span class='ocrx_word' id='word_1_831' title='bbox 2771 5504 3023 5571; x_wconf 87' lang='lat' dir='ltr'><strong>adjutore</strong></span> <span class='ocrx_word' id='word_1_832' title='bbox 3075 5500 3151 5554; x_wconf 92' lang='lat' dir='ltr'><strong>uti</strong></span> <span class='ocrx_word' id='word_1_833' title='bbox 3192 5496 3381 5551; x_wconf 85' lang='lat' dir='ltr'><strong>divino</strong></span> <span class='ocrx_word' id='word_1_834' title='bbox 3408 5507 3508 5545; x_wconf 85' lang='lat' dir='ltr'><strong>nu-</strong></span> 
     </span>
    </p>
   </div>
   <div class='ocr_carea' id='block_1_115' title="bbox 1931 5586 3509 5661">
    <p class='ocr_par' dir='ltr' id='par_1_115' title="bbox 1931 5586 3509 5661">
     <span class='ocr_line' id='line_1_118' title="bbox 1931 5586 3509 5661; baseline -0.016 1"><span class='ocrx_word' id='word_1_835' title='bbox 1931 5610 2079 5661; x_wconf 88' lang='lat' dir='ltr'><strong>mine</strong></span> <span class='ocrx_word' id='word_1_836' title='bbox 2101 5606 2164 5659; x_wconf 89' lang='lat' dir='ltr'><strong>ad</strong></span> <span class='ocrx_word' id='word_1_837' title='bbox 2199 5617 2416 5657; x_wconf 84' lang='lat' dir='ltr'><strong>omnem</strong></span> <span class='ocrx_word' id='word_1_838' title='bbox 2451 5610 2507 5654; x_wconf 90' lang='lat' dir='ltr'><strong>et</strong></span> <span class='ocrx_word' id='word_1_839' title='bbox 2535 5599 2808 5652; x_wconf 86' lang='lat' dir='ltr'><strong>actionem</strong></span> <span class='ocrx_word' id='word_1_840' title='bbox 2842 5604 2900 5650; x_wconf 90' lang='lat' dir='ltr'><strong>et</strong></span> <span class='ocrx_word' id='word_1_841' title='bbox 2926 5592 3243 5648; x_wconf 91' lang='lat' dir='ltr'><strong>consilium.</strong></span> <span class='ocrx_word' id='word_1_842' title='bbox 3272 5586 3352 5641; x_wconf 82' lang='lat' dir='ltr'><strong>Ad</strong></span> <span class='ocrx_word' id='word_1_843' title='bbox 3391 5586 3509 5638; x_wconf 79' lang='lat' dir='ltr'><strong>haec</strong></span> 
     </span>
    </p>
   </div>
   <div class='ocr_carea' id='block_1_116' title="bbox 1931 5682 3510 5760">
    <p class='ocr_par' dir='ltr' id='par_1_116' title="bbox 1931 5682 3510 5760">
     <span class='ocr_line' id='line_1_119' title="bbox 1931 5682 3510 5760; baseline -0.016 -5"><span class='ocrx_word' id='word_1_844' title='bbox 1931 5712 1984 5755; x_wconf 92' lang='lat' dir='ltr'><strong>et</strong></span> <span class='ocrx_word' id='word_1_845' title='bbox 2014 5700 2212 5755; x_wconf 87' lang='lat' dir='ltr'><strong>similia</strong></span> <span class='ocrx_word' id='word_1_846' title='bbox 2265 5691 2628 5759; x_wconf 87' lang='lat' dir='ltr'><strong>persuadendi</strong></span> <span class='ocrx_word' id='word_1_847' title='bbox 2684 5691 2792 5744; x_wconf 83' lang='lat' dir='ltr'><strong>vim</strong></span> <span class='ocrx_word' id='word_1_848' title='bbox 2846 5689 3002 5760; x_wconf 76' lang='lat'><strong>251</strong></span> <span class='ocrx_word' id='word_1_849' title='bbox 3043 5682 3297 5739; x_wconf 88' lang='lat' dir='ltr'><strong>habentia</strong></span> <span class='ocrx_word' id='word_1_850' title='bbox 3378 5693 3510 5732; x_wconf 88' lang='lat' dir='ltr'><strong>sane</strong></span> 
     </span>
    </p>
   </div>
   <div class='ocr_carea' id='block_1_117' title="bbox 1936 5772 3514 5855">
    <p class='ocr_par' dir='ltr' id='par_1_117' title="bbox 1936 5772 3514 5855">
     <span class='ocr_line' id='line_1_120' title="bbox 1936 5772 3514 5855; baseline -0.014 -10"><span class='ocrx_word' id='word_1_851' title='bbox 1936 5793 2182 5855; x_wconf 86' lang='lat' dir='ltr'><strong>multam,</strong></span> <span class='ocrx_word' id='word_1_852' title='bbox 2219 5804 2341 5843; x_wconf 81' lang='lat' dir='ltr'><strong>cum</strong></span> <span class='ocrx_word' id='word_1_853' title='bbox 2367 5798 2686 5852; x_wconf 81' lang='lat' dir='ltr'><strong>cognossem</strong></span> <span class='ocrx_word' id='word_1_854' title='bbox 2730 5798 2831 5852; x_wconf 81' lang='lat' dir='ltr'><strong>ego</strong></span> <span class='ocrx_word' id='word_1_855' title='bbox 2869 5780 3140 5835; x_wconf 78' lang='lat' dir='ltr'><strong>ellicaccm</strong></span> <span class='ocrx_word' id='word_1_856' title='bbox 3178 5773 3370 5841; x_wconf 84' lang='lat' dir='ltr'><strong>utique</strong></span> <span class='ocrx_word' id='word_1_857' title='bbox 3411 5772 3514 5825; x_wconf 89' lang='lat' dir='ltr'><strong>im-</strong></span> 
     </span>
    </p>
   </div>
   <div class='ocr_carea' id='block_1_118' title="bbox 1938 5866 3509 5950">
    <p class='ocr_par' dir='ltr' id='par_1_118' title="bbox 1938 5866 3509 5950">
     <span class='ocr_line' id='line_1_121' title="bbox 1938 5866 3509 5950; baseline -0.012 -15"><span class='ocrx_word' id='word_1_858' title='bbox 1938 5893 2118 5950; x_wconf 87' lang='lat' dir='ltr'><strong>petum</strong></span> <span class='ocrx_word' id='word_1_859' title='bbox 2152 5896 2268 5936; x_wconf 76' lang='lat' dir='ltr'><strong>essc</strong></span> <span class='ocrx_word' id='word_1_860' title='bbox 2297 5876 2520 5931; x_wconf 88' lang='lat' dir='ltr'><strong>minime</strong></span> <span class='ocrx_word' id='word_1_861' title='bbox 2544 5874 2683 5929; x_wconf 84' lang='lat' dir='ltr'><strong>adeo</strong></span> <span class='ocrx_word' id='word_1_862' title='bbox 2716 5886 2997 5947; x_wconf 75' lang='lat' dir='ltr'><strong>maguum,</strong></span> <span class='ocrx_word' id='word_1_863' title='bbox 3035 5866 3210 5923; x_wconf 83' lang='lat' dir='ltr'><strong>labori</strong></span> <span class='ocrx_word' id='word_1_864' title='bbox 3258 5867 3509 5923; x_wconf 80' lang='lat' dir='ltr'><strong>laborem</strong></span> 
     </span>
    </p>
   </div>
  </div>
