4046 6290
537 403 646 466 219
1734 408 2135 468 NICEi’IlORl

2246 407 2572 466 REGOHJC
3697 406 3793 468 220

540 523 742 577 iterum
767 519 952 575 addidi
986 529 1043 576 et
1066 520 1152 576 bis
1171 519 1431 590 deinceps
1451 531 1508 578 et
1537 531 1621 578 ter
1656 534 1960 593 quaterque
1989 539 2114 578 eum

2238 541 2306 577 rw
2362 525 2462 594 μὲν
2517 523 2710 593 ἔχοντα
2778 522 2921 574 πάνυ
2975 519 3175 589 πολλὴν
3231 521 3489 587 ἐγνωκὼς
3537 520 3672 589 ἐγὼ,
3702 524 3797 594 ἐμ-

541 612 880 665 conveniens
911 622 966 666 et
1023 627 1091 666 ex
1147 622 1276 667 ante
1323 613 1486 668 dictis
1540 614 1936 682 consequentia
1993 629 2117 668 cum

2238 617 2470 685 πρακτόν
2495 632 2556 682 γε
2601 615 2707 685 μὴν
2755 614 2934 685 ὁρμὴν
2967 614 3168 683 ἥκιστα
3215 613 3359 666 πάνυ
3389 615 3619 684 πολλὴν,
3660 618 3798 686 πόνῳ

545 701 874 758 dexteritate
922 703 1172 765 studens,
1206 704 1390 773 rogavi
1462 714 1648 756 utrmn
1707 719 1738 757 e
1795 704 2012 758 duobus
2068 706 2119 760 ei

546 797 690 849 forte
749 794 1016 862 periicere
1072 793 1360 863 placerent
1397 793 1452 848 Si
1506 795 1689 848 minus
1741 797 2121 859 securitatem,

549 887 646 940 tali
677 887 791 940 otio
843 902 930 940 res
989 886 1186 940 darent
1251 887 1386 941 satis
1431 887 2028 952 sufficientem,edicto
2069 899 2126 944 ct

547 986 821 1045 praecepto
841 976 1146 1030 efficat-iore
1180 976 1419 1030 Iirmaret
1449 989 1736 1045 parcntmn
1770 989 1824 1034 et
1856 981 2123 1048 majorum

548 1083 771 1124 suorqu
808 1070 1060 1136 pietatem
1093 1079 1149 1122 et
1175 1070 1228 1122 in
1253 1069 1541 1137 pristinum
1574 1071 1723 1124 illum
1753 1072 1864 1126 Deo
1899 1072 2124 1140 dignum

548 1172 748 1215 statum
776 1161 1108 1216 restitueret.
1142 1161 1392 1216 reficeret
1432 1174 1613 1217 autem
1657 1180 1779 1232 quae
1821 1167 2126 1232 perniciose

551 1265 674 1322 pust
703 1262 934 1307 mortem
996 1253 1168 1320 patris
1210 1253 1557 1324 irrepsissent
1604 1272 1772 1310 noxas
1821 1266 1876 1310 et
1927 1258 2125 1312 damna

550 1361 686 1398 nova
720 1358 773 1399 et
815 1361 845 1398 a
899 1345 1101 1401 divinis
1147 1346 1415 1416 dogmatis
1469 1349 1840 1402 abstralientia
1890 1351 2124 1404 animos.

551 1434 646 1488 Sin
668 1445 848 1490 autern
879 1436 1228 1491 securitatem
1263 1450 1454 1493 nactus
1495 1438 1744 1493 idoneam
1785 1440 1837 1493 in
1901 1457 2125 1526 acct‘tra-

552 1527 748 1578 tiorcm
780 1541 978 1581 vocare
1025 1528 1467 1597 disquisitionem
1501 1532 1666 1586 vellet
1697 1533 1896 1600 injuste
1963 1533 2126 1586 simul

551 1632 616 1670 ac
644 1617 912 1672 violenter
942 1619 1090 1673 illata
1139 1620 1455 1690 blasphema
1507 1632 1562 1676 et
1597 1625 1843 1678 inaudita
1895 1626 2076 1679 adhuc
2098 1640 2127 1678 ιι

552 1707 737 1762 divina
756 1709 1021 1774 Ecclesia,
1049 1708 1417 1765 Cantacuzeni
1463 1723 1520 1766 et
1549 1713 1780 1767 Palamze
1811 1715 2012 1784 scripta
2041 1728 2127 1768 me

2227 709 2388 761 πόνον
2417 706 2572 770 αὖθις
2605 707 2983 776 προσεθέμην,
3017 708 3113 760 καὶ
3149 707 3232 761 δὶς
3259 707 3388 775 ἑξῆς
3422 709 3516 760 καὶ
3545 709 3671 775 τρὶς
3713 717 3801 763 καὶ

2223 801 2478 868 τετράκις
2530 799 2682 868 αὑτῴ
2714 799 2957 870 προσιὼν
3006 801 3106 854 καὶ
3153 800 3222 853 τὰ
3262 803 3376 862 τοῖς
3409 802 3802 871 προρρηθεῖσιν

2225 891 2496 943 ἀκόλουθα
2574 889 2763 954 δεξιῶς
2835 891 3042 959 ὁμιλῶν
3116 891 3456 944 κατανεῦσαι
3532 894 3803 962 πεποίηκα

2226 979 2369 1030 δυοῖν
2416 979 2678 1046 ὁπότερον
2726 977 2892 1031 ἕλοιτ’
2924 979 2991 1030 ἂν
3037 978 3461 1046 διαπράξασθαι.
3508 981 3572 1032 Ei
3614 981 3712 1047 μὲν
3744 983 3800 1034 οὐ

2225 1067 2481 1119 διδόντων
2510 1066 2694 1119 ἄδειαν
2743 1069 2810 1137 τῇ
2846 1067 3074 1136 τοιαύτῃ
3119 1067 3282 1136 σχολῇ
3314 1067 3425 1120 τῶν
3458 1072 3800 1137 πραγμάτων

2226 1156 2284 1216 ες
2308 1173 2368 1223 γε
2405 1159 2463 1209 τὸ
2507 1158 2690 1209 ἱκανὸν
2721 1157 3077 1226 ἀποχρῶσαν,
3119 1159 3521 1228 προγράμματι
3553 1159 3686 1225 γοῦν
3712 1163 3801 1214 καὶ

2229 1251 2524 1320 προστάξει
2571 1251 2987 1322 δραστικωτέρᾳ
3043 1251 3348 1320 βεϐαιῶσαι
3402 1252 3501 1319 μὲν
3549 1252 3649 1322 τὴν
3701 1254 3804 1306 τῶν

2228 1343 2435 1410 γονέων
2467 1357 2525 1395 τε
2561 1345 2656 1395 καὶ
2686 1345 2970 1413 προγόνων
2999 1344 3164 1396 αὑτοῦ
3203 1361 3267 1412 γε
3297 1343 3586 1396 εὐσέϐειαν
3628 1349 3720 1398 καὶ
3753 1347 3804 1406 ἐς

2227 1435 2330 1502 τὴν
2360 1435 2492 1502 πρὶν
2525 1435 2743 1505 ἐκείνην
2778 1435 3061 1504 θεοπρεπῆ
3095 1437 3434 1490 κατάστασιν
3463 1437 3803 1504 ἀνενεγκεῖν,

2230 1525 2519 1594 ἀκυρῶσαι
2550 1525 2606 1577 δὲ
2638 1527 2738 1588 τὰς
2782 1528 2920 1593 μετά
2951 1524 3210 1595 τελευτὴν
3249 1525 3344 1578 τοῦ
3387 1527 3601 1595 πατρὸς
3648 1528 3802 1578 αὑτοῦ

2229 1617 2738 1688 παρεισφθαρείσας
2767 1617 2990 1686 κηλῖδας
3024 1619 3121 1671 καὶ
3165 1618 3345 1687 κῆρας
3377 1622 3670 1686 νεοφανείς
3717 1619 3806 1670 καὶ

2229 1708 2342 1768 τοῖς
2398 1706 2562 1769 θείοις
2613 1706 3026 1775 ἀποτροπαίους
3081 1707 3374 1774 δόγμασιν.
3413 1708 3475 1759 Ei
3528 1707 3575 1760 δ’
3630 1709 3806 1771 ἀδείας

551 1809 800 1867 paratum
831 1815 952 1854 esse
991 1801 1265 1872 simillime
1323 1804 1614 1858 ostendere
1662 1806 1940 1874 sigillatim
1992 1806 2126 1859 nihil

2238 1798 2635 1868 ἐπειλημμένος
2667 1799 2764 1868 τῆς
2805 1797 3194 1870 προσηκούσης
3219 1799 3468 1863 ἐξετάσει
3501 1798 3809 1872 τελεωτέρα

553 1890 645 1943 illa
678 1905 870 1945 sanum
897 1902 953 1946 et
981 1893 1200 1946 salubre
1231 1893 1454 1957 inferre,
1473 1895 1567 1950 sed
1596 1906 1752 1950 natas
1780 1913 1899 1951 esse
1919 1909 1971 1952 et
2001 1914 2134 1952 cnn-

554 1983 707 2037 ilatas
733 1984 802 2037 ab
834 1985 902 2038 iis
921 1986 1280 2040 versicolores
1301 1995 1358 2041 et
1389 1989 1754 2043 multiformes
1781 1998 2129 2058 portentosas

553 2076 876 2129 novationes
913 2078 1194 2131 nationum
1247 2088 1302 2133 et
1340 2081 1668 2149 syllabarum
1701 2091 1756 2135 et
1809 2082 2126 2144 verborum,

554 2169 856 2221 secundum
891 2184 1028 2237 quas
1058 2171 1380 2226 novationes
1400 2183 1715 2227 sanctorum
1772 2175 2130 2228 corradentes

555 2260 856 2314 sententias
911 2271 1280 2330 corruperunt
1324 2270 1380 2316 et
1435 2265 1778 2328 mutilarunt,
1821 2280 1975 2318 suam
2022 2265 2133 2317 illis

555 2352 924 2408 admiscentes
950 2353 1191 2422 undique
1218 2353 1378 2408 simul
1397 2365 1453 2409 et
1471 2354 1672 2424 ubique
1695 2358 2127 2424 perversitatem.

557 2447 764 2516 φύρθαι
797 2448 1052 2512 ποικίλας
1083 2449 1266 2512 αὐτοῖς
1307 2450 1404 2502 καλ⁵

2234 1891 2524 1961 βουληθείη
2573 1890 2774 1943 διδόναι
2818 1892 2887 1943 τὰ
2929 1891 3272 1961 τυραννικῶς
3305 1891 3443 1962 ὁμοῦ
3479 1899 3577 1946 καὶ
3627 1895 3808 1964 βιαίως

2234 1981 2684 2054 παρεισαχθέντα
2735 1983 3037 2054 βλάσφημα
3082 2002 3140 2037 τε
3189 1987 3283 2038 καὶ
3331 1987 3571 2058 νεοφανῆ
3608 1991 3675 2058 τῇ
3724 1988 3812 2041 τοῦ

2234 2077 2374 2129 Θεοῦ
2423 2078 2725 2147 Ἐκκλησία⁵
2755 2079 3056 2148 γράμματα
3091 2079 3226 2153 πρός
3273 2097 3328 2130 τε
3363 2080 3456 2132 τοῦ
3497 2083 3815 2134 Καντακου-

2235 2168 2404 2237 ζηνσῦ
2435 2171 2531 2222 καὶ
2561 2169 2655 2222 τοῦ
2705 2170 2958 2238 Ιῖαλαμᾶ,
3003 2171 3238 2240 ἑτοίμως
3273 2172 3415 2240 ἔχειν
3446 2173 3548 2242 ἐμὲ
3587 2178 3730 2225 κατὰ
3757 2177 3816 2225 τὸ

2236 2261 2379 2315 πάνυ
2412 2278 2464 2314 τι
2501 2263 2701 2330 ῥᾷστον
2728 2262 3000 2314 δεικνύειν
3043 2262 3165 2314 καθ’
3211 2263 3417 2316 ἕκαστα
3465 2266 3644 2334 μηδὲν
3671 2266 3811 2332 ὑγιὲς

2241 2355 2465 2423 μηδαμῆ
2515 2354 2860 2422 ἐπαγόμενα,
2891 2353 3007 2408 ἀλλ’
3039 2357 3410 2422 ἐκπεφυκέναι
3451 2359 3549 2409 καὶ
3604 2376 3811 2426 συμπε-

1481 2451 1784 2515 πολυειδεῖς
1809 2451 1907 2514 τὰς
1966 2450 2420 2520 τερατομόρφους
2461 2451 2818 2520 καινοτομίας
2867 2451 2976 2503 τῶν
3025 2451 3250 2504 ἐννοιῶν
3281 2454 3382 2504 καὶ
3443 2453 3558 2505 τῶν
3630 2455 3813 2507 συλλαο

559 2545 670 2597 ϐῶν
727 2547 823 2598 καὶ
898 2546 1009 2598 τῶν
1065 2544 1264 2611 λέξεων
1335 2546 1460 2600 καθ’
1524 2547 1728 2609 ὁπόσας
1789 2548 1898 2600 τῶν
1955 2547 2126 2613 ἀγίων
2168 2546 2559 2616 ὲρανισάμενοι
2603 2547 2792 2617 ῥήσεις
2864 2545 3246 2616 παρέφθειράν
3297 2563 3358 2600 τε
3410 2552 3505 2600 καὶ
3574 2565 3812 2620 παρακε-

558 2641 782 2708 κόφασι,
812 2641 910 2711 τὴν
951 2643 1160 2696 ἑαυτῶν
1206 2642 1392 2705 αὐτοῖς
1423 2643 1888 2712 ἀνακεραννύντες
1921 2645 2260 2711 πανταχόθεν
2293 2643 2410 2709 ἅμα
2440 2645 2536 2695 καὶ
2568 2641 2887 2695 παντάπασι
2921 2640 3248 2710 μοχθηρίαν.

629 2733 813 2788 XVIII.
845 2734 1004 2804 252
1036 2735 1160 2789 Haec
1187 2743 1242 2789 et
1302 2734 1500 2790 similia
1563 2744 1849 2804 postquam
1909 2736 2027 2789 dixi
2077 2747 2133 2790 et

2313 2733 2428 2787 Ilia
2458 2733 2645 2786 Ταῦτα
2675 2735 2738 2803 δὴ
2765 2735 2860 2786 καὶ
2884 2733 3091 2787 τοιαῦτ’
3125 2735 3262 2803 ἐμοῦ
3301 2749 3370 2802 γε’
3401 2737 3694 2807 εἰρηκότος
3727 2741 3814 2792 καί

559 2827 831 2894 persuasi,
866 2829 1004 2882 clam
1041 2843 1129 2882 res
1176 2827 1337 2881 allata
1371 2827 1438 2881 ad
1495 2827 1704 2882 alienas
1737 2844 1900 2882 aures
1953 2837 2008 2884 et
2036 2833 2134 2883 ail-

2238 2823 2586 2885 πεπεικότος,
2612 2823 2791 2890 λάθρα
2837 2821 3130 2886 ἐξέπιπτεν
3172 2826 3255 2886 εἰς
3303 2825 3475 2886 ἀκοὰς
3526 2826 3814 2898 ἀλλοτρίας

557 2917 834 2972 versarias
865 2929 973 2971 tam
1003 2917 1070 2971 ad
1104 2917 1364 2971 invidiam
1385 2929 1548 2986 quam
1579 2918 1646 2971 ad
1677 2920 1928 2974 timorem
1959 2920 2135 2974 addu-

2239 2917 2332 2969 καὶ
2361 2914 2693 2977 ἀντιθέτους,
2725 2914 2981 2984 καὶπρὸς
3019 2913 3084 2986 [ί.
3118 2915 3220 2969 127
3258 2915 3331 2988 r.]
3361 2915 3562 2984 φθόνον
3589 2937 3687 2971 και
3719 2921 3810 2988 φό-

558 3008 640 3062 ιὶι
701 3008 930 3063 minime
981 3009 1315 3072 ferendum;
1360 3011 1597 3065 maxime
1653 3027 1782 3066 vero
1839 3014 2135 3082 perterruit

2241 3007 2335 3058 ϐον
2372 3005 2628 3074 ἠρέθιζεν
2670 3005 2873 3074 ﬁmum
2917 3003 2982 3075 δὴ
3033 3005 3293 3077 φορητόν.
3344 3008 3602 3062 Μάλιστα
3637 3009 3684 3062 δ’
3724 3009 3815 3062 οὖν

561 3103 807 3155 omnium
840 3112 900 3156 et
933 3103 1276 3172 exasperavit
1333 3118 1420 3158 res
1457 3103 1902 3161 Cantaeuzenurn
1934 3107 2135 3162 divinae

2243 3096 2500 3150 ἀπάντων
2544 3095 2808 3166 ὲξέπληξέ
2841 3109 2899 3148 τε
2951 3097 3044 3148 καὶ
3076 3096 3307 3166 ἐξέμηνε
3360 3098 3816 3172 Καντακουζηνθιν

562 3191 823 3247 Ecclesiae
849 3200 1058 3261 pestem
1107 3201 1163 3245 et
1215 3192 1561 3248 defensorem
1612 3196 1793 3250 munis
1848 3198 2135 3265 pravitatis

2238 3189 2332 3243 τὸν
2361 3189 2464 3257 τῆς
2510 3187 2607 3240 τοῦ
2640 3189 2774 3242 Θεοῦ
2824 3187 3155 3259 Ἑκκλησίας
3201 3190 3428 3258 ὀλεθρον
3455 3197 3549 3246 καὶ
3588 3194 3815 3263 βεϐαιω-

561 3281 871 3336 ardentem.
912 3281 1018 3347 Qui
1060 3281 1323 3336 nimirum
1376 3283 1540 3338 etiam
1585 3285 1817 3348 veritus,
1841 3299 1910 3338 ne
1967 3301 2136 3349 nunc,

561 3389 685 3428 cum
717 3388 820 3428 nec
849 3375 964 3442 ipse
995 3385 1259 3445 tyrannus
1300 3385 1466 3440 esset,
1501 3392 1603 3431 nec
1654 3391 1958 3446 praeceptor
2005 3392 2139 3432 suus

562 3465 780 3520 adesset
821 3467 1088 3530 Palamas,
1117 3476 1434 3536 superarent
1471 3479 1526 3522 et
1581 3468 1842 3522 eﬂ‘ectum
1875 3470 2140 3525 haberent

561 3575 626 3614 ea
659 3575 779 3628 qua:
809 3560 1107 3616 deliberata
1156 3571 1334 3620 erant.
1364 3563 1506 3616 ciant
1536 3577 1732 3631 magno
1779 3578 1904 3616 cum
1955 3565 2138 3618 studio

563 3648 816 3722 Hyrcano
835 3667 1040 3722 genero
1064 3663 1120 3707 et
1151 3653 1389 3708 barbaro
1417 3655 1470 3707 in
1510 3654 1819 3724 Bithyniam
1852 3655 2013 3709 missa
2045 3671 2138 3724 pe-

563 3747 746 3807 cunia.
773 3761 893 3815 quae
924 3746 1058 3801 satis
1076 3754 1222 3801 esset
1245 3746 1314 3800 ad
1338 3746 1671 3816 implendam
1707 3747 1856 3802 illius
1887 3751 2137 3804 dextram

561 3846 618 3890 et
641 3845 903 3901 mentem,
934 3839 1209 3908 persuasit
1241 3847 1302 3892 ut
1359 3838 1596 3892 liberum
1636 3840 1884 3894 mitteret
1935 3840 2141 3910 Byzan-

565 3927 990 3982 tiumPalamam
1045 3929 1331 3998 pravitatis
1381 3937 1639 3994 tutorem.
1673 3940 1735 3984 ut
1760 3931 1980 4000 adjutor
2014 3948 2139 4000 per-

562 4034 724 4072 verso
763 4019 879 4088 ipse
911 4018 1068 4075 ﬁeret
1102 4021 1363 4091 dogmati.
1400 4020 1555 4088 Quod
1588 4023 1751 4076 etiam
1771 4024 1930 4077 nobis
1959 4024 2138 4078 visum

561 4121 644 4166 est
670 4113 853 4180 potius
877 4128 1040 4182 quam
1074 4113 1175 4177 illi,
1211 4113 1429 4168 melius.
1465 4114 1598 4168 Nam
1632 4115 1698 4168 ad
1730 4116 2018 4183 praesentia
2047 4133 2136 4170 or-

561 4214 744 4259 torum
766 4219 833 4258 ex
855 4204 1064 4272 pudore
1090 4207 1385 4260 criminum
1427 4220 1555 4262 cura
1576 4207 1820 4262 nondum
1857 4209 2141 4277 insupera-

561 4296 671 4350 bile
701 4305 848 4351 esset
880 4297 1144 4352 auxilium
1174 4295 1563 4363 Cantacuzeni,
1598 4300 1694 4354 sed
1723 4301 1895 4368 magis
1954 4309 2139 4371 tyran-

564 4388 748 4441 nicum
775 4397 832 4442 et
888 4391 1044 4444 valde
1099 4390 1366 4460 ineptum.
1396 4405 1508 4444 non
1567 4391 1979 4460 relinquebatur
2027 4394 2137 4462 jam

563 4489 862 4549 praztextus
893 4480 1036 4549 fugae
1057 4481 1202 4536 nilus
1229 4482 1442 4536 homini
1478 4483 1537 4538 in
1569 4483 1719 4538 omni
1764 4485 2038 4538 sententia
2083 4494 2139 4539 et

564 4569 776 4632 ratione
804 4571 1122 4640 perturbato
1145 4584 1202 4628 et
1223 4573 1480 4628 omnibus
1511 4573 1566 4628 in
1593 4574 1759 4629 rebus
1788 4573 1994 4643 inepto.

637 4842 779 4901 XIX.
800 4841 882 4897 Ad
905 4841 1022 4895 haec
1047 4839 1253 4894 ileiena
1280 4839 1597 4908 imperatrix
1618 4841 1937 4912 Byzantium
1967 4841 2144 4897 Tene-

569 4939 642 4994 do
681 4936 923 5008 profecta
961 4931 1245 5001 Palaeologi
1295 4933 1546 5002 conjugis
1598 4944 1654 4988 et
1691 4935 1825 5004 imp.
1888 4935 1948 4987 in
2001 4935 2145 4989 banc

570 5049 684 5088 rem
715 5030 1134 5100 propensionem
1166 5028 1437 5090 cohibuit.
1475 5042 1651 5094 neque
1688 5027 1805 5095 ipsa
1841 5027 1950 5081 ullo
1982 5027 2146 5081 modo

570 5126 758 5179 volens
788 5125 1150 5179 Cantacuzeni
1192 5123 1361 5192 patris
1391 5121 1704 5192 ignominiaa
1751 5137 1874 5174 eum
1909 5121 2010 5174 ista
2048 5138 2145 5175 cx-

573 5219 883 5273 secratione
945 5215 1107 5286 253
1163 5214 1427 5271 constitui
1484 5213 1906 5282 spectatricem,
1969 5229 2147 5282 neque

575 5313 822 5383 profecto
849 5311 999 5365 illius
1020 5310 1163 5379 apud
1195 5310 1366 5379 ipsam
1412 5308 1584 5362 factas
1605 5307 1978 5363 clandestinas
2009 5308 2150 5362 indi-

572 5406 822 5459 cationes
849 5413 903 5458 et
935 5404 1339 5458 admonitiones
1384 5400 1574 5456 irritas
1628 5401 1894 5471 repellere
1939 5401 2145 5456 valens.

573 5497 642 5557 Et
673 5502 777 5551 hoc
803 5503 923 5551 erat
939 5496 1086 5564 quod
1118 5495 1377 5551 Ecclesiae
1407 5503 1462 5548 et
1487 5493 1801 5547 divinorum
1850 5490 2147 5560 aliquando

575 5591 893 5660 dogmatum
948 5589 1216 5659 repressit
1267 5603 1455 5642 veram
1508 5585 1958 5640 constitutionem
2021 5599 2148 5637 cum

575 5696 699 5736 meo
731 5681 831 5736 bac
862 5680 914 5734 in
938 5695 998 5734 re
1027 5679 1232 5734 studio.
1265 5678 1404 5732 Puto
1436 5677 1546 5732 Deo
1589 5676 1984 5745 comprobante
2028 5689 2152 5741 per-

579 5772 863 5826 fectiorem
885 5771 1052 5826 etiam
1090 5771 1292 5825 factam
1334 5782 1457 5823 esse
1486 5767 1554 5822 de
1586 5770 1788 5837 pietate
1821 5766 2148 5820 certantium

2239 3284 2342 3352 τὴν
2366 3283 2466 3352 τῆς
2493 3283 2622 3352 ὅλης
2655 3282 2852 3346 κακίας
2876 3283 3162 3351 διάπυρον.
3193 3285 3289 3345 Ὃς
3313 3285 3487 3352 δήπου
3514 3289 3615 3339 καὶ
3637 3289 3816 3349 δείσας

2245 3377 2321 3445 μὴ
2354 3375 2472 3438 νῦν,
2495 3377 2658 3430 ὁπότε
2697 3375 2824 3445 μήτ’
2863 3375 3028 3438 αὐτὸς
3065 3376 3383 3447 τυραννοίη,
3411 3377 3542 3445 μήθ’
3591 3382 3624 3432 ὁ
3657 3380 3815 3434 αὑτοῦ

2245 3469 2614 3536 μυσταγωγὸς
2652 3469 2858 3537 παρείη
2890 3469 3184 3537 Παλαμᾶς,
3222 3469 3476 3540 ὑπέρσχῃ
3519 3472 3621 3525 καὶ
3644 3473 3816 3542 πέρας

2244 3563 2345 3631 σχῇ
2380 3561 2446 3613 τά
2473 3559 2905 3630 βεϐουλευμένα,
2941 3561 3120 3631 λάθρα
3154 3561 3253 3614 σὺν
3294 3561 3466 3633 πολλῇ
3501 3567 3568 3633 τῇ
3609 3567 3812 3635 σπουδῇ

2243 3651 2552 3720 πεπομφὼς
2588 3652 2845 3721 ’Υρκανῷ
2881 3651 2960 3722 τῷ
2986 3653 3222 3724 γαμϐρῷ
3251 3655 3346 3707 καὶ
3376 3654 3649 3726 βαρϐάρῳ
3681 3659 3812 3728 χρή-

2245 3761 2391 3812 ματα
2428 3745 2562 3814 πρὸς
2591 3745 2847 3800 Βιθυνίαν
2873 3747 2975 3815 τὴν
3005 3747 3216 3800 ἐκείνου
3248 3745 3430 3810 δεξιάν
3461 3749 3555 3802 καὶ
3584 3751 3811 3818 γνώμην

2245 3833 2446 3895 ἱκανῶς
2495 3833 2688 3903 ἔχοντα
2747 3835 3052 3903 ἐμπιπλᾷν,
3104 3834 3368 3888 πέπεικεν
3421 3837 3716 3906 ἐλεύθερον
3758 3840 3812 3902 ἐς

2242 3923 2536 3988 Βυζάντιον
2585 3924 2905 3979 ἀποστεῖλαι
2969 3926 3234 3995 Παλαμᾶν
3301 3926 3394 3980 τὸν
3455 3928 3557 3997 τῆς
3618 3931 3811 3992 κακίας

2243 4014 2578 4082 προστάτην.
2623 4014 2735 4081 ἵνα,
2778 4014 2872 4067 τὸν
2915 4015 3171 4084 δεύτερον
3225 4018 3395 4084 φάναι
3454 4015 3648 4083 πλοῦν,
3682 4035 3810 4085 συμ·

2245 4107 2420 4178 μαχία
2443 4125 2527 4170 τις
2555 4107 2630 4178 τῷ
2659 4107 2884 4179 πονηρῷ
2913 4107 3045 4176 γοῦν
3071 4108 3234 4171 αὐτὸς
3273 4107 3532 4177 γίγνηται
3559 4109 3812 4178 δόγματι.

2249 4203 2328 4252 Ὃ
2345 4201 2406 4270 δὴ
2431 4202 2524 4253 καὶ
2554 4202 2686 4270 ἡμῖν
2712 4200 2860 4267 ἔδοξε
2885 4200 3086 4271 μᾶλλον
3111 4201 3150 4270 ἢ,
3177 4202 3376 4271 ἐκείνῳ
3403 4201 3646 4270 βέλτιον·
3683 4205 3812 4270 arpi;

2241 4291 2351 4358 γὰρ
2379 4295 2624 4357 παρόντα
2646 4294 2758 4347 τῶν
2785 4295 2885 4364 τῆς
2907 4293 3172 4364 αἰσχύνης
3194 4296 3529 4362 κινουμένων
3552 4297 3810 4366 ἐλέγχων,

2243 4383 2345 4434 οὐκ
2378 4381 2547 4453 οὔσης
2580 4385 2684 4455 ἤδη
2711 4385 2813 4454 τῆς
2846 4386 3062 4454 ἀμάχου
3091 4385 3412 4455 συμμαχίας
3465 4387 3560 4440 τοῦ
3601 4389 3814 4442 Κανταο

2242 4476 2533 4546 κουξηνοῦ,
2569 4478 2768 4548 μᾶλλον
2799 4478 2858 4531 δὲ
2896 4479 2999 4546 τῆς
3027 4481 3358 4548 τυραννικῆς
3389 4481 3485 4532 καὶ
3521 4479 3644 4535 λίαν
3688 4483 3809 4536 ἀτό-

2173 4566 2213 4620 D
2244 4582 2369 4630 που,
2410 4566 2511 4619 οὐκ
2555 4566 2789 4619 ἐλείπετ’
2821 4567 2888 4620 ἀν
2937 4565 3017 4619 ἔτι
3067 4567 3339 4635 πρόφασις
3369 4568 3662 4638 ἀποφυγῆς
3702 4569 3806 4623 οὐδ’

2241 4658 2470 4723 ἡτισοῦν
2521 4658 2598 4728 τῷ
2652 4659 2751 4730 τὴν
2807 4658 3034 4728 γνώμην
3082 4660 3176 4713 καὶ
3234 4659 3412 4712 πάντα
3450 4660 3653 4729 τρόπον
3700 4663 3809 4716 δια-

2245 4752 2464 4822 στρόφῳ
2493 4756 2585 4806 καὶ
2622 4755 2802 4808 πάντα
2830 4755 3040 4824 ἀτόπῳ.
3191 4821 3200 4828 ,

2317 4845 2420 4899 ΙΘ’.
2463 4845 2604 4898 Ἀλλ’
2631 4848 2724 4898 ὲπὶ
2768 4847 2980 4908 τούτοις
3012 4848 3043 4916 ἠ
3078 4845 3293 4914 βασιλὶς
3335 4846 3522 4916 Ἑλένη
3554 4848 3691 4917 πρὸς
3718 4847 3814 4898 Bu-

2247 4937 2465 5002 ζὰντιον
2511 4941 2574 4990 ὲκ
2601 4938 2831 4991 Τενέδου
2884 4940 3161 5007 ἀφιγμένη
3197 4937 3294 5008 τὴν
3325 4940 3404 5000 είς
3455 4939 3610 4990 τοῦτο
3648 4939 3813 5006 ῥοπὴν

2248 5028 2559 5095 ἀνεχαίτισε
2584 5027 2676 5079 τοῦ
2710 5026 2946 5093 συζύγου
2992 5027 3088 5079 καὶ
3121 5026 3388 5094 βασιλέως
3425 5027 3809 5092 Παλαιολόγου,

2253 5120 2378 5188 μήτ’
2423 5119 2562 5188 αὐτὴ
2599 5118 2826 5188 μηδαμῆ
2871 5116 3173 5188 βουλομένη
3215 5120 3312 5184 τῆς
3364 5115 3810 5185 Καντακουζηνοῦ

2250 5211 2344 5263 τοῦ
2397 5210 2605 5280 πατρὸς
2654 5209 2919 5279 αἰσχύνης
2973 5209 3070 5261 σύν
3107 5225 3171 5275 γε
3217 5209 3294 5277 τῷ
3327 5209 3598 5276 πρέποντι
3627 5206 3813 5261 ἀναθέ-

2255 5319 2387 5372 ματι
2437 5301 2778 5371 καταστῆναί
2840 5319 2956 5363 πως
3011 5301 3306 5370 αὐτήκοος,
3369 5300 3505 5368 μήτε
3569 5301 3674 5368 μὴν
3721 5299 3813 5358 τὰς

2251 5395 2458 5448 ἐκείνου
2511 5395 2642 5462 παρ’
2690 5394 2862 5462 αὐτὴν
2905 5393 3193 5461 γινομένας
3243 5389 3508 5459 λαθραίας
3564 5388 3814 5458 μηνύσεις

2253 5491 2350 5542 καὶ
2376 5487 2760 5558 παρακλήσεις
2793 5487 3007 5550 ἀτελεῖς
3040 5483 3496 5555 παρακρούεσθαι
3520 5481 3811 5549 δυναμένη.

2253 5584 2366 5636 Καὶ
2393 5580 2540 5635 τοῦτ’
2566 5578 2633 5650 ἦν
2662 5579 2691 5633 δ
2729 5580 2828 5651 τὴν
2869 5579 2968 5648 τῆς
3009 5577 3335 5648 Ἐκκλησίας
3386 5577 3483 5629 καὶ
3521 5577 3632 5629 τῶν
3664 5572 3816 5625 θείων

2253 5676 2390 5734 τέως
2445 5672 2734 5743 δογμάτων
2797 5670 3023 5723 ἔσϐεσεν
3082 5669 3461 5739 ἐπανόρθωσιν
3528 5667 3667 5736 μετά
3722 5663 3816 5731 τῆς

2255 5767 2393 5835 ἐμῆς
2427 5768 2484 5828 ἐς
2513 5766 2672 5818 τοῦτο
2705 5764 2962 5830 σπουδῆς,
2991 5760 3146 5830 οἶμαι
3177 5761 3272 5814 τοῦ
3323 5759 3459 5814 Θεοῦ
3490 5759 3814 5826 τελεωτέραν

584 5866 1066 5925 cxaminationcm.
1122 5865 1242 5922 Non
1297 5863 1446 5918 enim
1490 5876 1681 5918 eorum
1736 5860 1826 5929 qui
1881 5858 2135 5928 incipiunt?

2257 5858 2338 5910 ἔτι
2393 5857 2645 5926 γενέσθαι
2697 5855 2794 5926 τὴν
2847 5855 2956 5907 τῶν
2995 5853 3135 5922 ὑπὲρ
3188 5852 3470 5915 εὐσεϐείας
3520 5847 3815 5903 ἀθλούντων
