4046 6290
199 397 291 461 εει

1232 401 1675 461 ΒΥΖΑΝΤῙΝίΕ
1716 400 2101 460 HlSTORI/E
2140 406 2287 464 LIB.
2327 408 2539 472 XXIX.

3334 419 3437 480 222

199 516 525 586 οσπιμασίαν
548 516 1035 587 ἐπιψηφιζομένου.
1066 520 1140 573 Οὐ
1170 523 1276 590 γὰρ
1304 522 1413 574 τῶν
1439 522 1754 590 ἀρξαμένωι

1867 534 2083 580 certare
2111 536 2240 581 sunt
2299 543 2515 583 coronae
2571 541 2626 585 et
2673 532 2918 600 praemia,
2947 533 3042 586 sed
3097 548 3285 587 eorum
3340 533 3438 604 qui

199 608 372 661 ἀθλεῖν
406 609 456 660 oi
498 610 752 677 στέφανοι
787 610 881 661 καὶ
922 611 989 663 τὰ
1027 609 1251 677 ἔπαθλα,
1291 612 1427 666 ἀλλὰ
1474 614 1582 665 τῶν
1631 612 1763 682 ἄχρι

200 701 382 761 τέλους
411 698 601 752 ἀνύειν
634 699 1105 771 προθυμουμένων
1125 703 1343 757 ἅπαντα
1384 704 1476 756 τδν
1515 704 1610 756 τοῦ
1641 704 1764 773 δρό-

202 808 299 860 μου
344 790 589 844 δίαυλον.
625 792 719 844 Διὸ
760 793 855 845 καὶ
906 792 1168 857 πολλάκις
1214 794 1392 849 ἄλλων
1444 794 1765 848 κοπιώντων

202 882 344 935 ἄλλοι
375 881 506 944 τοὺς
547 883 771 935 ἐκείνων
804 883 1038 953 μόχθους
1069 886 1303 954 ἀπονητὶ
1334 886 1671 955 λαμϐάνουσί
1701 902 1760 938 τε

120 977 125 982 ’
201 974 290 1026 καὶ
335 973 690 1035 ἀπολαύουσι,
752 976 881 1044 μήτ’
938 975 1164 1029 ἐκείνων
1218 978 1609 1047 ζημιουμένων
1661 978 1761 1041 τὰς

204 1064 425 1135 ἀμοιϐὰς
482 1068 623 1135 πρὸς
665 1067 760 1120 τοῦ
808 1068 1271 1136 ἀγωνοθετοῦντος
1332 1071 1466 1123 Θεοῦ
1524 1070 1612 1124 διὰ
1664 1075 1759 1123 τοῦ

176 1196 193 1240 δ
207 1156 398 1227 μεταξὺ
446 1158 557 1214 τῶν
610 1159 839 1228 ἀγώνων
896 1160 1155 1228 θανάτου,
1208 1164 1304 1217 καὶ
1357 1163 1466 1215 τῶν
1520 1162 1764 1233 ὑστέρων

204 1251 595 1305 κοινωνούντων
646 1255 759 1317 τοῖς
801 1253 1041 1323 πρώτοις
1098 1254 1187 1308 διὰ
1239 1256 1341 1324 τήν
1384 1256 1493 1309 τῶν
1538 1257 1763 1326 τρόπων

202 1342 488 1412 ὁμοιότητα
550 1344 651 1412 τῆς
698 1345 958 1414 διανομῆς
1004 1347 1113 1399 τῶν
1170 1346 1457 1416 βραδείων,
1488 1349 1558 1399 τά
1619 1348 1757 1420 βάθη

202 1433 302 1485 τῶν
342 1432 434 1485 τοῦ
484 1433 626 1487 Θεοῦ
668 1436 958 1505 κριμάτων
993 1437 1051 1489 ού
1104 1438 1422 1507 δυναμένων
1453 1441 1511 1491 ἐν
1545 1439 1759 1502 τούτοις

203 1527 232 1595 η
239 1524 349 1595 μῶν
380 1528 632 1598 ἐρευνᾷν.

268 1614 347 1671 κ’.
408 1616 667 1672 Είκὰσειε
711 1620 754 1672 δ’
807 1618 874 1674 ἄν
938 1637 1023 1683 τις
1076 1618 1207 1683 ἴσως
1257 1620 1334 1684 ὥς
1378 1623 1495 1686 τοῖς
1537 1621 1759 1675 ἀσεϐέσι

203 1709 446 1770 διώκταις
492 1710 655 1779 ἡμῶν
692 1713 931 1763 ’τουτοισὶ¹
984 1714 1274 1781 μετανοίας
1317 1713 1551 1782 ἀνοίγων
1583 1712 1759 1785 θύραν

202 1802 416 1864 δκοινὸς
448 1802 772 1873 προμηθεὺς
818 1802 1001 1856 δίδωσί
1042 1820 1099 1855 τε
1140 1788 1403 1874 διαμονῆς
1435 1806 1627 1875 καιρὸν
1670 1806 1758 1859 ἐν-

1868 632 2042 686 usque
2069 617 2135 672 ad
2172 619 2332 673 linem
2365 619 2579 675 emetiri
2608 623 2782 691 parati
2817 633 2945 677 sunt
2971 632 3140 677 totum
3170 625 3435 679 curriculi

1862 709 2123 778 spatium.
2151 709 2332 775 Quare
2357 712 2520 765 etiam
2569 726 2710 781 saepe
2758 713 2878 767 aliis
2918 714 3296 769 laborantibus
3344 716 3436 769 alii

1863 800 2079 854 illorum
2098 801 2314 855 labores
2335 800 2453 856 sine
2476 800 2664 856 labore
2687 804 2924 857 subeunt
2951 805 3128 873 iisque
3154 807 3433 868 fruuntur,

1862 907 1985 947 cum
2013 906 2191 960 neque
2223 892 2301 946 illi
2338 902 2559 962 propter
2589 907 2786 947 cursus
2833 895 3209 950 remissionem
3248 914 3276 950 a
3306 913 3438 967 pro-

1861 991 2100 1050 ponente
2126 983 2425 1035 certamina
2484 980 2593 1035 Deo
2627 993 2803 1035 morte
2837 985 3233 1039 certaminibus
3259 986 3436 1039 inter-

1862 1074 2037 1143 pOsita
2106 1073 2434 1141 plectantur,
2489 1082 2543 1126 et
2592 1075 2923 1141 posteriores
2978 1089 3101 1128 cuni
3160 1076 3439 1144 prioribus

1862 1172 2085 1233 prepter
2103 1163 2375 1216 rationum
2396 1161 2819 1231 aequabilitatem
2843 1162 3208 1216 communiter
3225 1175 3432 1230 partem

1860 1257 2096 1324 quisque
2151 1268 2306 1306 suam
2368 1253 2716 1321 praemiorum
2762 1253 3054 1320 accipiant.
3113 1252 3431 1305 Divinarum

1860 1356 2042 1400 autem
2073 1344 2405 1414 judiciorum
2430 1354 2678 1397 naturam
2705 1343 3081 1397 absconditam
3104 1343 3435 1412 investigare

1861 1440 1918 1493 in
1949 1440 2034 1493 his
2061 1453 2164 1494 nos
2196 1436 2417 1507 quidem
2448 1451 2556 1490 non
2590 1450 2901 1505 possumus.

1931 1618 2051 1674 XX.
2097 1617 2414 1688 Conjecerit
2465 1628 2650 1673 autem
2712 1616 2946 1670 fortasse
2997 1615 3196 1685 aliquis
3252 1614 3433 1683 impiis

1860 1711 1953 1766 his
1976 1711 2179 1765 nostris
2213 1708 2657 1778 persecutoribus
2682 1712 2749 1761 ad
2786 1707 3122 1776 paenitentiae
3167 1714 3433 1775 opportu-

1864 1804 2091 1857 nitatem
2144 1801 2479 1856 oil‘erendam
2520 1814 2869 1854 communem
2906 1800 3152 1853 omnium
3194 1808 3429 1852 tutorem

199 1893 396 1958 ταυθοϊ,
439 1895 538 1947 καὶ
597 1892 954 1963 ὑπερτίθησιν
996 1895 1281 1965 ἑκατέροις
1330 1896 1591 1963 ἑκάτερα,
1626 1897 1754 1967 ἡμῖν

1862 1894 2032 1949 Deum
2066 1894 2155 1947 hic
2186 1892 2446 1947 manendi
2497 1900 2712 1959 tempus
2771 1892 3015 1958 praebere
3054 1898 3109 1943 et
3148 1890 3430 1958 imponere

199 2001 254 2039 τε
309 1986 402 2055 τὴν
452 1986 608 2039 θείαν
662 1983 986 2053 ἐπικουρίαν
1051 1986 1326 2048 κάκείνοις
1385 1987 1488 2056 τὴν
1540 1986 1756 2041 δικαίαν

205 2077 556 2142 ἐπεξέλευσιν-.
594 2078 654 2148 [ἰ.
691 2079 795 2131 127
832 2076 908 2149 ιη]
943 2077 1190 2130 Παιδεύει
1240 2076 1400 2130 ὅόῦν
1435 2078 1585 2145 ὅμως
1616 2092 1757 2145 συμ-

203 2168 360 2234 φορὰς
387 2167 668 2237 ἐπιφέρων
698 2166 794 2220 νῦν
830 2168 927 2237 μὲν
959 2167 1017 2230 ἐξ
1048 2166 1296 2235 ἀλλήλων
1325 2166 1574 2236 ἀλλήλοις
1606 2165 1758 2219 ἀλλε-

204 2254 515 2325 παλλήλους,
561 2257 652 2309 ἵνα
693 2256 896 2325 μᾶλλον
929 2258 1029 2325 τῆς
1075 2256 1285 2308 έαυτῶν
1335 2256 1537 2318 κακίας
1566 2256 1759 2310 αἰσθά-

201 2363 359 2399 νοιντο
389 2348 470 2414 (ού
516 2349 631 2417 γὰρ
672 2350 814 2402 κατά
848 2347 943 2400 τοῦ
992 2346 1201 2415 ἀγαθοῦ
1240 2348 1400 2415 μόνον
1454 2347 1667 2417 μέμηνε
1696 2346 1757 2399 τὸ

204 2441 373 2507 κακὸν,
410 2440 549 2493 ἀλλὰ
577 2442 674 2494 καὶ
704 2442 879 2511 ἐαυτῷ
912 2440 1192 2504 στασιάζει
1227 2442 1322 2493 καὶ
1352 2440 1628 2510 μάχεται),
1660 2440 1755 2493 νῦν

204 2526 243 2579 δ’
273 2528 654 2595 ἐπιταράττων
684 2529 779 2580 καὶ
824 2527 1193 2591 διασκεδάζων
1239 2528 1500 2596 ἐξαίφνης
1532 2528 1756 2583 ἄλλοθεν

206 2622 368 2674 ἄλλοθι
397 2624 489 2675 καὶ
542 2623 957 2692 ἀντιπερισπῶν
990 2624 1078 2675 τὸν
1128 2623 1345 2675 ἅπαντα
1378 2622 1501 2675 νοῦν
1530 2625 1645 2685 τοῖς
1674 2624 1755 2674 ol-

206 2714 350 2776 κείοις
386 2717 679 2785 προσέχειν
713 2716 1000 2784 παθήμασί
1050 2732 1109 2767 τε
1156 2717 1249 2768 καὶ
1286 2716 1628 2785 άτοπήμασι,
1660 2716 1754 2768 καὶ

210 2805 273 2875 μὴ
307 2808 478 2875 μόνοις
530 2808 842 2877 ὁλοσχερῶς
875 2809 961 2860 ἀεὶ
991 2811 1107 2871 τοῖς
1141 2809 1301 2878 ἡμῶν
1338 2810 1610 2879 ἐντρυφᾷν
1639 2809 1755 2862 ἀδί-

209 2914 307 2960 κοις
329 2899 550 2951 ὀνείδεσί
581 2914 641 2951 τε
670 2901 763 2952 καὶ
798 2900 1078 2969 διωγμοῖς.

266 2987 383 3041 KA'.
426 2988 641 3043 Ἐκεῖνο
681 2991 736 3044 δὲ
769 2990 889 3053 πῶς
922 2991 1021 3043 οὐκ
1074 2990 1141 3044 ἄν
1188 3007 1273 3054 τις
1328 2990 1611 3060 θαυμάσαι
1653 2990 1755 3060 τῆς

208 3080 337 3142 θείας
368 3083 702 3150 οἰκονομίας,
732 3084 815 3135 ὅτι
848 3083 999 3152 παρὰ
1023 3083 1283 3137 τοσοῦτον
1312 3081 1753 3154 Καντακουζηνῷ

214 3174 579 3245 συγκεχώρηκε
624 3174 722 3243 τὴν
772 3175 867 3228 τοῦ
917 3175 1177 3243 μεγίστου
1227 3175 1326 3245 τῆς
1366 3176 1459 3229 τοῦ
1493 3175 1630 3228 Θεοῦ
1662 3193 1750 3228 σο·-
1775 3171 1820 3229 C

212 3264 319 3330 φίας
345 3266 442 3317 νεὼ
474 3266 739 3337 βραχεῖαν
768 3267 984 3335 ἐκείνην
1014 3265 1330 3336 οἰκοδομὴν,
1362 3264 1459 3318 τοῦ
1493 3266 1621 3336 περὶ
1659 3267 1748 3320 τὸν

207 3354 379 3425 θροφον
409 3358 613 3427 δηλαδὴ
637 3358 1046 3426 τεθραυσμένου
1082 3358 1303 3428 μέρους,
1338 3359 1467 3428 παρ’
1497 3360 1621 3412 ὅσον
1649 3359 1752 3427 τήν

208 3464 262 3515 γε
297 3452 418 3518 πρὸς
459 3453 657 3521 χιόνων
700 3452 791 3502 καὶ
846 3450 1069 3517 ὄμϐρων
1124 3450 1383 3521 αἱθερίων
1430 3451 1749 3521 ἀποτροπὴν

208 3537 570 3591 ἀνασώσασθαι
606 3538 842 3605 σκέπην;
874 3538 1017 3591 Ὅσα
1062 3536 1106 3591 δ’
1135 3535 1231 3591 οὖν
1254 3539 1365 3592 τῶν
1400 3540 1551 3603 ἐντὸς
1582 3543 1751 3610 ὑπερ-

207 3626 450 3695 λάμπρων
493 3628 660 3697 ἱερῶν
704 3628 1011 3693 περιϐόλων
1045 3629 1270 3680 ἐκείνων
1319 3629 1414 3681 καὶ
1452 3630 1747 3699 θυσιαστη-

213 3720 323 3786 ρίων
352 3720 519 3786 ἁγίων
550 3719 899 3772 παντάπασιν
924 3718 1195 3772 ἀνάλωται
1222 3718 1317 3771 καὶ
1340 3719 1745 3787 συντέτριπται,

210 3815 361 3869 ταῦτα
385 3816 429 3868 δ’
461 3814 721 3867 ἀσεϐέσιν
766 3812 930 3866 αὑτοῦ
971 3814 1061 3865 καὶ
1101 3813 1348 3883 βεϐήλοις
1382 3816 1746 3886 ἀνεγηγέρθαι

212 3908 371 3974 χερσὶν
416 3907 627 3978 οὐδαμῆ
686 3905 1102 3974 συγκεχώρηται
1159 3905 1293 3974 πρὸς
1338 3906 1496 3969 Θεοῦ,
1532 3908 1648 3959 ἀλλ’
1688 3907 1747 3961 ἐν

216 3996 333 4068 μέσῃ
398 3998 564 4066 φάναι
639 3997 833 4067 πορείᾳ
905 3999 1005 4066 τῆς
1070 3996 1315 4060 ἐξουσίας
1387 3997 1748 4049 ἐκπέπτωκεν

214 4086 412 4152 ἀκλεῶς,
444 4088 650 4159 χλεύην
683 4089 897 4158 μακρὰν
930 4088 1329 4150 καταλελοιπὼς
1376 4088 1456 4157 τῷ
1494 4088 1594 4157 βίῳ
1623 4088 1747 4141 καθ’

215 4177 382 4230 ἑαυτοῦ
413 4180 499 4232 διὰ
527 4179 626 4248 τὴν
661 4179 1015 4248 καινοτομίαν
1043 4180 1144 4249 τῆς
1173 4181 1429 4241 πίστεως.
1460 4180 1597 4233 Οὐδὲ
1639 4184 1748 4250 γὰρ

213 4262 427 4334 ἦνεὶκὸς
474 4271 547 4322 τὰ
592 4271 729 4339 πρὸς
772 4268 992 4337 ἔλεγχον
1026 4252 1240 4339 ἐμφανῆ
1291 4273 1387 4339 τῆς
1437 4258 1749 4324 αὐτοῦ’καὶ

216 4359 305 4409 τῶν
348 4362 479 4430 ἀμφ’
526 4362 693 4414 αὐτὸν
747 4360 1063 4427 δυπεεείας
1096 4361 1411 4415 ἀπολωλότα
1466 4362 1536 4416 δι’
1583 4362 1747 4415 αὑτοῦ

218 4450 356 4503 πάλιν
385 4452 761 4507 ἀνανεοῦσθαι.

1861 1990 2115 2057 utrisque
2162 1996 2415 2055 utraque,
2447 1986 2605 2038 nobis
2645 1983 2893 2036 divinum
2928 1982 3191 2036 auxilium
3222 1994 3279 2035 et
3324 1982 3431 2034 illis

1854 2086 2056 2156 justam
2091 2096 2331 2151 poenam.
2364 2079 2535 2134 Vocat
2562 2077 2729 2147 igitur
2766 2075 2835 2129 ad
2875 2074 3157 2129 meliorem
3193 2074 3427 2142 frugem,
3506 2119 3515 2126 .

1860 2175 2199 2232 calamitates
2222 2169 2509 2225 inferendo
2538 2183 2683 2222 nunc
2718 2166 2940 2235 quidem
2982 2171 3101 2231 post
3132 2164 3270 2218 alios
3310 2163 3431 2215 aliis

1859 2278 2172 2340 perpetuas,
2207 2262 2371 2333 254.
2407 2271 2466 2315 ιιι
2494 2259 2666 2330 magis
2697 2273 2851 2313 suam
2888 2255 3129 2310 sentiant
3156 2254 3434 2324 perversi-

1859 2370 2024 2416 tatem
2054 2377 2066 2412 :
2094 2374 2203 2413 non
2247 2356 2393 2410 enim
2435 2353 2490 2406 in
2543 2352 2745 2407 bonum
2800 2348 2963 2402 modo
3018 2346 3172 2402 saevit
3202 2344 3429 2406 malum,

1858 2452 1955 2508 sed
1979 2451 2144 2506 etiam
2179 2461 2362 2503 secum
2395 2446 2574 2515 ipsum
2620 2449 2826 2512 pugn-at
2869 2449 2929 2494 et
2975 2438 3255 2492 decertat:
3283 2451 3432 2488 nunc

1857 2545 2078 2616 quidem
2112 2540 2439 2611 perturbans
2490 2545 2547 2591 et
2599 2534 2914 2597 distrahens
2979 2530 3162 2585 subito
3209 2527 3433 2582 aliunde

1856 2636 1993 2690 alibi
2023 2642 2079 2688 et
2101 2632 2372 2687 distincns
2401 2637 2566 2681 totam
2601 2632 2844 2679 mentem
2877 2628 2940 2676 ut
2976 2619 3223 2675 attendat
3240 2617 3306 2672 ad
3336 2617 3433 2671 do-

1855 2726 2080 2783 mestica
2125 2722 2267 2777 mala
2327 2727 2385 2774 et
2433 2718 2687 2787 ineptias,
2753 2730 2859 2770 nec
2905 2713 2973 2768 ad
3022 2712 3169 2767 solas
3204 2710 3432 2765 omnino

1856 2833 2095 2888 semper,
2130 2814 2330 2885 quibus
2350 2811 2511 2866 nobis
2552 2809 2842 2871 insultant,
2877 2805 3097 2875 iniquas
3137 2812 3430 2857 contume-

1855 2913 1958 2968 lias
1982 2926 2039 2967 et
2057 2908 2307 2980 injurias.

1925 3000 2069 3055 XXI.
2094 2998 2230 3053 Illud
2272 3009 2402 3050 vero
2428 2992 2525 3063 qui
2556 3006 2665 3045 non
2699 2988 3006 3043 admiretur
3034 2986 3234 3055 aliquis
3262 2984 3318 3039 in
3341 2985 3428 3038 di-

1854 3093 1979 3148 vina
2001 3089 2192 3146 mundi
2216 3084 2717 3149 administratione,
2745 3080 2890 3151 quod
2911 3089 3019 3134 tam
3050 3080 3142 3133 diu
3164 3077 3432 3133 Cantacu—

1852 3198 1986 3238 zeno
2008 3179 2280 3236 concessit
2299 3178 2555 3246 exiguam
2577 3174 2726 3228 illam
2749 3173 2802 3226 in
2827 3171 3064 3224 maximo
3093 3166 3301 3222 divina;
3330 3166 3429 3219 Sa-

1852 3275 2072 3345 pientia:
2097 3269 2298 3339 templo
2330 3269 2527 3323 factam
2563 3263 3009 3323 aediﬁcationem,
3029 3260 3200 3329 partis
3232 3270 3432 3325 neuqe

1850 3369 2000 3422 circa
2059 3372 2267 3419 tectum
2323 3359 2543 3415 scilicet
2578 3355 2861 3417 sauciata,
2901 3353 3076 3406 donec
3114 3357 3429 3419 reparatum

1849 3468 2012 3520 esset,
2029 3454 2175 3526 quod
2204 3453 2357 3507 nives
2375 3462 2432 3505 et
2461 3450 2662 3502 imbres
2688 3460 2755 3501 ex
2778 3458 2906 3499 aere
2926 3444 3137 3499 delatos
3161 3440 3428 3496 defende-

1851 3560 1956 3614 ret,
1985 3546 2227 3603 tectum?
2253 3544 2526 3611 Quantum
2548 3540 2713 3609 igitur
2742 3538 2796 3591 in
2823 3538 3069 3591 internos
3096 3533 3432 3603 splendidis-

1849 3645 2020 3697 simos
2039 3655 2225 3694 sacros
2246 3651 2434 3691 muros
2453 3634 2573 3688 illos
2592 3640 2648 3686 et
2668 3646 2793 3684 aras
2824 3638 3043 3684 sanctas
3072 3629 3299 3682 omnino
3331 3628 3437 3681 im.

1851 3749 2075 3804 pensum
2092 3732 2507 3799 etconjunctum
2531 3736 2637 3783 cst.
2658 3729 2761 3780 hoc
2778 3723 3096 3792 impiisejus
3115 3729 3171 3775 et
3200 3721 3379 3788 impur
3402 3734 3435 3774 s

1849 3827 1983 3881 oriri
2012 3840 2043 3879 e
2068 3823 2323 3877 manibus
2353 3821 2504 3874 nullo
2534 3828 2694 3888 pacto
2715 3830 3045 3873 concessum
3079 3824 3163 3867 est
3203 3829 3233 3866 a
3276 3813 3385 3866 Deo
3411 3828 3427 3875 ;

1849 3920 1941 3974 sed
1970 3919 2023 3971 in
2048 3916 2252 3978 medio,
2279 3922 2340 3969 ut
2369 3915 2546 3979 aiunt,
2571 3913 2793 3975 itinere,
2824 3927 2897 3966 ex.
2918 3907 3222 3964 aediﬁcandi
3252 3906 3428 3961 facul-

1852 4020 1959 4067 tate
1993 4010 2211 4079 elapsus
2240 4021 2326 4063 est
2368 4005 2821 4077 ignominiose,et
2862 4001 3131 4056 maculam
3172 4013 3427 4067 magnam

1850 4100 2073 4170 reliquit
2125 4100 2246 4153 vita
2280 4112 2393 4155 suae
2447 4105 2671 4166 propter
2715 4093 2877 4147 (idem
2914 4099 3200 4145 novatam.
3234 4088 3434 4155 Neque

1848 4193 1994 4248 enim
2028 4205 2244 4260 aequum
2271 4198 2410 4253 erat,
2446 4204 2508 4245 ea
2539 4203 2663 4256 quae
2690 4186 2747 4240 in
2783 4183 3134 4239 manifestum
3162 4189 3220 4235 et
3252 4180 3429 4248 ipsius

1851 4292 1908 4338 et
1934 4286 2209 4340 sociorum
2235 4282 2535 4352 impietatis
2551 4279 2815 4334 indicium
2831 4275 3049 4347 perdita.
3064 4274 3299 4339 fuerant,
3325 4288 3427 4343 per

1854 4390 1981 4431 eum
2023 4376 2259 4430 restitui.

262 4542 392 4611 ΚΒ.
421 4544 481 4598 EI
524 4545 571 4599 δ’
614 4547 643 4598 ό
691 4545 1052 4616 βρεφοκτόνος
1089 4543 1340 4615 Ἡρώδης
1390 4546 1561 4600 πάλαι
1603 4548 1745 4617 πρὸς

1923 4556 2089 4612 XXII.
2126 4556 2181 4610 Si
2230 4564 2411 4609 autem
2474 4566 2772 4623 puerorum
2831 4549 3183 4605 interfectori
3221 4550 3424 4604 Herodi

221 4630 333 4684 Θεοῦ
380 4637 474 4707 τὴν
506 4638 783 4707 περιφανῆ
832 4655 892 4690 τε
936 4638 1033 4690 καὶ
1089 4636 1467 4689 πολυδάπανον
1529 4639 1746 4709 ἐκείνην

220 4726 474 4800 οξκῡδομὴν
496 4729 589 4783 τοῦ
617 4730 726 4783 τῶν
756 4729 1148 4798 Ἰεροσολύμων
1170 4729 1274 4783 νεὼ
1303 4730 1743 4800 συγκεχώρηται,

220 4814 460 4867 τοσούτων
483 4818 747 4885 ἐφεστίων
763 4834 822 4868 τε
846 4820 939 4868 καὶ
966 4818 1247 4884 συγγενῶν
1282 4818 1534 4886 αἱμάτων
1562 4820 1746 4888 χεῖρας

224 4901 321 4968 ἅμα
360 4907 447 4958 καὶ
494 4908 716 4976 γνώμην
757 4907 1019 4976 ὑπάρχων
1063 4908 1278 4975 μεστὸς,
1313 4908 1427 4961 ἀλλ’
1479 4908 1628 4961 ἔστιν
1674 4911 1749 4961 εί-

224 4996 327 5043 πεῖν
352 4998 422 5059 ώς
466 5000 562 5068 τῆς
602 4999 828 5067 πατρίου
861 4998 1036 5069 τούτῳ
1076 4999 1373 5069 θρησκείας
1405 5001 1465 5053 ἐν
1490 5000 1567 5070 τῷ
1598 5001 1748 5070 καλῷ

222 5087 491 5150 τηνικαῦτα
549 5090 817 5159 μενούσης
859 5091 940 5143 ἔτι
995 5089 1106 5143 οὔτ’
1161 5093 1322 5155 αὐτὸς
1355 5093 1549 5147 ἑαυτὸν
1576 5094 1746 5164 αὐτῆς

222 5174 568 5247 ἠλλοτρίωσεν,
600 5182 712 5235 οὔθ’
741 5184 961 5252 ἐτέρους
991 5183 1217 5246 οὐδένας
1259 5186 1561 5255 παρέπεισε
1589 5186 1748 5238 τοῦτο

223 5270 407 5326 παθεῖν.
461 5276 902 5344 Καντακουζηνδς
951 5274 995 5327 δ’
1044 5276 1255 5327 ούτοσὶν
1300 5276 1463 5338 αὑτός
1507 5292 1567 5327 τε
1611 5278 1747 5342 ἐξω-

228 5360 404 5425 μόσατο
431 5368 671 5437 φανερῶς
702 5370 798 5438 τὴν
841 5368 1072 5436 πάτριον
1119 5365 1430 5429 εὐσέϐειαν,
1464 5370 1560 5421 καὶ
1606 5369 1747 5438 πλὴν

225 5449 394 5519 ὀλίγων
432 5459 551 5521 τοὺς
592 5460 782 5523 ἄλλους
833 5461 1149 5529 ἠνάγκασεν
1184 5460 1454 5525 ἅπαντας,
1484 5459 1615 5521 τοὺς
1647 5458 1747 5527 μὲν

227 5536 422 5608 δωρεαῖς
451 5564 507 5599 τε
538 5553 630 5602 καὶ
658 5551 909 5620 λήμμασι
939 5550 1297 5619 παραλόγοις,
1336 5550 1463 5612 τοὺς
1496 5550 1541 5602 δ’
1590 5551 1749 5602 ἀπει-

225 5625 324 5692 λαῖς
354 5638 441 5688 καὶ
481 5640 731 5693 κολάσεσι
764 5642 1153 5710 κακοτρόποις,
1193 5643 1277 5701 εἰς
1322 5642 1413 5694 τὸν
1451 5642 1564 5694 ἴσον
1598 5641 1747 5711 αὐτῷ

228 5726 575 5796 κατενεχθῆναι
604 5732 870 5803 κρημνόν.

289 5813 398 5879 K1",
433 5820 607 5886 ’Δξιον
651 5823 698 5878 δ’
748 5824 1001 5879 ἐνταυθοῖ
1052 5824 1380 5893 γενομένους
1435 5825 1526 5876 καὶ
1570 5827 1629 5877 τό
1684 5842 1744 5893 γε

1848 4650 1981 4705 olim
2014 4663 2043 4701 a
2074 4648 2186 4700 Deo
2213 4644 2447 4715 gloriosa
2484 4643 2574 4696 illa
2631 4651 2687 4695 et
2739 4650 3059 4710 sumptuosa
3114 4639 3429 4709 Hierosoly-

1848 4754 2062 4795 morum
2096 4736 2282 4806 templi
2321 4734 2607 4789 mdilicatio
2644 4748 2906 4788 concessa
2940 4742 3048 4795 est,
3097 4741 3204 4785 tam
3267 4732 3424 4787 multi

1848 4832 2010 4902 255
2040 4829 2215 4885 affinis
2242 4838 2297 4881 et
2322 4825 2536 4894 cognati
2588 4825 2875 4894 sanguinis
2909 4824 3096 4892 plenas
3146 4840 3340 4878 manus
3369 4835 3425 4879 et
3536 4836 3539 4839 ‘

1846 4926 2088 4980 animum
2141 4921 2386 4984 habenti,
2420 4920 2544 4974 licet
2607 4928 2787 4972 tamen
2845 4918 3045 4982 dicere,
3075 4932 3203 4970 cum
3248 4919 3423 4985 patria

1848 5016 1976 5070 huic
2004 5014 2193 5083 religio
2222 5014 2435 5082 integra
2471 5011 2636 5063 etiam
2668 5019 2858 5073 staret,
2888 5024 2991 5062 nec
3034 5008 3215 5076 ipsum
3269 5022 3328 5061 se
3354 5008 3422 5061 ab

1847 5120 1911 5159 ea
1942 5104 2246 5166 abdicasse,
2272 5116 2374 5156 nec
2401 5101 2531 5154 aliis
2555 5099 2681 5153 ullis
2710 5098 3072 5167 persuasisse,
3110 5107 3175 5151 ut
3209 5098 3312 5150 hoc
3346 5100 3423 5149 fa-

1847 5203 2056 5248 cerent.
2086 5193 2500 5247 Cantacuzenus
2532 5199 2719 5243 autem
2756 5189 2844 5241 hic
2881 5197 2935 5241 et
2980 5187 3095 5254 ipse
3148 5186 3423 5257 dejuravit

1848 5287 2079 5356 patriam
2112 5289 2369 5354 pietatem
2410 5284 2589 5352 palam
2623 5292 2677 5333 et
2706 5292 2902 5349 praeter
2962 5294 3171 5346 paucos
3231 5294 3424 5332 omnes

1847 5387 2079 5430 cancros
2129 5375 2327 5443 coegit,
2360 5374 2501 5426 alios
2560 5372 2721 5425 donis
2764 5383 2819 5424 et
2868 5372 3031 5425 lucro
3081 5371 3241 5433 falso,
3282 5370 3420 5422 alios

1847 5470 2011 5523 minis
2038 5477 2094 5522 ct
2130 5465 2589 5535 castigationibus
2621 5463 2894 5533 malignis,
2936 5463 2989 5517 in
3028 5462 3171 5518 idem
3230 5475 3418 5516 secum

1850 5570 1908 5613 ut
1928 5556 2323 5613 descenderent
2364 5553 2749 5622 praecipitium.

1916 5826 2104 5881 XXIII.
2136 5824 2253 5879 Huc
2299 5819 2556 5891 quoniam
2598 5820 2968 5892 pervenimus,
3005 5834 3112 5873 non
3176 5818 3417 5873 alienum
