4046 6290
649 400 758 464 2’23

649 525 786 585 puto
819 515 1220 587 longitudinem
1257 537 1356 578 nos
1385 523 1702 580 describere
1730 527 1889 597 pictae
1921 546 2098 598 nuper
2128 529 2231 584 sub

649 603 778 658 tecti
811 603 974 676 hujus
1002 623 1298 664 concavam
1327 615 1676 682 superﬁciem
1719 627 1922 673 sanctae
1979 621 2232 690 imaginis

649 694 932 761 sapientiae
961 698 1102 764 ejus,
1137 702 1231 767 qni
1293 703 1452 765 inest,
1501 703 1592 758 Dei
1646 706 1948 766 Salvatoris
1998 711 2227 768 Christi.

647 787 782 842 Esse
813 793 959 844 enim
995 795 1098 850 hoc
1128 813 1345 867 quoque
1373 803 1609 866 posteris
1635 805 1936 872 jucundum
1971 819 2102 877 puto
2127 827 2228 864 au-

649 880 789 938 ditu.
818 885 1062 938 utetiam
1131 905 1290 954 supra
1343 894 1526 946 statim
1581 895 1651 948 ab
1699 897 1857 952 initio
1921 901 2224 963 primarum

648 968 814 1038 hujus
845 972 1083 1029 historia:
1113 980 1487 1036 narrationum
1521 984 1738 1040 illarum
1813 1000 2117 1046 nostrarum
2173 1003 2228 1048 et

645 1060 915 1117 librornn't
948 1075 1181 1122 stantem
1221 1071 1273 1124 in
1317 1074 1570 1129 columna
1626 1089 1858 1134 statuam
1909 1096 2222 1152 equestrem

503 1155 509 1160 '
569 1193 572 1196 .
641 1169 846 1207 aeneam
892 1157 1268 1216 describentcs
1303 1181 1404 1220 nos
1449 1169 1740 1235 gratiﬁcari
1777 1174 2088 1230 hominibus
2135 1195 2226 1231 sa-

641 1245 1002 1313 pientioribus
1031 1267 1222 1306 smnus
1271 1257 1545 1314 arbitrati.
1579 1261 1679 1330 Ipsi
1726 1275 1876 1320 certe
1925 1284 2024 1323 nos
2079 1271 2222 1328 illius

638 1337 764 1392 facti
792 1353 1129 1407 Spectatores
1155 1357 1212 1400 et
1244 1353 1450 1405 nostris
1491 1359 1764 1422 permensi
1796 1360 1938 1414 hanc
1969 1366 2222 1421 inanibus

637 1429 898 1486 facillime
931 1444 1038 1488 tam
1081 1439 1172 1492 ditt
1200 1449 1677 1512 composui-rimus
1707 1468 1838 1514 rem,
1871 1457 2112 1522 qnandin
2143 1459 2220 1512 ibi

637 1536 758 1572 eam
789 1523 1065 1592 sigillatim
1100 1535 1474 1598 exposuimus.
1511 1539 1640 1592 Esse
1669 1543 1816 1595 enim
1847 1546 2065 1614 dignam
2091 1565 2218 1603 con-

637 1617 901 1684 templatu
930 1621 1202 1683 existimo,
1225 1627 1267 1677 si
1309 1629 1432 1694 quis
1463 1647 1528 1684 ex
1557 1633 1822 1690 inferiore
1855 1638 1974 1693 loco
1999 1657 2217 1698 sursum

639 1717 870 1773 spectet,
931 1727 1107 1779 neque
1171 1720 1343 1781 possit
1409 1733 1723 1778 accuratam
1802 1733 2214 1799 proportionem

637 1798 876 1863 portioni
909 1816 1007 1868 per
1031 1804 1194 1873 256
1241 1809 1431 1863 oculos
1473 1819 1847 1872 transmittere
1869 1798 2058 1888 menti,
2090 1841 2212 1879 eum

637 1885 710 1939 ita
741 1889 812 1940 sit
836 1905 1146 1960 comparata
1175 1895 1286 1958 illa,
1314 1909 1372 1952 nt
1399 1900 1718 1974 plerumque
1739 1885 2053 1976 spectantes
2075 1914 2216 1970 inter

633 1985 690 2030 et
719 1993 810 2032 res
825 1991 1097 2048 spectatas
1128 1986 1466 2057 interpositis
1497 1992 1604 2048 loci
1629 1997 1932 2056 intervallis
1970 2007 2214 2062 animum

633 2066 802 2133 fallat,
844 2087 964 2139 qum
994 2083 1176 2130 tamen
1236 2081 1513 2147 applicata
1571 2097 1830 2142 caeterum
1882 2094 2126 2164 undique
2161 2109 2217 2154 et

630 2175 964 2231 quocunque
1027 2169 1190 2222 modo
1244 2180 1394 2234 sunt,
1455 2184 1516 2228 ut
1571 2179 1824 2236 veritatis
1877 2187 2100 2256 vestigia
2159 2202 2216 2244 et

628 2253 868 2318 speciem
911 2258 1352 2331 qualemcunque
1416 2267 1676 2335 elliciant,
1713 2281 1768 2326 et
1837 2276 1958 2330 talis
2003 2253 2214 2338 fraudis

628 2345 854 2400 morbos
874 2360 1090 2404 sonent.
1125 2352 1266 2409 Sunt
1287 2357 1434 2410 enim
1467 2359 1596 2415 inde
1625 2379 1656 2416 a
1695 2368 1904 2422 vertice
1940 2387 2114 2440 usque
2142 2378 2210 2430 ad

627 2450 896 2490 summam
949 2441 1194 2510 barbam,
1225 2446 1438 2502 labrum
1465 2451 1589 2507 dico
1619 2459 1892 2524 superius,
1929 2460 2211 2531 spithamte

629 2527 683 2581 in
747 2530 1145 2596 longitudinem
1226 2539 1678 2614 duodetriginta,
1749 2553 1802 2605 in
1859 2527 2208 2614 latitudinem

627 2625 1068 2690 quattuordecim,
1125 2630 1422 2700 digitorum
1472 2651 1652 2694 autem
1706 2649 1914 2713 primus
1976 2662 2100 2706 octo
2153 2665 2208 2708 et

626 2714 910 2771 dimidiam
943 2719 996 2774 in
1031 2724 1428 2794 longitudinem
1473 2731 1730 2798 habebat,
1760 2747 1814 2791 et
1839 2741 2034 2809 reliqui
2081 2759 2208 2812 pro-

627 2810 1036 2878 portionaliter;
1073 2819 1358 2874 oculorum
1385 2832 1496 2878 tres
1513 2824 1623 2879 fere
1643 2828 1942 2892 spithamas
1969 2833 2206 2890 habebat

624 2907 876 2968 uterque,
901 2919 1068 2960 nasus
1091 2918 1272 2964 antem
1307 2927 1450 2984 pene
1493 2926 1638 2970 octo.
1670 2917 1764 2974 llis
1817 2924 1886 2976 ita
1948 2936 2202 2995 tanquam

621 2991 913 3048 elen'ientis
967 2999 1284 3066 propositis,
1343 3003 1471 3057 licet
1526 3006 1676 3070 hinc,
1735 3025 2005 3084 quotquot
2058 2991 2205 3074 sunt

625 3081 901 3149 pictorum
927 3087 1306 3157 jncundiores,
1337 3095 1498 3150 etiam
1530 3101 1847 3167 qualitatem
1877 3081 2202 3164 emterornm

625 3175 1094 3242 membrorum,et
1119 3185 1354 3249 partium
1381 3197 1436 3241 et
1467 3189 1630 3245 simul
1655 3197 1820 3248 totius
1847 3201 2095 3268 corporis
2121 3205 2203 3256 di-
2229 3213 2272 3271 ο

621 3263 763 3318 vium
810 3265 962 3322 illius
1015 3269 1321 3330 Salvatoris
1349 3288 1546 3332 statua:
1575 3282 1642 3335 ad
1675 3291 2005 3354 sylnn‘ietria':
2037 3293 2200 3347 ratio-

621 3371 746 3411 nem
775 3357 932 3414 facta:
966 3360 1171 3428 formae,
1209 3380 1412 3435 quanta
1455 3371 1568 3428 fere
1608 3376 1698 3438 sit,
1725 3379 1910 3431 statim
1943 3383 2198 3453 colligere

621 3445 1044 3516 longitudinem.
1109 3455 1238 3510 Haec
1279 3459 1546 3529 descripsi
1594 3465 1648 3516 in
1707 3467 1958 3522 notitiam
2001 3487 2196 3530 eorum

618 3538 712 3606 qui
747 3539 886 3594 forte
911 3543 964 3594 in
1007 3542 1154 3598 illam
1209 3549 1470 3617 incidant,
1503 3554 1762 3621 optimam
1824 3559 1963 3616 hanc
2021 3565 2197 3622 sciens

619 3631 762 3685 viam
801 3647 922 3688 esse
959 3636 1028 3689 ad
1075 3652 1262 3692 rerum
1320 3643 1631 3710 scientiam,
1662 3650 1784 3702 etsi
1833 3654 1926 3721 qui
1988 3655 2040 3708 in
2111 3658 2198 3713 his

617 3725 1035 3785 considerantes
1065 3741 1357 3787 versentur
1385 3735 1513 3790 libri
1549 3741 1826 3808 sapientes
1861 3748 2196 3816 prospicien-

619 3817 728 3883 tiaa,
763 3821 1012 3875 utetiam
1063 3823 1346 3880 Aristoteli
1391 3828 1590 3897 placet.
1641 3831 1778 3888 Dicit
1838 3837 1928 3890 ille
1973 3840 2194 3908 quidem

613 3925 836 3967 sensum
869 3930 936 3968 ex
968 3916 1261 3972 multarum
1295 3935 1478 3974 rerum
1514 3924 1708 3992 peritia
1745 3927 1908 3994 ellici,
1939 3933 2193 3999 peritiam

613 4013 798 4058 autem
831 4006 1098 4077 principia
1133 4008 1434 4079 disciplinae
1469 4015 1738 4086 cujusque
1769 4030 1826 4072 et
1865 4022 2108 4088 praebere
2137 4035 2194 4080 et

613 4096 960 4153 conﬁrmare.
993 4099 1155 4170 257
1187 4101 1324 4156 Hine
1353 4104 1502 4158 enim
1544 4114 1600 4159 et
1629 4107 1768 4161 varii
1799 4109 2074 4166 ﬂuxerunt
2101 4129 2190 4168 sa-

613 4188 833 4257 pientia:
860 4190 1064 4255 fontes,
1095 4203 1151 4248 et
1179 4205 1395 4250 veteres
1433 4197 1848 4265 disciplinarum
1875 4202 2190 4264 inventores

611 4287 668 4333 ct
694 4281 998 4336 caelestium
1023 4293 1080 4338 et
1105 4287 1449 4342 terrestrium
1497 4305 1682 4344 rerum
1729 4293 1982 4348 notitiam
2030 4313 2191 4354 erue-

613 4383 764 4434 ruut,
795 4384 852 4428 et
887 4375 1164 4429 variarum
1219 4387 1277 4431 et
1313 4379 1734 4435 tmiltiforminm
1789 4400 1972 4440 rerum
2025 4401 2188 4460 atque

607 4463 917 4517 orationum
975 4467 1258 4534 doctrinae,
1318 4473 1498 4541 quoad
1571 4475 1690 4543 ejus
1753 4475 1867 4530 ﬁeri
1947 4490 2181 4549 poterat,

1865 417 2280 476 NICEI‘HORI
2317 417 2700 478 GREGOR:E

2260 533 2308 590 Α
2342 529 2516 598 μῆκος
2540 515 2634 582 καὶ
2663 530 2867 591 πλάτος
2902 531 3046 598 ἡμᾶς
3079 533 3470 600 ἀφηγήσασθαι
3523 537 3622 604 τῆς
3663 538 3757 590 ύπδ
3792 541 3872 612 τὴν

2333 620 2541 691 κυρτὴν
2589 620 2739 683 ἐντὸς
2785 622 3113 688 ἐπιφάνειαν
3163 625 3256 677 τοῦ
3295 626 3493 694 ὀρόφου
3539 629 3722 682 τούτου
3761 649 3873 698 γρα-

2331 712 2526 780 φείσης
2573 713 2774 781 ἀρτίως
2819 715 2983 781 ἁγίας
3023 717 3234 780 εἰκόνος
3263 721 3361 787 τῆς
3411 722 3766 775 ὲνυποττάτου
3803 743 3872 778 σο-

2331 802 2460 872 φίας
2492 803 2648 867 Θεοῦ,
2688 803 2754 875 [ί.
2787 805 2890 860 106
2939 806 3018 879 υ.]
3067 808 3160 862 τοῦ
3185 811 3436 880 Σωτῆρος
3469 812 3614 880 λέγω
3641 815 3870 883 Χριστοῦ.

2329 890 2487 949 Εἶναι
2521 897 2628 968 γὰρ
2659 901 2754 951 καὶ
2795 900 2953 953 τοῦτο
3001 905 3114 966 τοῖς
3153 904 3426 972 ὀψιγόνοις
3459 906 3718 976 ἐράσμιον
3743 904 3872 976 οἶμαι

2325 987 2606 1057 ἀκρόαμα,
2642 991 2895 1061 καθάπερ
2939 993 3004 1061 δὴ
3049 995 3146 1048 καὶ
3176 998 3438 1066 ἀνωτέρω
3493 1015 3589 1050 που
3621 999 3723 1050 τῶν
3751 1006 3874 1070 πρώ-

2325 1097 2433 1132 των
2459 1081 2558 1150 τῆς
2585 1084 2828 1153 ἱστορίας
2862 1087 3126 1154 ταυτησὶν
3158 1089 3450 1160 ἡμετέρων
3481 1093 3702 1144 ἐκείνων
3727 1092 3872 1160 λόγων

2325 1175 2420 1226 καὶ
2477 1174 2678 1243 βίϐλων
2735 1177 2898 1238 εὐθὺς
2951 1181 3009 1232 ἐν
3067 1181 3366 1250 προθύροις
3432 1185 3524 1234 τὸν
3579 1185 3673 1237 ἐπὶ
3721 1186 3870 1246 κίονος

2325 1262 2534 1316 ἐστῶτα
2569 1264 2934 1334 δεδηλωκότες
2967 1269 3208 1336 ἔφιππον
3243 1273 3538 1342 ἀνδριάντα
3580 1275 3798 1343 χαλκοῦν
3821 1273 3868 1328 εὖ

2325 1359 2498 1408 ποιεῖν
2547 1361 2662 1419 τοῖς
2711 1363 3097 1433 συνετωτέροις
3139 1365 3424 1434 ἐδόξαμεν,
3458 1369 3616 1422 αὐτοί
3646 1385 3706 1435 γε
3733 1372 3868 1438 ἡμεῖς

2323 1449 2534 1502 ἐκείνου
2581 1453 2871 1519 γεγονότες
2920 1455 3190 1508 αὐτόπται
3235 1458 3330 1510 καὶ
3358 1461 3480 1522 ταῖς
3531 1461 3755 1522 οἰκείαις
3786 1478 3866 1528 με-

2319 1541 2622 1608 τρήσαντες
2695 1543 2888 1596 τοῦτον
2944 1547 3155 1616 χερσὶν,
3219 1551 3312 1602 ἐπὶ
3363 1551 3422 1604 τὸ
3491 1554 3692 1621 ῥᾷστον
3751 1555 3864 1614 τέως

2322 1632 2737 1700 συνενεχθέντος
2776 1635 2871 1687 τοῦ
2931 1637 3278 1706 πράγματος,
3332 1641 3406 1704 ὡς
3463 1644 3581 1694 ἐκεῖ
3623 1661 3722 1694 που
3767 1645 3864 1696 καθ’

2319 1716 2524 1772 ἕκαστα
2559 1720 2937 1792 διειλήφαμεν.
2973 1721 3120 1777 Εἶναι
3175 1727 3282 1797 γάρ
3331 1729 3688 1800 ἀξιοζήτητον
3713 1729 3863 1800 οἶμαι,

2319 1807 2476 1872 είτις
2519 1811 2768 1866 κάτωθεν
2813 1813 2913 1882 μὲν
2965 1817 3046 1875 εἰς
3096 1815 3228 1885 ὕψος
3259 1821 3430 1891 ὁρῴη,
3485 1822 3562 1892 μή
3597 1823 3798 1876 δύναιτο
3821 1825 3864 1876 δὲ

2249 1877 2290 1934 Β
2321 1900 2417 1970 τὴν
2449 1903 2652 1974 ἀκριϐῆ
2709 1877 3057 1978 συμμετρίαν
3119 1877 3186 1962 δι’
3210 1877 3221 1880 ﬁ
3485 1877 3863 1984 ’παραπέμπειν

2318 1994 2395 2062 τῷ
2419 1994 2514 2064 νῷ,
2544 1998 2848 2064 πεφυκυίας
2879 1999 2978 2068 μὲν
3005 2001 3082 2064 ὼς
3111 2003 3180 2055 τά
3215 2004 3382 2058 πολλὰ
3404 2007 3518 2067 τοῖς
3555 2007 3750 2075 μεταξὺ
3775 2009 3864 2060 τῶν

2317 2087 2572 2155 ὁρώντων
2621 2089 2716 2140 καὶ
2748 2091 3045 2160 ὁρωμένων
3080 2097 3327 2158 τοπικοῖς
3353 2097 3718 2168 διαστήμασιν
3747 2101 3866 2154 άπα-

2316 2179 2532 2242 τᾶσθαι,
2563 2181 2861 2253 ἐφιεμένης
2895 2184 2940 2236 δ’
2972 2185 3146 2246 ἄλλως
3189 2188 3518 2259 ὀθενδήποτε
3564 2193 3660 2244 καὶ
3707 2196 3865 2245 ὁπωσ-

2314 2269 2518 2340 δήποτε
2549 2274 2832 2340 συλλέγειν
2875 2293 2936 2328 τε
2967 2279 3066 2346 τῆς
3097 2279 3364 2347 ἀληθείας
3401 2282 3526 2352 ἴχνη
3557 2285 3649 2336 καὶ
3677 2287 3864 2346 εἰκόνας

2312 2363 2612 2417 ὁποιασοῦν
2659 2368 2756 2420 καὶ
2791 2369 2860 2420 τὰ
2909 2369 3011 2439 τῆς
3055 2373 3314 2443 τοιαύτης
3367 2377 3642 2445 ἰατρεύειν
3673 2380 3861 2446 ἀπάτης

2311 2455 2616 2524 νοσήματα.
2661 2460 2818 2512 Ἔστι
2848 2461 2956 2530 γάρ
2987 2462 3047 2516 τὸ
3087 2465 3152 2516 ἐκ
3179 2466 3425 2536 κορυφῆς
3453 2467 3586 2538 ἄχρι
3627 2469 3858 2536 πώγωνος

2309 2545 2480 2615 ἄκρου
2523 2549 2667 2619 φημὶ
2692 2551 2792 2619 τῆς
2833 2553 3048 2623 ὑπήνης
3081 2555 3357 2627 σπιθαμαὶ
3395 2559 3574 2629 μῆκος
3617 2561 3714 2630 μὲν
3735 2561 3858 2612 ὀκτὼ

2307 2639 2402 2690 καὶ
2445 2643 2638 2707 εἰκοσι,
2683 2642 2886 2709 πλάτος
2923 2645 2980 2698 δέ
3033 2651 3568 2719 τεσσαρεσκαίδεκα,
3605 2652 3858 2705 δακτύλων

2305 2730 2350 2782 δ’
2385 2731 2414 2780 ὀ
2451 2733 2550 2801 μὲν
2581 2735 2794 2802 πρῶτος
2821 2737 2967 2789 ὀκτὼ
3012 2739 3109 2792 καὶ
3137 2741 3398 2809 ήμισείαζς
3427 2744 3488 2796 τὸ
3523 2745 3718 2815 μῆκος,
3751 2745 3794 2797 οἱ
3821 2745 3858 2796 δ’

2305 2821 2456 2874 ἄλλοι
2517 2829 2659 2880 κατὰ
2711 2829 2773 2880 τὸ
2823 2830 3126 2897 ἁνάλογονυ
3162 2833 3271 2888 τῶν
3328 2835 3376 2887 δ’
3433 2836 3728 2906 ὀφθαλμῶν
3773 2837 3858 2887 ἀνά

2303 2909 2473 2974 τριῶν
2501 2913 2786 2982 ἑκάτερος,
2819 2919 2851 2985 ή
2887 2917 2942 2968 δὲ
2991 2920 3077 2988 ῤἰς
3111 2919 3342 2986 ἔγγιστα
3383 2923 3557 2978 ὀκτώ.
3589 2925 3793 2977 Τούτων
3821 2925 3860 2976 δ’

2303 3001 2481 3063 οὕτως
2521 3005 2775 3074 καθάπερ
2822 3010 3105 3078 στοιχείων
3145 3011 3408 3066 δοθέντων
3441 3013 3662 3078 ἔξεστιν
3702 3016 3857 3066 ἐντεῦο

2303 3095 2416 3158 θεν,
2457 3095 2646 3148 ὀπόσοι
2693 3102 3045 3171 χαριέστεροι
3099 3103 3206 3155 τῶν
3263 3105 3602 3175 ζωγράφων,
3641 3109 3728 3160 καὶ
3775 3107 3854 3176 τήν

2304 3185 2410 3237 τῶν
2441 3185 2618 3240 ἄλλων
2653 3189 2831 3256 μελῶν
2855 3191 2950 3242 καὶ
2985 3208 3050 3261 με
3063 3193 3172 3262 ρῶν
3209 3197 3303 3246 καὶ
3335 3195 3458 3264 ἅμα
3490 3197 3595 3266 τῆς
3623 3197 3715 3250 τοῦ
3745 3213 3856 3248 παν-

2300 3276 2393 3340 τὸς
2449 3279 2703 3347 σώματος
2749 3281 3096 3358 διαπλάσεως
3156 3285 3258 3354 τῆς
3321 3287 3474 3349 θείας
3527 3293 3742 3358 ἐκείνης
3776 3287 3852 3340 τοῦ

2301 3370 2551 3440 Σωτῆρος
2578 3373 2785 3435 εἰκόνος
2814 3375 2956 3426 κατὰ
2982 3377 3042 3428 τὸ
3073 3376 3175 3446 τῆς
3225 3382 3582 3452 συμμετρίας
3619 3383 3854 3448 ἀνάλογον

2299 3461 2400 3529 ὅση
2444 3463 2526 3524 τίς
2553 3463 2702 3516 ἐστιν
2731 3465 2894 3528 εὐθὺς
2943 3466 3360 3535 συλλογίζεσθαι
3399 3473 3578 3542 μῆκος
3613 3475 3704 3527 καὶ
3737 3474 3853 3528 πλά-

2298 3567 2412 3614 τος.
2479 3555 2588 3606 Kal
2653 3555 2824 3608 ταῦτα
2895 3557 3114 3626 διῆλθον
3184 3562 3480 3634 ἐμπειρίας
3555 3566 3714 3620 ἕνεκα
3763 3565 3854 3618 τῶν

2299 3641 2762 3710 ἐντυγχανόντων,
2809 3645 3106 3715 κράτιστον
3135 3649 3294 3713 είδὼς
3325 3653 3543 3718 ἐφόδιον
3575 3655 3654 3718 εἰς
3683 3673 3740 3723 γε
3770 3655 3852 3723 τὴν

2297 3732 2405 3784 τῶν
2443 3733 2614 3786 ὄντων
2665 3737 2980 3806 ἐπιστήμην
3029 3741 3123 3792 καὶ
3153 3740 3208 3794 ετ
3241 3759 3388 3802 τινες
3415 3740 3531 3797 εἷεν
3573 3749 3750 3810 αὐτοῖς
3775 3750 3847 3799 ἐν·

2297 3824 2662 3894 θεωρούμενοι
2717 3827 2878 3898 λόγοι.
2920 3831 3077 3896 σοφοὶ
3121 3831 3221 3898 τῆς
3277 3837 3564 3904 προνοίας,
3599 3839 3736 3892 καθά
3775 3841 3852 3892 καὶ

2308 3911 2670 3981 Ἀριστοτέλει
2701 3915 2870 3972 δοκεῖ.
2897 3918 3036 3986 Φησὶ
3067 3922 3175 3991 γὰρ
3203 3921 3434 3991 ἐκεῖνος,
3477 3915 3732 3996 αἴσθησιν
3765 3927 3849 3996 μὲν

2293 4005 2583 4074 ἐμπειρίας
2634 4003 2778 4061 εἶναι
2828 4013 3144 4081 ποιητικήν,
3176 4013 3276 4086 τήν
3327 4015 3374 4068 δ’
3410 4020 3711 4092 ἐμπειρίαν
3755 4019 3848 4072 τῶν

2293 4097 2428 4166 πρὸς
2460 4099 2774 4171 ἐπιστήμην
2805 4104 2987 4172 ἀρχῶν
3019 4107 3363 4179 παρεκτικὴν
3387 4111 3452 4163 ἐκ
3487 4111 3738 4183 διαδοχῆς
3765 4111 3846 4164 καὶ

2293 4191 2664 4262 συλλήπτριαν
2715 4195 2982 4262 γίνεσθαι.
3051 4197 3339 4253 Ἐντεῦθεν
3404 4203 3515 4271 γὰρ
3569 4207 3720 4258 αἵτε
3764 4221 3847 4258 πο-

2289 4283 2518 4347 λυειδεῖς
2563 4288 2846 4357 ἐρρύησαν
2885 4289 2986 4358 τῆς
3017 4293 3211 4360 σοφίας
3241 4297 3438 4364 πηγαὶ,
3469 4297 3562 4350 καὶ
3609 4301 3656 4352 οἱ
3697 4299 3843 4352 πάλαι

2289 4377 2387 4444 τῆς
2417 4379 2731 4450 ἐπιστήμης
2757 4382 3050 4450 ἐφευρεταὶ
3092 4385 3198 4438 τῶν
3229 4403 3288 4440 τε
3331 4389 3593 4459 αἰθερίων
3638 4391 3727 4443 καὶ
3763 4405 3845 4442 πε-

2293 4470 2514 4537 ριγείων
2565 4471 2666 4537 τὴν
2727 4473 2930 4538 γνῶσιν
2986 4475 3284 4544 ήρύσαντο,
3344 4482 3440 4532 καὶ
3489 4482 3590 4551 τῆς
3637 4499 3698 4548 γε
3749 4480 3843 4532 τῶν

608 4567 772 4608 ansas
845 4569 1220 4626 sumpserunt.
1283 4561 1446 4630 Esto;
1502 4579 1606 4635 ego
1665 4583 1798 4622 vero
1855 4570 1923 4624 ad
1979 4588 2179 4628 nexum

2302 4563 2548 4616 ποικίλων
2605 4567 2697 4618 καὶ
2747 4569 3111 4623 παντοδαπῶν
3150 4575 3494 4642 πραγμάτων
3543 4593 3601 4628 τε
3653 4575 3742 4628 καὶ
3769 4572 3843 4624 λό-

608 4645 774 4700 redeo
801 4647 1085 4703 orationis.

675 4920 868 4978 XXIV.
905 4923 1036 4978 Nam
1087 4923 1181 4993 qui
1209 4925 1514 4994 patriarcha
1547 4928 1729 4987 fuerat
1751 4933 2026 5002 Callistus,
2061 4951 2184 5009 post

603 5025 757 5068 suam
790 5018 1422 5073 excommunicationem
1486 5032 1542 5076 et
1587 5025 1982 5082 clandestinam
2035 5032 2181 5086 illam

603 5105 660 5160 in
707 5104 1007 5162 Galaticum
1055 5107 1375 5164 Latinorum
1414 5115 1722 5170 custodiam
1781 5117 1986 5187 fugam,
2023 5121 2184 5188 paulo

604 5209 762 5268 poste
795 5200 1046 5256 idoneam
1093 5205 1441 5261 occasionem
1479 5217 1695 5274 nactus,
1720 5209 1857 5264 clam
1885 5211 2012 5266 inde
2059 5229 2187 5267 eva-

605 5293 678 5347 sit
700 5301 756 5347 et
787 5293 1066 5349 Tenedum
1100 5298 1224 5352 navi
1249 5297 1482 5366 abierat,
1514 5301 1820 5372 Palmologo
1851 5303 1987 5370 imp.
2011 5305 2184 5374 grati-

581 5385 870 5439 ﬁcaturus
885 5395 937 5440 et
964 5401 1064 5454 pro
1086 5387 1233 5442 dono
1255 5391 1402 5443 omni
1419 5393 1654 5462 vigentis
1677 5397 1726 5446 in
1757 5395 1940 5450 animo
1967 5397 2184 5453 habitus

605 5479 855 5548 pra'bens
885 5481 1138 5537 ard‘orem
1199 5493 1253 5537 et
1297 5500 1354 5538 re
1409 5486 1521 5555 ipsa
1571 5501 1731 5541 suum
1786 5488 2005 5545 fervens
2055 5507 2186 5558 erga

607 5573 761 5627 illum
815 5573 1111 5630 ostendens
1149 5576 1508 5644 studium;et
1565 5593 1852 5644 enarrans,
1903 5583 2182 5650 quomodo

609 5663 802 5719 liceret
835 5664 943 5719 frui
990 5667 1356 5737 patriarehica
1401 5679 1668 5738 potestate
1697 5678 1753 5724 et
1787 5669 1951 5724 simul
1987 5671 2187 5726 Canta-

615 5757 810 5809 cuzeni
857 5759 1139 5827 regnantis
1189 5759 1574 5814 benevolentia
1623 5769 1676 5813 et
1729 5760 2113 5824 beneficentia,
2141 5766 2184 5817 si

619 5845 782 5898 vellet
807 5836 1133 5916 participem
1177 5847 1356 5902 facere
1390 5865 1448 5904 se
1489 5850 1918 5906 renuntiationis
1951 5852 2018 5907 dc
2051 5851 2184 5907 Mat-

2283 4670 2396 4721 γων
2443 4654 2822 4720 διδασκαλίας,
2847 4659 2970 4709 ὅσον
3009 4662 3258 4728 ἐφικτὸν,
3300 4663 3398 4726 τὰς
3429 4667 3682 4735 ἀφορμάς
3713 4667 3840 4718 ἀνει-

2283 4745 2547 4815 λήφεσαν.
2581 4745 2726 4804 Εἶεν.
2775 4749 2915 4817 Ἐγὼ
2952 4749 2996 4802 δ’
3034 4754 3115 4815 είς
3133 4753 3225 4806 τὸν
3256 4755 3448 4824 εἱρμὸν
3479 4759 3729 4826 ἐπάνειμι
3758 4753 3837 4806 τοῦ

2283 4839 2468 4908 λόγου.

2357 4935 2483 4989 KA'.
2526 4937 2582 4990 Ὀ
2607 4939 2716 5007 γάρ
2764 4955 2846 4990 τοι
2871 4943 3318 5011 πατριαρχεύσας
3375 4947 3668 5006 Κάλλιστος
3719 4939 3836 5010 μετὶ

2284 5022 2382 5090 τὴν
2410 5024 2575 5076 αὐτοῦ
2632 5024 2956 5096 καθαίρεσιν
2989 5029 3085 5081 καὶ
3129 5031 3222 5082 τὸν
3251 5033 3333 5093 εἰς
3367 5034 3428 5084 τὸ
3461 5032 3835 5096 Γαλατώνυμον

2287 5112 2350 5184 [ί.
2385 5115 2487 5168 129
2519 5114 2592 5188 r.]
2624 5119 2886 5186 φρούριον
2918 5121 3024 5172 τῶν
3051 5122 3300 5175 Λατίνων
3327 5124 3588 5194 λαθραῖον
3617 5120 3832 5194 δρασμὸν

2285 5208 2514 5274 ἐκεῖνον,
2555 5209 2749 5278 καιροῦ
2781 5211 2922 5278 μετὰ
2961 5215 3155 5280 χρόνον
3185 5217 3308 5267 τινὰ
3339 5213 3522 5284 τυχὼν
3555 5216 3720 5284 λάθρα
3747 5211 3831 5264 κὰ-

2286 5301 2468 5354 κεῐθεν
2495 5301 2643 5372 ἐξῄει
2675 5307 2768 5358 καὶ
2801 5306 2856 5366 ἐς
2883 5305 3110 5358 Τένεδον
3137 5311 3597 5373 κατεπεπλεύκει,
3633 5308 3835 5362 [inlato-

2285 5391 2428 5460 λόγῳ
2485 5393 2562 5462 τῷ
2605 5393 2820 5462 βασιλεί
2852 5395 3212 5464 χαριζόμενός
3243 5415 3300 5449 τε
3365 5401 3456 5450 καὶ
3511 5400 3630 5452 ἀντὶ
3679 5397 3831 5464 δώρου

2287 5484 2490 5547 παντὸς
2523 5487 2581 5538 τὸ
2605 5487 2702 5554 τῆς
2759 5488 2817 5540 ἐν
2869 5488 3069 5556 καρδίᾳ
3121 5489 3574 5558 θαλαμευομένης
3621 5489 3834 5559 σχέσεως

2287 5573 2530 5641 κομίζων
2571 5573 2856 5643 διάπυρον,
2889 5575 2978 5628 τὸν
3034 5576 3175 5645 ὑπὲρ
3205 5577 3374 5630 αὐτοῦ
3415 5579 3656 5647 δηλονότι
3693 5575 3831 5641 ζῆλον

2287 5664 2470 5733 ἔργοις
2491 5665 2696 5730 αὐτοῖς,
2721 5668 2814 5719 καὶ
2840 5667 3220 5736 ἀφηγούμενος
3251 5670 3395 5732 ὅπως
3421 5671 3540 5736 ἐξὸν
3569 5665 3832 5724 ἀπολαύειν

2286 5759 2386 5826 τῆς
2419 5763 2826 5829 πατριαρχικῆς
2857 5761 3108 5826 ἐξουσίας
3162 5764 3257 5815 καὶ
3283 5762 3400 5829 ἅμα
3429 5767 3528 5832 τῆς
3550 5764 3831 5825 Καντακου-

2291 5849 2454 5920 ζηνοῦ
2506 5851 2883 5920 βασιλεύοιτος
2913 5853 3199 5921 εὐμενείας
3229 5855 3320 5907 καὶ
3355 5856 3686 5924 εὐεργέτιδος
3715 5867 3832 5918 γνω-
