4046 6290
175 340 271 382 οῦς.

177 367 278 403 ΖΖΪ)

1205 343 1513 402 ΒῩΖΛΝΤΙ
1681 341 1746 400 ΙῘ

1849 342 2068 400 ὈίῖῐίΕ
2102 343 2244 406 LIB.
2280 345 2494 407 XXIX.
3345 347 3448 410 526

181 475 304 529 μης,
358 461 408 511 εί
466 457 721 510 ἐϐούλετο
775 461 1052 510 κοινωνεῖν
1090 458 1238 528 αύτῷ
1284 460 1385 526 τῆς
1425 459 1568 529 ὑπὲρ
1599 461 1746 513 Ματα

1863 459 2006 512 thure
2034 458 2185 526 regio
2223 460 2336 513 ﬁlio
2369 462 2529 514 facta:
2555 478 2568 525 ;
2599 459 2688 514 hic
2716 476 2844 513 vero
2875 472 3113 516 crtrema
3140 463 3246 532 pati
3280 463 3463 518 male?

177 550 328 602 θαίου
360 547 458 602 τοῦ
486 549 603 602 υίοῦ
627 549 915 618 βασιλικῆς
948 551 1332 621 ἀναρρήσεως,
1359 555 1384 604 ὁ
1413 553 1469 605 δὲ
1496 554 1560 604 τὰ
1591 554 1746 624 ἐσχα·

1865 549 1957 602 bat
2000 551 2171 616 patria
2205 549 2311 603 sibi
2375 551 2498 618 jura
2537 549 2943 615 vindicans;et
2996 552 3104 604 nisi
3160 552 3457 607 clandesti-

175 661 239 694 τα
273 645 510 712 πάσχειν
562 643 770 706 εἵλετο,
820 644 929 696 τῶν
984 644 1256 715 πατρῴων
1309 647 1746 715 ἀντιποιούμενος

1864 655 1932 692 na
1998 640 2120 708 fuga
2179 640 2408 693 salutem
2476 641 2798 708 praebuisset
2852 641 2976 700 sibi,
3013 642 3300 696 celerrime
3364 643 3465 696 ille-

171 735 339 787 αὑτοῦ
373 735 620 789 δικαίων.
675 737 782 787 Καὶ
810 739 857 788 εξ
888 737 963 806 μὴ
997 737 1232 808 λαθραία
1265 741 1408 808 φυγῇ
1443 739 1542 808 τὴν
1579 756 1754 808 σωτη-

172 827 299 894 ρίαν
331 827 592 895 ἐπόριζεν
647 829 846 896 ἑαυτῷ,
885 830 1120 898 τάχιστα
1155 830 1220 882 ἂν
1279 830 1472 900 εἱρκτὴ
1507 831 1755 900 ζοφώδης

170 917 272 967 καὶ
303 915 538 968 Θανάτου
594 916 771 983 βιαίου
825 917 1021 984 γείτων
1079 920 1292 990 ἐδέχετο
1345 922 1536 974 τοῦτον
1566 923 1748 985 εὐθύς.

175 1011 287 1062 Καὶ
318 1011 405 1062 ἵνα
439 1013 539 1062 τάν
586 1015 736 1080 μέσῳ
773 1015 1043 1080 συντέμω,
1081 1013 1200 1065 ὅλον
1231 1013 1478 1066 ἐνιαυτὸν
1508 1018 1622 1066 ἐκεῖ
1641 1015 1754 1086 διη-

173 1101 360 1152 νυκὸτι
409 1103 478 1153 τά
513 1102 562 1154 τ’
606 1103 741 1156 ἄλλα
782 1102 886 1175 [te]
924 1103 1073 1173 αὐτῷ
1113 1105 1272 1158 πάντ’
1304 1105 1499 1175 ἐδρᾶτο
1547 1107 1613 1158 τὰ
1645 1125 1752 1159 πα-

171 1193 465 1262 τριάρχαις
516 1191 706 1262 ἔθιμα,
741 1196 834 1246 καὶ
865 1194 982 1262 ἆμα
1007 1197 1224 1262 γραφὰς
1252 1197 1353 1248 οὐκ
1387 1196 1580 1265 ἡμέλει
1611 1199 1754 1265 πεμ-

170 1300 294 1334 πων
327 1285 665 1348 Βυζαντίοις,
701 1287 825 1338 ὂσαι
872 1287 970 1356 τὴν
1004 1289 1084 1348 είς
1132 1287 1297 1340 αὑτὸν
1347 1287 1752 1357 ὲξετραγῴδουν

165 1376 418 1438 ἀδικίαν,
468 1379 560 1430 καὶ
613 1378 800 1448 μοιχὸν
852 1380 951 1448 μὲν
983 1381 1236 1450 προφανῆ
1276 1379 1462 1432 καλῶν
1498 1382 1750 1434 Φιλόθεον

163 1469 262 1520 τὶν
295 1471 586 1534 Κόκκινον,
622 1473 885 1541 προδότας
915 1473 970 1525 δέ
995 1474 1094 1540 τῆς
1121 1474 1230 1525 τῶν
1252 1475 1500 1526 κανόνων
1534 1477 1628 1526 καὶ
1665 1476 1750 1526 νό-

166 1579 292 1627 μων
333 1562 586 1624 ἐξουσίας
625 1567 750 1625 τοὺς
785 1566 1122 1627 ἐπισκόπους
1153 1567 1249 1618 καὶ
1284 1565 1418 1618 Θεοῦ
1473 1583 1751 1637 καταφρο-

160 1657 358 1719 νητὰς,
404 1656 484 1706 ὅτι
517 1659 635 1716 ταῖς
670 1656 977 1724 βασιλικαῖς
1018 1657 1336 1721 ὑπείξαντες
1373 1660 1464 1710 καὶ
1490 1661 1751 1728 ἡττηθέν-

159 1762 257 1806 τες
291 1747 502 1808 ἀδίκοις
529 1748 760 1816 δωρεαῖς
810 1751 1071 1818 συνέχεαν
1102 1751 1170 1803 τά
1201 1768 1258 1802 τε
1287 1753 1386 1821 τῆς
1420 1751 1750 1820 Ἐκκλησίας

158 1837 474 1905 πράγματα
505 1840 597 1890 καὶ
622 1840 756 1908 πρός
779 1856 842 1907 γε
867 1841 930 1908 δὴ
958 1842 1024 1893 τά
1063 1844 1161 1911 τῆς
1190 1841 1417 1910 ἐννόμου
1443 1841 1746 1911 βασιλείας.

157 1929 277 1982 Καὶ
319 1930 414 1983 ἐπὶ
447 1931 659 1993 τούτοις
695 1933 998 2001 ἀναθέματί
1048 1950 1107 1986 τε
1155 1935 1354 1996 αὐτοὺς
1401 1934 1750 1988 καθυπέὸαλε

155 2022 258 2072 καὶ
291 2023 564 2092 χωρισμῷ
586 2022 742 2074 Θεοῦ.
779 2024 848 2077 Ἀ
881 2024 944 2093 δὴ
987 2025 1156 2094 συχνὰ
1189 2025 1280 2077 καὶ
1310 2025 1468 2096 δίκην
1491 2025 1662 2094 βελῶν
1689 2028 1752 2078 ἐκ

156 2110 408 2162 τενὲδου
455 2113 787 2179 πεμπόμενα
850 2111 1064 2179 βλέπων
1118 2113 1147 2164 ό
1184 2112 1284 2181 τῆς
1339 2113 1751 2183 πατριάρχικῆς

155 2202 426 2267 ἐξουσίας
467 2203 1011 2273 ἄρτιέπειλημμένος
1039 2205 1308 2266 Κόκκινος
1338 2206 1641 2274 ἠγανάκτει
1692 2223 1752 2258 τε

153 2293 259 2345 καὶ
292 2295 817 2363 ἀντιμηχανώμενος
867 2297 967 2348 οὐκ
1000 2297 1198 2366 ἡμέλει
1239 2297 1308 2350 τά
1339 2299 1455 2352 ῐσα.
1491 2299 1752 2365 Συνὰγων

155 2387 270 2457 γὰρ
313 2387 442 2449 τοῦς
485 2389 900 2457 πλησιοχώρους
957 2390 1316 2454 ἐπισκόπους,
1350 2390 1448 2444 καὶ⁹
1493 2392 1606 2444 ὅσοι
1651 2392 1754 2444 Βυ-

158 2479 371 2548 ζαντίῳ
421 2480 847 2550 ἐνδιατρίϐοντες
915 2482 1106 2550 ἔτυχον
1136 2482 1587 2550 ὁπωσδηποτοῦν,
1643 2483 1752 2552 th-

165 2572 424 2642 φίτματα
457 2573 686 2636 ἐξετίθει
727 2589 785 2624 τε
842 2575 936 2626 καὶ
969 2573 1240 2642 διέπεμπε
1272 2574 1526 2645 πανταχῆ
1559 2575 1754 2627 ἀναθέ-

167 2664 306 2730 ματί
337 2679 398 2714 τε
453 2663 550 2714 καὶ
593 2662 888 2732 ἀφορισμῷ
922 2663 1372 2732 παραπέμποντα
1425 2664 1749 2719 Κάλλιστον.

164 2754 434 2822 Ἐπεμπε
467 2754 524 2806 δὲ
560 2754 793 2822 μάλιστα
845 2755 956 2816 τοῖς
1009 2755 1066 2807 ἐν
1104 2754 1255 2821 Ἀθῳ
1301 2753 1378 2823 τῷ
1429 2753 1544 2824 ὖρει
1586 2754 1751 2823 μονά-

155 2844 324 2909 ζουσι
350 2845 421 2898 τὰ
448 2845 670 2898 τοιαῦτα
693 2847 1043 2915 ψηφίσματα,
1073 2846 1473 2916 παραγγέλλων
1504 2847 1596 2898 ἐπὶ
1625 2847 1751 2898 τού-

155 2955 275 2998 τοις
318 2937 444 3005 μηδ’
475 2939 524 2990 εί
564 2937 854 3009 βουληθείη
911 2939 1040 3007 παρ’
1078 2941 1319 3002 ἐκείνους
1366 2943 1556 3008 φοιτᾷν
1605 2939 1753 3008 δέχε-

160 3031 298 3083 σθαι
331 3030 545 3097 τοῦτον,
579 3031 661 3084 ἆτ’
686 3031 774 3084 ἐπ’
803 3032 1114 3101 ἐγκλήμασι
1142 3033 1570 3096 Μασαλιανικοῖς
1601 3033 1748 3084 ἐννό-

1865 733 2112 785 inclusus
2153 742 2300 786 esset
2353 735 2405 785 in
2438 735 2713 796 tenebras,
2745 743 2796 786 et
2829 734 3022 786 mortis
3046 735 3296 787 violenta:
3321 750 3450 803 pro.

1867 825 2110 892 pinquus
2136 825 2289 878 locus
2316 825 2492 892 ipsum
2529 828 2709 878 statim
2743 827 3069 894 excepisset.
3091 828 3267 894 Atque
3291 835 3349 878 ttt
3377 827 3446 878 ab

1867 915 1986 983 ipso
2020 917 2111 984 qui
2171 917 2225 968 in
2283 917 2592 970 meditullio
2645 919 2868 970 roneiso
2920 917 3191 986 integrum
3239 933 3442 971 annum

1861 1007 1934 1060 ibi
1995 1020 2351 1078 transegerat.
2385 1025 2507 1062 cuin
2575 1011 2782 1079 reliqua
2828 1013 3008 1063 omnia
3057 1011 3448 1077 perficerentur

1859 1100 2186 1167 patriarcbis
2215 1100 2434 1164 usitata,
2456 1110 2509 1153 et
2541 1103 2700 1154 simul
2727 1103 3016 1155 accusandi
3042 1101 3308 1156 formulas
3335 1118 3444 1156 non

1859 1191 2160 1261 negligeret
2179 1192 2394 1245 mittere
2433 1192 2598 1262 253
2616 1193 2927 1263 Byzantinis
2944 1203 3217 1262 quotquot
3240 1189 3446 1248 illatam

1858 1280 1963 1334 sibi
2014 1292 2407 1350 exapgerarent
2466 1285 2747 1348 iniuriam,
2778 1295 2832 1338 et
2868 1285 3143 1338 llltBChUlll
3196 1294 3445 1355 apertum

1857 1371 2048 1424 dicens
2087 1373 2434 1426 Philotimum
2468 1373 2766 1429 Coccinum
2799 1385 2856 1429 et
2919 1375 3236 1444 proditores
3293 1385 3449 1445 pote-

1862 1465 2022 1516 statis
2048 1464 2359 1532 regularum
2394 1477 2448 1518 et
2481 1467 2660 1534 legum
2692 1466 2982 1536 episcopos
2999 1481 3049 1521 et
3079 1467 3172 1521 Dei
3201 1479 3448 1520 contem-

1857 1565 2066 1622 ptores.
2088 1556 2232 1623 quod
2262 1556 2613 1624 inperatoris
2636 1559 2777 1625 capti
2802 1570 2858 1612 et
2887 1559 3013 1614 victi
3040 1558 3255 1629 injustis
3285 1559 3444 1613 donis

1856 1647 2150 1699 miscerent
2175 1657 2229 1701 et
2259 1648 2513 1701 Ecclesia:
2538 1665 2622 1702 res
2649 1658 2702 1702 et
2725 1651 2950 1719 legitimi
2980 1659 3238 1719 praeterea
3265 1635 3440 1721 regni.

1855 1736 1921 1790 Et
1953 1737 2180 1805 insuper
2237 1741 2610 1795 exsecratione
2661 1743 2927 1795 subvertit
2979 1757 3075 1796 eos
3128 1751 3189 1796 et
3223 1757 3443 1796 excom-

1783 1811 1824 1865 Β
1855 1829 2237 1884 municatiotre
2265 1831 2479 1898 divina;
2510 1848 2629 1901 (μιαί
2659 1834 2880 1901 quidem
2927 1835 3185 1888 continua
3231 1844 3286 1889 et
3307 1835 3445 1889 telo-

1854 1939 1973 1977 rum
2018 1925 2261 1978 adinstar
2291 1940 2358 1979 ex
2381 1925 2606 1979 Tenedo
2641 1926 2804 1980 missa
2836 1927 3029 1980 videns
3061 1927 3441 1996 patriarcbica:

1852 2023 2144 2088 potestatis
2193 2038 2370 2090 nuper
2420 2022 2698 2090 particeps
2755 2022 2934 2076 factus
2987 2022 3257 2077 Coccinus
3298 2039 3440 2092 aegre

1856 2111 2066 2165 ferebat
2091 2127 2144 2165 et
2176 2125 2362 2166 contra
2411 2114 2742 2168 moliebatur
2771 2129 2947 2183 neque
2979 2115 3174 2169 eadem
3207 2115 3439 2185 rejieere

1854 2203 2187 2272 negligebat.
2224 2203 2557 2258 Convocatis
2591 2205 2740 2259 enim
2765 2206 3035 2274 proximis
3067 2207 3360 2276 episc0pis,
3381 2215 3440 2262 et

1857 2294 1923 2347 iis
1951 2297 2042 2362 qui
2079 2303 2192 2347 tum
2227 2294 2364 2348 forte
2395 2296 2896 2365 quomodocunque
2947 2297 3193 2368 Byzantii
3248 2313 3437 2352 versa-

1855 2383 2078 2447 bantur,
2109 2387 2326 2439 decreta
2352 2387 2636 2455 proposuit
2673 2395 2727 2440 et
2753 2387 2901 2440 misit
2936 2389 2989 2442 in
3019 2402 3212 2440 omnes
3254 2397 3441 2458 partes

1853 2476 2234 2532 exsecratione
2297 2486 2352 2531 ct
2410 2480 2765 2532 damnatione
2814 2479 3088 2532 munitum
3129 2479 3436 2534 Callistum.

1854 2571 1998 2626 Misit
2041 2582 2224 2627 autem
2270 2573 2508 2627 maxime
2567 2575 2617 2626 in
2661 2572 2805 2625 Atho
2857 2583 3041 2626 monte
3088 2572 3440 2628 versantibus

1853 2664 2140 2718 monachis
2171 2663 2294 2718 talia
2335 2664 2577 2727 decreta,
2609 2663 2888 2733 imperans
2934 2674 3219 2731 praeterea,
3273 2679 3364 2731 ne,
3393 2663 3440 2720 si

1851 2757 2017 2810 vellet
2049 2757 2117 2809 ad
2176 2757 2300 2809 illos
2359 2755 2732 2819 venire,‘eum
2777 2756 3089 2824 reciperent
3118 2756 3190 2809 ob
3218 2755 3437 2810 decreta

1855 2849 2230 2902 massalianica
2282 2849 2576 2916 expulsum
2646 2848 2911 2916 legitime,
2969 2861 3071 2900 nec
3101 2863 3160 2900 se
3215 2847 3439 2917 judiciis

1853 2943 2137 2995 sistentem
2165 2956 2340 3009 neque
2395 2951 2675 2994 verentem
2738 2940 3029 3009 imperiose
3073 2939 3332 2994 mandare
3383 2954 3438 2995 et

1851 3048 2141 3086 exsecrere
2173 3043 2230 3086 et
2265 3034 2784 3088 eveommnnicare:
2818 3048 3044 3087 necesse
3094 3035 3262 3102 igitur
3309 3049 3439 3103 pro-

155 3140 280 3190 μως
334 3122 733 3190 καθαιρεθέντα
781 3127 873 3177 καὶ
927 3127 1026 3177 οὐκ
1057 3125 1368 3195 ἐμμένοντα
1397 3129 1516 3186 ταῖς
1545 3125 1743 3192 δίκαις,

1853 3133 2035 3192 pterea
2077 3131 2131 3176 et
2172 3123 2317 3190 quod
2346 3123 2455 3192 jam
2489 3124 2766 3194 synodicis
2788 3125 3262 3178 exsecrationibus
3288 3135 3436 3180 esset

151 3215 278 3267 ἀλλ’
311 3216 718 3286 ἀρχιερατικῶς
743 3218 1054 3270 ἐπιτάττειν
1080 3219 1173 3270 καὶ
1198 3217 1623 3286 ἀναθεματίζειν
1649 3216 1745 3267 καὶ

147 3307 450 3375 ἀφορίζειν
477 3307 959 3376 ἀναισχυντοῦντα.
994 3307 1188 3378 Χρεὼν
1215 3305 1310 3360 οὖν
1339 3309 1424 3361 διὰ
1457 3307 1633 3360 ταῦτά
1658 3323 1741 3370 τε,

1853 3214 2061 3283 ejectus
2111 3224 2164 3266 et
2224 3214 2411 3268 divina
2466 3215 2846 3278 damnatione,
2896 3223 3152 3285 tanquam
3225 3225 3436 3287 pestem

1851 3320 1882 3359 a
1913 3319 2071 3359 SﬂCI‘O
2095 3313 2283 3360 monte
2311 3321 2436 3360 eum
2475 3321 2688 3361 arcere.

147 3403 247 3454 καὶ
284 3401 366 3462 ὡς
400 3402 501 3470 ἥδη
553 3404 645 3453 καὶ
681 3402 981 3464 συνοδικοίς
1026 3402 1496 3472 ἀναθεματισμοῑς
1525 3397 1967 3454 ὑποπεπτωκότα
1996 3400 2093 3452 καὶ
2147 3398 2227 3468 τῷ
2289 3401 2353 3452 ἐκ
2418 3397 2555 3451 Θεοῦ
2621 3399 2931 3471 χωρισμῷ,
2967 3394 3057 3454 οἵα
3117 3401 3298 3472 λύμην
3337 3401 3435 3455 τοῦ

145 3494 324 3564 ὄρους
357 3494 670 3546 ἀποσοϐεῖν.

220 3585 362 3641 κε’.
439 3589 591 3641 Ἐπεὶ
623 3589 678 3640 δέ
706 3589 776 3640 τὰ
827 3591 1124 3659 πράγματα
1172 3591 1429 3660 καθάπερ
1467 3590 1739 3660 ὀστράκου

155 3681 570 3751 μεταπεσόντος
602 3682 729 3734 νέαν
779 3681 904 3751 ἔσχε
937 3682 1239 3754 μεταϐολὴν
1262 3724 1276 3746 ,
1311 3683 1374 3755 [Γ.
1408 3683 1508 3738 129
1542 3681 1619 3754 υ.]
1652 3685 1744 3735 καὶ

154 3778 226 3846 τῷ
265 3777 377 3844 μὲν
413 3774 700 3844 Καλλίστῳ
759 3775 866 3827 τῶν
905 3777 1325 3847 πατριαρχικῶν
1351 3775 1504 3838 αὖθις
1535 3777 1743 3843 κρατῆ-

161 3883 242 3917 σαι
297 3864 626 3933 συμϐέϐηκε
665 3863 905 3931 θρόνων,
968 3864 1046 3934 τῷ
1085 3865 1142 3917 δὲ
1178 3867 1430 3934 Κοκκίνῳ
1480 3867 1741 3933 Φιλοθέῳ,

164 3959 293 4026 πρὶν
324 3955 638 4015 αἰσθέσθαι,
665 3955 932 4023 λαμπρῶς
967 3956 1176 4008 ἐκεῖθεν
1197 3956 1535 4028 ἁπερῤῖφθαι
1565 3956 1744 4025 πάσης

161 4047 472 4118 ἱερωσύνης
503 4047 728 4115 γυμνὸν,
755 4047 830 4110 ὡς
854 4049 1197 4118 εἰρήκειμεν,
1223 4049 1528 4117 γράμματα
1551 4046 1741 4115 ἐφοίτα

159 4142 312 4210 αὐτῷ
346 4141 486 4209 πρὸς
522 4140 628 4192 τῶν
661 4139 740 4208 τῷ
784 4139 902 4210 ὄρει
929 4139 1005 4210 τῷ
1046 4141 1250 4193 Ἀθωνι
1305 4139 1742 4207 ἐνδιαιτωμένων

165 4231 486 4302 μοναδικῶν
546 4232 772 4299 ἀνδρῶν,
825 4233 1072 4300 Νίφωνος
1130 4231 1545 4301 κατηγοροῦντά
1598 4247 1742 4292 τινος

159 4327 270 4376 τῶν
338 4327 457 4377 ἐκεῖ
489 4324 743 4392 μοναχῶν
779 4324 972 4392 ἱερέως
1024 4323 1324 4392 τοῦπίκλην
1353 4323 1649 4392 Σκορπίου,
1685 4321 1741 4384 ὃς

158 4418 628 4488 προκατηγόρητο
655 4417 759 4485 πρὸ
791 4416 1023 4485 βραχέος
1056 4419 1147 4467 ἐπὶ
1202 4419 1266 4485 τῇ
1315 4416 1424 4467 τῶν
1458 4413 1745 4479 Maeand-

1918 3585 2084 3640 XXV’.
2112 3587 2408 3654 Postquam
2455 3593 2637 3639 autem
2665 3601 2772 3650 res,
2804 3587 2958 3655 quasi
2988 3587 3186 3640 testula
3217 3587 3432 3643 inversa

1847 3694 2044 3732 novam
2067 3685 2291 3746 experta
2315 3685 2397 3728 est
2433 3677 2896 3743 immutationem,
2922 3678 3217 3732 etCallisto
3242 3696 3435 3735 rursus

1847 3769 2213 3838 patriarehica
2266 3769 2396 3821 sede
2442 3769 2605 3836 potiri
2665 3771 2916 3843 contigit,
2949 3769 3437 3842 Coccinumz59

1846 3870 2028 3914 autem
2065 3859 2414 3913 Philotheum
2450 3859 2771 3926 priusquam
2799 3861 3030 3914 sentiret
3053 3863 3342 3929 Splendide
3367 3878 3433 3916 ac

1846 3967 1971 4006 cum
2005 3951 2176 4020 gloria
2219 3949 2346 4003 inde
2403 3950 2630 4017 ejicere,
2662 3952 2810 4004 omni
2851 3939 3190 4006 sacerdotio
3231 3954 3433 4021 spolia-

1849 4047 2076 4110 tum,:ul.
2101 4042 2593 4106 diximus,litteras
2613 4043 2662 4095 ei
2686 4041 2870 4095 attulit
2895 4043 2964 4096 ab
2993 4042 3434 4099 inhabitantibus

1848 4135 2032 4189 Athon
2059 4142 2302 4187 montem
2351 4149 2571 4187 sacrum
2603 4134 2736 4187 viris
2788 4134 3075 4198 solitariis,
3108 4146 3434 4191 accusantes

1843 4228 2154 4297 Niphonem
2187 4229 2477 4295 quemdam
2519 4241 2584 4279 ex
2621 4227 2728 4280 illis
2761 4226 3047 4282 monachis
3081 4230 3430 4283 sacerdotem

1844 4321 2171 4389 cognomine
2208 4319 2538 4388 Seorpium:
2585 4321 2676 4388 qui
2719 4329 2879 4373 antea
2914 4329 3205 4374 accusatus
3252 4319 3432 4376 fuerat

1847 4413 2008 4482 paulo
2073 4410 2231 4479 prius
2267 4421 2493 4479 propter
2525 4410 2976 4464 Massalianorum
3010 4421 3064 4463 ot
3120 4411 3430 4479 Bogomilo-

156 4511 267 4561 νῶν
307 4515 403 4560 καὶ
435 4508 745 4574 Ιὶογομίλων
768 4509 996 4576 αἱρέσει,
1028 4506 1270 4568 σκιωδῶς
1305 4523 1418 4567 πως
1448 4505 1540 4558 καὶ
1560 4505 1740 4573 ἀμαρ-

1849 4522 1963 4558 rmn
2014 4505 2245 4558 hac-resin
2304 4505 2443 4556 clam
2507 4503 2636 4557 abiit
2691 4513 2744 4556 et
2791 4505 2910 4556 sine
2968 4505 3223 4558 testibus.
3287 4506 3427 4560 Huic

157 4601 344 4670 τύρως
386 4599 487 4651 ἔτι.
523 4599 710 4669 Τούτῳ
745 4600 926 4668 μέντοι
961 4599 1114 4667 φίλος
1148 4597 1222 4650 ὢν
1252 4599 1315 4650 ἐκ
1348 4579 1544 4650 πολλοῦ
1590 4595 1745 4648 Κάλ-

157 4690 350 4750 λιστος
401 4688 523 4740 οὺδέ
553 4686 649 4738 νῦν
713 4688 1057 4756 πατριάρχης
1094 4685 1388 4755 γενόμενος
1442 4685 1543 4754 τῆς
1575 4683 1740 4736 αὑτοῦ

159 4781 354 4846 φιλίας
375 4781 666 4848 ἀπέσχετο,
706 4780 842 4833 ἀλλὰ
896 4782 992 4849 μία
1023 4797 1110 4840 τις
1143 4775 1212 4848 ἦν
1245 4781 1302 4832 ἐν
1327 4781 1534 4846 ἀμφοῖν
1565 4775 1738 4845 ψυχή.

155 4877 252 4925 Διὸ
288 4874 387 4924 καὶ
425 4873 688 4942 ὠργίζετο
717 4874 827 4934 τοῖς
860 4873 1206 4939 κατηγόροις,
1236 4875 1330 4926 καὶ
1355 4872 1515 4940 ἀραῖς
1535 4869 1742 4938 ἐγγρά-

157 4981 286 5030 φοις
326 4963 422 5014 καὶ
469 4963 795 5032 άφορισμοῖς
823 4960 1175 5015 καθυπέϐαλε
1207 4961 1299 5012 καὶ
1330 4961 1384 5011 εί
1410 4977 1494 5022 τις
1534 4960 1619 5028 είη
1648 4979 1740 5012 πι-

159 5055 400 5106 στεύων.
443 5053 558 5120 Ἐφ’
590 5049 667 5116 οἷς
696 5052 1131 5121 παροξυνθέντες
1162 5053 1384 5114 ἐκεῖνοι,
1417 5053 1511 5104 καὶ
1534 5052 1651 5121 ἅμα
1681 5054 1741 5105 τὸ

158 5146 373 5216 θάρῥος
401 5145 616 5212 ἔχοντες
644 5145 706 5195 ἐκ
736 5143 836 5210 τῆς
881 5142 1163 5213 ἀληθείας,
1208 5141 1642 5212 συνεληλύθεσαν
1676 5143 1740 5194 ἐκ

158 5237 540 5305 συνθήματος,
569 5236 652 5302 ἐφ’
681 5226 851 5302 οὗπερ
881 5234 998 5295 ἔθος
1015 5229 1084 5304 ἦν
1117 5233 1391 5295 κάκείνοις
1419 5234 1507 5285 ἀεὶ
1533 5235 1741 5285 συνιόν-

159 5346 259 5390 τας
293 5328 570 5380 ποιεῖσθαι
605 5328 672 5379 τὰ
703 5327 873 5379 τοιαδὶ
911 5327 1018 5379 τῶν
1055 5327 1412 5397 σκεμμάτων.
1447 5327 1555 5378 Καὶ
1575 5327 1739 5395 τόμος

159 5421 444 5474 ἐκτίθεται
498 5423 617 5483 ταῖς
648 5421 905 5473 ἁπάντων
935 5419 1158 5472 ἐκείνων
1199 5421 1528 5490 μαρτυρίαις
1559 5437 1738 5472 συνει-

156 5513 466 5582 λημμένος,
493 5513 562 5564 τά
595 5529 653 5564 τε
687 5511 819 5564 ἄλλα
853 5512 1026 5579 δηλῶν
1057 5516 1150 5567 καὶ
1180 5514 1260 5566 ὅτι
1285 5513 1346 5566 οὑ
1389 5513 1494 5566 τῶν
1521 5514 1627 5565 ἀπὸ
1651 5514 1740 5564 τί-

159 5617 262 5668 χης
302 5599 396 5652 καί
426 5599 534 5652 τῶν
563 5599 622 5663 ἐξ
651 5599 962 5666 αὐτομάτου
994 5600 1332 5668 συμπίπτειν
1357 5601 1660 5655 δοκούντων
1679 5601 1738 5653 ἕν

161 5707 212 5740 τι
269 5691 369 5743 καὶ
397 5690 457 5743 τὸ
489 5688 583 5743 νῦν
618 5693 1007 5760 πεπραγμένον
1039 5693 1306 5763 ὑπῆρχεν,
1343 5694 1430 5746 ἵνα
1483 5695 1573 5745 καὶ
1608 5697 1734 5763 σιγῇ

161 5780 416 5845 δεδωκώς
445 5799 531 5845 τις
555 5782 829 5852 ἀθόρυϐον
867 5787 966 5855 σχῇ
993 5787 1228 5849 συνειδὲς
1262 5790 1350 5838 καὶ
1388 5789 1612 5857 μηδαμῆ
1640 5791 1736 5856 τὴν

1844 4596 2063 4663 quidem
2093 4595 2306 4647 amicus
2341 4609 2511 4647 verus
2541 4603 2658 4647 erat
2687 4595 2860 4646 multo
2886 4610 2950 4647 ex
2987 4603 3230 4663 tempore
3251 4597 3424 4650 Calli-

1844 4697 1980 4748 stus,
2022 4700 2199 4752 neque
2233 4700 2380 4738 nunc
2443 4686 2755 4754 patriarcha
2810 4686 2984 4740 lactus
3030 4690 3148 4756 ejus
3182 4690 3424 4744 amicitia

1844 4775 2143 4838 abstinuit;
2178 4775 2270 4828 sed
2335 4791 2439 4828 uua
2505 4776 2618 4828 fere
2651 4785 2772 4830 erat
2827 4779 2879 4830 in
2925 4787 3156 4846 utroque
3217 4781 3419 4836 anima.

1843 4869 2212 4932 Quamobrem
2267 4868 2434 4932 etiam
2506 4867 2846 4922 irascebatur
2897 4872 3314 4926 accusatoribus
3367 4881 3424 4926 et

1844 4961 1977 5014 diris
1996 4929 2553 5029 imprecamlis’atque
2582 4962 3134 5018 comlemnatiouibus
3165 4965 3421 5034 subjecit,

1841 5063 1895 5106 et
1923 5053 1966 5104 si
1990 5051 2115 5121 quis
2156 5052 2316 5105 ﬁdem
2344 5052 2571 5106 haberet
2620 5054 2707 5117 iis,
2734 5055 2802 5108 de
2834 5055 3038 5124 quibus
3070 5057 3212 5108 inter
3247 5056 3429 5108 irrita-

1846 5151 1929 5195 tos
1965 5142 2086 5196 illos
2132 5151 2187 5195 et
2229 5143 2394 5196 simul
2451 5159 2514 5197 ex
2582 5145 2812 5199 veritate
2865 5147 3106 5198 animum
3161 5145 3429 5202 habentes

1843 5236 2189 5288 convenitex
2245 5238 2572 5302 composito.
2601 5236 2723 5300 Quo
2785 5245 3028 5303 tempore
3087 5235 3253 5288 etiam
3312 5251 3431 5292 ntos

1843 5337 1961 5382 erat
1988 5327 2114 5392 illis,
2148 5344 2365 5396 semper
2405 5329 2805 5383 convenientes
2835 5328 3012 5380 facere
3062 5328 3196 5382 tales
3221 5329 3432 5398 disqui-

1842 5421 2094 5484 sitiones,
2127 5429 2178 5474 et
2238 5431 2420 5474 tomus
2473 5421 2767 5489 exponitur
2815 5421 2882 5474 de
2937 5421 3181 5474 omnium
3211 5423 3427 5478 illorum

1844 5513 2174 5567 testimOniis
2197 5523 2522 5581 conceptus,
2556 5513 2607 5566 in
2641 5513 2860 5566 caeteris
2917 5515 3082 5568 etiam
3147 5515 3425 5584 aperiens,

1844 5621 1948 5658 non
1979 5620 2043 5657 ex
2072 5603 2137 5656 iis
2163 5620 2283 5672 qua:
2313 5602 2543 5656 fortuito
2573 5614 2628 5657 et
2670 5615 2866 5673 Sponte
2896 5606 3146 5659 accidere
3175 5603 3428 5656 videntur

1844 5710 2010 5748 unum
2039 5693 2298 5764 quiddam
2324 5707 2469 5745 nunc
2495 5709 2713 5762 quoque
2750 5709 2872 5746 esse
2897 5693 3136 5752 factum;
3179 5699 3235 5742 ut
3260 5689 3427 5743 etiam

1843 5786 2065 5840 silentio
2107 5785 2334 5854 largitus
2384 5783 2586 5852 aliquis
2645 5786 2939 5852 tranquilla
2992 5791 3238 5834 uteretur
3292 5797 3428 5831 entr-
