4046 6290
661 307 761 369 227
1857 295 2277 363 NIIZEPHORI
2316 296 2694 356 GREGORE
3769 300 3854 360 εει

659 415 917 478 scientia,
959 429 1062 469 nec
1094 415 1206 468 ullo
1237 413 1398 467 modo
1423 413 1664 468 animum
1696 413 1938 466 dormire
1969 422 2024 466 et
2049 413 2232 465 deser-

2344 408 2572 478 καρδίαν
2599 407 2880 460 καθεύδειν
2924 408 3016 462 καὶ
3045 408 3274 476 ἠρεμεῖν
3311 403 3640 476 βουλομένην
3689 409 3859 477 ἀναμο-

661 520 776 564 tum
817 522 940 560 esse
970 507 1242 559 volentem
1265 507 1575 569 excitante;
1611 503 1710 556 scd
1767 503 1914 557 Deus
1941 501 2226 555 confestim

2341 500 2550 570 χλεῦον,
2587 499 2723 552 ἀλλᾶ
2771 497 2905 550 Θεοῦ
2940 499 3232 567 προφανῶς
3283 497 3377 550 τοῦ
3423 499 3488 550 τὰ
3527 495 3724 566 κρύφια
3750 498 3860 568 δῆλα

663 604 872 658 occulta
907 610 1093 670 aperta
1134 600 1331 660 reddit,
1365 599 1799 666 quotiescunque
1850 597 1965 648 vult
2027 594 2230 648 intelli-

2341 591 2590 660 δρῶντος,
2619 591 2778 644 ὁπότε
2816 590 3057 659 βούλοιτο
3091 590 3306 642 σύνεσιν
3341 590 3606 643 ἐντιθέναι
3632 585 3707 653 οἷς
3729 593 3863 644 ἀσυν-

663 695 844 763 gentia
877 692 1155 761 impertire
1186 707 1300 756 eos,
1337 692 1538 758 quibus
1573 699 1631 742 ut
1653 704 1760 742 non
1793 697 2014 742 teneant
2043 699 2232 739 sanam

2341 685 2474 744 έτως
2505 684 2652 753 ἔχειν
2705 684 2844 750 πρὸς
2869 683 2968 752 τὴν
2999 683 3128 747 ὑγιᾶ
3151 681 3520 751 συμπέπτωκε
3551 681 3858 748 θεογνωσίαν,

667 785 761 838 Dei
782 784 1146 854 cognitionem
1184 782 1401 842 accidit,
1446 791 1505 834 ut
1550 781 1808 834 nimirum
1833 777 1997 847 260
2020 786 2075 828 et
2106 775 2232 828 mis-

2342 778 2426 828 ἵνα
2455 775 2655 846 δηλαδὴ
2685 776 2778 828 καὶ
2802 775 2830 826 ό
2883 775 2992 844 πρὸ
3026 775 3254 845 βραχέος
3281 777 3485 835 ἐκεῖνος
3519 773 3772 841 πεμφθεὶς
3790 774 3860 826 ὑπ’

664 892 758 930 sus
779 877 868 929 ille
895 875 1054 944 paulo
1086 883 1210 926 ante
1238 872 1305 926 ab
1342 873 1409 926 iis
1443 880 1634 926 contra
1665 871 1918 923 homines
1951 870 2002 920 in
2047 877 2232 919 monte

2341 867 2518 920 αὐτῶν
2553 869 2695 922 κατὰ
2747 869 2854 920 τῶν
2900 871 2959 922 ἐν
3005 871 3080 936 τῷ
3111 870 3226 936 ὄρει
3251 869 3426 938 τούτῳ
3471 866 3772 921 ἑαλωκότων
3796 867 3853 918 ἐιι

664 970 768 1022 hoc
799 968 1170 1036 deprehensos
1205 967 1257 1019 in
1297 965 1545 1034 ﬂagranti
1583 962 1935 1016 Massalianos
1971 968 2026 1012 et
2064 958 2232 1028 Bago-

2341 961 2646 1030 αὐτοφώρῳ
2701 960 3060 1014 Μασαλιανῶν
3093 962 3186 1014 καὶ
3228 960 3544 1030 Βογομίλων
3586 959 3740 1028 τόμος
3765 958 3865 1011 θεαί

666 1057 826 1110 milos
863 1067 1044 1108 tomus
1073 1055 1201 1108 libri
1243 1055 1334 1108 fiat
1367 1056 1612 1124 inspectu
1637 1053 1854 1123 dignior
1879 1061 1936 1106 et
1963 1050 2030 1104 ab
2061 1048 2232 1103 omni-

2341 1054 2675 1124 τρικώτερος
2698 1054 2944 1124 γένηται,
2999 1056 3091 1106 καὶ
3121 1055 3255 1106 πᾶσι
3284 1051 3498 1121 γνωσθῇ
3524 1054 3624 1119 τῆς
3647 1051 3726 1117 ἐφ’
3751 1049 3870 1102 οὕτω

662 1149 766 1202 bus
805 1158 1168 1216 cognoscatur
1195 1147 1362 1216 hujus
1390 1147 1458 1200 ad
1503 1161 1631 1200 eum
1669 1143 1956 1214 pravitatis
1999 1139 2232 1211 gradum

2341 1145 2484 1213 μέγα
2509 1145 2710 1209 κακίας
2736 1143 3229 1215 ἀναρριπισθείσης
3257 1141 3521 1212 αἱρέσεως
3551 1142 3584 1211 ἡ
3619 1139 3756 1210 ῥίζα.

660 1255 963 1308 progressre
993 1239 1145 1291 radix
1171 1237 1463 1291 haereseos.
1657 1309 1676 1320 ο

731 1330 922 1384 XXVI.
950 1329 1249 1383 Monachus
1271 1330 1417 1382 enim
1441 1327 1670 1402 quidam
1701 1343 1766 1381 ex
1794 1327 1860 1380 iis
1884 1324 1977 1394 qui
2005 1321 2234 1390 Scorpio

667 1423 796 1474 huic
831 1438 893 1489 pa
906 1431 1045 1483 rent,
1070 1422 1396 1490 cognomine
1423 1420 1738 1482 Bardarius,
1768 1419 1960 1470 mortis
1984 1415 2233 1484 proximo

665 1513 947 1582 subjectus
987 1513 1097 1583 jam
1164 1513 1381 1574 morbo.
1408 1510 1626 1580 jacebat
1659 1507 1920 1564 membris
1959 1506 2149 1560 fractis
2179 1513 2236 1560 et
2336 1525 2454 1560 τονι
2485 1508 2716 1575 κάτοχος
2762 1506 2864 1574 ἥδη
2904 1506 3044 1572 νόσῳ
3093 1506 3406 1568 γενόμενος,
3471 1506 3648 1552 ἔκειτο
3684 1506 3756 1564 ad;

667 1603 899 1659 summis
953 1602 1202 1672 corporis
1251 1603 1538 1658 doloribus
1587 1608 1850 1664 vexatus;
1885 1597 2084 1652 deinde
2137 1612 2232 1666 per

2341 1601 2434 1662 καὶ
2491 1598 2712 1667 μυρίαις
2745 1594 3002 1665 ἀλγηδόσι
3056 1593 3116 1645 τὸ
3147 1593 3306 1662 σῶμα
3356 1593 3710 1660 κεντούμενος
3735 1593 3870 1640 ἅπαν.

665 1695 910 1762 integros
945 1694 1136 1763 viginti
1164 1694 1283 1749 dies
1311 1695 1436 1749 cibo
1473 1702 1718 1763 potaque
1751 1690 2081 1752 abstinebat,
2115 1688 2232 1743 sine

2343 1692 2576 1744 Ἔπειτα
2606 1689 2690 1758 ἐφ’
2721 1689 2871 1751 ὅλαις
2909 1687 3143 1756 ἡμέραις
3175 1687 3344 1738 εἰκοσι
3362 1683 3542 1746 ἄσιτός
3566 1700 3624 1735 τε
3652 1683 3738 1734 καὶ
3763 1679 3873 1734 ἄποια

663 1799 800 1839 voce
839 1785 1079 1853 jaeebat,
1104 1785 1355 1840 ultimum
1391 1785 1615 1840 trahens
1649 1784 1938 1853 spiritum;
1971 1796 2073 1834 nec
2115 1795 2232 1834 mo-

2341 1802 2430 1846 τος
2489 1781 2772 1851 διαμείνας
2831 1778 3045 1849 ἄφωνος
3081 1778 3278 1842 έκειτο,
3316 1777 3493 1829 πνέων
3541 1774 3795 1844 ὁσημέραι
3823 1772 3876 1825 τὰ

661 1878 908 1932 riebatnr
947 1889 1161 1943 tamen;
1208 1878 1303 1932 sed
1344 1893 1545 1948 corpus
1591 1888 1804 1931 tumore
1836 1874 2082 1930 inﬂatum
2119 1881 2232 1928 erat

2341 1875 2570 1928 λοίσθια.
2599 1876 2712 1926 Οὐκ
2733 1872 2962 1940 έθνησκε
2987 1872 3064 1932 δὲ,
3098 1869 3234 1922 ἀλλὰ
3261 1869 3323 1922 τό
3345 1886 3405 1922 τε
3433 1869 3596 1937 σῶμα
3629 1866 3876 1934 ἐξώγκωτο

662 1980 720 2023 et
757 1968 1031 2021 teterrima
1081 1967 1304 2038 jamjam
1349 1982 1411 2020 os
1461 1966 1883 2020 suffundebatur
1924 1962 2232 2031 nigredine.

2341 1966 2434 2019 καὶ
2501 1965 2688 2036 μακρά
2747 1981 2832 2028 τις
2863 1962 3105 2032 ἐπεχύθη
3153 1961 3232 2031 τῷ
3275 1959 3559 2030 προσώπῳ
3591 1958 3877 2028 μελάνωσις.

667 2057 908 2113 Tandem
951 2059 1031 2111 rei
1085 2058 1351 2112 miraculo
1381 2058 1600 2112 attoniti
1651 2057 1912 2126 prursides
1948 2056 2095 2110 illius
2135 2055 2232 2110 do-

2351 2056 2481 2127 Ὀψὲ
2511 2056 2571 2110 δὲ
2598 2055 2677 2127 τῷ
2710 2055 2804 2108 τοῦ
2838 2055 3161 2126 πράγματος
3219 2053 3510 2122 παραδόξῳ
3546 2048 3880 2115 καταπλαγέν-

663 2150 850 2204 micilii
895 2151 1234 2222 quaerebant,
1259 2167 1389 2208 num
1436 2151 1569 2219 quid
1612 2166 1838 2206 suorum
1887 2159 2232 2219 peccatorum

2341 2167 2429 2212 τες
2454 2144 2501 2201 ὀί
2528 2149 2628 2216 τῆς
2657 2148 2832 2216 μονῆς
2885 2148 2998 2199 ἐκεῖ
3049 2145 3474 2217 προεδρεύοντες
3527 2144 3720 2214 ἤροντο
3749 2144 3881 2212 μήτι

660 2258 769 2295 non
803 2241 1084 2300 confessus
1118 2244 1172 2296 in
1208 2243 1401 2297 intimo
1447 2244 1730 2298 conditum
1767 2243 1993 2297 haberet
2052 2251 2232 2312 pecto-

2341 2241 2450 2292 τῶν
2488 2239 2636 2308 αὑτῷ
2662 2238 3168 2309 πλημμεληθέντων
3214 2236 3642 2306 ἀνεξαγόρευτον
3669 2235 3722 2288 ἐν
3746 2234 3884 2287 θαλά-

662 2351 740 2397 re,
780 2335 1012 2404 ideoque
1044 2336 1167 2403 ejus
1200 2351 1387 2390 curam
1417 2350 1617 2404 gerens
1643 2336 1788 2389 Deus
1820 2351 1929 2388 non
1959 2343 2232 2403 pateretur

2343 2345 2466 2397 μοις
2500 2328 2734 2397 κρύπτει
2789 2329 3042 2398 καρδίας,
3106 2327 3320 2381 κᾶπειτ’
3367 2327 3535 2381 αὐτοῦ
3570 2325 3881 2395 κηδόμενοςό

659 2438 786 2475 eum
842 2435 1127 2477 mortuum
1178 2434 1387 2478 aeterno
1444 2426 1582 2477 tradi
1637 2425 1767 2494 igni.
1801 2422 1900 2477 Hic
1944 2434 2232 2492 postquam

2341 2416 2470 2480 θεὸς
2494 2416 2594 2470 οὐκ
2625 2417 2687 2487 ἐᾷ
2719 2415 2798 2487 τῷ
2819 2418 3022 2487 αίωνίῳ
3056 2417 3284 2469 θανόντα
3315 2418 3539 2486 δοθῆναι
3577 2418 3724 2488 πυρί.
3755 2419 3810 2469 ’0
3837 2415 3882 2468 δὲ

663 2515 958 2578 intellexit,
991 2515 1225 2570 sublatis
1287 2516 1572 2586 paululum
1628 2516 1826 2581 oculis,
1884 2515 2232 2570 vehementer

2343 2510 2524 2572 συνεὶς
2565 2511 2660 2561 καί
2705 2509 2905 2579 μικρὸν
2957 2509 3150 2578 διάρας
3203 2513 3328 2573 τοὺς
3379 2509 3694 2578 ὀφθαλμοὺς
3730 2510 3881 2579 βύθιον

657 2601 906 2671 ejulavit,
941 2612 998 2657 et
1021 2603 1109 2656 vix
1140 2619 1365 2659 movens
1397 2604 1637 2673 linguam
1667 2607 1780 2660 haec
1814 2606 1986 2659 dixit:
2022 2623 2039 2655 ι
2072 2604 2232 2660 Scitis

2341 2598 2605 2669 ἀνῴμωξε
2627 2641 2642 2663 ,
2679 2600 2774 2654 καὶ
2826 2600 2980 2670 μόλις
3016 2601 3249 2671 κινήσας
3280 2600 3377 2670 τὴν
3431 2600 3681 2668 γλῶτταν
3733 2599 3882 2652 τοιάεε

659 2701 787 2746 ante
841 2692 942 2747 hos
993 2693 1285 2748 duodecim
1331 2710 1507 2750 annos
1541 2695 1784 2749 habitam
1825 2697 1915 2750 hic
1965 2697 2232 2766 synodum

2341 2691 2405 2764 [_f.
2436 2692 2541 2747 150
2572 2690 2646 2764 ικ]
2674 2693 2838 2760 φησίν
2864 2709 2876 2723 ·
2914 2709 2933 2743 ι
2972 2694 3115 2746 Ἴστε
3142 2693 3240 2762 τὴν
3283 2693 3390 2762 πρὸ
3418 2692 3740 2746 δυοκαίδεκα
3773 2692 3882 2744 ἐτῶν

671 2783 918 2838 virorum
949 2785 1002 2838 in
1034 2785 1138 2840 hoc
1165 2797 1351 2857 monte
1381 2789 1858 2842 commorantium.
1890 2787 2028 2843 Tum
2065 2788 2232 2858 igitur

2341 2785 2592 2838 ἐνταυθοῖ
2649 2785 2948 2856 γενομένην
3013 2785 3234 2839 σύνοδον
3291 2785 3401 2838 τῶν
3440 2786 3498 2839 ὲν
3539 2783 3621 2855 τῷ
3650 2784 3757 2855 ὄρει
3776 2782 3883 2849 τῷδε

667 2875 720 2928 in
752 2876 1122 2944 suspicionem
1168 2890 1362 2932 vocato
1391 2880 1558 2932 etiam
1608 2879 1837 2954 ﬁcorpio
1870 2879 2232 2948 interrogatus

2341 2877 2574 2946 ἀνδρῶν.
2610 2877 2741 2929 Τότε
2797 2879 2977 2930 τοίνυν
3011 2875 3438 2940 ὑποπτευθέντος
3477 2879 3577 2930 καὶ
3595 2876 3688 2930 τοῦ
3741 2877 3883 2943 Exop-

593 2950 598 2954 ’
660 2980 783 3033 ego,
837 2983 965 3020 num
1019 2967 1220 3022 scirem
1274 2984 1402 3022 eum
1462 2969 1670 3022 socimn
1725 2969 1893 3024 fuisse
1951 2974 2232 3040 captorum

2341 2966 2489 3033 πίου,
2519 2967 2812 3037 ἐρωτηθεὶς
2841 2967 2952 3035 ἐγὼ
2982 2970 3028 3021 εί
3079 2967 3296 3022 σύνοιδα
3326 2968 3474 3038 αὐτῷ
3500 2967 3745 3036 κοινωνῷ
3759 2983 3883 3032 γενο-

669 3061 810 3109 hunc
859 3058 1302 3112 Massalianorum
1342 3071 1398 3114 et
1450 3060 1879 3130 Bogomilorum,
1920 3062 2113 3132 negavi
2151 3076 2232 3116 me

2349 3057 2494 3125 μένῳ
2525 3059 2638 3116 τοῖς
2668 3057 2974 3125 τηνικαῦτα
2995 3058 3183 3112 ἁλοῦσι
3234 3059 3608 3122 Μασαλιανοῖς
3633 3059 3723 3112 καὶ
3751 3059 3883 3125 Βογο-

664 3151 806 3202 scire
835 3150 1086 3216 quamvis
1109 3152 1444 3222 exploratam
1473 3168 1584 3206 rem
1617 3153 1862 3220 habens;
1883 3152 2232 3226 261jusju-

2346 3148 2523 3216 μίλοις
2557 3150 3050 3220 ἐνταῦθα,ἐξαρνος
3078 3151 3342 3221 ἐγενόμην
3363 3151 3569 3220 καίπερ
3585 3151 3737 3212 εἰδὼς
3764 3153 3886 3218 ἀκρι-

666 3244 897 3294 randum
929 3242 1112 3296 addidi
1143 3259 1276 3298 meae
1307 3244 1662 3300 declarationi
1688 3255 2049 3316 etseparatus
2072 3248 2232 3304 malui

2343 3241 2475 3304 σῶς.
2507 3243 2711 3313 Ὅρκον
2741 3261 2798 3296 τε
2820 3243 3069 3314 ἐπέθηκα
3105 3247 3171 3313 τῇ
3221 3242 3618 3315 ἀπαγορεύσει,
3655 3245 3744 3296 καὶ
3763 3243 3885 3310 ἀφω-

661 3347 783 3386 esse
817 3349 846 3385 a
878 3332 1100 3388 Christo
1134 3345 1357 3404 prOpter
1382 3337 1532 3389 illius
1560 3336 1860 3391 amicitiam
1895 3339 2232 3395 miserrimus

2341 3335 2600 3406 ρισμένος
2631 3335 2898 3408 ἐδεξάμην
2931 3332 3072 3390 εἶναι
3111 3336 3220 3390 ἀπὸ
3258 3335 3496 3407 Χριστοῦ
3526 3337 3622 3389 διὰ
3645 3335 3740 3406 τὴν
3775 3333 3886 3385 ἐκεῖ·

664 3439 842 3492 neque
901 3440 1118 3492 pinnam
1171 3426 1371 3480 timens
1435 3427 1714 3494 divinam,
1765 3443 1945 3497 neque
1992 3432 2232 3485 virorum

2343 3445 2434 3478 νου
2478 3429 2662 3495 φιλίαν
2691 3431 2717 3480 ὁ
2765 3430 3106 3498 τρισάθλιος,
3176 3430 3314 3500 μήτε
3371 3429 3710 3500 κολαστήρια
3737 3428 3884 3486 δείσας

665 3517 1016 3594 οοτάεῑοιιιιιι
1053 3517 1465 3573 adhortationes
1491 3535 1746 3574 verens.)
1779 3519 2052 3591 Incipiens
2077 3523 2232 3593 igitur

2343 3521 2499 3586 Θεοῦ,
2537 3521 2662 3592 μήτ’
2694 3521 2902 3584 ἀνδρῶν
2938 3522 3325 3594 πνευματικῶν
3376 3521 3725 3592 παραινέσεις
3774 3519 3887 3571 αίδε·

663 3610 945 3663 enarravit
976 3608 1419 3664 Massalianorum
1456 3611 1620 3665 simul
1648 3612 1703 3666 in
1734 3611 1829 3665 illo
1853 3622 2000 3666 coetu
2028 3623 2232 3683 patrata

2345 3611 2507 3674 σθείς.
2539 3587 2567 3662 ⁷»
2602 3587 2947 3681 Ἆρεάμενος
2980 3587 3342 3682 οὖν’διεξῆλθε
3380 3587 3479 3675 τάξ
3505 3611 3648 3680 ὁμοῦ
3673 3611 3745 3682 τῷ
3792 3608 3885 3661 θιά-

664 3702 883 3769 impura
931 3711 988 3756 et
1044 3702 1366 3758 detestanda
1418 3702 1685 3768 facinora,
1740 3703 1808 3758 ad
1853 3721 1975 3774 qua:
2031 3707 2232 3777 integre

2344 3718 2421 3772 σῳ
2449 3704 2557 3754 τῶν
2587 3702 2956 3757 Μασαλιανῶν
2996 3704 3393 3774 πεπραγμένας
3424 3703 3690 3774 βεϐήλους
3727 3701 3888 3768 ἐκείνῳ

668 3792 936 3846 narranda
975 3809 1083 3847 non
1118 3794 1251 3849 satis
1295 3795 1426 3849 mihi
1470 3805 1764 3866 suppetere
1796 3797 2060 3866 temporis
2089 3797 2232 3853 vide-

2344 3796 2438 3849 καὶ
2468 3796 2720 3867 μυσαρὰς
2744 3798 3027 3868 ἐργασίας,
3059 3797 3125 3862 ἃς
3153 3798 3302 3866 ὤραν
3331 3797 3473 3868 ἔχειν
3504 3799 3709 3868 ἥκιστὰ
3724 3795 3888 3868 μοιδο-

667 3893 773 3943 tur,
811 3885 972 3937 aliam
1028 3886 1081 3939 in
1119 3895 1325 3955 partem
1362 3903 1446 3941 me
1483 3887 1784 3943 admodum
1830 3890 2082 3943 trahente
2113 3889 2232 3944 reli-

2344 3891 2427 3942 κεῖ
2456 3889 2577 3941 καθ’
2611 3889 2822 3942 ἕκαστα
2849 3889 3028 3958 λέγειν
3055 3890 3260 3960 ἀρτίως
3316 3891 3438 3959 ἐμὲ,
3482 3890 3587 3960 τῆς
3612 3892 3717 3943 τῶν
3741 3888 3889 3943 ἄλλων

662 3987 896 4039 quarum
923 3989 1104 4028 rerum
1134 3975 1384 4030 historia.
1403 3975 1559 4033 Licet
1579 3978 1726 4031 enim
1753 3979 1935 4032 omnia
1963 3977 2232 4048 sigillatim

2343 3979 2711 4050 ἁνθελκούσης
2747 3997 2815 4050 με
2876 3979 3176 4050 βιαιότερον
3230 3981 3492 4051 ἱστορίας.
3560 3979 3887 4046 Ἐξεστιγὰρ

661 4063 921 4131 colligere
967 4073 1024 4119 et
1076 4075 1314 4120 mentem
1352 4077 1408 4120 et
1444 4069 1739 4122 consilium
1776 4078 1833 4122 et
1873 4069 2148 4124 actionem
2185 4079 2232 4126 el

2343 4072 2523 4124 πάντα
2547 4070 2670 4122 καθ’
2697 4071 2932 4124 ἕκαστον
2958 4071 3348 4137 ἀναλέξασθαι,
3397 4073 3490 4126 καὶ
3517 4074 3643 4126 νοῦν
3676 4074 3762 4126 καὶ
3785 4088 3888 4124 σκοο

663 4157 972 4210 orationem
1004 4165 1060 4210 et
1091 4158 1212 4210 mali
1251 4159 1361 4211 vim
1390 4169 1445 4214 et
1479 4160 1571 4214 Dei
1604 4159 2080 4230 longanimitatem
2110 4171 2166 4218 et
2193 4163 2232 4218 si

2343 4163 2446 4215 πὸν
2483 4162 2575 4214 καὶ⁹
2606 4161 2809 4233 πρᾶξιν
2852 4164 2948 4215 καὶ
2992 4163 3150 4232 λόγον
3204 4166 3298 4218 καὶ
3334 4167 3532 4227 κακίας
3558 4165 3782 4232 δύναμιν
3809 4160 3887 4214 καὶ

663 4244 794 4311 quid
838 4244 964 4308 tale,
993 4245 1040 4299 si
1075 4246 1198 4314 quis
1232 4246 1383 4300 adire
1416 4247 1548 4300 velit
1576 4262 1726 4310 cum,
1759 4249 1852 4316 qui
1887 4250 2040 4317 prius
2073 4249 2232 4305 inter-

2343 4253 2478 4309 Θεοῦ
2521 4255 2912 4327 μακροθυμίαν
2934 4258 3029 4308 καὶ
3061 4255 3116 4309 εῐ
3135 4273 3187 4308 τι
3215 4256 3478 4320 τοιοῦτον,
3514 4257 3566 4310 εἴ
3599 4274 3684 4319 τις
3706 4253 3887 4308 ἐπιέναι

664 4334 768 4387 I‘nit
791 4334 1058 4403 juvenum
1096 4335 1548 4390 Massalianorum
1583 4337 1800 4390 illorum
1833 4347 1889 4392 et
1932 4340 2232 4410 Bogomilo-

2345 4345 2589 4414 βούλοιτο
2621 4347 2711 4400 τόν
2739 4364 2798 4398 τε
2827 4347 3115 4418 γενόμενον
3141 4348 3406 4418 πρότερον
3434 4350 3524 4401 ἐπὶ
3549 4352 3615 4419 τῇ
3647 4348 3748 4401 τῶν
3775 4345 3886 4398 νέων

671 4441 788 4478 rum
813 4427 1238 4495 deprehensioni
1269 4429 1562 4483 manifesto
1586 4431 1740 4501 signo
1765 4443 2151 4503 coargutorum
2184 4436 2232 4489 in

2345 4426 2716 4490 Μα¹σαλιανῶν
2736 4437 2959 4491 ἐκείνων
2996 4438 3090 4490 καὶ
3122 4438 3433 4508 Βογομίλων
3469 4441 3681 4511 εὑρέσει
3705 4455 3888 4509 προφα-

667 4516 853 4568 ιιὶνίιιο
886 4525 1092 4580 monte,
1129 4533 1365 4586 quorum
1399 4521 1489 4573 alii
1519 4523 1768 4592 castigati
1795 4535 1946 4589 sunt,
1979 4525 2070 4580 alii
2109 4527 2232 4581 inde

2344 4531 2451 4593 νὼς
2479 4529 2839 4600 ἐλεγχθέντων
2871 4531 2962 4583 ἐπὶ
2996 4529 3091 4583 τοῦ
3147 4530 3290 4584 θείου
3325 4531 3486 4602 ὅρους
3541 4534 3763 4586 καὶτῶν
3806 4531 3887 4598 μὲν

662 4608 898 4677 expulsi,
930 4618 986 4661 et
1019 4610 1180 4663 simul
1232 4613 1536 4666 secundum
1566 4613 1712 4669 hunc
1745 4616 1882 4670 vidit
1911 4617 1966 4671 in
2004 4633 2232 4686 coargu-

2347 4617 2738 4688 κολασθέντων,
2763 4618 2872 4670 τῶν
2919 4617 2963 4670 δ’
3012 4619 3359 4686 ἐξωσθέντων
3394 4623 3620 4686 ἐκεῖθεν,
3663 4625 3753 4675 καὶ
3789 4621 3887 4689 ἅμα

665 4702 815 4754 tione
850 4699 1082 4767 Scorpii,
1117 4711 1314 4774 pneter
1359 4720 1544 4758 rerum
1584 4709 2040 4763 consuetudinem
2072 4711 2232 4763 mira-

2342 4713 2436 4764 τὸν
2466 4711 2714 4780 δεύτερον
2745 4710 2933 4764 τοῦτον
2964 4711 3028 4781 δὴ
3053 4715 3144 4764 τὸν
3168 4714 3261 4765 ἐπὶ
3282 4713 3359 4782 τῷ
3389 4715 3605 4785 ἐλεγμῷ
3627 4714 3718 4767 τοῦ
3743 4714 3889 4778 Σκορο

662 4791 786 4845 cula
835 4803 1088 4860 patranle
1135 4795 1249 4847 Deo
1282 4795 1347 4848 ad
1388 4797 1547 4864 primi
1583 4797 1731 4867 illius
1766 4800 2008 4854 hominis
2037 4801 2232 4854 conﬁr-

2344 4803 2470 4854 πίου
2508 4803 2858 4874 παραδόξεως
2910 4804 3292 4875 ἐπισυμϐόιντα
3327 4805 3888 4878 θαυματουργήσαντος

2409 1321 2556 1391 κεῖ.
2588 1325 2838 1394 Μοναχὸς
2896 1324 3004 1391 γάρ
3033 1340 3117 1386 τις
3150 1322 3259 1374 τῶν
3313 1320 3389 1388 τῷ
3437 1319 3688 1388 Σκορπίῳ
3728 1318 3869 1385 τούτῳ

2341 1417 2820 1486 ὑπηρετουμένων,
2849 1415 3150 1482 τοῦπίκλην
3182 1413 3496 1483 Βαρδὰριος,
3525 1410 3746 1463 θανάτου
3785 1410 3872 1476 γείο

2336 1525 2454 1560 τονι
2485 1508 2716 1575 κάτοχος
2762 1505 2864 1574 ἥδη
2904 1504 3044 1572 νόσῳ
3093 1503 3406 1568 γενόμενος,
3471 1500 3648 1552 έκειτο
3684 1497 3870 1566 κάμνων

665 4881 984 4933 motionem.
1017 4882 1336 4950 Expositum
1384 4893 1467 4938 est
1499 4886 1645 4940 enim
1679 4889 1744 4940 de
1779 4899 2011 4959 utroque
2042 4891 2094 4944 in
2130 4890 2235 4948 line

666 4973 949 5038 praisentis
1000 4971 1161 5042 hujus
1209 4973 1355 5037 libri,
1407 4976 1705 5030 Romanam
1743 4979 2024 5033 historiam
2079 4996 2238 5033 enar-

667 5063 858 5115 rantis.
891 5063 1005 5115 Non
1039 5065 1184 5117 enim
1225 5067 1594 5134 judicavimus
1629 5086 1766 5136 opus
1798 5088 1942 5133 esse,
1975 5072 2025 5124 in
2071 5073 2232 5125 aliam

667 5151 786 5204 illos
821 5154 1113 5208 transferre
1139 5158 1510 5212 narrationem
1545 5177 1560 5212 :
1597 5161 1690 5214 sed
1726 5177 1824 5228 par
1856 5171 1993 5228 erat,
2021 5178 2140 5217 esse
2177 5165 2232 5217 in

664 5246 1008 5299 orationibus
1031 5249 1196 5301 etiam
1233 5248 1347 5303 inec
1384 5252 1626 5304 membra
1657 5261 1712 5305 et
1748 5253 1953 5318 incisa;
1986 5265 2038 5307 et
2072 5265 2232 5308 natu-

667 5352 778 5388 l':lllt
829 5341 1224 5393 sententiarum
1279 5342 1702 5408 immutabilem,
1747 5356 1806 5398 ut
1841 5361 1899 5399 se
1934 5347 2230 5413 habebant,

663 5429 790 5482 inde
829 5433 1032 5499 egressi
1089 5435 1502 5502 descripsimus,
1553 5451 1620 5489 ne
1681 5437 2230 5507 interrumperemnr.

664 5521 762 5574 nisi
800 5521 959 5590 262
992 5524 1137 5590 quod
1185 5541 1349 5577 unum
1400 5535 1606 5579 tantum
1659 5528 2078 5596 significandum
2127 5532 2232 5585 fuit

662 5615 782 5678 hoc,
826 5617 927 5668 sub
969 5617 1200 5671 testibus
1239 5618 1344 5671 illis
1378 5619 1723 5674 confessione
1761 5622 1874 5676 haec
1916 5623 2075 5688 facta,
2106 5641 2232 5680 mox

660 5708 940 5762 exhalasse
990 5710 1227 5762 animam
1280 5710 1452 5772 illum,
1500 5720 1558 5764 ut
1605 5713 1766 5767 etiam
1817 5715 2136 5785 suffragium
2176 5721 2230 5773 in

2343 4893 2433 4945 τοῦ
2459 4893 2593 4948 Θεοῦ
2629 4895 2765 4964 πρὸς
2789 4893 2887 4965 τὴν
2912 4893 3005 4947 τοῦ
3030 4895 3248 4964 πρώτου
3275 4895 3584 4965 βεϐαίωσιν.
3619 4899 3887 4952 Ἐκτέθειν-

2341 4999 2430 5036 ται
2459 4986 2567 5054 γὰρ
2596 4986 2891 5055 ἀμφότεροι
2918 4988 2975 5038 ἐν
2996 4987 3075 5055 τῷ
3113 4989 3250 5042 τέλει
3272 4990 3370 5059 τῆς
3409 4991 3686 5060 παρούσης
3712 4987 3886 5060 ἡμετέ-

2345 5101 2442 5152 ρας
2475 5082 2682 5151 βίϐλου,
2711 5085 2774 5153 ﬁ
2827 5086 2926 5153 τὴν
2972 5087 3287 5157 Ῥωμαϊκὴν
3339 5089 3588 5154 διέξεισιν
3630 5089 3883 5156 ἱστορίανο

2342 5175 2402 5226 οὐ
2429 5176 2535 5244 γὰρ
2563 5177 2860 5245 ἐκρίναμεν
2887 5176 3002 5229 δέον
3017 5179 3096 5240 είς
3127 5179 3319 5247 ἐτέραν
3347 5181 3583 5242 ἐκείνους
3618 5177 3887 5250 μεταποιῆ-

2345 5281 2433 5317 σαι
2471 5267 2691 5333 φρὰσιν,
2722 5265 2834 5317 ἀλλ’
2880 5262 3022 5320 εἶναι
3070 5269 3213 5322 κατὰ
3257 5271 3355 5331 τὰς
3388 5271 3560 5336 λέξεις
3605 5273 3696 5324 καὶ
3727 5271 3789 5322 τά
3833 5282 3884 5331 γε

2343 5357 2489 5408 κῶλα
2510 5361 2604 5410 καὶ
2632 5358 2893 5428 κόμματα
2926 5363 3018 5412 καὶ
3044 5361 3114 5413 τὰ
3164 5361 3271 5432 ἦθη
3301 5364 3407 5414 τῶν
3456 5366 3671 5417 ἐννοιῶν
3703 5365 3886 5431 ἀμευ-

2342 5452 2619 5519 ποιήτους,
2646 5453 2720 5514 ώς
2744 5453 2899 5523 ἔσχον
2931 5454 3138 5508 ἐκεῖθεν
3169 5456 3504 5525 ἐληλυθότες,
3536 5458 3627 5512 τοῦ
3657 5456 3887 5523 ἀδιαδλή-

2339 5559 2434 5594 του
2469 5545 2652 5617 χάριν.
2689 5546 2834 5616 Πλὴν
2859 5547 2918 5600 ἐν
2951 5547 3109 5617 μόνον
3139 5550 3473 5618 σημειωτέον
3501 5553 3666 5615 τουτὶ,
3696 5552 3766 5612 ὡς
3797 5549 3885 5600 ὑπὸ

2344 5633 2614 5704 μάρτυσιν
2639 5637 2868 5702 ἐκείνοις
2889 5639 2987 5706 τὴν
3017 5640 3371 5710 ἐξαγόρευσιν
3398 5643 3753 5712 ποιησάμενος
3779 5658 3886 5694 sau-

2339 5727 2460 5797 τηνὶ
2488 5730 2602 5797 μετ’
2629 5729 2808 5798 ὀλίγον
2823 5730 3241 5798 ἐξέπνευσεν,ώς
3261 5735 3356 5789 καὶ
3376 5734 3554 5804 ψῆφον
3571 5734 3886 5806 ἐξενηνέχθαι
