4046 6290
255 285 340 345 229
1255 268 1692 332 ΒΥΖΑΝΤΖΝᾸΞ
1732 257 1801 327 Hi

1902 265 2111 324 'OthE
2153 262 2294 324 LIB.
2347 262 2559 322 XXIX.

3367 271 3478 335 230

254 400 370 455 τέως
394 389 472 456 οἷς
506 396 620 448 ἐκεῖ
666 392 1049 461 συνετωτέροις
1111 388 1251 444 εἶναι
1300 390 1586 459 τετύχηκε,
1633 389 1708 460 μὴ
1732 387 1798 441 δι’

1903 387 2080 441 lucem
2118 396 2232 440 tum
2263 387 2335 440 sit
2362 386 2429 439 iis
2456 393 2816 455 protractum,
2850 387 3050 456 quibus
3083 387 3478 459 intelligentia-

255 486 364 539 ἄλλο
398 499 449 535 τι
474 483 574 544 τὰς
611 481 790 550 βιαίας
817 481 948 548 γοῦν
995 479 1194 541 ταύτας
1228 480 1325 531 καὶ
1361 480 1676 540 τελευταίας
1705 495 1804 530 τα-

263 574 529 646 μιευθῆναι
575 573 882 642 τάνθρώπῳ
938 570 1107 632 πνοὰς
1155 572 1289 641 πρὸς
1339 570 1473 622 Θεοῦ
1501 570 1533 640 ἢ
1566 570 1652 622 διὰ
1705 569 1806 636 τὴν

259 666 352 720 τῶν
383 663 656 735 ῥηθέντων
681 663 1054 731 ὲξαγόρευσιν.
1089 664 1276 730 Ὅμως
1306 663 1491 724 ἐπειδὴ
1516 663 1610 712 καὶ
1637 664 1662 713 ὁ
1685 661 1804 712 δεύ-

258 771 391 822 τερος
410 746 564 815 οὗτος
593 755 788 805 νεωστὶ
817 753 1100 822 γενόμενος
1125 753 1292 820 τόμος
1323 752 1597 821 ἐληλυθὼς
1629 754 1691 804 ὲκ
1713 753 1804 804 τοῦ

258 846 395 915 ὅρους
425 844 504 907 είς
553 846 790 912 ἐπήκοον
841 843 1124 913 Καλλίστῳ
1155 859 1212 894 τε
1251 841 1565 911 ἀνεγνώσθη
1596 841 1674 911 τῷ
1702 859 1802 893 πα-

257 936 471 1006 τριάρχῃ
515 937 604 988 καὶ
635 939 744 996 τοῖς
772 935 909 1005 ἀμφ’
938 935 1100 990 αὐτὸν
1133 935 1477 998 ἐπισκόποις,
1528 937 1606 992 εἰς
1637 936 1805 1004 ὀργὴν

261 1023 394 1085 αὖθις
421 1027 609 1094 ἧτειρε
638 1026 729 1079 τὸν
750 1028 1097 1097 πατριάρχην
1115 1029 1206 1078 καὶ
1234 1026 1516 1096 ἄπρακτος
1553 1028 1804 1096 ἀπεπέμ-

259 1117 369 1186 φθη,
391 1117 501 1168 τῶν
550 1118 690 1185 ἀμφ’
739 1118 1250 1172 αὺτὸν-ἐπισκόπων
1279 1119 1432 1171 οὐδὲν
1479 1120 1801 1188 εἰρηκότων,

256 1209 374 1262 ἀλλὰ
404 1208 466 1280 μ’.
496 1210 598 1262 150
629 1208 706 1281 υ.]
734 1212 939 1278 κωφοῖς
990 1211 1248 1264 ἐοικότων
1275 1211 1307 1280 ἢ
1340 1211 1509 1274 λίθοις
1540 1212 1804 1284 ἀναισθή-

254 1319 372 1366 τοις,
402 1303 574 1355 εἰπεῖν
621 1303 982 1372 οἰκειότερον⁹
1015 1302 1160 1356 οὕτω
1217 1304 1662 1375 βοσκηματώδεις
1696 1307 1802 1358 εἰσι

255 1392 336 1443 καὶ
363 1393 548 1444 παισὶν
584 1393 845 1462 ἀθύρουσι
877 1394 1306 1466 λίανὲπίχαρτοι
1333 1397 1720 1465 προσηκόντως
1751 1400 1802 1450 οἱ

253 1481 336 1534 νῦν
369 1481 475 1535 τῶν
511 1484 668 1554 ιερῶν
708 1485 1006 1554 καθήμενοι
1057 1486 1344 1555 δογμάτων
1383 1487 1590 1556 κριταί.
1638 1487 1802 1540 Ἀλλὰ

249 1576 435 1626 τούτων
485 1574 583 1644 μὲν
630 1575 749 1638 an;
805 1578 1083 1647 είρήσεται
1135 1578 1193 1631 δὲ
1230 1579 1371 1634 κατὰ
1408 1580 1592 1649 χώραν
1626 1580 1798 1634 ίοῦσιν

248 1665 336 1717 ὅσα
361 1667 762 1738 ἐπηκολούθησε
810 1670 982 1739 σφίσι.
1030 1669 1145 1725 Νῦν
1178 1671 1221 1724 δ’
1254 1675 1429 1726 ἐκεῖνο
1456 1673 1801 1742 ἐπαναλήψο-

251 1773 358 1825 μαι.

307 1931 425 1990 ΚΖ’.
471 1935 723 2003 Ἀφίκετό
753 1955 839 1998 τις
889 1938 956 1992 ὲκ
1005 1939 1254 1992 Λατίνων
1296 1939 1597 2004 ἐπίσκοπος
1643 1943 1798 2013 παρὰ

245 2026 474 2095 βασιλέα,
524 2029 776 2100 Ἰωάννην
839 2032 985 2101 φημὶ
1027 2033 1120 2085 τὸν
1178 2032 1564 2101 Παλαιολόγον,
1615 2035 1799 2101 φιλίας

243 2119 390 2173 ἕνεκα
413 2122 898 2193 προϋπαρχούσης,
938 2125 1130 2190 σοφίας
1181 2124 1443 2195 ἔμπειρος
1477 2125 1650 2194 ὁπόση
1706 2128 1800 2178 καὶ

239 2210 318 2264 οἶα
336 2211 428 2281 τὴν
453 2213 566 2264 τῶν
607 2215 858 2268 Λατίνων
887 2217 1185 2271 οἰκειοῦται
1222 2219 1420 2288 σχολὴν
1451 2221 1510 2272 ὲν
1533 2220 1796 2288 δογματι-

241 2305 353 2365 καῖς
375 2304 482 2356 τῶν
514 2305 676 2358 θείων
711 2310 1058 2378 γραμμάτων
1111 2309 1436 2378 διατριϐαῖς,
1477 2309 1724 2377 Ἔφασκε
1753 2310 1798 2363 δ’

241 2398 295 2448 ἐν
321 2399 434 2460 ταῖς
464 2400 594 2451 καθ’
614 2400 827 2468 ἡμέραν
874 2401 1114 2470 ὁμιλίαις
1143 2401 1222 2470 τῷ
1249 2419 1309 2453 τε
1351 2401 1558 2470 βασιλεῖ
1599 2403 1693 2454 καὶ
1716 2398 1801 2465 οἷς

239 2486 557 2556 ἐνετύγχανε
589 2488 914 2558 σοφωτέροις
946 2488 1054 2559 ἰδίᾳ
1086 2490 1179 2540 καὶ
1199 2489 1460 2556 δημοσία,
1480 2487 1649 2544 πολύν
1676 2504 1798 2539 τινα

237 2579 466 2646 γίνεσθαι
521 2580 682 2648 λόγον
731 2582 880 2651 παρὰ
926 2581 1179 2642 Λατίνοις
1225 2581 1352 2648 περὶ
1396 2579 1496 2647 τῆς
1526 2578 1798 2649 βασιλίδος

236 2672 426 2740 ταύτης
457 2673 574 2726 τῶν
602 2672 807 2726 πόλεων
827 2672 923 2726 καὶ
958 2673 1072 2726 ὅσοι
1095 2673 1203 2724 τῶν
1225 2670 1524 2740 οἰκητόρων
1555 2668 1799 2731 παιδείας

235 2761 655 2824 ἀντιποιοῦνται,
687 2761 755 2815 τά
780 2776 838 2814 τε
874 2758 1011 2817 ἄλλα
1047 2760 1142 2812 καὶ
1167 2760 1311 2818 ὅπως
1357 2757 1564 2813 ἄνωθεν
1587 2758 1674 2811 ἀεὶ
1700 2759 1799 2826 ῥᾳ-

233 2850 346 2914 δίως
380 2851 762 2916 ἐξαπατᾶσθαι
795 2851 1059 2906 εἰώθεσαν
1110 2853 1205 2907 καὶ
1237 2849 1416 2905 ἄλλοτ’
1441 2849 1632 2910 ἄλλαις
1652 2847 1800 2918 αἱρέ-

235 2960 338 2998 σεσι
396 2949 491 3000 καὶ
541 2945 834 3012 δογμάτων
883 2947 1256 3010 καινοτομίαις
1318 2940 1798 3010 ἑκκλησιαστικῶν

234 3036 561 3101 ὑπείκουσιν,
590 3036 665 3100 ὡς
693 3036 868 3104 φύλλα
897 3037 1127 3105 δένδρων
1155 3035 1375 3103 ἀνέμοις
1405 3030 1796 3104 μεταρῤιπιζό-

238 3147 360 3196 μενα
408 3132 573 3183 πᾶσι.
643 3149 663 3181 ι
698 3130 808 3183 Καὶ
841 3129 934 3182 νῦν
963 3129 1009 3181 δ’
1035 3129 1134 3196 οὐχ
1177 3122 1340 3198 ἦττον
1383 3124 1650 3192 Παλαμᾶν
1679 3139 1801 3176 τινα

234 3222 390 3290 ὄνομα
437 3221 637 3283 νόθους
686 3219 1051 3288 καινοφωνίας
1089 3221 1406 3286 εἰσαγαγεῖν
1468 3215 1802 3285 ἠκηκόειμεν

233 3314 358 3368 κατὰ
372 3313 480 3369 τῶν
512 3313 680 3367 θείων
707 3312 1011 3381 δογμάτων.
1040 3308 1192 3365 Εἶναι
1219 3312 1266 3363 δ’
1287 3310 1348 3365 οὐ
1384 3309 1542 3378 μόνον
1569 3306 1802 3378 αἰσχρὰς

228 3409 317 3469 τὰς
337 3408 600 3468 τοιαύτας
629 3407 1013 3472 καινοφωνίας,
1046 3403 1180 3458 ἀλλὰ
1234 3405 1328 3456 καὶ
1361 3401 1656 3466 πολυειδεῖς
1708 3400 1803 3456 καὶ

231 3497 401 3568 μωρίᾳ
428 3496 890 3566 συγκεκραμένας
920 3495 1206 3550 πολυειδεῖ.
1251 3494 1341 3560 Ὠς
1381 3489 1542 3561 εἶναι,
1576 3490 1654 3553 οἷς
1677 3491 1801 3545 τού-

225 3604 294 3657 τῳ
324 3588 686 3645 συνίστασθαι
732 3587 1090 3658 περιγίνεται,
1151 3589 1381 3656 μακροῖς
1428 3603 1540 3638 τισι
1579 3586 1797 3655 μέτροις

226 3682 606 3748 κατεγνῶσθαι
643 3681 840 3750 μᾶλλον
870 3680 903 3750 ἢ
932 3680 1202 3748 Σαὸελλίῳ
1245 3696 1301 3732 τε
1334 3681 1427 3732 καὶ
1479 3678 1673 3746 Ἀρείῳ
1705 3679 1798 3732 καὶ

225 3772 327 3825 ὅσοι
356 3775 479 3843 κατ’
513 3772 783 3840 Εὐνόμιον
812 3774 905 3826 καὶ
932 3770 1226 3841 Νεστόριον
1258 3772 1352 3824 καὶ¹
1390 3770 1800 3837 Ἀπολλινάριον

224 3858 322 3917 εῑεν
348 3863 810 3936 συνηγοροῦντες.
831 3863 1107 3933 Σύμφωνα
1135 3864 1234 3931 μὲν
1259 3864 1368 3930 γὰρ
1396 3862 1692 3925 κάκείνοις,
1723 3860 1800 3922 ὡς

224 3956 505 4024 ἔγνωσται,
543 3955 869 4026 φθέγγεται,
901 3956 1180 4025 διαφόροις
1214 3954 1258 4008 δ’
1281 3955 1373 4007 οὖν
1398 3956 1492 4008 καὶ
1521 3953 1800 4008 ἀτοπωτέ-

227 4039 329 4117 ροις
385 4051 727 4117 ὑπερϐολαῖς
769 4049 1237 4120 παραλλάττοντα.
1274 4048 1384 4100 Καὶ
1432 4048 1492 4099 τό
1523 4064 1583 4115 γε
1619 4064 1801 4117 παρα-

226 4141 566 4208 λογώτατονο
627 4143 737 4210 ὅπη
789 4141 978 4193 τοῦτον
1036 4141 1273 4209 μάλιστα
1309 4141 1526 4192 πάντων
1575 4139 1800 4190 ἐκείνων

225 4237 380 4305 ἐχρῆν
397 4233 792 4305 αἰσχύνεσθαι,
824 4227 899 4286 ὧν
929 4235 1046 4295 ταῖς
1071 4230 1400 4298 ὑπερϐολαῖς
1429 4228 1536 4281 τῶν
1561 4229 1803 4298 βλασφη-

231 4329 361 4396 μιῶν
414 4329 752 4399 ὑπερέσχεν,
795 4330 823 4379 ὁ
868 4327 924 4378 δὲ
962 4327 1056 4378 καὶ
1092 4325 1228 4393 πρὸς
1261 4325 1548 4376 δικαίωσιν
1604 4321 1800 4374 ἑαυτοῦ

1911 476 2064 529 ribus
2093 491 2213 530 esse
2243 477 2491 544 contigit,
2519 491 2586 527 ne
2617 486 2840 544 propter
2867 476 3016 530 aliud
3046 478 3178 546 quid
3210 479 3478 536 violentos

1911 567 2008 618 bos
2038 577 2095 621 et
2126 567 2348 620 ultimos
2380 567 2561 635 parari
2611 567 2817 621 homini
2861 570 3087 638 Spiritus
3123 572 3414 627 credamus
3446 588 3478 627 α

1911 659 2040 722 Deo,
2091 674 2253 728 quam
2294 668 2352 711 ut
2383 675 2446 713 ea
2503 675 2624 727 qua:
2673 659 2814 714 dicta
2869 670 3017 726 sunt,
3071 665 3475 730 pronuntiaret.

1910 754 2160 803 Attamen
2211 761 2497 821 postquam
2533 752 2698 804 etiam
2736 755 3014 809 secundus
3046 755 3136 808 hic
3167 771 3346 828 nuper
3377 757 3478 811 ad-

1908 844 2061 898 venit
2095 853 2276 897 tomus
2304 859 2369 897 ex
2402 853 2612 907 monte,
2644 854 2700 898 et
2725 844 2871 899 unde
2901 846 3078 900 audiri
3113 857 3320 918 posset,
3349 847 3482 903 Cal-

1906 935 2035 989 listo
2071 937 2334 989 recitatus
2373 947 2456 990 est
2485 936 2810 1005 patriarchae
2839 947 2895 991 et
2928 937 2994 991 iis
3031 939 3126 1006 qui
3166 941 3308 992 circa
3348 956 3478 994 eum

1907 1033 2063 1077 erant
2085 1026 2377 1093 episc0pis,
2399 1025 2453 1079 in
2477 1027 2612 1080 iram
2637 1042 2830 1080 rursus
2850 1027 3088 1094 conjecit
3110 1030 3478 1096 patriarcham

1907 1126 1961 1168 et
1995 1115 2196 1169 infecta
2229 1131 2286 1168 re
2327 1117 2590 1172 dimissus
2625 1128 2732 1183 cst,
2768 1118 3045 1186 episcopis
3091 1136 3231 1189 quos
3288 1137 3475 1176 secum

1906 1207 2142 1263 habebat
2198 1210 2530 1274 tacentibus,
2568 1212 2659 1265 sed
2695 1222 2976 1266 mutorum
3032 1214 3316 1268 hominum
3355 1232 3479 1286 spe-

1906 1295 2044 1349 ciem
2081 1299 2450 1353 referentibus
2475 1308 2528 1352 et
2551 1299 2795 1368 lapidum
2825 1317 2988 1355 sensu
3021 1304 3350 1370 carentium,
3381 1307 3477 1375 qui

1906 1402 2014 1440 non
2048 1401 2278 1456 possunt
2314 1390 2459 1459 quod
2488 1399 2676 1458 aptum
2720 1392 2791 1445 sit
2823 1392 3028 1446 dicere.
3076 1395 3153 1447 lta
3187 1396 3478 1462 pecoribus

1905 1480 2115 1534 similes
2190 1490 2321 1535 sunt
2401 1492 2458 1536 et
2540 1485 2916 1553 petulantibus
2991 1486 3176 1554 pueris
3238 1487 3477 1544 ludibrio

1904 1574 2103 1627 merito
2138 1573 2174 1626 ii
2226 1575 2318 1643 qui
2368 1590 2514 1628 nunc
2561 1591 2846 1630 sacrorum
2906 1577 3226 1648 dogmatum
3275 1581 3474 1638 sedent

1900 1663 2133 1733 jndices.
2163 1665 2269 1720 Sed
2307 1667 2374 1721 de
2412 1667 2498 1722 his
2555 1670 2707 1722 satis.
2770 1669 3104 1725 Narrabitur
3159 1681 3339 1726 autem
3375 1689 3477 1728 suo

1831 1732 2157 1826 Btempore
2191 1775 2255 1813 ac
2314 1760 2436 1814 loco
2494 1761 2758 1830 quidnam
2817 1763 3124 1819 viatoribus
3189 1766 3475 1822 acciderit.

1903 1846 2062 1901 Nunc
2086 1849 2220 1902 illud
2255 1865 2456 1904 rursus
2483 1853 2769 1921 attingam.

1975 1939 2513 1996 XXVII.Adt'eiterat
2546 1945 2745 2013 aliquis
2778 1961 2841 2000 ex
2862 1945 3185 2001 Latinorum
3200 1949 3476 2018 episcopis

1902 2031 1969 2083 ad
2004 2031 2417 2100 imp..loannem
2436 2033 2798 2105 Palmologum
2843 2038 2987 2100 dico,
3019 2048 3243 2108 propter
3287 2039 3478 2095 amici-

1905 2126 2034 2181 tiam
2050 2126 2294 2193 qu:!:jam
2318 2135 2444 2180 ante
2473 2127 2614 2182 inter
2629 2143 2725 2182 eos
2749 2129 3158 2184 intercesserat.
3179 2130 3475 2200 Sapientiae

1902 2234 2106 2289 gnarus
2132 2219 2220 2272 hic
2247 2227 2388 2281 erat,
2406 2229 2608 2287 quanta
2627 2226 2683 2272 et
2715 2220 2860 2288 quali
2883 2219 3201 2275 Latinorum
3229 2237 3263 2276 ν
3287 2237 3476 2278 rorum

1903 2306 2192 2360 doctorum
2227 2306 2412 2360 schola
2444 2315 2673 2360 ornatur
2716 2307 2771 2361 in
2805 2309 3129 2379 dogtuaticis
3156 2310 3472 2367 litterarum

1903 2398 2214 2452 divinarum
2243 2399 2666 2467 quaestionibus.
2689 2400 2984 2455 Dictitabat
3009 2410 3192 2456 autem
3213 2402 3268 2456 in
3289 2404 3477 2473 quoti—

1903 2490 2085 2544 dianis
2113 2491 2466 2545 sermonibus
2498 2499 2554 2545 et
2582 2491 2899 2560 imperatori
2922 2502 2978 2547 et
3009 2493 3052 2546 si
3085 2495 3179 2564 qui
3215 2495 3354 2548 forte
3392 2510 3478 2549 sa-

1903 2580 2202 2649 pientiores
2219 2581 2379 2651 263
2401 2583 2828 2651 eranﬁ‘privatim
2853 2585 3156 2651 etpublice,
3180 2585 3322 2654 apud
3338 2584 3478 2640 Lati-

1902 2684 2003 2723 nos
2021 2669 2336 2738 frequentes
2355 2669 2538 2722 haberi
2556 2671 2833 2725 orationes
2848 2673 2915 2726 de
2935 2675 3116 2742 regina
3135 2676 3234 2728 bac
3257 2677 3474 2729 urbium

1902 2771 1958 2816 et
1987 2771 2256 2830 quotquot
2285 2763 2582 2816 incolarum
2613 2763 2908 2819 eruditioni
2934 2765 3314 2828 adversantur,
3347 2783 3471 2821 cum

1904 2855 1959 2908 in
1986 2857 2220 2919 caeteris,
2259 2862 2371 2908 tum
2407 2856 2684 2924 quomodo
2733 2857 2999 2912 divinitus
3047 2874 3263 2928 semper
3314 2861 3477 2916 facile

1904 2946 2018 3002 falli
2049 2948 2299 3002 consueti
2331 2958 2514 3010 erant,
2546 2957 2599 3002 et
2633 2950 2755 3005 aliis
2789 2951 2917 3004 alibi
2952 2951 3478 3023 bazresibusetdog-

1828 3072 1870 3130 α
1907 3048 2113 3092 matqu
2142 3039 2530 3093 novationibus
2556 3041 3054 3096 ecclesiasticorum
3081 3042 3388 3112 indulgent.
3415 3053 3476 3098 ut

1906 3133 2164 3187 arborum
2199 3132 2328 3187 folia
2361 3134 2540 3187 ventis
2560 3135 2839 3203 jactantur
2865 3135 3145 3190 omnibus.
3192 3154 3210 3181 σ
3233 3134 3297 3190 Ει
3329 3152 3475 3191 nunc

1904 3241 2014 3280 non
2046 3228 2228 3281 minus
2249 3227 2524 3280 Palamam
2557 3228 2851 3294 quemdam
2885 3229 3107 3282 nomine
3139 3227 3478 3282 adulterinas

1904 3319 2234 3374 mutationes
2266 3319 2469 3372 inferre
2495 3318 2881 3373 audiveramus
2913 3320 3223 3374 divinorum
3255 3323 3479 3388 dogma-

1905 3424 2042 3464 tum.
2071 3410 2204 3465 Esse
2234 3426 2342 3463 non
2387 3411 2568 3464 solum
2603 3411 2955 3478 turpissimas
2986 3411 3084 3464 has
3116 3413 3473 3474 mutationes,

1903 3498 1999 3551 sed
2026 3497 2193 3556 etiam
2221 3497 2547 3551 multifarias
2571 3507 2627 3551 et
2653 3513 2719 3552 ex
2747 3499 2975 3554 insaniae
2999 3501 3308 3554 colluvione
3335 3502 3478 3555 mul-

1904 3585 2103 3642 tiformi
2132 3597 2440 3649 concretas,
2475 3596 2534 3641 ut
2563 3603 2753 3642 verum
2786 3589 2877 3652 sit,
2911 3606 3032 3658 qua:
3082 3591 3208 3646 huic
3253 3607 3476 3660 compo-

1903 3694 2036 3732 nere
2064 3680 2295 3748 contigit
2329 3681 2516 3733 multis
2549 3683 2876 3750 quibusdam
2905 3683 3106 3747 modis,
3144 3687 3321 3748 magis
3352 3700 3473 3752 qua:

1901 3769 2236 3824 damnentur
2262 3771 2424 3839 digna
2451 3787 2572 3825 esse
2618 3787 2782 3840 quam
2809 3783 2931 3841 qua:
2973 3782 3068 3826 aut
3113 3775 3352 3828 Sabellio
3381 3785 3476 3828 aut

1901 3864 2032 3918 Ario
2083 3871 2140 3917 et
2199 3864 2476 3926 omnibus,
2527 3862 2622 3932 qui
2685 3863 2952 3918 Eunomio
3006 3875 3062 3917 et
3115 3863 3368 3940 Nettorio
3419 3876 3475 3919 et

1903 3955 2239 4025 Apollinario
2265 3955 2376 4010 sint
2417 3954 2716 4022 astipulati.
2765 3955 3017 4010 Consoua
3050 3959 3195 4010 enim
3233 3966 3379 4020 sunt,
3406 3965 3474 4010 ut

1903 4046 2191 4115 cognitum
2215 4054 2319 4109 est,
2347 4045 2513 4100 etiam
2549 4045 2693 4111 illis;
2747 4047 2983 4100 diversis
3037 4056 3304 4100 autemet
3355 4048 3471 4101 iue-

1903 4138 2178 4209 ptioribus
2207 4138 2724 4208 exaggeratiouibus
2769 4139 2927 4206 plena
2967 4149 3023 4193 et
3069 4139 3469 4207 ineptissimum

1904 4231 2058 4293 illud,
2093 4230 2238 4300 quod
2274 4231 2422 4284 hunc
2453 4230 2687 4284 maxime
2713 4232 2958 4282 omnium
2989 4231 3206 4283 illorum
3240 4229 3476 4285 debebat

1905 4323 2136 4393 pudere,
2172 4337 2407 4391 quorum
2435 4320 2950 4390 exaggerationibus
2987 4322 3098 4390 ipsa
3146 4320 3310 4374 etiam
3346 4337 3480 4375 con-

225 4424 316 4475 xal.
337 4422 609 4490 φρούριον
639 4420 784 4486 μάλα
807 4418 1169 4488 προϐάλλεται
1200 4416 1418 4487 ἰσχυρὸν
1449 4417 1530 4466 ὅτι
1567 4413 1640 4482 μὴ
1672 4413 1801 4481 ὁμό-

1906 4417 2045 4471 vicia
2079 4415 2398 4485 superabat.
2434 4414 2533 4468 llic
2560 4415 2720 4468 etiam
2752 4423 2811 4468 ut
2833 4415 3035 4481 justam
3088 4430 3300 4482 paenam
3332 4417 3478 4470 acci-

228 4529 372 4578 φωνα
433 4510 705 4575 καθάπαξ
747 4510 1040 4579 φθέγγεται
1076 4511 1248 4576 σφίσι.
1308 4509 1418 4560 Καὶ
1446 4507 1527 4559 ὅτι
1564 4507 1663 4576 μὲν
1704 4507 1802 4574 οὐχ

225 4605 479 4672 ὁμόφωνα
498 4602 662 4656 ταῦτ’
695 4601 951 4665 ἐκείνοις,
981 4600 1099 4668 βοᾷ,
1128 4601 1208 4651 ὅτι
1243 4599 1296 4651 δὲ
1329 4599 1495 4668 χείρω
1534 4599 1804 4652 κάκείνων

230 4700 450 4765 μακροῖς
487 4713 606 4750 τισι
641 4696 884 4766 μέτροις,
911 4693 1060 4762 σιγᾷ,
1085 4691 1316 4755 παίζων,
1349 4691 1423 4753 ὡς
1445 4691 1512 4744 ἄν
1535 4708 1614 4752 τις
1644 4691 1801 4759 φαίη,

226 4793 279 4841 ἐν
303 4793 360 4842 οὐ
387 4793 674 4851 παικτοῖς.
702 4788 906 4841 Τοῦτον
952 4790 1132 4840 τοίνυν
1173 4788 1250 4846 είς
1287 4785 1409 4854 ὄψιν
1438 4784 1665 4854 ἀφῖχθαί
1714 4801 1802 4852 μοι

228 4883 520 4952 βουλοίμην
547 4884 640 4935 ἄν.
667 4883 726 4935 Εἰ
758 4882 850 4935 οὖν
883 4898 960 4933 σοι
1001 4881 1096 4932 καὶ
1117 4881 1274 4948 ἡμῶν
1303 4879 1475 4947 μέλοι,
1506 4875 1568 4949 [Γ.
1601 4877 1698 4930 151
1730 4874 1804 4947 r.]

224 4979 296 5044 μὴ
325 4978 710 5047 ἄχθεσθαι,σὺ
742 4976 785 5028 δ’
819 4973 931 5028 ἀλλ’
965 4973 1152 5042 ἐντελῆ
1181 4990 1267 5040 μοι
1299 4973 1395 5042 τὴν
1419 4971 1649 5042 ζήτησιν
1671 4970 1804 5040 δρᾷν

222 5068 612 5137 προθυμήθητι
629 5105 644 5119 .
687 5087 704 5118 ι
1515 5063 1522 5070 ’

283 5338 422 5394 ΚΗ’.
456 5339 575 5408 Τὴν
611 5338 678 5405 δή
706 5339 957 5407 τοιαύτην
984 5338 1173 5407 ἔφεσιν
1221 5336 1312 5389 τοῦ
1345 5336 1578 5390 Λατίνου
1634 5333 1802 5404 μηδὲν

220 5430 495 5500 μελλήσας
571 5434 600 5482 ὁ
654 5429 903 5499 βασιλεὺς
957 5433 1009 5491 ἐς
1045 5431 1144 5498 τὴν
1187 5429 1483 5496 ὑστεραίαν
1520 5426 1678 5487 εὐθὺς
1713 5429 1803 5477 ὲκ-

215 5519 428 5590 πληροῖ,
457 5521 906 5589 παρεσκευακὼς
938 5520 1194 5588 ὁμιλῆσαι
1219 5519 1297 5586 τῷ
1333 5517 1582 5584 ιιαλαμᾷ,
1609 5516 1701 5566 καὶ
1729 5508 1803 5566 ὧν

214 5610 357 5678 λέγει
398 5616 578 5666 αὐτὸν
639 5612 903 5681 αὑτήκοον
955 5611 1234 5680 γεγονέναι
1279 5609 1369 5660 τὸν
1402 5608 1650 5660 Λατῖνον.
1691 5607 1802 5674 Τῆς

211 5697 299 5758 οὖν
339 5703 573 5775 ὁμιλίας
630 5703 930 5772 γενομένης
968 5703 1164 5772 μικρὸν
1201 5702 1424 5762 διαστὰς
1458 5700 1546 5751 καὶ
1598 5697 1802 5750 ἀπολα-

1905 4519 2081 4580 peret,
2115 4509 2168 4562 in
2198 4523 2476 4563 carcerem
2519 4523 2642 4562 cum
2686 4507 2738 4560 vi
2777 4507 3060 4577 conjectus
3092 4517 3177 4562 est
3234 4509 3492 4588 firmum,__

1905 4617 1974 4655 ne
2025 4599 2428 4654 concordanter
2457 4599 2683 4652 omnin
2733 4597 2848 4651 haec
2883 4608 3079 4652 sonent
3114 4614 3238 4651 cum
3274 4597 3380 4653 illis
3423 4608 3479 4652 et

1905 4689 2048 4758 quod
2076 4704 2184 4741 non
2214 4689 2266 4741 iu
2298 4689 2533 4741 unisouo
2562 4688 2677 4741 haec
2705 4702 2829 4740 cum
2860 4686 2966 4739 illis
2990 4691 3229 4741 clamant
3251 4699 3305 4740 et
3331 4688 3477 4756 quod

1907 4782 2088 4849 pejora
2130 4781 2292 4834 etiam
2319 4780 2426 4834 illis
2459 4781 2634 4846 longis
2665 4779 2994 4848 quibusdam
3028 4779 3272 4842 modum,
3310 4789 3478 4842 tacet,

1903 4873 2114 4940 jncans,
2145 4881 2206 4926 ut
2245 4872 2426 4924 dicere
2464 4861 2668 4940 possis,
2713 4871 2810 4933 ibi,
2859 4871 2948 4924 tibi
2999 4870 3180 4924 nullus
3214 4871 3479 4939 essejoco

1905 4964 2059 5017 locus
2089 4964 2276 5017 debet.
2309 4964 2464 5017 Hunc
2497 4961 2662 5032 igitur
2695 4963 2747 5015 in
2777 4972 3059 5029 aspectum
3093 4963 3224 5014 mihi
3257 4961 3480 5015 venisse

1907 5057 2137 5120 vellem;
2174 5055 2216 5108 si
2248 5071 2378 5124 ergo
2416 5056 2512 5109 tibi
2542 5055 2708 5108 etiam
2740 5069 2841 5107 nos
2864 5053 3015 5106 cordi
3053 5051 3215 5122 264,
3239 5068 3304 5107 ac
3333 5067 3481 5106 curze

1907 5164 2119 5210 sumus,
2158 5164 2224 5201 ue
2251 5163 2391 5216 :egre
2419 5147 2499 5198 fcr
2532 5154 2587 5199 et
2639 5146 2704 5197 de
2752 5144 2983 5210 reliquis
3031 5145 3298 5212 integrann
3342 5144 3478 5198 mihi

1905 5253 2216 5308 [imponere
2247 5240 2604 5306 quaestionem
2639 5240 2713 5291 sis
2741 5246 2985 5304 paratus.
3033 5254 3051 5286 ›

1978 5329 2212 5384 XXVllI.
2257 5331 2444 5382 Talem
2480 5330 2663 5396 itaque
2704 5328 2966 5395 impetum
3021 5325 3199 5380 Latini
3253 5328 3477 5380 minime

1907 5423 2196 5477 retardans
2255 5423 2583 5490 imperator,
2616 5423 2670 5474 in
2725 5429 3004 5486 posterum
3043 5420 3473 5473 diem-ollicintu

1907 5516 2090 5584 explet
2117 5529 2300 5575 suum,
2331 5529 2389 5567 se
2421 5529 2619 5583 parans
2661 5514 2725 5565 ad
2759 5513 3182 5582 colloquendqu
3217 5526 3340 5564 cum
3373 5511 3474 5562 Pa-

1904 5608 2066 5670 lama,
2091 5606 2247 5674 cujus
2269 5603 2523 5674 colloquii
2546 5603 2679 5658 dicit
2703 5605 2880 5673 ipsqu
2906 5605 3329 5659 auscultatorem
3356 5617 3478 5657 esse

1906 5699 2180 5752 Latinum.
2213 5695 2502 5765 Colloquio
2548 5706 2732 5750 autem
2767 5695 3017 5750 instituto
3064 5709 3232 5762 prope
3261 5693 3477 5752 distans
