4046 6290
559 309 660 372 ΞἩ

1760 307 2177 370 NICEPHORI
2217 308 2601 370 GREGORE

3719 301 3823 380 232

572 421 710 475 οιτιά
744 437 802 476 se
839 421 1064 475 trabeas
1107 419 1365 490 privatim
1419 419 1820 489 imperatorem
1888 421 2138 481 Latinus.

2254 420 2364 473 δὼν
2393 421 2498 489 ἰδίᾳ
2524 424 2616 475 τὸν
2664 423 2890 492 βασιλέα.
2945 425 2972 476 ὁ
3011 423 3237 486 Λατῖνος
3267 423 3436 477 πολλὰ
3471 423 3572 494 μὲν
3601 426 3824 481 ἀκούειν

563 515 734 567 multa
759 513 982 582 quidem
1006 513 1140 566 dicit
1163 528 1222 566 se
1246 513 1559 582 loquentem
1581 512 1800 566 audisse
1836 512 2135 568 Palamam.

561 605 658 660 sed
692 615 900 659 temere
927 613 982 658 et
1013 603 1176 658 modo
1202 603 1328 668 hoc,
1359 602 1678 656 modoillud
1711 611 1765 655 et
1799 601 1992 656 eadem
2021 601 2138 656 haec

563 694 810 764 undique
837 695 1134 762 cornpilata
1169 703 1223 748 et
1247 709 1504 760 corrasa;
1541 703 1598 746 ut
1623 693 1907 747 videamur
1942 693 2139 748 incerti

560 801 702 848 csse,
734 795 918 838 utrum
949 785 1215 854 qualitate
1261 785 1481 846 borum,
1515 799 1582 836 an
1617 784 1924 853 quantitate
1965 785 2138 854 magis

559 877 626 930 ad
675 877 1094 945 perversitatem
1128 875 1380 929 stimulos
1427 874 1614 930 addat.
1651 875 1914 940 Qumsivit
1953 884 2136 931 autem

559 969 917 1022 nihilominus
947 967 1161 1021 Palama
1195 967 1511 1034 disputante
1533 968 1700 1022 etiam
1733 985 1970 1030 mecum.
2006 984 2138 1022 num

561 1062 676 1128 ipse
731 1069 917 1113 tacens
967 1059 1146 1114 factus
1193 1074 1371 1114 essem
1427 1059 1668 1114 auditor.
1730 1059 1914 1126 Quare
1970 1061 2136 1115 etiam

561 1151 824 1220 postridie
883 1167 1144 1206 vocansa
1181 1169 1305 1222 rege
1331 1153 1484 1208 venit
1538 1165 1709 1208 etme
1763 1169 1934 1208 unum
1979 1168 2010 1207 e
2055 1154 2140 1224 ja-

559 1246 840 1298 ctantibus
893 1247 1234 1298 nobilitatem
1289 1246 1504 1314 generis
1561 1263 1794 1316 magnus
1859 1247 2137 1318 logotheta

557 1348 614 1390 ct
659 1337 752 1389 vix
805 1352 892 1391 me
947 1337 1082 1390 dicit
1135 1339 1420 1392 consuetis
1456 1338 1654 1407 capitis
1713 1339 1922 1392 morbis
1976 1355 2136 1408 pror-

558 1442 651 1482 sus
711 1442 830 1480 esse
883 1427 1199 1481 liberatum.
1231 1428 1299 1481 Et
1349 1437 1638 1498 postquam
1707 1429 1958 1499 decipere
2010 1445 2136 1484 eum

559 1535 669 1572 non
698 1519 808 1590 jam
843 1519 1062 1582 licebat,
1099 1536 1332 1590 surgens
1387 1520 1518 1573 abii.
1561 1521 1731 1590 Cujus
1782 1522 1857 1574 rri
1909 1521 2135 1588 gratiam

561 1611 789 1664 minime
845 1612 1092 1665 omnium
1140 1628 1318 1680 neque
1379 1613 1590 1668 sciebat
1621 1629 1800 1684 neque
1849 1631 2040 1668 revera
2079 1627 2140 1667 ut

558 1706 700 1758 scire
727 1706 967 1760 disceret
998 1722 1222 1776 Operam
1249 1708 1440 1763 dabat.
1475 1710 1816 1778 Praeceperat
1843 1711 1992 1764 enim
2033 1711 2137 1765 Ile-

562 1801 680 1851 lcna
715 1798 1062 1867 imperatrix,
1091 1815 1159 1854 ne
1182 1815 1212 1854 a
1239 1814 1326 1852 me
1349 1811 1476 1855 ante
1501 1810 1933 1871 cognosceretur
1948 1817 2134 1868 causa,

559 1907 658 1944 cur
691 1892 744 1943 in
794 1891 882 1960 jus
913 1901 1226 1954 vocaretur,
1281 1908 1351 1947 ne
1401 1907 1527 1948 cum
1575 1895 1760 1948 studio
1807 1906 2136 1950 maturarcm

559 1983 852 2037 adventum
886 1993 942 2038 et
966 1984 1213 2053 quaedam
1241 1983 1536 2040 celebritas
1563 1985 1720 2042 ﬁeret
1751 1989 2138 2043 ostentationis

559 2078 918 2132 Palamilicae.
951 2078 1082 2132 Nam
1119 2093 1280 2148 quam
1313 2079 1382 2134 ob
1419 2095 1640 2134 causam
1665 2095 1764 2134 suo
1797 2079 1958 2151 265
1997 2083 2139 2150 patri

559 2169 966 2232 Cantacuzeno,
996 2169 1160 2223 enixe
1209 2170 1290 2225 sic
1335 2171 1503 2226 etiam
1537 2173 1788 2226 Palamas
1817 2172 2056 2226 instabat
2084 2181 2139 2226 ct

560 2262 986 2336 adversabatur‘
1022 2263 1352 2333 plerumque
1414 2266 1665 2334 conjugis
1735 2269 2024 2320 sententiae
2083 2267 2138 2320 in

559 2355 822 2408 onmibus
855 2356 1044 2420 rt-bus,
1077 2355 1143 2408 ad
1190 2373 1329 2426 quas
1367 2358 1520 2411 illum
1567 2373 1664 2411 sua
1716 2358 1888 2412 trabit
1927 2359 2138 2428 religio.

559 2447 747 2514 Nuper
797 2456 983 2500 autem
1020 2448 1202 2500 aulam
1255 2450 1460 2519 regiam
1506 2448 1735 2502 intranti
1791 2449 1923 2502 mihi
1970 2451 2138 2502 etiam

560 2538 834 2592 Palamam
869 2538 944 2592 ibi
991 2539 1059 2592 ad
1095 2539 1504 2608 disputationes
1537 2539 1909 2593 instituendas
1955 2539 2140 2592 consi-

558 2630 778 2684 dentem
809 2631 1010 2686 licebat
1044 2632 1255 2686 videre.
1289 2631 1380 2686 Sic
1407 2641 1586 2686 antem
1620 2632 1751 2684 mibi
1779 2631 1958 2700 capite
1991 2631 2141 2686 labo-

559 2721 706 2773 ranti
738 2721 903 2774 etiam
933 2733 988 2774 et
1031 2736 1156 2775 cum
1205 2732 1314 2774 tam
1363 2723 1645 2790 inopinato
1679 2722 1999 2790 impeditum
2053 2739 2138 2778 me

558 2814 864 2866 certamine
918 2812 1186 2878 viderem,
1242 2814 1480 2882 primum
1530 2813 1752 2882 quidem
1817 2814 1998 2868 visum
2053 2825 2140 2870 est

558 2906 732 2959 satius
766 2920 887 2960 esse
934 2905 1158 2960 domum
1204 2907 1414 2960 tamdiu
1475 2907 1678 2972 redire,
1711 2907 1888 2962 donec
1925 2923 2138 2962 mecum

557 3008 777 3066 paratas
834 2998 956 3050 illas
1009 2998 1143 3050 mibi
1198 2999 1584 3052 accusationes
1636 3010 2000 3069 reputassetn.
2055 3001 2136 3054 Ne

557 3089 724 3158 igitur
759 3089 988 3160 ignaviae
1019 3089 1392 3158 suspicionem
1440 3090 1582 3158 apud
1615 3091 1868 3146 homines
1913 3091 2134 3147 dicaces
2160 3108 2204 3165 ο

557 3181 896 3246 subiremus,
931 3181 1386 3236 conﬁrmavimus
1421 3199 1617 3238 rursus
1661 3185 1994 3239 sententiam
2026 3199 2130 3238 no-

557 3282 728 3326 stram
764 3282 818 3325 et
853 3273 1165 3342 recepimus
1197 3274 1308 3328 Deo
1339 3291 1442 3330 nos
1477 3277 1662 3332 omnia
1697 3277 2128 3330 committentes.

631 3363 824 3416 XXIX.
851 3366 1028 3434 Atque
1077 3366 1151 3419 ita
1186 3365 1254 3419 ad
1283 3367 1465 3436 ipsum
1491 3367 1882 3437 imperatorem
1909 3371 2134 3424 accede-

559 3455 708 3520 bam,
727 3472 886 3524 quem
913 3473 1036 3510 cum
1056 3459 1420 3525 praesentibus
1441 3460 1724 3514 nobilibus
1741 3461 1876 3515 viris
1895 3471 1949 3516 et
1969 3463 2134 3518 simul

559 3563 684 3601 cum
737 3547 942 3602 Helena
977 3549 1162 3619 regina
1209 3551 1550 3606 oﬂ‘cndebam
1592 3553 2016 3622 colloquentem,
2048 3571 2134 3611 sc-

559 3648 724 3693 cutus
746 3640 1066 3696 certaminis
1095 3643 1461 3698 temeritatem
1483 3644 1573 3700 .Et
1600 3661 1722 3714 qum
1755 3647 1826 3700 ibi
1857 3647 2131 3717 disputata

558 3741 687 3786 sunt
711 3747 874 3800 quam
899 3733 1070 3786 multa
1093 3743 1145 3788 et
1167 3735 1348 3804 qualia
1375 3744 1432 3789 et
1455 3737 1735 3806 quomodo
1761 3747 1978 3809 tempus
2005 3740 2133 3794 talia

449 3899 464 3906 ἡ
558 3817 1016 3890 suppeditat-erit,
1047 3827 1354 3880 narrabunt
1377 3841 1442 3880 ea
1475 3843 1596 3896 qua:
1630 3839 1960 3898 sequuntur.
1997 3829 2132 3884 Per-

557 3915 824 3982 scriptum
854 3925 940 3970 est
971 3918 1115 3971 enim
1145 3933 1172 3970 a
1205 3933 1291 3972 me
1323 3919 1427 3974 hoc
1451 3922 1586 3974 satis
1613 3921 1762 3975 tenui
1793 3923 1956 3992 stylo.
1998 3919 2138 3974 Tra-

557 4006 735 4062 ditum
768 4017 852 4063 est
880 4021 1062 4066 autem
1095 4012 1164 4066 ab
1196 4013 1372 4066 altero
1424 4014 1663 4082 quodam
1689 4031 1880 4068 eorum
1927 4015 2022 4084 qui
2059 4014 2135 4069 ibi

558 4101 847 4156 adfuerant
889 4105 982 4173 qui
1029 4104 1389 4176 interroganti
1424 4106 1644 4160 cuidam
1680 4109 1989 4176 respondit.
2025 4109 2136 4165 Res

559 4207 691 4247 vero
721 4195 801 4248 sic
832 4211 890 4250 se
925 4196 1117 4250 habet.

2241 510 2347 580 ἔφη
2402 511 2654 578 λέγοντος
2688 513 2946 580 Παλαμᾶ,
3005 513 3182 580 μάτην
3228 511 3272 563 δ’
3333 509 3427 566 οὖν
3457 513 3552 566 καὶ
3598 515 3823 570 ἄλλοθεν

2241 605 2376 656 ἄλλα
2415 605 2854 674 συμπεφυρμένα
2886 622 2944 656 τε
2986 607 3084 657 καὶ
3125 605 3553 674 παρευρημένα,
3587 606 3664 669 ὡς
3687 609 3822 660 ἀπο-

2244 697 2354 764 ρεῖν
2383 697 2532 764 ἡμᾶς
2557 695 2956 763 ἀποφαίνεσθαι
2995 697 3222 766 πότερον
3249 701 3314 768 τῇ
3345 700 3594 767 ποιότητι
3621 699 3822 752 τούτων

2240 787 2273 856 ἢ
2307 791 2370 857 τῇ
2404 789 2662 858 ποσότητι
2695 788 2811 858 δοίη
2843 806 2926 851 τις
2953 789 3020 842 ἂν
3053 789 3115 842 τὺ
3145 791 3283 860 πρὸς
3313 790 3512 844 κακίαν
3541 793 3816 862 τρόπαιον.

2254 877 2518 949 Ἐζήτησε
2546 878 2592 932 δ’
2623 878 2716 932 οὖν
2747 879 2900 948 ὅμως
2925 879 3020 932 τοῦ
3043 881 3284 948 Παλαμᾶ
3309 881 3696 953 διαλεγομένου
3733 888 3822 936 καὶ

2241 973 2381 1043 πρὸς
2425 973 2524 1043 ἐμὲ
2561 973 2730 1041 σιγῶν
2764 973 2926 1035 αὐτὸς
2975 974 3230 1041 γενέσθαι
3279 977 3578 1046 ἀκροατής.
3607 975 3700 1027 Διὸ
3729 979 3822 1028 καὶ

2240 1065 2308 1130 τῇ
2339 1063 2606 1132 ὑστεραίᾳ
2655 1061 2840 1116 καλῶν
2866 1065 2934 1115 ἐκ
2965 1063 3228 1132 βασιλέως
3247 1065 3374 1134 ἥκει
3401 1065 3548 1132 κάμὲ
3574 1065 3684 1118 τῶν
3733 1065 3821 1118 ἐπ’

2242 1155 2491 1226 εὐγενείᾳ
2515 1155 2934 1226 σεμνυνομένων
2963 1158 2992 1210 ό
3024 1156 3196 1226 μέγας
3225 1156 3536 1227 λογοθέτης.
3561 1157 3688 1228 ἄρτι
3715 1162 3821 1212 τῶν

2241 1247 2511 1300 εἰωθότων
2561 1246 2663 1314 τῆς
2699 1247 2941 1316 κεφαλῆς
2974 1248 3302 1316 νοσημάτων
3355 1249 3415 1300 οὐ
3453 1248 3655 1308 τελέως
3697 1247 3818 1315 μὲν,

2241 1341 2666 1410 ἀπηλλαγμένον
2710 1341 2756 1394 δ’
2781 1338 2894 1395 οὖν.
2931 1341 3183 1412 Κὰπειδὴ
3217 1339 3668 1412 παρακρούεσθαι
3721 1343 3820 1394 οὐκ

2241 1435 2390 1502 ἐνῆν,
2414 1435 2654 1496 ἀναστὰς
2706 1433 2930 1504 ἀπῄειν,
2967 1434 3090 1487 ὅτου
3153 1435 3316 1503 χάριν
3365 1433 3568 1505 ἥκιστα
3597 1433 3818 1484 πάντων

2239 1524 2523 1589 οὕτέίδὼς
2553 1524 2678 1578 οὔτε
2715 1524 2820 1595 μὴν
2849 1526 3384 1596 πολυπραγμονήσας
3405 1525 3616 1594 μαθεῖν.
3647 1525 3818 1594 Προσο

2242 1620 2486 1688 ετετάχει
2547 1618 2655 1688 γὰρ
2711 1619 2742 1688 ἠ
2797 1617 3010 1688 βασιλὶς
3048 1617 3236 1688 Ἑλένη
3315 1619 3390 1686 μὴ
3440 1615 3820 1684 προεγνῶσθσί

2245 1728 2335 1779 μοι
2387 1711 2447 1762 τὸ
2503 1713 2601 1779 τῆς
2651 1710 3043 1778 προσκλήσεως
3101 1709 3298 1772 αἴτιον,
3331 1709 3419 1762 ἵνα
3467 1708 3540 1776 μὴ
3569 1707 3668 1762 σὺν
3723 1723 3820 1775 με·

2243 1801 2376 1872 λέτῃ
2411 1800 2593 1873 δρῴην
2617 1802 2714 1870 τὴν
2756 1801 2944 1870 ἄφιξιν
2983 1801 3076 1854 καί
3101 1817 3191 1862 τις
3227 1801 3694 1868 παρευδοκίμησις
3729 1797 3820 1866 γέ·

2240 1911 2400 1964 νηται
2443 1895 2543 1966 τῆς
2589 1893 2683 1948 τοῦ
2727 1894 2964 1964 Παλαμᾶ
3023 1892 3358 1958 ἐπιδείξεως.
3415 1891 3516 1944 Διά
3559 1891 3669 1960 γάρ
3727 1889 3818 1942 τὸν

2239 1986 2442 2056 ἑαυτῆς
2495 1987 2712 2052 πατέρα
2765 1981 3224 2053 Καντακουζηνδν
3256 1982 3376 2035 λίαν
3421 1983 3518 2034 καὶ
3570 1981 3711 2050 αὕτη
3741 1980 3819 2052 τῷ

2241 2075 2476 2146 Παλαμᾷ
2505 2073 2848 2144 προσέκειτο,
2882 2073 2979 2127 καὶ
3029 2073 3402 2142 ἀντέπραττεν
3429 2072 3503 2133 ὡς
3543 2073 3610 2124 τὰ
3642 2072 3814 2126 πολλὰ

2239 2172 2304 2237 τῇ
2332 2167 2426 2219 τοῦ
2460 2166 2696 2234 συζύγου
2729 2169 2924 2236 γνώμῃ
2971 2167 3109 2235 πρὸς
3139 2165 3241 2218 ὅσα
3269 2166 3336 2234 τῇ
3371 2165 3647 2236 θρησκείᾳ
3691 2181 3817 2216 συν-

2238 2261 2425 2314 τείνει.
2465 2260 2626 2327 Ἄρτι
2661 2276 2724 2327 γε
2761 2259 2871 2328 μὴν
2913 2258 3012 2328 τὴν
3053 2256 3326 2328 βασίλειον
3378 2257 3550 2327 αὐλὴν
3599 2257 3818 2308 εἰσιόντι

2243 2371 2334 2424 μοι
2369 2353 2463 2406 καὶ
2495 2353 2768 2420 Παλαμᾶν
2791 2352 2906 2402 ἐκεῖ
2934 2349 3072 2418 πρὸς
3101 2350 3365 2416 διαλέξεις
3411 2349 3636 2418 ἔφεδρον
3677 2346 3816 2400 εἶναι

2244 2447 2436 2514 μαθεῖν
2469 2444 2768 2511 ἐξεγένετο.
2802 2442 2961 2496 Οὕτω
2987 2443 3033 2496 δ’
3069 2443 3248 2512 ἔχοντί
3281 2460 3374 2510 μοι
3407 2443 3515 2494 τῶν
3553 2443 3617 2494 ἐκ
3645 2458 3814 2508 κεφα-

2240 2537 2338 2604 λῆς
2369 2537 2680 2608 ἀλγηδόνων
2723 2536 2835 2601 ἔτι,
2865 2537 2960 2589 καὶ
3003 2534 3068 2608 [ί.
3097 2535 3194 2591 151
3229 2533 3305 2605 υ.]
3339 2533 3514 2596 οὕτως
3551 2533 3818 2603 ἀπροσδο-

2240 2633 2422 2698 κήτως
2453 2629 2908 2699 ὲμπεπηδηκότος
2948 2645 3040 2698 μοι
3071 2627 3165 2680 τοῦ
3201 2629 3433 2695 ἀγῶνος,
3469 2627 3690 2696 πρῶτον
3718 2627 3815 2692 μὲν

2240 2723 2388 2786 ἔδοξε
2421 2723 2630 2792 βέλτιον
2656 2721 2842 2774 οἴκαδε
2873 2721 3012 2782 τέως
3045 2721 3330 2773 ἐπανιέναι
3365 2735 3452 2788 με,
3497 2720 3672 2786 μικρᾶ
3705 2717 3814 2768 τῶν

2242 2813 2720 2885 μεμηχανημένων
2752 2815 3144 2884 προσκλήσεων
3169 2813 3393 2865 ἐκείνων
3425 2811 3811 2881 φροντίσαντι·

2239 2906 2327 2959 ἵνα
2359 2906 2401 2958 δ’
2433 2900 2527 2958 οὖν
2570 2905 2644 2974 μὴ
2675 2903 2878 2966 δειλίας
2927 2902 3188 2956 ὑπόνοιαν
3231 2905 3344 2964 τοῖς
3389 2901 3812 2970 φιλοσκώμμοσι

2237 2999 2440 3068 δῶμεν,
2467 2995 2866 3067 ἑπερρώσαμέν
2898 3012 2958 3048 τε
2981 2989 3138 3058 αὖθις
3164 2994 3255 3047 τὸν
3281 2993 3546 3062 λογισμὸν
3569 2996 3665 3046 καὶ
3695 2995 3818 3043 ἁνε-

2234 3093 2473 3161 λάϐομεν
2499 3089 2752 3156 ἑαυτοὺς,
2785 3087 2904 3159 Θεῷ
2927 3088 2990 3141 τὸ
3027 3089 3132 3143 πᾶν
3157 3087 3573 3156 ἐπιτρέψαντες.

2311 3381 2441 3436 ΚΘ’.
2479 3381 2582 3436 Καὶ
2627 3379 2800 3442 οὕτως
2863 3382 2944 3441 είς
2979 3379 3143 3432 αὐτὸν
3173 3378 3372 3449 εἰσῄειν
3403 3377 3630 3448 βασιλέα
3666 3382 3732 3451 τῇ
3755 3395 3816 3435 τε

2239 3475 2347 3530 τῶν
2368 3472 2605 3542 εὐγενῶν
2640 3471 2868 3525 συνόντα
2903 3473 3181 3540 παρουσίᾳ
3210 3473 3304 3524 καὶ
3341 3473 3460 3541 ἅμα
3508 3472 3610 3540 τῆς
3659 3472 3816 3542 βασι·

2241 3569 2382 3630 λίδος
2427 3566 2664 3635 Ἑλένης,
2715 3564 2794 3635 τῷ
2825 3564 2922 3618 τοῦ
2971 3563 3281 3634 συμϐάντος
3327 3565 3521 3636 σχεδίῳ
3565 3585 3816 3640 παρηκο-

2239 3658 2542 3730 λουθηκώς.
2573 3658 2656 3712 Τά
2701 3675 2764 3726 γε
2813 3657 2920 3728 μὴν
2957 3658 3072 3710 ἐκεῖ
3111 3657 3446 3727 λαληθέντα,
3499 3662 3674 3714 ὁπόσα
3719 3664 3814 3716 καὶ

2240 3750 2349 3820 οἷα,
2382 3755 2475 3806 καὶ
2508 3755 2657 3816 ὅπως
2705 3754 2734 3803 ὁ
2767 3751 2957 3820 καιρὸς
3005 3751 3286 3820 ἐσχεδίασε
3335 3755 3405 3804 τὰ
3437 3753 3684 3813 τοιαῦτα.
3723 3755 3816 3825 δη⁴

2241 3845 2497 3898 λώσειτὰ
2553 3843 2770 3912 ἑφεξῆς.
2817 3845 3135 3912 Γέγραπται
3195 3843 3295 3913 μὲν
3347 3845 3456 3913 γάρ
3512 3863 3602 3914 μοι
3658 3851 3810 3898 ταυτὶ

2235 3937 2537 4007 λεπτοτέρα.
2571 3937 2676 3988 τινὶ
2705 3934 2980 4004 διηγήσει,
3018 3935 3294 3987 ἐκδέδοται
3331 3934 3375 3987 δ’
3408 3933 3484 3997 ὡς
3527 3937 3586 4001 ἐξ
3620 3937 3806 4006 ἑτέρου

2234 4031 2343 4082 τῶν
2388 4031 2502 4082 ἐκεῖ
2548 4028 2836 4098 παρόντων
2887 4029 3038 4090 ἑνὸς,
3082 4029 3218 4096 πρὸς
3273 4028 3634 4096 ἐρωτήσαντα
3690 4045 3806 4080 τινα

2234 4115 2393 4185 δῆθεν
2422 4114 2733 4179 διεξιόντος.
2769 4115 2926 4186 ’Ἔχει
2959 4115 3015 4167 δὲ
3052 4117 3309 4172 οὑτωσίν.

1891 4877 2084 4907 ,μμ-η
2115 4871 2264 4912 οὒ
2279 4871 2320 4910 ρ
2340 4875 2560 4910 ε--η
