4046 6290
501 363 610 426 235

1691 351 2110 414 NICEPHORI
2149 343 2531 411 GREGORAZ

3649 347 3743 410 235

503 481 728 549 abrepta
749 486 953 540 essent,
979 475 1131 530 nullo
1157 475 1318 529 modo
1345 471 1677 544 pertinentia
1703 473 1768 526 ad
1793 487 1914 526 eam
1943 486 2080 534 rem,

2205 471 2542 541 προσήκοντα
2579 465 2740 537 χρεία
2777 464 3159 536 πρυδιαλαϐὼν
3218 467 3312 518 καὶ
3359 465 3746 536 τερατευσάμε-

507 575 574 624 de
604 585 710 640 qua
741 579 854 622 tum
886 567 1172 638 agebatur,
1196 565 1592 636 protulissetet
1618 564 1882 634 gloriatus
1909 571 2079 625 esset,

505 664 601 734 qui
630 673 750 718 erat
779 663 900 732 ejus
927 675 1064 722 mos,
1095 667 1152 714 et
1181 657 1248 714 ad
1285 656 1500 714 laudem
1532 670 1686 710 suam
1721 653 1891 708 multa
1929 653 1998 706 de
2025 665 2084 706 se

506 756 802 829 gloriosius
835 752 1208 823 praedicasset,
1246 759 1302 804 et
1335 747 1829 804 commorationem
1873 745 1926 797 in
1964 755 2084 796 mo-

507 851 754 906 nasterio
790 849 986 902 factam
1016 855 1072 899 et
1093 841 1427 912 colloquium
1453 856 1578 896 cum
1613 839 1897 893 Barlaamo
1929 835 2088 892 insti-

505 956 684 1001 tutum
709 954 764 998 et
789 941 910 996 talia
935 941 1068 1002 fere,
1097 947 1386 1008 postquam
1414 949 1577 990 aures
1613 947 1806 988 eurum
1841 931 1934 1002 qui
1971 941 2087 986 tum

507 1039 756 1100 aderant,
779 1033 1128 1103 implevisset,
1155 1041 1211 1085 et
1229 1041 1484 1098 tanquam
1513 1026 1832 1096 jamdudum
1861 1037 2088 1094 praeme-

507 1131 742 1186 ditatum
767 1139 822 1181 et
851 1124 1178 1179 insidiosum
1207 1119 1541 1174 ostendisset
1561 1119 1851 1174 consilium
1883 1115 2090 1174 adven-

413 1290 418 1294 ν
510 1235 598 1278 tus
641 1222 724 1276 sui
765 1219 1002 1290 gloriosa
1047 1217 1280 1286 quadam
1309 1213 1610 1283 iactatione
1638 1249 1653 1275 ,
1687 1206 2089 1264 contieuit.At—

507 1331 616 1384 que
643 1326 705 1368 ut
739 1329 858 1381 qum
885 1307 1210 1377 interposita
1241 1313 1370 1362 sunt
1394 1303 1643 1357 omittam
1667 1311 1722 1356 et
1745 1314 2089 1372 quascunque

509 1411 666 1478 plane
703 1401 1032 1459 necessariis
1061 1399 1302 1460 obstant,
1345 1396 1412 1450 ad
1463 1396 1582 1450 haec
1627 1395 2000 1463 inexspectata
2034 1403 2092 1448 et

507 1494 900 1566 extemporalis
935 1491 1316 1560 prommiatus,
1349 1485 1648 1557 praemissis
1666 1485 1832 1556 268
1869 1483 1936 1538 iis
1969 1497 2090 1554 quae

509 1587 824 1645 necessaria
851 1593 1002 1648 sunt,
1033 1582 1312 1651 Gregoras
1360 1595 1578 1650 quoque
1619 1580 1879 1646 deinceps
1928 1591 2090 1646 roga~

513 1685 610 1748 vit,
643 1680 776 1750 quid
818 1694 878 1733 se
908 1684 1192 1746 oporteret
1235 1673 1421 1729 dicere
1455 1673 1522 1728 ad
1566 1672 1902 1726 voluntatem
1954 1672 2090 1738 imp.

511 1772 866 1831 tliviuissimi.
887 1771 1024 1825 Tum
1053 1769 1356 1838 imperator
1380 1785 1392 1820 :
1421 1765 1688 1836 Equidem
1713 1807 1726 1830 ,
1755 1763 1958 1834 inquit,
1987 1761 2091 1817 etsi

2185 579 2296 628 νος,
2336 563 2411 624 ὡς
2437 559 2641 620 εἰώθει.
2670 557 2766 612 καὶ
2803 559 2902 610 ὅσα
2941 558 3080 628 πρδς
3123 558 3347 611 ἔπαινον
3417 559 3746 626 ὲγκαλλωπι-

2188 655 2422 724 σάμενος
2451 651 2648 706 ἑαυτοῦ
2679 651 2810 720 περί
2843 668 2902 702 τε.
2933 651 3033 720 τῆς
3099 652 3157 705 ὲν
3212 651 3392 722 λαύρα
3462 650 3740 720 διατριϐῆς

2187 749 2280 802 καὶ
2311 748 2409 816 τῆς
2442 745 2577 814 πρὸς
2618 744 2889 815 Βαρλαάμ
2927 745 3244 811 διαλέξεως,
3284 745 3380 796 καὶ
3405 743 3658 796 τοιούτων
3689 743 3747 811 δή

2186 858 2354 894 τινων
2389 840 2488 901 τὰς
2515 838 2626 891 τῶν
2667 837 3096 908 παρατυχόντων
3151 835 3529 906 ὲμπεπληκὼς
3567 833 3749 896 ἀκοὰς,

2187 933 2282 983 καὶ
2313 928 2493 993 δείξας
2529 929 2700 980 οἱονεὶ
2727 927 3268 998 προϐεϐουλευμένον
3296 921 3439 980 εῖναι
3503 925 3598 978 καὶ
3642 924 3752 976 ἐπί-

2187 1023 2378 1104 ϐουλον
2411 1022 2502 1076 τὸν
2534 1021 2739 1074 σκοπὸν
2773 1023 2871 1092 τῆς
2910 1023 3222 1091 τηνικαῦτα
3255 1019 3424 1074 αὑτοῦ
3476 1037 3539 1088 γε
3572 1018 3750 1086 ἐπιδη-

2191 1117 2321 1186 μίας
2353 1117 2489 1186 πρὸς
2533 1115 2909 1186 ἐπιδεικτικὴν
2955 1114 3284 1184 φαντασίαν,
3339 1109 3460 1167 εἶτα
3515 1111 3752 1178 ἐσίγησε.

2190 1210 2301 1262 Καὶ
2327 1209 2412 1260 ἴνα
2441 1210 2541 1260 τάν
2579 1208 2734 1280 μέσῳ
2787 1208 3070 1278 παρέλθω,
3127 1207 3222 1260 καὶ
3255 1207 3358 1259 ὅσα
3407 1205 3520 1266 τοῖς
3551 1203 3752 1272 ἐμπρο-

2191 1301 2318 1354 σθεν
2349 1301 2670 1369 ἀναγκαίοις
2733 1299 2966 1368 γίγνοιτ’
3032 1301 3098 1353 ἂν
3168 1298 3446 1370 ἐμποδὼν,
3515 1295 3651 1366 πρὸς
3701 1293 3758 1345 τδ

2189 1394 2602 1465 ἀπροσδόκητον
2627 1391 2810 1446 τουτοῖ
2849 1391 2947 1446 καὶ
3002 1391 3272 1458 αἰφνίδιον
3325 1384 3760 1462 προοιμιασάμε-

2192 1503 2303 1552 νος,
2335 1486 2428 1539 καὶ
2453 1485 2841 1554 προδιαλαϐὼν
2876 1485 2978 1537 ὅσα
3039 1482 3216 1548 είκδς,
3250 1482 3348 1534 καὶ
3387 1483 3418 1534 ὁ
3479 1479 3519 1531 Γ
3527 1475 3760 1550 ρηγορᾶς

2194 1573 2259 1646 [ί.
2293 1573 2391 1629 I52
2420 1573 2473 1645 υ]
2503 1575 2530 1627 ὅ
2559 1591 2612 1626 τι
2645 1573 2711 1628 ἂν
2747 1574 2846 1627 καὶ
2874 1573 3011 1644 πρὸς
3041 1571 3208 1625 αὐτοῦ
3239 1572 3326 1640 εἴη
3361 1569 3670 1642 βουλομένῳ
3689 1565 3760 1634 τῷ

2195 1667 2464 1736 θειοτάτῳ
2501 1665 2718 1735 βασιλεῖ
2773 1666 3029 1734 λέγεσθαι
3081 1665 3284 1736 ἐφεξῆς
3327 1665 3516 1736 ἦρε-ιο.
3578 1663 3684 1714 Καὶ
3736 1661 3762 1711 ό

2197 1758 2480 1830 βασιλεὺς,
2529 1777 2547 1810 ι
2593 1759 2754 1828 Ἐμοὶ
2784 1759 2830 1812 δ’
2859 1761 2909 1812 εί
2949 1760 3044 1813 καὶ
3102 1759 3240 1828 πρὸς
3300 1758 3469 1821 ἄλλας
3519 1757 3694 1824 ἄγειν,
3740 1771 3756 1802 ι

511 1871 578 1922 ad
616 1867 719 1922 alia
765 1865 983 1931 incepta
1013 1861 1259 1915 animum
1317 1857 1608 1912 advertere
1656 1864 1976 1919 statueram,
2017 1863 2096 1908 ta-

2205 1855 2338 1924 ἓφη,
2373 1873 2392 1905 ι
2430 1855 2522 1905 τὸν
2565 1852 2691 1906 νοῦν
2743 1853 3031 1916 ὑποθέσεις
3083 1853 3232 1922 ἐνῆν,
3285 1851 3403 1906 ἀλλ’
3471 1843 3568 1902 οὖν
3627 1847 3762 1914 ὑμᾶς

515 1976 638 2014 men
681 1972 806 2012 cum
841 1971 937 2008 vos
983 1967 1130 2006 nunc
1159 1951 1372 2004 videam
1403 1947 1493 2002 hic
1523 1947 1734 2009 adesse,
1757 1945 2094 2002 convenien-

516 2055 626 2107 tius
651 2051 786 2106 mihi
818 2049 1033 2102 videtur
1063 2054 1271 2114 prtem
1319 2043 1554 2112 aliquam
1589 2040 1838 2110 quamvis
1873 2051 2095 2108 parVam

516 2147 857 2213 dogmatum,
889 2139 958 2193 de
989 2135 1194 2206 quibus
1241 2133 1496 2187 nonnulli
1531 2131 1864 2200 disceptant,
1912 2129 2095 2184 eccle-

515 2235 862 2292 siasticorum
897 2246 993 2301 per
1033 2243 1130 2282 vos
1158 2239 1512 2297 cognoscere.
1545 2223 1762 2280 Etenim
1791 2237 1848 2276 se
1875 2221 2096 2276 audisse

515 2331 658 2385 dixit
711 2323 1146 2394 disceptationes
1201 2331 1318 2373 non‘
1368 2319 1520 2373 leves
1565 2325 1722 2371 natas
1765 2329 1909 2380 esse,
1961 2313 2097 2368 alias

517 2421 680 2475 aliter
704 2417 772 2471 de
807 2409 1184 2468 voluminibus
1209 2413 1264 2460 et
1294 2405 1544 2474 scriptis,
1573 2419 1696 2472 quae
1740 2401 1879 2456 dixit
1909 2399 2097 2454 nescio

519 2507 798 2580 quomodo
847 2509 968 2556 orta
1013 2512 1158 2559 esse,
1211 2494 1362 2564 rejici
1401 2501 1580 2545 tamen
1616 2503 1647 2544 a
1682 2488 1860 2544 doctis
1888 2485 2096 2550 multis,

522 2603 650 2656 data
681 2611 849 2665 Opera
893 2597 1201 2646 monstrare
1227 2583 1540 2640 volentibus
1567 2580 1905 2651 periculosas
1929 2591 2099 2646 quas-

519 2693 644 2746 dam
671 2684 956 2754 theologia:
993 2680 1306 2750 dogmatum
1339 2673 1614 2729 novitates
1657 2669 1766 2725 illis
1804 2665 2097 2722 contineri.

523 2781 784 2838 Volebam
816 2777 984 2844 igitur
1015 2769 1253 2826 concilio
1304 2767 1372 2821 ad
1405 2764 1744 2832 colloquium
1796 2767 2100 2816 convocato

517 2871 924 2930 correctionem
974 2877 1256 2936 peragere.
1305 2859 1412 2915 Sed
1448 2873 1572 2914 cum
1609 2872 1699 2910 res
1747 2871 1855 2908 non
1899 2865 2101 2907 conve-

519 2966 656 3030 niat,
691 2975 838 3016 nunc
873 2955 1100 3026 quidem
1145 2953 1274 3007 volo
1317 2965 1386 3004 ex
1427 2949 1604 3006 vobis.
1636 2947 1729 3015 qui
1775 2957 2102 3013 quacunque

519 3062 587 3113 de
619 3069 786 3109 causa
818 3051 910 3104 ltie
940 3045 1168 3110 adestis,
1201 3042 1268 3098 de
1300 3047 1449 3096 certa
1483 3037 1719 3108 quadam
1755 3051 1814 3089 re
1856 3036 1974 3104 ipse
2007 3049 2104 3086 au-

521 3152 660 3203 dire.
689 3147 824 3199 Nam
861 3141 1118 3193 volumen
1153 3133 1312 3198 illud,
1348 3131 1496 3202 quod
1549 3130 1926 3198 frequentatas
1971 3141 2102 3179 cou-

524 3239 802 3296 tentiones
841 3241 896 3286 et
927 3227 1362 3298 disceptationes
1401 3223 1669 3288 continet,
1703 3221 1840 3274 mihi
1879 3235 2010 3274 cum
2045 3219 2100 3272 in

525 3329 916 3388 Thessalonica
965 3337 1232 3382 versarer,
1267 3318 1490 3382 accidit,
1525 3325 1582 3370 ut
1623 3329 1802 3382 neque
1831 3313 1963 3380 quid
1997 3311 2100 3364 sibi

523 3427 692 3482 \eilet
721 3419 1105 3487 intelligerent,
1129 3427 1304 3482 neque
1335 3419 1518 3462 utrum
1548 3423 1676 3460 vera
1697 3422 1764 3458 an
1797 3405 1930 3459 falsa
1953 3403 2108 3456 exlti-

529 3521 689 3575 Leret
734 3514 785 3567 ei
819 3511 910 3580 qui
943 3515 1200 3563 accurate
1249 3515 1500 3570 quatrere
1556 3499 1742 3552 vellet.
1771 3498 1976 3552 Vereor
2001 3511 2104 3549 au-

529 3625 662 3670 tem,
707 3623 772 3660 ue
805 3601 936 3656 mihi
973 3611 1193 3668 quoque
1227 3594 1506 3648 adhaereat
1542 3605 1704 3660 poma
1735 3589 1940 3652 divina,
1975 3587 2103 3656 quia

527 3715 584 3760 ct
651 3703 766 3765 ipse
827 3710 952 3750 cum
1025 3687 1264 3744 concilio
1341 3685 1542 3752 hospes
1610 3691 1798 3750 postea
1853 3681 2104 3732 adessem

529 3791 876 3864 aliquandiu,
923 3785 1032 3838 alio
1083 3779 1436 3851 pra-sidente,
1469 3775 1676 3828 invitus
1727 3789 1924 3826 nomen
1975 3771 2106 3826 sub-

531 3883 726 3953 scripsi
770 3881 838 3934 ab
887 3893 954 3932 eo
1005 3881 1248 3928 coactus.
1289 3869 1421 3934 Quae
1473 3866 1622 3922 enim
1673 3866 2110 3918 intercesserunt

531 3977 696 4049 269
727 3971 942 4032 omitto,
975 3981 1099 4020 cum
1153 3960 1434 4030 angustias
1463 3957 1725 4034 temporis
1774 3956 1946 4009 vitare
1994 3969 2104 4007 non

533 4048 760 4138 possim.
793 4062 1064 4128 Gregnras
1091 4055 1370 4108 referens:
1411 4049 1700 4120 Equidem,
1731 4048 1947 4116 inquit,
1979 4061 2106 4100 cum

531 4137 600 4212 ex
629 4159 786 4224 longo
819 4161 1066 4217 tempore
1095 4143 1384 4210 theologia:
1411 4139 1668 4210 mysteria
1703 4139 1756 4192 in
1782 4153 1877 4192 ore
1909 4137 2108 4190 habere

531 4267 641 4306 non
679 4246 832 4300 valde
870 4241 1158 4296 auderem,
1193 4235 1286 4287 sed
1323 4247 1515 4286 eorum
1555 4241 1609 4284 et
1651 4229 1850 4282 famam
1881 4237 1938 4282 et
1961 4228 2112 4297 judi-

531 4341 678 4392 cium
721 4335 1027 4390 borrerem,
1066 4324 1248 4378 statim
1289 4333 1546 4391 tanquam
1600 4321 1668 4374 ab
1720 4321 1842 4390 igne
1882 4333 1968 4372 me
2023 4333 2110 4372 re-

535 4429 692 4483 traxi.
732 4426 866 4478 Nam
909 4421 1005 4474 ubi
1045 4415 1254 4487 magnis
1281 4425 1337 4470 et
1380 4413 1536 4468 valde
1588 4413 1764 4468 doctis
1809 4419 2112 4482 pracepto-

2195 1947 2394 2018 ὁρῶντι
2451 1945 2887 2010 συνεληλυθότας
2931 1943 3026 1998 νῦν
3073 1943 3330 2000 ἐνταυθοί
3410 1940 3762 2013 καιριώτερον

2196 2037 2338 2092 εἶναι
2364 2039 2515 2090 δοκεῖ
2551 2037 3022 2108 πολλοστημόριόν
3048 2053 3102 2090 τι
3135 2037 3267 2108 περὶ
3288 2029 3364 2090 ὧν
3387 2035 3527 2088 ένιοι
3569 2033 3763 2100 διαφω-

2196 2129 2385 2184 νοῦσιν
2457 2128 2938 2197 ὲκκλησιαστικῶν
3008 2129 3298 2198 δογμάτων
3373 2108 3572 2198 μαθεῖν
3637 2122 3763 2192 πρὸς

2197 2219 2376 2288 ὑμῶν.
2422 2236 2442 2271 ι
2489 2217 2597 2272 Καὶ
2621 2219 2732 2287 γὰρ
2757 2215 2981 2270 ἀκούειν
3015 2216 3221 2286 ἔφησεν
3261 2215 3448 2286 ἔριδας
3475 2213 3539 2266 ού
3573 2209 3764 2281 μικρὰς

2197 2311 2477 2380 φυομένοις
2512 2309 2692 2363 ἄλλοτ’
2723 2309 2898 2373 ἄλλως
2947 2312 3080 2379 περὶ
3123 2309 3309 2378 τόμων
3363 2307 3458 2360 καὶ
3511 2301 3764 2376 γραμμά-

2201 2422 2308 2456 των
2334 2447 2350 2470 ,
2399 2421 2418 2454 ι
2461 2404 2530 2458 ’Δ
2567 2403 3034 2474 ’προγεγέννηνται
3095 2405 3234 2473 μὲν,
3275 2421 3294 2454 ι
3355 2401 3547 2472 φησὶν,
3610 2418 3630 2451 ι
3672 2399 3764 2451 οὐκ

2198 2491 2298 2548 οἷδ’
2330 2497 2502 2562 ὅπως,
2543 2495 2866 2548 ἁθετοῦνται
2894 2495 2951 2548 δὲ
2985 2495 3122 2565 πρὸς
3160 2495 3376 2548 πολλῶν
3439 2491 3762 2561 ἐλλογίμων,

2201 2588 2477 2656 ἐπισφαλῆ
2521 2605 2644 2640 τινα
2673 2586 2958 2655 θεολογίας
3024 2585 3388 2656 καινοφανοῦς
3446 2583 3768 2654 ἐμπεριέχε-

2204 2682 2330 2734 σθαι
2360 2679 2572 2744 τούτοις
2602 2681 2872 2734 δεικνύειν
2898 2682 3146 2750 δόγματα
3189 2680 3338 2752 μάλα
3375 2676 3629 2748 σφοδρῶς
3657 2677 3766 2729 δια·

2201 2775 2552 2844 τεινομένων.
2597 2775 2936 2846 Ἐϐουλόμην
2981 2775 3080 2843 μὲν
3102 2770 3196 2826 οὗν
3249 2772 3540 2844 παρρησίᾳ
3575 2770 3770 2824 συνοδι-

2203 2867 2274 2936 κῇ
2316 2865 2414 2935 τὴν
2445 2863 2737 2934 διόρθωσιν
2769 2864 3205 2934 διαπράξασθαι·
3257 2861 3365 2914 τῶν
3418 2861 3474 2914 δὲ
3523 2862 3771 2930 πραγμά-

2201 2971 2312 3008 των
2344 2956 2403 3008 οὐ
2435 2953 2869 3024 συγχωρούντων
2909 2954 2966 3006 έν
2995 2971 3059 3021 γε
3094 2955 3172 3020 τῷ
3211 2951 3466 3024 παρόντι,
3509 2951 3768 3022 βούλομαι

2204 3048 2336 3117 παρ’
2363 3046 2518 3115 ὑμῶν
2558 3047 2692 3112 γοῦν
2722 3045 2974 3098 ἐνταυθοί
3011 3046 3108 3098 νῦν
3141 3043 3570 3113 ὁπωσδηποτοῦν
3622 3060 3771 3096 συνε-

2205 3135 2518 3206 ληλυθότων
2559 3136 2687 3206 περὶ
2729 3137 3197 3196 ὲνὸς¹οὑτινοσοῦν
3227 3139 3504 3205 αὐτήκοος
3561 3138 3772 3206 γεγονέ-

2205 3245 2315 3284 ναι.
2349 3229 2454 3281 Τὸν
2491 3227 2599 3296 γὰρ
2633 3227 2730 3288 τὰς
2763 3227 3169 3298 θρυλλουμένας
3201 3229 3388 3300 ἔριδας
3448 3231 3548 3282 καὶ
3581 3231 3773 3296 διαφω-

2204 3323 2324 3384 νίας
2353 3322 2646 3391 ἀγείροντα
2679 3321 2846 3391 τόμον
2885 3321 3021 3391 ἐμοῦ
3064 3323 3436 3392 διατρίϐοντος
3475 3325 3536 3374 έν
3577 3323 3773 3374 Θεσσαο

2206 3413 2394 3483 λονὶκῃ
2426 3413 2801 3482 συμπέπτωκε
2853 3413 3205 3482 γεγενῆσθαι,
3269 3413 3343 3476 ὡς
3409 3413 3540 3483 μήθ’
3571 3413 3606 3467 ἃ
3635 3413 3774 3480 λέγει

2205 3505 2499 3572 γινώσκειν
2543 3506 2666 3573 ἐμὲ,
2731 3505 2862 3574 μήθ’
2923 3505 3072 3568 ὅπως
3133 3505 3396 3576 ἀληθείας·
3465 3508 3498 3576 ἢ
3553 3507 3772 3576 ψεύδους

2207 3600 2522 3668 Exegerat;
2583 3600 2830 3671 ἀκριϐῶς
2885 3599 3162 3666 ἐξετάζειν
3215 3600 3479 3670 βούλοιτο.
3530 3603 3685 3653 Δέδια
3731 3598 3772 3651 δ’

2206 3688 2299 3743 οὖν
2331 3691 2404 3760 μὴ
2455 3691 2625 3759 κάμοὶ
2663 3691 3020 3762 προπριὸείη
3091 3693 3266 3762 κρίμα
3323 3693 3534 3756 θεόθεν,
3569 3693 3649 3746 ὅτι
3685 3691 3774 3745 καὶ

2208 3783 2370 3843 αὐτὸς
2407 3783 2470 3852 τῇ
2513 3783 2876 3855 βασιλευούσῃ
2913 3785 3054 3848 τέως
3081 3786 3504 3855 ἐπιδεδημηκὼς
3539 3789 3598 3838 ὲν
3622 3783 3770 3837 ὑστέ-

2211 3892 2346 3944 ροις,
2381 3875 2569 3944 ἑτέρου
2593 3876 2732 3938 τέως
2759 3877 2858 3946 τὴν
2899 3876 3153 3940 ἐξουσίαν
3185 3877 3423 3948 ἔχοντος,
3463 3879 3618 3932 ἄκων
3645 3878 3767 3930 ὑπέ-

2208 3968 2420 4036 γραψα,
2454 3967 2700 4034 βιαςθεὶς
2741 3969 2832 4020 ὑπ’
2870 3969 3035 4021 αὐτοῦ
3069 3969 3328 4042 (τάςγάρ
3357 3971 3414 4023 έν
3440 3971 3595 4041 μέσῳ
3645 3966 3773 4038 σιγῶ

2209 4059 2428 4128 τύχας),
2455 4059 2556 4112 οὐκ
2597 4059 2738 4129 ἔχων
2777 4061 2926 4123 ὅπως
2951 4061 3018 4114 ἂν
3058 4061 3361 4132 ἐκφύγοιμι
3396 4063 3456 4116 τὸ
3491 4065 3592 4132 τῆς
3634 4062 3774 4132 ὥρας

2213 4148 2412 4220 βίαιον.
2471 4171 2487 4202 ι
2529 4150 2587 4202 ’0
2617 4153 2672 4204 δὲ
2706 4153 2999 4221 Γρηγορᾶς
3047 4153 3340 4206 ὑπολαϐών
3383 4171 3586 4226 φησιν·
3627 4173 3646 4207 ι
3687 4155 3776 4216 Ὠς

2212 4239 2322 4304 ἐγὼ
2357 4237 2404 4290 δ’
2437 4243 2501 4292 ἐκ
2535 4239 2732 4292 πολλοῦ
2760 4239 2828 4291 τὰ
2871 4241 2972 4309 τῆς
3013 4241 3294 4309 θεολογίας
3361 4245 3638 4316 μυστήρια
3687 4241 3775 4311 φέ-

2216 4347 2330 4400 ρειν
2371 4331 2460 4383 διὰ
2487 4332 2712 4401 χειλέων
2744 4333 2804 4384 οὐ
2841 4333 2983 4402 μάλα
3037 4334 3276 4405 τολμῶν,
3349 4335 3486 4388 ἀλλὰ
3548 4337 3774 4406 φρίττων

2213 4422 2307 4472 καὶ
2336 4421 2508 4488 ἀκοὴν
2545 4421 2641 4474 καὶ
2684 4421 2947 4508 διάνοιαν,
3007 4424 3308 4494 ἀπεπήδων
3359 4427 3524 4490 εὐθὺς
3565 4429 3642 4489 ὡς
3679 4423 3776 4478 ἀπὸ

535 4522 691 4574 ribus
719 4517 866 4570 illius
897 4511 1156 4568 Ecclesia:
1207 4507 1743 4562 administrationem
1783 4515 1838 4558 ut
1881 4503 2102 4557 omnino

2217 4511 2408 4579 πυρόε.
2444 4511 2620 4564 Ὅπου
2655 4513 2767 4583 γὰρ
2799 4503 2914 4576 τοῖς
2964 4516 3222 4584 μεγάλοις
3284 4518 3377 4569 καὶ¹
3433 4519 3641 4588 σφόδρα
3696 4533 3777 4568 σο-

532 4619 856 4668 excuterem.
883 4604 1106 4673 obtigit,
1148 4615 1331 4656 nonne
1383 4611 1571 4666 aperte
1644 4596 2018 4650 insaniremus
2063 4595 2110 4649 si

538 4705 666 4762 talia
699 4707 937 4754 tractare
972 4695 1258 4754 vellemus.
1300 4707 1426 4754 cum
1463 4705 1532 4742 ne
1565 4703 1737 4757 pauca
1764 4687 1988 4757 quidem
2017 4702 2115 4741 eo-

539 4811 658 4852 rum
695 4807 818 4860 qua:
844 4791 919 4844 illi
951 4787 1164 4842 discere
1193 4780 1580 4852 potuerimus?
1603 4783 1781 4846 Atque
1812 4787 1870 4832 ut
1893 4777 1998 4832 mei
2027 4795 2114 4832 ra-

537 4890 692 4944 tione
713 4881 897 4936 habita
928 4877 1144 4947 planius
1173 4887 1463 4943 exponam,
1492 4885 1600 4939 quo
1633 4869 1818 4923 animo
1849 4869 2114 4936 paulatim

537 4976 772 5030 allectus
812 4975 915 5024 sim
961 4970 1014 5024 in
1049 4967 1152 5021 tale
1181 4977 1341 5020 antea
1371 4971 1698 5030 conceptum
1754 4960 2114 5028 propositum,

540 5083 691 5130 cum,
731 5073 946 5119 mortuo
977 5059 1321 5115 divinissimo
1350 5069 1404 5110 et
1435 5055 1596 5108 beato
1627 5037 1780 5120 patre
1827 5063 1942 5114 tuo,
1969 5055 2116 5106 claro

543 5135 633 5213 illo
665 5159 822 5226 imp.,
869 5170 954 5208 res
979 5151 1292 5207 Graecorum
1343 5151 1394 5200 iu
1447 5145 1738 5200 tumultum
1771 5145 2000 5198 civilem.
2025 5146 2120 5197 ad-

541 5253 873 5306 ducerentur
894 5257 952 5301 et
975 5245 1176 5298 ﬂuetus
1205 5239 1494 5295 miserrimi
1523 5239 1578 5292 in
1620 5238 1804 5292 divina
1859 5237 2120 5294 Ecclesiae

541 5345 792 5412 dogmata
825 5341 1275 5410 prorumperent,
1294 5341 1350 5386 et
1400 5331 1546 5384 velut
1578 5339 1768 5385 coorta
1799 5340 2118 5396 tempestate

539 5445 596 5488 et
639 5443 796 5487 nocte
831 5431 1014 5486 omnia
1045 5425 1292 5484 tenebris
1334 5434 1518 5478 essent
1553 5423 1796 5480 involuta
1823 5463 1838 5486 ,
1889 5423 1964 5477 ita
2017 5434 2076 5476 ut
2103 5463 2120 5486 ,

543 5528 690 5597 quod
717 5527 878 5594 vulgo
913 5524 1100 5576 dicere
1131 5520 1330 5585 solent,
1367 5533 1526 5576 nemo
1583 5534 1614 5572 e
1641 5518 1912 5572 sideribus
1967 5517 2123 5572 colli-

543 5635 672 5689 gere.
700 5625 904 5686 posset,
935 5629 1043 5682 quo
1071 5613 1324 5674 ferretur,
1355 5625 1592 5679 cumque
1617 5611 1800 5664 omnia
1836 5609 2122 5678 surgentia

544 5721 600 5764 et
636 5707 884 5762 cadentia
921 5716 1149 5758 eatenus
1187 5719 1283 5770 pro
1317 5703 1706 5770 conjunctione
1735 5701 2122 5756 excitareutet

551 5800 784 5854 maxime
838 5815 900 5854 ea
955 5813 1074 5868 qua:
1133 5795 1364 5865 quisque
1397 5804 1662 5865 speraret,
1723 5797 1773 5847 in
1815 5795 2120 5862 periculum

2216 4605 2338 4670 φοῖς
2373 4604 2722 4668 διδασκάλοις
2747 4607 2966 4678 ἐκείνης
3009 4609 3109 4677 τῆς
3145 4609 3476 4680 Ἐκκλησίας
3539 4609 3778 4664 ἀποσείε-

2217 4697 2340 4748 σθαι
2362 4697 2464 4765 τὴν
2515 4698 2832 4768 ἐγχείρησιν
2896 4701 3200 4769 ὁλοσχερῶς
3242 4701 3578 4767 συνέϐαινεν,
3609 4697 3642 4772 ἦ
3679 4715 3774 4752 που

2220 4789 2389 4857 μανία
2439 4790 2616 4860 σαφὴς
2638 4793 2787 4860 ἡμᾶς
2837 4794 3112 4864 ἐγχειρεῖν
3165 4797 3280 4858 τοῖς
3319 4795 3608 4859 τοιούτοις,
3649 4793 3774 4865 μηδὲ

2222 4885 2394 4951 μικρά
2417 4883 2550 4950 γοῦν
2585 4884 2690 4936 τῶν
2721 4886 2820 4937 ὅσα
2857 4887 3060 4938 ἐκεῖνοι
3087 4887 3280 4956 μαθεῖν
3339 4907 3426 4941 πω
3492 4885 3774 4955 δεδυνημέ-

2221 4990 2360 5036 νους.
2393 4977 2504 5028 Καὶ
2533 4977 2618 5027 ἵνα
2648 4977 2706 5029 τὸ
2741 4977 2864 5029 κατ’
2893 4977 3130 5047 ἐμαυτὸν
3173 4977 3458 5032 ἀναλαϐὼν
3512 4977 3776 5049 διηγήσω-

2223 5084 2319 5132 μαι
2351 5065 2700 5136 τελεώτερον,
2719 5071 2865 5132 ὅπως
2895 5069 3097 5138 δηλαδὴ
3117 5071 3290 5140 κάμοὶ
3324 5069 3460 5137 πρὸς
3485 5069 3585 5139 τὴν
3605 5065 3776 5120 τοιαύ-

2220 5175 2318 5226 την
2357 5158 2417 5223 ἐξ
2457 5160 2630 5228 ἀρχῆς
2676 5158 2931 5212 ὑπόθεσιν
2995 5159 3304 5230 διατεθῆναι
3361 5161 3772 5232 συμπέπτωκεν,

2225 5249 2348 5300 ἐπεὶ
2377 5255 2514 5315 μετά
2532 5251 2622 5300 τὸν
2645 5251 2740 5303 τοῦ
2771 5251 3054 5304 θειοτάτου
3101 5255 3196 5306 καὶ
3235 5255 3545 5322 μακαρίτου
3588 5249 3776 5318 πατρός

2224 5355 2315 5388 σου
2343 5337 2594 5403 θάνατον,
2631 5339 2725 5390 τοῦ
2755 5339 3002 5408 ἀοιδίμου
3033 5343 3177 5410 φημὶ
3207 5341 3272 5414 [ί.
3293 5342 3394 5396 155
3426 5341 3502 5412 r.]
3529 5337 3778 5410 βασιλέως

2223 5429 2456 5491 ἐκείνου,
2483 5431 2618 5500 πρὸς
2655 5433 2918 5499 ἐμφύλιον
2951 5433 3142 5485 στάσιν
3192 5435 3259 5487 τὰ
3315 5433 3600 5502 Ῥωμαίων
3625 5428 3776 5496 ἠγέρ-

2224 5519 2290 5588 θη
2341 5521 2648 5588 πράγματα
2681 5522 2773 5574 καὶ
2816 5522 2938 5591 ἅμα
2977 5526 3115 5577 κατά
3160 5525 3269 5578 τῶν
3315 5524 3477 5578 θείων
3515 5524 3608 5593 τῆς
3666 5519 3779 5572 Ἐκ-

2223 5613 2453 5681 κλησίας
2487 5612 2772 5681 δογμάτων
2802 5617 2872 5667 τὰ
2906 5617 3156 5686 χείριστα
3217 5619 3355 5688 πρὸς
3391 5620 3584 5672 κακίαν
3629 5611 3778 5682 ἀνέρ-

2229 5705 2370 5772 ῥωγε
2403 5704 2650 5775 κύματα,
2685 5709 2776 5762 καὶ
2801 5709 2991 5777 ὥσπερ
3051 5712 3111 5764 έν
3143 5711 3372 5782 χειμῶνι
3405 5714 3500 5766 καὶ
3533 5709 3684 5763 νυκτὶ
3715 5705 3776 5756 τὰ

2229 5799 2404 5850 πάντα
2445 5798 2610 5868 ζόφος
2650 5797 2737 5869 ἦν,
2779 5803 2854 5866 ὡς
2898 5805 3034 5872 μηδὲ
3075 5804 3322 5874 ἄστροις,
3353 5805 3416 5857 τὸ
3463 5799 3798 5896 epitheti”:
