4046 6290
363 283 472 346 ΞΠ

1326 287 1762 347 ΒΥΖΛΝΤῙΝΛΞ
1799 284 2180 350 ΗΙΞΤΟΒΗΕ
2236 291 2375 352 Llll.
2421 293 2602 354 XXX.

3523 294 3632 382 ass

366 422 478 468 νον,
513 403 637 457 ὅποι
670 404 890 474 φέροιτό
924 423 1008 468 τις
1059 406 1323 461 δύνασθαι
1366 409 1792 478 τεκμαίρεσθαι,
1854 410 1931 460 κα¹

2057 418 2339 472 vocarent,
2375 421 2654 480 quatenus
2672 419 2880 464 remota
2904 419 2961 462 et
2985 409 3272 477 desperata
3293 417 3435 462 t'ssct
3460 409 3628 466 salus.

364 495 530 548 πάντ’
570 497 682 550 ἅνω
722 499 815 550 καλ.
847 499 999 551 κάτω
1038 500 1450 570 μεταπίπτοντα
1501 502 1653 571 παρὰ
1685 502 1944 557 τοσοῦτον

361 589 425 639 ἐκ
458 587 552 641 τοῦ
582 588 852 658 σύνεγγυς
889 591 1056 644 ἐτίθει
1082 609 1141 644 τε
1173 595 1267 644 καὶ
1316 594 1466 662 μάλα
1498 593 1607 646 τῶν
1647 594 1944 662 ἐλπιζομέ-

362 699 473 734 νων
507 683 759 746 ἑκάστοις
783 684 958 736 ἐποίει
976 684 1032 736 τὸ
1066 685 1410 738 ἐπικίνδυνον
1448 688 1577 756 παρ’
1612 687 1738 740 ὅσον
1756 687 1944 757 πόρρω

363 781 462 826 καὶ
503 775 729 828 δύσελπι
759 777 1032 841 τὰσσαλὲς
1060 779 1140 846 (έν
1177 783 1286 846 γὰρ
1325 779 1645 850 διχοστασίῃ
1683 781 1820 848 φησὶ
1852 780 1944 829 τὸν

365 868 470 934 μὲν
501 867 789 932 πάγκακον
812 867 1109 936 τυγχάνειν
1137 868 1328 938 τιμῆς,
1357 871 1449 921 τὸν
1488 871 1545 922 δὲ
1611 869 1705 922 καὶ
1754 871 1942 922 ὁπωσο

358 957 457 1010 οὖν
490 961 787 1028 μετέχοντα
827 959 921 1012 τοῦ
962 960 1234 1028 βελτίονος
1289 961 1506 1033 θρήνων
1555 962 1788 1032 πάσχειν
1815 961 1942 1025 ἄξια

361 1051 463 1103 καὶ
497 1051 778 1120 τραγικῶν
809 1051 1112 1106 ἀπολαύειν
1142 1053 1252 1105 τῶν
1287 1052 1636 1124 συμφορῶν),
1677 1053 1786 1106 τῶν
1801 1069 1941 1122 κρα-

361 1144 564 1197 τίστων
604 1142 744 1197 εἷναί
777 1162 871 1215 μοι
907 1145 996 1198 τὸν
1037 1146 1264 1216 ἡσύχιον
1317 1146 1466 1211 Εδοξε
1525 1146 1642 1216 βίον
1701 1147 1942 1212 ἑλέσθαι,

359 1234 476 1286 τῶν
510 1233 810 1303 βασιλικῶν
836 1236 1100 1307 ἀφεμένω
1132 1236 1401 1310 θεάτρων.
1461 1237 1570 1293 Τοῦ
1613 1240 1725 1311 γὰρ
1760 1241 1941 1310 ἐρεθί-

361 1325 551 1389 ζοντος
582 1329 676 1380 καλ⁸
706 1330 889 1401 μάχην
915 1333 1128 1384 ἐκεῖθεν
1157 1333 1458 1386 ἀντίπαλον
1486 1333 1813 1397 ἀνιστῶντος
1843 1335 1944 1387 οὐκ

360 1413 518 1476 δντος
553 1417 610 1468 ἐν
649 1417 950 1489 ὀφθαλμοῖς
1001 1419 1158 1488 ἡμῶν
1208 1421 1444 1490 ἀφανείᾳ
1482 1421 1942 1492 κεκαλυμμένων,

362 1504 680 1558 παύσεσθαι
733 1507 795 1560 τὸ
826 1508 1130 1577 νεμόμενον
1187 1511 1287 1578 τῆς
1335 1509 1462 1564 καθ’
1510 1511 1672 1581 ἡμῶν
1739 1511 1942 1574 κακίας

360 1590 570 1662 ᾠήθην.
607 1594 774 1646 Ὅθεν
806 1595 994 1661 ἐπειδὴ
1031 1597 1143 1658 τοῖς
1193 1597 1378 1662 ἄλλοις
1437 1598 1795 1670 παραινοῦντί
1850 1616 1942 1667 μοι

359 1687 491 1748 τοὺς
538 1684 894 1754 πειθομένους
923 1687 1110 1758 ἥκιστ’
1139 1689 1288 1759 ἒχειν
1315 1691 1464 1760 ἐνῆν,
1517 1691 1580 1742 τὸ
1616 1690 1738 1744 κατ’
1772 1692 1944 1760 έμαυ-

361 1778 458 1831 τὸν
492 1778 714 1832 ἐποίουν
771 1781 972 1845 αὑτός·
1005 1781 1238 1852 θόρυϐον
1293 1783 1396 1852 μὲν
1446 1784 1558 1854 γὰρ
1617 1784 1677 1849 ἐξ
1714 1785 1942 1854 εἰρήνης

362 1870 551 1942 ῥᾴδιον
588 1870 685 1924 καὶ
736 1875 849 1935 τοῖς
879 1873 1234 1941 φαυλοτάτοις
1275 1876 1373 1928 καὶ
1432 1876 1702 1946 βάναυσον
1745 1876 1940 1945 ἄγουσι

362 1964 484 2032 βίον
520 1968 721 2032 ποιεῖν,
754 1967 818 2020 έκ
839 1965 896 2018 δὲ
937 1965 1184 2038 θορύϐων
1212 1970 1439 2039 εἰρήνην
1471 1971 1592 2024 οὐδὲ
1650 1971 1764 2032 τοῖς
1805 1971 1937 2038 σφό-

355 2060 466 2130 δρα
508 2065 756 2126 συνετοῖς
784 2065 930 2132 μάλα
971 2082 1026 2118 τι
1049 2064 1252 2118 εὔοδον.
1283 2064 1357 2119 Τὸ
1409 2063 1510 2134 μὲν
1565 2065 1674 2134 γὰρ
1721 2066 1942 2117 αύτονο-

359 2156 464 2227 μίᾳ
492 2157 707 2225 φύσεως
745 2158 964 2226 ἄγεται,
999 2161 1032 2228 ἡ
1060 2159 1118 2212 δὲ
1161 2157 1324 2226 φύσις
1365 2158 1604 2212 ἄτακτον
1635 2159 1731 2211 καὶ
1795 2155 1936 2211 ἀνώ-

358 2247 534 2315 μαλον
564 2247 912 2316 ὡμολόγηται
952 2244 1134 2300 εἶναι’
1175 2249 1238 2300 τὸ
1268 2247 1326 2299 δὲ
1372 2246 1598 2316 παιδείᾳ
1633 2246 1730 2298 καὶ
1782 2248 1938 2300 συνέ-

352 2356 440 2390 σεν.
476 2339 878 2412 βεϐουλευμένῃ
899 2341 991 2393 καὶ
1022 2339 1270 2407 σώφροσι
1294 2339 1576 2408 λογισμοῖς
1610 2335 1934 2402 οἰακίζεται.

351 2431 523 2483 Ὅθεν
553 2431 614 2484 τὸ
641 2433 739 2500 μὲν
769 2436 864 2484 καὶ
894 2433 996 2496 τὰς
1027 2434 1129 2485 ούκ
1155 2433 1324 2495 οὔσας
1357 2432 1696 2486 ἀναπλάττει
1721 2433 1935 2502 προφά-

348 2541 495 2589 σεις,
527 2525 717 2596 ἐφόδια
760 2525 985 2597 πορίζον
1025 2529 1148 2589 ταῖς
1199 2526 1438 2596 μάχαις·
1479 2526 1540 2578 τὸ
1599 2525 1656 2578 δὲ
1698 2525 1794 2580 καὶ
1836 2526 1934 2588 τὰς

344 2615 523 2680 οὔσας
586 2619 880 2688 ἐκτέμνειν
930 2621 1216 2688 πειρᾶται,
1274 2618 1526 2690 καθάπερ
1583 2617 1765 2688 ἰατρὸς
1833 2618 1935 2687 πρὸ

346 2712 448 2780 τῆς
484 2710 723 2782 βλάστης
748 2714 802 2765 έν
830 2715 895 2783 τῇ
924 2712 1051 2786 ῥίζῃ
1083 2715 1184 2783 τὴν
1216 2711 1518 2784 θεραπείαν
1564 2710 1930 2781 τεχνώμενσς.

361 2799 518 2852 Ἐπεὶ
553 2799 610 2852 δὲ
642 2802 735 2854 καὶ
761 2803 1057 2872 ἀφορισμῷ
1093 2803 1365 2871 Παλαμᾶν
1423 2803 1566 2870 μετὰ
1599 2802 1699 2869 τῆς
1760 2797 1930 2852 αὐτοῦ

347 2893 628 2961 φρατρίας
698 2894 921 2960 ἁπάσης
965 2901 1060 2948 καὶ
1100 2893 1369 2964 χωρισμῷ
1409 2893 1546 2946 Θεοῦ
1623 2893 1932 2946 καθυποϐε-

347 2984 586 3052 ϐλῆσθαι
626 2986 949 3056 συμϐέϐηκε
1003 2987 1152 3039 δυοῖν
1216 2987 1579 3057 πατριαρχῶν
1637 2987 1731 3040 καὶ
1789 2986 1930 3040 ὅλων

2056 500 2188 554 Nam
2209 502 2264 555 in
2288 501 2557 556 seditione
2575 501 2649 557 ait
2673 511 2826 572 poeta
2849 500 3148 571 pessimum
3170 516 3386 570 quoque
3412 502 3632 570 assequi

2058 593 2320 647 honorem
2347 594 2546 663 1270
2566 593 2657 663 qui
2695 604 2876 647 autem
2919 607 3250 663 quocunque
3281 592 3442 644 modo
3465 593 3637 660 partis

2058 683 2299 738 melioris
2326 685 2608 739 studiosus
2638 685 2730 745 sit,
2759 701 2884 738 eum
2911 685 3126 755 perpeti
3163 700 3249 737 res
3279 683 3634 738 miseratione

2054 773 2245 842 dignas
2270 783 2323 829 et
2365 777 2554 830 subire
2605 793 2765 830 casus
2815 781 3069 846 tragicos.
3120 775 3404 846 Optimum
3465 776 3634 848 igitur

2055 865 2187 920 mihi
2218 867 2394 921 visum
2423 868 2898 938 est,tranquillam
2953 871 3208 938 praeferre
3263 870 3452 930 vitam,
3483 868 3637 923 thea-

2057 970 2140 1012 tro
2187 958 2549 1029 imperatorio
2582 961 2797 1015 relicto.
2830 960 2966 1016 Cum
2999 961 3144 1016 cnim
3183 963 3278 1032 qui
3308 960 3552 1016 irritaret
3577 973 3632 1016 et

2053 1065 2292 1120 pugnant
2317 1053 2624 1123 oppositam
2670 1054 2773 1109 bac
2805 1070 2863 1108 re
2915 1054 3204 1117 excitaret,
3260 1065 3389 1109 ante
3443 1055 3636 1110 oculos

2053 1150 2273 1198 nostros
2304 1159 2413 1197 non
2457 1154 2794 1207 versaretur,
2831 1145 3034 1216 quippe
3057 1145 3150 1216 qui
3181 1145 3428 1200 tenebris
3482 1147 3636 1200 invo-

2052 1233 2152 1286 luti
2181 1248 2449 1302 essemus,
2472 1236 2731 1304 putabam
2760 1227 2876 1291 fore
2902 1246 2959 1290 ut
3003 1252 3130 1306 pars
3193 1237 3456 1292 attributa
3489 1236 3636 1290 cala-

2054 1326 2259 1381 mitatis
2289 1337 2490 1382 nostrm
2525 1329 2826 1385 desineret.
2849 1331 3221 1396 Quamobrem
3245 1329 3374 1400 quia
3408 1329 3634 1384 minime

2051 1419 2304 1486 contigit.
2333 1428 2390 1472 ut
2426 1420 2557 1472 mihi
2589 1421 2681 1489 qui
2711 1421 2834 1475 aliis
2875 1422 3106 1476 consilia
3140 1421 3514 1487 darem,dicto
3543 1436 3638 1473 an.

2051 1509 2266 1564 dientes
2301 1521 2519 1576 essent,
2569 1513 2683 1582 ipse
2721 1513 2893 1568 ollicia
2944 1531 3061 1568 mea
3108 1515 3454 1584 praestabant.
3497 1513 3631 1567 Nam

2053 1602 2346 1656 tumultum
2386 1619 2416 1658 e
2443 1620 2575 1673 pace
2605 1605 2782 1661 facere
2829 1607 2996 1662 etiam
3031 1607 3348 1662 hominibus
3381 1607 3636 1676 pessimis

2050 1689 2368 1766 quibusque
2426 1697 2586 1754 facile
2635 1708 2753 1766 est;
2815 1715 2846 1755 e
2895 1702 3138 1756 tumultu
3185 1711 3369 1756 autem
3441 1717 3660 1770 pacem-

1976 1772 2018 1831 Β
2048 1786 2363 1850 restituere,
2397 1802 2466 1842 ne
2499 1789 2792 1844 admodum
2850 1790 3217 1860 prudentibus
3253 1789 3472 1862 quidem
3507 1806 3634 1859 pro-

2047 1876 2190 1932 fecto
2215 1888 2299 1934 est
2353 1893 2692 1951 promptum.
2749 1883 3000 1938 Alterum
3051 1883 3202 1939 enim
3263 1883 3496 1938 arbitrio
3536 1899 3632 1936 na-

2047 1977 2185 2023 tura:
2223 1971 2440 2040 agitur:
2474 1982 2726 2026 naturam
2755 1984 2940 2028 autem
2996 1973 3275 2029 turbidam
3307 1983 3363 2030 et
3395 1975 3631 2028 mutabi-

2047 2057 2151 2112 lem
2173 2074 2296 2114 esse
2346 2071 2600 2117 constat:
2639 2063 2874 2118 alterum
2925 2066 3267 2120 humanitate
3310 2075 3366 2122 et
3395 2067 3629 2121 consilio

2045 2152 2276 2219 sapienti
2307 2163 2362 2207 et
2394 2154 2574 2208 cautis
2621 2155 3114 2212 deliberationibus
3171 2157 3625 2212 administratur:

2043 2246 2402 2312 quamobrem
2465 2247 2597 2302 illud
2639 2248 2806 2303 etiam
2861 2250 3016 2304 ﬁctas
3062 2252 3337 2320 excogitat
3385 2266 3580 2304 causas
3611 2291 3624 2313 ,

2042 2337 2292 2404 praebens
2323 2338 2566 2396 subsidia
2597 2341 2810 2410 prmliis
2849 2359 2864 2397 :
2922 2343 3028 2398 hoc
3063 2359 3218 2398 veras
3252 2359 3470 2416 quoque
3523 2345 3628 2400 tol-

2040 2426 2156 2482 lere
2191 2439 2447 2495 conatur,
2481 2445 2540 2486 ut
2572 2434 2821 2489 medicus
2850 2451 2960 2488 non
2997 2435 3050 2489 in
3086 2450 3262 2499 ramo,
3295 2437 3391 2491 sed
3425 2437 3482 2492 in
3536 2453 3625 2490 ra-

2039 2519 2159 2576 dice
2223 2524 2562 2580 curationem
2621 2537 2860 2582 teutans.
2914 2528 3210 2599 Postquam
3269 2540 3452 2585 autem
3483 2531 3627 2586 acci~

2040 2612 2140 2679 dit,
2177 2623 2236 2667 ut
2290 2614 2536 2671 Palamas
2569 2633 2692 2672 eum
2730 2629 2840 2675 tota
2891 2619 3098 2674 familia
3141 2637 3240 2676 sua
3268 2633 3325 2677 et
3355 2623 3622 2678 determi-

2040 2706 2267 2762 natione
2291 2717 2347 2761 et
2379 2711 2732 2778 separatione
2763 2711 2947 2766 divina
2975 2714 3363 2770 succumberet
3390 2717 3627 2785 patriar~

2037 2799 2160 2855 cbis
2212 2799 2538 2867 duobus,et
2583 2803 2864 2864 omnibus.
2905 2814 3178 2874 quotquot
3229 2817 3342 2861 tum
3393 2809 3626 2864 aderant

2034 2893 2332 2964 episcopis,
2372 2895 2546 2949 multo
2593 2895 2767 2965 magis
2819 2897 3272 2966 tranquillitatem
3323 2901 3619 2970 probabam

2035 2994 2092 3040 et
2136 2987 2516 3053 nanciscebar,
2542 2988 2752 3060 quippe
2777 3005 2898 3060 quae
2933 2991 3047 3045 sola
3085 2991 3400 3048 facultatem
3446 3003 3502 3048 et
3533 3011 3622 3049 ra-

343 3079 536 3130 ὁπὸσοι
590 3079 896 3148 τηνικαῦτα
949 3079 1209 3150 παρῆσαν
1273 3081 1384 3134 τῶν
1445 3081 1783 3145 ἐπισκόπων,
1848 3080 1929 3132 έτι

2038 3077 2244 3133 tionem
2272 3079 2544 3149 prmberet
2569 3081 2959 3138 haereticorum
2992 3082 3200 3138 familia
3253 3096 3309 3140 et
3356 3085 3620 3141 societate

350 3170 560 3240 μᾶλλον
592 3171 817 3242 ἐμαυτῷ
846 3172 914 3226 τὰ
941 3175 1040 3242 τῆς
1074 3175 1306 3242 ἡσυχίας
1334 3173 1617 3246 παρῄνουν
1661 3177 1758 3228 καὶ
1795 3176 1930 3229 έπε-

348 3263 580 3334 κύρουν,
608 3264 815 3336 ταύτης
867 3267 1037 3337 μόνης
1059 3267 1120 3319 τὸ
1153 3268 1354 3337 ῥᾷστον
1383 3268 1618 3338 ἐχούσης
1651 3270 1746 3322 καὶ
1777 3267 1931 3323 εὔλο-

345 3376 449 3427 γον
478 3360 580 3428 τῆς
605 3359 715 3414 τῶν
761 3361 1009 3432 βεϐήλων
1041 3365 1318 3430 φρατρίας
1366 3361 1465 3414 καὶ
1486 3360 1776 3426 κοινωνίας
1805 3363 1930 3417 ἔπι-

344 3453 519 3518 ιικῶς
570 3455 828 3526 ἀριστᾷν.
885 3454 1026 3524 Ἤδη
1089 3454 1147 3508 δὲ
1211 3454 1308 3508 καὶ
1350 3455 1592 3526 διωγμὸν
1644 3458 1930 3529 ἀνερρίπι-

350 3561 448 3598 σεν
495 3548 524 3598 ὀ
573 3547 669 3617 τῆς
713 3547 1043 3616 Ἑκκλησίας
1085 3546 1318 3618 χειμὼν,
1379 3549 1474 3602 καὶ
1522 3547 1783 3618 διωγμῶν
1837 3551 1929 3604 τὸν

344 3639 796 3708 φρικωδέστατον
841 3641 938 3694 καὶ
985 3641 1314 3711 βαρύτατον,
1365 3640 1440 3703 ὡς
1489 3641 1787 3695 κάντεῦθεν
1850 3643 1927 3714 μὴ

345 3731 516 3800 μόνον
572 3732 851 3804 ἐξόριστον
883 3734 1149 3803 γεγονότα
1218 3735 1311 3789 τὸν
1359 3736 1710 3806 πατριάρχην
1768 3736 1927 3808 βιαίῳ

342 3820 569 3891 θανάτῳ
603 3823 696 3876 τοῦ
729 3822 848 3894 βίου
882 3822 945 3894 [ι.
973 3824 1075 3878 155
1104 3821 1176 3897 tu]
1226 3824 1461 3894 περᾶσαι
1499 3826 1600 3896 τὴν
1645 3826 1927 3896 τελευτὴν,

341 3915 488 3973 ἀλλὰ
517 3917 614 3969 καὶ
653 3915 759 3968 τῶν
790 3917 1109 3971 ἐπισκόπων
1173 3919 1266 3969 καὶ
1305 3915 1702 3987 πρεσϐυτέρων
1739 3918 1929 3971 ὁπόσοι

341 4013 450 4084 τὴν
513 4010 768 4062 ἔνστασιν
833 4007 1130 4080 ἁκλόνητον
1181 4010 1339 4080 ἔσχον
1417 4011 1475 4063 έν
1543 4014 1656 4074 τοῖς
1709 4009 1925 4076 δεινοῖς,

344 4104 512 4168 ἄλλος
545 4102 730 4158 ἄλλοθι
760 4103 859 4172 τῆς
889 4102 1219 4171 οἰκουμένης
1244 4103 1577 4172 διωκόμενοι
1618 4104 1929 4174 διεσπάρη-

347 4214 478 4251 σαν.
522 4195 629 4248 Ἐῶ
654 4195 834 4263 λέγειν
867 4194 959 4258 οὒς
994 4198 1051 4248 ἐν
1080 4196 1273 4266 εἱρκτῇ
1321 4196 1419 4248 καὶ
1472 4198 1624 4267 ζόφῳ
1668 4196 1926 4268 θνήσκειν

343 4288 659 4352 συνέϐαινε,
697 4287 792 4339 καὶ
822 4287 938 4340 ὅσοι
981 4287 1124 4356 λιμῷ
1155 4289 1249 4340 καὶ
1278 4286 1420 4356 δίψει
1476 4291 1569 4340 καὶ
1610 4287 1762 4360 πάσῃ
1814 4288 1926 4344 τῶν

344 4381 668 4448 ἀναγκαίων
703 4379 1037 4453 στενοχωρίᾳ
1058 4379 1256 4448 βιαίοις
1288 4381 1544 4443 θανάτοις
1574 4380 1918 4449 ἀπήλλαξαν.

345 4475 462 4528 Καὶ
485 4473 548 4527 τό
583 4490 645 4540 γε
679 4473 864 4543 μεῖζον
891 4473 973 4525 ὅτι
1014 4471 1150 4541 μηδὲ
1206 4474 1408 4541 ταφῆς,
1433 4466 1478 4524 ὧ
1522 4473 1594 4542 γῆ
1656 4475 1751 4526 καὶ
1780 4475 1924 4544 ἥλιε,

343 4569 488 4635 πρὶς
540 4565 647 4617 τῶν
710 4564 1038 4635 ἐπιτηδείων
1125 4565 1423 4636 τυγχάνειν
1487 4567 1922 4636 συνεχωροῦντο,

348 4660 550 4729 πλὴνῆ
593 4659 710 4712 ὅσοι
765 4659 909 4712 κατὰ
962 4659 1023 4711 τὸ
1063 4658 1286 4727 λεληθὸς
1331 4659 1768 4729 κατωρύττοντο.
1826 4654 1926 4713 Ὧν

339 4753 468 4804 οὐδὲ
495 4753 700 4805 τούτων
728 4751 1032 4818 ἀπέσχοντο
1063 4752 1112 4801 οἱ
1145 4750 1303 4813 κυνὸς
1334 4750 1609 4819 Λακαίνης
1645 4751 1800 4818 δίκην
1836 4753 1919 4821 ρί·

342 4843 712 4912 νηλατοῦντες
754 4842 850 4894 καὶ
908 4842 1304 4911 ἀνιχνεύοντες.
1371 4841 1509 4894 ἀλλὰ
1566 4843 1661 4895 καὶ
1718 4843 1924 4895 τούτων

340 4937 522 4998 ἐνίους
545 4934 848 5004 ἁνώρυξαν.
887 4933 1042 4985 Οὖτω
1067 4933 1324 5001 διωγμῶν
1378 4932 1633 4986 ἁπάντων
1686 4935 1925 5004 βαρύτα-

336 5046 431 5091 τος
468 5028 670 5081 οὑτοσί.
706 5028 770 5080 Τί
801 5028 911 5096 γὰρ
943 5026 1167 5080 ἀνύσειν
1190 5025 1416 5095 ἔμελλον
1452 5026 1630 5088 πλέον,
1663 5027 1742 5088 είς
1769 5027 1922 5079 ἀναί-

339 5121 545 5186 σθητον
573 5121 733 5189 σῶμα
766 5121 863 5190 τὴν
893 5119 993 5188 τῆς
1025 5117 1230 5172 ἀτόπου
1289 5116 1470 5186 ψυχῆς
1522 5118 1921 5189 ἀγνωμοσύνην

333 5213 666 5279 ὲκχέοντεςς
699 5212 894 5266 Θανεῖν
922 5214 1033 5282 γὰρ
1070 5213 1311 5282 ἀνάγκη,
1338 5213 1438 5283 ζῇν
1471 5215 1517 5268 δ’
1564 5215 1597 5286 ἦ
1644 5219 1789 5285 ταφῇ
1821 5234 1920 5270 κα-

333 5301 640 5368 λυφθῆναι,
685 5302 892 5354 τούτων
917 5301 962 5354 δ’
987 5302 1270 5372 οὐδέτερον
1295 5302 1430 5365 τέως
1462 5303 1700 5373 ἀνάγκη.
1736 5306 1827 5357 Διὸ
1860 5307 1922 5359 τὸ

336 5394 446 5462 μὲν
468 5396 561 5444 καὶ
595 5393 672 5462 μὴ
714 5392 1055 5462 βουλομένων
1086 5393 1394 5462 ἀνθρώπων
1455 5396 1487 5463 ἡ
1543 5395 1704 5463 φύσις
1752 5399 1915 5466 τελεῖ,

329 5482 397 5533 τὸ
425 5481 473 5533 δ’
501 5499 559 5532 εν
587 5484 654 5551 τῇ
685 5483 1004 5552 προαιρέσει
1038 5483 1292 5550 κείμενον
1314 5481 1422 5533 τῶν
1450 5481 1918 5555 περιλειπομένων

327 5572 564 5642 ἐλεγχος
590 5573 858 5643 ὁποτέρου
901 5574 1112 5641 γίνεται
1166 5575 1332 5638 δυοῖν,
1365 5573 1466 5625 εἴτ’
1512 5575 1768 5638 ἀπονοίας
1805 5579 1916 5631 εἴτε

332 5665 624 5733 προνοίας.
686 5665 800 5732 Τῆς
852 5666 916 5736 δὴ
968 5667 1224 5736 τοιαύτης
1273 5665 1713 5734 περικλονήσεως
1755 5668 1916 5739 ἔργον

330 5758 612 5828 γινόμεθα
671 5762 767 5811 καὶ
811 5761 984 5828 ἡμεῖς,
1045 5760 1105 5812 οὐ
1164 5758 1480 5828 βουλόμενοι
1531 5761 1645 5821 ταῖς
1697 5761 1916 5825 ἀτόποις

2034 3170 2170 3226 satis
2195 3171 2536 3228 abstinendi.
2573 3173 2694 3230 Jam
2733 3191 2867 3230 vero
2901 3176 3326 3233 insectationem
3363 3179 3620 3234 accendit

2032 3261 2291 3318 Ecclesiae
2323 3273 2641 3335 tempestas,
2671 3274 2728 3322 et
2762 3267 2922 3338 271
2955 3283 3077 3323 eam
3109 3269 3332 3340 quidem
3369 3270 3616 3326 omnium

2033 3354 2494 3412 terribilissimam
2547 3367 2604 3414 et
2651 3361 3080 3429 atrocissimam,
3137 3363 3209 3417 ita
3261 3371 3320 3418 ut
3373 3363 3516 3419 hanc
3546 3365 3618 3422 ob

2034 3463 2152 3504 rem
2175 3465 2284 3505 non
2314 3450 2492 3507 solum
2517 3452 2830 3521 patriarcha
2856 3455 3120 3524 expulsus
3171 3465 3348 3512 morte
3378 3457 3617 3514 violenta

2033 3541 2180 3596 diem
2208 3558 2528 3614 supremum
2560 3545 2762 3612 obiret,
2800 3547 2896 3601 sed
2932 3549 3100 3603 etiam
3126 3547 3515 3620 episcoporum
3559 3561 3618 3606 et

2031 3635 2484 3706 presbyterorum
2536 3648 2811 3708 quotquot
2857 3639 2915 3694 in
2965 3641 3229 3711 periculis
3269 3653 3612 3698 constantem

2031 3728 2157 3784 vitae
2179 3730 2448 3785 rationem
2489 3732 2777 3797 tenebant,
2808 3732 2951 3788 alius
2998 3734 3106 3789 alio
3139 3751 3236 3804 per
3280 3737 3473 3790 orbem
3504 3746 3617 3794 ter-

2033 3836 2218 3875 rarum
2246 3822 2503 3892 exagitati
2531 3822 2960 3892 dissiparentur.
2990 3823 3198 3880 Omitto
3225 3831 3616 3899 narrare,un

2032 3914 2136 3968 bus
2165 3913 2447 3982 acciderit,
2475 3922 2535 3968 ut
2574 3914 2627 3968 in
2662 3931 2884 3971 carcere
2934 3926 2989 3972 et
3018 3917 3264 3972 tenebris
3300 3920 3613 3989 interirent,

2032 4021 2334 4077 omnesque
2372 4007 2466 4076 qui
2500 4005 2646 4063 fame
2699 4019 2755 4064 et
2792 4008 2882 4062 siti
2939 4019 2992 4062 et
3047 4011 3480 4066 necessariorum
3513 3999 3612 4084 pe-

2031 4103 2192 4158 nuria
2223 4113 2401 4158 morte
2423 4103 2661 4159 violenta
2691 4103 3061 4160 decederent:
3098 4114 3154 4159 et
3182 4104 3234 4160 id
3268 4110 3416 4176 quod
3443 4109 3608 4163 etiam

2032 4197 2256 4266 gravius
2282 4205 2408 4260 est,
2459 4196 2606 4267 quod
2647 4212 2718 4252 ne
2773 4197 3084 4266 sepulcrum
3122 4198 3364 4267 quidem,
3399 4215 3433 4252 ο
3465 4209 3612 4256 terra

2031 4297 2087 4341 et
2113 4287 2214 4352 sol,
2251 4297 2310 4342 ut
2335 4287 2605 4342 baberent
2629 4304 2726 4356 per
2747 4297 3032 4358 cognatos,
3062 4291 3126 4344 iis
3149 4306 3470 4345 concessum
3501 4305 3610 4356 est,

2033 4379 2137 4434 nisi
2172 4380 2488 4450 quicunque
2517 4380 2657 4435 clam
2714 4380 3089 4436 humabantur
3115 4421 3131 4446 ,
3183 4397 3500 4452 quanquam
3539 4401 3608 4439 ne

1959 4448 2010 4508 Ῐ)
2034 4469 2104 4524 ab
2144 4448 2230 4524 bis
2261 4448 2482 4540 quidem
2519 4471 2626 4526 sibi
2684 4472 3062 4541 temperabant
3117 4448 3390 4532 illi—cauis
3433 4474 3610 4532 Laco-

2032 4562 2169 4616 nicas
2211 4562 2388 4615 instar
2418 4562 2717 4617 odorantes
2743 4571 2796 4616 et
2825 4563 3246 4634 inveSIigantes:
3283 4566 3379 4620 sed
3411 4566 3607 4622 borum

2029 4669 2250 4722 quoque
2300 4655 2593 4708 nonnullos
2626 4653 2927 4709 eruebant.
2974 4653 3101 4710 Hrec
3141 4656 3307 4724 igitur
3361 4659 3608 4715 omnium

2029 4747 2474 4816 persecutionum
2531 4748 2635 4802 fuit
2691 4748 3038 4818 gravissima.
3090 4749 3232 4815 Quid
3284 4751 3432 4805 enim
3489 4767 3609 4806 am-

2029 4837 2172 4905 plius
2201 4837 2548 4892 committere
2603 4847 2857 4908 poterant
2895 4838 2948 4893 in
2988 4855 3189 4910 corpus
3217 4855 3382 4896 sensu
3414 4857 3605 4898 carens

2027 4929 2196 4983 animi
2237 4929 2408 4998 inepti
2445 4928 2811 4998 ignorantiam
2865 4931 3217 4988 eﬂundentes
3245 4934 3268 4986 ‘I
3296 4932 3430 4988 Nam
3465 4935 3604 4990 mori

2028 5035 2251 5076 necesse
2274 5029 2392 5085 est;
2423 5022 2568 5090 quod
2597 5031 2778 5076 autem
2805 5023 2872 5075 ad
2900 5023 3192 5080 vivendum
3227 5034 3323 5078 aut.
3354 5025 3605 5094 sepultu—

2026 5129 2139 5167 ram
2181 5114 2400 5178 attinet,
2431 5114 2624 5170 borum
2664 5115 2889 5172 omnino
2915 5127 3170 5171 neutrum
3226 5131 3450 5173 necesse
3479 5130 3600 5187 est;

2024 5217 2250 5277 propter
2338 5207 2484 5277 quod
2541 5207 2776 5262 alterum
2850 5208 3017 5262 etiam
3103 5207 3294 5263 invitis
3362 5209 3602 5264 homini-

2025 5299 2127 5353 bus
2175 5310 2368 5354 natura
2428 5300 2642 5370 perlicit
2690 5319 2703 5353 :
2757 5300 2994 5374 alterum
3050 5299 3105 5354 in
3168 5301 3450 5357 voluntate
3502 5317 3602 5372 po-

2023 5393 2190 5445 situm
2261 5393 2623 5461 superstitum
2698 5395 2914 5462 signum
2975 5400 3060 5447 est
3122 5392 3446 5449 alterutrius
3500 5403 3598 5448 aut

2022 5484 2309 5539 dementia:
2346 5492 2443 5538 aut
2497 5483 2825 5554 prudentiae.
2864 5484 2978 5539 Tali
3015 5485 3182 5557 igitur
3234 5486 3600 5542 inseetatione

2021 5573 2290 5630 allicirnur
2321 5575 2484 5630 etiam
2524 5589 2646 5640 nos,
2673 5575 2768 5646 qui
2790 5577 3012 5646 quidem
3048 5577 3247 5648 ineptae
3279 5591 3475 5631 vocum
3499 5592 3602 5633 no-

2023 5669 2177 5723 vitati
2203 5668 2434 5724 Palama:
2462 5668 2622 5724 istius
2655 5669 2940 5742 indulgere
2967 5673 3226 5727 nolimus.
3252 5669 3446 5725 Omnia
3473 5671 3604 5734 altiv-

2025 5761 2149 5817 dem
2188 5762 2350 5830 mala,
2402 5777 2524 5832 quae
2576 5775 2865 5833 propterea
2917 5765 3128 5835 experti
3183 5778 3397 5831 sumus,
3434 5762 3600 5838 272
