4046 6290
521 321 624 384 239
709 277 714 282 ’

1727 311 2142 386 ΝίίῖΕΡΗΟΙῖΙ
2186 327 2568 388 GREGOR/E

3655 337 3752 400 2-ίο

517 431 862 512 committere
887 432 1117 487 auribus
1146 433 1428 487 hominum
1469 433 1693 486 omnino
1721 449 1828 486 non
1865 448 2088 488 necessc

2198 442 2582 503 καινοφωνίαις
2613 439 2857 494 ὑπείκειν
2885 441 3121 510 Παλαμᾶ
3153 441 3364 494 τουτουῖ
3408 454 3424 472 ·
3457 442 3660 495 ὁπόσων
3697 461 3753 508 γε

520 538 677 595 puto,
709 527 840 590 lleo,
875 525 969 595 qui
1005 527 1184 580 oculta
1221 527 1630 592 animadvertit,
1681 527 1796 581 haec
1843 536 2096 580 accurate

520 619 910 689 perapiciente.
951 617 1158 672 Tamen
1185 634 1306 672 cum
1342 619 1622 672 voluntate
1660 620 1866 685 divina,
1923 619 2096 688 impe-

521 719 694 776 rator,
719 717 1002 780 paternam
1032 721 1175 764 tuam
1205 711 1416 779 imperii
1451 721 1652 765 sortem
1671 711 2001 779 susceperis,
2022 711 2097 766 si-

521 802 745 872 mulque
797 817 897 858 nos
946 802 1302 857 refecerimus
1341 803 1622 871 paululum
1682 801 1776 872 qui
1833 809 2095 871 perseve-

520 897 696 948 rantia
727 893 1096 964 periculorum
1133 893 1414 962 defatigati
1451 894 1620 947 vitam
1667 911 1776 948 non
1831 893 2095 962 abieceri-

517 1001 659 1052 tnus,
697 1000 932 1056 cumque
979 985 1323 1038 decretorum
1365 994 1420 1040 et
1468 985 1808 1038 voluminum
1869 985 2092 1038 illorum

521 1077 746 1132 maculae
769 1087 826 1133 et
851 1077 1014 1131 exitia
1049 1079 1105 1128 in
1132 1083 1486 1144 eonspcctmn
1525 1076 1684 1129 nobis
1717 1075 2012 1127 inciderint
2039 1085 2094 1128 et

515 1169 714 1224 fatuam
752 1169 861 1236 jam
893 1167 1038 1221 clare
1082 1167 1522 1234 perspexcrimus
1551 1177 1602 1220 et
1636 1166 1882 1219 convicia
1912 1165 2011 1226 ista
2037 1173 2092 1216 et

516 1275 874 1330 quascunque
922 1269 1118 1312 contra
1174 1257 1345 1312 libros
1385 1257 1601 1310 divinos
1663 1255 2094 1310 obtrectationes

517 1349 787 1418 falsasque
817 1347 1235 1402 criminationes
1293 1347 1615 1402 effundunt:
1646 1363 1867 1402 necesse
1924 1346 2088 1416 igitur

515 1441 652 1496 illud
683 1442 936 1495 volumen
965 1443 1075 1509 jam
1111 1439 1422 1509 proferatur
1453 1443 1506 1494 in
1553 1440 1815 1506 medium,
1869 1457 1938 1494 ne
1968 1454 2090 1493 ora-

517 1535 594 1588 tio
626 1545 812 1588 nostra
872 1543 1076 1587 teme-re
1108 1541 1161 1586 et
1207 1533 1477 1585 incassum
1527 1532 1828 1606 procedat,
1879 1529 2088 1584 nullum

509 1625 721 1680 habens
739 1625 982 1678 ~fundum
1013 1623 1563 1694 fundatnentumque.

584 1929 674 1986 ΙΙΙ.
718 1928 856 1982 Tum
911 1925 1212 1992 imperator
1257 1939 1270 1975 :
1307 1921 1425 1976 Non
1485 1919 1690 1990 operis,
1731 1917 1930 1986 inquit,
1969 1930 2091 1984 per-

512 2021 635 2074 fecti
673 2023 727 2073 in
761 2019 1016 2088 pt‘alseuti
1073 2016 1412 2086 requirimus
1455 2010 1951 2080 compositionem;
1992 2005 2088 2060 sed

512 2115 777 2169 doctrinm.
815 2127 1076 2182 perquam
1131 2107 1445 2178 symbolicse
1475 2115 1530 2159 et
1575 2104 1826 2158 obscura:
1858 2099 2088 2170 vestigia

509 2218 565 2262 et
591 2207 762 2276 signa.
805 2203 1059 2260 Profecto
1117 2201 1264 2254 enim
1327 2195 1775 2268 presbyterorum
1831 2205 2089 2246 coronam

511 2299 987 2356 eonvoeabamus:
1029 2310 1207 2364 neque
1251 2309 1382 2346 vero
1416 2291 1470 2344 in
1523 2298 1736 2343 secreto
1775 2295 1829 2340 et
1867 2300 2088 2339 recessu

511 2407 598 2446 res
633 2389 792 2444 nobis
826 2387 936 2440 ullo
989 2383 1154 2438 modo
1204 2377 1668 2449 componebatur,
1728 2381 2089 2440 componatur

509 2491 690 2538 tamen
719 2480 868 2550 justo
901 2487 1169 2544 tempore.
1209 2470 1310 2526 Cui
1337 2467 1679 2537 respondens
1729 2465 1974 2518 l‘alatnas
2027 2459 2084 2514 in

511 2575 854 2629 Barlaamum
878 2575 1200 2624 cOnvertere
1231 2561 1534 2616 conabatur
1558 2569 1866 2612 sermonem
1890 2563 1946 2609 et
1965 2553 2087 2606 viva

510 2685 574 2722 ex
625 2661 858 2720 mortuis
914 2659 1331 2720 demonstrare;
1393 2652 1488 2707 sed
1549 2651 1788 2718 rejectus
1847 2656 1932 2702 est
1989 2659 2088 2714 per

510 2759 810 2826 Gregoram
840 2767 965 2808 cum
1006 2749 1074 2804 ad
1113 2764 1202 2803 res
1227 2747 1494 2801 obscuras
1527 2742 1885 2812 confugeret:
1937 2737 2086 2806 quod

512 2851 703 2906 liceret
757 2855 883 2902 ante
910 2841 1100 2898 oculos
1155 2841 1331 2910 posita
1382 2837 1447 2890 ad
1489 2849 1712 2890 causam
1765 2840 2086 2901 praesentem

511 2939 811 2993 adhibere:
854 2930 1212 3003 quamobrem
1249 2927 1409 2996 273
1449 2925 1514 2978 ad
1576 2923 1735 2978 aliam
1793 2934 2090 2975 conversus

510 3045 565 3088 et
600 3031 704 3085 alia
729 3027 895 3082 multa
921 3025 1139 3079 locutus
1160 3029 1243 3074 est
1272 3029 1324 3072 et
1351 3018 1512 3072 simul
1543 3015 1772 3079 tentavit
1793 3027 1917 3066 eum
1939 3025 2090 3080 quac-

2205 527 2311 596 μὴν
2344 529 2438 579 καὶ
2464 530 2571 582 τῶν
2604 529 2793 583 δεινῶν
2827 531 3211 600 πεπειράμεθα
3235 531 3326 583 διὰ
3357 530 3548 598 ταῦτα,
3583 549 3752 600 παρα-

2198 618 2442 686 πέμπειν
2493 622 2684 683 ἀκοαῖς
2739 621 3111 692 ἀνθρωπίναις
3148 623 3208 674 οὐ
3260 621 3402 674 πάνυ
3457 639 3510 676 τι
3569 624 3758 693 χρῆναι

2195 711 2426 779 νομίζω,
2455 711 2551 764 τοῦ
2585 713 2654 764 τά
2688 714 2911 782 κρυπτὰ
2943 714 3252 784 ἐφορῶντος
3299 713 3436 766 Θεοῦ
3467 716 3756 782 γινώσκον-

2194 819 2284 864 τος
2309 802 2575 870 ἀκριῦῶς.
2603 805 2794 872 Ὅμως
2819 805 2941 856 ἐπεὶ
2989 803 3239 876 θειοτέρα
3293 805 3456 876 βουλῇ
3518 808 3613 859 τὸν
3661 827 3758 860 πα-

2195 891 2371 961 τρῷόν
2397 910 2478 946 σοι
2508 894 2606 962 τῆς
2631 895 2934 964 μοναρχίας
2963 896 3264 964 ἀνεῦηφας
3312 895 3539 968 κλῆρον,
3577 889 3622 949 ὦ
3669 897 3756 966 βα-

2175 982 2373 1044 κσιλεῦ,
2405 983 2499 1034 καὶ
2533 979 2648 1052 ἅμα
2681 985 2827 1052 ἡμᾶς
2889 985 3394 1054 ἀνεπεπνεύκείμεν
3444 985 3620 1056 βραχὺ
3671 987 3758 1036 καὶ

2193 1073 2318 1127 ὅσον
2377 1075 2451 1146 μὴ
2483 1078 2546 1144 τῇ
2585 1075 2840 1143 συνεχείᾳ
2892 1075 3001 1129 τῶν
3068 1077 3254 1128 δεινῶν
3309 1078 3760 1146 ἀπηγορευκότας

2191 1163 2456 1232 προέσθαι
2494 1161 2552 1213 τὸ
2577 1163 2696 1232 ζῇν,
2730 1163 2826 1215 καὶ¹
2860 1165 2915 1214 at
2970 1164 3080 1215 τῶν
3109 1165 3481 1233 ψηφισμάτων
3541 1167 3636 1218 καὶ
3679 1183 3760 1217 το-

2197 1257 2522 1326 μογραφιῶν
2558 1257 2781 1308 ἐκείνων
2803 1257 3015 1328 κηλῖδες
3045 1259 3140 1310 καὶ
3199 1257 3372 1328 κῆρες
3438 1253 3576 1328 ἧκον
3637 1261 3760 1329 ἡμῖι

2191 1351 2277 1408 είς
2324 1349 2447 1416 ὄψιν
2473 1348 2566 1400 καὶ
2591 1347 2787 1418 ἀκοὴν,
2843 1347 3089 1418 ἔγνωμεν
3145 1350 3248 1420 ἥδη
3305 1350 3492 1418 σαφῶς
3529 1351 3627 1403 καὶ
3670 1353 3759 1412 τὰς

2197 1439 2314 1489 ἐκεῖ
2346 1437 2717 1506 βλασφημίας,
2775 1438 2868 1492 καὶ
2897 1439 3027 1500 ὅσας
3055 1439 3165 1492 τῶν
3211 1441 3370 1492 θείων
3405 1441 3637 1507 Γραφῶν
3669 1443 3760 1500 τὰς

2199 1529 2451 1590 διαῆολὰς
2477 1530 2806 1598 καταχέουσι
2845 1531 2939 1582 καὶ
2985 1533 3375 1600 συκοφαντίας.
3444 1532 3759 1599 ’Δναγκαῖσιν

2197 1621 2290 1673 οὖν
2323 1623 2528 1675 ἐκεῖνον
2550 1623 2652 1691 ἢδη
2681 1623 3075 1694 προενεχθῆναι
3110 1625 3200 1676 τὸν
3225 1623 3393 1692 τόμον
3447 1625 3527 1686 είς
3579 1623 3757 1692 μέσον,

2204 1713 2293 1766 ἵνα
2329 1714 2405 1784 μὴ
2441 1713 2621 1782 μάτην
2649 1717 2744 1768 καὶ
2775 1719 2854 1779 είς
2884 1715 3042 1770 κενὸν
3073 1715 3100 1767 ὁ
3146 1715 3346 1785 δρόμος
3378 1717 3506 1784 ἡμῖν
3548 1715 3759 1784 ὑπάρχῃ

2117 1797 2159 1851 Β
2202 1806 2297 1859 τοῦ
2360 1806 2522 1874 λόγου
2580 1805 2852 1878 μηδεμίαν
2917 1805 3057 1876 ἔχων
3108 1807 3348 1878 κρηπῖδα
3397 1807 3492 1858 καὶ
3535 1807 3710 1875 βάσιν.
3745 1827 3760 1855 ι

2270 1899 2345 1955 1".
2397 1902 2458 1953 '0
2492 1902 2548 1955 δὲ
2575 1901 2858 1972 βασιλεὺς,
2891 1919 2911 1954 ι
2951 1903 3064 1956 Οὐκ
3097 1903 3259 1974 ἔργου
3315 1903 3462 1966 τινὸς
3523 1901 3763 1963 ἐντελοῦς

2199 1991 2355 2061 ἐντῷ
2396 1993 2520 2061 ἄρτι
2552 1992 2844 2062 ζητοῦμεν,
2884 2011 2902 2045 ι
2940 1992 3066 2064 ἔφη,
3126 2013 3144 2046 ι
3204 1993 3560 2068 κατάστασιν,
3631 1993 3759 2047 dilui

2197 2087 2453 2154 γνώσεως
2497 2085 2660 2139 οἱονεὶ
2724 2087 2965 2156 τυπικῆς
3024 2089 3119 2142 καὶ
3168 2087 3434 2153 σκιώδους
3481 2087 3607 2157 ἴχνη
3672 2087 3762 2137 καὶ

2199 2173 2593 2247 ὑπομνήματα.
2632 2171 2708 2230 Ἦ
2749 2177 2860 2248 γὰρ
2885 2174 2950 2230 ἂν
2991 2177 3311 2231 ἐπισκόπων
3350 2175 3444 2230 καὶ
3492 2195 3762 2247 πατριάρ-

2197 2271 2309 2340 χῶν
2339 2271 2479 2339 ὁμοῦ
2505 2272 2600 2322 καὶ
2624 2269 3018 2340 πρεσϐυτέρων
3064 2271 3373 2340 συνήγομεν
3415 2269 3644 2340 θέατρα,
3676 2271 3764 2320 καὶ

2197 2363 2296 2414 οὐκ
2345 2365 2405 2415 ἐν
2455 2362 2795 2432 παραϐύστῳ
2861 2365 2956 2416 καὶ
3017 2362 3192 2432 γωνία
3246 2363 3306 2414 τὸ
3357 2364 3596 2433 πρᾶγμα
3641 2363 3764 2430 ἡμῖν

2197 2453 2398 2508 οὑτωσί
2426 2473 2540 2518 πως
2584 2455 2836 2507 ἐτελεῖτο.
2887 2456 3083 2507 Ἔσται
3139 2453 3185 2507 δ’
3217 2451 3308 2508 οὖν
3349 2455 3500 2523 ὅμως
3555 2455 3765 2506 κάκεῖνο

2201 2548 2341 2602 κατὰ
2369 2547 2461 2601 τὸν
2490 2547 2676 2600 δέοντα
2708 2547 2921 2617 χρόνον.
2955 2565 2971 2597 ι
2993 2545 3311 2599 ’Υπολαῆὼν
3336 2545 3428 2598 οὖν
3455 2545 3518 2618 [ῐ.
3555 2545 3659 2600 154
3691 2543 3762 2614 r.}

2197 2642 2226 2694 ὁ
2257 2639 2521 2710 Παλαμᾶς
2544 2640 2623 2703 είς
2652 2639 2918 2708 Βαρλαάμ
2945 2637 3172 2706 ἀνάγειν
3231 2639 3505 2708 ἐπεχείρει
3541 2639 3634 2692 τὸν
3685 2637 3765 2687 λδ-

2198 2754 2315 2804 γον,
2349 2735 2439 2788 καὶ
2472 2732 2743 2786 δεικνύειν
2778 2735 2846 2784 τά
2866 2731 3044 2796 ζῶντα
3077 2733 3143 2784 ἐκ
3197 2729 3306 2784 τῶν
3367 2729 3605 2802 νεκρῶν.
3652 2731 3766 2783 Ἐκ-

2199 2825 2612 2898 κὲκρουσταιδὲ
2659 2825 2796 2894 πρὸς
2845 2823 2936 2876 τοῦ
2989 2825 3268 2894 Γρηγορᾶ,
3321 2826 3401 2887 είς
3444 2824 3506 2876 τὸ
3566 2823 3766 2892 ἀφανὲς

2199 2921 2585 2988 καταφεύγων,
2619 2917 2814 2988 παρὸν,
2847 2917 2883 2971 ἃ.
2929 2919 3036 2984 πρὸ
3065 2916 3384 2986 ὀφθαλμῶν,
3419 2916 3632 2976 τούτοις
3679 2933 3764 2968 κε-

2199 3015 2436 3084 χρῆσθαι
2457 3014 2592 3082 πρὸς
2608 3015 2705 3084 τὴν
2722 3011 3004 3082 παροῦσαν
3022 3013 3233 3082 χρείαν.
3249 3013 3337 3063 Διὸ
3361 3011 3613 3082 καὶπρὸς
3659 3010 3766 3062 ἐτέο

511 3123 704 3185 rendo,
741 3135 871 3174 num
902 3125 1088 3172 essent
1119 3115 1216 3183 qui
1271 3113 1567 3167 essentiam
1605 3110 1844 3165 divinam
1899 3117 1954 3162 et
2006 3105 2086 3160 ef-

2202 3125 2302 3178 ραν
2331 3107 2673 3176 τραπόμενος
2715 3106 2785 3158 τά
2810 3123 2868 3158 τε
2915 3104 3049 3158 ἄλλα
3102 3105 3466 3172 ἐπολυλόγησε
3489 3147 3503 3171 ,
3530 3107 3628 3158 καὶ
3659 3104 3765 3170 ἅμα

513 3214 806 3271 ticientiam
845 3208 1084 3264 divinam
1135 3205 1386 3259 diversas
1446 3217 1567 3257 esse
1610 3209 1912 3270 negarent:

513 3309 582 3362 de
613 3322 671 3360 re
695 3301 1039 3374 potissimum
1059 3297 1223 3353 etiam
1264 3295 1557 3366 Gregoratn
1589 3294 1738 3364 loqui
1767 3291 1958 3348 voluit.

1982 3213 2086 3268 qua

582 3485 673 3542 Ν.
709 3481 850 3538 Tum
901 3480 1169 3552 Gregoras
1201 3477 1269 3533 ad
1319 3478 1708 3546 imperatorem
1756 3485 2090 3528 conversus:

511 3579 648 3634 Cum
701 3577 892 3637 multa,
924 3573 1123 3643 inquit,
1155 3571 1266 3626 sint.
1294 3570 1495 3631 studia,
1537 3569 1795 3638 princeps
1821 3563 2094 3633 augustis-

515 3673 671 3729 sime,
708 3682 828 3737 quae
859 3662 1180 3736 jamdudum
1247 3671 1461 3714 mortua
1529 3656 1858 3711 reviviscere
1919 3667 2094 3720 nuper

516 3765 607 3816 ille
637 3761 821 3831 jussit,
842 3771 1070 3827 quaeque
1097 3763 1256 3808 antea
1295 3767 1402 3806 non
1427 3751 1537 3804 visa
1569 3750 1660 3804 ille
1689 3748 1916 3811 invenit,
1946 3745 2092 3800 socia

515 3856 738 3927 adjutus
768 3835 1242 3920 n'tau'uprineipis,
1279 3843 1537 3914 placitum
1571 3843 1710 3916 ejus,
1743 3843 1885 3911 quod
1919 3847 2001 3893 est
2027 3837 2095 3892 de

516 3949 706 4002 multis
765 3933 920 4006 deis,
975 3951 1132 4012 pulo,
1189 3936 1422 3993 sullieiet
1481 3936 1612 3988 huic
1675 3949 1838 4002 quam
1902 3945 2096 4000 aggre—

519 4041 706 4094 dimur
749 4029 1176 4090 adumbrationi.
1199 4027 1443 4097 Cupiens
1489 4025 1636 4080 enim
1697 4023 1972 4090 explicare
1998 4021 2096 4074 do-

518 4148 641 4200 gma
669 4127 812 4199 quod
845 4135 930 4182 est
991 4125 1056 4178 de
1113 4122 1204 4176 Dei
1241 4119 1408 4175 Verbi
1457 4115 1856 4180 incarnatione,
1907 4111 2100 4166 simul-

516 4240 623 4294 que
653 4223 854 4274 multos
887 4219 1020 4271 deos
1053 4213 1404 4268 introducere
1429 4249 1444 4276 ,
1499 4207 1821 4269 contendit,
1858 4205 2098 4259 efﬁcien-

517 4317 648 4369 tiam
687 4327 810 4366 esse
859 4307 1208 4364 divinitatem
1249 4303 1577 4356 submissum
1611 4340 1626 4364 ,
1689 4301 2008 4363 int-reatam,
2045 4303 2100 4351 et

519 4403 758 4459 essentia
795 4408 1098 4458 carentem,
1129 4403 1186 4448 et
1211 4393 1482 4446 diversam
1520 4389 1745 4444 omnino
1793 4389 1862 4443 ab
1895 4389 1982 4442 illa
2015 4385 2100 4440 di-

2197 3199 2542 3268 κατέδραμεν
2577 3198 2790 3263 εἴτινες
2815 3195 2922 3251 εἷεν
2951 3201 2999 3252 oi
3027 3199 3126 3270 τὴν
3155 3199 3307 3253 θείαν
3331 3197 3519 3250 οὐσίαν
3542 3199 3637 3251 καὶ
3675 3196 3768 3264 τὴν

2195 3291 2346 3348 θείαν
2367 3293 2642 3363 ἐνέργειαν
2660 3289 2782 3345 κατ’
2797 3292 2946 3345 οὐδὲν
2965 3292 3242 3362 διαφέρειν
3265 3290 3540 3358 λέγοντες.
3555 3292 3631 3344 Πε
3642 3292 3691 3357 ρὶ
3711 3281 3768 3340 οὗ

2197 3387 2436 3458 μάλιστα
2465 3385 2558 3438 καὶ
2580 3383 2670 3437 τὸν
2691 3385 2980 3454 Γρηγορᾶν
3013 3385 3168 3454 ἠξίου
3189 3383 3454 3450 τὸνλόγον
3471 3381 3764 3435 ποιεῖσθαι.

2267 3480 2340 3533 A'.
2375 3481 2486 3532 Καὶ
2517 3482 2544 3532 ὁ
2577 3480 2867 3548 Γρηγορᾶς
2899 3478 3036 3548 πρὸς
3095 3478 3184 3531 τὸν
3219 3477 3447 3549 βασιλέα
3479 3477 3766 3546 στραφεὶς,

2203 3594 2222 3628 ι
2263 3573 2484 3628 Πολλῶν
2534 3573 2824 3643 αἱρέσεων,
2857 3591 2874 3623 ι
2912 3571 3134 3640 ἔφησεν,
3174 3589 3192 3620 ι
3237 3563 3281 3624 ὦ
3331 3571 3583 3622 θειότατε
3622 3568 3766 3638 βασι-

2197 3667 2315 3733 λεῦ,
2377 3665 2576 3732 οὐσῶν,
2631 3663 2698 3727 ἃς
2749 3665 2918 3718 πάλαι
2954 3655 3278 3734 τεθνηκυίας
3333 3661 3639 3716 ἀναϐιῶναι
3679 3661 3768 3712 πέ-

2199 3771 2408 3826 πρακεν
2470 3747 2625 3816 οὗτος
2661 3753 2864 3824 ἀρτίως
2919 3753 3016 3804 καὶ
3071 3751 3137 3816 ἃς
3187 3749 3340 3804 οὔπω
3393 3751 3658 3818 φανείσας
3691 3747 3768 3813 ἐξ·

2199 3847 2348 3915 εὗρε,
2397 3846 2684 3914 σύμμαχον
2745 3845 2885 3915 ἔχων
2933 3849 3036 3913 τὴν
3100 3843 3532 3897 δυναστεύουσαν
3595 3844 3766 3910 χεῖρα,

2198 3943 2227 3994 ὁ
2260 3941 2356 4009 τῆς
2380 3940 2693 4004 πολυθεΐας,
2721 3935 2900 4007 οἶμαι,
2941 3937 3098 4006 λόγος
3130 3937 3356 4006 ἀρκέσει
3403 3937 3469 4006 τῇ
3521 3934 3766 4006 παρούσῃ

2203 4033 2568 4102 σκιαγραφίᾳ.
2602 4031 2786 4084 Θέλων
2827 4030 2937 4100 γὰρ
2998 4028 3308 4082 καταλῦσαι
3355 4029 3417 4080 τὸ
3456 4027 3562 4095 τῆς
3624 4029 3767 4078 ἐναν-

2201 4127 2541 4196 θρωπήσεως
2575 4123 2670 4176 τοῦ
2699 4122 2834 4176 Θεοῦ
2865 4123 3040 4190 Λόγου
3075 4122 3269 4192 δόγμα,
3309 4121 3406 4173 καὶ
3454 4119 3575 4192 ἅμα
3609 4119 3768 4171 πολυο

2203 4219 2357 4275 θεΐαν
2397 4220 2738 4286 εἰσαγαγεῖν,
2803 4218 3087 4286 ἐνέργειαν
3145 4211 3285 4268 εἶναι
3335 4214 3600 4284 κηρύττει
3657 4213 3766 4265 0εᾶ-

2200 4328 2344 4382 τητα
2375 4308 2679 4379 ὑφειμένην
2713 4307 2974 4361 ἀκτιστον
3005 4309 3102 4361 καὶ
3133 4306 3383 4358 ἀνούσιον
3437 4304 3535 4358 καὶ
3584 4303 3766 4371 διάφο·

2207 4421 2299 4476 ρον
2331 4403 2648 4456 παντάπασι
2701 4399 2804 4470 τῆς
2859 4399 3010 4462 θείας
3065 4397 3283 4468 ἐκείνης
3339 4397 3438 4451 καὶ
3495 4396 3764 4466 μακαρίας

519 4497 647 4548 vina
680 4503 733 4546 et
763 4493 920 4546 beata
980 4485 1217 4542 essentia
1282 4493 1338 4539 et
1377 4484 1626 4552 corporis
1671 4482 1844 4537 oculis
1884 4480 2095 4549 conspi-

2208 4497 2419 4562 οὐσίας,
2455 4495 2552 4548 καὶ
2573 4493 2907 4562 σωματικοῖς
2946 4489 3249 4560 ὀφθαλμοῖς
3273 4487 3475 4559 ὁρατὴν
3523 4487 3648 4541 καθ’
3675 4487 3765 4540 αὖ·

518 4601 680 4640 euam
715 4599 812 4654 per
867 4595 946 4640 se,
1004 4593 1125 4648 quae
1152 4595 1276 4632 cum
1329 4575 1512 4630 omnia
1567 4575 1838 4644 perliciat,
1894 4571 2009 4641 ipsa
2047 4579 2100 4624 et

521 4675 836 4749 perﬁciatur
877 4687 972 4740 per
1011 4669 1304 4724 essentiam
1362 4665 1674 4737 impositam
1706 4675 1762 4720 et
1813 4671 2099 4718 moveatur

522 4771 665 4823 sicut
721 4766 988 4819 machina:
1057 4769 1313 4817 moveant
1379 4775 1501 4829 quae
1555 4756 1762 4813 moveri
1839 4755 2098 4826 possint:

525 4859 728 4912 deinde
763 4871 930 4910 unam
989 4855 1137 4908 illam
1197 4850 1546 4908 eilicientiam
1601 4849 1660 4902 in
1715 4849 1935 4909 multas,
1986 4847 2103 4901 sive

528 4953 715 5023 potius
757 4949 971 5004 inﬁnite
1003 4949 1058 5000 in
1111 4947 1353 5000 infinitas
1395 4942 1592 4998 dividit
1648 4943 1792 4997 sicut
1844 4956 2016 5011 genus
2045 4941 2100 4993 in

525 5045 739 5112 species
765 5042 1036 5106 diversas,
1068 5049 1125 5093 et
1179 5039 1403 5093 nomine
1433 5035 1674 5106 generali
1721 5049 1913 5089 omnes
1945 5041 2102 5087 vocat

524 5135 864 5195 ellieientias,
915 5134 1060 5188 solas
1095 5141 1278 5187 autem
1312 5139 1368 5184 et
1418 5128 1681 5198 singulas,
1723 5127 1856 5189 vim,
1887 5125 2052 5180 vitam
2083 5165 2098 5190 ,

527 5222 843 5293 imperium,
881 5220 1232 5290 sapienti-am,
1283 5219 1595 5272 facultatem
1623 5257 1636 5280 ,
1663 5215 1832 5286 274,
1873 5217 2051 5271 lucem
2085 5257 2098 5282 ,

531 5316 838 5378 veritatem,
869 5325 922 5368 et
959 5328 1069 5368 uno
1101 5315 1270 5366 verbo
1294 5324 1640 5379 quzecunque
1677 5309 1787 5363 Deo
1820 5309 1980 5378 digna
2004 5326 2101 5364 no-

529 5409 674 5462 tnina
707 5418 762 5462 et
790 5408 1053 5478 cogitata,
1083 5406 1186 5459 etsi
1215 5421 1246 5459 e
1279 5404 1515 5457 diversis
1557 5404 1842 5473 principiis
1873 5406 2108 5458 notatio-

528 5517 650 5554 nem
701 5494 1002 5570 aecipiuut,
1036 5508 1214 5550 tamen
1243 5493 1496 5548 eumdem
1539 5494 1680 5549 inter
1714 5511 1772 5550 se
1819 5497 2000 5550 locum
2032 5505 2108 5550 te-

528 5579 834 5664 nent,quia"
857 5591 1008 5644 nullo
1039 5589 1152 5641 fere
1191 5585 1370 5640 modo
1390 5588 1604 5642 diversa
1635 5600 1763 5642 sunt
1799 5605 1911 5658 pra:
1941 5589 2108 5658 signi-

527 5685 782 5740 ﬁcatione
837 5680 1132 5751 suppositi,
1187 5681 1370 5734 omnia
1417 5695 1526 5734 uno
1573 5682 1744 5736 verbo
1793 5681 2110 5734 divinitates

527 5787 686 5832 vocat
719 5775 965 5830 diversas
999 5783 1054 5827 et
1102 5773 1391 5828 iucreatas.
1441 5773 1828 5842 Reprehensos
1876 5775 2038 5840 igitur
2069 5791 2097 5827 a

2201 4582 2323 4652 τὴν,
2357 4581 2686 4652 ἐνεργοῦσαν
2719 4578 2817 4648 μὲν
2843 4579 2912 4632 τὰ
2941 4581 3120 4632 πάντα
3148 4577 3344 4647 αὐτὴν,
3377 4575 3765 4647 ἐνεργουμένην

2201 4672 2247 4726 δ’
2282 4673 2452 4740 αὐτὴν
2495 4673 2599 4724 ὑπὸ
2645 4671 2744 4742 τῆς
2794 4671 3196 4742 ὑπερκειμένης
3249 4669 3444 4733 οὐσίας
3497 4669 3633 4740 ἃμα,
3677 4670 3762 4720 καὶ

2208 4767 2540 4836 κινουμένην
2573 4765 2827 4834 καθάπερ
2859 4765 3018 4816 ὁποῖα
3041 4762 3149 4815 τῶν
3185 4760 3438 4830 ὀργάνων
3501 4763 3640 4816 κινεῖ
3687 4778 3766 4812 κ.-

2209 4859 2471 4930 νούμενα.
2505 4853 2642 4911 Εἶτα
2671 4856 2771 4928 τὴν
2799 4857 2930 4926 μίαν
2956 4853 3241 4926 ἐνέργειαν
3271 4856 3352 4918 εἰς
3395 4853 3617 4918 πολλάς,
3641 4853 3766 4922 μᾶλ-

2209 4951 2302 5002 λον
2336 4947 2382 5000 δ’
2412 4947 2710 5016 ἀπειράκις
2737 4945 3002 5014 ἀπείρους
3027 4942 3240 5008 διελὼν,
3274 4943 3350 5006 ὡς
3375 4943 3534 5010 γένος
3559 4944 3638 5004 εἰς
3657 4941 3765 5006 εἴδη

2209 5043 2465 5110 διάφορα,
2517 5037 2717 5107 γενικῷ
2751 5038 2852 5106 μὲν
2877 5036 3105 5105 ὀνόματι
3135 5037 3320 5098 πάσας
3370 5036 3648 5104 ἐνεργείας
3679 5052 3770 5086 κα-

2207 5135 2309 5198 λεῖ,
2332 5134 2436 5202 ἰδίᾳ
2459 5133 2503 5184 δ’
2521 5127 2586 5183 αὖ
2620 5131 2716 5184 καὶ
2747 5129 2870 5183 καθ’
2892 5129 3096 5181 ἕκαστα
3121 5127 3355 5196 δύναμιν
3377 5169 3392 5192 ,
3415 5126 3584 5198 ζωὴν,
3620 5127 3766 5196 βασι-

2207 5227 2382 5287 λείαν,
2403 5223 2909 5294 σοφίαν,ἐξουσίαν,
2940 5221 3076 5290 φῶς,
3113 5221 3398 5286 ἀλήθειαν.
3437 5224 3545 5275 Καὶ
3589 5220 3767 5279 ἁπλῶς

2209 5315 2380 5368 ὁπόσα
2420 5313 2702 5380 θεοπρεπῆ
2733 5311 2839 5362 τῶν
2884 5309 3164 5380 ὀνομάτων
3223 5311 3319 5362 καὶ
3361 5313 3672 5380 νοημάτων,
3720 5309 3764 5359 εί

2209 5408 2302 5458 καὶ
2331 5407 2394 5455 ἐκ
2431 5402 2710 5472 διαφόρων
2745 5401 2932 5471 ἀρχῶν
2963 5399 3234 5468 λαμϐάνει
3257 5398 3357 5470 τὴν
3415 5400 3762 5470 ὲτυμολογίαν

2207 5499 2463 5558 ἕκαστον,
2498 5494 2614 5548 ἁλλ’
2650 5490 2744 5548 οὖν
2770 5495 3051 5564 ὁμοτίμως
3085 5494 3275 5563 ἔχοντα
3307 5494 3444 5564 πρὸς
3479 5494 3678 5562 ἄλληλα
3693 5491 3763 5560 τῷ

2211 5589 2379 5659 μηδέν
2410 5605 2463 5640 τι
2495 5588 2645 5657 παρὰ
2674 5587 2771 5656 τὴν
2797 5587 2889 5639 τοῦ
2937 5587 3302 5655 ὑποκειμένου
3351 5587 3636 5656 διαφωνεῖν
3677 5603 3765 5652 ση-

2211 5681 2438 5750 μασίαν,
2469 5680 2732 5750 θεότητας
2771 5680 2946 5734 πάντα
2986 5680 3244 5744 καθάπαξ
3278 5682 3440 5743 αὐτὸς
3476 5681 3630 5736 καλεῖ
3657 5669 3762 5731 om;

2211 5773 2406 5842 φόρους
2461 5775 2552 5825 καὶ
2611 5773 2922 5835 ἁκτίστους.
2997 5773 3428 5841 Ἐγκαλούμενος
3486 5771 3574 5828 οὖν
3629 5757 3758 5842 πρὸς
