4046 6290
274 466 360 530 241

1212 470 1651 532 ΒΥΖΑΝΤΙΝίΕ
1693 471 2066 532 HISTORIA?
2106 471 2257 531 LIB:
2294 469 2473 538 XXX.

3387 466 3497 530 24³2

272 577 372 629 τῶν
423 573 807 644 συνετωτέρων
839 575 1121 644 πολλάκις,
1161 576 1237 641 ὡς
1268 580 1415 649 ἅπερ
1445 579 1611 631 πάλαι
1661 578 1814 647 Μάρ-

1922 578 2373 651 prudentioribus
2427 594 2825 653 saepenumero,
2879 586 2939 635 ut
2988 591 3074 643 ca,
3130 574 3329 644 quibus
3362 580 3490 632 olim

263 668 437 731 κελλος
467 669 495 721 6
517 666 765 733 Γαλάτης
797 670 894 722 καὶ
928 669 1195 731 Φῳτεινδς
1251 671 1346 723 καὶ
1395 670 1659 738 Εύνόμιος
1702 669 1818 721 δια-

262 760 432 828 φόρως
459 759 711 828 ἀλλήλοις
746 761 1001 823 εἰπόντες
1029 762 1118 814 ἐπ’
1152 762 1276 830 ίσης
1318 762 1459 815 κατὰ
1507 763 1609 830 τῆς
1661 762 1817 814 εὐσε-

263 855 400 916 ϐείας
436 853 755 925 ὲρῤἁγησάν
811 872 870 908 τε
932 857 1027 908 καὶ
1064 854 1358 917 ἔπνευσαν.
1413 854 1590 909 ταῦτα
1638 856 1818 908 πάντα

268 947 556 1018 συλλήϐδην
587 948 849 1018 κηρύττει
880 948 976 1001 νῦν
1015 950 1201 1003 οὐτοσὶΙ
1261 949 1515 1020 καθάπερ
1572 950 1654 1013 είς
1720 949 1819 1002 ἕνα

265 1038 527 1106 συντήξας
562 1039 822 1108 κρατῆρα
858 1038 1084 1102 κακίας,
1147 1040 1366 1102 σκολιὰς
1431 1040 1670 1092 ποιεῖται
1718 1037 1819 1100 τὰς

263 1128 593 1196 ἀποκρίσεις,
644 1128 705 1194 ὲξ
764 1129 956 1198 ἑτέρου
1008 1128 1145 1200 πρὸς
1194 1130 1382 1200 ἕτερον
1449 1129 1817 1199 μεταϐαίνων,

259 1220 346 1273 καὶ
372 1220 583 1283 πάντας
616 1221 896 1281 δυσσεϐεῖς
922 1222 1088 1274 νικῶν
1124 1221 1187 1293 [Γ.
1218 1223 1322 1277 155
1356 1221 1573 1295 mirati;
1623 1223 1719 1277 ἐπὶ
1757 1222 1819 1275 τὸ

262 1310 440 1379 μεῖζον
469 1311 563 1364 τοῦ
590 1310 764 1366 κακοῦ
795 1312 1162 1381 προσθήκαις.
1191 1314 1302 1367 Καὶ
1340 1313 1458 1368 δέον
1489 1312 1585 1367 τοῦ
1648 1313 1821 1382 ὑπερ⁴

261 1402 545 1467 ϐάλλοντος
589 1404 753 1481 ἕνεκα
794 1405 1273 1474 ὲγκαλύτπεσθαι,
1328 1409 1355 1460 6
1399 1406 1456 1460 ἢ
1504 1406 1820 1459 τούναντίον

256 1497 521 1568 διαφυγῆς
546 1500 836 1567 πορίζεται
876 1500 1151 1570 πρόφασιν
1207 1500 1310 1569 τὴν
1346 1500 1488 1569 πρὸς
1518 1502 1579 1554 τὸ
1636 1502 1820 1569 χεῖρον

254 1589 453 1659 ταύτην
481 1590 849 1658 παράλλαξιν,
909 1592 1008 1644 καὶ
1042 1591 1224 1645 οὐδενὶ
1261 1593 1579 1660 συμφωνεῖν
1616 1591 1815 1643 διατεί-

257 1700 416 1745 νεται,
443 1682 633 1750 ὅμοιον
657 1682 828 1736 ποιῶν
862 1684 1055 1750 ὥσπερ
1084 1683 1149 1737 ἂν
1181 1684 1235 1737 εί
1267 1701 1355 1745 τις
1385 1684 1598 1754 κλοπῆς
1654 1687 1823 1750 ὲγκαο

254 1774 531 1843 λούμενος,
559 1777 587 1826 6
620 1775 675 1828 δὲ
704 1775 766 1827 τὸ
795 1776 895 1843 μὲν
952 1776 1191 1845 κλέπτης
1254 1772 1398 1830 εἶναι
1447 1775 1816 1847 ἀπηγόρευεν,

253 1864 530 1934 ἱερόσυλος
563 1865 610 1917 δ’
646 1862 788 1917 εἷναι
819 1867 915 1919 καὶ
944 1866 1275 1937 ἀνδροφόνος
1327 1867 1560 1929 ἐτίθετο,
1620 1866 1695 1936 μὴ
1738 1869 1817 1918 εἰ-

251 1955 347 2018 δὼς
380 1956 793 2011 πολλαπλάσιον
849 1959 994 2028 ἔχειν
1049 1959 1153 2029 τὴν
1188 1960 1462 2030 τιμωρίαν
1493 1961 1584 2013 τὸν
1623 1961 1814 2029 ἀνδρο-

254 2048 402 2113 φόνον
456 2051 551 2101 καὶ
604 2048 886 2118 ἱερόσυλον
925 2050 956 2118 ἢ
989 2050 1081 2103 τὸν
1117 2050 1368 2103 ἰδιωτικὰ
1404 2051 1665 2120 χρήματα
1718 2069 1814 2104 κε-

249 2138 505 2208 κλοφότα.
540 2140 731 2207 Ὅμως
786 2142 1002 2194 είπάτω
1055 2142 1151 2194 νῦν
1194 2143 1301 2195 ποῦ
1353 2144 1449 2212 τῆς
1518 2145 1670 2212 ἱερᾶς
1707 2144 1819 2197 τῶν

248 2233 415 2296 ἁγίων
478 2233 703 2303 Γραφῆς
733 2234 980 2304 εὑρίσκει
1046 2236 1228 2306 ῥητῶς
1289 2236 1491 2297 πολλὰς
1525 2237 1816 2300 ἀκτίστους

248 2322 513 2392 θεότητοις
546 2328 639 2379 καὶ
669 2327 965 2398 διαφόρους
995 2329 1095 2397 τῆς
1130 2328 1280 2393 θείας
1336 2330 1555 2399 ἐκείνης
1593 2330 1811 2393 οὐσίας,

248 2416 499 2487 καθάπερ
537 2421 647 2484 εγὼ
674 2420 766 2472 νῦν
795 2421 1010 2488 κομίζω
1051 2422 1333 2491 μάρτυρας
1370 2423 1595 2485 τούτους
1628 2423 1687 2475 ἓν
1713 2423 1810 2491 μὸο

244 2524 329 2559 νον
356 2510 415 2559 τὸ
465 2511 726 2563 ἄκτιστον
757 2512 857 2581 τὴν
903 2514 1058 2566 θείαν
1100 2515 1197 2567 καὶ
1241 2516 1681 2584 τρισυπόστατον
1724 2516 1815 2567 λέ-

245 2614 433 2664 γοντας
469 2600 655 2667 φύσιν,
690 2604 756 2655 τὰ
788 2604 833 2655 δ’
862 2604 997 2657 ἄλλα
1020 2606 1203 2668 πάντα
1235 2608 1330 2659 καὶ
1364 2607 1480 2670 μετ’
1503 2607 1672 2677 αὐτὴν
1693 2626 1812 2661 κτι-

247 2696 360 2748 atri.
400 2696 499 2760 Ἐξ
525 2691 601 2749 ὧν
628 2697 761 2749 αὑτό
812 2715 870 2750 τε
901 2697 1064 2751 τοῦτο
1098 2701 1291 2767 μαθεῖν
1348 2699 1498 2752 ἔστιν
1530 2702 1611 2754 ὅτι
1656 2701 1715 2753 εν
1754 2702 1816 2755 τὸ

246 2786 504 2840 ἇκτιστον
530 2788 622 2839 καὶ
656 2790 713 2841 ού
744 2789 932 2854 πολλὰ,
960 2791 1055 2845 καὶ
1089 2791 1204 2858 ἃμα
1234 2792 1316 2844 ὅτι
1375 2792 1564 2845 οὐσίαν
1595 2794 1690 2846 καὶ
1724 2795 1816 2847 ού-

245 2875 427 2939 σιῶδες
448 2880 553 2929 καὶ
585 2878 829 2932 ὲνούσιον
860 2883 957 2932 καὶ
1000 2882 1168 2949 φύσιν
1189 2884 1281 2935 καλ⁸
1324 2885 1554 2951 φυσικδν
1590 2887 1686 2939 καὶ
1714 2885 1813 2957 ἒμ-

244 2981 403 3030 φυτον
428 2967 531 3018 ἐπὶ
561 2966 698 3020 Θεοῦ
729 2968 1002 3041 λεγόμενα
1036 2973 1216 3041 ἁπλῆν
1265 2975 1375 3043 ἔχει
1401 2976 1502 3044 τὴν
1533 2978 1815 3047 σημασίαν

246 3056 332 3107 καὶ
384 3058 695 3130 μοναδικὴν
722 3061 819 3114 καὶ
857 3063 1025 3132 μηδὲν
1059 3066 1288 3136 μηδαμῆ
1321 3071 1813 3138 παραλλάττουσαν

241 3150 314 3219 τῷ
341 3153 436 3219 τῆς
461 3154 660 3216 οὐσίας
691 3156 784 3208 καὶ
820 3157 1037 3224 φύσεως
1060 3159 1207 3227 λόγῳ
1234 3161 1376 3231 πλὴν
1434 3166 1498 3232 τῇ
1562 3167 1816 3237 προφορᾷ

1923 669 2211 726 Marcellus
2245 672 2430 727 Galata
2459 684 2513 729 et
2562 673 2830 728 Photinus
2858 680 2915 727 ct
2942 669 3269 732 Eunomius,
3295 684 3490 739 quam-

1922 764 2004 816 vis
2030 763 2173 823 intcr
2204 780 2262 819 se
2314 765 2723 829 dissentientes,
2757 778 2911 834 mque
2945 773 3135 818 contra
3169 760 3494 831 religionem

1920 864 2294 924 proruperunt
2340 868 2395 911 et
2446 858 2875 927 consliirarunt,
2929 856 3113 910 omnia
3168 854 3284 909 haec
3328 852 3495 909 simul

1920 948 2206 1001 contendit
2247 965 2395 1003 nunc
2444 950 2566 1011 iste,
2600 949 2759 1019 quasi
2792 948 2849 1002 in
2886 962 3050 1003 unam
3092 947 3335 1001 miscens
3374 960 3495 1000 cra-

1923 1044 2097 1091 teram
2156 1037 2481 1107 pravitatis,
2517 1048 2571 1094 et
2611 1038 2914 1094 insidiosas
2955 1036 3134 1091 reddit
3178 1036 3495 1105 responsio-

1921 1144 2037 1195 nes,
2069 1145 2135 1184 cx
2161 1131 2270 1185 alio
2300 1132 2365 1185 ad
2414 1132 2569 1186 aliud
2615 1140 3024 1202 transgressus.
3076 1138 3137 1186 et
3174 1144 3367 1185 omnes
3395 1129 3507 1183 im-r

1920 1220 2049 1290 pios
2090 1237 2356 1290 superans
2414 1224 2557 1278 mole
2610 1224 2836 1295 majoris
2894 1223 3203 1293 pravitatis,
3227 1232 3306 1293 {et
3365 1237 3509 1277 cum

1918 1326 2149 1367 necesse
2186 1314 2264 1368 sit
2292 1325 2518 1384 propter
2547 1316 2813 1370 victorem
2843 1316 3080 1371 latebras
3104 1330 3372 1386 quaerere,
3404 1317 3509 1371 illo

1920 1413 2108 1459 contra
2145 1405 2378 1475 perfugii
2436 1406 2540 1461 sibi
2577 1415 2860 1476 comparat
2893 1406 3157 1475 speciem,
3188 1406 3333 1459 hanc
3372 1420 3499 1459 nut-

1920 1497 2177 1552 tationcm
2197 1498 2394 1553 iactam
2430 1499 2499 1553 in-
2524 1499 3124 1568 deteriorem‘partem,
3159 1514 3337 1567 neque
3369 1514 3511 1553 cum

1918 1604 2193 1660 quoquam
2233 1591 2471 1661 colloqui
2504 1591 2689 1647 studet
2719 1607 2910 1661 :aeque
2941 1607 3005 1646 ac
3031 1593 3075 1647 si
3104 1592 3229 1661 quis
3254 1592 3319 1645 dc
3346 1591 3515 1647 furto-

1917 1680 2246 1750 appellatus,
2272 1680 2449 1736 furem
2484 1697 2543 1737 se
2569 1697 2691 1737 esse
2722 1690 2985 1752 negaret,
3029 1682 3356 1752 sacrilegum
3395 1698 3495 1736 au-

1919 1779 2027 1827 tem
2077 1781 2134 1827 et
2186 1772 2519 1842 parricidam
2578 1775 2950 1840 concederet,
3008 1775 3271 1844 ignorans
3324 1775 3509 1829 multo

1920 1865 2127 1936 majore
2158 1864 2294 1921 afﬁci
2315 1882 2476 1936 parua
2508 1867 2839 1935 parricidam
2870 1876 2929 1921 et
2956 1868 3309 1936 sacrilegum;
3329 1881 3518 1937 quarm

1852 1936 1892 1989 Β
1924 1973 2013 2013 res
2039 1959 2282 2027 privatas
2327 1959 2591 2013 furatum.
2630 1958 2834 2011 Tamen
2867 1958 3038 2013 dicito
3084 1974 3255 2021 nunc,
3299 1936 3389 2014 ubi
3440 1959 3513 2013 in-

1921 2066 2075 2106 sacra
2106 2060 2420 2106 sanctorum
2452 2050 2736 2119 Scriptura
2780 2058 2965 2119 aperte
3017 2052 3254 2118 reperiat
3294 2050 3516 2105 multas-

1921 2142 2239 2197 di-vinitates
2294 2143 2570 2196 increatas
2622 2151 2677 2195 et
2710 2140 2960 2196 diversas
2990 2142 3059 2195 ab
3117 2138 3362 2197 essentia
3405 2141 3501 2197 illa
3594 2136 3597 2139 ’

1921 2236 2126 2301 divina,
2158 2237 2303 2290 sicut
2329 2249 2432 2305 ego
2459 2242 2628 2291 testes
2659 2234 2765 2290 hos
2782 2248 2929 2288 nunc
2979 2234 3174 2297 adero,
3201 2235 3295 2304 qui
3325 2248 3511 2287 unum

1923 2336 2135 2382 tantum
2172 2341 2292 2382 esse
2341 2330 2649 2382 increatum
2684 2325 2903 2387 dicunt,
2944 2323 3184 2377 divinam
3234 2323 3507 2378 nimirum

1919 2429 1976 2473 et
2005 2429 2088 2474 ter
2125 2417 2462 2488 suppositam
2508 2426 2790 2471 naturam:
2823 2424 3018 2471 caetera
3069 2427 3254 2470 autem
3308 2416 3495 2469 omnia

1919 2511 2083 2565 etiam
2125 2519 2249 2579 post
2276 2525 2393 2564 eam
2426 2517 2633 2575 creata,
2664 2523 2728 2563 ex
2757 2507 2962 2577 quibus
3013 2508 3067 2561 id
3120 2507 3282 2576 275
3314 2507 3501 2575 ipsum

1921 2605 2149 2673 intelligi
2202 2613 2379 2673 potest
2416 2618 2582 2657 unum
2617 2616 2739 2657 esse
2792 2602 3127 2666 incrcatum,
3154 2616 3334 2671 neque
3365 2615 3513 2656 vertr

1922 2694 2116 2759 multa,
2150 2693 2349 2748 deinde
2381 2708 2507 2747 cum
2539 2693 2833 2747 essentiam
2856 2702 2913 2747 et
2938 2692 3240 2748 essentiale
3279 2700 3333 2745 et
3363 2691 3501 2745 sub-

1920 2787 2174 2841 stantiale
2225 2797 2281 2841 et
2318 2794 2568 2841 naturam
2622 2794 2678 2840 et
2714 2786 2960 2839 naturale
3015 2793 3072 2839 et
3125 2785 3374 2838 innatum
3426 2784 3501 2838 de

1924 2876 2032 2931 Deo
2083 2879 2487 2947 praedicamus,
2535 2878 2650 2933 hmc
2685 2877 2988 2947 simplicem
3039 2876 3157 2930 vim
3203 2876 3414 2930 habere
3438 2883 3492 2928 el

1921 2969 2164 3035 unicam,
2201 2986 2380 3041 neque
2416 2972 2527 3025 ullo
2560 2971 2787 3027 omnino
2838 2971 3002 3026 modo
3030 2970 3376 3025 diﬁ‘ercutem
3426 2968 3511 3022 ab«

1920 3061 2171 3115 essentia:
2209 3070 2262 3113 et
2309 3071 2517 3114 naturae
2551 3064 2794 3127 notione,
2836 3062 2937 3116 nisi
2971 3061 3212 3117 nominis
3246 3073 3495 3129 pronun-

1922 3151 2170 3205 tiatione.
2227 3150 2601 3205 Praedicantur
2657 3153 2804 3206 enim
2863 3154 3027 3206 etiam
3061 3152 3131 3205 de
3177 3149 3497 3218 compositis

240 3242 333 3308 τῆς
362 3242 595 3308 λέξεως.
632 3246 865 3312 Λέγεται
910 3250 1009 3318 μὲν
1069 3252 1175 3322 γὰρ
1225 3255 1327 3306 κὰν
1373 3259 1486 3318 τοῖς
1540 3257 1813 3321 συνθέτοις

1923 3239 2040 3296 ιιωο
2069 3249 2123 3295 et
2152 3241 2370 3306 creatis,
2409 3258 2517 3295 non
2548 3251 2731 3296 autem
2770 3242 3105 3306 necessario,
3140 3240 3234 3294 sed
3270 3241 3336 3293 iis
3364 3254 3501 3294 cono

239 3333 403 3387 ταῦτα
436 3337 541 3388 καὶ
582 3342 843 3405 κτιστοίς,
887 3342 1005 3393 ἀλλ’
1052 3345 1113 3395 οὐ
1171 3347 1312 3399 κατὰ
1373 3347 1464 3400 τδν
1516 3350 1813 3418 ἀναγκαῖον

240 3424 327 3477 τὸν
371 3426 417 3480 δ’
449 3428 649 3494 αὐτοῖς
696 3431 1053 3503 ἐνδεχόμενον
1084 3437 1305 3506 τρόπον,
1338 3432 1388 3506 ᾧ
1415 3415 1476 3492 τὸ
1523 3415 1664 3496 εἶναι
1718 3447 1813 3497 καὶ

240 3513 485 3585 μὴεῖναι
529 3520 941 3577 ἓπεταιὲδδίοτε.
982 3527 1093 3578 Καὶ
1149 3526 1365 3595 πρῶτος
1421 3531 1521 3599 μὲν
1571 3534 1600 3583 6
1642 3533 1814 3601 μέγας

238 3609 398 3675 φησὶν
436 3611 788 3679 Ἀθανάσιος,
814 3634 836 3667 ι
872 3616 1164 3683 ’Ᾱκτιστος
1199 3621 1410 3694 πέφυκε
1455 3623 1591 3692 μόνη
1623 3624 1663 3692 ἠν
1679 3625 1812 3692 ἁγία

236 3697 426 3768 Τριὰς,
464 3703 643 3767 ἁῖδιός
675 3722 734 3757 τε
767 3707 862 3759 καὶ
908 3709 1176 3779 ἄτρεπτος
1220 3711 1314 3764 καὶ
1354 3713 1744 3778 ἀναλλοίωτος.
1787 3734 1807 3766 ι

238 3788 345 3841 Καὶ
383 3786 597 3853 αὖθιςό
625 3794 809 3858 αὐτὸς,
860 3813 878 3845 ι
927 3796 1196 3868 Ἀκτίστῳ
1248 3802 1551 3870 προσάγειν
1583 3802 1813 3872 αὖξησιν

235 3879 427 3946 ἀσεϐές
463 3885 609 3938 ἐστι.
650 3903 670 3935 ι
701 3885 814 3940 Καὶ
841 3885 944 3953 ἔτι,
987 3905 1010 3938 ι
1044 3889 1117 3941 Τὸ
1137 3890 1251 3961 γὰρ
1269 3890 1526 3945 ἄκτιστον
1550 3895 1615 3962 τῇ
1650 3892 1813 3963 φύσει

237 3970 449 4042 λέγεται
500 3977 782 4042 ἅκτιστον,
843 3980 982 4049 μήτε
1030 3980 1259 4051 αὔξησιν
1324 3985 1461 4053 μήτε
1513 3986 1812 4039 ἐλάττωσιν

236 4065 648 4137 ἐπιδεχόμενον.
686 4086 705 4120 ι
739 4070 849 4124 Καὶ
883 4072 1002 4141 μετ’
1032 4073 1234 4143 ὀλίγον,
1269 4093 1287 4127 ι
1326 4077 1616 4140 Ἀκτιστος
1638 4078 1814 4148 ὓπαρ-

237 4154 311 4211 Et:
333 4159 476 4228 μόνη
533 4160 569 4229 ἠ
609 4162 705 4230 τῆς
734 4162 988 4233 θεότητος
1041 4169 1264 4221 νοεῖται.
1303 4186 1322 4217 ι
1372 4169 1482 4221 Kal
1520 4168 1624 4235 ἔτι,
1658 4188 1677 4220 ι
1718 4172 1814 4224 "A-

234 4264 450 4312 κτιστος
499 4252 638 4322 μόνη
676 4254 921 4322 πέφυκεν
954 4253 987 4326 ἦ
1015 4257 1145 4325 ἁγία
1176 4258 1343 4329 Τριὰς
1365 4262 1463 4332 τῆς
1500 4261 1806 4332 θεότητος.»

241 4342 558 4410 «Δεύτερον
608 4346 741 4398 Θεὸν
787 4347 943 4402 οὕπω
1006 4354 1103 4405 καὶ
1164 4354 1412 4423 τήμερον
1461 4356 1810 4427 ἀκηκόαμεν.

236 4431 371 4485 Ὅσα
398 4436 520 4504 ἔγχει
546 4439 576 4490 6
599 4439 807 4509 Πατὴρ,
847 4440 1018 4495 ταῦτα
1050 4443 1145 4496 καὶ
1172 4444 1199 4495 ὁ
1233 4443 1380 4511 Υίὺς,
1418 4446 1480 4497 τὸ
1522 4447 1807 4515 Ὗψιστος,

236 4524 295 4576 τὸ
340 4527 627 4595 βασιλεὺς,
654 4533 716 4583 τὸ
752 4533 978 4602 Κύριος,
1006 4537 1066 4588 τὺ
1122 4538 1545 4609 παντοκράτωρ.
1608 4538 1671 4593 ’0
1700 4541 1811 4610 γὰρ

1918 3335 2156 3389 venienti
2217 3335 2397 3398 modo,
2451 3349 2687 3403 quocum
2719 3334 2974 3400 congruit
3032 3333 3313 3389 interdum
3348 3332 3511 3399 quod

1914 3437 2075 3483 estet
2104 3427 2248 3497 quod
2275 3444 2382 3481 non
2411 3436 2518 3481 est.
2550 3427 2730 3496 Atque
2764 3429 2975 3495 primus
3006 3426 3228 3496 quidem
3262 3440 3513 3499 magnus

1916 3520 2006 3574 ille
2045 3520 2394 3581 Athanasius,
2433 3537 2453 3569 ι
2490 3519 2755 3582 lnereata,
2787 3519 2985 3588 inquit,
3019 3529 3102 3573 est
3160 3521 3271 3573 sola
3307 3530 3500 3575 sancta

1915 3612 2188 3667 Trinitas:
2224 3622 2272 3665 et
2307 3621 2509 3666 aeterna
2545 3620 2600 3665 et
2626 3612 2848 3665 immota
2884 3621 2941 3667 et
2972 3612 3382 3667 immutabilis.»
3427 3615 3499 3668 Et

1913 3720 2104 3758 rursus
2133 3705 2297 3766 idem,
2320 3721 2345 3754 ι
2379 3704 2625 3758 lucreato
2658 3704 2962 3758 attribucre
2995 3706 3366 3759 accessionem
3395 3721 3491 3758 ne—

1915 3794 1999 3849 fas
2026 3804 2160 3858 est,»
2194 3805 2249 3849 et
2282 3811 2477 3863 porro:
2507 3814 2524 3845 ι
2551 3794 2849 3849 luet-catum
2877 3798 3022 3851 enim
3056 3806 3249 3851 natura
3275 3813 3372 3853 sua
3406 3799 3497 3852 di-

1913 3886 2059 3942 citur
2089 3887 2391 3941 increatum
2435 3902 2613 3956 neque
2656 3889 3031 3944 accessionem
3082 3903 3263 3959 neque
3312 3890 3499 3944 minu-

1914 3982 2118 4037 tionem
2151 3980 2416 4050 patiens,»
2438 3991 2490 4035 et
2518 3980 2668 4035 brevi
2720 3991 2878 4050 post:
2918 3999 2939 4033 ι
2976 3981 3221 4037 lncreata
3254 3986 3492 4039 essentia

1913 4077 2025 4131 sola
2060 4084 2286 4144 putatur
2320 4074 2563 4129 numinis
2594 4074 2789 4140 divini,
2828 4093 2850 4125 ι
2881 4083 2938 4129 et
2964 4090 3154 4145 porro,
3180 4094 3204 4127 ι
3242 4077 3491 4132 Increata

1914 4168 2027 4221 sola
2070 4167 2212 4221 facta
2246 4176 2331 4220 est
2361 4175 2547 4220 sancta
2583 4166 2825 4222 Trinitas
2862 4168 2981 4222 Dei.
3040 4168 3286 4222 Alterum
3320 4167 3487 4223 Deum

1914 4259 2158 4315 nondum
2188 4259 2351 4313 etiam
2387 4258 2548 4313 hodie
2582 4257 2913 4314 audivimus.
2946 4259 3298 4328 Quaecunque
3340 4258 3504 4315 Patri-

1914 4362 2063 4415 sunt,
2094 4351 2286 4406 eadem
2307 4352 2474 4405 etiam
2504 4351 2663 4417 Filio,
2703 4361 2787 4407 est
2814 4353 2961 4406 enim
2992 4352 3319 4417 altissimus,
3352 4354 3490 4416 Rex,

1914 4444 2198 4507 Dominus,
2229 4442 2626 4513 Omnipotens:
2666 4459 2792 4497 nam
2830 4453 3027 4498 natura
3055 4461 3153 4499 sua
3186 4446 3273 4501 his
3297 4446 3497 4516 praedis

1914 4546 2001 4591 tus
2024 4544 2109 4590 est
2140 4548 2193 4590 et
2226 4536 2522 4590 increatus.
2567 4535 2876 4590 lncreatum
2913 4546 2968 4591 et
3022 4538 3144 4592 sine
3179 4552 3412 4607 corpore
3440 4548 3518 4591 ριι

237 4615 371 4666 κατὰ
401 4616 575 4683 φύσιν
612 4619 782 4672 ταῦτα
812 4624 911 4675 καὶ
946 4623 1228 4687 ἄκτιστος.
1269 4645 1288 4676 ι
1325 4645 1344 4679 ι
1387 4628 1683 4682 ’Δκτιστον
1712 4631 1806 4684 καὶ⁸

1917 4635 2107 4681 natura
2159 4626 2433 4681 invisibile
2491 4626 2666 4681 solum
2696 4636 2776 4681 est
2811 4643 3015 4681 numen
3057 4628 3324 4683 divinum.
3364 4627 3518 4682 Sola

234 4706 531 4785 ἁσὼμῆτον
560 4712 653 4763 καὶ
689 4711 849 4778 φύσει
871 4715 1101 4785 ἀόρατον
1128 4717 1289 4782 μόνον
1316 4719 1377 4773 τὸ
1408 4719 1563 4774 Θεῖόν
1595 4722 1737 4777 ἔστι.
1787 4742 1804 4771 ι

240 4812 258 4844 ι
288 4797 445 4867 Μόνη
481 4801 581 4869 τῆς
608 4804 840 4867 κτίσεως
872 4805 1197 4876 ὑπέρκειται
1244 4811 1276 4876 ή
1321 4810 1440 4863 Otia
1499 4829 1557 4865 τε
1614 4815 1709 4866 καὶ
1749 4816 1812 4868 ᾶ-

237 4912 465 4960 κτιστος
528 4899 688 4966 φύσις
755 4902 850 4953 τοῦ
880 4903 1035 4957 Θεοῦ.
1073 4924 1093 4957 ι
1139 4905 1247 4957 Καὶ
1272 4909 1371 4976 τῆς
1408 4906 1510 4975 μὲν
1554 4908 1811 4962 ἀκτίστου

230 4988 457 5055 φύσεως
492 4993 598 5061 τὴν
620 4994 785 5060 ἁγίαν
816 4994 1026 5065 Τριάδα
1066 4997 1454 5067 διωρισάμεθα
1479 4995 1646 5063 εἶναι,
1710 5002 1813 5071 τῆς

229 5081 288 5132 δὲ
310 5085 555 5151 κτιστῆς
586 5084 763 5137 πάντα
791 5086 892 5139 ὅσα
920 5087 1042 5156 μετ’
1070 5088 1292 5155 ἐκείνην
1343 5090 1568 5158 λέγεταί
1614 5108 1674 5143 τε
1717 5092 1813 5143 καὶ

228 5173 350 5227 ἔστι
376 5176 483 5227 καὶ
511 5175 856 5246 ὀνομάζεται.
879 5177 942 5251 [ί.
975 5180 1077 5235 155
1098 5179 1173 5251 r.]
1206 5182 1484 5235 ’Λκτίστου
1507 5184 1643 5254 πρὸς
1659 5185 1813 5239 ἄκτι-

230 5280 358 5316 στον
400 5264 515 5317 οὐκ
562 5266 623 5317 ἄν
686 5282 772 5327 τις
818 5269 1092 5338 ἐννοήσειε
1140 5268 1428 5335 διαφοράν.
1489 5271 1642 5343 Μόνη
1688 5272 1744 5323 δὲ
1781 5273 1813 5339 ἡ

227 5354 503 5415 ἅκτιστος
535 5356 695 5422 φύσις
727 5360 759 5426 ἡ
793 5359 853 5411 ὲν
872 5360 1051 5429 Πατρὶ
1067 5360 1162 5412 καὶ
1204 5361 1318 5430 Υίῴ
1344 5362 1437 5414 καὶ
1465 5362 1608 5429 ἁγίῳ
1641 5364 1813 5415 Ilvati-

232 5465 366 5514 ματι
392 5450 776 5519 πιστευομένη
803 5452 1073 5517 κρείττων
1107 5452 1230 5504 ἐστὶ
1282 5453 1467 5522 πάσης
1525 5455 1817 5525 ὀνομαστι-

227 5540 332 5607 κῆς
358 5542 675 5609 σημασίας.
731 5544 1025 5598 Ἀκτιστον
1062 5543 1119 5597 δὲ
1167 5544 1307 5616 πλὴν
1363 5548 1460 5615 τῆς
1514 5547 1662 5609 θείας
1715 5548 1815 5617 φύ-

228 5630 370 5694 σεώς
405 5632 572 5683 ἐστιν
595 5632 764 5685 οὐδέν.
788 5632 930 5685 Ἀλλ’
963 5635 1013 5686 εἰ
1075 5635 1229 5699 Θεὸς,
1267 5637 1487 5699 πάντως
1531 5640 1626 5691 καὶ
1655 5640 1811 5693 ἄκτι-

228 5740 353 5788 ato;
373 5739 389 5754 ·
431 5724 487 5777 εἰ
524 5722 586 5773 δὲ
615 5726 848 5791 κτιστὺς,
869 5728 933 5780 οὐ
964 5728 1117 5792 Θεός.
1162 5728 1249 5779 Ἐν
1273 5732 1338 5799 τῇ
1385 5731 1626 5802 ἀκτίστῳ
1654 5733 1829 5801 φύσει-

228 5820 441 5869 νοεῖται
495 5815 572 5867 τὰ
629 5817 913 5885 θαυμαστὰ
968 5821 1269 5890 πράγματα
1328 5824 1424 5875 καὶ
1475 5823 1734 5894 ὀνόματα,
1788 5830 1816 5880 ὁ

235 5910 433 5982 Πατὴρ
473 5906 581 5962 καὶ
613 5909 785 5975 ὁΥίὸς
819 5914 910 5965 καὶ
939 5914 995 5965 τὸ
1026 5912 1248 5982 ῐ1ν;ὗμσι
1277 5914 1334 5965 τὸ
1365 5913 1538 5981 ἅγιον.
1583 5916 1696 5969 Πᾶν
1760 5919 1824 5970 τὸ

1914 4719 2252 4774 creationem
2290 4719 2509 4775 excedit
2547 4719 2733 4773 divina
2796 4730 2852 4774 ct
2890 4721 3136 4775 iucrcata
3192 4719 3489 4789 2761)ρί

1913 4820 2127 4866 natura.
2154 4832 2170 4863 ι
2197 4810 2261 4865 Et
2285 4812 2540 4868 iucrealae
2566 4812 2788 4881 quidem
2814 4822 3020 4867 naturzc
3048 4823 3292 4867 sanctam
3313 4812 3511 4866 Triuia-

1913 4911 2081 4956 tatem
2110 4917 2235 4959 esse
2257 4903 2573 4957 definiendo
2626 4906 3049 4959 constituimus:
3077 4916 3274 4974 creatae
3303 4914 3499 4959 autern-

1914 4998 2121 5059 omnia,
2152 5011 2274 5067 qua:
2302 5007 2426 5066 post
2459 5006 2654 5050 eamet
2680 4996 2943 5051 dicuntur
2965 5010 3019 5051 ct
3048 5007 3177 5051 sunt
3203 5007 3260 5052 ct
3289 5013 3502 5051 vocan-

1918 5099 2027 5146 tur.
2074 5090 2305 5144 lncrcati
2364 5104 2474 5156 pra:
2510 5089 2757 5143 increato
2797 5105 2984 5150 nemo,
3042 5098 3195 5158 puto,
3248 5090 3490 5159 cegitare

1918 5192 2099 5253 potest
2128 5182 2563 5237 distinctionem.
2581 5181 2709 5237 Sola
2733 5185 2970 5238 iuereata
2993 5196 3204 5243 namra,
3220 5197 3340 5251 qum
3363 5182 3492 5251 qui-

1916 5275 2039 5329 dem
2066 5274 2244 5329 Patris
2272 5284 2328 5328 et
2351 5273 2473 5328 Filii
2504 5284 2559 5327 et
2593 5274 2832 5341 Spiritus
2862 5273 3037 5326 sancti
3068 5273 3329 5328 creditur.
3349 5289 3488 5343 pra:—

1917 5369 2151 5422 stantior
2184 5377 2269 5421 est
2295 5368 2443 5419 omni
2473 5365 2881 5435 signiﬁcatione
2923 5367 3227 5420 nominum;
3268 5368 3484 5422 lncrca-

1919 5470 2032 5512 tum
2058 5458 2164 5512 nisi
2198 5467 2390 5511 natura
2424 5458 2610 5510 divina
2647 5465 2729 5511 est
2773 5458 2931 5510 nihil.
2966 5458 3070 5513 Sed
3116 5460 3159 5513 si
3191 5459 3335 5513 Deus
3365 5471 3447 5513 est
3471 5498 3486 5519 ,

1919 5552 2144 5605 omnino
2195 5549 2339 5603 idem
2379 5560 2464 5604 est
2509 5550 2819 5603 increatus:
2873 5551 2959 5605 sin
2995 5561 3175 5605 autem
3224 5559 3441 5604 creatus
3472 5591 3487 5611 ,

1921 5653 2029 5691 non
2060 5646 2141 5692 est
2177 5636 2338 5691 Deus.
2390 5637 2448 5691 In
2484 5644 2678 5690 natura
2732 5638 2975 5693 iucrcata
3028 5656 3148 5693 csse
3187 5639 3491 5692 creduntur

1921 5729 2071 5782 miras
2101 5743 2189 5783 res
2225 5732 2469 5798 miraque
2500 5728 2743 5793 nomina,
2783 5730 3029 5785 Pater‘et
3075 5731 3243 5784 Filius
3274 5743 3331 5785 et
3358 5731 3512 5802 δρίαν

1921 5822 2060 5875 ritus
2090 5833 2330 5879 sanctus.
2356 5820 2528 5876 Omnc
2563 5832 2803 5876 creatqu
2839 5831 3046 5876 natura:
3071 5821 3270 5877 divina:
3290 5838 3513 5893 expers.

1921 5931 2040 5972 esse
2073 5917 2296 5973 credere
2330 5909 2947 5983 cdocti'sumusrsclam
2974 5927 3158 5970 autem
3189 5919 3519 5973 auersatus»
