4046 6290
516 519 621 582 243

1711 514 2127 574 NICEPIIORI
2167 515 2548 574 GliEGUli/E

3641 511 3737 573 244

516 644 768 689 naturam
817 633 1065 687 venerari
1105 641 1162 688 et
1205 633 1408 697 colere,
1462 632 1621 702 cujus
1669 632 1886 702 signum
1921 642 2085 688 estet

2202 635 2406 688 ιτιστδν
2435 634 2540 699 ἔξω
2561 634 2661 703 τῆς
2689 632 2837 693 θείας
2863 631 3081 702 φύσεως
3137 631 3280 680 νοεῖν
3324 627 3746 694 ἐπαιδεύθημεν.

519 725 784 782 indicium
822 725 946 790 hoc,
984 733 1045 778 ut
1077 738 1197 780 esse
1227 738 1408 793 neque
1454 722 1684 794 incipiat
1734 741 1910 794 neque
1939 724 2086 780 desi-

520 825 637 872 nat.
660 817 856 871 Omnia
882 816 1014 870 facit
1035 824 1085 869 el
1137 816 1402 885 prospicit
1427 823 1484 869 et
1511 815 1760 871 continet
1807 817 1966 880 Deus,
1999 834 2088 873 so-

516 910 606 966 lus
645 910 948 970 increatus,
978 909 1070 976 qui
1098 909 1322 977 quidem
1351 908 1404 962 in
1440 909 1602 964 Patre
1623 917 1676 962 et
1707 910 1847 966 Filio
1877 922 1931 966 et
1959 910 2088 982 Spi-

514 1002 623 1056 ritu
654 1010 844 1055 sancto
864 1001 1122 1054 laudatur
1145 1009 1201 1054 et
1233 1001 1568 1056 celebratur.
1612 999 1785 1057 Omne
1815 1003 1961 1072 quod
2005 1012 2114 1058 est"

521 1101 614 1146 aut
643 1099 885 1146 creatum
920 1098 1004 1145 est
1039 1098 1130 1145 aut
1169 1091 1475 1146 increatum
1505 1110 1520 1148 :
1568 1093 1767 1162 quodsi
1801 1103 2044 1148 creatum
2073 1131 2088 1156 ,

518 1182 588 1236 ab
616 1182 724 1236 alio
750 1183 912 1252 plane
961 1192 1048 1238 est
1077 1193 1325 1238 creatum
1356 1199 1372 1238 :
1406 1187 1488 1239 sin
1541 1197 1720 1241 autem
1762 1185 2089 1250 iucrcatum,

519 1273 624 1327 hoc
653 1273 772 1328 sine
803 1272 975 1328 dubio
1013 1273 1146 1329 illud
1175 1287 1278 1338 est,
1315 1275 1462 1345 quod
1500 1287 1684 1332 creata
1719 1276 1947 1332 ereavit.
1977 1275 2092 1330 Hoc

520 1373 707 1418 autem
732 1364 862 1433 quid
888 1365 1036 1419 aliud
1059 1380 1180 1420 esse
1205 1376 1384 1436 potest
1412 1383 1576 1438 quam
1603 1367 1785 1422 Deus?
1813 1367 1940 1422 Sola
1969 1366 2094 1420 Tri-

520 1458 667 1510 nitas
701 1465 786 1510 est
811 1455 1190 1521 immutabilis,
1223 1467 1420 1513 caetera
1459 1467 1641 1514 autem
1675 1474 1741 1512 ex
1791 1473 1852 1512 ca
1887 1466 2092 1510 mutata

521 1557 654 1602 sunt
681 1566 693 1602 :
724 1549 841 1602 sola
870 1558 955 1602 est
979 1558 1182 1604 interna
1207 1559 1272 1603 vet
1317 1551 1564 1604 increata
1591 1550 1836 1605 Trinitas
1888 1557 1945 1603 et
1982 1563 2092 1602 non

520 1641 725 1710 genita.
764 1641 944 1696 Unum
976 1651 1060 1696 est
1090 1641 1239 1710 quod
1270 1642 1322 1694 in
1351 1643 1592 1697 essentia
1623 1658 1730 1696 una
1763 1641 2092 1696 Trinitatem

527 1729 660 1783 facit
700 1729 990 1798 integram,
1021 1740 1214 1785 caetera
1247 1741 1431 1785 autem
1453 1742 1582 1786 sunt
1611 1731 1789 1802 genita
1810 1741 1865 1786 et
1885 1740 2090 1786 creata.

524 1816 823 1887 Pmpterea
861 1820 1007 1874 enim
1044 1831 1100 1875 et
1131 1822 1232 1890 ipsi
1264 1838 1371 1875 nou
1406 1823 1720 1885 adoramus,
1755 1838 2096 1891 quascunque

520 1907 783 1963 inferiora
843 1921 973 1964 sunt
1007 1912 1246 1966 essentia
1291 1912 1385 1966 Dei
1419 1928 1434 1978 ;
1473 1913 1652 1968 dicam
1684 1913 1942 1968 nimirum
1994 1913 2092 1966 tibi

525 2000 717 2052 eadem
744 2001 811 2055 de
845 2001 1075 2070 Spiritu,
1103 2018 1226 2072 quae
1253 2005 1321 2059 de
1352 1972 1520 2060 Filio:
1559 2005 1893 2061 abundantia
1933 2007 2095 2076 277
2125 1972 2170 2032 Β

521 2091 617 2145 Dei
649 2091 761 2146 Deo
789 2103 885 2146 aut
931 2098 1103 2164 major
1135 2104 1244 2160 est,
1285 2106 1377 2151 aut
1411 2113 1529 2167 par,
1565 2107 1660 2150 aut
1704 2097 1906 2163 minor,
1935 2106 2100 2168 atque

524 2184 698 2252 major
727 2185 950 2254 quidem
979 2202 1090 2240 non
1117 2199 1222 2253 est,
1259 2188 1402 2242 nihil
1439 2190 1589 2244 enim
1630 2190 1740 2244 Deo
1776 2192 1971 2260 majus,
2003 2205 2102 2244 ne-

525 2289 634 2337 que
666 2274 859 2330 miuor'
881 2285 985 2342 est,
1012 2293 1138 2331 nam
1177 2289 1290 2333 tum
1318 2294 1556 2347 poneres
1589 2280 1641 2333 in
1665 2290 1977 2336 creatorum
2003 2298 2104 2336 nu-

525 2380 682 2420 rnero
703 2381 824 2420 eam
857 2383 872 2432 ;
907 2368 1053 2436 quod
1085 2369 1232 2422 enim
1266 2371 1377 2424 Deo
1409 2371 1609 2435 minus,
1647 2371 1700 2424 id
1725 2381 1809 2426 est
1834 2382 2098 2426 creatum.

520 2455 836 2510 Creatorem
872 2463 932 2511 et
968 2458 1270 2513 increatum
1303 2461 1566 2516 exsistere
1600 2461 1696 2515 uni
1747 2472 1956 2517 tantum
1987 2463 2101 2519 Deo

523 2557 610 2602 est
661 2561 1010 2604 concessum.
1041 2549 1140 2604 llis
1169 2549 1461 2620 adjiciatur
1513 2550 1721 2606 dictum
1771 2552 1942 2608 divini
1993 2554 2102 2610 Co-

529 2654 664 2694 smte
699 2639 1030 2696 venerabilis
1080 2641 1257 2708 vatis,
1308 2655 1501 2696 omnes
1550 2643 1737 2699 lideles
1787 2655 2100 2702 convocata:

527 2731 678 2788 celso
708 2733 890 2788 edicto
919 2733 1182 2790 increate
1210 2743 1265 2788 et
1297 2733 1499 2788 innata;
1530 2735 1625 2791 Dei
1666 2737 1969 2806 sapientiae.
2003 2738 2101 2793 Di-

525 2831 724 2877 centur
756 2831 942 2879 autem
975 2838 1007 2878 a
1054 2823 1217 2880 nobis
1247 2823 1301 2878 in
1330 2840 1626 2896 progressu
1675 2828 1838 2883 etiam
1889 2844 1953 2884 ea
1979 2843 2100 2898 qua:

528 2913 727 2969 similia
753 2924 903 2970 sunt.

2195 727 2368 797 μόνην
2384 727 2440 780 δὲ
2465 727 2563 796 τὴν
2591 727 2850 781 ἇκτιστον
2881 722 3044 792 φύσιν
3070 719 3397 784 σεόἀζεσθαί
3443 738 3501 771 τε
3542 720 3637 772 καὶ
3664 718 3753 770 λα-

2191 821 2408 890 τρεύειν
2433 816 2499 892 ἧς
2527 820 2817 892 χαρακτήρ
2847 821 2963 871 ἐστι
3017 816 3114 870 καὶ
3172 816 3462 882 γνώρισμα
3520 811 3581 864 τὸ
3625 816 3753 879 μήτε

2192 915 2460 985 ἄρχεσθαι
2485 912 2580 966 τοῦ
2615 909 2756 966 εἷναί
2781 928 2912 964 ποτε
2945 910 3084 978 μήτε
3117 905 3410 961 παύεσθαι.
3444 905 3756 971 Πάντωνιῆ

2194 1009 2428 1078 ποιητὴς
2456 1006 2548 1060 καὶ
2571 1005 2877 1077 προνοητὴς
2920 1003 3015 1056 καὶ
3047 998 3307 1070 συνοχεὺς
3342 1000 3370 1050 6
3425 997 3560 1059 Θεός
3593 998 3756 1055 ἐστιν,

2193 1102 2222 1153 6
2256 1100 2417 1170 μόνος
2449 1100 2723 1162 ἄκτιστος,
2755 1098 2782 1150 6
2837 1099 2896 1148 ὲν
2940 1096 3115 1161 "arpi.
3175 1093 3271 1162 καὶ
3317 1092 3432 1161 Υίῴ
3478 1092 3576 1144 καὶ
3623 1089 3756 1155 ἁγίῳ

2194 1187 2478 1256 Πνεύματι
2530 1185 2870 1255 ύμνούμενός
2899 1199 2956 1236 τε
2985 1183 3080 1236 καὶ
3115 1181 3489 1248 δοξαζόμενος.
3558 1179 3672 1229 Πᾶν
3706 1176 3760 1228 ὃν

2196 1280 2229 1348 ἢ
2258 1281 2482 1332 κτιστύν
2504 1281 2653 1331 ἐστιν
2683 1279 2714 1347 ἦ
2749 1278 3025 1332 ἄκτιστον.
3059 1273 3170 1328 Καὶ
3194 1259 3362 1344 είμὲν
3401 1271 3644 1333 κτιστδν,
3677 1267 3760 1334 ὑφ’

2195 1372 2387 1441 ἐτέρου
2431 1371 2655 1432 πάντως
2715 1367 2966 1436 ἐκτίσθησ
3007 1368 3056 1419 εί
3087 1367 3142 1418 δὲ
3180 1365 3458 1426 ἄκτιστον,
3509 1360 3658 1413 τοῦτ’
3699 1361 3761 1412 ἂν

2197 1461 2281 1527 εἴη
2304 1461 2365 1514 τὸ
2389 1461 2457 1514 τὰ
2483 1460 2681 1512 κτιστὰ
2715 1458 2931 1512 κτίσαν.
2971 1455 3145 1509 Τοῦτο
3170 1456 3224 1508 δὲ
3254 1454 3306 1506 τί
3335 1453 3464 1506 ἄλλο
3519 1451 3589 1504 ἂν
3616 1451 3697 1516 εἴη
3731 1449 3759 1516 ἦ

2194 1552 2367 1617 Θεός;
2419 1551 2534 1605 Μία
2583 1549 2754 1616 Τριάς
2818 1548 3268 1618 ἀπαράλλακτος,
3324 1544 3392 1598 τὰ
3432 1545 3478 1596 δ’
3536 1541 3672 1596 ἄλλα
3710 1541 3762 1605 ἐξ

2195 1645 2360 1712 αὐτῆς
2384 1641 2847 1713 παρηλλαγμένα.
2885 1641 3040 1707 Μόνη
3070 1638 3126 1691 δὲ
3165 1638 3339 1697 ἀΐδιος
3389 1635 3481 1688 καὶ
3505 1635 3764 1692 ἄκτιστος

2194 1735 2421 1805 arma;
2451 1735 2543 1787 καὶ
2567 1734 2886 1803 ἀγέννητος.
2923 1731 3020 1783 Ἕν
3062 1732 3180 1782 ἐστι
3227 1729 3288 1781 τὸ
3335 1725 3525 1779 ποιοῦν
3571 1727 3628 1777 ἐν
3672 1724 3764 1793 μιᾷ

2195 1826 2362 1896 οὐσίᾳ»
2405 1825 2636 1896 Τριάδος
2693 1824 2929 1889 τελείας,
2966 1823 3033 1874 τὰ
3078 1821 3124 1875 δ’
3174 1821 3309 1874 ἄλλα
3370 1819 3612 1886 γεννητὰ
3678 1817 3766 1866 κιὶ

2197 1922 2417 1973 κτιστά.
2452 1919 2551 1971 Διὰ
2573 1917 2734 1970 τοῦτο
2785 1916 2893 1988 γὰρ
2930 1916 3025 1968 καὶ
3069 1915 3221 1967 αὐτοὶ
3255 1913 3312 1965 ού
3348 1908 3768 1980 προσκυνοῦμεν

2201 2009 2312 2061 πᾶν
2343 2009 2405 2061 τὸ
2461 2005 2804 2075 ὑποϐεϐηκδς
2845 2005 2942 2070 τὴν
3009 2003 3200 2056 οὐσίαν
3261 2000 3356 2052 τοῦ
3413 1998 3574 2050 Θεοῦ.
3634 1995 3769 2062 Ἐρῶ

2203 2103 2310 2170 γάρ
2339 2117 2420 2152 σοι
2439 2100 2532 2152 καὶ
2567 2097 2812 2166 περὶτοῦ
2863 2095 3182 2163 Πνεύματος
3213 2093 3350 2161 ὅπερ
3391 2093 3483 2143 καὶ
3509 2091 3646 2158 περὶ
3677 2085 3766 2138 τοῦ

2203 2191 2336 2246 Υίοῦ
2375 2191 2584 2257 ἔλεγον,
2613 2191 2697 2242 ὅτι
2723 2190 2750 2241 ό
2777 2187 3009 2247 πλοῦτος
3040 2185 3130 2238 τοῦ
3161 2182 3351 2251 Θεοῦῆ
3388 2180 3595 2251 μείζων
3628 2181 3769 2232 ἐστὶν

2203 2287 2235 2357 ἢ
2268 2287 2382 2348 ῐσος
2416 2285 2449 2354 ἢ
2487 2285 2750 2336 ἐλάττων.
2773 2282 2886 2335 Καὶ
2920 2280 3124 2350 μείζων
3159 2279 3260 2346 μὲν
3293 2277 3392 2329 οὐκ
3414 2276 3591 2338 ἐστιν,
3624 2273 3771 2326 οὐδὲν

2201 2381 2312 2449 γὰρ
2343 2379 2438 2432 τοῦ
2465 2378 2600 2432 Θεοῦ
2641 2375 2826 2446 μεῖζον
2851 2390 2866 2405 ⁸
2900 2373 3142 2426 ἐλάττων
3170 2371 3227 2423 δὲ
3265 2370 3366 2422 οὐκ
3421 2367 3598 2430 ἔστιν,
3655 2367 3772 2418 ἐπεὶ

2204 2472 2394 2541 θήσεις
2417 2469 2580 2524 αὐτὸν
2609 2467 2747 2538 μετὰ
2779 2464 2888 2518 τῶν
2917 2464 3262 2532 κτισμάτων·
3295 2460 3356 2513 τὸ
3395 2460 3505 2526 γὰρ
3554 2457 3771 2509 ἐλαττον

2201 2564 2296 2617 τοῦ
2315 2562 2452 2615 Θεοῦ
2479 2563 2708 2630 κτίσμα.
2739 2560 2812 2613 Τδ
2839 2560 3096 2613 ἄκτιστον
3127 2556 3223 2609 καὶ
3267 2553 3500 2621 κτίστην
3532 2551 3770 2603 νοεῖσθαι

2202 2653 2284 2706 ἐνὶ
2319 2653 2466 2721 μόνῳ
2494 2650 2757 2718 πρόσεστι
2779 2646 2856 2715 τῷ
2889 2645 3030 2714 Θεῷ.
3061 2643 3284 2704 Τούτοις
3312 2638 3668 2710 προσκείσθω
3683 2636 3774 2689 καὶ

2203 2744 2266 2797 τὸ
2315 2743 2412 2796 τοῦ
2468 2742 2614 2794 θείου
2645 2739 2847 2809 Κοσμᾶ
2899 2736 2991 2790 τοῦ
3033 2734 3232 2802 σεμνοῦ
3283 2728 3548 2802 μεῖῳεοῦ.
3595 2731 3775 2782 Ἀκου-

2204 2835 2424 2904 σθῶμεν
2454 2835 2656 2894 πάντες
2678 2831 2728 2884 οἱ
2765 2831 2949 2883 ¹τειστοῖ
2975 2825 3420 2895 συγκαλουμένης
3451 2822 3649 2892 ὑψηλῷ
3681 2839 3774 2888 κη-

2204 2929 2452 2999 ρύγματι
2508 2926 2608 2994 τῆς
2635 2925 2895 2978 ἀκτίστου
2937 2922 3032 2975 καὶ
3077 2920 3319 2989 ἐμφύτου
3375 2918 3578 2985 σοφίας
3621 2915 3771 2967 0:03.

2203 3024 2505 3091 Είρήσεται
2590 3019 2649 3072 δὲ
2723 3017 3016 3088 προϊοῦσιν
3098 3015 3232 3082 ἡμῖν
3301 3011 3396 3064 καὶ
3443 3010 3512 3063 τὰ
3595 3027 3771 3080 παρα-

2095 3121 2108 3129 “
2201 3115 2430 3184 πλήσια.

597 3182 661 3235 γ.
697 3181 802 3236 Sed
834 3181 1082 3238 Palatinas
1114 3199 1238 3237 cum
1266 3201 1374 3239 non
1407 3195 1599 3255 posset
1648 3188 1817 3242 ullum
1852 3191 2097 3257 proferre

529 3274 792 3343 scriptum
821 3275 1218 3336 testimonium,
1252 3293 1352 3333 suo
1374 3279 1622 3347 periculo
1667 3283 1972 3335 conabatur
2003 3299 2096 3336 ar-

529 3366 860 3433 gumentari,
916 3382 1037 3435 qua:
1086 3369 1238 3423 omni
1295 3382 1619 3440 argumento
1651 3385 1938 3437 carerent,
1970 3390 2097 3432 suas

533 3457 810 3515 inauditas
866 3460 1166 3514 sententias
1217 3463 1532 3517 statuendo.
1585 3463 1647 3518 Et
1686 3467 1832 3533 quis,
1880 3467 2095 3535 inquit,

529 3550 766 3617 ignorat.
785 3564 956 3603 unum
982 3551 1287 3606 increatum
1306 3567 1449 3617 esse,
1465 3553 1632 3608 Deum
1650 3554 1672 3607 ?
1689 3555 1801 3609 lloc
1831 3557 2100 3625 signiﬁcat

531 3641 623 3695 ille
643 3640 834 3695 dicens
857 3681 871 3705 ,
905 3641 1039 3696 nihil
1061 3658 1181 3696 esse
1215 3645 1516 3699 iucrcatum
1549 3646 1652 3700 nisi
1679 3657 1928 3701 naturam
1959 3649 2102 3702 divi-

531 3750 678 3790 nam.
704 3733 908 3800 Quodsi
937 3734 1042 3789 hoc
1063 3750 1170 3788 non
1204 3735 1278 3789 ita
1321 3737 1644 3802 sentiemus,
1667 3739 1831 3792 etiam
1889 3741 2100 3796 divinas

531 3826 867 3882 substantias
897 3842 1005 3901 non
1045 3827 1293 3883 dicemus
1345 3829 1638 3895 increatas,
1679 3831 1808 3900 quia
1845 3834 2102 3888 substan-

539 3921 608 3974 tia
649 3935 758 3974 non
792 3930 878 3973 est
903 3928 1118 3973 natura.
1143 3920 1359 3976 Etenim
1400 3921 1444 3975 si
1489 3939 1554 3976 ex
1591 3922 1750 3977 nobis
1776 3932 2056 3992 quaeratur
2083 3965 2100 3991 ,

533 4011 668 4080 quid
698 4011 771 4066 sit
808 4012 1068 4074 essentia,
1117 4011 1394 4066 hominem
1443 4025 1813 4068 monstramus
1867 4015 2103 4070 fortasse

536 4118 632 4161 aut
659 4105 916 4176 lapidem,
943 4115 998 4160 ct
1030 4106 1133 4160 hoc
1159 4107 1318 4160 modo
1345 4111 1638 4162 essentiam
1669 4124 1794 4163 cum
1823 4109 2100 4175 omnibus,

534 4213 657 4266 qua
697 4199 750 4253 ei
800 4199 1008 4263 insunt,
1049 4197 1213 4252 rebus
1269 4199 1613 4253 naturalibus
1659 4200 2100 4255 commiscemus.

535 4291 748 4344 Etenim
778 4291 944 4345 etiam
971 4290 1215 4352 divinum
1243 4290 1600 4345 Athanasium
1639 4290 1841 4346 dixisse
1874 4291 2058 4347 lerunt
2087 4313 2101 4348 :

537 4385 821 4447 Sanctum,
849 4382 1078 4448 bonum,
1111 4385 1439 4447 increatam,
1475 4383 1876 4452 inexplicitum,
1920 4385 2104 4440 incor-

540 4487 788 4542 poreum,
830 4473 1095 4541 temporis
1145 4472 1500 4527 distinctione
1533 4487 1758 4537 carens,
1799 4482 2062 4528 aeternum
2089 4515 2103 4540 ,

540 4579 755 4629 rreans,
792 4563 1019 4632 justum,
1046 4563 1204 4618 initio
1233 4571 1287 4618 et
1321 4563 1428 4619 line
1459 4579 1676 4628 carens,
1719 4581 1830 4620 non
1877 4567 2108 4622 investi-

2274 3207 2348 3259 E'.
2400 3206 2462 3260 Ὀ
2500 3204 2557 3257 δὲ
2591 3203 2857 3271 Παλαμᾶς
2896 3203 2995 3253 οὐκ
3041 3199 3181 3269 ἔχων
3215 3199 3472 3267 οὐδεμίαν
3507 3198 3776 3266 προάγειν

2202 3293 2486 3367 γραφικὴν
2533 3291 2864 3363 μαρτυρίαν,
2928 3289 3140 3342 οἴκοθεν
3195 3288 3467 3358 ἐπεχείρει
3528 3287 3777 3353 συλλογῇ

2201 3391 2392 3454 ζεσθαι
2437 3388 2506 3439 τὰ
2532 3383 2921 3451 ἀσυλλόγιστα,
2951 3382 3134 3444 θέσεις
3165 3383 3513 3449 καινοφανεῖς
3557 3381 3776 3448 τιθέμε-

2200 3496 2289 3542 νος
2323 3473 2541 3531 ἐαυτοῦ.
2581 3491 2601 3524 t
2651 3473 2763 3525 Kal.
2791 3472 2880 3533 ’τίς
2914 3471 3013 3524 οὐκ
3067 3467 3196 3536 οἶδε,
3243 3489 3262 3522 ι
3301 3472 3484 3538 φησὶν,
3533 3489 3555 3520 ε
3595 3471 3678 3521 ὅτι
3724 3468 3776 3519 ἓν

2201 3569 2459 3624 ἄκτιστόν
2485 3569 2633 3619 ἐστιν
2660 3567 2688 3619 6
2715 3565 2883 3630 856;;
2923 3582 2941 3614 ι
2985 3561 3157 3616 Τοῦτο
3193 3561 3327 3629 γοῦν
3367 3565 3514 3614 ἐστιν
3548 3562 3576 3613 ὃ
3615 3577 3777 3628 φηςιν

2201 3667 2228 3716 6
2261 3663 2433 3729 λέγων
2468 3661 2636 3729 μηδὲν
2683 3654 2834 3719 εἶναι,
2871 3658 3122 3710 ἄκτιστον
3177 3655 3316 3722 πλὴν
3353 3656 3451 3724 τῆς
3486 3655 3644 3716 θείας
3679 3654 3773 3722 ερύ-

2205 3768 2363 3813 σεως.
2397 3751 2458 3802 Εί
2493 3750 2548 3802 δὲ
2599 3748 2673 3817 μὴ
2704 3745 2848 3799 οὕτω
2896 3744 3055 3798 τοῦτο
3102 3745 3410 3813 νοήσωμεν,
3454 3743 3651 3797 λοιπὸν
3682 3745 3775 3803 τὰς

2204 3842 2356 3906 θείας
2383 3841 2715 3901 ὑποστάσεις
2760 3838 2860 3890 οὐκ
2902 3836 3138 3906 ἐροῦμεν
3182 3836 3492 3898 ἀκτίστους,
3529 3835 3659 3888 ἐπεὶ
3705 3832 3775 3903 μὴ

2204 3935 2321 3987 ἔστι
2355 3933 2517 4002 φύσις
2554 3933 2586 4002 ἡ
2627 3931 2925 3992 ὑπόστασις
2955 3947 2969 3960 ο
3005 3930 3098 3982 καὶ
3143 3929 3249 3998 γὰρ
3297 3927 3695 3997 ἀπαιτούμενοι
3725 3927 3775 3978 τί

2203 4029 2354 4080 ἐστιν
2391 4021 2572 4086 οὐσία,
2607 4021 2708 4075 τὸν
2748 4020 3035 4090 ἄνθρωπον
3076 4019 3365 4079 δείκνυμεν
3407 4017 3576 4087 τυχὸν
3609 4019 3642 4088 ἢ
3687 4017 3777 4070 τὸν

2203 4119 2370 4185 λίθον,
2410 4115 2711 4186 τηνικαῦτα
2741 4113 2804 4185 [ί.
2848 4113 2952 4168 155
2985 4111 3061 4184 v.]
3103 4113 3200 4179 τὴν
3247 4111 3440 4164 οὐσίαν
3492 4111 3635 4179 μετὰ
3669 4109 3775 4162 τῶν

2206 4206 2452 4276 φυσικῶν
2486 4204 2618 4274 περὶ
2644 4204 2814 4270 αὐτὴν
2859 4201 3084 4254 πάντων
3131 4200 3631 4268 συλλαμϐάνοντες.
3671 4198 3774 4250 Καὶ

2206 4297 2316 4365 γὰρ
2368 4295 2463 4348 καὶ
2526 4292 2844 4346 Ἀθανασίου
2889 4291 2982 4345 τοῦ
3013 4287 3161 4344 θείου
3196 4289 3447 4356 λέγοντος
3482 4287 3772 4357 ἀκούομεν,

2204 4387 2265 4440 τὸ
2297 4386 2474 4454 ἅγιον,
2505 4385 2568 4438 τί,
2607 4385 2832 4452 ἀγαθὸν,
2860 4383 2920 4436 τὸ
2948 4382 3224 4445 ἄκτιστον,
3251 4381 3311 4434 τὸ
3344 4381 3774 4450 ἀνερμήνευτον,

2205 4475 2267 4528 τὸ
2297 4473 2612 4544 ἀσώματον,
2650 4472 2712 4524 τὺ
2748 4473 2996 4541 ἄχρονον,
3029 4470 3090 4522 τὸ
3139 4469 3334 4535 ἀΐδιον,
3363 4469 3425 4521 τὸ
3453 4469 3775 4537 δημιουργιι

2209 4567 2324 4632 κδν,
2384 4566 2446 4620 τὸ
2495 4565 2724 4631 δίκαιον,
2776 4565 2838 4616 τὸ
2893 4566 3149 4634 ἄναρχον,
3189 4561 3250 4614 τὸ
3304 4561 3688 4627 ἀτελεύτητον,
3721 4558 3776 4609 τὸ

536 4666 740 4724 gatum,
759 4653 1056 4716 inﬁnitum,
1085 4655 1356 4724 ignotum,
1373 4656 1541 4726 278
1561 4656 1832 4722 voluntas,
1854 4658 1958 4721 vis,
1973 4674 2101 4727 pro-

2210 4659 2636 4728 ἀνεξιχνίαστον,
2673 4660 2734 4710 τὸ
2757 4655 3008 4727 ἄπειρον,
3043 4656 3103 4709 τὸ
3141 4655 3438 4719 ἄγνωστον,
3475 4652 3772 4722 ἠθέλησις,

539 4747 804 4809 \identia,
845 4744 1133 4815 sapientia,
1169 4745 1302 4808 vita,
1334 4747 1572 4816 taliaque
1594 4786 1609 4809 ,
1657 4763 1762 4802 non
1795 4749 2110 4818 singillatim

541 4848 771 4893 voratur
794 4835 1055 4899 essentia,
1086 4835 1182 4889 sed
1209 4851 1274 4890 ea
1302 4851 1425 4904 quae
1452 4852 1518 4892 ex
1544 4837 1760 4894 duobus
1781 4850 1836 4894 et
1865 4841 2114 4909 pluribus

537 4930 606 4983 ad
641 4945 809 4983 unum
841 4927 1172 4990 referuntur,
1195 4943 1316 4997 qua:
1355 4936 1410 4982 et
1438 4931 1759 4998 compositio
1779 4939 1830 4986 et
1878 4932 2115 5000 explelio

541 5019 851 5075 divinitatis
901 5028 1186 5086 vocantur,
1220 5029 1277 5074 et
1315 5029 1578 5089 praetcrea
1609 5022 1793 5077 dicere
1823 5024 2111 5080 contendit

537 5113 702 5167 etiam
733 5112 1001 5167 Joannem
1019 5112 1437 5175 Damascenum,
1459 5123 1646 5184 aperte
1677 5113 1894 5168 dilferre
1924 5115 1994 5168 ab
2017 5118 2102 5169 iu-

539 5217 718 5257 rrcata
746 5213 942 5257 natura
966 5203 1260 5259 increatam
1289 5204 1456 5273 hujus
1481 5205 1852 5260 cﬂicientiam.
1883 5207 1950 5262 Et
1972 5208 2104 5276 quid

540 5313 680 5364 opus
701 5307 808 5363 est,
839 5297 1022 5352 omnia
1052 5297 1244 5352 ordine
1272 5313 1519 5363 narrare,
1571 5314 1694 5368 qua:
1727 5299 1850 5353 aliis
1883 5300 1986 5353 alia
2009 5301 2111 5354 ad-

538 5393 675 5443 dens
705 5389 796 5443 ille
834 5388 1100 5442 mentitus
1149 5398 1266 5456 est,
1311 5403 1436 5443 cum
1482 5389 1729 5443 omnium
1790 5399 2108 5444 sanctorum

537 5489 723 5548 aperte
765 5479 1022 5535 irriderct
1055 5491 1111 5535 et
1144 5482 1576 5536 calunmiaretur
1631 5481 1802 5535 libros
1845 5482 2112 5538 divinos?

539 5571 715 5628 linunt
737 5573 984 5644 quidem,
1006 5574 1144 5628 dixit
1172 5575 1220 5628 ei
1245 5573 1533 5642 Gregoras.
1557 5574 1638 5628 Sit
1659 5575 1755 5628 tibi
1785 5575 1887 5630 hoc
1910 5576 2111 5628 lemma

405 5715 469 5736 ’,λ
535 5667 826 5734 opprobrio
856 5668 926 5720 ab
952 5666 1128 5720 initio.
1161 5666 1416 5720 Estenim
1463 5667 1800 5735 deprehensa
1861 5667 2114 5732 majestas

536 5761 626 5810 tua
659 5758 712 5811 in
747 5759 865 5828 ipso
885 5759 1056 5824 furto,
1089 5758 1306 5828 egregie
1333 5759 1602 5826 Palamas,
1626 5759 1836 5815 nullum
1891 5759 2103 5814 habens

602 5940 681 6010 ιι)
713 5941 816 5994 Τοῦ
845 5940 1232 6011 Δαμασκηνοῦ.

2211 4754 2243 4820 ἡ
2294 4751 2543 4818 δύναμις,
2592 4751 2624 4818 ἡ
2679 4750 2925 4817 πρόνοια,
2981 4749 3014 4817 ὴ
3079 4747 3262 4814 σοφία,
3297 4747 3332 4814 ἠ
3394 4745 3506 4812 ζωὴ
3560 4745 3656 4796 καὶ
3712 4743 3773 4793 τὰ

2209 4843 2456 4903 τοιαῦτα,
2494 4842 2591 4909 οὐχ
2625 4841 2860 4892 ἕκαστον
2890 4839 3045 4891 οὐσία
3091 4837 3332 4905 λέγεται,
3365 4836 3499 4888 ἀλλὰ
3525 4836 3653 4905 περὶ
3679 4834 3773 4903 τὴν

2208 4936 2418 4998 οὐσίαν,
2445 4933 2518 4994 ὡς
2553 4935 2615 4985 ἐκ
2655 4933 2748 4984 δύο
2794 4932 2890 4983 καὶ
2947 4930 3207 4983 πλειόνων
3237 4931 3332 4982 ἐπὶ
3361 4928 3419 4981 ἓν
3447 4929 3641 4998 ἔχοντα
3680 4926 3772 4994 τὴν

2209 5027 2494 5094 ἀναφορὰν
2521 5023 2575 5078 ’ἂ
2612 5022 2707 5077 καὶ
2741 5023 3012 5093 ἄθροισμα
3062 5022 3152 5073 καὶ
3205 5022 3482 5091 πλήρωμα
3517 5020 3773 5089 θεότητος

2213 5119 2452 5184 λέγεται.
2488 5115 2595 5167 Καὶ
2648 5115 2739 5167 ἐπὶ
2791 5115 3000 5175 τούτοις
3049 5114 3254 5180 ἔφασκε
3305 5114 3485 5180 λέγειν
3545 5113 3642 5163 καὶ
3687 5112 3775 5162 τὸν

2209 5209 2568 5278 Δαμασκηνὸν
2597 5208 2848 5274 Ἰωάννην
2878 5207 3127 5276 φανερῶς
3155 5207 3254 5274 τῆς
3276 5205 3532 5258 ἁκτίστου
3563 5204 3773 5271 φύσεως

2211 5305 2310 5372 τὴν
2348 5304 2602 5356 ἄκτιστον
2651 5300 2930 5369 διαφέρειν
2979 5298 3185 5367 ταύτης
3227 5300 3532 5367 ἐνέργειαν.
3566 5298 3673 5349 Καὶ
3725 5293 3774 5344 τί

2211 5397 2290 5448 δεῖ
2319 5393 2500 5460 λέγειν
2528 5393 2724 5446 ἅπανθ’
2754 5391 2883 5460 ἑξῆς
2909 5393 3078 5446 ὁπόσα
3110 5392 3197 5460 ἐφ’
3222 5391 3429 5460 ἑτέροις
3457 5391 3620 5460 ἕτερα
3654 5405 3776 5440 συν-

2213 5487 2375 5553 είρων
2400 5486 2606 5545 ἐκεῖνος
2640 5484 2723 5534 ἐπ’
2764 5484 2886 5552 ἴσης
2920 5483 3284 5550 κατεψεύδετο
3319 5483 3538 5536 πάντων
3582 5480 3771 5546 ἁγίων,
3803 5493 3808 5501 ·

2217 5574 2544 5645 βωμολοχῶν
2572 5575 2830 5644 ἄντικρυς
2865 5575 2958 5627 καὶ
2995 5574 3296 5626 διαϐάλλων
3332 5574 3428 5633 τὰς
3458 5573 3576 5624 θεία
3589 5591 3602 5630 ;
3642 5573 3778 5639 Γρα-

2217 5667 2320 5735 ccci;
2351 5684 2365 5731 ;
2401 5667 2496 5718 Ἓν
2537 5669 2635 5736 μὲν
2665 5668 2969 5737 οὖν,ἕφησε
3010 5668 3146 5738 πρὸς
3199 5667 3362 5721 αὐτὸν
3401 5669 3428 5719 6
3468 5665 3772 5737 Γρηγορᾶςν

2217 5758 2420 5813 κείσθω
2463 5776 2547 5813 σοι
2601 5760 2762 5814 τοῦτο
2811 5761 3006 5832 λῆμμα
3061 5759 3208 5828 πρὸς
3281 5759 3614 5829 κατηγορίαν
3682 5756 3773 5807 καὶ
