  <div class='ocr_page' id='page_1' title='image "/cluster/home/n/w/nwhite01/storage/ocr_20150623/149/mdp.39015078384750/130.png"; bbox 0 0 4046 6290; ppageno 0'>
   <div class='ocr_carea' id='block_1_1' title="bbox 372 376 483 446">
    <p class='ocr_par' dir='ltr' id='par_1_1' title="bbox 372 376 483 446">
     <span class='ocr_line' id='line_1_1' title="bbox 372 376 483 446; baseline 0.063 -6"><span class='ocrx_word' id='word_1_1' title='bbox 372 376 483 446; x_wconf 70' lang='grc'><strong>245</strong></span> 
     </span>
    </p>
   </div>
   <div class='ocr_carea' id='block_1_2' title="bbox 1378 398 2607 466">
    <p class='ocr_par' dir='ltr' id='par_1_2' title="bbox 1378 398 2607 466">
     <span class='ocr_line' id='line_1_2' title="bbox 1378 398 2607 466; baseline 0.007 -9"><span class='ocrx_word' id='word_1_2' title='bbox 1378 398 1557 458; x_wconf 72' lang='grc' dir='ltr'><strong>ΒΥΖΑ</strong></span> <span class='ocrx_word' id='word_1_3' title='bbox 1570 402 1818 461; x_wconf 47' lang='grc' dir='ltr'><strong>ΝΤΙηΝιΕ</strong></span> <span class='ocrx_word' id='word_1_4' title='bbox 1851 404 2152 461; x_wconf 64' lang='lat' dir='ltr'><strong>HISTORI</strong></span> <span class='ocrx_word' id='word_1_5' title='bbox 2170 406 2228 462; x_wconf 57' lang='lat' dir='ltr'><strong>fit}</strong></span> <span class='ocrx_word' id='word_1_6' title='bbox 2255 404 2325 461; x_wconf 80' lang='lat' dir='ltr'><strong>Li</strong></span> <span class='ocrx_word' id='word_1_7' title='bbox 2338 405 2394 461; x_wconf 81' lang='grc' dir='ltr'><strong>Β.</strong></span> <span class='ocrx_word' id='word_1_8' title='bbox 2430 404 2474 461; x_wconf 85' lang='grc' dir='ltr'>Χ</span> <span class='ocrx_word' id='word_1_9' title='bbox 2487 405 2607 466; x_wconf 82' lang='lat' dir='ltr'><strong>XX.</strong></span> 
     </span>
    </p>
   </div>
   <div class='ocr_carea' id='block_1_3' title="bbox 3522 400 3635 463">
    <p class='ocr_par' dir='ltr' id='par_1_3' title="bbox 3522 400 3635 463">
     <span class='ocr_line' id='line_1_3' title="bbox 3522 400 3635 463; baseline -0.018 0"><span class='ocrx_word' id='word_1_10' title='bbox 3522 400 3635 463; x_wconf 66' lang='grc'><strong>240</strong></span> 
     </span>
    </p>
   </div>
   <div class='ocr_carea' id='block_1_4' title="bbox 370 496 1965 582">
    <p class='ocr_par' dir='ltr' id='par_1_4' title="bbox 370 496 1944 581">
     <span class='ocr_line' id='line_1_4' title="bbox 370 496 1944 581; baseline 0.013 -35"><span class='ocrx_word' id='word_1_11' title='bbox 370 497 614 566; x_wconf 79' lang='grc' dir='ltr'>πρῶτον.</span> <span class='ocrx_word' id='word_1_12' title='bbox 664 496 839 552; x_wconf 79' lang='grc' dir='ltr'>Ἑάλω</span> <span class='ocrx_word' id='word_1_13' title='bbox 864 502 972 569; x_wconf 72' lang='grc' dir='ltr'><strong>γάρ</strong></span> <span class='ocrx_word' id='word_1_14' title='bbox 1011 510 1157 576; x_wconf 74' lang='grc' dir='ltr'>σουὴ</span> <span class='ocrx_word' id='word_1_15' title='bbox 1201 510 1468 579; x_wconf 80' lang='grc' dir='ltr'>σεμνότης</span> <span class='ocrx_word' id='word_1_16' title='bbox 1505 514 1590 564; x_wconf 74' lang='grc' dir='ltr'><strong>ἐπ’</strong></span> <span class='ocrx_word' id='word_1_17' title='bbox 1624 514 1944 581; x_wconf 72' lang='grc' dir='ltr'>αὐτοφώρῳ.</span> 
     </span>
    </p>
   </div>
   <div class='ocr_carea' id='block_1_5' title="bbox 2072 496 3623 582">
    <p class='ocr_par' dir='ltr' id='par_1_5' title="bbox 2072 512 3623 582">
     <span class='ocr_line' id='line_1_5' title="bbox 2072 512 3623 582; baseline -0.001 -14"><span class='ocrx_word' id='word_1_18' title='bbox 2072 514 2395 582; x_wconf 72' lang='lat' dir='ltr'><strong>:Scriptura</strong></span> <span class='ocrx_word' id='word_1_19' title='bbox 2448 517 2634 570; x_wconf 82' lang='lat' dir='ltr'><strong>divina</strong></span> <span class='ocrx_word' id='word_1_20' title='bbox 2686 514 2945 570; x_wconf 73' lang='lat' dir='ltr'><strong>auxilium</strong></span> <span class='ocrx_word' id='word_1_21' title='bbox 3000 515 3066 568; x_wconf 90' lang='lat' dir='ltr'><strong>ad</strong></span> <span class='ocrx_word' id='word_1_22' title='bbox 3112 512 3623 566; x_wconf 72' lang='lat' dir='ltr'><strong>demonstrandum.</strong></span> 
     </span>
    </p>
   </div>
   <div class='ocr_carea' id='block_1_6' title="bbox 371 586 1948 672">
    <p class='ocr_par' dir='ltr' id='par_1_6' title="bbox 371 586 1948 672">
     <span class='ocr_line' id='line_1_6' title="bbox 371 586 1948 672; baseline 0.011 -32"><span class='ocrx_word' id='word_1_23' title='bbox 371 586 511 640; x_wconf 65' lang='grc' dir='ltr'>καλὲ</span> <span class='ocrx_word' id='word_1_24' title='bbox 552 587 811 658; x_wconf 80' lang='grc' dir='ltr'>Παλαμᾶ,</span> <span class='ocrx_word' id='word_1_25' title='bbox 851 594 1124 663; x_wconf 81' lang='grc' dir='ltr'>μηδεμίαν</span> <span class='ocrx_word' id='word_1_26' title='bbox 1187 600 1385 669; x_wconf 75' lang='grc' dir='ltr'>ἔχουσα</span> <span class='ocrx_word' id='word_1_27' title='bbox 1442 608 1580 672; x_wconf 72' lang='grc' dir='ltr'>πρὸς</span> <span class='ocrx_word' id='word_1_28' title='bbox 1641 608 1739 671; x_wconf 69' lang='grc' dir='ltr'>τῆς</span> <span class='ocrx_word' id='word_1_29' title='bbox 1799 607 1948 667; x_wconf 79' lang='grc' dir='ltr'>θείας</span> 
     </span>
    </p>
   </div>
   <div class='ocr_carea' id='block_1_7' title="bbox 371 676 1950 764">
    <p class='ocr_par' dir='ltr' id='par_1_7' title="bbox 371 676 1950 764">
     <span class='ocr_line' id='line_1_7' title="bbox 371 676 1950 764; baseline 0.013 -34"><span class='ocrx_word' id='word_1_30' title='bbox 371 676 600 748; x_wconf 80' lang='grc' dir='ltr'>Γραφῆς</span> <span class='ocrx_word' id='word_1_31' title='bbox 632 683 951 751; x_wconf 72' lang='grc' dir='ltr'><strong>συμμαχίαν</strong></span> <span class='ocrx_word' id='word_1_32' title='bbox 985 689 1120 756; x_wconf 61' lang='grc' dir='ltr'>προς</span> <span class='ocrx_word' id='word_1_33' title='bbox 1146 691 1205 742; x_wconf 65' lang='grc' dir='ltr'><strong>τὴ</strong></span> <span class='ocrx_word' id='word_1_34' title='bbox 1238 681 1402 757; x_wconf 78' lang='grc' dir='ltr'>δεῖξαι</span> <span class='ocrx_word' id='word_1_35' title='bbox 1440 696 1531 747; x_wconf 77' lang='grc' dir='ltr'>ὃτι</span> <span class='ocrx_word' id='word_1_36' title='bbox 1577 697 1669 764; x_wconf 70' lang='grc' dir='ltr'>οὐχ</span> <span class='ocrx_word' id='word_1_37' title='bbox 1703 697 1781 761; x_wconf 81' lang='grc' dir='ltr'>ἓν,</span> <span class='ocrx_word' id='word_1_38' title='bbox 1814 698 1950 750; x_wconf 73' lang='grc' dir='ltr'>ἀλλὰ</span> 
     </span>
    </p>
   </div>
   <div class='ocr_carea' id='block_1_8' title="bbox 360 770 1949 855">
    <p class='ocr_par' dir='ltr' id='par_1_8' title="bbox 360 770 1949 855">
     <span class='ocr_line' id='line_1_8' title="bbox 360 770 1949 855; baseline 0.011 -33"><span class='ocrx_word' id='word_1_39' title='bbox 360 770 548 824; x_wconf 73' lang='grc' dir='ltr'>’πολλὰ</span> <span class='ocrx_word' id='word_1_40' title='bbox 583 771 651 824; x_wconf 76' lang='grc' dir='ltr'>τὰ</span> <span class='ocrx_word' id='word_1_41' title='bbox 680 773 934 829; x_wconf 77' lang='grc' dir='ltr'>ἄκτιστα.</span> <span class='ocrx_word' id='word_1_42' title='bbox 976 779 1053 855; x_wconf 13' lang='grc' dir='ltr'>’οη</span> <span class='ocrx_word' id='word_1_43' title='bbox 1087 780 1149 848; x_wconf 81' lang='grc' dir='ltr'>δὴ</span> <span class='ocrx_word' id='word_1_44' title='bbox 1198 784 1487 852; x_wconf 76' lang='grc' dir='ltr'>κράτιστον</span> <span class='ocrx_word' id='word_1_45' title='bbox 1534 789 1743 854; x_wconf 75' lang='grc' dir='ltr'>ἐφόδιον</span> <span class='ocrx_word' id='word_1_46' title='bbox 1787 790 1949 844; x_wconf 70' lang='grc' dir='ltr'>παντὶ</span> 
     </span>
    </p>
   </div>
   <div class='ocr_carea' id='block_1_9' title="bbox 376 861 1946 964">
    <p class='ocr_par' dir='ltr' id='par_1_9' title="bbox 376 861 1946 964">
     <span class='ocr_line' id='line_1_9' title="bbox 376 861 1946 964; baseline 0.013 -50"><span class='ocrx_word' id='word_1_47' title='bbox 376 861 585 964; x_wconf 44' lang='grc' dir='ltr'>ὄτιμᾶν</span> <span class='ocrx_word' id='word_1_48' title='bbox 627 864 763 932; x_wconf 75' lang='grc' dir='ltr'>πρὸς</span> <span class='ocrx_word' id='word_1_49' title='bbox 810 866 1176 944; x_wconf 74' lang='grc' dir='ltr'>βουλήσεωςῇ</span> <span class='ocrx_word' id='word_1_50' title='bbox 1217 876 1355 928; x_wconf 78' lang='grc' dir='ltr'>κατὰ</span> <span class='ocrx_word' id='word_1_51' title='bbox 1398 877 1491 930; x_wconf 80' lang='grc' dir='ltr'>σοῦ</span> <span class='ocrx_word' id='word_1_52' title='bbox 1523 879 1784 946; x_wconf 77' lang='grc' dir='ltr'><strong>τοξεύειν,</strong></span> <span class='ocrx_word' id='word_1_53' title='bbox 1815 898 1946 948; x_wconf 74' lang='grc' dir='ltr'>γρα-</span> 
     </span>
    </p>
   </div>
   <div class='ocr_carea' id='block_1_10' title="bbox 377 956 1949 1042">
    <p class='ocr_par' dir='ltr' id='par_1_10' title="bbox 377 956 1949 1042">
     <span class='ocr_line' id='line_1_10' title="bbox 377 956 1949 1042; baseline 0.014 -38"><span class='ocrx_word' id='word_1_54' title='bbox 377 956 550 1022; x_wconf 74' lang='grc' dir='ltr'>φικῆς</span> <span class='ocrx_word' id='word_1_55' title='bbox 602 956 807 1025; x_wconf 74' lang='grc' dir='ltr'>ἐρήμου</span> <span class='ocrx_word' id='word_1_56' title='bbox 843 960 1025 1028; x_wconf 80' lang='grc' dir='ltr'><strong>πάσης</strong></span> <span class='ocrx_word' id='word_1_57' title='bbox 1070 963 1344 1034; x_wconf 78' lang='grc' dir='ltr'><strong>βοηθείας,</strong></span> <span class='ocrx_word' id='word_1_58' title='bbox 1378 970 1630 1039; x_wconf 75' lang='grc' dir='ltr'><strong>ἑλομένου</strong></span> <span class='ocrx_word' id='word_1_59' title='bbox 1666 974 1765 1042; x_wconf 77' lang='grc' dir='ltr'>τὴν</span> <span class='ocrx_word' id='word_1_60' title='bbox 1810 975 1949 1026; x_wconf 75' lang='grc' dir='ltr'>κατὰ</span> 
     </span>
    </p>
   </div>
   <div class='ocr_carea' id='block_1_11' title="bbox 378 1044 1948 1129">
    <p class='ocr_par' dir='ltr' id='par_1_11' title="bbox 378 1044 1948 1129">
     <span class='ocr_line' id='line_1_11' title="bbox 378 1044 1948 1129; baseline 0.014 -36"><span class='ocrx_word' id='word_1_61' title='bbox 378 1044 478 1109; x_wconf 87' lang='grc' dir='ltr'>τῆς</span> <span class='ocrx_word' id='word_1_62' title='bbox 511 1045 792 1109; x_wconf 76' lang='grc' dir='ltr'>εὐσεϐείας</span> <span class='ocrx_word' id='word_1_63' title='bbox 842 1052 1171 1119; x_wconf 65' lang='grc' dir='ltr'>παράτκξιν.</span> <span class='ocrx_word' id='word_1_64' title='bbox 1211 1058 1285 1109; x_wconf 70' lang='grc' dir='ltr'><strong>Οὐ</strong></span> <span class='ocrx_word' id='word_1_65' title='bbox 1334 1061 1440 1129; x_wconf 81' lang='grc' dir='ltr'>γὰρ</span> <span class='ocrx_word' id='word_1_66' title='bbox 1475 1062 1539 1113; x_wconf 82' lang='grc' dir='ltr'><strong>ἂν</strong></span> <span class='ocrx_word' id='word_1_67' title='bbox 1579 1057 1689 1115; x_wconf 80' lang='grc' dir='ltr'>εἷεν</span> <span class='ocrx_word' id='word_1_68' title='bbox 1723 1065 1948 1127; x_wconf 74' lang='grc' dir='ltr'>ἑαυταῖς</span> 
     </span>
    </p>
   </div>
   <div class='ocr_carea' id='block_1_12' title="bbox 375 1132 1948 1223">
    <p class='ocr_par' dir='ltr' id='par_1_12' title="bbox 375 1132 1948 1223">
     <span class='ocr_line' id='line_1_12' title="bbox 375 1132 1948 1223; baseline 0.016 -40"><span class='ocrx_word' id='word_1_69' title='bbox 375 1135 436 1184; x_wconf 77' lang='grc' dir='ltr'>αἱ</span> <span class='ocrx_word' id='word_1_70' title='bbox 470 1132 687 1203; x_wconf 73' lang='grc' dir='ltr'>Γραφαὶ</span> <span class='ocrx_word' id='word_1_71' title='bbox 736 1139 1063 1207; x_wconf 78' lang='grc' dir='ltr'>μαχόμεναι,</span> <span class='ocrx_word' id='word_1_72' title='bbox 1097 1143 1270 1210; x_wconf 75' lang='grc' dir='ltr'>εἴτις</span> <span class='ocrx_word' id='word_1_73' title='bbox 1319 1151 1437 1218; x_wconf 85' lang='grc' dir='ltr'>μετ’</span> <span class='ocrx_word' id='word_1_74' title='bbox 1488 1152 1803 1223; x_wconf 74' lang='grc' dir='ltr'><strong>ἐπιστήμης</strong></span> <span class='ocrx_word' id='word_1_75' title='bbox 1848 1156 1948 1222; x_wconf 80' lang='grc' dir='ltr'><strong>ἀρ-</strong></span> 
     </span>
    </p>
   </div>
   <div class='ocr_carea' id='block_1_13' title="bbox 385 1228 1951 1310">
    <p class='ocr_par' dir='ltr' id='par_1_13' title="bbox 385 1228 1951 1310">
     <span class='ocr_line' id='line_1_13' title="bbox 385 1228 1951 1310; baseline 0.015 -34"><span class='ocrx_word' id='word_1_76' title='bbox 385 1228 691 1297; x_wconf 80' lang='grc' dir='ltr'>μοττοῦσης</span> <span class='ocrx_word' id='word_1_77' title='bbox 746 1231 915 1295; x_wconf 74' lang='grc' dir='ltr'>αὐτὰς</span> <span class='ocrx_word' id='word_1_78' title='bbox 968 1234 1112 1307; x_wconf 84' lang='grc' dir='ltr'><strong>ὁρῴη</strong></span> <span class='ocrx_word' id='word_1_79' title='bbox 1144 1254 1161 1269; x_wconf 77' lang='grc' dir='ltr'><strong>ο</strong></span> <span class='ocrx_word' id='word_1_80' title='bbox 1193 1239 1266 1302; x_wconf 79' lang='grc' dir='ltr'>ὡς</span> <span class='ocrx_word' id='word_1_81' title='bbox 1332 1246 1452 1295; x_wconf 79' lang='grc' dir='ltr'>κατ’</span> <span class='ocrx_word' id='word_1_82' title='bbox 1502 1245 1633 1298; x_wconf 78' lang='grc' dir='ltr'>αὐτό</span> <span class='ocrx_word' id='word_1_83' title='bbox 1678 1264 1740 1310; x_wconf 85' lang='grc' dir='ltr'><strong>γε</strong></span> <span class='ocrx_word' id='word_1_84' title='bbox 1793 1247 1951 1299; x_wconf 76' lang='grc' dir='ltr'>τοῦτο</span> 
     </span>
    </p>
   </div>
   <div class='ocr_carea' id='block_1_14' title="bbox 354 1317 1948 1401">
    <p class='ocr_par' dir='ltr' id='par_1_14' title="bbox 354 1317 1948 1401">
     <span class='ocr_line' id='line_1_14' title="bbox 354 1317 1948 1401; baseline 0.015 -34"><span class='ocrx_word' id='word_1_85' title='bbox 354 1317 568 1386; x_wconf 86' lang='grc' dir='ltr'>-σαυτῷ</span> <span class='ocrx_word' id='word_1_86' title='bbox 632 1322 935 1393; x_wconf 77' lang='grc' dir='ltr'>κληροῦχον</span> <span class='ocrx_word' id='word_1_87' title='bbox 992 1330 1257 1401; x_wconf 69' lang='grc' dir='ltr'>αἰσχύνης</span> <span class='ocrx_word' id='word_1_88' title='bbox 1310 1335 1673 1390; x_wconf 79' lang='grc' dir='ltr'>καθίστασθαί</span> <span class='ocrx_word' id='word_1_89' title='bbox 1733 1356 1789 1390; x_wconf 85' lang='grc' dir='ltr'><strong>σε</strong></span> <span class='ocrx_word' id='word_1_90' title='bbox 1853 1338 1948 1391; x_wconf 78' lang='grc' dir='ltr'><strong>ἅτε</strong></span> 
     </span>
    </p>
   </div>
   <div class='ocr_carea' id='block_1_15' title="bbox 384 1410 1950 1499">
    <p class='ocr_par' dir='ltr' id='par_1_15' title="bbox 384 1410 1950 1499">
     <span class='ocr_line' id='line_1_15' title="bbox 384 1410 1950 1499; baseline 0.017 -42"><span class='ocrx_word' id='word_1_91' title='bbox 384 1412 525 1475; x_wconf 75' lang='grc' dir='ltr'>μήτε</span> <span class='ocrx_word' id='word_1_92' title='bbox 559 1410 831 1481; x_wconf 79' lang='grc' dir='ltr'>μηδεμίαν</span> <span class='ocrx_word' id='word_1_93' title='bbox 860 1414 1132 1483; x_wconf 79' lang='grc' dir='ltr'>ἀπόδειξιν</span> <span class='ocrx_word' id='word_1_94' title='bbox 1161 1420 1355 1488; x_wconf 58' lang='grc' dir='ltr'>ἔχοντα</span> <span class='ocrx_word' id='word_1_95' title='bbox 1389 1428 1668 1498; x_wconf 75' lang='grc' dir='ltr'>γραφικὴν</span> <span class='ocrx_word' id='word_1_96' title='bbox 1716 1429 1857 1499; x_wconf 77' lang='grc' dir='ltr'>ὑπὲρ</span> <span class='ocrx_word' id='word_1_97' title='bbox 1891 1447 1950 1483; x_wconf 82' lang='grc' dir='ltr'><strong>τε</strong></span> 
     </span>
    </p>
   </div>
   <div class='ocr_carea' id='block_1_16' title="bbox 380 1506 1949 1590">
    <p class='ocr_par' dir='ltr' id='par_1_16' title="bbox 380 1506 1949 1590">
     <span class='ocr_line' id='line_1_16' title="bbox 380 1506 1949 1590; baseline 0.016 -40"><span class='ocrx_word' id='word_1_98' title='bbox 380 1507 584 1559; x_wconf 71' lang='grc' dir='ltr'>σαυτοῦ</span> <span class='ocrx_word' id='word_1_99' title='bbox 625 1506 719 1557; x_wconf 76' lang='grc' dir='ltr'><strong>καὶ</strong></span> <span class='ocrx_word' id='word_1_100' title='bbox 747 1506 800 1561; x_wconf 58' lang='grc' dir='ltr'><strong>νδ.</strong></span> <span class='ocrx_word' id='word_1_101' title='bbox 840 1515 1196 1580; x_wconf 85' lang='grc' dir='ltr'>καινοφωνῶν</span> <span class='ocrx_word' id='word_1_102' title='bbox 1242 1516 1301 1581; x_wconf 81' lang='grc' dir='ltr'><strong>ἐξ</strong></span> <span class='ocrx_word' id='word_1_103' title='bbox 1353 1519 1489 1582; x_wconf 82' lang='grc' dir='ltr'>ἰδίας</span> <span class='ocrx_word' id='word_1_104' title='bbox 1534 1520 1803 1584; x_wconf 76' lang='grc' dir='ltr'>ἔπνευσας</span> <span class='ocrx_word' id='word_1_105' title='bbox 1847 1541 1949 1590; x_wconf 84' lang='grc' dir='ltr'>γα-</span> 
     </span>
    </p>
   </div>
   <div class='ocr_carea' id='block_1_17' title="bbox 380 1594 1951 1685">
    <p class='ocr_par' dir='ltr' id='par_1_17' title="bbox 380 1594 1951 1685">
     <span class='ocr_line' id='line_1_17' title="bbox 380 1594 1951 1685; baseline 0.017 -42"><span class='ocrx_word' id='word_1_106' title='bbox 380 1594 567 1685; x_wconf 58' lang='grc' dir='ltr'>στρός,</span> <span class='ocrx_word' id='word_1_107' title='bbox 608 1599 746 1667; x_wconf 85' lang='grc' dir='ltr'>μήτε</span> <span class='ocrx_word' id='word_1_108' title='bbox 791 1602 1033 1675; x_wconf 83' lang='grc' dir='ltr'>μηδεμιᾷ</span> <span class='ocrx_word' id='word_1_109' title='bbox 1069 1606 1353 1677; x_wconf 86' lang='grc' dir='ltr'>χρώμενον</span> <span class='ocrx_word' id='word_1_110' title='bbox 1397 1614 1796 1685; x_wconf 73' lang='grc' dir='ltr'>ἐπιστημονικῇ</span> <span class='ocrx_word' id='word_1_111' title='bbox 1855 1633 1951 1685; x_wconf 69' lang='grc' dir='ltr'><strong>μευ</strong></span> 
     </span>
    </p>
   </div>
   <div class='ocr_carea' id='block_1_18' title="bbox 376 1683 1953 1777">
    <p class='ocr_par' dir='ltr' id='par_1_18' title="bbox 376 1683 1953 1777">
     <span class='ocr_line' id='line_1_18' title="bbox 376 1683 1953 1777; baseline 0.018 -43"><span class='ocrx_word' id='word_1_112' title='bbox 376 1683 538 1755; x_wconf 85' lang='grc' dir='ltr'>θόδῳ,</span> <span class='ocrx_word' id='word_1_113' title='bbox 593 1688 708 1742; x_wconf 77' lang='grc' dir='ltr'>ἀλλ’</span> <span class='ocrx_word' id='word_1_114' title='bbox 769 1694 1068 1767; x_wconf 72' lang='grc' dir='ltr'>αὐτονομίᾳ</span> <span class='ocrx_word' id='word_1_115' title='bbox 1127 1702 1232 1752; x_wconf 80' lang='grc' dir='ltr'>τινὶ</span> <span class='ocrx_word' id='word_1_116' title='bbox 1303 1705 1578 1777; x_wconf 82' lang='grc' dir='ltr'>μεθυούσῃ</span> <span class='ocrx_word' id='word_1_117' title='bbox 1632 1683 1797 1776; x_wconf 74' lang='grc' dir='ltr'><strong>φάναὶ</strong></span> <span class='ocrx_word' id='word_1_118' title='bbox 1855 1683 1953 1763; x_wconf 58' lang='grc' dir='ltr'><strong>παὶ</strong></span> 
     </span>
    </p>
   </div>
   <div class='ocr_carea' id='block_1_19' title="bbox 375 1776 1952 1871">
    <p class='ocr_par' dir='ltr' id='par_1_19' title="bbox 375 1776 1952 1871">
     <span class='ocr_line' id='line_1_19' title="bbox 375 1776 1952 1871; baseline 0.02 -46"><span class='ocrx_word' id='word_1_119' title='bbox 375 1776 689 1871; x_wconf 77' lang='grc' dir='ltr'>ἀστατούσῃ</span> <span class='ocrx_word' id='word_1_120' title='bbox 738 1787 1038 1856; x_wconf 79' lang='grc' dir='ltr'>φερόμενόν</span> <span class='ocrx_word' id='word_1_121' title='bbox 1087 1809 1144 1843; x_wconf 87' lang='grc' dir='ltr'><strong>τε</strong></span> <span class='ocrx_word' id='word_1_122' title='bbox 1204 1798 1374 1865; x_wconf 75' lang='grc' dir='ltr'>συχνὰ</span> <span class='ocrx_word' id='word_1_123' title='bbox 1419 1801 1512 1850; x_wconf 72' lang='grc' dir='ltr'><strong>καὶ</strong></span> <span class='ocrx_word' id='word_1_124' title='bbox 1554 1802 1952 1871; x_wconf 71' lang='grc' dir='ltr'>μεταρῤιπιζό-</span> 
     </span>
    </p>
   </div>
   <div class='ocr_carea' id='block_1_20' title="bbox 2058 602 3625 672">
    <p class='ocr_par' dir='ltr' id='par_1_20' title="bbox 2058 602 3625 672">
     <span class='ocr_line' id='line_1_20' title="bbox 2058 602 3625 672; baseline -0.001 -14"><span class='ocrx_word' id='word_1_125' title='bbox 2058 620 2164 659; x_wconf 87' lang='lat' dir='ltr'><strong>non</strong></span> <span class='ocrx_word' id='word_1_126' title='bbox 2206 621 2399 672; x_wconf 88' lang='lat' dir='ltr'><strong>unum,</strong></span> <span class='ocrx_word' id='word_1_127' title='bbox 2426 607 2537 662; x_wconf 84' lang='lat' dir='ltr'><strong>&#39;sed</strong></span> <span class='ocrx_word' id='word_1_128' title='bbox 2570 608 2739 661; x_wconf 74' lang='lat' dir='ltr'><strong>inulta</strong></span> <span class='ocrx_word' id='word_1_129' title='bbox 2773 622 2896 661; x_wconf 87' lang='lat' dir='ltr'><strong>esse</strong></span> <span class='ocrx_word' id='word_1_130' title='bbox 2924 608 3187 667; x_wconf 79' lang='lat' dir='ltr'><strong>increata,</strong></span> <span class='ocrx_word' id='word_1_131' title='bbox 3216 602 3362 671; x_wconf 85' lang='lat' dir='ltr'><strong>quod</strong></span> <span class='ocrx_word' id='word_1_132' title='bbox 3401 602 3625 669; x_wconf 81' lang='lat' dir='ltr'><strong>quidem</strong></span> 
     </span>
    </p>
   </div>
   <div class='ocr_carea' id='block_1_21' title="bbox 2054 693 3627 766">
    <p class='ocr_par' dir='ltr' id='par_1_21' title="bbox 2054 693 3627 766">
     <span class='ocr_line' id='line_1_21' title="bbox 2054 693 3627 766; baseline -0.004 -15"><span class='ocrx_word' id='word_1_133' title='bbox 2054 697 2348 751; x_wconf 79' lang='lat' dir='ltr'><strong>maximum</strong></span> <span class='ocrx_word' id='word_1_134' title='bbox 2381 708 2465 751; x_wconf 91' lang='lat' dir='ltr'><strong>est</strong></span> <span class='ocrx_word' id='word_1_135' title='bbox 2501 697 2876 766; x_wconf 85' lang='lat' dir='ltr'><strong>adjumentum</strong></span> <span class='ocrx_word' id='word_1_136' title='bbox 2927 697 3161 765; x_wconf 83' lang='lat' dir='ltr'><strong>cuique,</strong></span> <span class='ocrx_word' id='word_1_137' title='bbox 3194 693 3283 750; x_wconf 90' lang='lat' dir='ltr'><strong>cui</strong></span> <span class='ocrx_word' id='word_1_138' title='bbox 3337 694 3392 747; x_wconf 89' lang='lat' dir='ltr'><strong>in</strong></span> <span class='ocrx_word' id='word_1_139' title='bbox 3443 693 3627 745; x_wconf 80' lang='lat' dir='ltr'><strong>animo</strong></span> 
     </span>
    </p>
   </div>
   <div class='ocr_carea' id='block_1_22' title="bbox 2052 782 3628 857">
    <p class='ocr_par' dir='ltr' id='par_1_22' title="bbox 2052 782 3628 857">
     <span class='ocr_line' id='line_1_22' title="bbox 2052 782 3628 857; baseline -0.006 -14"><span class='ocrx_word' id='word_1_140' title='bbox 2052 789 2144 855; x_wconf 89' lang='lat' dir='ltr'><strong>sit,</strong></span> <span class='ocrx_word' id='word_1_141' title='bbox 2187 789 2239 843; x_wconf 91' lang='lat' dir='ltr'><strong>in</strong></span> <span class='ocrx_word' id='word_1_142' title='bbox 2274 798 2326 842; x_wconf 87' lang='lat' dir='ltr'><strong>te</strong></span> <span class='ocrx_word' id='word_1_143' title='bbox 2364 788 2571 851; x_wconf 82' lang='lat' dir='ltr'><strong>invehi,</strong></span> <span class='ocrx_word' id='word_1_144' title='bbox 2609 790 2702 857; x_wconf 92' lang='lat' dir='ltr'><strong>qui</strong></span> <span class='ocrx_word' id='word_1_145' title='bbox 2729 790 2876 843; x_wconf 89' lang='lat' dir='ltr'><strong>omni</strong></span> <span class='ocrx_word' id='word_1_146' title='bbox 2913 790 3180 843; x_wconf 85' lang='lat' dir='ltr'><strong>librorum</strong></span> <span class='ocrx_word' id='word_1_147' title='bbox 3225 785 3434 840; x_wconf 79' lang='lat' dir='ltr'><strong>auxilio</strong></span> <span class='ocrx_word' id='word_1_148' title='bbox 3458 782 3628 837; x_wconf 44' lang='lat' dir='ltr'><strong>destie</strong></span> 
     </span>
    </p>
   </div>
   <div class='ocr_carea' id='block_1_23' title="bbox 2054 875 3629 951">
    <p class='ocr_par' dir='ltr' id='par_1_23' title="bbox 2054 875 3629 951">
     <span class='ocr_line' id='line_1_23' title="bbox 2054 875 3629 951; baseline -0.005 -16"><span class='ocrx_word' id='word_1_149' title='bbox 2054 889 2209 939; x_wconf 83' lang='lat' dir='ltr'><strong>tutus</strong></span> <span class='ocrx_word' id='word_1_150' title='bbox 2262 895 2495 949; x_wconf 79' lang='lat' dir='ltr'><strong>pugnam</strong></span> <span class='ocrx_word' id='word_1_151' title='bbox 2538 894 2730 935; x_wconf 83' lang='lat' dir='ltr'><strong>contra</strong></span> <span class='ocrx_word' id='word_1_152' title='bbox 2757 883 3013 951; x_wconf 73' lang='lat' dir='ltr'><strong>pietatem</strong></span> <span class='ocrx_word' id='word_1_153' title='bbox 3058 880 3235 948; x_wconf 75' lang='lat' dir='ltr'><strong>eligis.</strong></span> <span class='ocrx_word' id='word_1_154' title='bbox 3266 878 3453 946; x_wconf 83' lang='lat' dir='ltr'><strong>Neque</strong></span> <span class='ocrx_word' id='word_1_155' title='bbox 3476 875 3629 930; x_wconf 85' lang='lat' dir='ltr'><strong>enim</strong></span> 
     </span>
    </p>
   </div>
   <div class='ocr_carea' id='block_1_24' title="bbox 2053 967 3625 1043">
    <p class='ocr_par' dir='ltr' id='par_1_24' title="bbox 2053 967 3625 1043">
     <span class='ocr_line' id='line_1_24' title="bbox 2053 967 3625 1043; baseline -0.006 -16"><span class='ocrx_word' id='word_1_156' title='bbox 2053 988 2239 1029; x_wconf 89' lang='lat' dir='ltr'><strong>secum</strong></span> <span class='ocrx_word' id='word_1_157' title='bbox 2273 982 2519 1042; x_wconf 78' lang='lat' dir='ltr'><strong>pugnant</strong></span> <span class='ocrx_word' id='word_1_158' title='bbox 2546 973 2696 1039; x_wconf 89' lang='lat' dir='ltr'><strong>libri,</strong></span> <span class='ocrx_word' id='word_1_159' title='bbox 2721 976 2764 1027; x_wconf 89' lang='lat' dir='ltr'><strong>si</strong></span> <span class='ocrx_word' id='word_1_160' title='bbox 2806 973 2932 1043; x_wconf 84' lang='lat' dir='ltr'><strong>quis</strong></span> <span class='ocrx_word' id='word_1_161' title='bbox 2962 971 3212 1027; x_wconf 85' lang='lat' dir='ltr'><strong>doctrina</strong></span> <span class='ocrx_word' id='word_1_162' title='bbox 3264 980 3389 1038; x_wconf 81' lang='lat' dir='ltr'><strong>apta</strong></span> <span class='ocrx_word' id='word_1_163' title='bbox 3424 967 3625 1036; x_wconf 61' lang='lat' dir='ltr'><strong>praedi-</strong></span> 
     </span>
    </p>
   </div>
   <div class='ocr_carea' id='block_1_25' title="bbox 2055 1057 3624 1136">
    <p class='ocr_par' dir='ltr' id='par_1_25' title="bbox 2055 1057 3624 1136">
     <span class='ocr_line' id='line_1_25' title="bbox 2055 1057 3624 1136; baseline -0.004 -18"><span class='ocrx_word' id='word_1_164' title='bbox 2055 1074 2143 1120; x_wconf 91' lang='lat' dir='ltr'><strong>tus</strong></span> <span class='ocrx_word' id='word_1_165' title='bbox 2172 1081 2271 1121; x_wconf 80' lang='lat' dir='ltr'><strong>eos</strong></span> <span class='ocrx_word' id='word_1_166' title='bbox 2323 1065 2599 1134; x_wconf 86' lang='lat' dir='ltr'><strong>inspiciat,</strong></span> <span class='ocrx_word' id='word_1_167' title='bbox 2638 1066 2825 1136; x_wconf 78' lang='lat' dir='ltr'><strong>itaque</strong></span> <span class='ocrx_word' id='word_1_168' title='bbox 2875 1067 2976 1120; x_wconf 82' lang='lat' dir='ltr'><strong>hac</strong></span> <span class='ocrx_word' id='word_1_169' title='bbox 3016 1066 3129 1135; x_wconf 83' lang='lat' dir='ltr'><strong>ipsa</strong></span> <span class='ocrx_word' id='word_1_170' title='bbox 3182 1064 3236 1116; x_wconf 91' lang='lat' dir='ltr'><strong>in</strong></span> <span class='ocrx_word' id='word_1_171' title='bbox 3280 1074 3337 1114; x_wconf 86' lang='lat' dir='ltr'><strong>re</strong></span> <span class='ocrx_word' id='word_1_172' title='bbox 3371 1061 3467 1115; x_wconf 87' lang='lat' dir='ltr'><strong>tibi</strong></span> <span class='ocrx_word' id='word_1_173' title='bbox 3516 1057 3624 1127; x_wconf 81' lang='lat' dir='ltr'><strong>ipsi</strong></span> 
     </span>
    </p>
   </div>
   <div class='ocr_carea' id='block_1_26' title="bbox 2053 1155 3622 1227">
    <p class='ocr_par' dir='ltr' id='par_1_26' title="bbox 2053 1155 3622 1227">
     <span class='ocr_line' id='line_1_26' title="bbox 2053 1155 3622 1227; baseline -0.006 -14"><span class='ocrx_word' id='word_1_174' title='bbox 2053 1158 2281 1213; x_wconf 87' lang='lat' dir='ltr'><strong>sortitus</strong></span> <span class='ocrx_word' id='word_1_175' title='bbox 2302 1159 2657 1227; x_wconf 79' lang='lat' dir='ltr'><strong>ignominiam</strong></span> <span class='ocrx_word' id='word_1_176' title='bbox 2679 1158 2882 1215; x_wconf 78' lang='lat' dir='ltr'><strong>adstas.</strong></span> <span class='ocrx_word' id='word_1_177' title='bbox 2908 1158 2999 1225; x_wconf 84' lang='lat' dir='ltr'><strong>qui</strong></span> <span class='ocrx_word' id='word_1_178' title='bbox 3030 1171 3207 1226; x_wconf 84' lang='lat' dir='ltr'><strong>neque</strong></span> <span class='ocrx_word' id='word_1_179' title='bbox 3228 1155 3622 1209; x_wconf 75' lang='lat' dir='ltr'><strong>documentum</strong></span> 
     </span>
    </p>
   </div>
   <div class='ocr_carea' id='block_1_27' title="bbox 2052 1250 3627 1317">
    <p class='ocr_par' dir='ltr' id='par_1_27' title="bbox 2052 1250 3627 1317">
     <span class='ocr_line' id='line_1_27' title="bbox 2052 1250 3627 1317; baseline -0.005 -12"><span class='ocrx_word' id='word_1_180' title='bbox 2052 1250 2257 1306; x_wconf 77' lang='lat' dir='ltr'><strong>habeas</strong></span> <span class='ocrx_word' id='word_1_181' title='bbox 2292 1251 2460 1305; x_wconf 89' lang='lat' dir='ltr'><strong>ullum</strong></span> <span class='ocrx_word' id='word_1_182' title='bbox 2492 1251 2759 1306; x_wconf 89' lang='lat' dir='ltr'><strong>librorum</strong></span> <span class='ocrx_word' id='word_1_183' title='bbox 2793 1250 2890 1305; x_wconf 87' lang='lat' dir='ltr'><strong>tibi</strong></span> <span class='ocrx_word' id='word_1_184' title='bbox 2910 1260 2967 1305; x_wconf 88' lang='lat' dir='ltr'><strong>et</strong></span> <span class='ocrx_word' id='word_1_185' title='bbox 2997 1250 3083 1311; x_wconf 84' lang='lat' dir='ltr'><strong>iis,</strong></span> <span class='ocrx_word' id='word_1_186' title='bbox 3109 1264 3231 1317; x_wconf 70' lang='lat' dir='ltr'><strong>qua:</strong></span> <span class='ocrx_word' id='word_1_187' title='bbox 3267 1261 3404 1301; x_wconf 89' lang='lat' dir='ltr'><strong>nova</strong></span> <span class='ocrx_word' id='word_1_188' title='bbox 3433 1259 3464 1298; x_wconf 90' lang='lat' dir='ltr'><strong>e</strong></span> <span class='ocrx_word' id='word_1_189' title='bbox 3489 1258 3627 1297; x_wconf 83' lang='lat' dir='ltr'><strong>ven-</strong></span> 
     </span>
    </p>
   </div>
   <div class='ocr_carea' id='block_1_28' title="bbox 2054 1334 3625 1411">
    <p class='ocr_par' dir='ltr' id='par_1_28' title="bbox 2054 1334 3625 1411">
     <span class='ocr_line' id='line_1_28' title="bbox 2054 1334 3625 1411; baseline -0.009 -12"><span class='ocrx_word' id='word_1_190' title='bbox 2054 1353 2138 1399; x_wconf 93' lang='lat' dir='ltr'><strong>tre</strong></span> <span class='ocrx_word' id='word_1_191' title='bbox 2170 1352 2266 1397; x_wconf 90' lang='lat' dir='ltr'><strong>tuo</strong></span> <span class='ocrx_word' id='word_1_192' title='bbox 2299 1342 2588 1407; x_wconf 84' lang='lat' dir='ltr'><strong>exhalasti,</strong></span> <span class='ocrx_word' id='word_1_193' title='bbox 2624 1357 2805 1411; x_wconf 86' lang='lat' dir='ltr'><strong>neque</strong></span> <span class='ocrx_word' id='word_1_194' title='bbox 2835 1343 3007 1396; x_wconf 86' lang='lat' dir='ltr'><strong>utaris</strong></span> <span class='ocrx_word' id='word_1_195' title='bbox 3039 1340 3146 1395; x_wconf 86' lang='lat' dir='ltr'><strong>ulla</strong></span> <span class='ocrx_word' id='word_1_196' title='bbox 3181 1338 3392 1392; x_wconf 86' lang='lat' dir='ltr'><strong>ratione</strong></span> <span class='ocrx_word' id='word_1_197' title='bbox 3434 1334 3499 1388; x_wconf 85' lang='lat' dir='ltr'><strong>ad</strong></span> <span class='ocrx_word' id='word_1_198' title='bbox 3532 1334 3625 1387; x_wconf 88' lang='lat' dir='ltr'><strong>lit-</strong></span> 
     </span>
    </p>
   </div>
   <div class='ocr_carea' id='block_1_29' title="bbox 2056 1424 3632 1504">
    <p class='ocr_par' dir='ltr' id='par_1_29' title="bbox 2056 1424 3632 1504">
     <span class='ocr_line' id='line_1_29' title="bbox 2056 1424 3632 1504; baseline -0.008 -16"><span class='ocrx_word' id='word_1_199' title='bbox 2056 1444 2197 1489; x_wconf 87' lang='lat' dir='ltr'><strong>teras</strong></span> <span class='ocrx_word' id='word_1_200' title='bbox 2228 1436 2569 1504; x_wconf 84' lang='lat' dir='ltr'><strong>pertinente:</strong></span> <span class='ocrx_word' id='word_1_201' title='bbox 2609 1434 2706 1489; x_wconf 87' lang='lat' dir='ltr'><strong>sed</strong></span> <span class='ocrx_word' id='word_1_202' title='bbox 2765 1433 3065 1503; x_wconf 84' lang='lat' dir='ltr'><strong>cupiditate</strong></span> <span class='ocrx_word' id='word_1_203' title='bbox 3097 1431 3330 1500; x_wconf 89' lang='lat' dir='ltr'><strong>quadam</strong></span> <span class='ocrx_word' id='word_1_204' title='bbox 3360 1426 3514 1482; x_wconf 83' lang='lat' dir='ltr'><strong>ebria</strong></span> <span class='ocrx_word' id='word_1_205' title='bbox 3538 1424 3632 1478; x_wconf 58' lang='lat' dir='ltr'><strong>div</strong></span> 
     </span>
    </p>
   </div>
   <div class='ocr_carea' id='block_1_30' title="bbox 2052 1517 3624 1583">
    <p class='ocr_par' dir='ltr' id='par_1_30' title="bbox 2052 1517 3624 1583">
     <span class='ocr_line' id='line_1_30' title="bbox 2052 1517 3624 1583; baseline -0.01 0"><span class='ocrx_word' id='word_1_206' title='bbox 2052 1527 2211 1583; x_wconf 87' lang='lat' dir='ltr'><strong>cendi</strong></span> <span class='ocrx_word' id='word_1_207' title='bbox 2244 1527 2413 1581; x_wconf 86' lang='lat' dir='ltr'><strong>multa</strong></span> <span class='ocrx_word' id='word_1_208' title='bbox 2444 1536 2501 1581; x_wconf 86' lang='lat' dir='ltr'><strong>et</strong></span> <span class='ocrx_word' id='word_1_209' title='bbox 2530 1527 2864 1582; x_wconf 84' lang='lat' dir='ltr'><strong>inconstanti</strong></span> <span class='ocrx_word' id='word_1_210' title='bbox 2894 1525 3114 1579; x_wconf 80' lang='lat' dir='ltr'><strong>ducaris</strong></span> <span class='ocrx_word' id='word_1_211' title='bbox 3160 1532 3217 1577; x_wconf 91' lang='lat' dir='ltr'><strong>et</strong></span> <span class='ocrx_word' id='word_1_212' title='bbox 3265 1538 3331 1575; x_wconf 78' lang='lat' dir='ltr'><strong>ex</strong></span> <span class='ocrx_word' id='word_1_213' title='bbox 3382 1517 3624 1573; x_wconf 83' lang='lat' dir='ltr'><strong>instabili</strong></span> 
     </span>
    </p>
   </div>
   <div class='ocr_carea' id='block_1_31' title="bbox 2051 1612 3631 1691">
    <p class='ocr_par' dir='ltr' id='par_1_31' title="bbox 2051 1612 3631 1691">
     <span class='ocr_line' id='line_1_31' title="bbox 2051 1612 3631 1691; baseline -0.006 -17"><span class='ocrx_word' id='word_1_214' title='bbox 2051 1634 2241 1691; x_wconf 81' lang='lat' dir='ltr'><strong>gressu</strong></span> <span class='ocrx_word' id='word_1_215' title='bbox 2295 1620 2586 1689; x_wconf 86' lang='lat' dir='ltr'><strong>abripiaris</strong></span> <span class='ocrx_word' id='word_1_216' title='bbox 2615 1620 2668 1674; x_wconf 91' lang='lat' dir='ltr'><strong>in</strong></span> <span class='ocrx_word' id='word_1_217' title='bbox 2697 1620 2864 1689; x_wconf 76' lang='grc'>279</span> <span class='ocrx_word' id='word_1_218' title='bbox 2888 1631 3134 1687; x_wconf 78' lang='lat' dir='ltr'><strong>gressum</strong></span> <span class='ocrx_word' id='word_1_219' title='bbox 3172 1614 3501 1670; x_wconf 75' lang='lat' dir='ltr'><strong>inStabilem.</strong></span> <span class='ocrx_word' id='word_1_220' title='bbox 3526 1612 3631 1666; x_wconf 82' lang='lat' dir='ltr'><strong>De-</strong></span> 
     </span>
    </p>
   </div>
   <div class='ocr_carea' id='block_1_32' title="bbox 2054 1702 3647 1781">
    <p class='ocr_par' dir='ltr' id='par_1_32' title="bbox 2054 1702 3647 1781">
     <span class='ocr_line' id='line_1_32' title="bbox 2054 1702 3647 1781; baseline -0.007 -16"><span class='ocrx_word' id='word_1_221' title='bbox 2054 1710 2333 1767; x_wconf 82' lang='lat' dir='ltr'><strong>ﬂnitiones</strong></span> <span class='ocrx_word' id='word_1_222' title='bbox 2366 1711 2511 1766; x_wconf 91' lang='lat' dir='ltr'><strong>enim</strong></span> <span class='ocrx_word' id='word_1_223' title='bbox 2543 1721 2600 1767; x_wconf 91' lang='lat' dir='ltr'><strong>et</strong></span> <span class='ocrx_word' id='word_1_224' title='bbox 2630 1712 2845 1781; x_wconf 82' lang='lat' dir='ltr'><strong>regulas</strong></span> <span class='ocrx_word' id='word_1_225' title='bbox 2878 1707 3410 1764; x_wconf 85' lang='lat' dir='ltr'><strong>demonstrationum</strong></span> <span class='ocrx_word' id='word_1_226' title='bbox 3441 1704 3505 1757; x_wconf 87' lang='lat' dir='ltr'><strong>ad</strong></span> <span class='ocrx_word' id='word_1_227' title='bbox 3540 1702 3647 1755; x_wconf 13' lang='lat' dir='ltr'><strong>Iit-t</strong></span> 
     </span>
    </p>
   </div>
   <div class='ocr_carea' id='block_1_33' title="bbox 2055 1795 3631 1871">
    <p class='ocr_par' dir='ltr' id='par_1_33' title="bbox 2055 1795 3631 1871">
     <span class='ocr_line' id='line_1_33' title="bbox 2055 1795 3631 1871; baseline -0.008 -13"><span class='ocrx_word' id='word_1_228' title='bbox 2055 1813 2201 1858; x_wconf 86' lang='lat' dir='ltr'><strong>teras</strong></span> <span class='ocrx_word' id='word_1_229' title='bbox 2244 1802 2640 1871; x_wconf 85' lang='lat' dir='ltr'><strong>pertinentium</strong></span> <span class='ocrx_word' id='word_1_230' title='bbox 2704 1802 2758 1856; x_wconf 90' lang='lat' dir='ltr'><strong>in</strong></span> <span class='ocrx_word' id='word_1_231' title='bbox 2815 1800 3085 1871; x_wconf 81' lang='lat' dir='ltr'><strong>dogmatis</strong></span> <span class='ocrx_word' id='word_1_232' title='bbox 3141 1795 3462 1865; x_wconf 78' lang='lat' dir='ltr'><strong>theOIOgieis</strong></span> <span class='ocrx_word' id='word_1_233' title='bbox 3507 1807 3631 1848; x_wconf 85' lang='lat' dir='ltr'><strong>esse</strong></span> 
     </span>
    </p>
   </div>
   <div class='ocr_carea' id='block_1_34' title="bbox 381 1866 1965 1966">
    <p class='ocr_par' dir='ltr' id='par_1_34' title="bbox 381 1866 1952 1966">
     <span class='ocr_line' id='line_1_34' title="bbox 381 1866 1952 1966; baseline 0.021 -51"><span class='ocrx_word' id='word_1_234' title='bbox 381 1882 548 1966; x_wconf 73' lang='grc' dir='ltr'>μενον</span> <span class='ocrx_word' id='word_1_235' title='bbox 590 1870 1025 1943; x_wconf 77' lang='grc' dir='ltr'>ὲξάνεδράστου</span> <span class='ocrx_word' id='word_1_236' title='bbox 1058 1881 1264 1951; x_wconf 80' lang='grc' dir='ltr'>βάσεως</span> <span class='ocrx_word' id='word_1_237' title='bbox 1305 1887 1382 1948; x_wconf 79' lang='grc' dir='ltr'><strong>είς</strong></span> <span class='ocrx_word' id='word_1_238' title='bbox 1416 1866 1747 1958; x_wconf 70' lang='grc' dir='ltr'>ἀνέδραστον</span> <span class='ocrx_word' id='word_1_239' title='bbox 1770 1866 1952 1959; x_wconf 75' lang='grc' dir='ltr'>βάσιν.</span> 
     </span>
    </p>
   </div>
   <div class='ocr_carea' id='block_1_35' title="bbox 2072 1866 3632 1966">
    <p class='ocr_par' dir='ltr' id='par_1_35' title="bbox 2072 1890 3632 1966">
     <span class='ocr_line' id='line_1_35' title="bbox 2072 1890 3632 1966; baseline -0.009 -17"><span class='ocrx_word' id='word_1_240' title='bbox 2072 1895 2397 1966; x_wconf 78' lang='lat' dir='ltr'><strong>logmaticas</strong></span> <span class='ocrx_word' id='word_1_241' title='bbox 2425 1895 2733 1963; x_wconf 84' lang='lat' dir='ltr'><strong>sapientum</strong></span> <span class='ocrx_word' id='word_1_242' title='bbox 2761 1892 3018 1947; x_wconf 78' lang='lat' dir='ltr'><strong>Ecclesiae</strong></span> <span class='ocrx_word' id='word_1_243' title='bbox 3069 1890 3454 1959; x_wconf 82' lang='lat' dir='ltr'><strong>magistrorum</strong></span> <span class='ocrx_word' id='word_1_244' title='bbox 3500 1900 3632 1936; x_wconf 78' lang='lat' dir='ltr'><strong>sen-</strong></span> 
     </span>
    </p>
   </div>
   <div class='ocr_carea' id='block_1_36' title="bbox 411 1965 1943 2051">
    <p class='ocr_par' dir='ltr' id='par_1_36' title="bbox 411 1965 1943 2051">
     <span class='ocr_line' id='line_1_36' title="bbox 411 1965 1943 2051; baseline 0.02 -43"><span class='ocrx_word' id='word_1_245' title='bbox 411 1965 587 2027; x_wconf 84' lang='grc' dir='ltr'>υρους</span> <span class='ocrx_word' id='word_1_246' title='bbox 617 1965 725 2033; x_wconf 73' lang='grc' dir='ltr'><strong>γὰρ</strong></span> <span class='ocrx_word' id='word_1_247' title='bbox 750 1970 842 2021; x_wconf 72' lang='grc' dir='ltr'><strong>καὶ</strong></span> <span class='ocrx_word' id='word_1_248' title='bbox 872 1976 1100 2038; x_wconf 82' lang='grc' dir='ltr'>κανόνας</span> <span class='ocrx_word' id='word_1_249' title='bbox 1141 1978 1584 2048; x_wconf 81' lang='grc' dir='ltr'>ἐπιστημονικῶν</span> <span class='ocrx_word' id='word_1_250' title='bbox 1613 1984 1943 2051; x_wconf 80' lang='grc' dir='ltr'>ἀποδείξεων</span> 
     </span>
    </p>
   </div>
   <div class='ocr_carea' id='block_1_37' title="bbox 379 2051 1949 2157">
    <p class='ocr_par' dir='ltr' id='par_1_37' title="bbox 379 2051 1949 2157">
     <span class='ocr_line' id='line_1_37' title="bbox 379 2051 1949 2157; baseline 0.02 -56"><span class='ocrx_word' id='word_1_251' title='bbox 379 2051 442 2101; x_wconf 68' lang='grc' dir='ltr'>ἓν</span> <span class='ocrx_word' id='word_1_252' title='bbox 471 2056 584 2157; x_wconf 71' lang='grc' dir='ltr'>τοῖς</span> <span class='ocrx_word' id='word_1_253' title='bbox 615 2056 946 2128; x_wconf 73' lang='grc' dir='ltr'>θεολογικοῖς</span> <span class='ocrx_word' id='word_1_254' title='bbox 977 2067 1214 2135; x_wconf 76' lang='grc' dir='ltr'>δόγμασι</span> <span class='ocrx_word' id='word_1_255' title='bbox 1241 2073 1367 2134; x_wconf 78' lang='grc' dir='ltr'>τοὺς</span> <span class='ocrx_word' id='word_1_256' title='bbox 1392 2074 1802 2142; x_wconf 79' lang='grc' dir='ltr'>ἀποφαντικοὺς</span> <span class='ocrx_word' id='word_1_257' title='bbox 1840 2079 1949 2132; x_wconf 83' lang='grc' dir='ltr'><strong>τῶν</strong></span> 
     </span>
    </p>
   </div>
   <div class='ocr_carea' id='block_1_38' title="bbox 384 2148 1944 2232">
    <p class='ocr_par' dir='ltr' id='par_1_38' title="bbox 384 2148 1944 2232">
     <span class='ocr_line' id='line_1_38' title="bbox 384 2148 1944 2232; baseline 0.02 -40"><span class='ocrx_word' id='word_1_258' title='bbox 384 2148 568 2210; x_wconf 59' lang='grc' dir='ltr'>σοφῶν</span> <span class='ocrx_word' id='word_1_259' title='bbox 592 2148 927 2209; x_wconf 74' lang='grc' dir='ltr'>διδασκάλων</span> <span class='ocrx_word' id='word_1_260' title='bbox 961 2158 1057 2225; x_wconf 87' lang='grc' dir='ltr'>τῆς</span> <span class='ocrx_word' id='word_1_261' title='bbox 1102 2162 1427 2232; x_wconf 82' lang='grc' dir='ltr'>Ἐκκλησίας</span> <span class='ocrx_word' id='word_1_262' title='bbox 1456 2166 1645 2232; x_wconf 83' lang='grc' dir='ltr'>λόγους</span> <span class='ocrx_word' id='word_1_263' title='bbox 1682 2164 1821 2222; x_wconf 81' lang='grc' dir='ltr'>εἶναι</span> <span class='ocrx_word' id='word_1_264' title='bbox 1851 2188 1944 2222; x_wconf 86' lang='grc' dir='ltr'>κα-</span> 
     </span>
    </p>
   </div>
   <div class='ocr_carea' id='block_1_39' title="bbox 2055 1978 3645 2055">
    <p class='ocr_par' dir='ltr' id='par_1_39' title="bbox 2055 1978 3645 2055">
     <span class='ocr_line' id='line_1_39' title="bbox 2055 1978 3645 2055; baseline -0.01 -10"><span class='ocrx_word' id='word_1_265' title='bbox 2055 1992 2251 2045; x_wconf 89' lang='lat' dir='ltr'><strong>tentias</strong></span> <span class='ocrx_word' id='word_1_266' title='bbox 2281 1991 2424 2044; x_wconf 89' lang='lat' dir='ltr'><strong>bene</strong></span> <span class='ocrx_word' id='word_1_267' title='bbox 2463 1988 2645 2043; x_wconf 88' lang='lat' dir='ltr'><strong>edocti</strong></span> <span class='ocrx_word' id='word_1_268' title='bbox 2700 2003 2914 2042; x_wconf 88' lang='lat' dir='ltr'><strong>sumus.</strong></span> <span class='ocrx_word' id='word_1_269' title='bbox 2935 1986 3037 2052; x_wconf 85' lang='lat' dir='ltr'><strong>Qui</strong></span> <span class='ocrx_word' id='word_1_270' title='bbox 3071 1985 3233 2055; x_wconf 85' lang='lat' dir='ltr'><strong>igitur</strong></span> <span class='ocrx_word' id='word_1_271' title='bbox 3264 1983 3398 2037; x_wconf 86' lang='lat' dir='ltr'><strong>tales</strong></span> <span class='ocrx_word' id='word_1_272' title='bbox 3444 1978 3645 2035; x_wconf 64' lang='lat' dir='ltr'><strong>definio</strong></span> 
     </span>
    </p>
   </div>
   <div class='ocr_carea' id='block_1_40' title="bbox 2056 2070 3637 2150">
    <p class='ocr_par' dir='ltr' id='par_1_40' title="bbox 2056 2070 3637 2150">
     <span class='ocr_line' id='line_1_40' title="bbox 2056 2070 3637 2150; baseline -0.006 -16"><span class='ocrx_word' id='word_1_273' title='bbox 2056 2083 2235 2137; x_wconf 84' lang='lat' dir='ltr'><strong>tiones</strong></span> <span class='ocrx_word' id='word_1_274' title='bbox 2266 2098 2372 2136; x_wconf 87' lang='lat' dir='ltr'><strong>non</strong></span> <span class='ocrx_word' id='word_1_275' title='bbox 2409 2081 2693 2150; x_wconf 85' lang='lat' dir='ltr'><strong>sequitur,</strong></span> <span class='ocrx_word' id='word_1_276' title='bbox 2752 2082 2797 2134; x_wconf 88' lang='lat' dir='ltr'><strong>is</strong></span> <span class='ocrx_word' id='word_1_277' title='bbox 2827 2094 2933 2134; x_wconf 85' lang='lat' dir='ltr'><strong>non</strong></span> <span class='ocrx_word' id='word_1_278' title='bbox 2978 2075 3202 2134; x_wconf 84' lang='lat' dir='ltr'><strong>habebit</strong></span> <span class='ocrx_word' id='word_1_279' title='bbox 3247 2073 3391 2129; x_wconf 87' lang='lat' dir='ltr'><strong>unde</strong></span> <span class='ocrx_word' id='word_1_280' title='bbox 3440 2070 3637 2142; x_wconf 84' lang='lat' dir='ltr'><strong>probet</strong></span> 
     </span>
    </p>
   </div>
   <div class='ocr_carea' id='block_1_41' title="bbox 2057 2173 2707 2242">
    <p class='ocr_par' dir='ltr' id='par_1_41' title="bbox 2057 2173 2707 2242">
     <span class='ocr_line' id='line_1_41' title="bbox 2057 2173 2707 2242; baseline -0.003 -16"><span class='ocrx_word' id='word_1_281' title='bbox 2057 2174 2219 2227; x_wconf 89' lang='lat' dir='ltr'><strong>nobis</strong></span> <span class='ocrx_word' id='word_1_282' title='bbox 2243 2173 2502 2242; x_wconf 87' lang='lat' dir='ltr'><strong>pietatem</strong></span> <span class='ocrx_word' id='word_1_283' title='bbox 2527 2187 2707 2227; x_wconf 90' lang='lat' dir='ltr'><strong>suam.</strong></span> 
     </span>
    </p>
   </div>
   <div class='ocr_carea' id='block_1_42' title="bbox 385 2240 3647 2333">
    <p class='ocr_par' dir='ltr' id='par_1_42' title="bbox 385 2240 3647 2333">
     <span class='ocr_line' id='line_1_42' title="bbox 385 2240 3647 2333; baseline -0.008 -5"><span class='ocrx_word' id='word_1_284' title='bbox 385 2250 493 2333; x_wconf 41' lang='lat' dir='ltr'><strong>&quot;tu;</strong></span> <span class='ocrx_word' id='word_1_285' title='bbox 520 2240 902 2333; x_wconf 43' lang='grc' dir='ltr'><strong>ῗοιξαχθημθδ</strong></span> <span class='ocrx_word' id='word_1_286' title='bbox 948 2246 1005 2299; x_wconf 72' lang='grc' dir='ltr'><em>Ὅ</em></span> <span class='ocrx_word' id='word_1_287' title='bbox 1037 2250 1217 2302; x_wconf 70' lang='grc' dir='ltr'><strong>τοίνυν</strong></span> <span class='ocrx_word' id='word_1_288' title='bbox 1269 2253 1342 2322; x_wconf 82' lang='grc' dir='ltr'>μὴ</span> <span class='ocrx_word' id='word_1_289' title='bbox 1375 2256 1486 2318; x_wconf 79' lang='grc' dir='ltr'>τοῖς</span> <span class='ocrx_word' id='word_1_290' title='bbox 1524 2257 1786 2323; x_wconf 76' lang='grc' dir='ltr'>τοιούτοις</span> <span class='ocrx_word' id='word_1_291' title='bbox 1834 2261 2101 2332; x_wconf 78' lang='grc' dir='ltr'>ἑπόμενος</span> <span class='ocrx_word' id='word_1_292' title='bbox 2137 2262 2308 2333; x_wconf 80' lang='grc' dir='ltr'>ὅροις,</span> <span class='ocrx_word' id='word_1_293' title='bbox 2370 2261 2495 2314; x_wconf 80' lang='grc' dir='ltr'>ὅθεν</span> <span class='ocrx_word' id='word_1_294' title='bbox 2561 2262 2672 2326; x_wconf 72' lang='grc' dir='ltr'>ἕξει</span> <span class='ocrx_word' id='word_1_295' title='bbox 2738 2260 3121 2314; x_wconf 82' lang='grc' dir='ltr'>πιστώσασθαι</span> <span class='ocrx_word' id='word_1_296' title='bbox 3154 2256 3301 2327; x_wconf 73' lang='grc' dir='ltr'>ἔχειν</span> <span class='ocrx_word' id='word_1_297' title='bbox 3324 2250 3647 2314; x_wconf 42' lang='grc' dir='ltr'>εὐσέϐειαν,</span> 
     </span>
    </p>
   </div>
   <div class='ocr_carea' id='block_1_43' title="bbox 384 2327 749 2393">
    <p class='ocr_par' dir='ltr' id='par_1_43' title="bbox 384 2327 749 2393">
     <span class='ocr_line' id='line_1_43' title="bbox 384 2327 749 2393; baseline 0.019 -17"><span class='ocrx_word' id='word_1_298' title='bbox 384 2327 487 2377; x_wconf 83' lang='grc' dir='ltr'>οὐκ</span> <span class='ocrx_word' id='word_1_299' title='bbox 518 2327 584 2379; x_wconf 80' lang='grc' dir='ltr'><strong>ἂν</strong></span> <span class='ocrx_word' id='word_1_300' title='bbox 614 2330 749 2393; x_wconf 71' lang='grc' dir='ltr'>ἔχοι.</span> 
     </span>
    </p>
   </div>
   <div class='ocr_carea' id='block_1_44' title="bbox 460 2418 1961 2514">
    <p class='ocr_par' dir='ltr' id='par_1_44' title="bbox 460 2418 1961 2514">
     <span class='ocr_line' id='line_1_44' title="bbox 460 2418 1961 2514; baseline 0.018 -43"><span class='ocrx_word' id='word_1_301' title='bbox 460 2423 551 2486; x_wconf 69' lang='grc' dir='ltr'>(τ’,</span> <span class='ocrx_word' id='word_1_302' title='bbox 584 2422 694 2476; x_wconf 78' lang='grc' dir='ltr'>Καὶ</span> <span class='ocrx_word' id='word_1_303' title='bbox 724 2426 941 2497; x_wconf 80' lang='grc' dir='ltr'>πρῶτον</span> <span class='ocrx_word' id='word_1_304' title='bbox 977 2432 1076 2500; x_wconf 87' lang='grc' dir='ltr'><strong>μὲν</strong></span> <span class='ocrx_word' id='word_1_305' title='bbox 1106 2418 1273 2488; x_wconf 75' lang='grc' dir='ltr'>τοῦτο</span> <span class='ocrx_word' id='word_1_306' title='bbox 1308 2437 1540 2493; x_wconf 78' lang='grc' dir='ltr'>τιθέσθω</span> <span class='ocrx_word' id='word_1_307' title='bbox 1565 2443 1667 2511; x_wconf 77' lang='grc' dir='ltr'>τῆς</span> <span class='ocrx_word' id='word_1_308' title='bbox 1701 2433 1961 2514; x_wconf 76' lang='grc' dir='ltr'>σῆςάσε-</span> 
     </span>
    </p>
   </div>
   <div class='ocr_carea' id='block_1_45' title="bbox 384 2515 1961 2608">
    <p class='ocr_par' dir='ltr' id='par_1_45' title="bbox 384 2515 1961 2608">
     <span class='ocr_line' id='line_1_45' title="bbox 384 2515 1961 2608; baseline 0.016 -42"><span class='ocrx_word' id='word_1_309' title='bbox 384 2515 542 2577; x_wconf 83' lang='grc' dir='ltr'>ϐείας</span> <span class='ocrx_word' id='word_1_310' title='bbox 566 2517 917 2588; x_wconf 77' lang='grc' dir='ltr'>ἐνδεικτικὸν,</span> <span class='ocrx_word' id='word_1_311' title='bbox 949 2523 1201 2594; x_wconf 78' lang='grc' dir='ltr'>δεύτερον</span> <span class='ocrx_word' id='word_1_312' title='bbox 1224 2527 1270 2578; x_wconf 75' lang='grc' dir='ltr'>δ’</span> <span class='ocrx_word' id='word_1_313' title='bbox 1299 2529 1380 2582; x_wconf 81' lang='grc' dir='ltr'><strong>ὅτι</strong></span> <span class='ocrx_word' id='word_1_314' title='bbox 1412 2529 1468 2582; x_wconf 79' lang='grc' dir='ltr'>ἓν</span> <span class='ocrx_word' id='word_1_315' title='bbox 1492 2534 1550 2583; x_wconf 56' lang='grc' dir='ltr'>τὸ</span> <span class='ocrx_word' id='word_1_316' title='bbox 1574 2533 1833 2589; x_wconf 67' lang='grc' dir='ltr'>ἄκτιστον</span> <span class='ocrx_word' id='word_1_317' title='bbox 1863 2540 1961 2608; x_wconf 80' lang='grc' dir='ltr'><strong>τὴν</strong></span> 
     </span>
    </p>
   </div>
   <div class='ocr_carea' id='block_1_46' title="bbox 384 2605 1961 2691">
    <p class='ocr_par' dir='ltr' id='par_1_46' title="bbox 384 2605 1961 2691">
     <span class='ocr_line' id='line_1_46' title="bbox 384 2605 1961 2691; baseline 0.016 -31"><span class='ocrx_word' id='word_1_318' title='bbox 384 2608 539 2660; x_wconf 79' lang='grc' dir='ltr'>θείαν</span> <span class='ocrx_word' id='word_1_319' title='bbox 572 2605 707 2664; x_wconf 72' lang='grc' dir='ltr'>εῖναι</span> <span class='ocrx_word' id='word_1_320' title='bbox 744 2614 906 2679; x_wconf 77' lang='grc' dir='ltr'>φύσιν</span> <span class='ocrx_word' id='word_1_321' title='bbox 944 2617 1207 2671; x_wconf 75' lang='grc' dir='ltr'>εἰπόντων</span> <span class='ocrx_word' id='word_1_322' title='bbox 1238 2621 1415 2691; x_wconf 77' lang='grc' dir='ltr'>ἡμῶν,</span> <span class='ocrx_word' id='word_1_323' title='bbox 1460 2628 1551 2677; x_wconf 78' lang='grc' dir='ltr'>καὶ</span> <span class='ocrx_word' id='word_1_324' title='bbox 1594 2629 1803 2682; x_wconf 82' lang='grc' dir='ltr'>πολλῶν</span> <span class='ocrx_word' id='word_1_325' title='bbox 1835 2605 1961 2684; x_wconf 80' lang='grc' dir='ltr'>πολ-</span> 
     </span>
    </p>
   </div>
   <div class='ocr_carea' id='block_1_47' title="bbox 384 2700 1961 2793">
    <p class='ocr_par' dir='ltr' id='par_1_47' title="bbox 384 2700 1961 2793">
     <span class='ocr_line' id='line_1_47' title="bbox 384 2700 1961 2793; baseline 0.017 -43"><span class='ocrx_word' id='word_1_326' title='bbox 384 2700 488 2793; x_wconf 69' lang='grc' dir='ltr'>λὰς</span> <span class='ocrx_word' id='word_1_327' title='bbox 524 2703 696 2769; x_wconf 74' lang='grc' dir='ltr'>ἁγίων</span> <span class='ocrx_word' id='word_1_328' title='bbox 734 2706 957 2777; x_wconf 79' lang='grc' dir='ltr'>Γραφὰς</span> <span class='ocrx_word' id='word_1_329' title='bbox 996 2711 1225 2781; x_wconf 75' lang='grc' dir='ltr'>ὀνόμασί</span> <span class='ocrx_word' id='word_1_330' title='bbox 1273 2733 1332 2767; x_wconf 89' lang='grc' dir='ltr'><strong>τε</strong></span> <span class='ocrx_word' id='word_1_331' title='bbox 1371 2717 1466 2769; x_wconf 72' lang='grc' dir='ltr'><strong>καὶ</strong></span> <span class='ocrx_word' id='word_1_332' title='bbox 1506 2721 1775 2790; x_wconf 83' lang='grc' dir='ltr'>νοήμασιν</span> <span class='ocrx_word' id='word_1_333' title='bbox 1829 2727 1961 2793; x_wconf 80' lang='grc' dir='ltr'>ὁμο·-</span> 
     </span>
    </p>
   </div>
   <div class='ocr_carea' id='block_1_48' title="bbox 388 2791 1957 2896">
    <p class='ocr_par' dir='ltr' id='par_1_48' title="bbox 388 2791 1957 2896">
     <span class='ocr_line' id='line_1_48' title="bbox 388 2791 1957 2896; baseline 0.017 -53"><span class='ocrx_word' id='word_1_334' title='bbox 388 2791 607 2896; x_wconf 52' lang='grc' dir='ltr'>ιξώνους</span> <span class='ocrx_word' id='word_1_335' title='bbox 638 2794 700 2896; x_wconf 65' lang='grc' dir='ltr'><strong>[ί.</strong></span> <span class='ocrx_word' id='word_1_336' title='bbox 736 2798 851 2896; x_wconf 38' lang='grc'><strong>156-</strong></span> <span class='ocrx_word' id='word_1_337' title='bbox 878 2799 925 2871; x_wconf 87' lang='lat' dir='ltr'><strong>r]</strong></span> <span class='ocrx_word' id='word_1_338' title='bbox 972 2808 1415 2871; x_wconf 66' lang='grc' dir='ltr'>προενεγκόντων</span> <span class='ocrx_word' id='word_1_339' title='bbox 1472 2814 1553 2875; x_wconf 77' lang='grc' dir='ltr'><strong>εἰς</strong></span> <span class='ocrx_word' id='word_1_340' title='bbox 1605 2817 1810 2885; x_wconf 80' lang='grc' dir='ltr'>ἐναργῆ</span> <span class='ocrx_word' id='word_1_341' title='bbox 1864 2791 1957 2869; x_wconf 64' lang='grc' dir='ltr'>παὶ</span> 
     </span>
    </p>
   </div>
   <div class='ocr_carea' id='block_1_49' title="bbox 389 2886 1960 2991">
    <p class='ocr_par' dir='ltr' id='par_1_49' title="bbox 389 2886 1960 2991">
     <span class='ocr_line' id='line_1_49' title="bbox 389 2886 1960 2991; baseline 0.018 -56"><span class='ocrx_word' id='word_1_342' title='bbox 389 2886 791 2991; x_wconf 64' lang='grc' dir='ltr'>ἀναντίρρητον</span> <span class='ocrx_word' id='word_1_343' title='bbox 827 2891 1107 2959; x_wconf 74' lang='grc' dir='ltr'>ἀπόδειξιν</span> <span class='ocrx_word' id='word_1_344' title='bbox 1143 2897 1244 2967; x_wconf 84' lang='grc' dir='ltr'>τῆς</span> <span class='ocrx_word' id='word_1_345' title='bbox 1291 2904 1655 2974; x_wconf 78' lang='grc' dir='ltr'>προτεθείσης</span> <span class='ocrx_word' id='word_1_346' title='bbox 1694 2907 1960 2977; x_wconf 80' lang='grc' dir='ltr'>σκέψεως,</span> 
     </span>
    </p>
   </div>
   <div class='ocr_carea' id='block_1_50' title="bbox 388 2979 1959 3071">
    <p class='ocr_par' dir='ltr' id='par_1_50' title="bbox 388 2979 1959 3071">
     <span class='ocr_line' id='line_1_50' title="bbox 388 2979 1959 3071; baseline 0.019 -45"><span class='ocrx_word' id='word_1_347' title='bbox 388 2979 450 3027; x_wconf 73' lang='grc' dir='ltr'>οὗ</span> <span class='ocrx_word' id='word_1_348' title='bbox 489 2979 651 3045; x_wconf 88' lang='grc' dir='ltr'>μόνον</span> <span class='ocrx_word' id='word_1_349' title='bbox 673 2981 934 3050; x_wconf 75' lang='grc' dir='ltr'>οὐδεμίαν</span> <span class='ocrx_word' id='word_1_350' title='bbox 968 2988 1129 3046; x_wconf 80' lang='grc' dir='ltr'>αὐτὸς</span> <span class='ocrx_word' id='word_1_351' title='bbox 1163 2991 1436 3046; x_wconf 79' lang='grc' dir='ltr'>ἀντίθεσιν</span> <span class='ocrx_word' id='word_1_352' title='bbox 1462 2996 1644 3065; x_wconf 70' lang='grc' dir='ltr'>εὑρεῖν</span> <span class='ocrx_word' id='word_1_353' title='bbox 1671 2999 1959 3071; x_wconf 72' lang='grc' dir='ltr'>ἐδυνήθης,</span> 
     </span>
    </p>
   </div>
   <div class='ocr_carea' id='block_1_51' title="bbox 391 3071 1964 3145">
    <p class='ocr_par' dir='ltr' id='par_1_51' title="bbox 391 3071 1964 3145">
     <span class='ocr_line' id='line_1_51' title="bbox 391 3071 1964 3145; baseline 0.017 -26"><span class='ocrx_word' id='word_1_354' title='bbox 391 3071 512 3121; x_wconf 67' lang='grc' dir='ltr'>οὐδὲ</span> <span class='ocrx_word' id='word_1_355' title='bbox 546 3071 718 3137; x_wconf 78' lang='grc' dir='ltr'>δεῖξαι</span> <span class='ocrx_word' id='word_1_356' title='bbox 751 3075 858 3127; x_wconf 77' lang='grc' dir='ltr'>τῶν</span> <span class='ocrx_word' id='word_1_357' title='bbox 891 3077 1108 3130; x_wconf 70' lang='grc' dir='ltr'>πάντων</span> <span class='ocrx_word' id='word_1_358' title='bbox 1141 3083 1312 3145; x_wconf 63' lang='grc' dir='ltr'>ἁγίων</span> <span class='ocrx_word' id='word_1_359' title='bbox 1341 3086 1624 3141; x_wconf 76' lang='grc' dir='ltr'>ὁντιναοῦν</span> <span class='ocrx_word' id='word_1_360' title='bbox 1662 3091 1832 3144; x_wconf 84' lang='grc' dir='ltr'>πλείω</span> <span class='ocrx_word' id='word_1_361' title='bbox 1867 3092 1964 3145; x_wconf 79' lang='grc' dir='ltr'>τοῦ</span> 
     </span>
    </p>
   </div>
   <div class='ocr_carea' id='block_1_52' title="bbox 394 3161 1968 3247">
    <p class='ocr_par' dir='ltr' id='par_1_52' title="bbox 394 3161 1968 3247">
     <span class='ocr_line' id='line_1_52' title="bbox 394 3161 1968 3247; baseline 0.015 -33"><span class='ocrx_word' id='word_1_362' title='bbox 394 3162 514 3225; x_wconf 78' lang='grc' dir='ltr'>ἑνὸς</span> <span class='ocrx_word' id='word_1_363' title='bbox 563 3161 705 3218; x_wconf 73' lang='grc' dir='ltr'>εἶναι</span> <span class='ocrx_word' id='word_1_364' title='bbox 751 3167 821 3219; x_wconf 82' lang='grc' dir='ltr'>τὰ</span> <span class='ocrx_word' id='word_1_365' title='bbox 865 3170 1094 3224; x_wconf 79' lang='grc' dir='ltr'>ἄκτιστα</span> <span class='ocrx_word' id='word_1_366' title='bbox 1129 3174 1379 3242; x_wconf 81' lang='grc' dir='ltr'>λέγοντα,</span> <span class='ocrx_word' id='word_1_367' title='bbox 1417 3180 1552 3234; x_wconf 82' lang='grc' dir='ltr'><strong>ἀλλὰ</strong></span> <span class='ocrx_word' id='word_1_368' title='bbox 1601 3184 1694 3234; x_wconf 70' lang='grc' dir='ltr'>καὶ</span> <span class='ocrx_word' id='word_1_369' title='bbox 1728 3187 1853 3247; x_wconf 78' lang='grc' dir='ltr'>τοὺς</span> <span class='ocrx_word' id='word_1_370' title='bbox 1883 3185 1968 3238; x_wconf 83' lang='grc' dir='ltr'><strong>λέ-</strong></span> 
     </span>
    </p>
   </div>
   <div class='ocr_carea' id='block_1_53' title="bbox 394 3258 1969 3342">
    <p class='ocr_par' dir='ltr' id='par_1_53' title="bbox 394 3258 1969 3342">
     <span class='ocr_line' id='line_1_53' title="bbox 394 3258 1969 3342; baseline 0.015 -36"><span class='ocrx_word' id='word_1_371' title='bbox 394 3271 593 3321; x_wconf 88' lang='grc' dir='ltr'>γοντας</span> <span class='ocrx_word' id='word_1_372' title='bbox 627 3258 976 3332; x_wconf 77' lang='grc' dir='ltr'>παραλογίζῃ</span> <span class='ocrx_word' id='word_1_373' title='bbox 1007 3265 1099 3317; x_wconf 83' lang='grc' dir='ltr'><strong>καὶ</strong></span> <span class='ocrx_word' id='word_1_374' title='bbox 1131 3265 1366 3334; x_wconf 81' lang='grc' dir='ltr'>ἀθετεῖς,</span> <span class='ocrx_word' id='word_1_375' title='bbox 1395 3271 1493 3323; x_wconf 79' lang='grc' dir='ltr'>καὶ</span> <span class='ocrx_word' id='word_1_376' title='bbox 1536 3270 1635 3341; x_wconf 80' lang='grc' dir='ltr'>τὴν</span> <span class='ocrx_word' id='word_1_377' title='bbox 1669 3274 1969 3342; x_wconf 66' lang='grc' dir='ltr'>ἀπολογίαν</span> 
     </span>
    </p>
   </div>
   <div class='ocr_carea' id='block_1_54' title="bbox 2142 2418 3651 2515">
    <p class='ocr_par' dir='ltr' id='par_1_54' title="bbox 2142 2418 3651 2515">
     <span class='ocr_line' id='line_1_54' title="bbox 2142 2418 3651 2515; baseline -0.022 3"><span class='ocrx_word' id='word_1_378' title='bbox 2142 2447 2227 2501; x_wconf 69' lang='grc' dir='ltr'><strong>Ἦ·</strong></span> <span class='ocrx_word' id='word_1_379' title='bbox 2248 2446 2424 2514; x_wconf 74' lang='lat' dir='ltr'><strong>Auiue</strong></span> <span class='ocrx_word' id='word_1_380' title='bbox 2462 2444 2565 2497; x_wconf 93' lang='lat' dir='ltr'><strong>hoc</strong></span> <span class='ocrx_word' id='word_1_381' title='bbox 2596 2444 2834 2515; x_wconf 91' lang='lat' dir='ltr'><strong>primum</strong></span> <span class='ocrx_word' id='word_1_382' title='bbox 2859 2453 2976 2498; x_wconf 87' lang='lat' dir='ltr'><strong>esto</strong></span> <span class='ocrx_word' id='word_1_383' title='bbox 3003 2439 3302 2511; x_wconf 87' lang='lat' dir='ltr'><strong>impietatis</strong></span> <span class='ocrx_word' id='word_1_384' title='bbox 3330 2448 3437 2491; x_wconf 83' lang='lat' dir='ltr'><strong>tuae</strong></span> <span class='ocrx_word' id='word_1_385' title='bbox 3463 2418 3651 2490; x_wconf 51' lang='lat' dir='ltr'><strong>docui</strong></span> 
     </span>
    </p>
   </div>
   <div class='ocr_carea' id='block_1_55' title="bbox 2070 2516 3637 2592">
    <p class='ocr_par' dir='ltr' id='par_1_55' title="bbox 2070 2516 3637 2592">
     <span class='ocr_line' id='line_1_55' title="bbox 2070 2516 3637 2592; baseline -0.011 0"><span class='ocrx_word' id='word_1_386' title='bbox 2070 2546 2333 2592; x_wconf 90' lang='lat' dir='ltr'><strong>mentum.</strong></span> <span class='ocrx_word' id='word_1_387' title='bbox 2363 2536 2570 2591; x_wconf 89' lang='lat' dir='ltr'><strong>Deinde</strong></span> <span class='ocrx_word' id='word_1_388' title='bbox 2588 2550 2710 2589; x_wconf 90' lang='lat' dir='ltr'><strong>cum</strong></span> <span class='ocrx_word' id='word_1_389' title='bbox 2733 2548 2899 2588; x_wconf 89' lang='lat' dir='ltr'><strong>unum</strong></span> <span class='ocrx_word' id='word_1_390' title='bbox 2920 2516 3226 2586; x_wconf 85' lang='lat' dir='ltr'><strong>increatum</strong></span> <span class='ocrx_word' id='word_1_391' title='bbox 3249 2543 3368 2582; x_wconf 85' lang='lat' dir='ltr'><strong>esse</strong></span> <span class='ocrx_word' id='word_1_392' title='bbox 3386 2534 3637 2580; x_wconf 75' lang='lat' dir='ltr'><strong>naturam</strong></span> 
     </span>
    </p>
   </div>
   <div class='ocr_carea' id='block_1_56' title="bbox 2069 2616 3637 2683">
    <p class='ocr_par' dir='ltr' id='par_1_56' title="bbox 2069 2616 3637 2683">
     <span class='ocr_line' id='line_1_56' title="bbox 2069 2616 3637 2683; baseline -0.01 0"><span class='ocrx_word' id='word_1_393' title='bbox 2069 2629 2310 2683; x_wconf 83' lang='lat' dir='ltr'><strong>divinam</strong></span> <span class='ocrx_word' id='word_1_394' title='bbox 2348 2628 2662 2682; x_wconf 85' lang='lat' dir='ltr'><strong>diceremus</strong></span> <span class='ocrx_word' id='word_1_395' title='bbox 2689 2634 2745 2681; x_wconf 88' lang='lat' dir='ltr'><strong>et</strong></span> <span class='ocrx_word' id='word_1_396' title='bbox 2775 2625 3072 2679; x_wconf 85' lang='lat' dir='ltr'><strong>multorum</strong></span> <span class='ocrx_word' id='word_1_397' title='bbox 3098 2629 3409 2676; x_wconf 82' lang='lat' dir='ltr'><strong>sanctorum</strong></span> <span class='ocrx_word' id='word_1_398' title='bbox 3435 2616 3637 2670; x_wconf 87' lang='lat' dir='ltr'><strong>multos</strong></span> 
     </span>
    </p>
   </div>
   <div class='ocr_carea' id='block_1_57' title="bbox 2068 2711 3639 2789">
    <p class='ocr_par' dir='ltr' id='par_1_57' title="bbox 2068 2711 3639 2789">
     <span class='ocr_line' id='line_1_57' title="bbox 2068 2711 3639 2789; baseline -0.011 -13"><span class='ocrx_word' id='word_1_399' title='bbox 2068 2723 2239 2777; x_wconf 89' lang='lat' dir='ltr'><strong>libros</strong></span> <span class='ocrx_word' id='word_1_400' title='bbox 2271 2720 2449 2775; x_wconf 84' lang='lat' dir='ltr'><strong>verbis</strong></span> <span class='ocrx_word' id='word_1_401' title='bbox 2471 2730 2525 2773; x_wconf 93' lang='lat' dir='ltr'><strong>et</strong></span> <span class='ocrx_word' id='word_1_402' title='bbox 2550 2718 2801 2789; x_wconf 83' lang='lat' dir='ltr'><strong>cogitatis</strong></span> <span class='ocrx_word' id='word_1_403' title='bbox 2824 2714 3233 2772; x_wconf 84' lang='lat' dir='ltr'><strong>consentientes</strong></span> <span class='ocrx_word' id='word_1_404' title='bbox 3268 2711 3639 2781; x_wconf 84' lang='lat' dir='ltr'><strong>proferremus</strong></span> 
     </span>
    </p>
   </div>
   <div class='ocr_carea' id='block_1_58' title="bbox 2070 2805 3637 2874">
    <p class='ocr_par' dir='ltr' id='par_1_58' title="bbox 2070 2805 3637 2874">
     <span class='ocr_line' id='line_1_58' title="bbox 2070 2805 3637 2874; baseline -0.009 -6"><span class='ocrx_word' id='word_1_405' title='bbox 2070 2814 2135 2868; x_wconf 87' lang='lat' dir='ltr'><strong>ad</strong></span> <span class='ocrx_word' id='word_1_406' title='bbox 2170 2814 2510 2868; x_wconf 84' lang='lat' dir='ltr'><strong>manifestam</strong></span> <span class='ocrx_word' id='word_1_407' title='bbox 2536 2821 2590 2866; x_wconf 82' lang='lat' dir='ltr'><strong>et</strong></span> <span class='ocrx_word' id='word_1_408' title='bbox 2626 2806 3025 2864; x_wconf 80' lang='lat' dir='ltr'><strong>irrefutabilem</strong></span> <span class='ocrx_word' id='word_1_409' title='bbox 3074 2805 3453 2874; x_wconf 86' lang='lat' dir='ltr'><strong>probationem</strong></span> <span class='ocrx_word' id='word_1_410' title='bbox 3488 2817 3637 2869; x_wconf 69' lang='grc' dir='ltr'><strong>(μείρ-</strong></span> 
     </span>
    </p>
   </div>
   <div class='ocr_carea' id='block_1_59' title="bbox 2070 2893 3644 2975">
    <p class='ocr_par' dir='ltr' id='par_1_59' title="bbox 2070 2893 3644 2975">
     <span class='ocr_line' id='line_1_59' title="bbox 2070 2893 3644 2975; baseline -0.011 -14"><span class='ocrx_word' id='word_1_411' title='bbox 2070 2906 2269 2961; x_wconf 86' lang='lat' dir='ltr'><strong>stionis</strong></span> <span class='ocrx_word' id='word_1_412' title='bbox 2298 2903 2611 2975; x_wconf 57' lang='lat' dir='ltr'><strong>propositae,</strong></span> <span class='ocrx_word' id='word_1_413' title='bbox 2652 2916 2761 2955; x_wconf 88' lang='lat' dir='ltr'><strong>non</strong></span> <span class='ocrx_word' id='word_1_414' title='bbox 2798 2899 2960 2953; x_wconf 90' lang='lat' dir='ltr'><strong>modo</strong></span> <span class='ocrx_word' id='word_1_415' title='bbox 2995 2897 3196 2951; x_wconf 87' lang='lat' dir='ltr'><strong>nullam</strong></span> <span class='ocrx_word' id='word_1_416' title='bbox 3252 2896 3370 2965; x_wconf 87' lang='lat' dir='ltr'><strong>ipse</strong></span> <span class='ocrx_word' id='word_1_417' title='bbox 3420 2893 3644 2962; x_wconf 85' lang='lat' dir='ltr'><strong>opposi-</strong></span> 
     </span>
    </p>
   </div>
   <div class='ocr_carea' id='block_1_60' title="bbox 2073 2982 3644 3060">
    <p class='ocr_par' dir='ltr' id='par_1_60' title="bbox 2073 2982 3644 3060">
     <span class='ocr_line' id='line_1_60' title="bbox 2073 2982 3644 3060; baseline -0.011 -9"><span class='ocrx_word' id='word_1_418' title='bbox 2073 2998 2277 3051; x_wconf 90' lang='lat' dir='ltr'><strong>tionem</strong></span> <span class='ocrx_word' id='word_1_419' title='bbox 2311 2995 2556 3049; x_wconf 81' lang='lat' dir='ltr'><strong>invenire</strong></span> <span class='ocrx_word' id='word_1_420' title='bbox 2589 2990 2834 3060; x_wconf 86' lang='lat' dir='ltr'><strong>potuisti,</strong></span> <span class='ocrx_word' id='word_1_421' title='bbox 2859 3005 3035 3057; x_wconf 86' lang='lat' dir='ltr'><strong>neque</strong></span> <span class='ocrx_word' id='word_1_422' title='bbox 3068 2985 3357 3040; x_wconf 90' lang='lat' dir='ltr'><strong>ostendere</strong></span> <span class='ocrx_word' id='word_1_423' title='bbox 3392 2982 3644 3036; x_wconf 87' lang='lat' dir='ltr'><strong>omnium</strong></span> 
     </span>
    </p>
   </div>
   <div class='ocr_carea' id='block_1_61' title="bbox 2076 3082 3653 3154">
    <p class='ocr_par' dir='ltr' id='par_1_61' title="bbox 2076 3082 3653 3154">
     <span class='ocr_line' id='line_1_61' title="bbox 2076 3082 3653 3154; baseline -0.011 -10"><span class='ocrx_word' id='word_1_424' title='bbox 2076 3098 2390 3144; x_wconf 89' lang='lat' dir='ltr'><strong>sanctorum</strong></span> <span class='ocrx_word' id='word_1_425' title='bbox 2421 3099 2756 3154; x_wconf 87' lang='lat' dir='ltr'><strong>quemquam</strong></span> <span class='ocrx_word' id='word_1_426' title='bbox 2783 3084 2875 3151; x_wconf 88' lang='lat' dir='ltr'><strong>qui</strong></span> <span class='ocrx_word' id='word_1_427' title='bbox 2910 3082 3064 3150; x_wconf 87' lang='lat' dir='ltr'><strong>plura</strong></span> <span class='ocrx_word' id='word_1_428' title='bbox 3107 3092 3270 3147; x_wconf 84' lang='lat' dir='ltr'><strong>quam</strong></span> <span class='ocrx_word' id='word_1_429' title='bbox 3301 3089 3471 3129; x_wconf 85' lang='lat' dir='ltr'><strong>unum</strong></span> <span class='ocrx_word' id='word_1_430' title='bbox 3519 3087 3653 3127; x_wconf 76' lang='lat' dir='ltr'><strong>esse</strong></span> 
     </span>
    </p>
   </div>
   <div class='ocr_carea' id='block_1_62' title="bbox 2076 3166 3641 3242">
    <p class='ocr_par' dir='ltr' id='par_1_62' title="bbox 2076 3166 3641 3242">
     <span class='ocr_line' id='line_1_62' title="bbox 2076 3166 3641 3242; baseline -0.011 -6"><span class='ocrx_word' id='word_1_431' title='bbox 2076 3183 2317 3237; x_wconf 89' lang='lat' dir='ltr'><strong>iucreata</strong></span> <span class='ocrx_word' id='word_1_432' title='bbox 2367 3179 2600 3242; x_wconf 85' lang='lat' dir='ltr'><strong>diceret,</strong></span> <span class='ocrx_word' id='word_1_433' title='bbox 2648 3176 2743 3232; x_wconf 88' lang='lat' dir='ltr'><strong>sed</strong></span> <span class='ocrx_word' id='word_1_434' title='bbox 2795 3176 2959 3230; x_wconf 88' lang='lat' dir='ltr'><strong>etiam</strong></span> <span class='ocrx_word' id='word_1_435' title='bbox 3001 3187 3097 3227; x_wconf 89' lang='lat' dir='ltr'><strong>eos</strong></span> <span class='ocrx_word' id='word_1_436' title='bbox 3144 3170 3238 3240; x_wconf 88' lang='lat' dir='ltr'><strong>qui</strong></span> <span class='ocrx_word' id='word_1_437' title='bbox 3280 3169 3383 3223; x_wconf 87' lang='lat' dir='ltr'><strong>hoc</strong></span> <span class='ocrx_word' id='word_1_438' title='bbox 3427 3166 3641 3227; x_wconf 85' lang='lat' dir='ltr'><strong>dicunt,</strong></span> 
     </span>
    </p>
   </div>
   <div class='ocr_carea' id='block_1_63' title="bbox 2075 3257 3643 3343">
    <p class='ocr_par' dir='ltr' id='par_1_63' title="bbox 2075 3257 3643 3343">
     <span class='ocr_line' id='line_1_63' title="bbox 2075 3257 3643 3343; baseline -0.013 -14"><span class='ocrx_word' id='word_1_439' title='bbox 2075 3272 2512 3343; x_wconf 80' lang='lat' dir='ltr'><strong>argumentando</strong></span> <span class='ocrx_word' id='word_1_440' title='bbox 2540 3268 2849 3337; x_wconf 85' lang='lat' dir='ltr'><strong>corrumpis</strong></span> <span class='ocrx_word' id='word_1_441' title='bbox 2878 3275 2931 3321; x_wconf 88' lang='lat' dir='ltr'><strong>et</strong></span> <span class='ocrx_word' id='word_1_442' title='bbox 2971 3263 3301 3337; x_wconf 87' lang='lat' dir='ltr'><strong>contemnis,</strong></span> <span class='ocrx_word' id='word_1_443' title='bbox 3355 3269 3412 3313; x_wconf 90' lang='lat' dir='ltr'><strong>et</strong></span> <span class='ocrx_word' id='word_1_444' title='bbox 3457 3257 3643 3313; x_wconf 85' lang='lat' dir='ltr'><strong>defen-</strong></span> 
     </span>
    </p>
   </div>
   <div class='ocr_carea' id='block_1_64' title="bbox 397 3346 1965 3439">
    <p class='ocr_par' dir='ltr' id='par_1_64' title="bbox 397 3346 1965 3433">
     <span class='ocr_line' id='line_1_64' title="bbox 397 3346 1965 3433; baseline 0.015 -35"><span class='ocrx_word' id='word_1_445' title='bbox 397 3346 633 3403; x_wconf 82' lang='grc' dir='ltr'>ὔπουλον</span> <span class='ocrx_word' id='word_1_446' title='bbox 688 3352 1033 3422; x_wconf 77' lang='grc' dir='ltr'>προϐάλλεις,</span> <span class='ocrx_word' id='word_1_447' title='bbox 1092 3359 1449 3429; x_wconf 84' lang='grc' dir='ltr'>ἐπειγόμενος</span> <span class='ocrx_word' id='word_1_448' title='bbox 1494 3364 1593 3433; x_wconf 83' lang='grc' dir='ltr'>μὲν</span> <span class='ocrx_word' id='word_1_449' title='bbox 1648 3365 1854 3432; x_wconf 79' lang='grc' dir='ltr'>λαθεῖν,</span> <span class='ocrx_word' id='word_1_450' title='bbox 1907 3370 1965 3422; x_wconf 71' lang='grc' dir='ltr'>οὗ</span> 
     </span>
    </p>
   </div>
   <div class='ocr_carea' id='block_1_65' title="bbox 2072 3346 3648 3439">
    <p class='ocr_par' dir='ltr' id='par_1_65' title="bbox 2075 3348 3648 3427">
     <span class='ocr_line' id='line_1_65' title="bbox 2075 3348 3648 3427; baseline -0.012 -7"><span class='ocrx_word' id='word_1_451' title='bbox 2075 3366 2285 3419; x_wconf 89' lang='lat' dir='ltr'><strong>sionem</strong></span> <span class='ocrx_word' id='word_1_452' title='bbox 2345 3360 2746 3416; x_wconf 79' lang='lat' dir='ltr'><strong>fraudulentam</strong></span> <span class='ocrx_word' id='word_1_453' title='bbox 2812 3358 3044 3427; x_wconf 81' lang='lat' dir='ltr'><strong>profers,</strong></span> <span class='ocrx_word' id='word_1_454' title='bbox 3102 3369 3230 3409; x_wconf 91' lang='lat' dir='ltr'><strong>cum</strong></span> <span class='ocrx_word' id='word_1_455' title='bbox 3292 3361 3516 3406; x_wconf 88' lang='lat' dir='ltr'><strong>coactus</strong></span> <span class='ocrx_word' id='word_1_456' title='bbox 3572 3348 3648 3402; x_wconf 87' lang='lat' dir='ltr'><strong>sis</strong></span> 
     </span>
    </p>
   </div>
   <div class='ocr_carea' id='block_1_66' title="bbox 395 3440 1972 3523">
    <p class='ocr_par' dir='ltr' id='par_1_66' title="bbox 395 3440 1972 3523">
     <span class='ocr_line' id='line_1_66' title="bbox 395 3440 1972 3523; baseline 0.015 -31"><span class='ocrx_word' id='word_1_457' title='bbox 395 3440 694 3509; x_wconf 82' lang='grc' dir='ltr'>δυνάμενος</span> <span class='ocrx_word' id='word_1_458' title='bbox 721 3444 799 3499; x_wconf 80' lang='grc' dir='ltr'><strong>δέ.</strong></span> <span class='ocrx_word' id='word_1_459' title='bbox 844 3447 953 3500; x_wconf 78' lang='grc' dir='ltr'>Καὶ</span> <span class='ocrx_word' id='word_1_460' title='bbox 985 3450 1096 3519; x_wconf 75' lang='grc' dir='ltr'><strong>γὰρ</strong></span> <span class='ocrx_word' id='word_1_461' title='bbox 1132 3453 1351 3521; x_wconf 83' lang='grc' dir='ltr'>πρῶτον</span> <span class='ocrx_word' id='word_1_462' title='bbox 1389 3455 1488 3523; x_wconf 83' lang='grc' dir='ltr'>μὲν</span> <span class='ocrx_word' id='word_1_463' title='bbox 1531 3459 1704 3520; x_wconf 82' lang='grc' dir='ltr'>ἑάλως</span> <span class='ocrx_word' id='word_1_464' title='bbox 1734 3460 1972 3515; x_wconf 77' lang='grc' dir='ltr'>ἐνταῦθα</span> 
     </span>
    </p>
   </div>
   <div class='ocr_carea' id='block_1_67' title="bbox 398 3533 1971 3617">
    <p class='ocr_par' dir='ltr' id='par_1_67' title="bbox 398 3533 1971 3617">
     <span class='ocr_line' id='line_1_67' title="bbox 398 3533 1971 3617; baseline 0.014 -35"><span class='ocrx_word' id='word_1_465' title='bbox 398 3533 475 3600; x_wconf 78' lang='grc' dir='ltr'>μὴ</span> <span class='ocrx_word' id='word_1_466' title='bbox 505 3534 667 3601; x_wconf 88' lang='grc' dir='ltr'>μόνον</span> <span class='ocrx_word' id='word_1_467' title='bbox 693 3534 750 3600; x_wconf 74' lang='grc' dir='ltr'><strong>ἐξ</strong></span> <span class='ocrx_word' id='word_1_468' title='bbox 786 3538 1094 3602; x_wconf 77' lang='grc' dir='ltr'>ὑποθέσεως</span> <span class='ocrx_word' id='word_1_469' title='bbox 1137 3543 1517 3598; x_wconf 76' lang='grc' dir='ltr'>ἁνυποστάτου</span> <span class='ocrx_word' id='word_1_470' title='bbox 1548 3547 1844 3617; x_wconf 78' lang='grc' dir='ltr'>λαμϐάνων</span> <span class='ocrx_word' id='word_1_471' title='bbox 1875 3553 1971 3604; x_wconf 78' lang='grc' dir='ltr'>καὶ</span> 
     </span>
    </p>
   </div>
   <div class='ocr_carea' id='block_1_68' title="bbox 396 3620 1972 3710">
    <p class='ocr_par' dir='ltr' id='par_1_68' title="bbox 396 3620 1972 3710">
     <span class='ocr_line' id='line_1_68' title="bbox 396 3620 1972 3710; baseline 0.013 -35"><span class='ocrx_word' id='word_1_472' title='bbox 396 3620 571 3686; x_wconf 77' lang='grc' dir='ltr'>τιθεὶς</span> <span class='ocrx_word' id='word_1_473' title='bbox 617 3622 833 3679; x_wconf 76' lang='grc' dir='ltr'>οίκοθεν</span> <span class='ocrx_word' id='word_1_474' title='bbox 876 3626 956 3698; x_wconf 80' lang='grc' dir='ltr'><strong>(Ι)</strong></span> <span class='ocrx_word' id='word_1_475' title='bbox 997 3630 1183 3695; x_wconf 74' lang='grc' dir='ltr'>αὐτὸς,</span> <span class='ocrx_word' id='word_1_476' title='bbox 1226 3633 1363 3703; x_wconf 81' lang='grc' dir='ltr'>ὅπερ</span> <span class='ocrx_word' id='word_1_477' title='bbox 1410 3634 1700 3701; x_wconf 83' lang='grc' dir='ltr'>ἀσθενείας</span> <span class='ocrx_word' id='word_1_478' title='bbox 1735 3640 1972 3710; x_wconf 78' lang='grc' dir='ltr'>ἐσχάτης</span> 
     </span>
    </p>
   </div>
   <div class='ocr_carea' id='block_1_69' title="bbox 397 3713 1973 3798">
    <p class='ocr_par' dir='ltr' id='par_1_69' title="bbox 397 3713 1973 3798">
     <span class='ocr_line' id='line_1_69' title="bbox 397 3713 1973 3798; baseline 0.01 -30"><span class='ocrx_word' id='word_1_479' title='bbox 397 3713 759 3780; x_wconf 72' lang='grc' dir='ltr'>ἐνδεικτικὸν,</span> <span class='ocrx_word' id='word_1_480' title='bbox 793 3716 928 3779; x_wconf 76' lang='grc' dir='ltr'>ἀλλὰ</span> <span class='ocrx_word' id='word_1_481' title='bbox 987 3720 1079 3771; x_wconf 77' lang='grc' dir='ltr'>καὶ</span> <span class='ocrx_word' id='word_1_482' title='bbox 1121 3722 1259 3790; x_wconf 78' lang='grc' dir='ltr'>μετὰ</span> <span class='ocrx_word' id='word_1_483' title='bbox 1311 3723 1514 3795; x_wconf 80' lang='grc' dir='ltr'>ἄρθρου</span> <span class='ocrx_word' id='word_1_484' title='bbox 1557 3726 1657 3798; x_wconf 78' lang='grc' dir='ltr'><strong>τῆς</strong></span> <span class='ocrx_word' id='word_1_485' title='bbox 1690 3726 1973 3798; x_wconf 82' lang='grc' dir='ltr'>ζητήσεως</span> 
     </span>
    </p>
   </div>
   <div class='ocr_carea' id='block_1_70' title="bbox 395 3806 1973 3891">
    <p class='ocr_par' dir='ltr' id='par_1_70' title="bbox 395 3806 1973 3891">
     <span class='ocr_line' id='line_1_70' title="bbox 395 3806 1973 3891; baseline 0.009 -32"><span class='ocrx_word' id='word_1_486' title='bbox 395 3807 568 3879; x_wconf 79' lang='grc' dir='ltr'>οὔσης</span> <span class='ocrx_word' id='word_1_487' title='bbox 597 3806 768 3873; x_wconf 81' lang='grc' dir='ltr'>δεῖξαι</span> <span class='ocrx_word' id='word_1_488' title='bbox 794 3810 853 3862; x_wconf 72' lang='grc' dir='ltr'>τὸ</span> <span class='ocrx_word' id='word_1_489' title='bbox 878 3811 1135 3865; x_wconf 79' lang='grc' dir='ltr'>ἇκτιστον</span> <span class='ocrx_word' id='word_1_490' title='bbox 1165 3814 1247 3866; x_wconf 85' lang='grc' dir='ltr'><strong>ὅτι</strong></span> <span class='ocrx_word' id='word_1_491' title='bbox 1278 3816 1427 3867; x_wconf 69' lang='grc' dir='ltr'>ἐστὶν</span> <span class='ocrx_word' id='word_1_492' title='bbox 1459 3815 1539 3882; x_wconf 83' lang='grc' dir='ltr'>ἒν,</span> <span class='ocrx_word' id='word_1_493' title='bbox 1564 3818 1770 3889; x_wconf 80' lang='grc' dir='ltr'>ἄρθρου</span> <span class='ocrx_word' id='word_1_494' title='bbox 1802 3822 1973 3891; x_wconf 76' lang='grc' dir='ltr'>χωρὶς</span> 
     </span>
    </p>
   </div>
   <div class='ocr_carea' id='block_1_71' title="bbox 399 3899 1974 3970">
    <p class='ocr_par' dir='ltr' id='par_1_71' title="bbox 399 3899 1974 3970">
     <span class='ocr_line' id='line_1_71' title="bbox 399 3899 1974 3970; baseline 0.008 -19"><span class='ocrx_word' id='word_1_495' title='bbox 399 3899 567 3962; x_wconf 72' lang='grc' dir='ltr'>αὐτὸς</span> <span class='ocrx_word' id='word_1_496' title='bbox 618 3899 1056 3970; x_wconf 84' lang='grc' dir='ltr'>ἀνθυπήνεγκας,</span> <span class='ocrx_word' id='word_1_497' title='bbox 1089 3902 1286 3968; x_wconf 81' lang='grc' dir='ltr'>λέγων,</span> <span class='ocrx_word' id='word_1_498' title='bbox 1320 3904 1417 3967; x_wconf 91' lang='grc' dir='ltr'>Τίς</span> <span class='ocrx_word' id='word_1_499' title='bbox 1447 3908 1545 3961; x_wconf 77' lang='grc' dir='ltr'>οὐκ</span> <span class='ocrx_word' id='word_1_500' title='bbox 1597 3906 1741 3962; x_wconf 75' lang='grc' dir='ltr'>οἶδεν</span> <span class='ocrx_word' id='word_1_501' title='bbox 1784 3912 1867 3963; x_wconf 85' lang='grc' dir='ltr'><strong>ὃτι</strong></span> <span class='ocrx_word' id='word_1_502' title='bbox 1916 3910 1974 3963; x_wconf 78' lang='grc' dir='ltr'>ἓν</span> 
     </span>
    </p>
   </div>
   <div class='ocr_carea' id='block_1_72' title="bbox 400 3990 1976 4071">
    <p class='ocr_par' dir='ltr' id='par_1_72' title="bbox 400 3990 1976 4071">
     <span class='ocr_line' id='line_1_72' title="bbox 400 3990 1976 4071; baseline 0.004 -26"><span class='ocrx_word' id='word_1_503' title='bbox 400 3990 663 4045; x_wconf 81' lang='grc' dir='ltr'>ἇκτιστόν</span> <span class='ocrx_word' id='word_1_504' title='bbox 702 3993 846 4044; x_wconf 77' lang='grc' dir='ltr'>ἐστιν</span> <span class='ocrx_word' id='word_1_505' title='bbox 882 3994 910 4044; x_wconf 86' lang='grc' dir='ltr'>ὁ</span> <span class='ocrx_word' id='word_1_506' title='bbox 947 3993 1108 4058; x_wconf 86' lang='grc' dir='ltr'>Θεός;</span> <span class='ocrx_word' id='word_1_507' title='bbox 1158 3996 1270 4049; x_wconf 84' lang='grc' dir='ltr'><strong>Καὶ</strong></span> <span class='ocrx_word' id='word_1_508' title='bbox 1312 3996 1555 4066; x_wconf 84' lang='grc' dir='ltr'>βεϐαιοῖς</span> <span class='ocrx_word' id='word_1_509' title='bbox 1598 4000 1685 4053; x_wconf 73' lang='grc' dir='ltr'>διὰ</span> <span class='ocrx_word' id='word_1_510' title='bbox 1733 4004 1834 4071; x_wconf 76' lang='grc' dir='ltr'><strong>τῆς</strong></span> <span class='ocrx_word' id='word_1_511' title='bbox 1873 4002 1976 4071; x_wconf 80' lang='grc' dir='ltr'>σῆς</span> 
     </span>
    </p>
   </div>
   <div class='ocr_carea' id='block_1_73' title="bbox 401 4082 1975 4162">
    <p class='ocr_par' dir='ltr' id='par_1_73' title="bbox 401 4082 1975 4162">
     <span class='ocr_line' id='line_1_73' title="bbox 401 4082 1975 4162; baseline 0.008 -28"><span class='ocrx_word' id='word_1_512' title='bbox 401 4082 664 4151; x_wconf 85' lang='grc' dir='ltr'>τοιαύτης</span> <span class='ocrx_word' id='word_1_513' title='bbox 713 4084 1060 4155; x_wconf 84' lang='grc' dir='ltr'>ἀποκρίσεως</span> <span class='ocrx_word' id='word_1_514' title='bbox 1099 4087 1244 4141; x_wconf 87' lang='grc' dir='ltr'>δυοῖν</span> <span class='ocrx_word' id='word_1_515' title='bbox 1296 4089 1608 4162; x_wconf 78' lang='grc' dir='ltr'>θάτερον,ῆ</span> <span class='ocrx_word' id='word_1_516' title='bbox 1658 4094 1739 4144; x_wconf 82' lang='grc' dir='ltr'>ὅτι</span> <span class='ocrx_word' id='word_1_517' title='bbox 1775 4094 1975 4157; x_wconf 82' lang='grc' dir='ltr'>πολλὰς</span> 
     </span>
    </p>
   </div>
   <div class='ocr_carea' id='block_1_74' title="bbox 401 4172 1973 4251">
    <p class='ocr_par' dir='ltr' id='par_1_74' title="bbox 401 4172 1973 4251">
     <span class='ocr_line' id='line_1_74' title="bbox 401 4172 1973 4251; baseline 0.007 -26"><span class='ocrx_word' id='word_1_518' title='bbox 401 4174 496 4225; x_wconf 70' lang='grc' dir='ltr'>καὶ</span> <span class='ocrx_word' id='word_1_519' title='bbox 524 4172 788 4242; x_wconf 77' lang='grc' dir='ltr'>ἀπείρους</span> <span class='ocrx_word' id='word_1_520' title='bbox 824 4175 919 4227; x_wconf 79' lang='grc' dir='ltr'><strong>καὶ</strong></span> <span class='ocrx_word' id='word_1_521' title='bbox 947 4176 1247 4245; x_wconf 81' lang='grc' dir='ltr'>ὕφειμένας</span> <span class='ocrx_word' id='word_1_522' title='bbox 1284 4179 1376 4231; x_wconf 76' lang='grc' dir='ltr'><strong>καὶ</strong></span> <span class='ocrx_word' id='word_1_523' title='bbox 1407 4179 1703 4251; x_wconf 83' lang='grc' dir='ltr'>διαφόρους</span> <span class='ocrx_word' id='word_1_524' title='bbox 1732 4181 1973 4247; x_wconf 81' lang='grc' dir='ltr'>δοξάζων</span> 
     </span>
    </p>
   </div>
   <div class='ocr_carea' id='block_1_75' title="bbox 412 4265 1977 4339">
    <p class='ocr_par' dir='ltr' id='par_1_75' title="bbox 412 4265 1977 4339">
     <span class='ocr_line' id='line_1_75' title="bbox 412 4265 1977 4339; baseline 0.007 -20"><span class='ocrx_word' id='word_1_525' title='bbox 412 4265 669 4335; x_wconf 62' lang='grc' dir='ltr'><strong>⁴νεότηαιςας</strong></span> <span class='ocrx_word' id='word_1_526' title='bbox 706 4267 999 4329; x_wconf 84' lang='grc' dir='ltr'>ἀκτίστους</span> <span class='ocrx_word' id='word_1_527' title='bbox 1028 4268 1217 4339; x_wconf 81' lang='grc' dir='ltr'>ὥσπερ</span> <span class='ocrx_word' id='word_1_528' title='bbox 1256 4271 1402 4325; x_wconf 85' lang='grc' dir='ltr'>ίδέαν</span> <span class='ocrx_word' id='word_1_529' title='bbox 1426 4273 1549 4326; x_wconf 76' lang='grc' dir='ltr'>τινὰ</span> <span class='ocrx_word' id='word_1_530' title='bbox 1576 4275 1635 4327; x_wconf 67' lang='grc' dir='ltr'>τὸ</span> <span class='ocrx_word' id='word_1_531' title='bbox 1675 4276 1809 4339; x_wconf 72' lang='grc' dir='ltr'>Θεὸς</span> <span class='ocrx_word' id='word_1_532' title='bbox 1837 4271 1977 4330; x_wconf 77' lang='grc' dir='ltr'>εῖναι</span> 
     </span>
    </p>
   </div>
   <div class='ocr_carea' id='block_1_76' title="bbox 402 4358 1977 4438">
    <p class='ocr_par' dir='ltr' id='par_1_76' title="bbox 402 4358 1977 4438">
     <span class='ocr_line' id='line_1_76' title="bbox 402 4358 1977 4438; baseline 0.006 -29"><span class='ocrx_word' id='word_1_533' title='bbox 402 4358 585 4426; x_wconf 74' lang='grc' dir='ltr'>λέγεις</span> <span class='ocrx_word' id='word_1_534' title='bbox 609 4358 782 4427; x_wconf 76' lang='grc' dir='ltr'>ὄνομα</span> <span class='ocrx_word' id='word_1_535' title='bbox 812 4359 1070 4413; x_wconf 76' lang='grc' dir='ltr'>ἄκτιστον</span> <span class='ocrx_word' id='word_1_536' title='bbox 1113 4364 1206 4416; x_wconf 75' lang='grc' dir='ltr'>καὶ</span> <span class='ocrx_word' id='word_1_537' title='bbox 1243 4361 1473 4432; x_wconf 74' lang='grc' dir='ltr'>θεότητα</span> <span class='ocrx_word' id='word_1_538' title='bbox 1516 4365 1654 4434; x_wconf 85' lang='grc' dir='ltr'>πρὸς</span> <span class='ocrx_word' id='word_1_539' title='bbox 1683 4366 1977 4438; x_wconf 81' lang='grc' dir='ltr'>διαφόρους</span> 
     </span>
    </p>
   </div>
   <div class='ocr_carea' id='block_1_77' title="bbox 405 4450 1982 4531">
    <p class='ocr_par' dir='ltr' id='par_1_77' title="bbox 405 4450 1982 4531">
     <span class='ocr_line' id='line_1_77' title="bbox 405 4450 1982 4531; baseline 0.008 -30"><span class='ocrx_word' id='word_1_540' title='bbox 405 4450 669 4519; x_wconf 81' lang='grc' dir='ltr'>θεότητας</span> <span class='ocrx_word' id='word_1_541' title='bbox 704 4450 1064 4522; x_wconf 75' lang='grc' dir='ltr'>μεριζόμενον</span> <span class='ocrx_word' id='word_1_542' title='bbox 1109 4452 1407 4524; x_wconf 75' lang='grc' dir='ltr'>ἀπειράκις</span> <span class='ocrx_word' id='word_1_543' title='bbox 1448 4456 1694 4527; x_wconf 78' lang='grc' dir='ltr'>ἀπείρως</span> <span class='ocrx_word' id='word_1_544' title='bbox 1723 4458 1982 4531; x_wconf 77' lang='grc' dir='ltr'>ὑπερκει-</span> 
     </span>
    </p>
   </div>
   <div class='ocr_carea' id='block_1_78' title="bbox 408 4543 1981 4616">
    <p class='ocr_par' dir='ltr' id='par_1_78' title="bbox 408 4543 1981 4616">
     <span class='ocr_line' id='line_1_78' title="bbox 408 4543 1981 4616; baseline 0.006 -21"><span class='ocrx_word' id='word_1_545' title='bbox 408 4545 575 4609; x_wconf 82' lang='grc' dir='ltr'>μένας</span> <span class='ocrx_word' id='word_1_546' title='bbox 610 4543 707 4595; x_wconf 79' lang='grc' dir='ltr'><strong>καὶ</strong></span> <span class='ocrx_word' id='word_1_547' title='bbox 751 4543 1076 4613; x_wconf 76' lang='grc' dir='ltr'>ὕφειμένας,</span> <span class='ocrx_word' id='word_1_548' title='bbox 1113 4545 1304 4616; x_wconf 83' lang='grc' dir='ltr'>ὥσπερ</span> <span class='ocrx_word' id='word_1_549' title='bbox 1340 4548 1401 4599; x_wconf 81' lang='grc' dir='ltr'><strong>τὸ</strong></span> <span class='ocrx_word' id='word_1_550' title='bbox 1451 4548 1687 4603; x_wconf 84' lang='grc' dir='ltr'>καθόλου</span> <span class='ocrx_word' id='word_1_551' title='bbox 1722 4549 1864 4614; x_wconf 78' lang='grc' dir='ltr'>ζῶον</span> <span class='ocrx_word' id='word_1_552' title='bbox 1900 4552 1981 4614; x_wconf 83' lang='grc' dir='ltr'><strong>είς</strong></span> 
     </span>
    </p>
   </div>
   <div class='ocr_carea' id='block_1_79' title="bbox 402 4636 1977 4711">
    <p class='ocr_par' dir='ltr' id='par_1_79' title="bbox 402 4636 1977 4711">
     <span class='ocr_line' id='line_1_79' title="bbox 402 4636 1977 4711; baseline 0.005 -24"><span class='ocrx_word' id='word_1_553' title='bbox 402 4636 639 4705; x_wconf 81' lang='grc' dir='ltr'>διάφορα</span> <span class='ocrx_word' id='word_1_554' title='bbox 693 4636 791 4707; x_wconf 75' lang='grc' dir='ltr'><strong>τὴν</strong></span> <span class='ocrx_word' id='word_1_555' title='bbox 856 4637 1020 4705; x_wconf 78' lang='grc' dir='ltr'>φύσιν</span> <span class='ocrx_word' id='word_1_556' title='bbox 1075 4637 1212 4708; x_wconf 80' lang='grc' dir='ltr'>εἴδη,</span> <span class='ocrx_word' id='word_1_557' title='bbox 1263 4637 1459 4708; x_wconf 87' lang='grc' dir='ltr'>λογικά</span> <span class='ocrx_word' id='word_1_558' title='bbox 1507 4659 1567 4695; x_wconf 85' lang='grc' dir='ltr'><strong>τε</strong></span> <span class='ocrx_word' id='word_1_559' title='bbox 1628 4645 1725 4697; x_wconf 73' lang='grc' dir='ltr'>καὶ</span> <span class='ocrx_word' id='word_1_560' title='bbox 1781 4644 1977 4711; x_wconf 80' lang='grc' dir='ltr'>ἄλογα,</span> 
     </span>
    </p>
   </div>
   <div class='ocr_carea' id='block_1_80' title="bbox 2076 3439 3651 3520">
    <p class='ocr_par' dir='ltr' id='par_1_80' title="bbox 2076 3439 3651 3520">
     <span class='ocr_line' id='line_1_80' title="bbox 2076 3439 3651 3520; baseline -0.014 -9"><span class='ocrx_word' id='word_1_561' title='bbox 2076 3459 2271 3518; x_wconf 86' lang='lat' dir='ltr'><strong>latere.</strong></span> <span class='ocrx_word' id='word_1_562' title='bbox 2310 3453 2404 3509; x_wconf 89' lang='lat' dir='ltr'><strong>sed</strong></span> <span class='ocrx_word' id='word_1_563' title='bbox 2441 3469 2548 3506; x_wconf 91' lang='lat' dir='ltr'><strong>non</strong></span> <span class='ocrx_word' id='word_1_564' title='bbox 2591 3451 2787 3520; x_wconf 85' lang='lat' dir='ltr'><strong>possis.</strong></span> <span class='ocrx_word' id='word_1_565' title='bbox 2822 3448 3037 3502; x_wconf 86' lang='lat' dir='ltr'><strong>Etenim</strong></span> <span class='ocrx_word' id='word_1_566' title='bbox 3074 3445 3309 3514; x_wconf 86' lang='lat' dir='ltr'><strong>primum</strong></span> <span class='ocrx_word' id='word_1_567' title='bbox 3344 3439 3651 3509; x_wconf 81' lang='lat' dir='ltr'><strong>deprehen-</strong></span> 
     </span>
    </p>
   </div>
   <div class='ocr_carea' id='block_1_81' title="bbox 2077 3540 3649 3609">
    <p class='ocr_par' dir='ltr' id='par_1_81' title="bbox 2077 3540 3649 3609">
     <span class='ocr_line' id='line_1_81' title="bbox 2077 3540 3649 3609; baseline -0.015 -5"><span class='ocrx_word' id='word_1_568' title='bbox 2077 3563 2170 3604; x_wconf 91' lang='lat' dir='ltr'><strong>sus</strong></span> <span class='ocrx_word' id='word_1_569' title='bbox 2202 3562 2263 3602; x_wconf 90' lang='lat' dir='ltr'><strong>es</strong></span> <span class='ocrx_word' id='word_1_570' title='bbox 2290 3546 2381 3601; x_wconf 84' lang='lat' dir='ltr'><strong>hic</strong></span> <span class='ocrx_word' id='word_1_571' title='bbox 2420 3562 2527 3598; x_wconf 87' lang='lat' dir='ltr'><strong>non</strong></span> <span class='ocrx_word' id='word_1_572' title='bbox 2565 3543 2729 3597; x_wconf 88' lang='lat' dir='ltr'><strong>modo</strong></span> <span class='ocrx_word' id='word_1_573' title='bbox 2758 3557 2823 3595; x_wconf 65' lang='lat' dir='ltr'><strong>cx</strong></span> <span class='ocrx_word' id='word_1_574' title='bbox 2869 3540 3129 3609; x_wconf 88' lang='lat' dir='ltr'><strong>opinione</strong></span> <span class='ocrx_word' id='word_1_575' title='bbox 3173 3549 3313 3589; x_wconf 88' lang='lat' dir='ltr'><strong>vana</strong></span> <span class='ocrx_word' id='word_1_576' title='bbox 3363 3544 3649 3587; x_wconf 82' lang='lat' dir='ltr'><strong>assumens</strong></span> 
     </span>
    </p>
   </div>
   <div class='ocr_carea' id='block_1_82' title="bbox 2075 3624 3647 3711">
    <p class='ocr_par' dir='ltr' id='par_1_82' title="bbox 2075 3624 3647 3711">
     <span class='ocr_line' id='line_1_82' title="bbox 2075 3624 3647 3711; baseline -0.013 -16"><span class='ocrx_word' id='word_1_577' title='bbox 2075 3650 2131 3697; x_wconf 89' lang='lat' dir='ltr'><strong>et</strong></span> <span class='ocrx_word' id='word_1_578' title='bbox 2157 3654 2495 3711; x_wconf 84' lang='lat' dir='ltr'><strong>proponens,</strong></span> <span class='ocrx_word' id='word_1_579' title='bbox 2547 3636 2601 3689; x_wconf 89' lang='lat' dir='ltr'><strong>id</strong></span> <span class='ocrx_word' id='word_1_580' title='bbox 2633 3633 2778 3705; x_wconf 85' lang='lat' dir='ltr'><strong>quod</strong></span> <span class='ocrx_word' id='word_1_581' title='bbox 2821 3643 3078 3688; x_wconf 72' lang='lat' dir='ltr'><strong>extremae</strong></span> <span class='ocrx_word' id='word_1_582' title='bbox 3132 3624 3530 3683; x_wconf 84' lang='lat' dir='ltr'><strong>imbecillitatis</strong></span> <span class='ocrx_word' id='word_1_583' title='bbox 3566 3632 3647 3675; x_wconf 80' lang='lat' dir='ltr'><strong>est</strong></span> 
     </span>
    </p>
   </div>
   <div class='ocr_carea' id='block_1_83' title="bbox 2076 3718 3646 3793">
    <p class='ocr_par' dir='ltr' id='par_1_83' title="bbox 2076 3718 3646 3793">
     <span class='ocr_line' id='line_1_83' title="bbox 2076 3718 3646 3793; baseline -0.016 -6"><span class='ocrx_word' id='word_1_584' title='bbox 2076 3732 2497 3793; x_wconf 90' lang='lat' dir='ltr'><strong>documentum,</strong></span> <span class='ocrx_word' id='word_1_585' title='bbox 2522 3727 2618 3782; x_wconf 89' lang='lat' dir='ltr'><strong>sed</strong></span> <span class='ocrx_word' id='word_1_586' title='bbox 2642 3725 2832 3790; x_wconf 88' lang='lat' dir='ltr'><strong>etiam,</strong></span> <span class='ocrx_word' id='word_1_587' title='bbox 2857 3740 2981 3779; x_wconf 91' lang='lat' dir='ltr'><strong>cum</strong></span> <span class='ocrx_word' id='word_1_588' title='bbox 3016 3730 3208 3792; x_wconf 83' lang='lat' dir='ltr'><strong>agatur</strong></span> <span class='ocrx_word' id='word_1_589' title='bbox 3240 3738 3258 3769; x_wconf 75' lang='grc' dir='ltr'><strong>ι</strong></span> <span class='ocrx_word' id='word_1_590' title='bbox 3294 3718 3602 3771; x_wconf 76' lang='lat' dir='ltr'><strong>increatuin</strong></span> <span class='ocrx_word' id='word_1_591' title='bbox 3629 3731 3646 3762; x_wconf 77' lang='grc' dir='ltr'><strong>ι</strong></span> 
     </span>
    </p>
   </div>
   <div class='ocr_carea' id='block_1_84' title="bbox 2078 3805 3651 3886">
    <p class='ocr_par' dir='ltr' id='par_1_84' title="bbox 2078 3805 3651 3886">
     <span class='ocr_line' id='line_1_84' title="bbox 2078 3805 3651 3886; baseline -0.017 -8"><span class='ocrx_word' id='word_1_592' title='bbox 2078 3838 2201 3879; x_wconf 89' lang='lat' dir='ltr'><strong>cum</strong></span> <span class='ocrx_word' id='word_1_593' title='bbox 2240 3820 2477 3874; x_wconf 87' lang='lat' dir='ltr'><strong>articulo</strong></span> <span class='ocrx_word' id='word_1_594' title='bbox 2512 3820 2892 3886; x_wconf 75' lang='lat' dir='ltr'><strong>coniunctum,</strong></span> <span class='ocrx_word' id='word_1_595' title='bbox 2925 3824 2985 3867; x_wconf 90' lang='lat' dir='ltr'><strong>ut</strong></span> <span class='ocrx_word' id='word_1_596' title='bbox 3009 3813 3269 3866; x_wconf 90' lang='lat' dir='ltr'><strong>nimirum</strong></span> <span class='ocrx_word' id='word_1_597' title='bbox 3301 3805 3651 3865; x_wconf 74' lang='lat' dir='ltr'><strong>ostendatur,</strong></span> 
     </span>
    </p>
   </div>
   <div class='ocr_carea' id='block_1_85' title="bbox 2078 3892 3652 3983">
    <p class='ocr_par' dir='ltr' id='par_1_85' title="bbox 2078 3892 3652 3983">
     <span class='ocr_line' id='line_1_85' title="bbox 2078 3892 3652 3983; baseline -0.012 -17"><span class='ocrx_word' id='word_1_598' title='bbox 2078 3913 2381 3983; x_wconf 72' lang='lat' dir='ltr'><strong>int-reatum</strong></span> <span class='ocrx_word' id='word_1_599' title='bbox 2430 3923 2556 3962; x_wconf 88' lang='lat' dir='ltr'><strong>esse</strong></span> <span class='ocrx_word' id='word_1_600' title='bbox 2603 3922 2794 3968; x_wconf 88' lang='lat' dir='ltr'><strong>nnmn,</strong></span> <span class='ocrx_word' id='word_1_601' title='bbox 2854 3916 2907 3957; x_wconf 91' lang='lat' dir='ltr'><strong>tu</strong></span> <span class='ocrx_word' id='word_1_602' title='bbox 2973 3892 3205 3956; x_wconf 66' lang='lat' dir='ltr'><strong>articulo</strong></span> <span class='ocrx_word' id='word_1_603' title='bbox 3251 3900 3494 3966; x_wconf 75' lang='lat' dir='ltr'><strong>neglecto</strong></span> <span class='ocrx_word' id='word_1_604' title='bbox 3536 3895 3652 3962; x_wconf 74' lang='lat' dir='ltr'><strong>ipse</strong></span> 
     </span>
    </p>
   </div>
   <div class='ocr_carea' id='block_1_86' title="bbox 2077 3993 3652 4075">
    <p class='ocr_par' dir='ltr' id='par_1_86' title="bbox 2077 3993 3652 4075">
     <span class='ocr_line' id='line_1_86' title="bbox 2077 3993 3652 4075; baseline -0.015 -16"><span class='ocrx_word' id='word_1_605' title='bbox 2077 4003 2326 4075; x_wconf 74' lang='lat' dir='ltr'><strong>obiecisti</strong></span> <span class='ocrx_word' id='word_1_606' title='bbox 2364 4002 2480 4056; x_wconf 70' lang='lat' dir='ltr'><strong>lucc</strong></span> <span class='ocrx_word' id='word_1_607' title='bbox 2510 4019 2523 4053; x_wconf 89' lang='lat'><strong>:</strong></span> <span class='ocrx_word' id='word_1_608' title='bbox 2561 3999 2693 4065; x_wconf 89' lang='lat' dir='ltr'><strong>Quis</strong></span> <span class='ocrx_word' id='word_1_609' title='bbox 2720 3997 2955 4067; x_wconf 83' lang='lat' dir='ltr'><strong>ignorat,</strong></span> <span class='ocrx_word' id='word_1_610' title='bbox 2983 4010 3149 4049; x_wconf 88' lang='lat' dir='ltr'><strong>unum</strong></span> <span class='ocrx_word' id='word_1_611' title='bbox 3196 3993 3497 4044; x_wconf 87' lang='lat' dir='ltr'><strong>increatum</strong></span> <span class='ocrx_word' id='word_1_612' title='bbox 3528 4000 3652 4041; x_wconf 86' lang='lat' dir='ltr'><strong>esse</strong></span> 
     </span>
    </p>
   </div>
   <div class='ocr_carea' id='block_1_87' title="bbox 2077 4082 3642 4156">
    <p class='ocr_par' dir='ltr' id='par_1_87' title="bbox 2077 4082 3642 4156">
     <span class='ocr_line' id='line_1_87' title="bbox 2077 4082 3642 4156; baseline -0.014 -5"><span class='ocrx_word' id='word_1_613' title='bbox 2077 4093 2291 4151; x_wconf 83' lang='lat' dir='ltr'><strong>Deum?</strong></span> <span class='ocrx_word' id='word_1_614' title='bbox 2337 4094 2399 4147; x_wconf 87' lang='lat' dir='ltr'><strong>Et</strong></span> <span class='ocrx_word' id='word_1_615' title='bbox 2450 4090 2687 4145; x_wconf 80' lang='lat' dir='ltr'><strong>aﬂirinas</strong></span> <span class='ocrx_word' id='word_1_616' title='bbox 2738 4088 2827 4142; x_wconf 91' lang='lat' dir='ltr'><strong>tali</strong></span> <span class='ocrx_word' id='word_1_617' title='bbox 2883 4085 3236 4156; x_wconf 89' lang='lat' dir='ltr'><strong>responsione</strong></span> <span class='ocrx_word' id='word_1_618' title='bbox 3278 4082 3642 4135; x_wconf 85' lang='lat' dir='ltr'><strong>alterutrum:</strong></span> 
     </span>
    </p>
   </div>
   <div class='ocr_carea' id='block_1_88' title="bbox 2078 4172 3656 4244">
    <p class='ocr_par' dir='ltr' id='par_1_88' title="bbox 2078 4172 3656 4244">
     <span class='ocr_line' id='line_1_88' title="bbox 2078 4172 3656 4244; baseline -0.013 0"><span class='ocrx_word' id='word_1_619' title='bbox 2078 4199 2174 4244; x_wconf 91' lang='lat' dir='ltr'><strong>aut</strong></span> <span class='ocrx_word' id='word_1_620' title='bbox 2229 4188 2375 4243; x_wconf 89' lang='lat' dir='ltr'><strong>enim</strong></span> <span class='ocrx_word' id='word_1_621' title='bbox 2432 4195 2488 4240; x_wconf 92' lang='lat' dir='ltr'><strong>et</strong></span> <span class='ocrx_word' id='word_1_622' title='bbox 2554 4183 2796 4239; x_wconf 81' lang='lat' dir='ltr'><strong>inﬁnitas</strong></span> <span class='ocrx_word' id='word_1_623' title='bbox 2848 4189 2904 4236; x_wconf 83' lang='lat' dir='ltr'><strong>et</strong></span> <span class='ocrx_word' id='word_1_624' title='bbox 2953 4176 3255 4235; x_wconf 89' lang='lat' dir='ltr'><strong>submissas</strong></span> <span class='ocrx_word' id='word_1_625' title='bbox 3300 4185 3355 4229; x_wconf 89' lang='lat' dir='ltr'><strong>et</strong></span> <span class='ocrx_word' id='word_1_626' title='bbox 3407 4172 3656 4225; x_wconf 81' lang='lat' dir='ltr'><strong>diversas</strong></span> 
     </span>
    </p>
   </div>
   <div class='ocr_carea' id='block_1_89' title="bbox 2080 4268 3671 4344">
    <p class='ocr_par' dir='ltr' id='par_1_89' title="bbox 2080 4268 3671 4344">
     <span class='ocr_line' id='line_1_89' title="bbox 2080 4268 3671 4344; baseline -0.015 -10"><span class='ocrx_word' id='word_1_627' title='bbox 2080 4282 2310 4334; x_wconf 88' lang='lat' dir='ltr'><strong>credens</strong></span> <span class='ocrx_word' id='word_1_628' title='bbox 2358 4291 2478 4332; x_wconf 89' lang='lat' dir='ltr'><strong>esse</strong></span> <span class='ocrx_word' id='word_1_629' title='bbox 2537 4273 2703 4344; x_wconf 81' lang='lat'><strong>280</strong></span> <span class='ocrx_word' id='word_1_630' title='bbox 2756 4271 2995 4326; x_wconf 88' lang='lat' dir='ltr'><strong>Deitates</strong></span> <span class='ocrx_word' id='word_1_631' title='bbox 3061 4268 3332 4321; x_wconf 88' lang='lat' dir='ltr'><strong>increatas</strong></span> <span class='ocrx_word' id='word_1_632' title='bbox 3398 4271 3671 4329; x_wconf 77' lang='lat' dir='ltr'><strong>tanquam</strong></span> 
     </span>
    </p>
   </div>
   <div class='ocr_carea' id='block_1_90' title="bbox 2081 4354 3656 4446">
    <p class='ocr_par' dir='ltr' id='par_1_90' title="bbox 2081 4354 3656 4446">
     <span class='ocr_line' id='line_1_90' title="bbox 2081 4354 3656 4446; baseline -0.016 -16"><span class='ocrx_word' id='word_1_633' title='bbox 2081 4390 2255 4446; x_wconf 83' lang='lat' dir='ltr'><strong>genus</strong></span> <span class='ocrx_word' id='word_1_634' title='bbox 2284 4371 2559 4441; x_wconf 90' lang='lat' dir='ltr'><strong>quoddam</strong></span> <span class='ocrx_word' id='word_1_635' title='bbox 2609 4365 2898 4423; x_wconf 86' lang='lat' dir='ltr'><strong>contendis</strong></span> <span class='ocrx_word' id='word_1_636' title='bbox 2941 4364 3111 4417; x_wconf 86' lang='lat' dir='ltr'><strong>Deum</strong></span> <span class='ocrx_word' id='word_1_637' title='bbox 3156 4376 3276 4416; x_wconf 86' lang='lat' dir='ltr'><strong>esse</strong></span> <span class='ocrx_word' id='word_1_638' title='bbox 3314 4373 3511 4411; x_wconf 84' lang='lat' dir='ltr'><strong>nomen</strong></span> <span class='ocrx_word' id='word_1_639' title='bbox 3569 4354 3656 4408; x_wconf 83' lang='lat' dir='ltr'><strong>in-</strong></span> 
     </span>
    </p>
   </div>
   <div class='ocr_carea' id='block_1_91' title="bbox 2081 4446 3662 4520">
    <p class='ocr_par' dir='ltr' id='par_1_91' title="bbox 2081 4446 3662 4520">
     <span class='ocr_line' id='line_1_91' title="bbox 2081 4446 3662 4520; baseline -0.015 -1"><span class='ocrx_word' id='word_1_640' title='bbox 2081 4475 2331 4520; x_wconf 85' lang='lat' dir='ltr'><strong>creatum</strong></span> <span class='ocrx_word' id='word_1_641' title='bbox 2363 4472 2418 4517; x_wconf 90' lang='lat' dir='ltr'><strong>et</strong></span> <span class='ocrx_word' id='word_1_642' title='bbox 2445 4459 2790 4515; x_wconf 86' lang='lat' dir='ltr'><strong>divinitatem</strong></span> <span class='ocrx_word' id='word_1_643' title='bbox 2842 4454 3078 4509; x_wconf 86' lang='lat' dir='ltr'><strong>divisum</strong></span> <span class='ocrx_word' id='word_1_644' title='bbox 3128 4451 3429 4507; x_wconf 74' lang='lat' dir='ltr'><strong>sexcenties</strong></span> <span class='ocrx_word' id='word_1_645' title='bbox 3471 4451 3523 4502; x_wconf 91' lang='lat' dir='ltr'><strong>in</strong></span> <span class='ocrx_word' id='word_1_646' title='bbox 3572 4446 3662 4499; x_wconf 83' lang='lat' dir='ltr'><strong>di-</strong></span> 
     </span>
    </p>
   </div>
   <div class='ocr_carea' id='block_1_92' title="bbox 2083 4542 3660 4618">
    <p class='ocr_par' dir='ltr' id='par_1_92' title="bbox 2083 4542 3660 4618">
     <span class='ocr_line' id='line_1_92' title="bbox 2083 4542 3660 4618; baseline -0.01 -8"><span class='ocrx_word' id='word_1_647' title='bbox 2083 4569 2276 4611; x_wconf 83' lang='lat' dir='ltr'><strong>versas</strong></span> <span class='ocrx_word' id='word_1_648' title='bbox 2347 4552 2667 4607; x_wconf 85' lang='lat' dir='ltr'><strong>divinitatcs</strong></span> <span class='ocrx_word' id='word_1_649' title='bbox 2714 4547 3003 4618; x_wconf 85' lang='lat' dir='ltr'><strong>impositas</strong></span> <span class='ocrx_word' id='word_1_650' title='bbox 3048 4554 3103 4598; x_wconf 89' lang='lat' dir='ltr'><strong>et</strong></span> <span class='ocrx_word' id='word_1_651' title='bbox 3158 4544 3479 4606; x_wconf 82' lang='lat' dir='ltr'><strong>submissas,</strong></span> <span class='ocrx_word' id='word_1_652' title='bbox 3513 4542 3660 4597; x_wconf 83' lang='lat' dir='ltr'><strong>sicut</strong></span> 
     </span>
    </p>
   </div>
   <div class='ocr_carea' id='block_1_93' title="bbox 2085 4638 3655 4706">
    <p class='ocr_par' dir='ltr' id='par_1_93' title="bbox 2085 4638 3655 4706">
     <span class='ocr_line' id='line_1_93' title="bbox 2085 4638 3655 4706; baseline -0.008 -4"><span class='ocrx_word' id='word_1_653' title='bbox 2085 4647 2291 4702; x_wconf 81' lang='lat' dir='ltr'><strong>animal</strong></span> <span class='ocrx_word' id='word_1_654' title='bbox 2326 4646 2379 4699; x_wconf 88' lang='lat' dir='ltr'><strong>in</strong></span> <span class='ocrx_word' id='word_1_655' title='bbox 2403 4643 2720 4698; x_wconf 87' lang='lat' dir='ltr'><strong>universum</strong></span> <span class='ocrx_word' id='word_1_656' title='bbox 2754 4641 2806 4694; x_wconf 89' lang='lat' dir='ltr'><strong>in</strong></span> <span class='ocrx_word' id='word_1_657' title='bbox 2839 4639 3091 4693; x_wconf 83' lang='lat' dir='ltr'><strong>diversas</strong></span> <span class='ocrx_word' id='word_1_658' title='bbox 3113 4638 3256 4706; x_wconf 84' lang='lat' dir='ltr'><strong>quod</strong></span> <span class='ocrx_word' id='word_1_659' title='bbox 3299 4638 3364 4689; x_wconf 82' lang='lat' dir='ltr'><strong>ad</strong></span> <span class='ocrx_word' id='word_1_660' title='bbox 3405 4644 3655 4689; x_wconf 86' lang='lat' dir='ltr'><strong>naturam</strong></span> 
     </span>
    </p>
   </div>
   <div class='ocr_carea' id='block_1_94' title="bbox 406 4716 1965 4807">
    <p class='ocr_par' dir='ltr' id='par_1_94' title="bbox 406 4729 1965 4807">
     <span class='ocr_line' id='line_1_94' title="bbox 406 4729 1965 4807; baseline 0.006 -26"><span class='ocrx_word' id='word_1_661' title='bbox 406 4729 605 4798; x_wconf 75' lang='grc' dir='ltr'>ἔνυδρά</span> <span class='ocrx_word' id='word_1_662' title='bbox 636 4744 696 4780; x_wconf 75' lang='grc' dir='ltr'><strong>τε</strong></span> <span class='ocrx_word' id='word_1_663' title='bbox 723 4731 818 4782; x_wconf 81' lang='grc' dir='ltr'>καὶ</span> <span class='ocrx_word' id='word_1_664' title='bbox 856 4730 1083 4799; x_wconf 77' lang='grc' dir='ltr'>ἄνυδρα,</span> <span class='ocrx_word' id='word_1_665' title='bbox 1116 4734 1346 4802; x_wconf 82' lang='grc' dir='ltr'>χερσαῖά</span> <span class='ocrx_word' id='word_1_666' title='bbox 1384 4752 1443 4786; x_wconf 83' lang='grc' dir='ltr'><strong>τε</strong></span> <span class='ocrx_word' id='word_1_667' title='bbox 1479 4736 1575 4789; x_wconf 71' lang='grc' dir='ltr'>καὶ</span> <span class='ocrx_word' id='word_1_668' title='bbox 1608 4737 1849 4807; x_wconf 79' lang='grc' dir='ltr'>αἰθέρια,</span> <span class='ocrx_word' id='word_1_669' title='bbox 1880 4738 1965 4790; x_wconf 65' lang='grc' dir='ltr'><strong>οὐ)</strong></span> 
     </span>
    </p>
   </div>
   <div class='ocr_carea' id='block_1_95' title="bbox 2072 4716 3654 4807">
    <p class='ocr_par' dir='ltr' id='par_1_95' title="bbox 2088 4727 3654 4806">
     <span class='ocr_line' id='line_1_95' title="bbox 2088 4727 3654 4806; baseline -0.008 -14"><span class='ocrx_word' id='word_1_670' title='bbox 2088 4739 2285 4793; x_wconf 87' lang='lat' dir='ltr'><strong>attinet</strong></span> <span class='ocrx_word' id='word_1_671' title='bbox 2310 4734 2542 4806; x_wconf 84' lang='lat' dir='ltr'><strong>species,</strong></span> <span class='ocrx_word' id='word_1_672' title='bbox 2571 4731 2831 4787; x_wconf 85' lang='lat' dir='ltr'><strong>animalia</strong></span> <span class='ocrx_word' id='word_1_673' title='bbox 2879 4730 3140 4784; x_wconf 86' lang='lat' dir='ltr'><strong>nimirum</strong></span> <span class='ocrx_word' id='word_1_674' title='bbox 3181 4728 3394 4781; x_wconf 85' lang='lat' dir='ltr'><strong>ratione</strong></span> <span class='ocrx_word' id='word_1_675' title='bbox 3431 4727 3654 4795; x_wconf 71' lang='lat' dir='ltr'><strong>praedita</strong></span> 
     </span>
    </p>
   </div>
   <div class='ocr_carea' id='block_1_96' title="bbox 406 4822 1981 4901">
    <p class='ocr_par' dir='ltr' id='par_1_96' title="bbox 406 4822 1981 4901">
     <span class='ocr_line' id='line_1_96' title="bbox 406 4822 1981 4901; baseline 0.006 -26"><span class='ocrx_word' id='word_1_676' title='bbox 406 4823 565 4886; x_wconf 79' lang='grc' dir='ltr'>εἰδὼς</span> <span class='ocrx_word' id='word_1_677' title='bbox 602 4823 686 4875; x_wconf 78' lang='grc' dir='ltr'><strong>ὅτι</strong></span> <span class='ocrx_word' id='word_1_678' title='bbox 717 4822 778 4876; x_wconf 84' lang='grc' dir='ltr'><strong>τὸ</strong></span> <span class='ocrx_word' id='word_1_679' title='bbox 799 4823 956 4876; x_wconf 75' lang='grc' dir='ltr'>Θεῐον</span> <span class='ocrx_word' id='word_1_680' title='bbox 979 4824 1189 4878; x_wconf 80' lang='grc' dir='ltr'>ἁπλοῦν</span> <span class='ocrx_word' id='word_1_681' title='bbox 1225 4826 1285 4881; x_wconf 83' lang='grc' dir='ltr'><strong>δν</strong></span> <span class='ocrx_word' id='word_1_682' title='bbox 1326 4827 1420 4880; x_wconf 76' lang='grc' dir='ltr'>καὶ</span> <span class='ocrx_word' id='word_1_683' title='bbox 1445 4829 1738 4900; x_wconf 78' lang='grc' dir='ltr'>ἀσώματον</span> <span class='ocrx_word' id='word_1_684' title='bbox 1770 4833 1981 4901; x_wconf 81' lang='grc' dir='ltr'>ἀμερὲς</span> 
     </span>
    </p>
   </div>
   <div class='ocr_carea' id='block_1_97' title="bbox 407 4914 1982 4989">
    <p class='ocr_par' dir='ltr' id='par_1_97' title="bbox 407 4914 1982 4989">
     <span class='ocr_line' id='line_1_97' title="bbox 407 4914 1982 4989; baseline 0.006 -23"><span class='ocrx_word' id='word_1_685' title='bbox 407 4915 469 4978; x_wconf 73' lang='grc' dir='ltr'><strong>ἐξ</strong></span> <span class='ocrx_word' id='word_1_686' title='bbox 508 4914 759 4983; x_wconf 78' lang='grc' dir='ltr'>ἀνάγκης</span> <span class='ocrx_word' id='word_1_687' title='bbox 782 4917 918 4981; x_wconf 76' lang='grc' dir='ltr'>ἐστὶ,</span> <span class='ocrx_word' id='word_1_688' title='bbox 940 4918 1035 4968; x_wconf 77' lang='grc' dir='ltr'>καὶ</span> <span class='ocrx_word' id='word_1_689' title='bbox 1064 4917 1185 4969; x_wconf 80' lang='grc' dir='ltr'>οὐδὲ</span> <span class='ocrx_word' id='word_1_690' title='bbox 1218 4918 1390 4971; x_wconf 81' lang='grc' dir='ltr'>πολλὰ</span> <span class='ocrx_word' id='word_1_691' title='bbox 1422 4922 1669 4989; x_wconf 75' lang='grc' dir='ltr'>μογήσας</span> <span class='ocrx_word' id='word_1_692' title='bbox 1692 4939 1775 4985; x_wconf 85' lang='grc' dir='ltr'><strong>τις</strong></span> <span class='ocrx_word' id='word_1_693' title='bbox 1808 4923 1982 4987; x_wconf 82' lang='grc' dir='ltr'>δεῖξαι</span> 
     </span>
    </p>
   </div>
   <div class='ocr_carea' id='block_1_98' title="bbox 408 5002 1983 5080">
    <p class='ocr_par' dir='ltr' id='par_1_98' title="bbox 408 5002 1983 5080">
     <span class='ocr_line' id='line_1_98' title="bbox 408 5002 1983 5080; baseline 0.006 -26"><span class='ocrx_word' id='word_1_694' title='bbox 408 5002 667 5073; x_wconf 80' lang='grc' dir='ltr'>δυνηθείη</span> <span class='ocrx_word' id='word_1_695' title='bbox 701 5002 767 5055; x_wconf 86' lang='grc' dir='ltr'><strong>ἂν</strong></span> <span class='ocrx_word' id='word_1_696' title='bbox 794 5002 909 5056; x_wconf 77' lang='grc' dir='ltr'>οὒτ’</span> <span class='ocrx_word' id='word_1_697' title='bbox 936 5005 1018 5067; x_wconf 84' lang='grc' dir='ltr'><strong>είς</strong></span> <span class='ocrx_word' id='word_1_698' title='bbox 1041 5006 1101 5056; x_wconf 81' lang='grc' dir='ltr'><strong>τὸ</strong></span> <span class='ocrx_word' id='word_1_699' title='bbox 1131 5006 1427 5074; x_wconf 79' lang='grc' dir='ltr'>ὑφειμένον</span> <span class='ocrx_word' id='word_1_700' title='bbox 1457 5006 1572 5061; x_wconf 75' lang='grc' dir='ltr'>οὔτ’</span> <span class='ocrx_word' id='word_1_701' title='bbox 1606 5012 1687 5071; x_wconf 82' lang='grc' dir='ltr'><strong>είς</strong></span> <span class='ocrx_word' id='word_1_702' title='bbox 1724 5011 1781 5062; x_wconf 82' lang='grc' dir='ltr'><strong>τὸ</strong></span> <span class='ocrx_word' id='word_1_703' title='bbox 1807 5010 1983 5080; x_wconf 73' lang='grc' dir='ltr'>ὑπερ-ι</span> 
     </span>
    </p>
   </div>
   <div class='ocr_carea' id='block_1_99' title="bbox 411 5093 1983 5170">
    <p class='ocr_par' dir='ltr' id='par_1_99' title="bbox 411 5093 1983 5170">
     <span class='ocr_line' id='line_1_99' title="bbox 411 5093 1983 5170; baseline 0.006 -25"><span class='ocrx_word' id='word_1_704' title='bbox 411 5093 671 5161; x_wconf 78' lang='grc' dir='ltr'>κείμενον</span> <span class='ocrx_word' id='word_1_705' title='bbox 722 5097 1091 5167; x_wconf 77' lang='grc' dir='ltr'>μεριζομένην</span> <span class='ocrx_word' id='word_1_706' title='bbox 1126 5097 1226 5167; x_wconf 78' lang='grc' dir='ltr'>τὴν</span> <span class='ocrx_word' id='word_1_707' title='bbox 1261 5099 1433 5167; x_wconf 82' lang='grc' dir='ltr'>μόνην</span> <span class='ocrx_word' id='word_1_708' title='bbox 1480 5100 1698 5170; x_wconf 72' lang='grc' dir='ltr'>ἐκείνην</span> <span class='ocrx_word' id='word_1_709' title='bbox 1726 5101 1983 5155; x_wconf 76' lang='grc' dir='ltr'>ᾶκτιστον</span> 
     </span>
    </p>
   </div>
   <div class='ocr_carea' id='block_1_100' title="bbox 412 5184 1987 5265">
    <p class='ocr_par' dir='ltr' id='par_1_100' title="bbox 412 5184 1987 5265">
     <span class='ocr_line' id='line_1_100' title="bbox 412 5184 1987 5265; baseline 0.006 -28"><span class='ocrx_word' id='word_1_710' title='bbox 412 5184 511 5237; x_wconf 80' lang='grc' dir='ltr'>καὶ</span> <span class='ocrx_word' id='word_1_711' title='bbox 535 5185 711 5255; x_wconf 76' lang='grc' dir='ltr'>πάντη</span> <span class='ocrx_word' id='word_1_712' title='bbox 743 5188 1045 5257; x_wconf 76' lang='grc' dir='ltr'>ἀμέριστον</span> <span class='ocrx_word' id='word_1_713' title='bbox 1078 5188 1269 5243; x_wconf 83' lang='grc' dir='ltr'>οὐσίαν</span> <span class='ocrx_word' id='word_1_714' title='bbox 1311 5208 1370 5243; x_wconf 84' lang='grc' dir='ltr'><strong>τε</strong></span> <span class='ocrx_word' id='word_1_715' title='bbox 1418 5194 1514 5244; x_wconf 71' lang='grc' dir='ltr'>καὶ</span> <span class='ocrx_word' id='word_1_716' title='bbox 1551 5184 1788 5265; x_wconf 87' lang='grc' dir='ltr'>θεότητα</span> <span class='ocrx_word' id='word_1_717' title='bbox 1815 5210 1829 5224; x_wconf 87' lang='grc'><strong>·</strong></span> <span class='ocrx_word' id='word_1_718' title='bbox 1861 5195 1893 5261; x_wconf 85' lang='grc' dir='ltr'><strong>ἧ</strong></span> <span class='ocrx_word' id='word_1_719' title='bbox 1926 5196 1987 5247; x_wconf 86' lang='grc' dir='ltr'><strong>τό</strong></span> 
     </span>
    </p>
   </div>
   <div class='ocr_carea' id='block_1_101' title="bbox 408 5277 1993 5354">
    <p class='ocr_par' dir='ltr' id='par_1_101' title="bbox 408 5277 1993 5354">
     <span class='ocr_line' id='line_1_101' title="bbox 408 5277 1993 5354; baseline 0.007 -25"><span class='ocrx_word' id='word_1_720' title='bbox 408 5294 477 5347; x_wconf 86' lang='grc' dir='ltr'><strong>γε</strong></span> <span class='ocrx_word' id='word_1_721' title='bbox 503 5277 785 5348; x_wconf 82' lang='grc' dir='ltr'>δεύτερον,</span> <span class='ocrx_word' id='word_1_722' title='bbox 820 5279 1032 5333; x_wconf 84' lang='grc' dir='ltr'>πολλῶν</span> <span class='ocrx_word' id='word_1_723' title='bbox 1086 5283 1193 5335; x_wconf 82' lang='grc' dir='ltr'><strong>ὑπὸ</strong></span> <span class='ocrx_word' id='word_1_724' title='bbox 1245 5282 1342 5336; x_wconf 80' lang='grc' dir='ltr'>σοῦ</span> <span class='ocrx_word' id='word_1_725' title='bbox 1402 5285 1776 5354; x_wconf 79' lang='grc' dir='ltr'>δοξαζομένων</span> <span class='ocrx_word' id='word_1_726' title='bbox 1838 5289 1993 5341; x_wconf 83' lang='grc' dir='ltr'>ἀκτί-</span> 
     </span>
    </p>
   </div>
   <div class='ocr_carea' id='block_1_102' title="bbox 410 5372 1991 5445">
    <p class='ocr_par' dir='ltr' id='par_1_102' title="bbox 410 5372 1991 5445">
     <span class='ocr_line' id='line_1_102' title="bbox 410 5372 1991 5445; baseline 0.005 -21"><span class='ocrx_word' id='word_1_727' title='bbox 410 5387 559 5425; x_wconf 71' lang='grc' dir='ltr'>στων</span> <span class='ocrx_word' id='word_1_728' title='bbox 591 5372 731 5426; x_wconf 84' lang='grc' dir='ltr'>θεῶν</span> <span class='ocrx_word' id='word_1_729' title='bbox 767 5375 863 5427; x_wconf 77' lang='grc' dir='ltr'><strong>καὶ</strong></span> <span class='ocrx_word' id='word_1_730' title='bbox 893 5373 1185 5445; x_wconf 81' lang='grc' dir='ltr'>θεοτήτων,</span> <span class='ocrx_word' id='word_1_731' title='bbox 1212 5376 1310 5431; x_wconf 75' lang='grc' dir='ltr'>ἕνα</span> <span class='ocrx_word' id='word_1_732' title='bbox 1343 5376 1452 5430; x_wconf 84' lang='grc' dir='ltr'><strong>τῶν</strong></span> <span class='ocrx_word' id='word_1_733' title='bbox 1480 5378 1694 5431; x_wconf 84' lang='grc' dir='ltr'>πολλῶν</span> <span class='ocrx_word' id='word_1_734' title='bbox 1718 5377 1859 5432; x_wconf 72' lang='grc' dir='ltr'>εἶναι</span> <span class='ocrx_word' id='word_1_735' title='bbox 1903 5381 1991 5433; x_wconf 84' lang='grc' dir='ltr'><strong>λέ-</strong></span> 
     </span>
    </p>
   </div>
   <div class='ocr_carea' id='block_1_103' title="bbox 408 5462 1985 5539">
    <p class='ocr_par' dir='ltr' id='par_1_103' title="bbox 408 5462 1985 5539">
     <span class='ocr_line' id='line_1_103' title="bbox 408 5462 1985 5539; baseline 0.009 -26"><span class='ocrx_word' id='word_1_736' title='bbox 408 5478 534 5528; x_wconf 84' lang='grc' dir='ltr'>γεις</span> <span class='ocrx_word' id='word_1_737' title='bbox 565 5462 777 5515; x_wconf 76' lang='grc' dir='ltr'>καὶτὸν</span> <span class='ocrx_word' id='word_1_738' title='bbox 800 5466 934 5532; x_wconf 80' lang='grc' dir='ltr'>ἡμῖν</span> <span class='ocrx_word' id='word_1_739' title='bbox 962 5465 1321 5535; x_wconf 77' lang='grc' dir='ltr'>δοξαζόμενον</span> <span class='ocrx_word' id='word_1_740' title='bbox 1368 5470 1604 5539; x_wconf 75' lang='grc' dir='ltr'>ποιητὴν</span> <span class='ocrx_word' id='word_1_741' title='bbox 1630 5471 1724 5522; x_wconf 82' lang='grc' dir='ltr'>τοῦ</span> <span class='ocrx_word' id='word_1_742' title='bbox 1764 5474 1985 5534; x_wconf 80' lang='grc' dir='ltr'>παντός.</span> 
     </span>
    </p>
   </div>
   <div class='ocr_carea' id='block_1_104' title="bbox 410 5554 1987 5635">
    <p class='ocr_par' dir='ltr' id='par_1_104' title="bbox 410 5554 1987 5635">
     <span class='ocr_line' id='line_1_104' title="bbox 410 5554 1987 5635; baseline 0.006 -29"><span class='ocrx_word' id='word_1_743' title='bbox 410 5554 523 5607; x_wconf 78' lang='grc' dir='ltr'>Καὶ</span> <span class='ocrx_word' id='word_1_744' title='bbox 567 5556 723 5608; x_wconf 77' lang='grc' dir='ltr'>εστιν</span> <span class='ocrx_word' id='word_1_745' title='bbox 764 5557 973 5625; x_wconf 82' lang='grc' dir='ltr'>ἀμφοῖν</span> <span class='ocrx_word' id='word_1_746' title='bbox 1022 5559 1313 5630; x_wconf 79' lang='grc' dir='ltr'>οὐδέτερον</span> <span class='ocrx_word' id='word_1_747' title='bbox 1363 5560 1625 5625; x_wconf 77' lang='grc' dir='ltr'>ἀσεϐείας</span> <span class='ocrx_word' id='word_1_748' title='bbox 1678 5563 1987 5635; x_wconf 80' lang='grc' dir='ltr'>ὑπερϐολὴν</span> 
     </span>
    </p>
   </div>
   <div class='ocr_carea' id='block_1_105' title="bbox 406 5648 785 5717">
    <p class='ocr_par' dir='ltr' id='par_1_105' title="bbox 406 5648 785 5717">
     <span class='ocr_line' id='line_1_105' title="bbox 406 5648 785 5717; baseline 0.011 -19"><span class='ocrx_word' id='word_1_749' title='bbox 406 5648 785 5717; x_wconf 80' lang='grc' dir='ltr'>παραλεῖπον.</span> 
     </span>
    </p>
   </div>
   <div class='ocr_carea' id='block_1_106' title="bbox 2087 4821 3657 4896">
    <p class='ocr_par' dir='ltr' id='par_1_106' title="bbox 2087 4821 3657 4896">
     <span class='ocr_line' id='line_1_106' title="bbox 2087 4821 3657 4896; baseline -0.008 -11"><span class='ocrx_word' id='word_1_750' title='bbox 2087 4841 2143 4885; x_wconf 90' lang='lat' dir='ltr'><strong>et</strong></span> <span class='ocrx_word' id='word_1_751' title='bbox 2173 4828 2457 4891; x_wconf 84' lang='lat' dir='ltr'><strong>destituta,</strong></span> <span class='ocrx_word' id='word_1_752' title='bbox 2485 4828 2537 4880; x_wconf 91' lang='lat' dir='ltr'><strong>in</strong></span> <span class='ocrx_word' id='word_1_753' title='bbox 2574 4839 2713 4896; x_wconf 87' lang='lat' dir='ltr'><strong>aqua</strong></span> <span class='ocrx_word' id='word_1_754' title='bbox 2744 4824 2980 4877; x_wconf 81' lang='lat' dir='ltr'><strong>viventia</strong></span> <span class='ocrx_word' id='word_1_755' title='bbox 3009 4829 3063 4876; x_wconf 89' lang='lat' dir='ltr'><strong>et</strong></span> <span class='ocrx_word' id='word_1_756' title='bbox 3097 4830 3363 4890; x_wconf 72' lang='lat' dir='ltr'><strong>amiarum</strong></span> <span class='ocrx_word' id='word_1_757' title='bbox 3386 4821 3657 4888; x_wconf 79' lang='lat' dir='ltr'><strong>expertia,</strong></span> 
     </span>
    </p>
   </div>
   <div class='ocr_carea' id='block_1_107' title="bbox 2094 4914 3659 4983">
    <p class='ocr_par' dir='ltr' id='par_1_107' title="bbox 2094 4914 3659 4983">
     <span class='ocr_line' id='line_1_107' title="bbox 2094 4914 3659 4983; baseline -0.01 -3"><span class='ocrx_word' id='word_1_758' title='bbox 2094 4922 2376 4980; x_wconf 84' lang='lat' dir='ltr'><strong>terrestria</strong></span> <span class='ocrx_word' id='word_1_759' title='bbox 2427 4929 2484 4975; x_wconf 89' lang='lat' dir='ltr'><strong>et</strong></span> <span class='ocrx_word' id='word_1_760' title='bbox 2536 4920 2587 4973; x_wconf 89' lang='lat' dir='ltr'><strong>in</strong></span> <span class='ocrx_word' id='word_1_761' title='bbox 2627 4933 2755 4973; x_wconf 89' lang='lat' dir='ltr'><strong>aere</strong></span> <span class='ocrx_word' id='word_1_762' title='bbox 2804 4916 3091 4971; x_wconf 85' lang='lat' dir='ltr'><strong>viventia:</strong></span> <span class='ocrx_word' id='word_1_763' title='bbox 3134 4914 3411 4983; x_wconf 79' lang='lat' dir='ltr'><strong>ignorans,</strong></span> <span class='ocrx_word' id='word_1_764' title='bbox 3459 4929 3659 4966; x_wconf 84' lang='lat' dir='ltr'><strong>numen</strong></span> 
     </span>
    </p>
   </div>
   <div class='ocr_carea' id='block_1_108' title="bbox 2093 5009 3664 5080">
    <p class='ocr_par' dir='ltr' id='par_1_108' title="bbox 2093 5009 3664 5080">
     <span class='ocr_line' id='line_1_108' title="bbox 2093 5009 3664 5080; baseline -0.008 -12"><span class='ocrx_word' id='word_1_765' title='bbox 2093 5015 2341 5069; x_wconf 88' lang='lat' dir='ltr'><strong>divinum</strong></span> <span class='ocrx_word' id='word_1_766' title='bbox 2363 5011 2520 5078; x_wconf 87' lang='lat' dir='ltr'><strong>,quia</strong></span> <span class='ocrx_word' id='word_1_767' title='bbox 2550 5010 2782 5080; x_wconf 72' lang='lat' dir='ltr'><strong>simplex</strong></span> <span class='ocrx_word' id='word_1_768' title='bbox 2809 5017 2966 5075; x_wconf 69' lang='lat' dir='ltr'><strong>estet</strong></span> <span class='ocrx_word' id='word_1_769' title='bbox 2987 5009 3664 5075; x_wconf 60' lang='lat' dir='ltr'><strong>incorporeummecessm</strong></span> 
     </span>
    </p>
   </div>
   <div class='ocr_carea' id='block_1_109' title="bbox 2093 5097 3661 5169">
    <p class='ocr_par' dir='ltr' id='par_1_109' title="bbox 2093 5097 3661 5169">
     <span class='ocr_line' id='line_1_109' title="bbox 2093 5097 3661 5169; baseline -0.008 -9"><span class='ocrx_word' id='word_1_770' title='bbox 2093 5106 2177 5160; x_wconf 86' lang='lat' dir='ltr'><strong>rio</strong></span> <span class='ocrx_word' id='word_1_771' title='bbox 2200 5119 2320 5160; x_wconf 89' lang='lat' dir='ltr'><strong>esse</strong></span> <span class='ocrx_word' id='word_1_772' title='bbox 2345 5102 2911 5169; x_wconf 86' lang='lat' dir='ltr'><strong>individuum,neqne</strong></span> <span class='ocrx_word' id='word_1_773' title='bbox 2942 5100 2994 5152; x_wconf 87' lang='lat' dir='ltr'><strong>in</strong></span> <span class='ocrx_word' id='word_1_774' title='bbox 3028 5097 3373 5166; x_wconf 82' lang='lat' dir='ltr'><strong>suppositum</strong></span> <span class='ocrx_word' id='word_1_775' title='bbox 3406 5112 3583 5165; x_wconf 84' lang='lat' dir='ltr'><strong>neque</strong></span> <span class='ocrx_word' id='word_1_776' title='bbox 3609 5097 3661 5148; x_wconf 91' lang='lat' dir='ltr'><strong>in</strong></span> 
     </span>
    </p>
   </div>
   <div class='ocr_carea' id='block_1_110' title="bbox 2094 5186 3661 5265">
    <p class='ocr_par' dir='ltr' id='par_1_110' title="bbox 2094 5186 3661 5265">
     <span class='ocr_line' id='line_1_110' title="bbox 2094 5186 3661 5265; baseline -0.007 -16"><span class='ocrx_word' id='word_1_777' title='bbox 2094 5195 2416 5265; x_wconf 88' lang='lat' dir='ltr'><strong>impositum</strong></span> <span class='ocrx_word' id='word_1_778' title='bbox 2448 5192 2620 5248; x_wconf 86' lang='lat' dir='ltr'><strong>dividi</strong></span> <span class='ocrx_word' id='word_1_779' title='bbox 2652 5191 2823 5245; x_wconf 88' lang='lat' dir='ltr'><strong>solam</strong></span> <span class='ocrx_word' id='word_1_780' title='bbox 2860 5190 3006 5243; x_wconf 87' lang='lat' dir='ltr'><strong>illam</strong></span> <span class='ocrx_word' id='word_1_781' title='bbox 3042 5188 3406 5240; x_wconf 74' lang='lat' dir='ltr'><strong>inereatamet</strong></span> <span class='ocrx_word' id='word_1_782' title='bbox 3434 5186 3661 5241; x_wconf 85' lang='lat' dir='ltr'><strong>omnino</strong></span> 
     </span>
    </p>
   </div>
   <div class='ocr_carea' id='block_1_111' title="bbox 2096 5280 3669 5347">
    <p class='ocr_par' dir='ltr' id='par_1_111' title="bbox 2096 5280 3669 5347">
     <span class='ocr_line' id='line_1_111' title="bbox 2096 5280 3669 5347; baseline -0.008 -3"><span class='ocrx_word' id='word_1_783' title='bbox 2096 5288 2434 5344; x_wconf 86' lang='lat' dir='ltr'><strong>individuam</strong></span> <span class='ocrx_word' id='word_1_784' title='bbox 2461 5287 2752 5340; x_wconf 87' lang='lat' dir='ltr'><strong>essentiam</strong></span> <span class='ocrx_word' id='word_1_785' title='bbox 2771 5293 2828 5337; x_wconf 88' lang='lat' dir='ltr'><strong>et</strong></span> <span class='ocrx_word' id='word_1_786' title='bbox 2845 5282 3210 5347; x_wconf 85' lang='lat' dir='ltr'><strong>divinitatem,</strong></span> <span class='ocrx_word' id='word_1_787' title='bbox 3234 5281 3463 5335; x_wconf 77' lang='lat' dir='ltr'><strong>multum</strong></span> <span class='ocrx_word' id='word_1_788' title='bbox 3482 5280 3669 5334; x_wconf 79' lang='lat' dir='ltr'><strong>elabo—</strong></span> 
     </span>
    </p>
   </div>
   <div class='ocr_carea' id='block_1_112' title="bbox 2096 5370 3667 5448">
    <p class='ocr_par' dir='ltr' id='par_1_112' title="bbox 2096 5370 3667 5448">
     <span class='ocr_line' id='line_1_112' title="bbox 2096 5370 3667 5448; baseline -0.006 -15"><span class='ocrx_word' id='word_1_789' title='bbox 2096 5380 2270 5433; x_wconf 87' lang='lat' dir='ltr'><strong>rando</strong></span> <span class='ocrx_word' id='word_1_790' title='bbox 2301 5379 2590 5448; x_wconf 88' lang='lat' dir='ltr'><strong>quisquam</strong></span> <span class='ocrx_word' id='word_1_791' title='bbox 2631 5376 3009 5430; x_wconf 84' lang='lat' dir='ltr'><strong>demonstrare</strong></span> <span class='ocrx_word' id='word_1_792' title='bbox 3032 5376 3243 5443; x_wconf 87' lang='lat' dir='ltr'><strong>possit:</strong></span> <span class='ocrx_word' id='word_1_793' title='bbox 3270 5384 3385 5437; x_wconf 87' lang='lat' dir='ltr'><strong>aut,</strong></span> <span class='ocrx_word' id='word_1_794' title='bbox 3429 5372 3481 5427; x_wconf 87' lang='lat' dir='ltr'><strong>id</strong></span> <span class='ocrx_word' id='word_1_795' title='bbox 3515 5370 3667 5440; x_wconf 81' lang='lat' dir='ltr'><strong>quod</strong></span> 
     </span>
    </p>
   </div>
   <div class='ocr_carea' id='block_1_113' title="bbox 2093 5466 3671 5535">
    <p class='ocr_par' dir='ltr' id='par_1_113' title="bbox 2093 5466 3671 5535">
     <span class='ocr_line' id='line_1_113' title="bbox 2093 5466 3671 5535; baseline -0.006 -9"><span class='ocrx_word' id='word_1_796' title='bbox 2093 5472 2325 5526; x_wconf 86' lang='lat' dir='ltr'><strong>alterum</strong></span> <span class='ocrx_word' id='word_1_797' title='bbox 2349 5480 2454 5535; x_wconf 85' lang='lat' dir='ltr'><strong>est,</strong></span> <span class='ocrx_word' id='word_1_798' title='bbox 2482 5484 2604 5524; x_wconf 86' lang='lat' dir='ltr'><strong>cum</strong></span> <span class='ocrx_word' id='word_1_799' title='bbox 2637 5468 2838 5520; x_wconf 89' lang='lat' dir='ltr'><strong>multos</strong></span> <span class='ocrx_word' id='word_1_800' title='bbox 2877 5468 3066 5521; x_wconf 85' lang='lat' dir='ltr'><strong>credas</strong></span> <span class='ocrx_word' id='word_1_801' title='bbox 3102 5467 3373 5520; x_wconf 86' lang='lat' dir='ltr'><strong>increatos</strong></span> <span class='ocrx_word' id='word_1_802' title='bbox 3438 5466 3566 5517; x_wconf 68' lang='lat' dir='ltr'><strong>deos</strong></span> <span class='ocrx_word' id='word_1_803' title='bbox 3613 5472 3671 5517; x_wconf 87' lang='lat' dir='ltr'><strong>et</strong></span> 
     </span>
    </p>
   </div>
   <div class='ocr_carea' id='block_1_114' title="bbox 2091 5556 3693 5631">
    <p class='ocr_par' dir='ltr' id='par_1_114' title="bbox 2091 5556 3693 5631">
     <span class='ocr_line' id='line_1_114' title="bbox 2091 5556 3693 5631; baseline -0.007 -13"><span class='ocrx_word' id='word_1_804' title='bbox 2091 5564 2353 5631; x_wconf 65' lang='lat' dir='ltr'><strong>deitatesf,</strong></span> <span class='ocrx_word' id='word_1_805' title='bbox 2380 5574 2551 5617; x_wconf 86' lang='lat' dir='ltr'><strong>unum</strong></span> <span class='ocrx_word' id='word_1_806' title='bbox 2582 5576 2644 5614; x_wconf 80' lang='lat' dir='ltr'><strong>ex</strong></span> <span class='ocrx_word' id='word_1_807' title='bbox 2678 5560 2771 5613; x_wconf 83' lang='lat' dir='ltr'><strong>bis</strong></span> <span class='ocrx_word' id='word_1_808' title='bbox 2794 5560 2978 5614; x_wconf 88' lang='lat' dir='ltr'><strong>multis</strong></span> <span class='ocrx_word' id='word_1_809' title='bbox 3025 5575 3147 5615; x_wconf 83' lang='lat' dir='ltr'><strong>esse</strong></span> <span class='ocrx_word' id='word_1_810' title='bbox 3214 5558 3449 5612; x_wconf 78' lang='lat' dir='ltr'><strong>aﬂirmas</strong></span> <span class='ocrx_word' id='word_1_811' title='bbox 3501 5556 3693 5611; x_wconf 42' lang='lat' dir='ltr'><strong>etiam:</strong></span> 
     </span>
    </p>
   </div>
   <div class='ocr_carea' id='block_1_115' title="bbox 2092 5646 3664 5724">
    <p class='ocr_par' dir='ltr' id='par_1_115' title="bbox 2092 5646 3664 5724">
     <span class='ocr_line' id='line_1_115' title="bbox 2092 5646 3664 5724; baseline -0.008 -14"><span class='ocrx_word' id='word_1_812' title='bbox 2092 5656 2266 5719; x_wconf 87' lang='lat' dir='ltr'><strong>illum,</strong></span> <span class='ocrx_word' id='word_1_813' title='bbox 2297 5654 2391 5724; x_wconf 80' lang='lat' dir='ltr'><strong>qui</strong></span> <span class='ocrx_word' id='word_1_814' title='bbox 2431 5651 2590 5707; x_wconf 83' lang='lat' dir='ltr'><strong>nobis</strong></span> <span class='ocrx_word' id='word_1_815' title='bbox 2630 5650 2872 5705; x_wconf 87' lang='lat' dir='ltr'><strong>creditur</strong></span> <span class='ocrx_word' id='word_1_816' title='bbox 2918 5653 3105 5705; x_wconf 82' lang='lat' dir='ltr'><strong>mundi</strong></span> <span class='ocrx_word' id='word_1_817' title='bbox 3147 5646 3387 5702; x_wconf 85' lang='lat' dir='ltr'><strong>universi</strong></span> <span class='ocrx_word' id='word_1_818' title='bbox 3409 5647 3664 5710; x_wconf 73' lang='lat' dir='ltr'><strong>Creator,</strong></span> 
     </span>
    </p>
   </div>
   <div class='ocr_carea' id='block_1_116' title="bbox 2096 5740 3695 5817">
    <p class='ocr_par' dir='ltr' id='par_1_116' title="bbox 2096 5740 3695 5817">
     <span class='ocr_line' id='line_1_116' title="bbox 2096 5740 3695 5817; baseline -0.004 -15"><span class='ocrx_word' id='word_1_819' title='bbox 2096 5764 2330 5817; x_wconf 85' lang='lat' dir='ltr'><strong>quorum</strong></span> <span class='ocrx_word' id='word_1_820' title='bbox 2364 5755 2617 5803; x_wconf 81' lang='lat' dir='ltr'><strong>neutrum</strong></span> <span class='ocrx_word' id='word_1_821' title='bbox 2645 5744 2877 5798; x_wconf 86' lang='lat' dir='ltr'><strong>multum</strong></span> <span class='ocrx_word' id='word_1_822' title='bbox 2900 5744 3049 5799; x_wconf 82' lang='lat' dir='ltr'><strong>abest</strong></span> <span class='ocrx_word' id='word_1_823' title='bbox 3071 5752 3339 5797; x_wconf 66' lang='lat' dir='ltr'><strong>asumma</strong></span> <span class='ocrx_word' id='word_1_824' title='bbox 3362 5740 3695 5809; x_wconf 48' lang='lat' dir='ltr'><strong>impietate“</strong></span> 
     </span>
    </p>
   </div>
   <div class='ocr_carea' id='block_1_117' title="bbox 485 5857 2296 5928">
    <p class='ocr_par' dir='ltr' id='par_1_117' title="bbox 485 5857 2296 5928">
     <span class='ocr_line' id='line_1_117' title="bbox 485 5857 2296 5928; baseline 0.002 -18"><span class='ocrx_word' id='word_1_825' title='bbox 485 5857 558 5928; x_wconf 78' lang='lat' dir='ltr'><strong>(I)</strong></span> <span class='ocrx_word' id='word_1_826' title='bbox 590 5857 825 5913; x_wconf 79' lang='grc' dir='ltr'>Οῖκοθεν</span> <span class='ocrx_word' id='word_1_827' title='bbox 858 5858 1017 5923; x_wconf 71' lang='grc' dir='ltr'>αὐτὸς</span> <span class='ocrx_word' id='word_1_828' title='bbox 1052 5860 1321 5918; x_wconf 82' lang='lat' dir='ltr'><strong>Boivinus</strong></span> <span class='ocrx_word' id='word_1_829' title='bbox 1355 5882 1364 5916; x_wconf 89' lang='lat'>:</span> <span class='ocrx_word' id='word_1_830' title='bbox 1408 5872 1745 5918; x_wconf 83' lang='lat' dir='ltr'><strong>evanuerunt</strong></span> <span class='ocrx_word' id='word_1_831' title='bbox 1786 5864 1982 5918; x_wconf 78' lang='lat' dir='ltr'><strong>litterae</strong></span> <span class='ocrx_word' id='word_1_832' title='bbox 2018 5863 2173 5915; x_wconf 67' lang='grc' dir='ltr'>κοθςν</span> <span class='ocrx_word' id='word_1_833' title='bbox 2209 5864 2296 5915; x_wconf 72' lang='grc' dir='ltr'>αὑ.</span> 
     </span>
    </p>
   </div>
  </div>
