4046 6290
340 422 448 488 249

344 536 619 629 Βούλομαι
677 537 725 590 δ’
773 539 866 592 οὖν
930 543 1077 612 ὅμως
1131 547 1519 623 ἐντελεστέραν
1580 559 1680 609 τοῦ
1752 558 2230 625 λόγουΑηίοτριη
2288 570 2341 624 in
2393 575 2656 629 orationis

342 628 647 699 ἀρχόμενος
696 632 796 702 τὴν
834 636 941 687 τῶν
995 638 1387 712 ῥηθησομένων
1442 649 1775 718 ποιήσασθαί
1829 668 1913 704 σοι

344 725 809 792 προκατάστασιν,
841 730 932 781 καὶ
969 728 1179 798 διδάξαι
1211 737 1302 790 τὸν
1331 742 1519 812 ἀμαθῆ
1554 743 1614 795 σὲ
1644 744 1709 809 ἐξ
1733 743 1915 798 αὐτῶν

344 816 651 884 ἀρχόμενος
679 818 789 872 τῶν
836 822 1028 876 ἀπλὼν
1065 830 1354 897 στοιχείων
1383 834 1477 886 καὶ
1503 834 1721 902 φωνῶν,
1748 836 1824 899 ὡς
1863 838 1911 890 οἱ

347 912 764 978 γραμματισταὶ
796 912 865 967 τὰ
895 917 1180 986 μειράκια.
1220 921 1306 975 ἵνα
1355 925 1434 995 μὴ
1485 928 1730 996 συνεχῶς
1778 929 1914 998 πρὸς

343 999 454 1051 τῶν
505 1001 722 1055 πολλῶν
778 1004 875 1057 καὶ
916 1006 1080 1072 αὐτὸς
1134 1011 1337 1084 ἀκούῃς
1391 1016 1569 1070 ἐκεῖνο
1596 1018 1660 1089 δὴ
1710 1020 1772 1074 τὸ
1815 1021 1913 1075 τοῦ

348 1091 635 1155 Πλάτωνος
660 1095 949 1184 ῌσκῶμμα,
979 1099 1056 1162 ὡς
1103 1103 1326 1173 ἀμαθὴς
1374 1102 1443 1169 εί,
1480 1102 1526 1163 ὧ
1575 1111 1785 1184 ἑταῖρε,
1816 1114 1913 1165 καὶ

344 1185 443 1251 οὐχ
476 1183 585 1254 ἕπῃ
609 1201 623 1217 ο
654 1180 690 1256 ἦ
721 1188 827 1259 γὰρ
854 1188 920 1242 ἂν
954 1190 1068 1243 οὐδ’
1095 1194 1261 1247 αὐτοῦ
1295 1214 1357 1262 γε
1397 1197 1460 1269 δὴ
1504 1180 1789 1256 Βασιλείω
1813 1202 1912 1258 τοῦ

343 1274 488 1327 θείου
546 1278 919 1345 παντάπασιν,
955 1281 1031 1344 ὡς
1067 1285 1267 1352 εοικεν,
1314 1290 1548 1361 ἀνήκοος
1594 1293 1787 1361 μείνας
1842 1298 1909 1367 τῇ

342 1363 622 1452 ἐπιστήμῃ
667 1366 808 1452 μετά
848 1368 948 1437 τῆς
995 1372 1279 1439 εὐσεϐείας
1327 1378 1470 1431 οὕτω
1516 1363 1910 1452 προσέκοπτες,

340 1449 629 1519 ὀμιλητέον
674 1450 814 1509 εἶναι
860 1457 1111 1525 λέγοντος
1158 1467 1412 1534 ποιηταῖς
1462 1449 1573 1521 καὶ*
1610 1449 1912 1538 λογοωιοῖς

340 1544 434 1595 καὶ
486 1545 714 1615 ῥήτορσι
760 1548 860 1601 καὶ
906 1551 1081 1605 πᾶσιν
1106 1554 1419 1623 ἀνθρώποις
1458 1559 1582 1612 ὅθεν
1626 1561 1692 1612 ἂν
1723 1561 1911 1630 μέλλοι

246 1650 277 1715 ῗ
337 1635 479 1703 πρὸς
515 1637 612 1706 τὴν
643 1638 744 1709 τῆς
790 1641 967 1712 ψυχῆς
1026 1645 1348 1716 ιπιμέλειαν
1395 1650 1632 1717 ὠφέλειά
1661 1669 1744 1715 τις
1792 1653 1911 1706 ἐσε-

334 1727 486 1783 σθαι.
513 1729 723 1800 Ὥσπερ
740 1733 847 1802 γὰρ
869 1736 919 1787 οἱ
948 1736 1257 1792 δευσοποιοὶ
1278 1744 1910 1812 προπαρασκευάσαντες

331 1818 401 1889 ιτ.
427 1822 525 1875 157
556 1821 631 1895 r.]
655 1824 977 1892 θεραπείαις
996 1829 1139 1883 τισὶν
1166 1831 1195 1884 ὅ
1219 1848 1272 1885 τι
1297 1836 1413 1887 ποτ’
1450 1835 1515 1888 ἂν
1604 1835 1665 1889 τὸ
1683 1836 1907 1906 δεξόμε-

330 1932 427 1965 νον
470 1916 569 1987 τὴν
615 1915 819 1988 βαφὴν,
857 1917 1000 1974 οὕτω
1044 1921 1106 1975 τὸ
1146 1916 1305 1988 ἀνθος

328 2008 604 2078 ἁλουργὸν
639 2010 703 2064 ἀν
730 2011 789 2064 τὲ
819 2029 872 2065 τι
900 2012 1087 2085 ἕτερον
1113 2012 1171 2089 ᾖ,
1201 2018 1295 2075 τὸν
1320 2019 1485 2072 αὐτὸν
1513 2020 1577 2091 δὴ
1604 2022 1698 2075 καὶ
1738 2023 1905 2091 ἡμεῖς

324 2099 550 2168 τρόπον,
578 2100 629 2153 εί
683 2101 867 2164 μέλλοι
922 2105 1261 2171 άνέκπλυτος
1314 2111 1449 2179 ἡμῖν
1503 2113 1534 2178 ἡ
1580 2111 1674 2164 τοῦ
1732 2110 1902 2164 καλοῦ

324 2191 678 2261 παραμένειν
707 2192 855 2259 δόξα,
883 2197 998 2261 τοῖς
1026 2197 1132 2265 ἔξω
1161 2197 1226 2270 δὴ
1259 2200 1473 2264 τούτοις
1505 2200 1893 2270 προτελεσθέν-

319 2295 421 2345 τες
465 2283 768 2353 τηνικαῦτα
803 2285 915 2340 τῶν
961 2288 1123 2361 ιερῶν
1156 2292 1253 2344 καὶ
1292 2291 1622 2363 ἀπορρήτων
1667 2294 1903 2346 ἐπακου-

320 2375 538 2444 σόμεθα
575 2378 979 2449 παιδευμάτων,
1013 2383 1110 2438 καὶ
1156 2377 1272 2437 οἷον
1317 2384 1376 2436 ἐν
1424 2384 1577 2438 ὕδατι
1611 2384 1703 2437 τὸν
1751 2384 1903 2455 ἥλιον

315 2470 460 2541 ὁρᾷν
513 2469 846 2539 ἐθισθέντες,
906 2472 1079 2537 οὕτως
1128 2473 1283 2546 αὐτῷ
1341 2475 1761 2548 προσϐαλοῦμεν
1819 2476 1900 2546 τῷ

316 2564 471 2633 φωτὶ
520 2565 618 2630 τὰς
667 2566 839 2635 ὄψεις.
895 2567 1131 2635 Λέγεται
1184 2568 1262 2632 δὲ,
1322 2572 1479 2639 φησὶ,
1537 2570 1631 2624 καὶ
1690 2570 1899 2641 Μωσῆν

312 2657 538 2711 ἐκεῖνον
565 2656 656 2711 τὸν
679 2660 845 2724 πάνυ,
874 2657 936 2712 οὗ
966 2660 1224 2728 μέγιστόν
1253 2660 1403 2713 ἐστιν
1431 2660 1525 2714 ἐπὶ
1554 2661 1716 2731 σοφίᾳ
1743 2662 1897 2732 παρὰ

310 2750 495 2802 πᾶσιν
529 2749 843 2819 ἀνθρώποις
892 2751 1084 2822 ὄνομα,
1112 2754 1227 2818 τοῖς
1272 2752 1590 2822 Αἰγυπτίων
1632 2754 1896 2824 μαθήμα-

310 2857 411 2894 σιν
440 2842 929 2914 ἐγγυμνασάμενον
980 2845 1077 2914 τὴν
1126 2845 1369 2901 διάνοιαν
1389 2845 1536 2901 οὕτω
1571 2848 1897 2918 προσελθεῖν

307 2936 389 3005 τῇ
437 2934 643 3006 θεωρίᾳ
670 2935 764 2989 τοῦ
804 2936 992 3000 ὖντοςυ
1045 2937 1447 3008 παραπλησίως
1489 2939 1548 2992 δὲ
1577 2940 1755 3009 τούτῳ
1791 2940 1895 2993 κάν

306 3027 433 3089 τοῖς
470 3028 624 3079 κάτω
664 3027 878 3096 χρόνοις
905 3028 996 3082 τὸν
1025 3030 1189 3097 σοφὸν
1221 3031 1422 3101 Δανιὴλ
1450 3031 1544 3085 ἐπὶ
1573 3030 1896 3097 Βασυλῶνός

308 3132 458 3183 φασι
486 3115 585 3186 τὴν
615 3117 898 3170 Χαλδαίων
954 3116 1148 3187 σοφίαν
1198 3120 1587 3190 καταμαθόντα
1636 3122 1759 3175 τότε
1787 3122 1894 3175 τῶν

304 3204 479 3258 θείων
526 3206 766 3273 ἅψασθαι
814 3206 1223 3273 παιδευμάτων.
1265 3210 1420 3264 Ἐπεὶ
1464 3208 1597 3277 γοῦν
1630 3208 1667 3263 ἃ
1701 3228 1895 3264 πεντε-

304 3295 609 3367 καιδεκὲτη
668 3312 728 3347 σε
788 3296 983 3365 μαθεῖν
1034 3298 1200 3367 ἐχρῆν
1255 3299 1355 3351 οὐκ
1410 3298 1637 3368 ἔμαθες,
1668 3301 1788 3353 οὐδέ
1824 3317 1888 3369 γε

301 3389 593 3461 φράτορας
616 3388 853 3455 ἑπτέτης
883 3387 1092 3457 ἔφυσας
1124 3390 1267 3444 κατά
1309 3407 1373 3459 γε
1406 3392 1497 3445 τὸν
1526 3394 1582 3459 ἐξ
1628 3391 1887 3463 Ἀττικῆς

299 3484 478 3552 σοφὸν
526 3480 726 3546 εἰπεῖν,
763 3480 896 3535 ἀλλὰ
952 3481 1011 3534 τὸ
1063 3481 1160 3552 τῆς
1204 3484 1507 3555 παροιμίας
1546 3484 1655 3539 ἀπὸ
1695 3485 1889 3558 κώπης

295 3580 403 3631 ἐπὶ
438 3578 502 3630 τὸ
525 3578 676 3647 βῆμα
723 3578 819 3630 καὶ
859 3575 921 3629 τὸ
954 3578 1282 3647 στρατήγιον
1328 3578 1589 3650 ἐξαίφνης
1624 3578 1885 3651 ἔδραμες,

293 3668 453 3736 λέγω
488 3667 552 3737 δὴ
595 3667 656 3721 τὸ
699 3667 971 3736 θεολογείν
1016 3669 1264 3733 ἀνίπτοις
1298 3685 1358 3721 τε
1401 3670 1558 3740 χερσὶ
1591 3670 1687 3723 καὶ
1711 3670 1888 3741 σαθρᾷ

289 3760 537 3830 διανοίᾳ,
573 3762 707 3830 φέρε
733 3763 836 3813 κάν
872 3761 929 3811 ἐν
956 3761 1105 3831 γήρᾳ
1133 3758 1413 3833 διδάχθητι
1443 3760 1577 3832 παρ’
1604 3762 1761 3833 ἡμῶν
1785 3765 1886 3825 τὰς

289 3851 674 3921 στοιχειώδεις
703 3850 909 3915 ταύτας
940 3853 1033 3904 καὶ
1066 3851 1292 3922 πρώτας
1333 3856 1521 3922 φωνάς
1547 3855 1658 3907 τῶν
1694 3872 1880 3925 γραμ-

292 3945 517 4015 μάτων,
548 3942 623 4007 ώς
674 3943 738 3997 ἂν
786 3943 1191 4014 εὐμαθέστερος
1234 3944 1367 4008 ἴσως
1426 3948 1727 4017 γενόμενος
1783 3947 1882 4016 τῆς

288 4038 457 4100 θείας
494 4036 631 4098 τέως
678 4035 886 4090 αἴσθοιο
917 4036 1164 4107 Γραφῆς,
1206 4042 1302 4092 καὶ
1358 4041 1559 4108 μηκέτι
1610 4040 1679 4093 δι’
1714 4039 1876 4109 ὄχλου

289 4133 360 4200 τῇ
396 4127 649 4199 εὐσεϐείᾳ
679 4129 906 4197 γίγνοιο,
936 4129 1286 4200 δημαγωγῶν
1315 4131 1351 4186 ἂ
1392 4136 1506 4196 τοῖς
1551 4134 1703 4187 κάτω
1745 4132 1881 4202 μᾶλ-

289 4225 393 4276 λον
434 4221 468 4291 ἢ
513 4223 625 4283 τοῖς
673 4221 786 4274 ἄνω
831 4223 1033 4290 πρέπει
1094 4227 1329 4291 νεκροῖς.
1364 4226 1444 4279 Τά
1496 4226 1606 4294 γάρ
1656 4226 1877 4281 ἐναντία

288 4315 412 4375 τοῖς
470 4312 731 4376 ἐναντίοις
763 4313 1039 4383 ὀρίζεσθαί
1076 4330 1133 4366 τε
1191 4314 1286 4367 καὶ
1331 4314 1676 4385 διορθοῦσθαι
1726 4318 1880 4388 νόμι-

289 4422 419 4472 μον,
454 4405 577 4456 ἐπεὶ
620 4404 714 4457 καὶ
742 4405 1028 4475 Χαρμίδης
1066 4409 1094 4460 ὁ
1121 4406 1455 4477 Λαρισσαῖος
1482 4410 1727 4473 ἀκούσας
1755 4412 1874 4482 διη-

286 4491 567 4561 γουμένου
625 4490 770 4553 τινὸς
803 4492 863 4543 ὲν
895 4492 1047 4546 ὕδατι
1079 4493 1257 4557 ζέοντι
1310 4496 1493 4561 ζώσας
1543 4498 1673 4553 ίδεῖν
1716 4501 1872 4570 ἐγχέ-

283 4585 451 4646 λυας,
481 4581 693 4637 Οὐκοῦν
723 4586 780 4636 ὲν
822 4584 1016 4654 ψυχρῷ
1049 4587 1257 4651 ταύτας
1301 4590 1616 4661 ἐψήσωμεν,
1642 4591 1866 4662 ἔφησεν.

284 4671 405 4738 Ἦς
440 4670 533 4728 οὖν
573 4676 668 4731 καὶ
701 4674 864 4737 αὐτὸς
892 4675 1151 4741 ἀσύνετος
1196 4679 1421 4748 ἔμεινας
1451 4684 1872 4737 πεντεκαιδεκέ-

284 4784 395 4836 της
444 4766 718 4833 παιδείας,
766 4768 969 4838 ταύτης
1001 4768 1147 4840 ὑπὲρ
1171 4760 1249 4823 ’τὰ
1303 4773 1568 4841 ἑξήκοντα
1627 4778 1870 4844 γεγονὼς

282 4859 569 4929 ἀκροατὴν
601 4860 827 4913 σεαυτὸν
879 4863 1265 4917 ἀποδεικνύναι
1321 4866 1396 4936 μὴ
1428 4868 1661 4935 ἀπαξίου
1693 4871 1869 4940 τήμε-

284 4969 411 5021 ρον,
439 4952 549 5005 τῶν
586 4953 774 5009 ἁπλῶν
808 4954 1010 5027 δηλαδὴ
1061 4960 1155 5010 καὶ
1201 4959 1496 5028 ἀρχοειδῶν
1544 4961 1739 5029 φωνῶν
1773 4966 1867 5015 καὶ

281 5047 590 5117 στοιχείων.
621 5047 809 5102 Ταῦτα
856 5050 902 5103 δ’
926 5049 992 5104 ἂν
1033 5051 1253 5113 πάντως
1297 5052 1382 5125 είη
1433 5055 1503 5107 τά
1543 5055 1590 5107 τ’
1623 5055 1866 5125 ὀνόματα

282 5140 387 5191 καὶ
421 5140 664 5209 ῥήματα.
690 5143 912 5212 Πρῶτον
942 5143 1050 5213 γὰρ
1080 5144 1162 5197 δεῖ
1183 5145 1394 5209 θέσθαι,
1426 5148 1582 5215 φασὶ,
1610 5148 1665 5200 τί
1692 5148 1866 5217 ὄνομα

282 5232 389 5285 καὶ
426 5233 477 5283 τί
510 5234 686 5303 ῥῆμα,
716 5235 881 5288 οἱονεί
932 5252 1055 5289 τινα
1107 5239 1334 5309 στερρὸν
1365 5240 1632 5309 θεμέλιον,
1668 5240 1865 5294 ἔπειτα

276 5324 336 5378 τί
393 5324 539 5377 ἐστιν
573 5325 854 5396 ἀπόφασις
898 5327 994 5380 καὶ
1043 5330 1357 5397 κατάφασις
1413 5334 1508 5385 καὶ
1550 5334 1861 5401 ἀπόφανσις

274 5417 381 5469 καὶ
433 5416 614 5483 λόγος,
672 5419 920 5473 καὶνὸσα
973 5420 1038 5473 ἐκ
1089 5422 1190 5491 τῆς
1245 5425 1593 5493 ἀνθρωπίνης
1654 5424 1860 5493 ταύτης

273 5510 590 5581 ἐπιπλοκῆς
614 5512 707 5565 καὶ
737 5513 1043 5576 συνθέσεως
1075 5514 1184 5566 τῶν
1220 5532 1276 5567 τε
1310 5518 1594 5585 ὀνομάτων
1622 5521 1716 5573 καὶ
1745 5521 1855 5574 τῶν

272 5603 549 5671 ῥημάτων
575 5603 993 5667 ἀποτελοῦνται.
1036 5606 1192 5659 Σκιαὶ
1219 5608 1326 5678 γὰρ
1363 5611 1526 5662 οίονεί
1567 5613 1712 5675 τινές
1746 5615 1854 5667 είσι

266 5694 389 5746 τῶν
428 5698 772 5766 πραγμάτων
816 5699 874 5751 αἱ
924 5699 1122 5766 φωναὶ,
1151 5700 1290 5767 πρὸς
1336 5704 1434 5768 τὰς
1466 5707 1711 5775 κινήσεις
1745 5708 1853 5761 τῶν

268 5786 608 5852 ὑφεστώτων
638 5790 1104 5860 σχηματιζόμεναι
1130 5793 1222 5846 καὶ
1251 5793 1479 5863 ὀνόμασι
1508 5799 1602 5850 καὶ
1638 5800 1850 5869 ῥήμασι

267 5881 705 5952 κεραννύμεναΓ
751 5884 875 5966 οὐδὲ
912 5885 1018 5956 γάρ
1069 5884 1223 5954 φύσει
1268 5890 1377 5951 τοῖς
1430 5890 1715 5960 πράγμασι
1768 5896 1834 5951 τὰ

1334 441 1780 505 ΒΥΖΛΝΤΙΝΞΕ
1848 445 2236 512 ΗῐὸΤοῘίῐῶ
2278 455 2420 520 Lm.
2468 460 2650 522 XXX.

2376 324 2405 361 ς

3480 473 3590 537 21:0

2704 574 2864 631 initio
2919 594 3110 632 eorum
3162 597 3282 650 qua:
3330 583 3585 641 dicentur

2018 659 2311 715 instituere
2371 664 2468 718 tibi
2526 667 2958 730 institutionem,
3013 681 3068 725 et
3117 682 3167 727 te
3229 675 3463 730 edocure
3516 694 3585 733 ex

2018 749 2153 820 ipsis
2180 753 2396 808 initium
2430 771 2652 812 sumens
2701 760 3042 829 simplicibus
3090 765 3377 822 elementis
3406 776 3461 822 et
3498 784 3586 823 so-

2017 844 2125 909 nis,
2153 854 2213 899 ut
2242 848 2482 915 magistri
2511 865 2730 917 pueros.
2764 868 2831 906 ne
2862 868 3077 925 semper
3107 857 3271 928 283
3300 874 3366 913 ex
3398 860 3587 914 multis

2015 946 2073 993 et
2111 938 2228 1008 ipse
2257 942 2449 997 audias
2480 943 2613 999 illud
2660 947 2905 1002 Platonis
2937 948 3257 1018 ludibrium,
3289 950 3462 1018 Quam
3505 951 3589 1005 in-

2015 1032 2309 1100 doctuses,
2334 1036 2530 1100 amice,
2557 1053 2733 1107 neque
2753 1040 3110 1111 intelligendo
3134 1058 3233 1097 nos
3252 1044 3584 1113 assequeris.

2018 1123 2264 1180 Profecto
2294 1127 2461 1193 enim,
2491 1144 2806 1198 quanquam
2840 1147 2907 1185 ne
2942 1132 3117 1200 ipsius
3145 1134 3365 1204 quidem
3396 1135 3585 1190 Basilii

2014 1214 2185 1270 divini
2221 1216 2423 1273 videris
2450 1222 2674 1275 omnino
2704 1222 3007 1291 neglexisse
3043 1223 3469 1293 institutionem,
3505 1227 3579 1280 ita

2013 1305 2336 1362 aﬂ'endebas
2366 1308 2419 1363 in
2452 1310 2679 1364 scientia
2710 1321 2761 1365 et
2792 1312 3017 1381 pietate,
3047 1314 3137 1382 qui
3167 1313 3388 1383 quidem
3428 1313 3586 1369 fami-

2013 1397 2228 1454 liariter
2257 1399 2520 1454 utendum
2549 1415 2672 1455 esse
2718 1402 2851 1458 dicit
2899 1405 3077 1473 poetis
3109 1414 3165 1459 et
3202 1406 3481 1463 historicis
3527 1418 3585 1462 et

2013 1487 2332 1544 rhetoribus
2376 1500 2433 1545 et
2471 1491 2726 1546 omnibus
2776 1491 3114 1557 hominibus,
3160 1506 3229 1549 ex
3265 1498 3466 1563 quibus
3516 1500 3581 1552 ad

2013 1581 2180 1635 animi
2215 1596 2404 1635 curam
2455 1582 2666 1638 fructus
2703 1585 2904 1654 aliquis
2934 1586 3343 1643 redundaturus
3387 1589 3477 1643 sit.
3512 1590 3584 1645 Ut

2012 1674 2160 1728 enim
2188 1674 2450 1730 tinetores
2483 1691 2607 1731 cum
2646 1679 3271 1747 prazpararuntmultum
3302 1680 3586 1734 tractando

2013 1765 2067 1819 id
2122 1767 2266 1841 quod
2294 1783 2516 1823 succum
2540 1770 2792 1839 recipiat,
2818 1780 2932 1826 tum
2956 1772 3177 1826 demum
3208 1773 3446 1827 colorem
3479 1773 3583 1827 oh-

1442 1859 1515 1942 ,αν
1548 1859 1582 1907 Il
1604 1859 1665 1889 το
1683 1859 1907 1943 οεξομμ
1934 1884 1981 1943 Β
2018 1859 2257 1922 ducunt,
2291 1860 2405 1916 sive
2445 1876 2777 1930 purpureum
2826 1865 2942 1918 sive
2972 1863 3176 1931 alium;
3203 1866 3392 1919 eodem
3426 1865 3585 1934 plane

1352 1928 1675 1995 ἐπάγουσιν,
1727 1928 1793 1982 ἄν
1841 1948 1887 1984 τε

2011 1950 2175 2006 modo
2225 1966 2324 2006 nos
2378 1928 2619 2022 quoque,
2642 1953 2687 2007 si
2745 1953 3089 2009 indelebilem
3154 1928 3311 2010 nobis
3353 1928 3580 2026 gloriam

1956 2084 1957 2087 η
2007 2041 2223 2110 pulchri
2289 2058 2511 2098 manere
2593 2045 2868 2110 volumus,
2928 2056 3216 2116 postquam
3277 2046 3383 2101 illis
3458 2063 3580 2116 quae

2005 2141 2160 2183 extra
2191 2141 2342 2194 sunt,
2379 2134 2673 2201 praeparati
2722 2148 2937 2196 sumus,
2966 2142 3079 2187 tum
3114 2135 3332 2188 demum
3363 2150 3575 2188 sacram

2004 2231 2061 2277 et
2091 2231 2358 2277 secretam
2384 2224 2671 2280 audiemus
2693 2225 3024 2289 doctrinam,
3046 2236 3101 2282 et
3126 2235 3205 2283 ,ιιι
3235 2227 3477 2295 alioquin
3522 2227 3579 2281 in

2004 2329 2145 2386 aqua
2179 2316 2349 2371 solem
2370 2317 2562 2371 videre
2586 2318 2729 2374 soliti
2753 2334 2964 2382 sumus,
2995 2319 3069 2374 ita
3103 2320 3156 2373 in
3185 2320 3367 2374 lumen
3396 2321 3573 2390 ipsum

2003 2417 2389 2465 convertemus
2414 2410 2625 2465 oculos.
2674 2411 2890 2466 Dicitur
2920 2422 3125 2474 autem,
3169 2412 3369 2481 inquit,
3400 2413 3579 2469 Moses

2002 2515 2224 2570 quoque
2278 2500 2371 2555 ille
2438 2501 2855 2567 celeberrimus,
2922 2504 3079 2574 cujus
3136 2504 3431 2559 maximum
3490 2516 3575 2561 est

2001 2599 2226 2660 propter
2251 2592 2573 2661 sapientiam
2628 2593 2771 2661 apud
2829 2594 3080 2649 homines
3120 2610 3311 2649 omnes
3345 2610 3569 2670 nomen.
3634 2612 3641 2613 ί

2002 2690 2289 2753 postquam
2340 2684 2395 2738 in
2443 2684 2641 2739 litteris
2699 2684 3075 2756 Egyptiorum
3131 2698 3367 2742 mentem
3417 2704 3569 2743 suam

1999 2777 2377 2841 exercuisset,
2409 2785 2523 2829 tum
2576 2776 2795 2831 demum
2850 2778 3151 2832 accessisse
3200 2779 3263 2831 ad
3321 2779 3571 2834 veritatis

1997 2868 2500 2925 scientiamzsimili
2524 2870 2735 2925 ratione
2765 2870 2926 2925 etiam
2968 2880 3155 2940 postea
3177 2872 3450 2925 Dauielcm
3479 2888 3568 2927 sa-

1997 2961 2236 3032 pientem
2272 2961 2464 3018 dicunt
2502 2963 2777 3034 Babylone
2806 2962 3187 3018 Chaldzeorutn
3243 2964 3566 3033 sapientiam

1996 3054 2256 3110 edoctum
2328 3069 2513 3109 rerum
2560 3055 2867 3109 divinarum
2923 3054 3225 3109 doctrinam
3283 3062 3564 3109 tractasse.

1999 3145 2267 3211 Quoniam
2314 3160 2437 3215 quae
2487 3146 2801 3216 quindecim
2841 3161 3015 3202 annos
3066 3155 3254 3200 natum
3315 3146 3482 3217 284
3513 3156 3565 3201 te

1921 3227 2211 3293 Cdiscere
2262 3236 2575 3307 Oportebat,
2645 3252 2753 3292 non
2813 3237 3079 3299 didicisti,
3138 3247 3302 3309 atque
3353 3248 3561 3308 septem

1992 3342 2168 3383 annos
2197 3335 2360 3382 natus
2382 3343 2451 3382 ne
2476 3329 2706 3400 gentiles
2734 3328 2957 3399 quidem
2997 3329 3366 3384 contendebas
3394 3340 3457 3383 ut
3480 3346 3563 3385 se-

1992 3419 2233 3474 cundum
2310 3420 2611 3489 Sapientem
2674 3421 2823 3475 illum
2874 3419 3265 3475 Atheniensem
3321 3421 3560 3490 loquar.

1988 3508 2084 3563 sed
2116 3523 2180 3562 ex
2217 3522 2392 3573 remo,
2420 3520 2481 3563 ut
2509 3511 2683 3573 aiunt,
2718 3511 2773 3564 in
2801 3521 3118 3579 suggestum
3148 3519 3201 3566 et
3239 3512 3556 3581 prmtorium

1990 3607 2216 3669 repente
2245 3608 2299 3655 te
2331 3601 2635 3671 conjecisti,
2667 3601 2770 3656 hoc
2799 3602 3011 3657 scilicet
3033 3603 3177 3665 dico,
3220 3580 3365 3672 quod
3404 3580 3458 3657 tu
3488 3601 3554 3657 ad

1987 3705 2077 3746 res
2131 3690 2348 3746 divinas
2405 3692 2692 3747 accessisti
2744 3693 2913 3748 illotis
2963 3693 3217 3748 manibus
3265 3705 3320 3748 et
3374 3701 3557 3748 mente

1987 3783 2205 3847 obtusa,
2227 3796 2326 3851 age
2354 3784 2520 3837 etiam
2555 3797 2725 3838 senex
2778 3785 3030 3839 docearis
3062 3800 3090 3838 a
3124 3785 3281 3840 nobis
3319 3786 3419 3839 hos
3443 3786 3557 3839 cle-

1986 3873 2286 3928 mentarios
2312 3882 2369 3926 et
2398 3873 2605 3942 primos
2644 3887 2809 3928 sonos
2864 3873 3191 3940 litterarum,
3234 3884 3294 3929 ut
3340 3876 3554 3929 doctior

1982 3965 2180 4026 factus,
2213 3963 2453 4019 divinam
2499 3966 2846 4034 aliquatenus
2894 3965 3159 4035 intelligas
3187 3966 3551 4034 Scripturam,

1982 4071 2166 4126 neque
2200 4056 2353 4111 oneri
2408 4056 2487 4110 sis
2528 4056 2749 4125 pietati;
2787 4070 2911 4111 cum
2942 4055 3155 4125 plebem
3193 4056 3258 4110 ad
3312 4072 3374 4111 ea
3426 4070 3552 4125 per-

1981 4150 2173 4212 ducas,
2201 4164 2325 4217 quas
2363 4148 2533 4218 magis
2556 4148 2751 4203 decent
2776 4156 3043 4213 mortuos,
3082 4149 3174 4217 qui
3209 4146 3353 4202 infra
3385 4162 3545 4217 quam

1979 4254 2075 4295 eos
2121 4240 2214 4310 qui
2273 4254 2437 4307 supra
2489 4248 2693 4293 terram
2745 4248 3053 4302 versantur,
3109 4237 3334 4292 adversa
3397 4236 3549 4290 enim

1978 4333 2222 4389 adversis
2246 4331 2493 4386 dividere
2523 4339 2576 4384 et
2611 4329 2886 4402 corrigere
2909 4330 3113 4400 justum
3145 4337 3248 4391 est,
3278 4329 3550 4399 quamob-

1977 4441 2093 4480 rem
2154 4425 2318 4480 etiam
2359 4421 2684 4478 Charmides
2744 4421 3109 4484 Larissensis,
3152 4436 3276 4475 cum
3328 4419 3546 4473 audiret

1902 4518 2267 4616 unemdam
2308 4525 2618 4572 narrantem
2672 4530 2730 4570 se
2774 4515 2826 4569 in
2882 4529 3021 4584 aqua
3073 4523 3338 4569 aestuante
3391 4514 3543 4567 vivas

1976 4612 2177 4665 vidisse
2232 4610 2519 4679 anguillas,
2572 4607 2680 4662 Has
2722 4607 2911 4678 igitur,
2974 4606 3174 4675 inquit,
3243 4606 3297 4659 in
3345 4603 3566 4675 frigida.

1976 4717 2294 4772 enq'uemus.
2326 4700 2397 4755 Ut
2423 4702 2589 4771 igitur
2613 4699 2809 4769 etipse
2847 4700 3071 4770 ignarus
3106 4697 3355 4752 mansisti
3378 4696 3541 4767 quin-

1973 4793 2148 4846 decim
2181 4805 2360 4845 annos
2384 4776 2544 4859 natus
2576 4789 2864 4854 doctrinae,
2915 4791 2987 4843 ita
3028 4790 3149 4859 ejus
3187 4798 3401 4843 aetatem
3442 4803 3540 4841 an-

1970 4896 2166 4935 norum
2202 4882 2477 4951 sexagiuta
2518 4896 2773 4949 egressus
2827 4888 2877 4935 te
2920 4880 3225 4934 studiosum
3275 4878 3538 4933 simulare

1969 4975 2111 5027 nolis
2144 4973 2329 5040 hodie,
2378 4973 2709 5042 simplicium
2746 4973 2956 5028 scilicet
3004 4980 3061 5026 et
3096 4972 3400 5041 primorum
3447 4985 3536 5023 εοι

1967 5082 2163 5121 norum
2185 5066 2712 5135 elementorumque,
2749 5066 2867 5120 haec
2903 5072 3032 5119 sunt
3055 5063 3281 5119 omnino
3308 5063 3531 5117 nomina

1964 5168 2019 5214 et
2054 5159 2219 5213 verba
2259 5175 2273 5211 :
2316 5156 2554 5226 primum
2580 5158 2725 5211 enim
2765 5157 2958 5211 dlcunt
2987 5156 3220 5210 solidum
3254 5154 3529 5224 quoddam

1963 5251 2379 5305 fundamentum
2427 5250 2611 5318 jacere
2657 5256 2937 5317 oportere,
2989 5247 3120 5316 quid
3184 5247 3256 5301 sit
3302 5261 3529 5312 nomen,

1960 5345 2092 5413 quid
2127 5342 2373 5409 verbum,
2403 5342 2624 5406 deinde,
2657 5339 2786 5410 quid
2810 5341 2883 5394 sit
2903 5339 3189 5395 afﬁrmatio
3217 5349 3275 5393 et
3303 5340 3529 5407 negatio

1957 5441 2016 5488 et
2044 5432 2317 5487 sententia
2366 5440 2422 5487 et
2465 5431 2766 5495 conclusio,
2795 5439 2850 5483 et
2899 5444 3243 5499 quascunque
3302 5420 3375 5481 εἰ
3422 5427 3527 5483 hac

1957 5528 2242 5583 hominum
2277 5525 2662 5596 conjunctione
2707 5533 2763 5579 et
2802 5525 3199 5595 compositione
3243 5521 3527 5577 nominum

1955 5627 2012 5674 et
2064 5618 2359 5673 verborum
2409 5615 2737 5672 elﬁciuntur.
2790 5616 3009 5674 Umbras
3058 5618 3207 5672 enim
3258 5612 3529 5684 quodam4

1956 5711 2122 5766 modo
2156 5725 2339 5765 rerum
2369 5717 2497 5764 sunt
2529 5709 2648 5762 soni
2706 5711 3009 5767 secundum
3043 5719 3224 5764 motus
3276 5705 3527 5761 substra-

1956 5813 2139 5858 torum
2181 5802 2396 5857 formati
2421 5808 2475 5855 et
2495 5801 2657 5872 235
2684 5804 2998 5859 nominibus
3026 5812 3081 5858 et
3122 5801 3306 5856 verbis
3346 5800 3526 5866 misti,

1954 5914 2135 5961 neque
2182 5898 2327 5954 enim
2362 5897 2544 5961 gignet
2596 5900 2757 5954 rebus
2818 5900 3035 5954 nomina
3098 5896 3208 5951 ullo
3262 5897 3424 5952 modo
3449 5911 3526 5951 no
