  <div class='ocr_page' id='page_1' title='image "/cluster/home/n/w/nwhite01/storage/ocr_20150623/149/mdp.39015078384750/133.png"; bbox 0 0 4046 6290; ppageno 0'>
   <div class='ocr_carea' id='block_1_1' title="bbox 488 385 590 452">
    <p class='ocr_par' dir='ltr' id='par_1_1' title="bbox 488 385 590 452">
     <span class='ocr_line' id='line_1_1' title="bbox 488 385 590 452; baseline -0.02 0"><span class='ocrx_word' id='word_1_1' title='bbox 488 385 590 452; x_wconf 77' lang='grc'><strong>251</strong></span> 
     </span>
    </p>
   </div>
   <div class='ocr_carea' id='block_1_2' title="bbox 1668 391 2506 456">
    <p class='ocr_par' dir='ltr' id='par_1_2' title="bbox 1668 391 2506 456">
     <span class='ocr_line' id='line_1_2' title="bbox 1668 391 2506 456; baseline 0.004 -2"><span class='ocrx_word' id='word_1_2' title='bbox 1668 396 1844 456; x_wconf 86' lang='lat' dir='ltr'><strong>NICE</strong></span> <span class='ocrx_word' id='word_1_3' title='bbox 1855 391 2088 454; x_wconf 78' lang='lat' dir='ltr'><strong>Pl-IORI</strong></span> <span class='ocrx_word' id='word_1_4' title='bbox 2125 393 2506 456; x_wconf 77' lang='lat' dir='ltr'><strong>GREGttR/E</strong></span> 
     </span>
    </p>
   </div>
   <div class='ocr_carea' id='block_1_3' title="bbox 3659 385 3763 449">
    <p class='ocr_par' dir='ltr' id='par_1_3' title="bbox 3659 385 3763 449">
     <span class='ocr_line' id='line_1_3' title="bbox 3659 385 3763 449; baseline 0.019 -3"><span class='ocrx_word' id='word_1_5' title='bbox 3659 385 3763 449; x_wconf 70' lang='lat'><strong>252</strong></span> 
     </span>
    </p>
   </div>
   <div class='ocr_carea' id='block_1_4' title="bbox 492 492 2102 574">
    <p class='ocr_par' dir='ltr' id='par_1_4' title="bbox 492 500 2064 571">
     <span class='ocr_line' id='line_1_4' title="bbox 492 500 2064 571; baseline 0.003 -18"><span class='ocrx_word' id='word_1_6' title='bbox 492 507 688 555; x_wconf 87' lang='lat' dir='ltr'><strong>natura</strong></span> <span class='ocrx_word' id='word_1_7' title='bbox 740 500 987 571; x_wconf 84' lang='lat' dir='ltr'><strong>quidem,</strong></span> <span class='ocrx_word' id='word_1_8' title='bbox 1034 503 1129 560; x_wconf 85' lang='lat' dir='ltr'><strong>sed</strong></span> <span class='ocrx_word' id='word_1_9' title='bbox 1179 520 1246 560; x_wconf 79' lang='lat' dir='ltr'><strong>ex</strong></span> <span class='ocrx_word' id='word_1_10' title='bbox 1293 505 1679 562; x_wconf 85' lang='lat' dir='ltr'><strong>convenientia</strong></span> <span class='ocrx_word' id='word_1_11' title='bbox 1729 515 1787 560; x_wconf 89' lang='lat' dir='ltr'><strong>et</strong></span> <span class='ocrx_word' id='word_1_12' title='bbox 1831 520 2064 560; x_wconf 85' lang='lat' dir='ltr'><strong>consen-</strong></span> 
     </span>
    </p>
   </div>
   <div class='ocr_carea' id='block_1_5' title="bbox 2207 492 3750 574">
    <p class='ocr_par' dir='ltr' id='par_1_5' title="bbox 2209 492 3750 574">
     <span class='ocr_line' id='line_1_5' title="bbox 2209 492 3750 574; baseline -0.006 -17"><span class='ocrx_word' id='word_1_13' title='bbox 2209 506 2442 574; x_wconf 86' lang='grc' dir='ltr'>νόματα,</span> <span class='ocrx_word' id='word_1_14' title='bbox 2481 507 2568 558; x_wconf 74' lang='grc' dir='ltr'>ναὶ</span> <span class='ocrx_word' id='word_1_15' title='bbox 2599 503 2707 572; x_wconf 79' lang='grc' dir='ltr'>μὴν</span> <span class='ocrx_word' id='word_1_16' title='bbox 2738 501 2856 554; x_wconf 74' lang='grc' dir='ltr'>οὐδὲ</span> <span class='ocrx_word' id='word_1_17' title='bbox 2887 499 3073 569; x_wconf 81' lang='grc' dir='ltr'>φύσις,</span> <span class='ocrx_word' id='word_1_18' title='bbox 3113 496 3250 550; x_wconf 81' lang='grc' dir='ltr'>ἀλλὰ</span> <span class='ocrx_word' id='word_1_19' title='bbox 3293 492 3432 547; x_wconf 77' lang='grc' dir='ltr'>κατὰ</span> <span class='ocrx_word' id='word_1_20' title='bbox 3480 492 3750 562; x_wconf 77' lang='grc' dir='ltr'><strong>συνθήκην</strong></span> 
     </span>
    </p>
   </div>
   <div class='ocr_carea' id='block_1_6' title="bbox 491 591 2069 666">
    <p class='ocr_par' dir='ltr' id='par_1_6' title="bbox 491 591 2069 666">
     <span class='ocr_line' id='line_1_6' title="bbox 491 591 2069 666; baseline 0.004 -20"><span class='ocrx_word' id='word_1_21' title='bbox 491 593 648 646; x_wconf 84' lang='lat' dir='ltr'><strong>sione</strong></span> <span class='ocrx_word' id='word_1_22' title='bbox 673 591 962 650; x_wconf 84' lang='lat' dir='ltr'><strong>hominum</strong></span> <span class='ocrx_word' id='word_1_23' title='bbox 999 598 1334 666; x_wconf 70' lang='lat' dir='ltr'><strong>prudentum</strong></span> <span class='ocrx_word' id='word_1_24' title='bbox 1362 599 1624 654; x_wconf 88' lang='lat' dir='ltr'><strong>oriuntur</strong></span> <span class='ocrx_word' id='word_1_25' title='bbox 1649 599 1816 654; x_wconf 87' lang='lat' dir='ltr'><strong>rebus</strong></span> <span class='ocrx_word' id='word_1_26' title='bbox 1847 601 2069 653; x_wconf 89' lang='lat' dir='ltr'><strong>nomina</strong></span> 
     </span>
    </p>
   </div>
   <div class='ocr_carea' id='block_1_7' title="bbox 495 684 2068 764">
    <p class='ocr_par' dir='ltr' id='par_1_7' title="bbox 495 684 2068 764">
     <span class='ocr_line' id='line_1_7' title="bbox 495 684 2068 764; baseline 0.007 -30"><span class='ocrx_word' id='word_1_27' title='bbox 495 697 584 738; x_wconf 71' lang='lat' dir='ltr'><strong>res</strong></span> <span class='ocrx_word' id='word_1_28' title='bbox 618 684 982 755; x_wconf 79' lang='lat' dir='ltr'><strong>signiﬁcantia</strong></span> <span class='ocrx_word' id='word_1_29' title='bbox 1026 689 1331 746; x_wconf 88' lang='lat' dir='ltr'><strong>secundum</strong></span> <span class='ocrx_word' id='word_1_30' title='bbox 1363 689 1690 762; x_wconf 83' lang='lat' dir='ltr'><strong>Gregorium</strong></span> <span class='ocrx_word' id='word_1_31' title='bbox 1738 692 2068 764; x_wconf 83' lang='lat' dir='ltr'><strong>Nyssenum.</strong></span> 
     </span>
    </p>
   </div>
   <div class='ocr_carea' id='block_1_8' title="bbox 565 856 2073 937">
    <p class='ocr_par' dir='ltr' id='par_1_8' title="bbox 565 856 2073 937">
     <span class='ocr_line' id='line_1_8' title="bbox 565 856 2073 937; baseline 0.009 -27"><span class='ocrx_word' id='word_1_32' title='bbox 565 856 659 911; x_wconf 82' lang='lat' dir='ltr'><strong>XI.</strong></span> <span class='ocrx_word' id='word_1_33' title='bbox 693 856 787 913; x_wconf 85' lang='lat' dir='ltr'><strong>Est</strong></span> <span class='ocrx_word' id='word_1_34' title='bbox 819 860 966 915; x_wconf 84' lang='lat' dir='ltr'><strong>enim</strong></span> <span class='ocrx_word' id='word_1_35' title='bbox 997 877 1136 931; x_wconf 85' lang='lat' dir='ltr'><strong>Opus</strong></span> <span class='ocrx_word' id='word_1_36' title='bbox 1162 879 1193 919; x_wconf 92' lang='lat' dir='ltr'><strong>e</strong></span> <span class='ocrx_word' id='word_1_37' title='bbox 1222 864 1536 934; x_wconf 70' lang='lat' dir='ltr'><strong>sapientum</strong></span> <span class='ocrx_word' id='word_1_38' title='bbox 1565 867 1659 935; x_wconf 87' lang='lat' dir='ltr'><strong>qui</strong></span> <span class='ocrx_word' id='word_1_39' title='bbox 1691 868 1837 937; x_wconf 92' lang='lat' dir='ltr'><strong>apud</strong></span> <span class='ocrx_word' id='word_1_40' title='bbox 1879 883 1988 924; x_wconf 68' lang='lat' dir='ltr'><strong>nos.</strong></span> <span class='ocrx_word' id='word_1_41' title='bbox 2016 879 2073 924; x_wconf 90' lang='lat' dir='ltr'><strong>et</strong></span> 
     </span>
    </p>
   </div>
   <div class='ocr_carea' id='block_1_9' title="bbox 497 948 2072 1020">
    <p class='ocr_par' dir='ltr' id='par_1_9' title="bbox 497 948 2072 1020">
     <span class='ocr_line' id='line_1_9' title="bbox 497 948 2072 1020; baseline 0.011 -20"><span class='ocrx_word' id='word_1_42' title='bbox 497 948 648 1018; x_wconf 80' lang='lat' dir='ltr'><strong>apud</strong></span> <span class='ocrx_word' id='word_1_43' title='bbox 666 960 923 1008; x_wconf 81' lang='lat' dir='ltr'><strong>externos</strong></span> <span class='ocrx_word' id='word_1_44' title='bbox 951 966 1081 1009; x_wconf 86' lang='lat' dir='ltr'><strong>sunt</strong></span> <span class='ocrx_word' id='word_1_45' title='bbox 1130 958 1610 1014; x_wconf 83' lang='lat' dir='ltr'><strong>consentientibus</strong></span> <span class='ocrx_word' id='word_1_46' title='bbox 1653 960 1712 1015; x_wconf 89' lang='lat' dir='ltr'><strong>in</strong></span> <span class='ocrx_word' id='word_1_47' title='bbox 1759 961 2072 1020; x_wconf 82' lang='lat' dir='ltr'><strong>litterarum</strong></span> 
     </span>
    </p>
   </div>
   <div class='ocr_carea' id='block_1_10' title="bbox 497 1042 2077 1126">
    <p class='ocr_par' dir='ltr' id='par_1_10' title="bbox 497 1042 2077 1126">
     <span class='ocr_line' id='line_1_10' title="bbox 497 1042 2077 1126; baseline 0.011 -33"><span class='ocrx_word' id='word_1_48' title='bbox 497 1042 802 1098; x_wconf 78' lang='lat' dir='ltr'><strong>subtilitate</strong></span> <span class='ocrx_word' id='word_1_49' title='bbox 832 1045 997 1101; x_wconf 91' lang='lat' dir='ltr'><strong>dictis</strong></span> <span class='ocrx_word' id='word_1_50' title='bbox 1031 1048 1124 1101; x_wconf 88' lang='lat' dir='ltr'><strong>tibi</strong></span> <span class='ocrx_word' id='word_1_51' title='bbox 1163 1048 1442 1110; x_wconf 84' lang='lat' dir='ltr'><strong>inerudito</strong></span> <span class='ocrx_word' id='word_1_52' title='bbox 1487 1051 1766 1108; x_wconf 89' lang='lat' dir='ltr'><strong>adducere</strong></span> <span class='ocrx_word' id='word_1_53' title='bbox 1804 1069 2077 1126; x_wconf 66' lang='lat' dir='ltr'><strong>praepara-</strong></span> 
     </span>
    </p>
   </div>
   <div class='ocr_carea' id='block_1_11' title="bbox 499 1134 2076 1216">
    <p class='ocr_par' dir='ltr' id='par_1_11' title="bbox 499 1134 2076 1216">
     <span class='ocr_line' id='line_1_11' title="bbox 499 1134 2076 1216; baseline 0.009 -30"><span class='ocrx_word' id='word_1_54' title='bbox 499 1134 706 1188; x_wconf 80' lang='lat' dir='ltr'><strong>tionem</strong></span> <span class='ocrx_word' id='word_1_55' title='bbox 735 1136 1006 1205; x_wconf 85' lang='lat' dir='ltr'><strong>ejusmodi</strong></span> <span class='ocrx_word' id='word_1_56' title='bbox 1043 1139 1430 1205; x_wconf 86' lang='lat' dir='ltr'><strong>institutionis,</strong></span> <span class='ocrx_word' id='word_1_57' title='bbox 1466 1152 1524 1198; x_wconf 91' lang='lat' dir='ltr'><strong>ut</strong></span> <span class='ocrx_word' id='word_1_58' title='bbox 1550 1144 1656 1198; x_wconf 87' lang='lat' dir='ltr'><strong>hoc</strong></span> <span class='ocrx_word' id='word_1_59' title='bbox 1699 1146 1864 1200; x_wconf 84' lang='lat' dir='ltr'><strong>modo</strong></span> <span class='ocrx_word' id='word_1_60' title='bbox 1895 1149 2076 1216; x_wconf 85' lang='lat' dir='ltr'><strong>possi-</strong></span> 
     </span>
    </p>
   </div>
   <div class='ocr_carea' id='block_1_12' title="bbox 500 1229 2078 1305">
    <p class='ocr_par' dir='ltr' id='par_1_12' title="bbox 500 1229 2078 1305">
     <span class='ocr_line' id='line_1_12' title="bbox 500 1229 2078 1305; baseline 0.012 -26"><span class='ocrx_word' id='word_1_61' title='bbox 500 1241 624 1280; x_wconf 86' lang='lat' dir='ltr'><strong>mus</strong></span> <span class='ocrx_word' id='word_1_62' title='bbox 659 1229 877 1283; x_wconf 78' lang='lat' dir='ltr'><strong>tandem</strong></span> <span class='ocrx_word' id='word_1_63' title='bbox 914 1231 1216 1300; x_wconf 80' lang='lat' dir='ltr'><strong>aliquando</strong></span> <span class='ocrx_word' id='word_1_64' title='bbox 1251 1242 1475 1305; x_wconf 79' lang='lat' dir='ltr'><strong>tangere</strong></span> <span class='ocrx_word' id='word_1_65' title='bbox 1509 1249 1755 1294; x_wconf 83' lang='lat' dir='ltr'><strong>mentem</strong></span> <span class='ocrx_word' id='word_1_66' title='bbox 1796 1250 1943 1294; x_wconf 88' lang='lat' dir='ltr'><strong>tuam</strong></span> <span class='ocrx_word' id='word_1_67' title='bbox 1979 1243 2078 1297; x_wconf 81' lang='lat' dir='ltr'><strong>ob-</strong></span> 
     </span>
    </p>
   </div>
   <div class='ocr_carea' id='block_1_13' title="bbox 500 1321 2075 1402">
    <p class='ocr_par' dir='ltr' id='par_1_13' title="bbox 500 1321 2075 1402">
     <span class='ocr_line' id='line_1_13' title="bbox 500 1321 2075 1402; baseline 0.01 -30"><span class='ocrx_word' id='word_1_68' title='bbox 500 1328 679 1372; x_wconf 79' lang='lat' dir='ltr'><strong>tusam</strong></span> <span class='ocrx_word' id='word_1_69' title='bbox 707 1331 763 1374; x_wconf 91' lang='lat' dir='ltr'><strong>et</strong></span> <span class='ocrx_word' id='word_1_70' title='bbox 794 1321 1304 1381; x_wconf 86' lang='lat' dir='ltr'><strong>ineruditissimam.</strong></span> <span class='ocrx_word' id='word_1_71' title='bbox 1339 1328 1730 1386; x_wconf 76' lang='lat' dir='ltr'><strong>Murumenim</strong></span> <span class='ocrx_word' id='word_1_72' title='bbox 1763 1333 2075 1402; x_wconf 77' lang='lat' dir='ltr'><strong>dogmatum</strong></span> 
     </span>
    </p>
   </div>
   <div class='ocr_carea' id='block_1_14' title="bbox 499 1409 2079 1483">
    <p class='ocr_par' dir='ltr' id='par_1_14' title="bbox 499 1409 2079 1483">
     <span class='ocr_line' id='line_1_14' title="bbox 499 1409 2079 1483; baseline 0.012 -21"><span class='ocrx_word' id='word_1_73' title='bbox 499 1409 733 1465; x_wconf 78' lang='lat' dir='ltr'><strong>Basilius</strong></span> <span class='ocrx_word' id='word_1_74' title='bbox 769 1411 998 1483; x_wconf 80' lang='lat' dir='ltr'><strong>Magnus</strong></span> <span class='ocrx_word' id='word_1_75' title='bbox 1054 1430 1177 1472; x_wconf 88' lang='lat' dir='ltr'><strong>csse</strong></span> <span class='ocrx_word' id='word_1_76' title='bbox 1231 1419 1366 1473; x_wconf 87' lang='lat' dir='ltr'><strong>dicit</strong></span> <span class='ocrx_word' id='word_1_77' title='bbox 1413 1429 1768 1479; x_wconf 82' lang='lat' dir='ltr'><strong>externorum</strong></span> <span class='ocrx_word' id='word_1_78' title='bbox 1814 1426 2079 1481; x_wconf 79' lang='lat' dir='ltr'><strong>doctrinae</strong></span> 
     </span>
    </p>
   </div>
   <div class='ocr_carea' id='block_1_15' title="bbox 500 1503 2078 1585">
    <p class='ocr_par' dir='ltr' id='par_1_15' title="bbox 500 1503 2078 1585">
     <span class='ocr_line' id='line_1_15' title="bbox 500 1503 2078 1585; baseline 0.011 -29"><span class='ocrx_word' id='word_1_79' title='bbox 500 1503 635 1562; x_wconf 84' lang='lat' dir='ltr'><strong>vim.</strong></span> <span class='ocrx_word' id='word_1_80' title='bbox 670 1521 792 1572; x_wconf 75' lang='lat' dir='ltr'><strong>qua:</strong></span> <span class='ocrx_word' id='word_1_81' title='bbox 818 1519 923 1560; x_wconf 88' lang='lat' dir='ltr'><strong>non</strong></span> <span class='ocrx_word' id='word_1_82' title='bbox 957 1507 1102 1563; x_wconf 86' lang='lat' dir='ltr'><strong>sinat</strong></span> <span class='ocrx_word' id='word_1_83' title='bbox 1136 1525 1200 1564; x_wconf 89' lang='lat' dir='ltr'><strong>ea</strong></span> <span class='ocrx_word' id='word_1_84' title='bbox 1237 1526 1271 1566; x_wconf 86' lang='lat' dir='ltr'><strong>a</strong></span> <span class='ocrx_word' id='word_1_85' title='bbox 1295 1513 1545 1581; x_wconf 89' lang='lat' dir='ltr'><strong>quolibet</strong></span> <span class='ocrx_word' id='word_1_86' title='bbox 1569 1518 1830 1585; x_wconf 79' lang='lat' dir='ltr'><strong>exagitari</strong></span> <span class='ocrx_word' id='word_1_87' title='bbox 1885 1530 1943 1574; x_wconf 88' lang='lat' dir='ltr'><strong>et</strong></span> <span class='ocrx_word' id='word_1_88' title='bbox 1991 1520 2078 1573; x_wconf 91' lang='lat' dir='ltr'><strong>di-</strong></span> 
     </span>
    </p>
   </div>
   <div class='ocr_carea' id='block_1_16' title="bbox 505 1593 2082 1678">
    <p class='ocr_par' dir='ltr' id='par_1_16' title="bbox 505 1593 2082 1678">
     <span class='ocr_line' id='line_1_16' title="bbox 505 1593 2082 1678; baseline 0.013 -34"><span class='ocrx_word' id='word_1_89' title='bbox 505 1593 633 1660; x_wconf 87' lang='lat' dir='ltr'><strong>ripi,</strong></span> <span class='ocrx_word' id='word_1_90' title='bbox 670 1603 726 1648; x_wconf 93' lang='lat' dir='ltr'><strong>et</strong></span> <span class='ocrx_word' id='word_1_91' title='bbox 758 1612 949 1652; x_wconf 89' lang='lat' dir='ltr'><strong>rursus</strong></span> <span class='ocrx_word' id='word_1_92' title='bbox 973 1597 1401 1671; x_wconf 78' lang='lat' dir='ltr'><strong>Cltrysostomus</strong></span> <span class='ocrx_word' id='word_1_93' title='bbox 1429 1605 1672 1670; x_wconf 88' lang='lat' dir='ltr'><strong>divinus,</strong></span> <span class='ocrx_word' id='word_1_94' title='bbox 1697 1607 1833 1661; x_wconf 90' lang='lat' dir='ltr'><strong>Cum</strong></span> <span class='ocrx_word' id='word_1_95' title='bbox 1860 1625 1924 1663; x_wconf 82' lang='lat' dir='ltr'><strong>ex</strong></span> <span class='ocrx_word' id='word_1_96' title='bbox 1956 1609 2082 1678; x_wconf 86' lang='lat' dir='ltr'><strong>dog-</strong></span> 
     </span>
    </p>
   </div>
   <div class='ocr_carea' id='block_1_17' title="bbox 505 1685 2082 1772">
    <p class='ocr_par' dir='ltr' id='par_1_17' title="bbox 505 1685 2082 1772">
     <span class='ocr_line' id='line_1_17' title="bbox 505 1685 2082 1772; baseline 0.013 -36"><span class='ocrx_word' id='word_1_97' title='bbox 505 1685 690 1748; x_wconf 72' lang='lat' dir='ltr'><strong>mntis,</strong></span> <span class='ocrx_word' id='word_1_98' title='bbox 729 1686 932 1756; x_wconf 87' lang='lat' dir='ltr'><strong>inquit,</strong></span> <span class='ocrx_word' id='word_1_99' title='bbox 963 1701 1193 1761; x_wconf 78' lang='lat' dir='ltr'><strong>:egrotat</strong></span> <span class='ocrx_word' id='word_1_100' title='bbox 1221 1694 1438 1750; x_wconf 87' lang='lat' dir='ltr'><strong>animus</strong></span> <span class='ocrx_word' id='word_1_101' title='bbox 1459 1699 1680 1766; x_wconf 87' lang='lat' dir='ltr'><strong>spuriis,</strong></span> <span class='ocrx_word' id='word_1_102' title='bbox 1707 1711 1824 1755; x_wconf 86' lang='lat' dir='ltr'><strong>tum</strong></span> <span class='ocrx_word' id='word_1_103' title='bbox 1853 1717 2082 1772; x_wconf 83' lang='lat' dir='ltr'><strong>magnus</strong></span> 
     </span>
    </p>
   </div>
   <div class='ocr_carea' id='block_1_18' title="bbox 507 1773 2079 1848">
    <p class='ocr_par' dir='ltr' id='par_1_18' title="bbox 507 1773 2079 1848">
     <span class='ocr_line' id='line_1_18' title="bbox 507 1773 2079 1848; baseline 0.014 -22"><span class='ocrx_word' id='word_1_104' title='bbox 507 1773 813 1830; x_wconf 88' lang='lat' dir='ltr'><strong>litterarum</strong></span> <span class='ocrx_word' id='word_1_105' title='bbox 851 1792 934 1833; x_wconf 90' lang='lat' dir='ltr'><strong>est</strong></span> <span class='ocrx_word' id='word_1_106' title='bbox 969 1797 1121 1841; x_wconf 81' lang='lat' dir='ltr'><strong>usus,</strong></span> <span class='ocrx_word' id='word_1_107' title='bbox 1147 1800 1255 1838; x_wconf 85' lang='lat' dir='ltr'><strong>non</strong></span> <span class='ocrx_word' id='word_1_108' title='bbox 1273 1787 1447 1840; x_wconf 85' lang='lat' dir='ltr'><strong>solum</strong></span> <span class='ocrx_word' id='word_1_109' title='bbox 1483 1799 1674 1843; x_wconf 85' lang='lat' dir='ltr'><strong>centra</strong></span> <span class='ocrx_word' id='word_1_110' title='bbox 1696 1791 2079 1848; x_wconf 79' lang='lat' dir='ltr'><strong>infirmitatem</strong></span> 
     </span>
    </p>
   </div>
   <div class='ocr_carea' id='block_1_19' title="bbox 2179 588 3753 666">
    <p class='ocr_par' dir='ltr' id='par_1_19' title="bbox 2179 588 3753 666">
     <span class='ocr_line' id='line_1_19' title="bbox 2179 588 3753 666; baseline -0.007 -16"><span class='ocrx_word' id='word_1_111' title='bbox 2179 597 2278 650; x_wconf 72' lang='grc' dir='ltr'>καὶ</span> <span class='ocrx_word' id='word_1_112' title='bbox 2326 599 2650 666; x_wconf 77' lang='grc' dir='ltr'><strong>συμφωνίαν</strong></span> <span class='ocrx_word' id='word_1_113' title='bbox 2695 594 2908 664; x_wconf 82' lang='grc' dir='ltr'>ἀνδρῶν</span> <span class='ocrx_word' id='word_1_114' title='bbox 2947 592 3186 645; x_wconf 76' lang='grc' dir='ltr'><strong>συνετῶν</strong></span> <span class='ocrx_word' id='word_1_115' title='bbox 3225 588 3604 655; x_wconf 77' lang='grc' dir='ltr'><strong>ἐπιγίγνονται</strong></span> <span class='ocrx_word' id='word_1_116' title='bbox 3647 591 3753 648; x_wconf 73' lang='grc' dir='ltr'>τοῖς</span> 
     </span>
    </p>
   </div>
   <div class='ocr_carea' id='block_1_20' title="bbox 2181 683 3752 758">
    <p class='ocr_par' dir='ltr' id='par_1_20' title="bbox 2181 683 3752 758">
     <span class='ocr_line' id='line_1_20' title="bbox 2181 683 3752 758; baseline -0.004 -18"><span class='ocrx_word' id='word_1_117' title='bbox 2181 690 2510 758; x_wconf 80' lang='grc' dir='ltr'>πράγμασιν</span> <span class='ocrx_word' id='word_1_118' title='bbox 2547 689 2605 740; x_wconf 82' lang='grc' dir='ltr'><strong>αἰ</strong></span> <span class='ocrx_word' id='word_1_119' title='bbox 2646 685 2987 755; x_wconf 77' lang='grc' dir='ltr'>σημαντικαὶ</span> <span class='ocrx_word' id='word_1_120' title='bbox 3027 685 3136 736; x_wconf 86' lang='grc' dir='ltr'><strong>τῶν</strong></span> <span class='ocrx_word' id='word_1_121' title='bbox 3170 683 3518 751; x_wconf 76' lang='grc' dir='ltr'><strong>πραγμάτων</strong></span> <span class='ocrx_word' id='word_1_122' title='bbox 3551 698 3752 751; x_wconf 86' lang='grc' dir='ltr'>προση-</span> 
     </span>
    </p>
   </div>
   <div class='ocr_carea' id='block_1_21' title="bbox 2180 777 3300 851">
    <p class='ocr_par' dir='ltr' id='par_1_21' title="bbox 2180 777 3300 851">
     <span class='ocr_line' id='line_1_21' title="bbox 2180 777 3300 851; baseline -0.004 -19"><span class='ocrx_word' id='word_1_123' title='bbox 2180 784 2365 851; x_wconf 78' lang='grc' dir='ltr'>γορὶαι</span> <span class='ocrx_word' id='word_1_124' title='bbox 2391 782 2534 838; x_wconf 69' lang='grc' dir='ltr'>κατὰ</span> <span class='ocrx_word' id='word_1_125' title='bbox 2564 781 2656 831; x_wconf 67' lang='grc' dir='ltr'><strong>τὸν</strong></span> <span class='ocrx_word' id='word_1_126' title='bbox 2682 777 2942 834; x_wconf 82' lang='grc' dir='ltr'>Νυσσαὲα</span> <span class='ocrx_word' id='word_1_127' title='bbox 2974 777 3300 845; x_wconf 72' lang='grc' dir='ltr'>Γρηγὸριον.</span> 
     </span>
    </p>
   </div>
   <div class='ocr_carea' id='block_1_22' title="bbox 2254 866 3757 946">
    <p class='ocr_par' dir='ltr' id='par_1_22' title="bbox 2254 866 3757 946">
     <span class='ocr_line' id='line_1_22' title="bbox 2254 866 3757 946; baseline -0.005 -19"><span class='ocrx_word' id='word_1_128' title='bbox 2254 873 2318 946; x_wconf 66' lang='grc' dir='ltr'><strong>[τέ</strong></span> <span class='ocrx_word' id='word_1_129' title='bbox 2344 873 2536 944; x_wconf 66' lang='grc' dir='ltr'><strong>157υ.]</strong></span> <span class='ocrx_word' id='word_1_130' title='bbox 2563 873 2665 926; x_wconf 83' lang='lat' dir='ltr'><strong>IA&#39;.</strong></span> <span class='ocrx_word' id='word_1_131' title='bbox 2681 875 2772 925; x_wconf 84' lang='grc' dir='ltr'><strong>Δεῖ</strong></span> <span class='ocrx_word' id='word_1_132' title='bbox 2788 873 2896 940; x_wconf 71' lang='grc' dir='ltr'>γὰρ</span> <span class='ocrx_word' id='word_1_133' title='bbox 2916 871 2978 923; x_wconf 76' lang='grc' dir='ltr'>ἐκ</span> <span class='ocrx_word' id='word_1_134' title='bbox 3002 889 3058 923; x_wconf 84' lang='grc' dir='ltr'><strong>τε</strong></span> <span class='ocrx_word' id='word_1_135' title='bbox 3084 871 3195 922; x_wconf 88' lang='grc' dir='ltr'><strong>τῶν</strong></span> <span class='ocrx_word' id='word_1_136' title='bbox 3217 868 3510 938; x_wconf 79' lang='grc' dir='ltr'><strong>ἡμετέρων</strong></span> <span class='ocrx_word' id='word_1_137' title='bbox 3528 866 3624 920; x_wconf 75' lang='grc' dir='ltr'>καὶ</span> <span class='ocrx_word' id='word_1_138' title='bbox 3647 867 3757 934; x_wconf 69' lang='grc' dir='ltr'>ἅμα</span> 
     </span>
    </p>
   </div>
   <div class='ocr_carea' id='block_1_23' title="bbox 2181 960 3758 1032">
    <p class='ocr_par' dir='ltr' id='par_1_23' title="bbox 2181 960 3758 1032">
     <span class='ocr_line' id='line_1_23' title="bbox 2181 960 3758 1032; baseline -0.005 -15"><span class='ocrx_word' id='word_1_139' title='bbox 2181 964 2294 1017; x_wconf 84' lang='grc' dir='ltr'><strong>τῶν</strong></span> <span class='ocrx_word' id='word_1_140' title='bbox 2329 964 2566 1032; x_wconf 87' lang='grc' dir='ltr'>θύραθεν</span> <span class='ocrx_word' id='word_1_141' title='bbox 2597 964 2800 1030; x_wconf 76' lang='grc' dir='ltr'>σοφῶν,</span> <span class='ocrx_word' id='word_1_142' title='bbox 2836 963 3106 1029; x_wconf 85' lang='grc' dir='ltr'>σύμφωνα</span> <span class='ocrx_word' id='word_1_143' title='bbox 3135 961 3532 1029; x_wconf 78' lang='grc' dir='ltr'><strong>φθεγγομένων</strong></span> <span class='ocrx_word' id='word_1_144' title='bbox 3561 960 3620 1010; x_wconf 81' lang='grc' dir='ltr'>ὲν</span> <span class='ocrx_word' id='word_1_145' title='bbox 3645 961 3758 1021; x_wconf 81' lang='grc' dir='ltr'>ταῖς</span> 
     </span>
    </p>
   </div>
   <div class='ocr_carea' id='block_1_24' title="bbox 2182 1047 3759 1121">
    <p class='ocr_par' dir='ltr' id='par_1_24' title="bbox 2182 1047 3759 1121">
     <span class='ocr_line' id='line_1_24' title="bbox 2182 1047 3759 1121; baseline -0.003 -15"><span class='ocrx_word' id='word_1_146' title='bbox 2182 1053 2293 1106; x_wconf 83' lang='grc' dir='ltr'><strong>τῶν</strong></span> <span class='ocrx_word' id='word_1_147' title='bbox 2314 1053 2491 1121; x_wconf 81' lang='grc' dir='ltr'>λόγων</span> <span class='ocrx_word' id='word_1_148' title='bbox 2506 1054 2967 1120; x_wconf 80' lang='grc' dir='ltr'>ὲπιστημονικαῖς</span> <span class='ocrx_word' id='word_1_149' title='bbox 2989 1050 3321 1120; x_wconf 73' lang='grc' dir='ltr'>ἀκριϐείαις,</span> <span class='ocrx_word' id='word_1_150' title='bbox 3344 1050 3421 1118; x_wconf 84' lang='grc' dir='ltr'>τῷ</span> <span class='ocrx_word' id='word_1_151' title='bbox 3441 1047 3652 1116; x_wconf 82' lang='grc' dir='ltr'>ἀμαθεῖ</span> <span class='ocrx_word' id='word_1_152' title='bbox 3668 1049 3759 1118; x_wconf 80' lang='grc' dir='ltr'><strong>τήν</strong></span> 
     </span>
    </p>
   </div>
   <div class='ocr_carea' id='block_1_25' title="bbox 2185 1142 3757 1218">
    <p class='ocr_par' dir='ltr' id='par_1_25' title="bbox 2185 1142 3757 1218">
     <span class='ocr_line' id='line_1_25' title="bbox 2185 1142 3757 1218; baseline -0.005 -17"><span class='ocrx_word' id='word_1_153' title='bbox 2185 1148 2548 1218; x_wconf 84' lang='grc' dir='ltr'>προπαιδείαν</span> <span class='ocrx_word' id='word_1_154' title='bbox 2591 1164 2674 1198; x_wconf 90' lang='grc' dir='ltr'><strong>σοι</strong></span> <span class='ocrx_word' id='word_1_155' title='bbox 2709 1147 2806 1215; x_wconf 77' lang='grc' dir='ltr'>τῆς</span> <span class='ocrx_word' id='word_1_156' title='bbox 2835 1144 3094 1214; x_wconf 78' lang='grc' dir='ltr'><strong>τοιαύτης</strong></span> <span class='ocrx_word' id='word_1_157' title='bbox 3143 1143 3443 1214; x_wconf 78' lang='grc' dir='ltr'>προσάγειν</span> <span class='ocrx_word' id='word_1_158' title='bbox 3497 1142 3757 1196; x_wconf 81' lang='grc' dir='ltr'>διδασκα-</span> 
     </span>
    </p>
   </div>
   <div class='ocr_carea' id='block_1_26' title="bbox 2184 1233 3759 1308">
    <p class='ocr_par' dir='ltr' id='par_1_26' title="bbox 2184 1233 3759 1308">
     <span class='ocr_line' id='line_1_26' title="bbox 2184 1233 3759 1308; baseline -0.004 -16"><span class='ocrx_word' id='word_1_159' title='bbox 2184 1239 2331 1307; x_wconf 86' lang='grc' dir='ltr'>λίας,</span> <span class='ocrx_word' id='word_1_160' title='bbox 2362 1239 2438 1302; x_wconf 86' lang='grc' dir='ltr'>ὡς</span> <span class='ocrx_word' id='word_1_161' title='bbox 2466 1240 2532 1293; x_wconf 80' lang='grc' dir='ltr'>ἂν</span> <span class='ocrx_word' id='word_1_162' title='bbox 2563 1239 2709 1292; x_wconf 80' lang='grc' dir='ltr'>οὕτω</span> <span class='ocrx_word' id='word_1_163' title='bbox 2741 1236 3105 1308; x_wconf 79' lang='grc' dir='ltr'><strong>δυνηθείημεν</strong></span> <span class='ocrx_word' id='word_1_164' title='bbox 3135 1236 3232 1304; x_wconf 73' lang='grc' dir='ltr'><strong>ὀψὲ</strong></span> <span class='ocrx_word' id='word_1_165' title='bbox 3270 1235 3406 1304; x_wconf 72' lang='grc' dir='ltr'>γοθν</span> <span class='ocrx_word' id='word_1_166' title='bbox 3435 1233 3759 1288; x_wconf 81' lang='grc' dir='ltr'><strong>καθικέσθαι</strong></span> 
     </span>
    </p>
   </div>
   <div class='ocr_carea' id='block_1_27' title="bbox 2185 1327 3762 1402">
    <p class='ocr_par' dir='ltr' id='par_1_27' title="bbox 2185 1327 3762 1402">
     <span class='ocr_line' id='line_1_27' title="bbox 2185 1327 3762 1402; baseline -0.006 -16"><span class='ocrx_word' id='word_1_167' title='bbox 2185 1335 2286 1402; x_wconf 81' lang='grc' dir='ltr'>τῆς</span> <span class='ocrx_word' id='word_1_168' title='bbox 2312 1334 2524 1402; x_wconf 80' lang='grc' dir='ltr'>σαθρᾶς</span> <span class='ocrx_word' id='word_1_169' title='bbox 2560 1336 2655 1386; x_wconf 79' lang='grc' dir='ltr'>καὶ</span> <span class='ocrx_word' id='word_1_170' title='bbox 2701 1331 3093 1401; x_wconf 84' lang='grc' dir='ltr'>ἁμαθεστὰτης</span> <span class='ocrx_word' id='word_1_171' title='bbox 3134 1347 3230 1382; x_wconf 87' lang='grc' dir='ltr'><strong>σου</strong></span> <span class='ocrx_word' id='word_1_172' title='bbox 3261 1327 3526 1391; x_wconf 83' lang='grc' dir='ltr'>διανοίας.</span> <span class='ocrx_word' id='word_1_173' title='bbox 3573 1327 3762 1397; x_wconf 81' lang='grc' dir='ltr'>Τεῖχος</span> 
     </span>
    </p>
   </div>
   <div class='ocr_carea' id='block_1_28' title="bbox 2187 1419 3764 1497">
    <p class='ocr_par' dir='ltr' id='par_1_28' title="bbox 2187 1419 3764 1497">
     <span class='ocr_line' id='line_1_28' title="bbox 2187 1419 3764 1497; baseline -0.006 -18"><span class='ocrx_word' id='word_1_174' title='bbox 2187 1427 2298 1497; x_wconf 78' lang='grc' dir='ltr'>γὰρ</span> <span class='ocrx_word' id='word_1_175' title='bbox 2329 1427 2358 1478; x_wconf 82' lang='grc' dir='ltr'>ὀ</span> <span class='ocrx_word' id='word_1_176' title='bbox 2382 1429 2558 1496; x_wconf 80' lang='grc' dir='ltr'>μέγας</span> <span class='ocrx_word' id='word_1_177' title='bbox 2587 1421 2728 1477; x_wconf 73' lang='grc' dir='ltr'>εἷναί</span> <span class='ocrx_word' id='word_1_178' title='bbox 2760 1441 2895 1493; x_wconf 89' lang='grc' dir='ltr'>φησι</span> <span class='ocrx_word' id='word_1_179' title='bbox 2929 1423 3208 1486; x_wconf 76' lang='grc' dir='ltr'>Βασίλειος</span> <span class='ocrx_word' id='word_1_180' title='bbox 3251 1424 3360 1483; x_wconf 79' lang='grc' dir='ltr'>τοῖς</span> <span class='ocrx_word' id='word_1_181' title='bbox 3402 1421 3643 1488; x_wconf 75' lang='grc' dir='ltr'>δόγμασι</span> <span class='ocrx_word' id='word_1_182' title='bbox 3671 1419 3764 1488; x_wconf 77' lang='grc' dir='ltr'>τῆς</span> 
     </span>
    </p>
   </div>
   <div class='ocr_carea' id='block_1_29' title="bbox 2186 1509 3766 1584">
    <p class='ocr_par' dir='ltr' id='par_1_29' title="bbox 2186 1509 3766 1584">
     <span class='ocr_line' id='line_1_29' title="bbox 2186 1509 3766 1584; baseline -0.004 -16"><span class='ocrx_word' id='word_1_183' title='bbox 2186 1516 2301 1568; x_wconf 89' lang='grc' dir='ltr'><strong>τῶν</strong></span> <span class='ocrx_word' id='word_1_184' title='bbox 2332 1514 2570 1584; x_wconf 78' lang='grc' dir='ltr'>θύραθεν</span> <span class='ocrx_word' id='word_1_185' title='bbox 2614 1514 2930 1582; x_wconf 74' lang='grc' dir='ltr'>ἐπιστήμης</span> <span class='ocrx_word' id='word_1_186' title='bbox 2974 1511 3072 1581; x_wconf 79' lang='grc' dir='ltr'><strong>τήν</strong></span> <span class='ocrx_word' id='word_1_187' title='bbox 3123 1513 3375 1580; x_wconf 87' lang='grc' dir='ltr'>δύναμιν,</span> <span class='ocrx_word' id='word_1_188' title='bbox 3435 1510 3541 1564; x_wconf 81' lang='grc' dir='ltr'>οὐκ</span> <span class='ocrx_word' id='word_1_189' title='bbox 3593 1509 3766 1562; x_wconf 79' lang='grc' dir='ltr'>ἐῶσαν</span> 
     </span>
    </p>
   </div>
   <div class='ocr_carea' id='block_1_30' title="bbox 2189 1601 3768 1676">
    <p class='ocr_par' dir='ltr' id='par_1_30' title="bbox 2189 1601 3768 1676">
     <span class='ocr_line' id='line_1_30' title="bbox 2189 1601 3768 1676; baseline -0.006 -16"><span class='ocrx_word' id='word_1_190' title='bbox 2189 1607 2330 1660; x_wconf 79' lang='grc' dir='ltr'>αὐτὰ</span> <span class='ocrx_word' id='word_1_191' title='bbox 2361 1611 2477 1668; x_wconf 83' lang='grc' dir='ltr'>τοῖς</span> <span class='ocrx_word' id='word_1_192' title='bbox 2513 1605 2864 1676; x_wconf 79' lang='grc' dir='ltr'>βουλομένοις</span> <span class='ocrx_word' id='word_1_193' title='bbox 2901 1603 3153 1656; x_wconf 82' lang='grc' dir='ltr'>εύάλωτά</span> <span class='ocrx_word' id='word_1_194' title='bbox 3183 1619 3242 1654; x_wconf 87' lang='grc' dir='ltr'><strong>τε</strong></span> <span class='ocrx_word' id='word_1_195' title='bbox 3275 1603 3368 1654; x_wconf 72' lang='grc' dir='ltr'><strong>καὶ</strong></span> <span class='ocrx_word' id='word_1_196' title='bbox 3397 1601 3768 1670; x_wconf 82' lang='grc' dir='ltr'>εὐδιάρπαστα</span> 
     </span>
    </p>
   </div>
   <div class='ocr_carea' id='block_1_31' title="bbox 2193 1689 3768 1766">
    <p class='ocr_par' dir='ltr' id='par_1_31' title="bbox 2193 1689 3768 1766">
     <span class='ocr_line' id='line_1_31' title="bbox 2193 1689 3768 1766; baseline -0.006 -17"><span class='ocrx_word' id='word_1_197' title='bbox 2193 1698 2470 1766; x_wconf 88' lang='grc' dir='ltr'>γίνεσθαι.</span> <span class='ocrx_word' id='word_1_198' title='bbox 2505 1698 2614 1750; x_wconf 70' lang='grc' dir='ltr'>Καὶ</span> <span class='ocrx_word' id='word_1_199' title='bbox 2645 1695 2807 1758; x_wconf 82' lang='grc' dir='ltr'>αὖθις</span> <span class='ocrx_word' id='word_1_200' title='bbox 2849 1697 2877 1748; x_wconf 86' lang='grc' dir='ltr'>ὁ</span> <span class='ocrx_word' id='word_1_201' title='bbox 2922 1695 3064 1756; x_wconf 78' lang='grc' dir='ltr'>θεῖος</span> <span class='ocrx_word' id='word_1_202' title='bbox 3093 1693 3508 1764; x_wconf 72' lang='grc' dir='ltr'>Χρυσόστεμος,</span> <span class='ocrx_word' id='word_1_203' title='bbox 3545 1708 3565 1742; x_wconf 74' lang='grc' dir='ltr'><strong>ι</strong></span> <span class='ocrx_word' id='word_1_204' title='bbox 3604 1689 3768 1744; x_wconf 83' lang='grc' dir='ltr'>Ὀταν</span> 
     </span>
    </p>
   </div>
   <div class='ocr_carea' id='block_1_32' title="bbox 2195 1783 3771 1860">
    <p class='ocr_par' dir='ltr' id='par_1_32' title="bbox 2195 1783 3771 1860">
     <span class='ocr_line' id='line_1_32' title="bbox 2195 1783 3771 1860; baseline -0.006 -17"><span class='ocrx_word' id='word_1_205' title='bbox 2195 1793 2332 1860; x_wconf 76' lang='grc' dir='ltr'>περὶ</span> <span class='ocrx_word' id='word_1_206' title='bbox 2359 1791 2680 1860; x_wconf 79' lang='grc' dir='ltr'>δόγματα,ζ›</span> <span class='ocrx_word' id='word_1_207' title='bbox 2710 1789 2870 1859; x_wconf 76' lang='grc' dir='ltr'>φησί,</span> <span class='ocrx_word' id='word_1_208' title='bbox 2899 1808 2917 1840; x_wconf 80' lang='grc' dir='ltr'><strong>ι</strong></span> <span class='ocrx_word' id='word_1_209' title='bbox 2937 1790 3066 1859; x_wconf 83' lang='grc' dir='ltr'>νοσῇ</span> <span class='ocrx_word' id='word_1_210' title='bbox 3095 1789 3129 1857; x_wconf 86' lang='grc' dir='ltr'><strong>ή</strong></span> <span class='ocrx_word' id='word_1_211' title='bbox 3155 1785 3301 1858; x_wconf 77' lang='grc' dir='ltr'>ψυχὴ</span> <span class='ocrx_word' id='word_1_212' title='bbox 3325 1787 3394 1840; x_wconf 67' lang='grc' dir='ltr'><strong>τὰ</strong></span> <span class='ocrx_word' id='word_1_213' title='bbox 3425 1786 3581 1852; x_wconf 85' lang='grc' dir='ltr'>νόθα,</span> <span class='ocrx_word' id='word_1_214' title='bbox 3608 1783 3771 1851; x_wconf 83' lang='grc' dir='ltr'>πολλή</span> 
     </span>
    </p>
   </div>
   <div class='ocr_carea' id='block_1_33' title="bbox 508 1863 2102 1952">
    <p class='ocr_par' dir='ltr' id='par_1_33' title="bbox 508 1863 2088 1944">
     <span class='ocr_line' id='line_1_33' title="bbox 508 1863 2088 1944; baseline 0.016 -27"><span class='ocrx_word' id='word_1_215' title='bbox 508 1863 892 1936; x_wconf 79' lang='lat' dir='ltr'><strong>domesticam,</strong></span> <span class='ocrx_word' id='word_1_216' title='bbox 919 1872 1013 1926; x_wconf 86' lang='lat' dir='ltr'><strong>sed</strong></span> <span class='ocrx_word' id='word_1_217' title='bbox 1045 1876 1208 1929; x_wconf 84' lang='lat' dir='ltr'><strong>etiam</strong></span> <span class='ocrx_word' id='word_1_218' title='bbox 1238 1887 1427 1932; x_wconf 86' lang='lat' dir='ltr'><strong>contra</strong></span> <span class='ocrx_word' id='word_1_219' title='bbox 1463 1882 1728 1936; x_wconf 83' lang='lat' dir='ltr'><strong>tumultus</strong></span> <span class='ocrx_word' id='word_1_220' title='bbox 1779 1892 2038 1940; x_wconf 84' lang='lat' dir='ltr'><strong>externos</strong></span> <span class='ocrx_word' id='word_1_221' title='bbox 2070 1905 2088 1944; x_wconf 89' lang='lat'><strong>:</strong></span> 
     </span>
    </p>
   </div>
   <div class='ocr_carea' id='block_1_34' title="bbox 2207 1863 3770 1952">
    <p class='ocr_par' dir='ltr' id='par_1_34' title="bbox 2207 1875 3770 1952">
     <span class='ocr_line' id='line_1_34' title="bbox 2207 1875 3770 1952; baseline -0.004 -16"><span class='ocrx_word' id='word_1_222' title='bbox 2207 1884 2291 1936; x_wconf 76' lang='grc' dir='ltr'><strong>τοῦ</strong></span> <span class='ocrx_word' id='word_1_223' title='bbox 2325 1883 2490 1949; x_wconf 84' lang='grc' dir='ltr'>λόγου</span> <span class='ocrx_word' id='word_1_224' title='bbox 2519 1883 2756 1938; x_wconf 76' lang='grc' dir='ltr'>ἐνταῦθα</span> <span class='ocrx_word' id='word_1_225' title='bbox 2778 1884 2810 1952; x_wconf 85' lang='grc' dir='ltr'><strong>ή</strong></span> <span class='ocrx_word' id='word_1_226' title='bbox 2836 1881 3014 1951; x_wconf 84' lang='grc' dir='ltr'>χρεία,</span> <span class='ocrx_word' id='word_1_227' title='bbox 3045 1881 3106 1934; x_wconf 81' lang='grc' dir='ltr'><strong>ού</strong></span> <span class='ocrx_word' id='word_1_228' title='bbox 3134 1883 3271 1951; x_wconf 70' lang='grc' dir='ltr'>πρὸς</span> <span class='ocrx_word' id='word_1_229' title='bbox 3294 1879 3391 1949; x_wconf 83' lang='grc' dir='ltr'>τὴν</span> <span class='ocrx_word' id='word_1_230' title='bbox 3418 1879 3532 1930; x_wconf 84' lang='grc' dir='ltr'><strong>τῶν</strong></span> <span class='ocrx_word' id='word_1_231' title='bbox 3563 1875 3770 1931; x_wconf 79' lang='grc' dir='ltr'>οἰκείων</span> 
     </span>
    </p>
   </div>
   <div class='ocr_carea' id='block_1_35' title="bbox 507 1959 2088 2044">
    <p class='ocr_par' dir='ltr' id='par_1_35' title="bbox 507 1959 2088 2044">
     <span class='ocr_line' id='line_1_35' title="bbox 507 1959 2088 2044; baseline 0.017 -37"><span class='ocrx_word' id='word_1_232' title='bbox 507 1963 564 2008; x_wconf 86' lang='lat' dir='ltr'><strong>ct</strong></span> <span class='ocrx_word' id='word_1_233' title='bbox 601 1973 792 2013; x_wconf 84' lang='lat' dir='ltr'><strong>rursus</strong></span> <span class='ocrx_word' id='word_1_234' title='bbox 837 1959 1103 2020; x_wconf 75' lang='lat' dir='ltr'><strong>Maximus</strong></span> <span class='ocrx_word' id='word_1_235' title='bbox 1152 1967 1393 2031; x_wconf 85' lang='lat' dir='ltr'><strong>divinus.</strong></span> <span class='ocrx_word' id='word_1_236' title='bbox 1430 1970 1560 2026; x_wconf 87' lang='lat' dir='ltr'><strong>Sine</strong></span> <span class='ocrx_word' id='word_1_237' title='bbox 1609 1973 1913 2030; x_wconf 88' lang='lat' dir='ltr'><strong>litterarum</strong></span> <span class='ocrx_word' id='word_1_238' title='bbox 1946 1978 2088 2044; x_wconf 90' lang='lat' dir='ltr'><strong>luce,</strong></span> 
     </span>
    </p>
   </div>
   <div class='ocr_carea' id='block_1_36' title="bbox 515 2047 2085 2140">
    <p class='ocr_par' dir='ltr' id='par_1_36' title="bbox 515 2047 2085 2140">
     <span class='ocr_line' id='line_1_36' title="bbox 515 2047 2085 2140; baseline 0.015 -40"><span class='ocrx_word' id='word_1_239' title='bbox 515 2047 841 2118; x_wconf 82' lang='lat' dir='ltr'><strong>inquit,n0n</strong></span> <span class='ocrx_word' id='word_1_240' title='bbox 877 2058 1057 2112; x_wconf 84' lang='lat' dir='ltr'><strong>oritur</strong></span> <span class='ocrx_word' id='word_1_241' title='bbox 1086 2075 1215 2113; x_wconf 86' lang='lat' dir='ltr'><strong>vera</strong></span> <span class='ocrx_word' id='word_1_242' title='bbox 1247 2063 1510 2132; x_wconf 78' lang='lat' dir='ltr'><strong>cognitio,</strong></span> <span class='ocrx_word' id='word_1_243' title='bbox 1532 2074 1588 2119; x_wconf 86' lang='lat' dir='ltr'><strong>et</strong></span> <span class='ocrx_word' id='word_1_244' title='bbox 1617 2067 1737 2122; x_wconf 87' lang='lat' dir='ltr'><strong>sine</strong></span> <span class='ocrx_word' id='word_1_245' title='bbox 1768 2071 2085 2140; x_wconf 88' lang='lat' dir='ltr'><strong>cognitione</strong></span> 
     </span>
    </p>
   </div>
   <div class='ocr_carea' id='block_1_37' title="bbox 511 2147 2092 2225">
    <p class='ocr_par' dir='ltr' id='par_1_37' title="bbox 511 2147 2092 2225">
     <span class='ocr_line' id='line_1_37' title="bbox 511 2147 2092 2225; baseline 0.015 -31"><span class='ocrx_word' id='word_1_246' title='bbox 511 2157 622 2196; x_wconf 87' lang='lat' dir='ltr'><strong>non</strong></span> <span class='ocrx_word' id='word_1_247' title='bbox 662 2147 919 2204; x_wconf 85' lang='lat' dir='ltr'><strong>consistit</strong></span> <span class='ocrx_word' id='word_1_248' title='bbox 952 2150 1106 2206; x_wconf 82' lang='lat' dir='ltr'><strong>ﬁdes.</strong></span> <span class='ocrx_word' id='word_1_249' title='bbox 1139 2154 1302 2209; x_wconf 83' lang='lat' dir='ltr'><strong>Vides</strong></span> <span class='ocrx_word' id='word_1_250' title='bbox 1335 2158 1446 2225; x_wconf 85' lang='lat' dir='ltr'><strong>jam</strong></span> <span class='ocrx_word' id='word_1_251' title='bbox 1485 2159 1940 2214; x_wconf 83' lang='lat' dir='ltr'><strong>maledictionum</strong></span> <span class='ocrx_word' id='word_1_252' title='bbox 1973 2171 2092 2216; x_wconf 90' lang='lat' dir='ltr'><strong>tua-</strong></span> 
     </span>
    </p>
   </div>
   <div class='ocr_carea' id='block_1_38' title="bbox 513 2245 2096 2322">
    <p class='ocr_par' dir='ltr' id='par_1_38' title="bbox 513 2245 2096 2322">
     <span class='ocr_line' id='line_1_38' title="bbox 513 2245 2096 2322; baseline 0.016 -37"><span class='ocrx_word' id='word_1_253' title='bbox 513 2250 631 2287; x_wconf 87' lang='lat' dir='ltr'><strong>rum</strong></span> <span class='ocrx_word' id='word_1_254' title='bbox 659 2255 902 2303; x_wconf 73' lang='lat' dir='ltr'><strong>t-ausam,</strong></span> <span class='ocrx_word' id='word_1_255' title='bbox 927 2245 1138 2310; x_wconf 87' lang='lat' dir='ltr'><strong>amice;</strong></span> <span class='ocrx_word' id='word_1_256' title='bbox 1171 2247 1275 2300; x_wconf 81' lang='lat' dir='ltr'><strong>alia</strong></span> <span class='ocrx_word' id='word_1_257' title='bbox 1314 2250 1462 2304; x_wconf 80' lang='lat' dir='ltr'><strong>enim</strong></span> <span class='ocrx_word' id='word_1_258' title='bbox 1497 2252 1756 2306; x_wconf 82' lang='lat' dir='ltr'><strong>estnulla</strong></span> <span class='ocrx_word' id='word_1_259' title='bbox 1786 2269 1952 2322; x_wconf 85' lang='lat' dir='ltr'><strong>quam</strong></span> <span class='ocrx_word' id='word_1_260' title='bbox 1977 2271 2096 2310; x_wconf 89' lang='lat' dir='ltr'><strong>om-</strong></span> 
     </span>
    </p>
   </div>
   <div class='ocr_carea' id='block_1_39' title="bbox 513 2329 2094 2417">
    <p class='ocr_par' dir='ltr' id='par_1_39' title="bbox 513 2329 2094 2417">
     <span class='ocr_line' id='line_1_39' title="bbox 513 2329 2094 2417; baseline 0.015 -39"><span class='ocrx_word' id='word_1_261' title='bbox 513 2329 648 2381; x_wconf 91' lang='lat' dir='ltr'><strong>nino</strong></span> <span class='ocrx_word' id='word_1_262' title='bbox 678 2329 986 2398; x_wconf 79' lang='lat' dir='ltr'><strong>ignorantia</strong></span> <span class='ocrx_word' id='word_1_263' title='bbox 1012 2335 1254 2402; x_wconf 89' lang='lat' dir='ltr'><strong>illorum,</strong></span> <span class='ocrx_word' id='word_1_264' title='bbox 1280 2339 1404 2394; x_wconf 89' lang='lat' dir='ltr'><strong>dico</strong></span> <span class='ocrx_word' id='word_1_265' title='bbox 1439 2343 1700 2398; x_wconf 89' lang='lat' dir='ltr'><strong>nimirum</strong></span> <span class='ocrx_word' id='word_1_266' title='bbox 1732 2345 1978 2400; x_wconf 89' lang='lat' dir='ltr'><strong>virorum</strong></span> <span class='ocrx_word' id='word_1_267' title='bbox 1999 2349 2094 2417; x_wconf 92' lang='lat' dir='ltr'><strong>qui</strong></span> 
     </span>
    </p>
   </div>
   <div class='ocr_carea' id='block_1_40' title="bbox 513 2416 2094 2504">
    <p class='ocr_par' dir='ltr' id='par_1_40' title="bbox 513 2416 2094 2504">
     <span class='ocr_line' id='line_1_40' title="bbox 513 2416 2094 2504; baseline 0.015 -35"><span class='ocrx_word' id='word_1_268' title='bbox 513 2416 661 2485; x_wconf 88' lang='lat' dir='ltr'><strong>apud</strong></span> <span class='ocrx_word' id='word_1_269' title='bbox 690 2431 949 2477; x_wconf 81' lang='lat' dir='ltr'><strong>externos</strong></span> <span class='ocrx_word' id='word_1_270' title='bbox 974 2433 1030 2480; x_wconf 91' lang='lat' dir='ltr'><strong>et</strong></span> <span class='ocrx_word' id='word_1_271' title='bbox 1061 2429 1204 2496; x_wconf 89' lang='lat' dir='ltr'><strong>apud</strong></span> <span class='ocrx_word' id='word_1_272' title='bbox 1246 2445 1348 2484; x_wconf 84' lang='lat' dir='ltr'><strong>nos</strong></span> <span class='ocrx_word' id='word_1_273' title='bbox 1401 2443 1532 2486; x_wconf 89' lang='lat' dir='ltr'><strong>stmt</strong></span> <span class='ocrx_word' id='word_1_274' title='bbox 1571 2435 1886 2504; x_wconf 84' lang='lat' dir='ltr'><strong>sapientum</strong></span> <span class='ocrx_word' id='word_1_275' title='bbox 1937 2416 2094 2494; x_wconf 86' lang='lat' dir='ltr'><strong>etin</strong></span> 
     </span>
    </p>
   </div>
   <div class='ocr_carea' id='block_1_41' title="bbox 516 2509 2094 2596">
    <p class='ocr_par' dir='ltr' id='par_1_41' title="bbox 516 2509 2094 2596">
     <span class='ocr_line' id='line_1_41' title="bbox 516 2509 2094 2596; baseline 0.015 -37"><span class='ocrx_word' id='word_1_276' title='bbox 516 2522 606 2562; x_wconf 89' lang='lat' dir='ltr'><strong>res</strong></span> <span class='ocrx_word' id='word_1_277' title='bbox 659 2509 878 2566; x_wconf 83' lang='lat' dir='ltr'><strong>divinas</strong></span> <span class='ocrx_word' id='word_1_278' title='bbox 932 2513 1334 2586; x_wconf 81' lang='lat' dir='ltr'><strong>inquirentium</strong></span> <span class='ocrx_word' id='word_1_279' title='bbox 1391 2522 1726 2592; x_wconf 88' lang='lat' dir='ltr'><strong>doctrinam,</strong></span> <span class='ocrx_word' id='word_1_280' title='bbox 1773 2542 2094 2596; x_wconf 78' lang='lat' dir='ltr'><strong>quamcum</strong></span> 
     </span>
    </p>
   </div>
   <div class='ocr_carea' id='block_1_42' title="bbox 515 2597 2097 2677">
    <p class='ocr_par' dir='ltr' id='par_1_42' title="bbox 515 2597 2097 2677">
     <span class='ocr_line' id='line_1_42' title="bbox 515 2597 2097 2677; baseline 0.016 -26"><span class='ocrx_word' id='word_1_281' title='bbox 515 2597 760 2669; x_wconf 80' lang='lat' dir='ltr'><strong>ignores,</strong></span> <span class='ocrx_word' id='word_1_282' title='bbox 793 2620 942 2660; x_wconf 89' lang='lat' dir='ltr'><strong>nunc</strong></span> <span class='ocrx_word' id='word_1_283' title='bbox 970 2609 1168 2664; x_wconf 86' lang='lat' dir='ltr'><strong>saltem</strong></span> <span class='ocrx_word' id='word_1_284' title='bbox 1219 2612 1506 2669; x_wconf 83' lang='lat' dir='ltr'><strong>edoccaris</strong></span> <span class='ocrx_word' id='word_1_285' title='bbox 1553 2631 1781 2674; x_wconf 83' lang='lat' dir='ltr'><strong>necesse</strong></span> <span class='ocrx_word' id='word_1_286' title='bbox 1833 2631 1922 2676; x_wconf 90' lang='lat' dir='ltr'><strong>est</strong></span> <span class='ocrx_word' id='word_1_287' title='bbox 1949 2622 2039 2677; x_wconf 86' lang='lat' dir='ltr'><strong>hic</strong></span> <span class='ocrx_word' id='word_1_288' title='bbox 2067 2637 2097 2676; x_wconf 87' lang='lat' dir='ltr'><strong>a</strong></span> 
     </span>
    </p>
   </div>
   <div class='ocr_carea' id='block_1_43' title="bbox 515 2695 698 2752">
    <p class='ocr_par' dir='ltr' id='par_1_43' title="bbox 515 2695 698 2752">
     <span class='ocr_line' id='line_1_43' title="bbox 515 2695 698 2752; baseline 0.022 -4"><span class='ocrx_word' id='word_1_289' title='bbox 515 2695 698 2752; x_wconf 85' lang='lat' dir='ltr'><strong>nobis.</strong></span> 
     </span>
    </p>
   </div>
   <div class='ocr_carea' id='block_1_44' title="bbox 589 2791 2100 2877">
    <p class='ocr_par' dir='ltr' id='par_1_44' title="bbox 589 2791 2100 2877">
     <span class='ocr_line' id='line_1_44' title="bbox 589 2791 2100 2877; baseline 0.008 -29"><span class='ocrx_word' id='word_1_290' title='bbox 589 2791 757 2864; x_wconf 81' lang='lat'><strong>286</strong></span> <span class='ocrx_word' id='word_1_291' title='bbox 787 2793 903 2848; x_wconf 82' lang='lat' dir='ltr'><strong>XII.</strong></span> <span class='ocrx_word' id='word_1_292' title='bbox 934 2794 1028 2851; x_wconf 86' lang='lat' dir='ltr'><strong>llis</strong></span> <span class='ocrx_word' id='word_1_293' title='bbox 1065 2796 1230 2852; x_wconf 89' lang='lat' dir='ltr'><strong>dictis</strong></span> <span class='ocrx_word' id='word_1_294' title='bbox 1270 2797 1496 2868; x_wconf 88' lang='lat' dir='ltr'><strong>quidam</strong></span> <span class='ocrx_word' id='word_1_295' title='bbox 1521 2815 1588 2854; x_wconf 85' lang='lat' dir='ltr'><strong>ex</strong></span> <span class='ocrx_word' id='word_1_296' title='bbox 1623 2803 1712 2877; x_wconf 65' lang='lat' dir='ltr'><strong>iis,</strong></span> <span class='ocrx_word' id='word_1_297' title='bbox 1752 2805 1846 2874; x_wconf 92' lang='lat' dir='ltr'><strong>qui</strong></span> <span class='ocrx_word' id='word_1_298' title='bbox 1882 2806 1937 2860; x_wconf 88' lang='lat' dir='ltr'><strong>in</strong></span> <span class='ocrx_word' id='word_1_299' title='bbox 1970 2821 2100 2862; x_wconf 77' lang='lat' dir='ltr'><strong>con-</strong></span> 
     </span>
    </p>
   </div>
   <div class='ocr_carea' id='block_1_45' title="bbox 517 2881 2102 2954">
    <p class='ocr_par' dir='ltr' id='par_1_45' title="bbox 517 2881 2102 2954">
     <span class='ocr_line' id='line_1_45' title="bbox 517 2881 2102 2954; baseline 0.011 -18"><span class='ocrx_word' id='word_1_300' title='bbox 517 2881 647 2937; x_wconf 90' lang='lat' dir='ltr'><strong>cilio</strong></span> <span class='ocrx_word' id='word_1_301' title='bbox 703 2895 882 2953; x_wconf 88' lang='lat' dir='ltr'><strong>erant,</strong></span> <span class='ocrx_word' id='word_1_302' title='bbox 939 2889 1258 2944; x_wconf 82' lang='lat' dir='ltr'><strong>amicissimi</strong></span> <span class='ocrx_word' id='word_1_303' title='bbox 1313 2891 1548 2946; x_wconf 74' lang='lat' dir='ltr'><strong>Palama:</strong></span> <span class='ocrx_word' id='word_1_304' title='bbox 1584 2903 1638 2948; x_wconf 90' lang='lat' dir='ltr'><strong>et</strong></span> <span class='ocrx_word' id='word_1_305' title='bbox 1691 2898 2102 2954; x_wconf 87' lang='lat' dir='ltr'><strong>consentientes</strong></span> 
     </span>
    </p>
   </div>
   <div class='ocr_carea' id='block_1_46' title="bbox 519 2979 2102 3058">
    <p class='ocr_par' dir='ltr' id='par_1_46' title="bbox 519 2979 2102 3058">
     <span class='ocr_line' id='line_1_46' title="bbox 519 2979 2102 3058; baseline 0.011 -30"><span class='ocrx_word' id='word_1_306' title='bbox 519 2989 644 3031; x_wconf 90' lang='lat' dir='ltr'><strong>eum</strong></span> <span class='ocrx_word' id='word_1_307' title='bbox 675 2991 744 3031; x_wconf 91' lang='lat' dir='ltr'><strong>eo</strong></span> <span class='ocrx_word' id='word_1_308' title='bbox 772 2988 827 3033; x_wconf 89' lang='lat' dir='ltr'><strong>et</strong></span> <span class='ocrx_word' id='word_1_309' title='bbox 851 2979 1007 3046; x_wconf 82' lang='lat' dir='ltr'><strong>socii,</strong></span> <span class='ocrx_word' id='word_1_310' title='bbox 1041 2981 1393 3040; x_wconf 84' lang='lat' dir='ltr'><strong>insusurrant</strong></span> <span class='ocrx_word' id='word_1_311' title='bbox 1436 2983 1490 3038; x_wconf 91' lang='lat' dir='ltr'><strong>iu</strong></span> <span class='ocrx_word' id='word_1_312' title='bbox 1517 3000 1706 3040; x_wconf 86' lang='lat' dir='ltr'><strong>aurem</strong></span> <span class='ocrx_word' id='word_1_313' title='bbox 1729 2985 2006 3058; x_wconf 81' lang='lat' dir='ltr'><strong>Gregorae,</strong></span> <span class='ocrx_word' id='word_1_314' title='bbox 2032 3006 2102 3045; x_wconf 91' lang='lat' dir='ltr'><strong>ne</strong></span> 
     </span>
    </p>
   </div>
   <div class='ocr_carea' id='block_1_47' title="bbox 522 3069 2105 3151">
    <p class='ocr_par' dir='ltr' id='par_1_47' title="bbox 522 3069 2105 3151">
     <span class='ocr_line' id='line_1_47' title="bbox 522 3069 2105 3151; baseline 0.008 -27"><span class='ocrx_word' id='word_1_315' title='bbox 522 3069 780 3124; x_wconf 87' lang='lat' dir='ltr'><strong>illuderet</strong></span> <span class='ocrx_word' id='word_1_316' title='bbox 809 3086 949 3127; x_wconf 88' lang='lat' dir='ltr'><strong>neve</strong></span> <span class='ocrx_word' id='word_1_317' title='bbox 979 3073 1119 3128; x_wconf 90' lang='lat' dir='ltr'><strong>adeo</strong></span> <span class='ocrx_word' id='word_1_318' title='bbox 1181 3074 1444 3130; x_wconf 89' lang='lat' dir='ltr'><strong>irriderct</strong></span> <span class='ocrx_word' id='word_1_319' title='bbox 1501 3078 1826 3146; x_wconf 88' lang='lat' dir='ltr'><strong>episcopum</strong></span> <span class='ocrx_word' id='word_1_320' title='bbox 1889 3083 2105 3151; x_wconf 88' lang='lat' dir='ltr'><strong>capillis</strong></span> 
     </span>
    </p>
   </div>
   <div class='ocr_carea' id='block_1_48' title="bbox 523 3164 2101 3241">
    <p class='ocr_par' dir='ltr' id='par_1_48' title="bbox 523 3164 2101 3241">
     <span class='ocr_line' id='line_1_48' title="bbox 523 3164 2101 3241; baseline 0.009 -27"><span class='ocrx_word' id='word_1_321' title='bbox 523 3164 972 3219; x_wconf 80' lang='lat' dir='ltr'><strong>(-anesccntibus.</strong></span> <span class='ocrx_word' id='word_1_322' title='bbox 1009 3166 1425 3237; x_wconf 84' lang='lat' dir='ltr'><strong>Aliquantulum</strong></span> <span class='ocrx_word' id='word_1_323' title='bbox 1457 3169 1624 3240; x_wconf 82' lang='lat' dir='ltr'><strong>igitur</strong></span> <span class='ocrx_word' id='word_1_324' title='bbox 1653 3171 1928 3241; x_wconf 82' lang='lat' dir='ltr'><strong>Gregoras</strong></span> <span class='ocrx_word' id='word_1_325' title='bbox 1957 3173 2101 3230; x_wconf 71' lang='lat' dir='ltr'><strong>desi~</strong></span> 
     </span>
    </p>
   </div>
   <div class='ocr_carea' id='block_1_49' title="bbox 525 3255 2100 3334">
    <p class='ocr_par' dir='ltr' id='par_1_49' title="bbox 525 3255 2100 3334">
     <span class='ocr_line' id='line_1_49' title="bbox 525 3255 2100 3334; baseline 0.008 -28"><span class='ocrx_word' id='word_1_326' title='bbox 525 3269 664 3309; x_wconf 85' lang='lat' dir='ltr'><strong>nens</strong></span> <span class='ocrx_word' id='word_1_327' title='bbox 691 3269 742 3309; x_wconf 91' lang='lat' dir='ltr'><strong>et</strong></span> <span class='ocrx_word' id='word_1_328' title='bbox 777 3255 928 3311; x_wconf 88' lang='lat' dir='ltr'><strong>dicto</strong></span> <span class='ocrx_word' id='word_1_329' title='bbox 967 3260 1200 3314; x_wconf 88' lang='lat' dir='ltr'><strong>audiens</strong></span> <span class='ocrx_word' id='word_1_330' title='bbox 1233 3263 1540 3317; x_wconf 88' lang='lat' dir='ltr'><strong>orationem</strong></span> <span class='ocrx_word' id='word_1_331' title='bbox 1576 3264 1761 3318; x_wconf 89' lang='lat' dir='ltr'><strong>denuo</strong></span> <span class='ocrx_word' id='word_1_332' title='bbox 1835 3265 2100 3334; x_wconf 80' lang='lat' dir='ltr'><strong>suscepit.</strong></span> 
     </span>
    </p>
   </div>
   <div class='ocr_carea' id='block_1_50' title="bbox 526 3347 2108 3424">
    <p class='ocr_par' dir='ltr' id='par_1_50' title="bbox 526 3347 2108 3424">
     <span class='ocr_line' id='line_1_50' title="bbox 526 3347 2108 3424; baseline 0.007 -21"><span class='ocrx_word' id='word_1_333' title='bbox 526 3347 667 3403; x_wconf 88' lang='lat' dir='ltr'><strong>Sunt</strong></span> <span class='ocrx_word' id='word_1_334' title='bbox 687 3348 936 3417; x_wconf 84' lang='lat' dir='ltr'><strong>quidem,</strong></span> <span class='ocrx_word' id='word_1_335' title='bbox 972 3350 1174 3422; x_wconf 82' lang='lat' dir='ltr'><strong>inquit,</strong></span> <span class='ocrx_word' id='word_1_336' title='bbox 1206 3355 1407 3424; x_wconf 72' lang='lat' dir='ltr'><strong>lingua:</strong></span> <span class='ocrx_word' id='word_1_337' title='bbox 1438 3358 1771 3412; x_wconf 83' lang='lat' dir='ltr'><strong>mutationes</strong></span> <span class='ocrx_word' id='word_1_338' title='bbox 1796 3360 1963 3414; x_wconf 87' lang='lat' dir='ltr'><strong>animi</strong></span> <span class='ocrx_word' id='word_1_339' title='bbox 1988 3375 2108 3414; x_wconf 91' lang='lat' dir='ltr'><strong>mu-</strong></span> 
     </span>
    </p>
   </div>
   <div class='ocr_carea' id='block_1_51' title="bbox 529 3441 2105 3522">
    <p class='ocr_par' dir='ltr' id='par_1_51' title="bbox 529 3441 2105 3522">
     <span class='ocr_line' id='line_1_51' title="bbox 529 3441 2105 3522; baseline 0.008 -27"><span class='ocrx_word' id='word_1_340' title='bbox 529 3441 802 3497; x_wconf 87' lang='lat' dir='ltr'><strong>tationum</strong></span> <span class='ocrx_word' id='word_1_341' title='bbox 860 3444 1056 3514; x_wconf 87' lang='lat' dir='ltr'><strong>signa:</strong></span> <span class='ocrx_word' id='word_1_342' title='bbox 1094 3455 1149 3502; x_wconf 90' lang='lat' dir='ltr'><strong>et</strong></span> <span class='ocrx_word' id='word_1_343' title='bbox 1203 3447 1405 3504; x_wconf 70' lang='lat' dir='ltr'><strong>litterre</strong></span> <span class='ocrx_word' id='word_1_344' title='bbox 1461 3451 1832 3506; x_wconf 77' lang='lat' dir='ltr'><strong>mutationum</strong></span> <span class='ocrx_word' id='word_1_345' title='bbox 1883 3453 2105 3522; x_wconf 62' lang='lat' dir='ltr'><strong>lingua},</strong></span> 
     </span>
    </p>
   </div>
   <div class='ocr_carea' id='block_1_52' title="bbox 528 3531 2109 3607">
    <p class='ocr_par' dir='ltr' id='par_1_52' title="bbox 528 3531 2109 3607">
     <span class='ocr_line' id='line_1_52' title="bbox 528 3531 2109 3607; baseline 0.008 -23"><span class='ocrx_word' id='word_1_346' title='bbox 528 3546 652 3600; x_wconf 68' lang='lat' dir='ltr'><strong>quae</strong></span> <span class='ocrx_word' id='word_1_347' title='bbox 675 3531 897 3602; x_wconf 89' lang='lat' dir='ltr'><strong>quidem</strong></span> <span class='ocrx_word' id='word_1_348' title='bbox 941 3550 1066 3589; x_wconf 91' lang='lat' dir='ltr'><strong>cum</strong></span> <span class='ocrx_word' id='word_1_349' title='bbox 1133 3551 1164 3590; x_wconf 92' lang='lat' dir='ltr'><strong>a</strong></span> <span class='ocrx_word' id='word_1_350' title='bbox 1219 3544 1418 3593; x_wconf 82' lang='lat' dir='ltr'><strong>natura</strong></span> <span class='ocrx_word' id='word_1_351' title='bbox 1480 3538 1557 3593; x_wconf 87' lang='lat' dir='ltr'><strong>sit</strong></span> <span class='ocrx_word' id='word_1_352' title='bbox 1609 3539 2109 3607; x_wconf 81' lang='lat' dir='ltr'><strong>inartieulata,ar-</strong></span> 
     </span>
    </p>
   </div>
   <div class='ocr_carea' id='block_1_53' title="bbox 531 3622 2111 3698">
    <p class='ocr_par' dir='ltr' id='par_1_53' title="bbox 531 3622 2111 3698">
     <span class='ocr_line' id='line_1_53' title="bbox 531 3622 2111 3698; baseline 0.008 -21"><span class='ocrx_word' id='word_1_353' title='bbox 531 3622 755 3679; x_wconf 87' lang='lat' dir='ltr'><strong>ticulata</strong></span> <span class='ocrx_word' id='word_1_354' title='bbox 781 3635 867 3681; x_wconf 86' lang='lat' dir='ltr'><strong>est</strong></span> <span class='ocrx_word' id='word_1_355' title='bbox 893 3629 1316 3698; x_wconf 88' lang='lat' dir='ltr'><strong>compositione,</strong></span> <span class='ocrx_word' id='word_1_356' title='bbox 1348 3631 1559 3688; x_wconf 72' lang='lat' dir='ltr'><strong>auxilio</strong></span> <span class='ocrx_word' id='word_1_357' title='bbox 1592 3635 1883 3688; x_wconf 90' lang='lat' dir='ltr'><strong>nominum</strong></span> <span class='ocrx_word' id='word_1_358' title='bbox 1910 3645 1965 3688; x_wconf 90' lang='lat' dir='ltr'><strong>et</strong></span> <span class='ocrx_word' id='word_1_359' title='bbox 1985 3649 2111 3689; x_wconf 80' lang='lat' dir='ltr'><strong>ver-</strong></span> 
     </span>
    </p>
   </div>
   <div class='ocr_carea' id='block_1_54' title="bbox 529 3715 2109 3792">
    <p class='ocr_par' dir='ltr' id='par_1_54' title="bbox 529 3715 2109 3792">
     <span class='ocr_line' id='line_1_54' title="bbox 529 3715 2109 3792; baseline 0.006 -23"><span class='ocrx_word' id='word_1_360' title='bbox 529 3715 728 3770; x_wconf 87' lang='lat' dir='ltr'><strong>borum</strong></span> <span class='ocrx_word' id='word_1_361' title='bbox 754 3716 822 3772; x_wconf 91' lang='lat' dir='ltr'><strong>ab</strong></span> <span class='ocrx_word' id='word_1_362' title='bbox 859 3718 1178 3776; x_wconf 83' lang='lat' dir='ltr'><strong>hominibus</strong></span> <span class='ocrx_word' id='word_1_363' title='bbox 1212 3721 1452 3792; x_wconf 82' lang='lat' dir='ltr'><strong>posteris</strong></span> <span class='ocrx_word' id='word_1_364' title='bbox 1497 3723 1876 3780; x_wconf 83' lang='lat' dir='ltr'><strong>inventorum.</strong></span> <span class='ocrx_word' id='word_1_365' title='bbox 1924 3724 2109 3780; x_wconf 84' lang='lat' dir='ltr'><strong>Prima</strong></span> 
     </span>
    </p>
   </div>
   <div class='ocr_carea' id='block_1_55' title="bbox 529 3807 2110 3887">
    <p class='ocr_par' dir='ltr' id='par_1_55' title="bbox 529 3807 2110 3887">
     <span class='ocr_line' id='line_1_55' title="bbox 529 3807 2110 3887; baseline 0.005 -24"><span class='ocrx_word' id='word_1_366' title='bbox 529 3807 678 3863; x_wconf 86' lang='lat' dir='ltr'><strong>enim</strong></span> <span class='ocrx_word' id='word_1_367' title='bbox 715 3810 978 3879; x_wconf 90' lang='lat' dir='ltr'><strong>quoniam</strong></span> <span class='ocrx_word' id='word_1_368' title='bbox 1013 3819 1209 3868; x_wconf 83' lang='lat' dir='ltr'><strong>natura</strong></span> <span class='ocrx_word' id='word_1_369' title='bbox 1247 3813 1520 3884; x_wconf 76' lang='lat' dir='ltr'><strong>simplicia</strong></span> <span class='ocrx_word' id='word_1_370' title='bbox 1555 3825 1706 3881; x_wconf 90' lang='lat' dir='ltr'><strong>sunt,</strong></span> <span class='ocrx_word' id='word_1_371' title='bbox 1736 3816 1904 3871; x_wconf 79' lang='lat' dir='ltr'><strong>etiam</strong></span> <span class='ocrx_word' id='word_1_372' title='bbox 1925 3817 2110 3887; x_wconf 87' lang='lat' dir='ltr'><strong>priora</strong></span> 
     </span>
    </p>
   </div>
   <div class='ocr_carea' id='block_1_56' title="bbox 533 3901 2108 3972">
    <p class='ocr_par' dir='ltr' id='par_1_56' title="bbox 533 3901 2108 3972">
     <span class='ocr_line' id='line_1_56' title="bbox 533 3901 2108 3972; baseline 0.006 -18"><span class='ocrx_word' id='word_1_373' title='bbox 533 3901 787 3956; x_wconf 85' lang='lat' dir='ltr'><strong>tractatis</strong></span> <span class='ocrx_word' id='word_1_374' title='bbox 817 3911 875 3956; x_wconf 85' lang='lat' dir='ltr'><strong>et</strong></span> <span class='ocrx_word' id='word_1_375' title='bbox 904 3903 1234 3972; x_wconf 78' lang='lat' dir='ltr'><strong>compositis</strong></span> <span class='ocrx_word' id='word_1_376' title='bbox 1262 3905 1515 3962; x_wconf 82' lang='lat' dir='ltr'><strong>veritatis</strong></span> <span class='ocrx_word' id='word_1_377' title='bbox 1551 3909 1771 3964; x_wconf 87' lang='lat' dir='ltr'><strong>censuit</strong></span> <span class='ocrx_word' id='word_1_378' title='bbox 1793 3923 1918 3964; x_wconf 89' lang='lat' dir='ltr'><strong>esse</strong></span> <span class='ocrx_word' id='word_1_379' title='bbox 1948 3908 2108 3964; x_wconf 87' lang='lat' dir='ltr'><strong>ratio.</strong></span> 
     </span>
    </p>
   </div>
   <div class='ocr_carea' id='block_1_57' title="bbox 532 3991 2114 4067">
    <p class='ocr_par' dir='ltr' id='par_1_57' title="bbox 532 3991 2114 4067">
     <span class='ocr_line' id='line_1_57' title="bbox 532 3991 2114 4067; baseline 0.005 -21"><span class='ocrx_word' id='word_1_380' title='bbox 532 3991 757 4049; x_wconf 82' lang='lat' dir='ltr'><strong>Priores</strong></span> <span class='ocrx_word' id='word_1_381' title='bbox 813 3993 981 4064; x_wconf 85' lang='lat' dir='ltr'><strong>igitur</strong></span> <span class='ocrx_word' id='word_1_382' title='bbox 1041 3996 1239 4066; x_wconf 75' lang='lat' dir='ltr'><strong>linguae</strong></span> <span class='ocrx_word' id='word_1_383' title='bbox 1287 3997 1733 4067; x_wconf 78' lang='lat' dir='ltr'><strong>signiﬁcantibus</strong></span> <span class='ocrx_word' id='word_1_384' title='bbox 1791 3999 2114 4055; x_wconf 85' lang='lat' dir='ltr'><strong>nominibus</strong></span> 
     </span>
    </p>
   </div>
   <div class='ocr_carea' id='block_1_58' title="bbox 533 4085 2116 4162">
    <p class='ocr_par' dir='ltr' id='par_1_58' title="bbox 533 4085 2116 4162">
     <span class='ocr_line' id='line_1_58' title="bbox 533 4085 2116 4162; baseline 0.004 -21"><span class='ocrx_word' id='word_1_385' title='bbox 533 4085 829 4162; x_wconf 74' lang='lat' dir='ltr'><strong>verbisque</strong></span> <span class='ocrx_word' id='word_1_386' title='bbox 858 4097 988 4141; x_wconf 90' lang='lat' dir='ltr'><strong>sunt</strong></span> <span class='ocrx_word' id='word_1_387' title='bbox 1028 4087 1198 4142; x_wconf 88' lang='lat' dir='ltr'><strong>animi</strong></span> <span class='ocrx_word' id='word_1_388' title='bbox 1222 4090 1560 4146; x_wconf 85' lang='lat' dir='ltr'><strong>mutationes</strong></span> <span class='ocrx_word' id='word_1_389' title='bbox 1587 4091 1704 4162; x_wconf 74' lang='lat' dir='ltr'><strong>sive</strong></span> <span class='ocrx_word' id='word_1_390' title='bbox 1727 4095 1998 4162; x_wconf 79' lang='lat' dir='ltr'><strong>cogitata;</strong></span> <span class='ocrx_word' id='word_1_391' title='bbox 2031 4095 2116 4147; x_wconf 87' lang='lat' dir='ltr'><strong>in-</strong></span> 
     </span>
    </p>
   </div>
   <div class='ocr_carea' id='block_1_59' title="bbox 537 4177 2111 4250">
    <p class='ocr_par' dir='ltr' id='par_1_59' title="bbox 537 4177 2111 4250">
     <span class='ocr_line' id='line_1_59' title="bbox 537 4177 2111 4250; baseline 0.004 -18"><span class='ocrx_word' id='word_1_392' title='bbox 537 4177 646 4234; x_wconf 85' lang='lat' dir='ltr'><strong>sita</strong></span> <span class='ocrx_word' id='word_1_393' title='bbox 669 4181 816 4235; x_wconf 91' lang='lat' dir='ltr'><strong>enim</strong></span> <span class='ocrx_word' id='word_1_394' title='bbox 851 4189 983 4236; x_wconf 90' lang='lat' dir='ltr'><strong>sunt</strong></span> <span class='ocrx_word' id='word_1_395' title='bbox 1009 4181 1252 4250; x_wconf 85' lang='lat' dir='ltr'><strong>cogitata</strong></span> <span class='ocrx_word' id='word_1_396' title='bbox 1279 4195 1422 4236; x_wconf 79' lang='lat' dir='ltr'><strong>etex</strong></span> <span class='ocrx_word' id='word_1_397' title='bbox 1448 4183 1643 4238; x_wconf 82' lang='lat' dir='ltr'><strong>innato</strong></span> <span class='ocrx_word' id='word_1_398' title='bbox 1661 4182 1816 4237; x_wconf 79' lang='lat' dir='ltr'><strong>fonte</strong></span> <span class='ocrx_word' id='word_1_399' title='bbox 1849 4194 2111 4238; x_wconf 89' lang='lat' dir='ltr'><strong>manant:</strong></span> 
     </span>
    </p>
   </div>
   <div class='ocr_carea' id='block_1_60' title="bbox 537 4271 2114 4346">
    <p class='ocr_par' dir='ltr' id='par_1_60' title="bbox 537 4271 2114 4346">
     <span class='ocr_line' id='line_1_60' title="bbox 537 4271 2114 4346; baseline 0.004 -21"><span class='ocrx_word' id='word_1_400' title='bbox 537 4271 628 4327; x_wconf 87' lang='lat' dir='ltr'><strong>illa</strong></span> <span class='ocrx_word' id='word_1_401' title='bbox 657 4285 844 4327; x_wconf 87' lang='lat' dir='ltr'><strong>autem</strong></span> <span class='ocrx_word' id='word_1_402' title='bbox 885 4281 1106 4342; x_wconf 86' lang='lat' dir='ltr'><strong>postera</strong></span> <span class='ocrx_word' id='word_1_403' title='bbox 1141 4280 1199 4326; x_wconf 89' lang='lat' dir='ltr'><strong>et</strong></span> <span class='ocrx_word' id='word_1_404' title='bbox 1227 4275 1398 4328; x_wconf 84' lang='lat' dir='ltr'><strong>ascita</strong></span> <span class='ocrx_word' id='word_1_405' title='bbox 1425 4314 1441 4339; x_wconf 91' lang='lat'><strong>,</strong></span> <span class='ocrx_word' id='word_1_406' title='bbox 1487 4274 1692 4345; x_wconf 90' lang='lat' dir='ltr'><strong>quibus</strong></span> <span class='ocrx_word' id='word_1_407' title='bbox 1716 4290 1825 4329; x_wconf 87' lang='lat' dir='ltr'><strong>non</strong></span> <span class='ocrx_word' id='word_1_408' title='bbox 1854 4290 1998 4346; x_wconf 87' lang='lat' dir='ltr'><strong>opus</strong></span> <span class='ocrx_word' id='word_1_409' title='bbox 2024 4293 2114 4331; x_wconf 88' lang='lat' dir='ltr'><strong>es-</strong></span> 
     </span>
    </p>
   </div>
   <div class='ocr_carea' id='block_1_61' title="bbox 535 4363 2114 4435">
    <p class='ocr_par' dir='ltr' id='par_1_61' title="bbox 535 4363 2114 4435">
     <span class='ocr_line' id='line_1_61' title="bbox 535 4363 2114 4435; baseline 0.003 -17"><span class='ocrx_word' id='word_1_410' title='bbox 535 4374 622 4418; x_wconf 85' lang='lat' dir='ltr'><strong>set</strong></span> <span class='ocrx_word' id='word_1_411' title='bbox 644 4364 988 4428; x_wconf 85' lang='lat' dir='ltr'><strong>bomiuibus,</strong></span> <span class='ocrx_word' id='word_1_412' title='bbox 1018 4365 1062 4417; x_wconf 90' lang='lat' dir='ltr'><strong>si</strong></span> <span class='ocrx_word' id='word_1_413' title='bbox 1088 4363 1331 4419; x_wconf 80' lang='lat' dir='ltr'><strong>facultas</strong></span> <span class='ocrx_word' id='word_1_414' title='bbox 1353 4373 1677 4435; x_wconf 88' lang='lat' dir='ltr'><strong>suppeteret</strong></span> <span class='ocrx_word' id='word_1_415' title='bbox 1697 4365 2114 4422; x_wconf 85' lang='lat' dir='ltr'><strong>demonstrandi</strong></span> 
     </span>
    </p>
   </div>
   <div class='ocr_carea' id='block_1_62' title="bbox 535 4455 2114 4524">
    <p class='ocr_par' dir='ltr' id='par_1_62' title="bbox 535 4455 2114 4524">
     <span class='ocr_line' id='line_1_62' title="bbox 535 4455 2114 4524; baseline 0.001 -14"><span class='ocrx_word' id='word_1_416' title='bbox 535 4455 643 4510; x_wconf 84' lang='lat' dir='ltr'><strong>sibi</strong></span> <span class='ocrx_word' id='word_1_417' title='bbox 681 4455 916 4511; x_wconf 82' lang='lat' dir='ltr'><strong>invicem</strong></span> <span class='ocrx_word' id='word_1_418' title='bbox 949 4456 1120 4510; x_wconf 88' lang='lat' dir='ltr'><strong>animi</strong></span> <span class='ocrx_word' id='word_1_419' title='bbox 1175 4456 1474 4512; x_wconf 84' lang='lat' dir='ltr'><strong>motiones.</strong></span> <span class='ocrx_word' id='word_1_420' title='bbox 1527 4455 1766 4513; x_wconf 84' lang='lat' dir='ltr'><strong>Necesse</strong></span> <span class='ocrx_word' id='word_1_421' title='bbox 1820 4467 1906 4513; x_wconf 91' lang='lat' dir='ltr'><strong>est</strong></span> <span class='ocrx_word' id='word_1_422' title='bbox 1941 4462 2114 4524; x_wconf 89' lang='lat' dir='ltr'><strong>enim,</strong></span> 
     </span>
    </p>
   </div>
   <div class='ocr_carea' id='block_1_63' title="bbox 2195 1967 3775 2043">
    <p class='ocr_par' dir='ltr' id='par_1_63' title="bbox 2195 1967 3775 2043">
     <span class='ocr_line' id='line_1_63' title="bbox 2195 1967 3775 2043; baseline -0.005 -16"><span class='ocrx_word' id='word_1_423' title='bbox 2195 1974 2503 2042; x_wconf 81' lang='grc' dir='ltr'>ἁσφάλειαν</span> <span class='ocrx_word' id='word_1_424' title='bbox 2537 1975 2726 2043; x_wconf 79' lang='grc' dir='ltr'>μόνον,</span> <span class='ocrx_word' id='word_1_425' title='bbox 2764 1972 2903 2026; x_wconf 77' lang='grc' dir='ltr'>ἀλλὰ</span> <span class='ocrx_word' id='word_1_426' title='bbox 2933 1971 3192 2041; x_wconf 76' lang='grc' dir='ltr'>καὶπρὸς</span> <span class='ocrx_word' id='word_1_427' title='bbox 3226 1970 3352 2033; x_wconf 77' lang='grc' dir='ltr'>τοὺς</span> <span class='ocrx_word' id='word_1_428' title='bbox 3385 1968 3592 2033; x_wconf 76' lang='grc' dir='ltr'>ἔξωθεν</span> <span class='ocrx_word' id='word_1_429' title='bbox 3622 1967 3775 2019; x_wconf 62' lang='grc' dir='ltr'>πολέα</span> 
     </span>
    </p>
   </div>
   <div class='ocr_carea' id='block_1_64' title="bbox 2201 2061 3772 2136">
    <p class='ocr_par' dir='ltr' id='par_1_64' title="bbox 2201 2061 3772 2136">
     <span class='ocr_line' id='line_1_64' title="bbox 2201 2061 3772 2136; baseline 0 -16"><span class='ocrx_word' id='word_1_430' title='bbox 2201 2084 2357 2136; x_wconf 84' lang='grc' dir='ltr'>μους.</span> <span class='ocrx_word' id='word_1_431' title='bbox 2391 2085 2411 2118; x_wconf 80' lang='grc'>›</span> <span class='ocrx_word' id='word_1_432' title='bbox 2446 2067 2560 2120; x_wconf 68' lang='grc' dir='ltr'><strong>Καὶ</strong></span> <span class='ocrx_word' id='word_1_433' title='bbox 2596 2066 2754 2128; x_wconf 73' lang='grc' dir='ltr'>αὖθις</span> <span class='ocrx_word' id='word_1_434' title='bbox 2785 2067 2813 2118; x_wconf 89' lang='grc' dir='ltr'><strong>ό</strong></span> <span class='ocrx_word' id='word_1_435' title='bbox 2845 2065 2990 2128; x_wconf 81' lang='grc' dir='ltr'>θεῖος</span> <span class='ocrx_word' id='word_1_436' title='bbox 3021 2065 3295 2134; x_wconf 74' lang='grc' dir='ltr'>Μάξιμος,</span> <span class='ocrx_word' id='word_1_437' title='bbox 3334 2081 3352 2114; x_wconf 80' lang='grc' dir='ltr'><strong>ι</strong></span> <span class='ocrx_word' id='word_1_438' title='bbox 3389 2062 3528 2132; x_wconf 65' lang='grc' dir='ltr'>Δίκα</span> <span class='ocrx_word' id='word_1_439' title='bbox 3554 2061 3772 2129; x_wconf 73' lang='grc' dir='ltr'>λογικῆς</span> 
     </span>
    </p>
   </div>
   <div class='ocr_carea' id='block_1_65' title="bbox 2195 2155 3769 2230">
    <p class='ocr_par' dir='ltr' id='par_1_65' title="bbox 2195 2155 3769 2230">
     <span class='ocr_line' id='line_1_65' title="bbox 2195 2155 3769 2230; baseline -0.003 -18"><span class='ocrx_word' id='word_1_440' title='bbox 2195 2161 2478 2230; x_wconf 86' lang='grc' dir='ltr'>δυνάμεως</span> <span class='ocrx_word' id='word_1_441' title='bbox 2509 2160 2940 2229; x_wconf 80' lang='grc' dir='ltr'>ἑπιστημονικὴ,</span> <span class='ocrx_word' id='word_1_442' title='bbox 2979 2178 2998 2208; x_wconf 73' lang='grc' dir='ltr'><strong>ι</strong></span> <span class='ocrx_word' id='word_1_443' title='bbox 3036 2161 3190 2227; x_wconf 80' lang='grc' dir='ltr'>φησὶ,</span> <span class='ocrx_word' id='word_1_444' title='bbox 3227 2175 3247 2207; x_wconf 87' lang='grc'><strong><em>‹</em></strong></span> <span class='ocrx_word' id='word_1_445' title='bbox 3270 2157 3475 2225; x_wconf 81' lang='grc' dir='ltr'>γνῶσις</span> <span class='ocrx_word' id='word_1_446' title='bbox 3513 2155 3616 2208; x_wconf 82' lang='grc' dir='ltr'>οὐκ</span> <span class='ocrx_word' id='word_1_447' title='bbox 3641 2155 3769 2208; x_wconf 81' lang='grc' dir='ltr'>ἔστι.</span> 
     </span>
    </p>
   </div>
   <div class='ocr_carea' id='block_1_66' title="bbox 2198 2248 3772 2321">
    <p class='ocr_par' dir='ltr' id='par_1_66' title="bbox 2198 2248 3772 2321">
     <span class='ocr_line' id='line_1_66' title="bbox 2198 2248 3772 2321; baseline -0.003 -16"><span class='ocrx_word' id='word_1_448' title='bbox 2198 2255 2293 2305; x_wconf 74' lang='grc' dir='ltr'>καὶ</span> <span class='ocrx_word' id='word_1_449' title='bbox 2325 2253 2584 2321; x_wconf 80' lang='grc' dir='ltr'>γνώσεως</span> <span class='ocrx_word' id='word_1_450' title='bbox 2636 2255 2807 2321; x_wconf 80' lang='grc' dir='ltr'>χωρὶς</span> <span class='ocrx_word' id='word_1_451' title='bbox 2855 2251 2916 2304; x_wconf 85' lang='grc' dir='ltr'>οὑ</span> <span class='ocrx_word' id='word_1_452' title='bbox 2960 2250 3282 2304; x_wconf 85' lang='grc' dir='ltr'>συνίσταται</span> <span class='ocrx_word' id='word_1_453' title='bbox 3313 2251 3524 2312; x_wconf 77' lang='grc' dir='ltr'>πίστις.</span> <span class='ocrx_word' id='word_1_454' title='bbox 3555 2270 3575 2299; x_wconf 75' lang='grc' dir='ltr'><strong>ι</strong></span> <span class='ocrx_word' id='word_1_455' title='bbox 3618 2248 3772 2316; x_wconf 76' lang='grc' dir='ltr'>Ὁρᾷς</span> 
     </span>
    </p>
   </div>
   <div class='ocr_carea' id='block_1_67' title="bbox 2197 2341 3774 2414">
    <p class='ocr_par' dir='ltr' id='par_1_67' title="bbox 2197 2341 3774 2414">
     <span class='ocr_line' id='line_1_67' title="bbox 2197 2341 3774 2414; baseline -0.005 -17"><span class='ocrx_word' id='word_1_456' title='bbox 2197 2345 2260 2397; x_wconf 75' lang='grc' dir='ltr'>τὸ</span> <span class='ocrx_word' id='word_1_457' title='bbox 2297 2345 2410 2398; x_wconf 85' lang='grc' dir='ltr'><strong>τῶν</strong></span> <span class='ocrx_word' id='word_1_458' title='bbox 2469 2345 2578 2396; x_wconf 85' lang='grc' dir='ltr'><strong>σῶν</strong></span> <span class='ocrx_word' id='word_1_459' title='bbox 2627 2342 2990 2414; x_wconf 74' lang='grc' dir='ltr'>βλασφημιῶν</span> <span class='ocrx_word' id='word_1_460' title='bbox 3039 2344 3234 2408; x_wconf 69' lang='grc' dir='ltr'>αἴτιον,</span> <span class='ocrx_word' id='word_1_461' title='bbox 3275 2342 3558 2413; x_wconf 80' lang='grc' dir='ltr'>ἄνθρωπε.</span> <span class='ocrx_word' id='word_1_462' title='bbox 3619 2341 3774 2395; x_wconf 65' lang='grc' dir='ltr'>οὐδὲν</span> 
     </span>
    </p>
   </div>
   <div class='ocr_carea' id='block_1_68' title="bbox 2200 2433 3773 2508">
    <p class='ocr_par' dir='ltr' id='par_1_68' title="bbox 2200 2433 3773 2508">
     <span class='ocr_line' id='line_1_68' title="bbox 2200 2433 3773 2508; baseline -0.004 -20"><span class='ocrx_word' id='word_1_463' title='bbox 2200 2437 2311 2508; x_wconf 82' lang='grc' dir='ltr'>γὰρ</span> <span class='ocrx_word' id='word_1_464' title='bbox 2339 2437 2528 2506; x_wconf 74' lang='grc' dir='ltr'>ἕτερον</span> <span class='ocrx_word' id='word_1_465' title='bbox 2561 2437 2592 2507; x_wconf 76' lang='grc' dir='ltr'>ἢ</span> <span class='ocrx_word' id='word_1_466' title='bbox 2636 2437 2855 2500; x_wconf 86' lang='grc' dir='ltr'>πάντως</span> <span class='ocrx_word' id='word_1_467' title='bbox 2884 2438 2916 2504; x_wconf 89' lang='grc' dir='ltr'><strong>ή</strong></span> <span class='ocrx_word' id='word_1_468' title='bbox 2947 2436 3156 2489; x_wconf 87' lang='grc' dir='ltr'>τούτων</span> <span class='ocrx_word' id='word_1_469' title='bbox 3183 2436 3396 2502; x_wconf 75' lang='grc' dir='ltr'>ἄγνοια,</span> <span class='ocrx_word' id='word_1_470' title='bbox 3420 2435 3571 2501; x_wconf 79' lang='grc' dir='ltr'>λέγω</span> <span class='ocrx_word' id='word_1_471' title='bbox 3600 2435 3662 2503; x_wconf 83' lang='grc' dir='ltr'><strong>δή</strong></span> <span class='ocrx_word' id='word_1_472' title='bbox 3681 2433 3773 2502; x_wconf 82' lang='grc' dir='ltr'><strong>τήν</strong></span> 
     </span>
    </p>
   </div>
   <div class='ocr_carea' id='block_1_69' title="bbox 2197 2515 3876 2599">
    <p class='ocr_par' dir='ltr' id='par_1_69' title="bbox 2197 2515 3876 2599">
     <span class='ocr_line' id='line_1_69' title="bbox 2197 2515 3876 2599; baseline -0.002 -19"><span class='ocrx_word' id='word_1_473' title='bbox 2197 2528 2309 2581; x_wconf 82' lang='grc' dir='ltr'><strong>τῶν</strong></span> <span class='ocrx_word' id='word_1_474' title='bbox 2338 2528 2577 2598; x_wconf 86' lang='grc' dir='ltr'>θύραθεν</span> <span class='ocrx_word' id='word_1_475' title='bbox 2601 2530 2698 2582; x_wconf 68' lang='grc' dir='ltr'>καὶ</span> <span class='ocrx_word' id='word_1_476' title='bbox 2727 2529 2835 2581; x_wconf 85' lang='grc' dir='ltr'><strong>τῶν</strong></span> <span class='ocrx_word' id='word_1_477' title='bbox 2867 2530 3154 2599; x_wconf 79' lang='grc' dir='ltr'>ἡμετέρων</span> <span class='ocrx_word' id='word_1_478' title='bbox 3176 2529 3292 2596; x_wconf 75' lang='grc' dir='ltr'>ἅμα</span> <span class='ocrx_word' id='word_1_479' title='bbox 3323 2526 3510 2594; x_wconf 81' lang='grc' dir='ltr'>σοφῶν</span> <span class='ocrx_word' id='word_1_480' title='bbox 3536 2528 3633 2581; x_wconf 75' lang='grc' dir='ltr'>καὶ</span> <span class='ocrx_word' id='word_1_481' title='bbox 3663 2527 3773 2578; x_wconf 85' lang='grc' dir='ltr'>θεο-</span> <span class='ocrx_word' id='word_1_482' title='bbox 3873 2515 3876 2518; x_wconf 51' lang='grc'><strong>’</strong></span> 
     </span>
    </p>
   </div>
   <div class='ocr_carea' id='block_1_70' title="bbox 2201 2619 3773 2692">
    <p class='ocr_par' dir='ltr' id='par_1_70' title="bbox 2201 2619 3773 2692">
     <span class='ocr_line' id='line_1_70' title="bbox 2201 2619 3773 2692; baseline -0.001 -20"><span class='ocrx_word' id='word_1_483' title='bbox 2201 2619 2378 2688; x_wconf 78' lang='grc' dir='ltr'>λόγων</span> <span class='ocrx_word' id='word_1_484' title='bbox 2439 2622 2650 2691; x_wconf 83' lang='grc' dir='ltr'>ἀνδρῶν</span> <span class='ocrx_word' id='word_1_485' title='bbox 2703 2622 3038 2692; x_wconf 75' lang='grc' dir='ltr'>ἐπιστήμην,</span> <span class='ocrx_word' id='word_1_486' title='bbox 3089 2622 3156 2691; x_wconf 81' lang='grc' dir='ltr'>ἢν</span> <span class='ocrx_word' id='word_1_487' title='bbox 3205 2621 3509 2690; x_wconf 75' lang='grc' dir='ltr'>ἀγνοοῦντα</span> <span class='ocrx_word' id='word_1_488' title='bbox 3560 2638 3620 2672; x_wconf 89' lang='grc' dir='ltr'><strong>σε</strong></span> <span class='ocrx_word' id='word_1_489' title='bbox 3688 2619 3773 2672; x_wconf 81' lang='grc' dir='ltr'>νῦν</span> 
     </span>
    </p>
   </div>
   <div class='ocr_carea' id='block_1_71' title="bbox 2201 2709 3576 2780">
    <p class='ocr_par' dir='ltr' id='par_1_71' title="bbox 2201 2709 3576 2780">
     <span class='ocr_line' id='line_1_71' title="bbox 2201 2709 3576 2780; baseline -0.002 -18"><span class='ocrx_word' id='word_1_490' title='bbox 2201 2709 2336 2778; x_wconf 79' lang='grc' dir='ltr'>γοῦν</span> <span class='ocrx_word' id='word_1_491' title='bbox 2370 2709 2687 2780; x_wconf 81' lang='grc' dir='ltr'>διδαχθῆναι</span> <span class='ocrx_word' id='word_1_492' title='bbox 2723 2711 2902 2780; x_wconf 86' lang='grc' dir='ltr'>χρεὼν</span> <span class='ocrx_word' id='word_1_493' title='bbox 2932 2709 3186 2762; x_wconf 80' lang='grc' dir='ltr'>ἐνταυθοῖ</span> <span class='ocrx_word' id='word_1_494' title='bbox 3217 2710 3352 2778; x_wconf 77' lang='grc' dir='ltr'>παρ’</span> <span class='ocrx_word' id='word_1_495' title='bbox 3386 2709 3576 2778; x_wconf 75' lang='grc' dir='ltr'>ἡμῶν.</span> 
     </span>
    </p>
   </div>
   <div class='ocr_carea' id='block_1_72' title="bbox 2277 2799 3776 2871">
    <p class='ocr_par' dir='ltr' id='par_1_72' title="bbox 2277 2799 3776 2871">
     <span class='ocr_line' id='line_1_72' title="bbox 2277 2799 3776 2871; baseline -0.001 -17"><span class='ocrx_word' id='word_1_496' title='bbox 2277 2802 2378 2854; x_wconf 82' lang='lat' dir='ltr'><strong>IB’.</strong></span> <span class='ocrx_word' id='word_1_497' title='bbox 2415 2801 2635 2855; x_wconf 86' lang='grc' dir='ltr'>Τούτων</span> <span class='ocrx_word' id='word_1_498' title='bbox 2667 2802 2713 2855; x_wconf 84' lang='grc' dir='ltr'>δ’</span> <span class='ocrx_word' id='word_1_499' title='bbox 2743 2801 2887 2855; x_wconf 74' lang='grc' dir='ltr'>οὕτω</span> <span class='ocrx_word' id='word_1_500' title='bbox 2909 2801 3226 2871; x_wconf 68' lang='grc' dir='ltr'><strong>λεγομένωνΔ</strong></span> <span class='ocrx_word' id='word_1_501' title='bbox 3249 2799 3393 2864; x_wconf 78' lang='grc' dir='ltr'>τινὲς</span> <span class='ocrx_word' id='word_1_502' title='bbox 3424 2801 3539 2854; x_wconf 85' lang='grc' dir='ltr'><strong>τῶν</strong></span> <span class='ocrx_word' id='word_1_503' title='bbox 3567 2801 3667 2870; x_wconf 79' lang='grc' dir='ltr'>τῆς</span> <span class='ocrx_word' id='word_1_504' title='bbox 3691 2817 3776 2867; x_wconf 84' lang='grc' dir='ltr'>γε·</span> 
     </span>
    </p>
   </div>
   <div class='ocr_carea' id='block_1_73' title="bbox 2206 2889 3775 2965">
    <p class='ocr_par' dir='ltr' id='par_1_73' title="bbox 2206 2889 3775 2965">
     <span class='ocr_line' id='line_1_73' title="bbox 2206 2889 3775 2965; baseline -0.005 -17"><span class='ocrx_word' id='word_1_505' title='bbox 2206 2894 2432 2965; x_wconf 88' lang='grc' dir='ltr'>ρουσίας</span> <span class='ocrx_word' id='word_1_506' title='bbox 2453 2895 2688 2964; x_wconf 88' lang='grc' dir='ltr'>μάλιστα</span> <span class='ocrx_word' id='word_1_507' title='bbox 2711 2895 2880 2965; x_wconf 81' lang='grc' dir='ltr'>φίλων</span> <span class='ocrx_word' id='word_1_508' title='bbox 2896 2895 2971 2964; x_wconf 82' lang='grc' dir='ltr'><strong>τῷ</strong></span> <span class='ocrx_word' id='word_1_509' title='bbox 2989 2893 3222 2964; x_wconf 80' lang='grc' dir='ltr'>Παλαμᾷ</span> <span class='ocrx_word' id='word_1_510' title='bbox 3241 2895 3337 2946; x_wconf 77' lang='grc' dir='ltr'><strong>καὶ</strong></span> <span class='ocrx_word' id='word_1_511' title='bbox 3357 2893 3634 2963; x_wconf 80' lang='grc' dir='ltr'>ὁμοδόξων</span> <span class='ocrx_word' id='word_1_512' title='bbox 3653 2889 3775 2961; x_wconf 79' lang='grc' dir='ltr'>ὁμοῦ</span> 
     </span>
    </p>
   </div>
   <div class='ocr_carea' id='block_1_74' title="bbox 2205 2983 3779 3058">
    <p class='ocr_par' dir='ltr' id='par_1_74' title="bbox 2205 2983 3779 3058">
     <span class='ocr_line' id='line_1_74' title="bbox 2205 2983 3779 3058; baseline -0.004 -16"><span class='ocrx_word' id='word_1_513' title='bbox 2205 2987 2300 3042; x_wconf 68' lang='grc' dir='ltr'>καὶ</span> <span class='ocrx_word' id='word_1_514' title='bbox 2329 2988 2750 3056; x_wconf 87' lang='grc' dir='ltr'>συναγωνιστῶν</span> <span class='ocrx_word' id='word_1_515' title='bbox 2802 2987 3209 3058; x_wconf 73' lang='grc' dir='ltr'>ύπεψιθύρισαν</span> <span class='ocrx_word' id='word_1_516' title='bbox 3239 2986 3375 3056; x_wconf 74' lang='grc' dir='ltr'>πρὸς</span> <span class='ocrx_word' id='word_1_517' title='bbox 3416 2983 3514 3048; x_wconf 80' lang='grc' dir='ltr'>οὖς</span> <span class='ocrx_word' id='word_1_518' title='bbox 3551 2986 3630 3054; x_wconf 87' lang='grc' dir='ltr'>τῷ</span> <span class='ocrx_word' id='word_1_519' title='bbox 3648 2985 3779 3052; x_wconf 78' lang='grc' dir='ltr'>Γρη-</span> 
     </span>
    </p>
   </div>
   <div class='ocr_carea' id='block_1_75' title="bbox 2205 3077 3779 3151">
    <p class='ocr_par' dir='ltr' id='par_1_75' title="bbox 2205 3077 3779 3151">
     <span class='ocr_line' id='line_1_75' title="bbox 2205 3077 3779 3151; baseline -0.005 -17"><span class='ocrx_word' id='word_1_520' title='bbox 2205 3082 2344 3150; x_wconf 81' lang='grc' dir='ltr'>γορᾷ</span> <span class='ocrx_word' id='word_1_521' title='bbox 2383 3081 2460 3151; x_wconf 84' lang='grc' dir='ltr'>μὴ</span> <span class='ocrx_word' id='word_1_522' title='bbox 2505 3079 2784 3134; x_wconf 84' lang='grc' dir='ltr'>σκώπτειν</span> <span class='ocrx_word' id='word_1_523' title='bbox 2835 3079 2960 3150; x_wconf 82' lang='grc' dir='ltr'>μηδ’</span> <span class='ocrx_word' id='word_1_524' title='bbox 2993 3082 3053 3143; x_wconf 78' lang='grc' dir='ltr'>ἐς</span> <span class='ocrx_word' id='word_1_525' title='bbox 3096 3077 3355 3132; x_wconf 81' lang='grc' dir='ltr'>τοσοῦτον</span> <span class='ocrx_word' id='word_1_526' title='bbox 3395 3079 3779 3148; x_wconf 70' lang='grc' dir='ltr'>εἰρωνεύεσθαι</span> 
     </span>
    </p>
   </div>
   <div class='ocr_carea' id='block_1_76' title="bbox 2147 3171 3780 3246">
    <p class='ocr_par' dir='ltr' id='par_1_76' title="bbox 2147 3171 3780 3246">
     <span class='ocr_line' id='line_1_76' title="bbox 2147 3171 3780 3246; baseline -0.006 -17"><span class='ocrx_word' id='word_1_527' title='bbox 2147 3209 2176 3229; x_wconf 60' lang='grc' dir='ltr'><strong>τ</strong></span> <span class='ocrx_word' id='word_1_528' title='bbox 2209 3176 2348 3246; x_wconf 77' lang='grc' dir='ltr'>πρὸς</span> <span class='ocrx_word' id='word_1_529' title='bbox 2379 3175 2550 3246; x_wconf 78' lang='grc' dir='ltr'>ἄνδρα</span> <span class='ocrx_word' id='word_1_530' title='bbox 2582 3177 2885 3229; x_wconf 73' lang='grc' dir='ltr'>ἐπίσκοπον</span> <span class='ocrx_word' id='word_1_531' title='bbox 2916 3176 3008 3228; x_wconf 75' lang='grc' dir='ltr'><strong>καί</strong></span> <span class='ocrx_word' id='word_1_532' title='bbox 3036 3173 3224 3226; x_wconf 78' lang='grc' dir='ltr'>πολιὸν</span> <span class='ocrx_word' id='word_1_533' title='bbox 3259 3173 3360 3242; x_wconf 82' lang='grc' dir='ltr'>τὴν</span> <span class='ocrx_word' id='word_1_534' title='bbox 3403 3172 3596 3242; x_wconf 82' lang='grc' dir='ltr'>τρίχα.</span> <span class='ocrx_word' id='word_1_535' title='bbox 3635 3171 3780 3224; x_wconf 72' lang='grc' dir='ltr'>Κατὰ</span> 
     </span>
    </p>
   </div>
   <div class='ocr_carea' id='block_1_77' title="bbox 2207 3263 3784 3338">
    <p class='ocr_par' dir='ltr' id='par_1_77' title="bbox 2207 3263 3784 3338">
     <span class='ocr_line' id='line_1_77' title="bbox 2207 3263 3784 3338; baseline -0.006 -18"><span class='ocrx_word' id='word_1_536' title='bbox 2207 3268 2409 3338; x_wconf 81' lang='grc' dir='ltr'>μικρὸν</span> <span class='ocrx_word' id='word_1_537' title='bbox 2447 3267 2541 3322; x_wconf 77' lang='grc' dir='ltr'>οὖν</span> <span class='ocrx_word' id='word_1_538' title='bbox 2583 3269 2611 3319; x_wconf 88' lang='grc' dir='ltr'><strong>ό</strong></span> <span class='ocrx_word' id='word_1_539' title='bbox 2644 3267 2933 3338; x_wconf 82' lang='grc' dir='ltr'>Γρηγορᾶς</span> <span class='ocrx_word' id='word_1_540' title='bbox 2971 3265 3215 3336; x_wconf 70' lang='grc' dir='ltr'>ἐπισχὼν</span> <span class='ocrx_word' id='word_1_541' title='bbox 3244 3263 3339 3316; x_wconf 80' lang='grc' dir='ltr'>καὶ</span> <span class='ocrx_word' id='word_1_542' title='bbox 3380 3264 3630 3325; x_wconf 85' lang='grc' dir='ltr'>ἀκούσας</span> <span class='ocrx_word' id='word_1_543' title='bbox 3674 3263 3784 3314; x_wconf 83' lang='grc' dir='ltr'>ἀνε-</span> 
     </span>
    </p>
   </div>
   <div class='ocr_carea' id='block_1_78' title="bbox 2208 3353 3778 3430">
    <p class='ocr_par' dir='ltr' id='par_1_78' title="bbox 2208 3353 3778 3430">
     <span class='ocr_line' id='line_1_78' title="bbox 2208 3353 3778 3430; baseline -0.005 -17"><span class='ocrx_word' id='word_1_544' title='bbox 2208 3360 2492 3430; x_wconf 71' lang='grc' dir='ltr'>λάμϐανεν</span> <span class='ocrx_word' id='word_1_545' title='bbox 2515 3355 2674 3422; x_wconf 81' lang='grc' dir='ltr'>αὖθις</span> <span class='ocrx_word' id='word_1_546' title='bbox 2701 3362 2794 3413; x_wconf 80' lang='grc' dir='ltr'>τὸν</span> <span class='ocrx_word' id='word_1_547' title='bbox 2823 3358 3005 3427; x_wconf 82' lang='grc' dir='ltr'>λόγον,</span> <span class='ocrx_word' id='word_1_548' title='bbox 3053 3360 3151 3412; x_wconf 71' lang='grc' dir='ltr'>καὶ</span> <span class='ocrx_word' id='word_1_549' title='bbox 3175 3357 3260 3424; x_wconf 83' lang='grc' dir='ltr'>δὴ,</span> <span class='ocrx_word' id='word_1_550' title='bbox 3295 3356 3487 3410; x_wconf 77' lang='grc' dir='ltr'>«Ἔστι</span> <span class='ocrx_word' id='word_1_551' title='bbox 3514 3356 3619 3423; x_wconf 83' lang='grc' dir='ltr'>μὲν</span> <span class='ocrx_word' id='word_1_552' title='bbox 3642 3353 3778 3420; x_wconf 66' lang='lat' dir='ltr'><strong>oin,»</strong></span> 
     </span>
    </p>
   </div>
   <div class='ocr_carea' id='block_1_79' title="bbox 2209 3447 3782 3522">
    <p class='ocr_par' dir='ltr' id='par_1_79' title="bbox 2209 3447 3782 3522">
     <span class='ocr_line' id='line_1_79' title="bbox 2209 3447 3782 3522; baseline -0.006 -19"><span class='ocrx_word' id='word_1_553' title='bbox 2209 3453 2368 3521; x_wconf 76' lang='grc' dir='ltr'>φησὶ,</span> <span class='ocrx_word' id='word_1_554' title='bbox 2411 3470 2429 3503; x_wconf 78' lang='grc' dir='ltr'><strong>ι</strong></span> <span class='ocrx_word' id='word_1_555' title='bbox 2467 3451 2535 3503; x_wconf 81' lang='grc' dir='ltr'>τὰ</span> <span class='ocrx_word' id='word_1_556' title='bbox 2569 3454 2627 3504; x_wconf 80' lang='grc' dir='ltr'>ἐν</span> <span class='ocrx_word' id='word_1_557' title='bbox 2653 3453 2717 3521; x_wconf 82' lang='grc' dir='ltr'><strong>τῇ</strong></span> <span class='ocrx_word' id='word_1_558' title='bbox 2747 3454 2899 3522; x_wconf 80' lang='grc' dir='ltr'>φωνῇ</span> <span class='ocrx_word' id='word_1_559' title='bbox 2925 3451 3119 3504; x_wconf 78' lang='grc' dir='ltr'>τῶνὲν</span> <span class='ocrx_word' id='word_1_560' title='bbox 3150 3451 3215 3521; x_wconf 79' lang='grc' dir='ltr'><strong>τῇ</strong></span> <span class='ocrx_word' id='word_1_561' title='bbox 3264 3448 3410 3518; x_wconf 77' lang='grc' dir='ltr'>ψυχῇ</span> <span class='ocrx_word' id='word_1_562' title='bbox 3443 3447 3782 3518; x_wconf 81' lang='grc' dir='ltr'>παθημάτων</span> 
     </span>
    </p>
   </div>
   <div class='ocr_carea' id='block_1_80' title="bbox 2212 3540 3784 3614">
    <p class='ocr_par' dir='ltr' id='par_1_80' title="bbox 2212 3540 3784 3614">
     <span class='ocr_line' id='line_1_80' title="bbox 2212 3540 3784 3614; baseline -0.006 -16"><span class='ocrx_word' id='word_1_563' title='bbox 2212 3544 2486 3614; x_wconf 77' lang='grc' dir='ltr'>σύμϐολα,</span> <span class='ocrx_word' id='word_1_564' title='bbox 2517 3546 2610 3598; x_wconf 68' lang='grc' dir='ltr'><strong>καὶ</strong></span> <span class='ocrx_word' id='word_1_565' title='bbox 2640 3546 2709 3597; x_wconf 85' lang='grc' dir='ltr'>τὰ</span> <span class='ocrx_word' id='word_1_566' title='bbox 2747 3544 3074 3614; x_wconf 81' lang='grc' dir='ltr'>γραφόμενα</span> <span class='ocrx_word' id='word_1_567' title='bbox 3113 3542 3223 3597; x_wconf 90' lang='grc' dir='ltr'><strong>τῶν</strong></span> <span class='ocrx_word' id='word_1_568' title='bbox 3252 3543 3309 3596; x_wconf 81' lang='grc' dir='ltr'>ὲν</span> <span class='ocrx_word' id='word_1_569' title='bbox 3337 3544 3403 3613; x_wconf 83' lang='grc' dir='ltr'><strong>τῇ</strong></span> <span class='ocrx_word' id='word_1_570' title='bbox 3443 3543 3625 3612; x_wconf 81' lang='grc' dir='ltr'>φωνῇ,</span> <span class='ocrx_word' id='word_1_571' title='bbox 3673 3540 3784 3610; x_wconf 75' lang='grc' dir='ltr'>ἥτις</span> 
     </span>
    </p>
   </div>
   <div class='ocr_carea' id='block_1_81' title="bbox 2210 3632 3781 3709">
    <p class='ocr_par' dir='ltr' id='par_1_81' title="bbox 2210 3632 3781 3709">
     <span class='ocr_line' id='line_1_81' title="bbox 2210 3632 3781 3709; baseline -0.007 -17"><span class='ocrx_word' id='word_1_572' title='bbox 2210 3638 2275 3708; x_wconf 79' lang='grc' dir='ltr'><strong>δή</strong></span> <span class='ocrx_word' id='word_1_573' title='bbox 2292 3641 2436 3692; x_wconf 79' lang='grc' dir='ltr'>κατὰ</span> <span class='ocrx_word' id='word_1_574' title='bbox 2454 3639 2620 3707; x_wconf 86' lang='grc' dir='ltr'>φύσιν</span> <span class='ocrx_word' id='word_1_575' title='bbox 2642 3638 2917 3709; x_wconf 81' lang='grc' dir='ltr'>ἄναρθρος</span> <span class='ocrx_word' id='word_1_576' title='bbox 2937 3636 3074 3690; x_wconf 80' lang='grc' dir='ltr'>οὖσα</span> <span class='ocrx_word' id='word_1_577' title='bbox 3093 3635 3362 3706; x_wconf 77' lang='grc' dir='ltr'>ἔναρθρος</span> <span class='ocrx_word' id='word_1_578' title='bbox 3386 3634 3604 3702; x_wconf 77' lang='grc' dir='ltr'>γίνεται</span> <span class='ocrx_word' id='word_1_579' title='bbox 3623 3632 3781 3690; x_wconf 83' lang='grc' dir='ltr'>θέσει,</span> 
     </span>
    </p>
   </div>
   <div class='ocr_carea' id='block_1_82' title="bbox 2209 3723 3785 3796">
    <p class='ocr_par' dir='ltr' id='par_1_82' title="bbox 2209 3723 3785 3796">
     <span class='ocr_line' id='line_1_82' title="bbox 2209 3723 3785 3796; baseline -0.004 -18"><span class='ocrx_word' id='word_1_580' title='bbox 2209 3724 2279 3778; x_wconf 84' lang='grc' dir='ltr'>δι’</span> <span class='ocrx_word' id='word_1_581' title='bbox 2313 3725 2596 3795; x_wconf 83' lang='grc' dir='ltr'>ὀνομάτων</span> <span class='ocrx_word' id='word_1_582' title='bbox 2627 3741 2689 3778; x_wconf 87' lang='grc' dir='ltr'><strong>τε</strong></span> <span class='ocrx_word' id='word_1_583' title='bbox 2731 3725 2830 3778; x_wconf 73' lang='grc' dir='ltr'>καὶ</span> <span class='ocrx_word' id='word_1_584' title='bbox 2864 3723 3136 3796; x_wconf 78' lang='grc' dir='ltr'>ῥημάτων</span> <span class='ocrx_word' id='word_1_585' title='bbox 3179 3723 3458 3792; x_wconf 80' lang='grc' dir='ltr'>ὀψιγόνοις</span> <span class='ocrx_word' id='word_1_586' title='bbox 3508 3736 3785 3792; x_wconf 81' lang='grc' dir='ltr'>παρευρη-</span> 
     </span>
    </p>
   </div>
   <div class='ocr_carea' id='block_1_83' title="bbox 2216 3812 3783 3887">
    <p class='ocr_par' dir='ltr' id='par_1_83' title="bbox 2216 3812 3783 3887">
     <span class='ocr_line' id='line_1_83' title="bbox 2216 3812 3783 3887; baseline -0.004 -17"><span class='ocrx_word' id='word_1_587' title='bbox 2216 3818 2394 3886; x_wconf 78' lang='grc' dir='ltr'>μένων</span> <span class='ocrx_word' id='word_1_588' title='bbox 2421 3816 2755 3887; x_wconf 78' lang='grc' dir='ltr'>ἀνθρώποις.</span> <span class='ocrx_word' id='word_1_589' title='bbox 2783 3817 2866 3870; x_wconf 80' lang='grc' dir='ltr'><strong>Τὰ</strong></span> <span class='ocrx_word' id='word_1_590' title='bbox 2895 3817 3004 3887; x_wconf 88' lang='grc' dir='ltr'><strong>γὰρ</strong></span> <span class='ocrx_word' id='word_1_591' title='bbox 3044 3815 3242 3885; x_wconf 86' lang='grc' dir='ltr'>πρῶτα</span> <span class='ocrx_word' id='word_1_592' title='bbox 3291 3813 3434 3867; x_wconf 78' lang='grc' dir='ltr'>κατὰ</span> <span class='ocrx_word' id='word_1_593' title='bbox 3474 3813 3663 3882; x_wconf 87' lang='grc' dir='ltr'>φύσιν,</span> <span class='ocrx_word' id='word_1_594' title='bbox 3698 3812 3783 3866; x_wconf 78' lang='grc' dir='ltr'>ἅτε</span> 
     </span>
    </p>
   </div>
   <div class='ocr_carea' id='block_1_84' title="bbox 2213 3903 3787 3982">
    <p class='ocr_par' dir='ltr' id='par_1_84' title="bbox 2213 3903 3787 3982">
     <span class='ocr_line' id='line_1_84' title="bbox 2213 3903 3787 3982; baseline -0.006 -20"><span class='ocrx_word' id='word_1_595' title='bbox 2213 3909 2346 3964; x_wconf 73' lang='grc' dir='ltr'>ὄντα</span> <span class='ocrx_word' id='word_1_596' title='bbox 2378 3910 2550 3974; x_wconf 82' lang='grc' dir='ltr'>ἁπλᾶ,</span> <span class='ocrx_word' id='word_1_597' title='bbox 2600 3904 2698 3964; x_wconf 66' lang='grc' dir='ltr'>καῖ</span> <span class='ocrx_word' id='word_1_598' title='bbox 2726 3909 2970 3982; x_wconf 80' lang='grc' dir='ltr'>πρότερα</span> <span class='ocrx_word' id='word_1_599' title='bbox 3002 3908 3177 3979; x_wconf 86' lang='grc' dir='ltr'>δήπου</span> <span class='ocrx_word' id='word_1_600' title='bbox 3207 3907 3318 3961; x_wconf 85' lang='grc' dir='ltr'><strong>τῶν</strong></span> <span class='ocrx_word' id='word_1_601' title='bbox 3350 3905 3473 3961; x_wconf 83' lang='grc' dir='ltr'>κατ’</span> <span class='ocrx_word' id='word_1_602' title='bbox 3510 3903 3787 3974; x_wconf 74' lang='grc' dir='ltr'>ἐπιτήδευ-</span> 
     </span>
    </p>
   </div>
   <div class='ocr_carea' id='block_1_85' title="bbox 2217 3991 3784 4071">
    <p class='ocr_par' dir='ltr' id='par_1_85' title="bbox 2217 3991 3784 4071">
     <span class='ocr_line' id='line_1_85' title="bbox 2217 3991 3784 4071; baseline -0.005 -19"><span class='ocrx_word' id='word_1_603' title='bbox 2217 4017 2304 4053; x_wconf 89' lang='grc' dir='ltr'><strong>σιν</strong></span> <span class='ocrx_word' id='word_1_604' title='bbox 2340 4004 2436 4055; x_wconf 77' lang='grc' dir='ltr'><strong>καὶ</strong></span> <span class='ocrx_word' id='word_1_605' title='bbox 2467 4001 2746 4055; x_wconf 81' lang='grc' dir='ltr'>συνθέτων</span> <span class='ocrx_word' id='word_1_606' title='bbox 2775 4002 2804 4055; x_wconf 83' lang='grc' dir='ltr'><strong>ό</strong></span> <span class='ocrx_word' id='word_1_607' title='bbox 2842 4001 2943 4071; x_wconf 83' lang='grc' dir='ltr'>τῆς</span> <span class='ocrx_word' id='word_1_608' title='bbox 2968 3998 3232 4068; x_wconf 79' lang='grc' dir='ltr'>ἀληθείας</span> <span class='ocrx_word' id='word_1_609' title='bbox 3265 3997 3628 4052; x_wconf 84' lang='grc' dir='ltr'>δεδικαίωκεν</span> <span class='ocrx_word' id='word_1_610' title='bbox 3658 3991 3784 4047; x_wconf 72' lang='grc' dir='ltr'>εἶναι</span> 
     </span>
    </p>
   </div>
   <div class='ocr_carea' id='block_1_86' title="bbox 2214 4083 3786 4162">
    <p class='ocr_par' dir='ltr' id='par_1_86' title="bbox 2214 4083 3786 4162">
     <span class='ocr_line' id='line_1_86' title="bbox 2214 4083 3786 4162; baseline -0.004 -20"><span class='ocrx_word' id='word_1_611' title='bbox 2214 4089 2395 4158; x_wconf 81' lang='grc' dir='ltr'>λόγος.</span> <span class='ocrx_word' id='word_1_612' title='bbox 2427 4091 2678 4162; x_wconf 77' lang='grc' dir='ltr'>Πρότερα</span> <span class='ocrx_word' id='word_1_613' title='bbox 2728 4091 2836 4161; x_wconf 74' lang='grc' dir='ltr'>ἄρα</span> <span class='ocrx_word' id='word_1_614' title='bbox 2887 4089 2998 4143; x_wconf 86' lang='grc' dir='ltr'><strong>τῶν</strong></span> <span class='ocrx_word' id='word_1_615' title='bbox 3037 4089 3098 4142; x_wconf 74' lang='grc' dir='ltr'>ὲν</span> <span class='ocrx_word' id='word_1_616' title='bbox 3132 4091 3199 4159; x_wconf 76' lang='grc' dir='ltr'>τῇ</span> <span class='ocrx_word' id='word_1_617' title='bbox 3248 4091 3403 4158; x_wconf 84' lang='grc' dir='ltr'>φωνῇ</span> <span class='ocrx_word' id='word_1_618' title='bbox 3441 4083 3786 4158; x_wconf 79' lang='grc' dir='ltr'>σημαντικῶν</span> 
     </span>
    </p>
   </div>
   <div class='ocr_carea' id='block_1_87' title="bbox 2215 4176 3786 4254">
    <p class='ocr_par' dir='ltr' id='par_1_87' title="bbox 2215 4176 3786 4254">
     <span class='ocr_line' id='line_1_87' title="bbox 2215 4176 3786 4254; baseline -0.003 -19"><span class='ocrx_word' id='word_1_619' title='bbox 2215 4183 2501 4254; x_wconf 82' lang='grc' dir='ltr'>ὀνομάτων</span> <span class='ocrx_word' id='word_1_620' title='bbox 2525 4182 2664 4252; x_wconf 84' lang='grc' dir='ltr'>ὁμοῦ</span> <span class='ocrx_word' id='word_1_621' title='bbox 2705 4184 2802 4237; x_wconf 72' lang='grc' dir='ltr'>καὶ</span> <span class='ocrx_word' id='word_1_622' title='bbox 2835 4181 3102 4253; x_wconf 80' lang='grc' dir='ltr'>ῥημάτων</span> <span class='ocrx_word' id='word_1_623' title='bbox 3142 4181 3212 4233; x_wconf 71' lang='grc' dir='ltr'><strong>τὰ</strong></span> <span class='ocrx_word' id='word_1_624' title='bbox 3243 4181 3302 4233; x_wconf 80' lang='grc' dir='ltr'>ὲν</span> <span class='ocrx_word' id='word_1_625' title='bbox 3331 4184 3398 4250; x_wconf 81' lang='grc' dir='ltr'><strong>τῇ</strong></span> <span class='ocrx_word' id='word_1_626' title='bbox 3438 4179 3590 4252; x_wconf 79' lang='grc' dir='ltr'>ψυχῇ</span> <span class='ocrx_word' id='word_1_627' title='bbox 3618 4176 3786 4245; x_wconf 82' lang='grc' dir='ltr'>παθή-</span> 
     </span>
    </p>
   </div>
   <div class='ocr_carea' id='block_1_88' title="bbox 2220 4268 3788 4346">
    <p class='ocr_par' dir='ltr' id='par_1_88' title="bbox 2220 4268 3788 4346">
     <span class='ocr_line' id='line_1_88' title="bbox 2220 4268 3788 4346; baseline -0.006 -15"><span class='ocrx_word' id='word_1_628' title='bbox 2220 4292 2368 4346; x_wconf 84' lang='grc' dir='ltr'>ματα</span> <span class='ocrx_word' id='word_1_629' title='bbox 2397 4277 2576 4329; x_wconf 79' lang='grc' dir='ltr'>εἰτουν</span> <span class='ocrx_word' id='word_1_630' title='bbox 2621 4277 2893 4345; x_wconf 85' lang='grc' dir='ltr'>νοήματα.</span> <span class='ocrx_word' id='word_1_631' title='bbox 2929 4275 3191 4344; x_wconf 86' lang='grc' dir='ltr'>Ἔμφυτα</span> <span class='ocrx_word' id='word_1_632' title='bbox 3229 4272 3342 4344; x_wconf 76' lang='grc' dir='ltr'><strong>γὰρ</strong></span> <span class='ocrx_word' id='word_1_633' title='bbox 3389 4275 3641 4343; x_wconf 86' lang='grc' dir='ltr'>νοήματα</span> <span class='ocrx_word' id='word_1_634' title='bbox 3692 4268 3788 4332; x_wconf 80' lang='grc' dir='ltr'><strong>κάξ</strong></span> 
     </span>
    </p>
   </div>
   <div class='ocr_carea' id='block_1_89' title="bbox 2217 4365 3789 4440">
    <p class='ocr_par' dir='ltr' id='par_1_89' title="bbox 2217 4365 3789 4440">
     <span class='ocr_line' id='line_1_89' title="bbox 2217 4365 3789 4440; baseline -0.006 -17"><span class='ocrx_word' id='word_1_635' title='bbox 2217 4370 2547 4440; x_wconf 75' lang='grc' dir='ltr'>αὑτοχθόνου</span> <span class='ocrx_word' id='word_1_636' title='bbox 2594 4370 2779 4439; x_wconf 79' lang='grc' dir='ltr'>πηγῆς</span> <span class='ocrx_word' id='word_1_637' title='bbox 2821 4369 3191 4440; x_wconf 72' lang='grc' dir='ltr'>ἀπορρέοντα,</span> <span class='ocrx_word' id='word_1_638' title='bbox 3246 4368 3432 4419; x_wconf 84' lang='grc' dir='ltr'>ὲκείνα</span> <span class='ocrx_word' id='word_1_639' title='bbox 3483 4365 3530 4420; x_wconf 85' lang='grc' dir='ltr'>δ’</span> <span class='ocrx_word' id='word_1_640' title='bbox 3581 4366 3789 4433; x_wconf 84' lang='grc' dir='ltr'>ὑστερο-</span> 
     </span>
    </p>
   </div>
   <div class='ocr_carea' id='block_1_90' title="bbox 2218 4454 3788 4532">
    <p class='ocr_par' dir='ltr' id='par_1_90' title="bbox 2218 4454 3788 4532">
     <span class='ocr_line' id='line_1_90' title="bbox 2218 4454 3788 4532; baseline -0.006 -16"><span class='ocrx_word' id='word_1_641' title='bbox 2218 4465 2350 4532; x_wconf 77' lang='grc' dir='ltr'>γενῆ</span> <span class='ocrx_word' id='word_1_642' title='bbox 2384 4467 2479 4518; x_wconf 74' lang='grc' dir='ltr'>καὶ</span> <span class='ocrx_word' id='word_1_643' title='bbox 2509 4464 2804 4532; x_wconf 81' lang='grc' dir='ltr'>ἐπίκτητα.</span> <span class='ocrx_word' id='word_1_644' title='bbox 2833 4454 2936 4514; x_wconf 82' lang='grc' dir='ltr'>Ὧν</span> <span class='ocrx_word' id='word_1_645' title='bbox 2970 4463 3072 4514; x_wconf 79' lang='grc' dir='ltr'>οὐκ</span> <span class='ocrx_word' id='word_1_646' title='bbox 3104 4460 3169 4513; x_wconf 79' lang='grc' dir='ltr'>ἂν</span> <span class='ocrx_word' id='word_1_647' title='bbox 3205 4458 3524 4528; x_wconf 84' lang='grc' dir='ltr'>ἀνθρώποις</span> <span class='ocrx_word' id='word_1_648' title='bbox 3557 4458 3788 4525; x_wconf 81' lang='grc' dir='ltr'>ἐδέησεν,</span> 
     </span>
    </p>
   </div>
   <div class='ocr_carea' id='block_1_91' title="bbox 535 4546 2102 4623">
    <p class='ocr_par' dir='ltr' id='par_1_91' title="bbox 535 4546 2102 4618">
     <span class='ocr_line' id='line_1_91' title="bbox 535 4546 2102 4618; baseline 0.002 -16"><span class='ocrx_word' id='word_1_649' title='bbox 535 4547 617 4602; x_wconf 85' lang='lat' dir='ltr'><strong>ait</strong></span> <span class='ocrx_word' id='word_1_650' title='bbox 650 4546 946 4618; x_wconf 81' lang='lat' dir='ltr'><strong>Dionysius</strong></span> <span class='ocrx_word' id='word_1_651' title='bbox 975 4546 1222 4618; x_wconf 77' lang='lat' dir='ltr'><strong>Magnus,</strong></span> <span class='ocrx_word' id='word_1_652' title='bbox 1252 4548 1400 4602; x_wconf 87' lang='lat' dir='ltr'><strong>scire</strong></span> <span class='ocrx_word' id='word_1_653' title='bbox 1426 4547 1734 4602; x_wconf 86' lang='lat' dir='ltr'><strong>secundum</strong></span> <span class='ocrx_word' id='word_1_654' title='bbox 1770 4549 1823 4603; x_wconf 86' lang='lat' dir='ltr'><strong>id</strong></span> <span class='ocrx_word' id='word_1_655' title='bbox 1849 4550 1994 4617; x_wconf 87' lang='lat' dir='ltr'><strong>quod</strong></span> <span class='ocrx_word' id='word_1_656' title='bbox 2025 4567 2102 4605; x_wconf 88' lang='lat' dir='ltr'><strong>ve-</strong></span> 
     </span>
    </p>
   </div>
   <div class='ocr_carea' id='block_1_92' title="bbox 2207 4546 3788 4623">
    <p class='ocr_par' dir='ltr' id='par_1_92' title="bbox 2221 4548 3788 4623">
     <span class='ocr_line' id='line_1_92' title="bbox 2221 4548 3788 4623; baseline -0.006 -17"><span class='ocrx_word' id='word_1_657' title='bbox 2221 4557 2266 4606; x_wconf 80' lang='grc' dir='ltr'><strong><em>εὲ</em></strong></span> <span class='ocrx_word' id='word_1_658' title='bbox 2291 4555 2522 4623; x_wconf 87' lang='grc' dir='ltr'>δύναμις</span> <span class='ocrx_word' id='word_1_659' title='bbox 2552 4552 2678 4620; x_wconf 81' lang='grc' dir='ltr'><strong>ὲνῆν</strong></span> <span class='ocrx_word' id='word_1_660' title='bbox 2707 4553 3035 4623; x_wconf 78' lang='grc' dir='ltr'>προφαίνειν</span> <span class='ocrx_word' id='word_1_661' title='bbox 3055 4549 3310 4619; x_wconf 79' lang='grc' dir='ltr'>ἀλλήλοις</span> <span class='ocrx_word' id='word_1_662' title='bbox 3339 4549 3410 4602; x_wconf 84' lang='grc' dir='ltr'>τὰ</span> <span class='ocrx_word' id='word_1_663' title='bbox 3439 4549 3540 4617; x_wconf 79' lang='grc' dir='ltr'>τῆς</span> <span class='ocrx_word' id='word_1_664' title='bbox 3563 4548 3788 4617; x_wconf 76' lang='grc' dir='ltr'>διανοίας</span> 
     </span>
    </p>
   </div>
   <div class='ocr_carea' id='block_1_93' title="bbox 538 4638 2117 4710">
    <p class='ocr_par' dir='ltr' id='par_1_93' title="bbox 538 4638 2117 4710">
     <span class='ocr_line' id='line_1_93' title="bbox 538 4638 2117 4710; baseline 0 -16"><span class='ocrx_word' id='word_1_665' title='bbox 538 4654 659 4694; x_wconf 80' lang='lat' dir='ltr'><strong>ruiu</strong></span> <span class='ocrx_word' id='word_1_666' title='bbox 687 4648 794 4701; x_wconf 85' lang='lat' dir='ltr'><strong>est,</strong></span> <span class='ocrx_word' id='word_1_667' title='bbox 829 4651 930 4693; x_wconf 89' lang='lat' dir='ltr'><strong>nos</strong></span> <span class='ocrx_word' id='word_1_668' title='bbox 953 4638 1156 4693; x_wconf 88' lang='lat' dir='ltr'><strong>litteris</strong></span> <span class='ocrx_word' id='word_1_669' title='bbox 1189 4647 1246 4694; x_wconf 87' lang='lat' dir='ltr'><strong>et</strong></span> <span class='ocrx_word' id='word_1_670' title='bbox 1276 4639 1502 4710; x_wconf 84' lang='lat' dir='ltr'><strong>syllabis</strong></span> <span class='ocrx_word' id='word_1_671' title='bbox 1557 4647 1615 4692; x_wconf 87' lang='lat' dir='ltr'><strong>et</strong></span> <span class='ocrx_word' id='word_1_672' title='bbox 1644 4640 1828 4695; x_wconf 85' lang='lat' dir='ltr'><strong>verbis</strong></span> <span class='ocrx_word' id='word_1_673' title='bbox 1879 4651 1936 4696; x_wconf 90' lang='lat' dir='ltr'><strong>et</strong></span> <span class='ocrx_word' id='word_1_674' title='bbox 1979 4641 2117 4696; x_wconf 84' lang='lat' dir='ltr'><strong>scri-</strong></span> 
     </span>
    </p>
   </div>
   <div class='ocr_carea' id='block_1_94' title="bbox 539 4730 2122 4802">
    <p class='ocr_par' dir='ltr' id='par_1_94' title="bbox 539 4730 2122 4802">
     <span class='ocr_line' id='line_1_94' title="bbox 539 4730 2122 4802; baseline 0.002 -18"><span class='ocrx_word' id='word_1_675' title='bbox 539 4733 721 4802; x_wconf 87' lang='lat' dir='ltr'><strong>pturis</strong></span> <span class='ocrx_word' id='word_1_676' title='bbox 749 4732 824 4786; x_wconf 85' lang='lat' dir='ltr'><strong>uti</strong></span> <span class='ocrx_word' id='word_1_677' title='bbox 864 4739 1090 4800; x_wconf 84' lang='lat' dir='ltr'><strong>propter</strong></span> <span class='ocrx_word' id='word_1_678' title='bbox 1112 4730 1648 4795; x_wconf 85' lang='lat' dir='ltr'><strong>animadversiones,</strong></span> <span class='ocrx_word' id='word_1_679' title='bbox 1703 4746 1831 4786; x_wconf 89' lang='lat' dir='ltr'><strong>eum</strong></span> <span class='ocrx_word' id='word_1_680' title='bbox 1877 4733 1967 4788; x_wconf 89' lang='lat' dir='ltr'><strong>ubi</strong></span> <span class='ocrx_word' id='word_1_681' title='bbox 2002 4735 2122 4787; x_wconf 87' lang='lat' dir='ltr'><strong>ani-</strong></span> 
     </span>
    </p>
   </div>
   <div class='ocr_carea' id='block_1_95' title="bbox 540 4820 2118 4895">
    <p class='ocr_par' dir='ltr' id='par_1_95' title="bbox 540 4820 2118 4895">
     <span class='ocr_line' id='line_1_95' title="bbox 540 4820 2118 4895; baseline 0.001 -19"><span class='ocrx_word' id='word_1_682' title='bbox 540 4836 666 4876; x_wconf 88' lang='lat' dir='ltr'><strong>mus</strong></span> <span class='ocrx_word' id='word_1_683' title='bbox 698 4829 889 4876; x_wconf 87' lang='lat' dir='ltr'><strong>noster</strong></span> <span class='ocrx_word' id='word_1_684' title='bbox 914 4820 1261 4891; x_wconf 80' lang='lat' dir='ltr'><strong>intelligendi</strong></span> <span class='ocrx_word' id='word_1_685' title='bbox 1292 4821 1509 4878; x_wconf 83' lang='lat' dir='ltr'><strong>viribus</strong></span> <span class='ocrx_word' id='word_1_686' title='bbox 1535 4821 1602 4877; x_wconf 89' lang='lat' dir='ltr'><strong>ad</strong></span> <span class='ocrx_word' id='word_1_687' title='bbox 1629 4837 1693 4878; x_wconf 86' lang='lat' dir='ltr'><strong>ca</strong></span> <span class='ocrx_word' id='word_1_688' title='bbox 1727 4839 1851 4894; x_wconf 74' lang='lat' dir='ltr'><strong>quae</strong></span> <span class='ocrx_word' id='word_1_689' title='bbox 1890 4825 2118 4895; x_wconf 79' lang='lat' dir='ltr'><strong>intelligi</strong></span> 
     </span>
    </p>
   </div>
   <div class='ocr_carea' id='block_1_96' title="bbox 540 4915 2122 4987">
    <p class='ocr_par' dir='ltr' id='par_1_96' title="bbox 540 4915 2122 4987">
     <span class='ocr_line' id='line_1_96' title="bbox 540 4915 2122 4987; baseline -0.001 -17"><span class='ocrx_word' id='word_1_690' title='bbox 540 4923 775 4984; x_wconf 88' lang='lat' dir='ltr'><strong>possunt</strong></span> <span class='ocrx_word' id='word_1_691' title='bbox 809 4922 1082 4980; x_wconf 87' lang='lat' dir='ltr'><strong>movetur,</strong></span> <span class='ocrx_word' id='word_1_692' title='bbox 1121 4929 1248 4968; x_wconf 90' lang='lat' dir='ltr'><strong>eum</strong></span> <span class='ocrx_word' id='word_1_693' title='bbox 1281 4915 1686 4972; x_wconf 84' lang='lat' dir='ltr'><strong>animadversis</strong></span> <span class='ocrx_word' id='word_1_694' title='bbox 1735 4917 2122 4987; x_wconf 84' lang='lat' dir='ltr'><strong>relinquantur</strong></span> 
     </span>
    </p>
   </div>
   <div class='ocr_carea' id='block_1_97' title="bbox 541 5005 2121 5064">
    <p class='ocr_par' dir='ltr' id='par_1_97' title="bbox 541 5005 2121 5064">
     <span class='ocr_line' id='line_1_97' title="bbox 541 5005 2121 5064; baseline 0 -2"><span class='ocrx_word' id='word_1_695' title='bbox 541 5007 1072 5062; x_wconf 81' lang='lat' dir='ltr'><strong>animadversiones.</strong></span> <span class='ocrx_word' id='word_1_696' title='bbox 1106 5005 1244 5062; x_wconf 89' lang='lat' dir='ltr'><strong>Cum</strong></span> <span class='ocrx_word' id='word_1_697' title='bbox 1274 5008 1423 5064; x_wconf 88' lang='lat' dir='ltr'><strong>enim</strong></span> <span class='ocrx_word' id='word_1_698' title='bbox 1449 5023 1620 5062; x_wconf 84' lang='lat' dir='ltr'><strong>carne</strong></span> <span class='ocrx_word' id='word_1_699' title='bbox 1653 5009 1993 5064; x_wconf 87' lang='lat' dir='ltr'><strong>circumdata</strong></span> <span class='ocrx_word' id='word_1_700' title='bbox 2029 5026 2121 5063; x_wconf 83' lang='lat' dir='ltr'><strong>na-</strong></span> 
     </span>
    </p>
   </div>
   <div class='ocr_carea' id='block_1_98' title="bbox 545 5101 2123 5172">
    <p class='ocr_par' dir='ltr' id='par_1_98' title="bbox 545 5101 2123 5172">
     <span class='ocr_line' id='line_1_98' title="bbox 545 5101 2123 5172; baseline 0.002 -18"><span class='ocrx_word' id='word_1_701' title='bbox 545 5109 672 5154; x_wconf 87' lang='lat' dir='ltr'><strong>tura</strong></span> <span class='ocrx_word' id='word_1_702' title='bbox 704 5111 892 5155; x_wconf 84' lang='lat' dir='ltr'><strong>nostra</strong></span> <span class='ocrx_word' id='word_1_703' title='bbox 917 5101 1082 5171; x_wconf 78' lang='lat'><strong>287</strong></span> <span class='ocrx_word' id='word_1_704' title='bbox 1121 5101 1617 5170; x_wconf 84' lang='lat' dir='ltr'><strong>circumcludatur,</strong></span> <span class='ocrx_word' id='word_1_705' title='bbox 1651 5103 1726 5157; x_wconf 89' lang='lat' dir='ltr'><strong>ita</strong></span> <span class='ocrx_word' id='word_1_706' title='bbox 1766 5113 1825 5158; x_wconf 92' lang='lat' dir='ltr'><strong>ut</strong></span> <span class='ocrx_word' id='word_1_707' title='bbox 1855 5118 1963 5158; x_wconf 91' lang='lat' dir='ltr'><strong>non</strong></span> <span class='ocrx_word' id='word_1_708' title='bbox 1999 5118 2123 5172; x_wconf 89' lang='lat' dir='ltr'><strong>pos-</strong></span> 
     </span>
    </p>
   </div>
   <div class='ocr_carea' id='block_1_99' title="bbox 543 5195 2122 5267">
    <p class='ocr_par' dir='ltr' id='par_1_99' title="bbox 543 5195 2122 5267">
     <span class='ocr_line' id='line_1_99' title="bbox 543 5195 2122 5267; baseline 0.001 -18"><span class='ocrx_word' id='word_1_709' title='bbox 543 5195 720 5254; x_wconf 80' lang='lat' dir='ltr'><strong>simus</strong></span> <span class='ocrx_word' id='word_1_710' title='bbox 774 5211 878 5253; x_wconf 86' lang='lat' dir='ltr'><strong>nos</strong></span> <span class='ocrx_word' id='word_1_711' title='bbox 931 5196 1238 5263; x_wconf 86' lang='lat' dir='ltr'><strong>declarare,</strong></span> <span class='ocrx_word' id='word_1_712' title='bbox 1293 5199 1635 5262; x_wconf 85' lang='lat' dir='ltr'><strong>necessario,</strong></span> <span class='ocrx_word' id='word_1_713' title='bbox 1692 5198 1770 5250; x_wconf 85' lang='lat' dir='ltr'><strong>ait</strong></span> <span class='ocrx_word' id='word_1_714' title='bbox 1803 5196 2122 5267; x_wconf 79' lang='lat' dir='ltr'><strong>Gregorius,</strong></span> 
     </span>
    </p>
   </div>
   <div class='ocr_carea' id='block_1_100' title="bbox 546 5287 2124 5360">
    <p class='ocr_par' dir='ltr' id='par_1_100' title="bbox 546 5287 2124 5360">
     <span class='ocr_line' id='line_1_100' title="bbox 546 5287 2124 5360; baseline 0.001 -16"><span class='ocrx_word' id='word_1_715' title='bbox 546 5299 806 5358; x_wconf 85' lang='lat' dir='ltr'><strong>tanquam</strong></span> <span class='ocrx_word' id='word_1_716' title='bbox 837 5287 1010 5358; x_wconf 80' lang='lat' dir='ltr'><strong>signis</strong></span> <span class='ocrx_word' id='word_1_717' title='bbox 1035 5291 1198 5345; x_wconf 86' lang='lat' dir='ltr'><strong>rebus</strong></span> <span class='ocrx_word' id='word_1_718' title='bbox 1218 5291 1636 5360; x_wconf 90' lang='lat' dir='ltr'><strong>qualescunque</strong></span> <span class='ocrx_word' id='word_1_719' title='bbox 1660 5289 1946 5345; x_wconf 89' lang='lat' dir='ltr'><strong>nominum</strong></span> <span class='ocrx_word' id='word_1_720' title='bbox 1973 5306 2124 5346; x_wconf 80' lang='lat' dir='ltr'><strong>cont-</strong></span> 
     </span>
    </p>
   </div>
   <div class='ocr_carea' id='block_1_101' title="bbox 546 5383 2127 5454">
    <p class='ocr_par' dir='ltr' id='par_1_101' title="bbox 546 5383 2127 5454">
     <span class='ocr_line' id='line_1_101' title="bbox 546 5383 2127 5454; baseline -0.001 -16"><span class='ocrx_word' id='word_1_721' title='bbox 546 5384 850 5454; x_wconf 83' lang='lat' dir='ltr'><strong>positiones</strong></span> <span class='ocrx_word' id='word_1_722' title='bbox 885 5385 1220 5454; x_wconf 85' lang='lat' dir='ltr'><strong>imponimus</strong></span> <span class='ocrx_word' id='word_1_723' title='bbox 1249 5384 1447 5454; x_wconf 84' lang='lat' dir='ltr'><strong>bisque</strong></span> <span class='ocrx_word' id='word_1_724' title='bbox 1491 5383 1660 5438; x_wconf 89' lang='lat' dir='ltr'><strong>animi</strong></span> <span class='ocrx_word' id='word_1_725' title='bbox 1727 5384 1998 5438; x_wconf 86' lang='lat' dir='ltr'><strong>motiones</strong></span> <span class='ocrx_word' id='word_1_726' title='bbox 2029 5399 2127 5437; x_wconf 90' lang='lat' dir='ltr'><strong>no-</strong></span> 
     </span>
    </p>
   </div>
   <div class='ocr_carea' id='block_1_102' title="bbox 546 5476 2124 5546">
    <p class='ocr_par' dir='ltr' id='par_1_102' title="bbox 546 5476 2124 5546">
     <span class='ocr_line' id='line_1_102' title="bbox 546 5476 2124 5546; baseline -0.001 -14"><span class='ocrx_word' id='word_1_727' title='bbox 546 5476 762 5533; x_wconf 82' lang='lat' dir='ltr'><strong>biscum</strong></span> <span class='ocrx_word' id='word_1_728' title='bbox 793 5478 1026 5534; x_wconf 86' lang='lat' dir='ltr'><strong>invicem</strong></span> <span class='ocrx_word' id='word_1_729' title='bbox 1060 5479 1562 5543; x_wconf 76' lang='lat' dir='ltr'><strong>communicamns,</strong></span> <span class='ocrx_word' id='word_1_730' title='bbox 1615 5477 1977 5546; x_wconf 89' lang='lat' dir='ltr'><strong>quamobrem</strong></span> <span class='ocrx_word' id='word_1_731' title='bbox 2033 5476 2124 5530; x_wconf 87' lang='lat' dir='ltr'><strong>alii</strong></span> 
     </span>
    </p>
   </div>
   <div class='ocr_carea' id='block_1_103' title="bbox 548 5568 2130 5642">
    <p class='ocr_par' dir='ltr' id='par_1_103' title="bbox 548 5568 2130 5642">
     <span class='ocr_line' id='line_1_103' title="bbox 548 5568 2130 5642; baseline -0.001 -18"><span class='ocrx_word' id='word_1_732' title='bbox 548 5571 627 5625; x_wconf 86' lang='lat' dir='ltr'><strong>rei</strong></span> <span class='ocrx_word' id='word_1_733' title='bbox 662 5589 865 5628; x_wconf 86' lang='lat' dir='ltr'><strong>nomen</strong></span> <span class='ocrx_word' id='word_1_734' title='bbox 895 5573 1235 5642; x_wconf 87' lang='lat' dir='ltr'><strong>imponimus</strong></span> <span class='ocrx_word' id='word_1_735' title='bbox 1257 5571 1402 5636; x_wconf 76' lang='lat' dir='ltr'><strong>cteli,</strong></span> <span class='ocrx_word' id='word_1_736' title='bbox 1436 5571 1527 5624; x_wconf 91' lang='lat' dir='ltr'><strong>alii</strong></span> <span class='ocrx_word' id='word_1_737' title='bbox 1561 5583 1762 5624; x_wconf 84' lang='lat' dir='ltr'><strong>nomen</strong></span> <span class='ocrx_word' id='word_1_738' title='bbox 1785 5578 1968 5635; x_wconf 61' lang='lat' dir='ltr'><strong>terra,</strong></span> <span class='ocrx_word' id='word_1_739' title='bbox 2005 5568 2130 5623; x_wconf 78' lang='lat' dir='ltr'><strong>aliis</strong></span> 
     </span>
    </p>
   </div>
   <div class='ocr_carea' id='block_1_104' title="bbox 549 5659 2127 5736">
    <p class='ocr_par' dir='ltr' id='par_1_104' title="bbox 549 5659 2127 5736">
     <span class='ocr_line' id='line_1_104' title="bbox 549 5659 2127 5736; baseline -0.003 -20"><span class='ocrx_word' id='word_1_740' title='bbox 549 5666 680 5731; x_wconf 85' lang='lat' dir='ltr'><strong>alia,</strong></span> <span class='ocrx_word' id='word_1_741' title='bbox 716 5677 771 5721; x_wconf 83' lang='lat' dir='ltr'><strong>et</strong></span> <span class='ocrx_word' id='word_1_742' title='bbox 810 5668 876 5721; x_wconf 86' lang='lat' dir='ltr'><strong>ad</strong></span> <span class='ocrx_word' id='word_1_743' title='bbox 927 5666 1137 5736; x_wconf 86' lang='lat' dir='ltr'><strong>aliquid</strong></span> <span class='ocrx_word' id='word_1_744' title='bbox 1189 5663 1385 5719; x_wconf 82' lang='lat' dir='ltr'><strong>referri</strong></span> <span class='ocrx_word' id='word_1_745' title='bbox 1447 5663 1564 5717; x_wconf 86' lang='lat' dir='ltr'><strong>sive</strong></span> <span class='ocrx_word' id='word_1_746' title='bbox 1625 5677 1789 5731; x_wconf 86' lang='lat' dir='ltr'><strong>agere</strong></span> <span class='ocrx_word' id='word_1_747' title='bbox 1824 5661 1942 5715; x_wconf 83' lang='lat' dir='ltr'><strong>sive</strong></span> <span class='ocrx_word' id='word_1_748' title='bbox 1994 5659 2127 5728; x_wconf 85' lang='lat' dir='ltr'><strong>pati,</strong></span> 
     </span>
    </p>
   </div>
   <div class='ocr_carea' id='block_1_105' title="bbox 551 5751 2130 5827">
    <p class='ocr_par' dir='ltr' id='par_1_105' title="bbox 551 5751 2130 5827">
     <span class='ocr_line' id='line_1_105' title="bbox 551 5751 2130 5827; baseline -0.009 -11"><span class='ocrx_word' id='word_1_749' title='bbox 551 5755 668 5816; x_wconf 69' lang='lat' dir='ltr'><strong>haec</strong></span> <span class='ocrx_word' id='word_1_750' title='bbox 696 5758 882 5812; x_wconf 90' lang='lat' dir='ltr'><strong>omnia</strong></span> <span class='ocrx_word' id='word_1_751' title='bbox 915 5758 1158 5827; x_wconf 89' lang='lat' dir='ltr'><strong>propriis</strong></span> <span class='ocrx_word' id='word_1_752' title='bbox 1205 5755 1583 5825; x_wconf 80' lang='lat' dir='ltr'><strong>signiﬁcamus</strong></span> <span class='ocrx_word' id='word_1_753' title='bbox 1636 5753 1891 5818; x_wconf 89' lang='lat' dir='ltr'><strong>vocibus,</strong></span> <span class='ocrx_word' id='word_1_754' title='bbox 1946 5765 2016 5804; x_wconf 90' lang='lat' dir='ltr'><strong>ne</strong></span> <span class='ocrx_word' id='word_1_755' title='bbox 2051 5751 2130 5803; x_wconf 90' lang='lat' dir='ltr'><strong>in-</strong></span> 
     </span>
    </p>
   </div>
   <div class='ocr_carea' id='block_1_106' title="bbox 556 5845 2127 5918">
    <p class='ocr_par' dir='ltr' id='par_1_106' title="bbox 556 5845 2127 5918">
     <span class='ocr_line' id='line_1_106' title="bbox 556 5845 2127 5918; baseline -0.004 -13"><span class='ocrx_word' id='word_1_756' title='bbox 556 5851 864 5906; x_wconf 75' lang='lat' dir='ltr'><strong>communis</strong></span> <span class='ocrx_word' id='word_1_757' title='bbox 896 5859 950 5906; x_wconf 89' lang='lat' dir='ltr'><strong>et</strong></span> <span class='ocrx_word' id='word_1_758' title='bbox 980 5851 1322 5918; x_wconf 88' lang='lat' dir='ltr'><strong>incomperta</strong></span> <span class='ocrx_word' id='word_1_759' title='bbox 1354 5847 1520 5901; x_wconf 83' lang='lat' dir='ltr'><strong>animi</strong></span> <span class='ocrx_word' id='word_1_760' title='bbox 1553 5846 1723 5900; x_wconf 87' lang='lat' dir='ltr'><strong>motio</strong></span> <span class='ocrx_word' id='word_1_761' title='bbox 1753 5847 1896 5899; x_wconf 80' lang='lat' dir='ltr'><strong>inter</strong></span> <span class='ocrx_word' id='word_1_762' title='bbox 1914 5859 2014 5898; x_wconf 84' lang='lat' dir='ltr'><strong>nos</strong></span> <span class='ocrx_word' id='word_1_763' title='bbox 2035 5845 2127 5899; x_wconf 82' lang='lat' dir='ltr'><strong>sit.</strong></span> 
     </span>
    </p>
   </div>
   <div class='ocr_carea' id='block_1_107' title="bbox 2224 4636 3786 4712">
    <p class='ocr_par' dir='ltr' id='par_1_107' title="bbox 2224 4636 3786 4712">
     <span class='ocr_line' id='line_1_107' title="bbox 2224 4636 3786 4712; baseline -0.006 -17"><span class='ocrx_word' id='word_1_764' title='bbox 2224 4645 2522 4712; x_wconf 79' lang='grc' dir='ltr'>κινήματα.</span> <span class='ocrx_word' id='word_1_765' title='bbox 2563 4661 2582 4693; x_wconf 78' lang='grc' dir='ltr'><strong>ι</strong></span> <span class='ocrx_word' id='word_1_766' title='bbox 2620 4642 2750 4693; x_wconf 81' lang='grc' dir='ltr'>Δέον</span> <span class='ocrx_word' id='word_1_767' title='bbox 2777 4641 2906 4708; x_wconf 76' lang='grc' dir='ltr'>γὰρ,</span> <span class='ocrx_word' id='word_1_768' title='bbox 2939 4658 2956 4689; x_wconf 79' lang='grc' dir='ltr'><strong>ι</strong></span> <span class='ocrx_word' id='word_1_769' title='bbox 3004 4641 3033 4692; x_wconf 88' lang='grc' dir='ltr'><strong>ό</strong></span> <span class='ocrx_word' id='word_1_770' title='bbox 3080 4638 3254 4708; x_wconf 81' lang='grc' dir='ltr'>μέγας</span> <span class='ocrx_word' id='word_1_771' title='bbox 3286 4638 3452 4704; x_wconf 75' lang='grc' dir='ltr'>φησὶν</span> <span class='ocrx_word' id='word_1_772' title='bbox 3483 4636 3786 4696; x_wconf 73' lang='grc' dir='ltr'>Διονύσιος,</span> 
     </span>
    </p>
   </div>
   <div class='ocr_carea' id='block_1_108' title="bbox 2230 4705 3788 4798">
    <p class='ocr_par' dir='ltr' id='par_1_108' title="bbox 2230 4705 3788 4798">
     <span class='ocr_line' id='line_1_108' title="bbox 2230 4705 3788 4798; baseline -0.006 -18"><span class='ocrx_word' id='word_1_773' title='bbox 2230 4748 2247 4780; x_wconf 76' lang='grc' dir='ltr'><strong>ι</strong></span> <span class='ocrx_word' id='word_1_774' title='bbox 2285 4705 2483 4782; x_wconf 63' lang='grc' dir='ltr'>εἰδέναι</span> <span class='ocrx_word' id='word_1_775' title='bbox 2524 4729 2665 4780; x_wconf 79' lang='grc' dir='ltr'>κατὰ</span> <span class='ocrx_word' id='word_1_776' title='bbox 2709 4705 2802 4780; x_wconf 75' lang='grc' dir='ltr'><strong>τὸν</strong></span> <span class='ocrx_word' id='word_1_777' title='bbox 2848 4705 3010 4798; x_wconf 80' lang='grc' dir='ltr'>όρθὸν</span> <span class='ocrx_word' id='word_1_778' title='bbox 3058 4705 3218 4793; x_wconf 82' lang='grc' dir='ltr'>λόγον</span> <span class='ocrx_word' id='word_1_779' title='bbox 3267 4725 3349 4778; x_wconf 71' lang='grc' dir='ltr'>ὅτι</span> <span class='ocrx_word' id='word_1_780' title='bbox 3386 4726 3676 4794; x_wconf 77' lang='grc' dir='ltr'>στοιχείοις</span> <span class='ocrx_word' id='word_1_781' title='bbox 3704 4721 3788 4774; x_wconf 79' lang='grc' dir='ltr'>καὶ</span> 
     </span>
    </p>
   </div>
   <div class='ocr_carea' id='block_1_109' title="bbox 2228 4813 3787 4891">
    <p class='ocr_par' dir='ltr' id='par_1_109' title="bbox 2228 4813 3787 4891">
     <span class='ocr_line' id='line_1_109' title="bbox 2228 4813 3787 4891; baseline -0.008 -13"><span class='ocrx_word' id='word_1_782' title='bbox 2228 4825 2520 4886; x_wconf 72' lang='grc' dir='ltr'>συλλαϐαῖς</span> <span class='ocrx_word' id='word_1_783' title='bbox 2547 4825 2642 4876; x_wconf 68' lang='grc' dir='ltr'><strong>καὶ</strong></span> <span class='ocrx_word' id='word_1_784' title='bbox 2688 4824 2867 4887; x_wconf 77' lang='grc' dir='ltr'>λέξεσι</span> <span class='ocrx_word' id='word_1_785' title='bbox 2911 4822 3009 4875; x_wconf 71' lang='grc' dir='ltr'><strong>καὶ</strong></span> <span class='ocrx_word' id='word_1_786' title='bbox 3035 4822 3278 4891; x_wconf 81' lang='grc' dir='ltr'>γραφαῖς</span> <span class='ocrx_word' id='word_1_787' title='bbox 3315 4821 3410 4872; x_wconf 73' lang='grc' dir='ltr'>καὶ</span> <span class='ocrx_word' id='word_1_788' title='bbox 3444 4819 3622 4886; x_wconf 68' lang='grc' dir='ltr'>λόγοις</span> <span class='ocrx_word' id='word_1_789' title='bbox 3655 4813 3787 4887; x_wconf 83' lang='grc' dir='ltr'>χρώ-</span> 
     </span>
    </p>
   </div>
   <div class='ocr_carea' id='block_1_110' title="bbox 2231 4910 3787 4988">
    <p class='ocr_par' dir='ltr' id='par_1_110' title="bbox 2231 4910 3787 4988">
     <span class='ocr_line' id='line_1_110' title="bbox 2231 4910 3787 4988; baseline -0.008 -17"><span class='ocrx_word' id='word_1_790' title='bbox 2231 4918 2368 4988; x_wconf 87' lang='grc' dir='ltr'>μεθα</span> <span class='ocrx_word' id='word_1_791' title='bbox 2399 4921 2487 4971; x_wconf 78' lang='grc' dir='ltr'><strong>διὰ</strong></span> <span class='ocrx_word' id='word_1_792' title='bbox 2527 4920 2624 4981; x_wconf 74' lang='grc' dir='ltr'>τὰς</span> <span class='ocrx_word' id='word_1_793' title='bbox 2657 4916 2965 4986; x_wconf 76' lang='grc' dir='ltr'>αἰσθήσεις,</span> <span class='ocrx_word' id='word_1_794' title='bbox 2999 4915 3072 4977; x_wconf 84' lang='grc' dir='ltr'>ὡς</span> <span class='ocrx_word' id='word_1_795' title='bbox 3108 4916 3235 4968; x_wconf 78' lang='grc' dir='ltr'>ὅταν</span> <span class='ocrx_word' id='word_1_796' title='bbox 3270 4913 3430 4985; x_wconf 85' lang='grc' dir='ltr'>ήμῶν</span> <span class='ocrx_word' id='word_1_797' title='bbox 3456 4913 3488 4981; x_wconf 83' lang='grc' dir='ltr'><strong>ή</strong></span> <span class='ocrx_word' id='word_1_798' title='bbox 3513 4912 3658 4982; x_wconf 68' lang='grc' dir='ltr'>ψυχή</span> <span class='ocrx_word' id='word_1_799' title='bbox 3681 4910 3787 4969; x_wconf 78' lang='grc' dir='ltr'>ταῖς</span> 
     </span>
    </p>
   </div>
   <div class='ocr_carea' id='block_1_111' title="bbox 2227 5001 3788 5082">
    <p class='ocr_par' dir='ltr' id='par_1_111' title="bbox 2227 5001 3788 5082">
     <span class='ocr_line' id='line_1_111' title="bbox 2227 5001 3788 5082; baseline -0.008 -17"><span class='ocrx_word' id='word_1_800' title='bbox 2227 5016 2443 5082; x_wconf 82' lang='grc' dir='ltr'>νοεραῖς</span> <span class='ocrx_word' id='word_1_801' title='bbox 2488 5011 2793 5082; x_wconf 84' lang='grc' dir='ltr'>ἐνεργείαις</span> <span class='ocrx_word' id='word_1_802' title='bbox 2849 5011 2944 5063; x_wconf 70' lang='grc' dir='ltr'><strong>ἐπὶ</strong></span> <span class='ocrx_word' id='word_1_803' title='bbox 2975 5008 3042 5061; x_wconf 75' lang='grc' dir='ltr'><strong>τὰ</strong></span> <span class='ocrx_word' id='word_1_804' title='bbox 3078 5009 3247 5079; x_wconf 84' lang='grc' dir='ltr'>νοητὰ</span> <span class='ocrx_word' id='word_1_805' title='bbox 3281 5008 3525 5076; x_wconf 76' lang='grc' dir='ltr'>κινῆται,</span> <span class='ocrx_word' id='word_1_806' title='bbox 3553 5001 3788 5075; x_wconf 76' lang='grc' dir='ltr'>περιτταὶ</span> 
     </span>
    </p>
   </div>
   <div class='ocr_carea' id='block_1_112' title="bbox 2229 5091 3788 5176">
    <p class='ocr_par' dir='ltr' id='par_1_112' title="bbox 2229 5091 3788 5176">
     <span class='ocr_line' id='line_1_112' title="bbox 2229 5091 3788 5176; baseline -0.011 -18"><span class='ocrx_word' id='word_1_807' title='bbox 2229 5103 2294 5176; x_wconf 69' lang='grc' dir='ltr'>μ’.</span> <span class='ocrx_word' id='word_1_808' title='bbox 2324 5107 2423 5160; x_wconf 75' lang='grc'><strong>158</strong></span> <span class='ocrx_word' id='word_1_809' title='bbox 2451 5103 2523 5175; x_wconf 59' lang='lat' dir='ltr'><strong>tu]</strong></span> <span class='ocrx_word' id='word_1_810' title='bbox 2557 5105 2698 5174; x_wconf 79' lang='grc' dir='ltr'>μετὰ</span> <span class='ocrx_word' id='word_1_811' title='bbox 2729 5103 2839 5155; x_wconf 85' lang='grc' dir='ltr'><strong>τῶν</strong></span> <span class='ocrx_word' id='word_1_812' title='bbox 2879 5101 3158 5168; x_wconf 82' lang='grc' dir='ltr'>αἰσθητῶν</span> <span class='ocrx_word' id='word_1_813' title='bbox 3203 5100 3259 5154; x_wconf 83' lang='grc' dir='ltr'>αἱ</span> <span class='ocrx_word' id='word_1_814' title='bbox 3307 5100 3612 5168; x_wconf 84' lang='grc' dir='ltr'>αἰσθήσεις.</span> <span class='ocrx_word' id='word_1_815' title='bbox 3641 5115 3659 5148; x_wconf 75' lang='grc' dir='ltr'><strong>ι</strong></span> <span class='ocrx_word' id='word_1_816' title='bbox 3701 5091 3788 5145; x_wconf 74' lang='grc' dir='ltr'>Διὰ</span> 
     </span>
    </p>
   </div>
   <div class='ocr_carea' id='block_1_113' title="bbox 2231 5189 3787 5269">
    <p class='ocr_par' dir='ltr' id='par_1_113' title="bbox 2231 5189 3787 5269">
     <span class='ocr_line' id='line_1_113' title="bbox 2231 5189 3787 5269; baseline -0.009 -20"><span class='ocrx_word' id='word_1_817' title='bbox 2231 5200 2339 5269; x_wconf 67' lang='grc' dir='ltr'>γὰρ</span> <span class='ocrx_word' id='word_1_818' title='bbox 2366 5198 2427 5249; x_wconf 78' lang='grc' dir='ltr'>τὸ</span> <span class='ocrx_word' id='word_1_819' title='bbox 2462 5199 2526 5267; x_wconf 82' lang='grc' dir='ltr'><strong>τῇ</strong></span> <span class='ocrx_word' id='word_1_820' title='bbox 2574 5197 2810 5266; x_wconf 78' lang='grc' dir='ltr'>σαρκίνῃ</span> <span class='ocrx_word' id='word_1_821' title='bbox 2860 5194 3127 5264; x_wconf 76' lang='grc' dir='ltr'>περιϐολῇ</span> <span class='ocrx_word' id='word_1_822' title='bbox 3172 5194 3271 5261; x_wconf 68' lang='grc' dir='ltr'>τὴν</span> <span class='ocrx_word' id='word_1_823' title='bbox 3317 5194 3480 5256; x_wconf 78' lang='grc' dir='ltr'>φύσιν</span> <span class='ocrx_word' id='word_1_824' title='bbox 3511 5189 3665 5259; x_wconf 81' lang='grc' dir='ltr'>ήμῶν</span> <span class='ocrx_word' id='word_1_825' title='bbox 3698 5197 3787 5236; x_wconf 80' lang='grc' dir='ltr'>πε-</span> 
     </span>
    </p>
   </div>
   <div class='ocr_carea' id='block_1_114' title="bbox 2231 5282 3789 5362">
    <p class='ocr_par' dir='ltr' id='par_1_114' title="bbox 2231 5282 3789 5362">
     <span class='ocr_line' id='line_1_114' title="bbox 2231 5282 3789 5362; baseline -0.01 -19"><span class='ocrx_word' id='word_1_826' title='bbox 2231 5289 2605 5362; x_wconf 72' lang='grc' dir='ltr'>ριείργεσθαι,</span> <span class='ocrx_word' id='word_1_827' title='bbox 2655 5285 3042 5357; x_wconf 82' lang='grc' dir='ltr'>φανερωθῆναι</span> <span class='ocrx_word' id='word_1_828' title='bbox 3083 5286 3157 5355; x_wconf 83' lang='grc' dir='ltr'>μὴ</span> <span class='ocrx_word' id='word_1_829' title='bbox 3183 5283 3518 5351; x_wconf 74' lang='grc' dir='ltr'>δυναμένων,</span> <span class='ocrx_word' id='word_1_830' title='bbox 3555 5300 3572 5332; x_wconf 72' lang='grc' dir='ltr'><strong>ι</strong></span> <span class='ocrx_word' id='word_1_831' title='bbox 3609 5282 3789 5343; x_wconf 75' lang='grc' dir='ltr'>’Δναγ-</span> 
     </span>
    </p>
   </div>
   <div class='ocr_carea' id='block_1_115' title="bbox 2229 5371 3787 5450">
    <p class='ocr_par' dir='ltr' id='par_1_115' title="bbox 2229 5371 3787 5450">
     <span class='ocr_line' id='line_1_115' title="bbox 2229 5371 3787 5450; baseline -0.012 -12"><span class='ocrx_word' id='word_1_832' title='bbox 2229 5383 2424 5449; x_wconf 73' lang='grc' dir='ltr'>καίως,</span> <span class='ocrx_word' id='word_1_833' title='bbox 2460 5402 2478 5432; x_wconf 76' lang='grc' dir='ltr'><strong>ι</strong></span> <span class='ocrx_word' id='word_1_834' title='bbox 2516 5382 2619 5450; x_wconf 76' lang='grc' dir='ltr'>ἔφη</span> <span class='ocrx_word' id='word_1_835' title='bbox 2673 5381 2998 5450; x_wconf 77' lang='grc' dir='ltr'>Γρηγόριος,</span> <span class='ocrx_word' id='word_1_836' title='bbox 3043 5396 3060 5429; x_wconf 76' lang='grc' dir='ltr'><strong>ι</strong></span> <span class='ocrx_word' id='word_1_837' title='bbox 3097 5377 3353 5445; x_wconf 79' lang='grc' dir='ltr'>καθάπερ</span> <span class='ocrx_word' id='word_1_838' title='bbox 3400 5375 3646 5446; x_wconf 76' lang='grc' dir='ltr'>σημείοις</span> <span class='ocrx_word' id='word_1_839' title='bbox 3687 5371 3787 5430; x_wconf 65' lang='grc' dir='ltr'>τοῖς</span> 
     </span>
    </p>
   </div>
   <div class='ocr_carea' id='block_1_116' title="bbox 2229 5459 3788 5542">
    <p class='ocr_par' dir='ltr' id='par_1_116' title="bbox 2229 5459 3788 5542">
     <span class='ocr_line' id='line_1_116' title="bbox 2229 5459 3788 5542; baseline -0.011 -16"><span class='ocrx_word' id='word_1_840' title='bbox 2229 5473 2524 5542; x_wconf 80' lang='grc' dir='ltr'>πράγμασι</span> <span class='ocrx_word' id='word_1_841' title='bbox 2558 5471 2658 5534; x_wconf 83' lang='grc' dir='ltr'><strong>τὰς</strong></span> <span class='ocrx_word' id='word_1_842' title='bbox 2690 5471 2852 5532; x_wconf 73' lang='grc' dir='ltr'>ποιὰς</span> <span class='ocrx_word' id='word_1_843' title='bbox 2892 5468 3002 5522; x_wconf 86' lang='grc' dir='ltr'><strong>τῶν</strong></span> <span class='ocrx_word' id='word_1_844' title='bbox 3041 5469 3328 5536; x_wconf 79' lang='grc' dir='ltr'>ὀνομάτων</span> <span class='ocrx_word' id='word_1_845' title='bbox 3358 5465 3538 5526; x_wconf 79' lang='grc' dir='ltr'>θέσεις</span> <span class='ocrx_word' id='word_1_846' title='bbox 3581 5459 3788 5515; x_wconf 72' lang='grc' dir='ltr'>ἐπιϐάλ-</span> 
     </span>
    </p>
   </div>
   <div class='ocr_carea' id='block_1_117' title="bbox 2230 5551 3786 5630">
    <p class='ocr_par' dir='ltr' id='par_1_117' title="bbox 2230 5551 3786 5630">
     <span class='ocr_line' id='line_1_117' title="bbox 2230 5551 3786 5630; baseline -0.012 -13"><span class='ocrx_word' id='word_1_847' title='bbox 2230 5566 2440 5628; x_wconf 86' lang='grc' dir='ltr'>λοντες,</span> <span class='ocrx_word' id='word_1_848' title='bbox 2470 5564 2536 5616; x_wconf 85' lang='grc' dir='ltr'><strong>δι’</strong></span> <span class='ocrx_word' id='word_1_849' title='bbox 2568 5562 2795 5616; x_wconf 78' lang='grc' dir='ltr'>ἐκείνων</span> <span class='ocrx_word' id='word_1_850' title='bbox 2840 5562 2941 5623; x_wconf 70' lang='grc' dir='ltr'><strong>τὰς</strong></span> <span class='ocrx_word' id='word_1_851' title='bbox 2985 5559 3080 5614; x_wconf 83' lang='grc' dir='ltr'>τοῦ</span> <span class='ocrx_word' id='word_1_852' title='bbox 3130 5559 3221 5612; x_wconf 78' lang='grc' dir='ltr'>νοῦ</span> <span class='ocrx_word' id='word_1_853' title='bbox 3264 5558 3513 5630; x_wconf 85' lang='grc' dir='ltr'>κινήσεις</span> <span class='ocrx_word' id='word_1_854' title='bbox 3557 5551 3786 5621; x_wconf 78' lang='grc' dir='ltr'>ἀλλήλοις</span> 
     </span>
    </p>
   </div>
   <div class='ocr_carea' id='block_1_118' title="bbox 2231 5642 3789 5728">
    <p class='ocr_par' dir='ltr' id='par_1_118' title="bbox 2231 5642 3789 5728">
     <span class='ocr_line' id='line_1_118' title="bbox 2231 5642 3789 5728; baseline -0.013 -18"><span class='ocrx_word' id='word_1_855' title='bbox 2231 5657 2658 5728; x_wconf 81' lang='grc' dir='ltr'>δημοσιεύομεν.</span> <span class='ocrx_word' id='word_1_856' title='bbox 2695 5657 2805 5708; x_wconf 67' lang='grc' dir='ltr'><strong>Καὶ</strong></span> <span class='ocrx_word' id='word_1_857' title='bbox 2832 5657 3026 5708; x_wconf 86' lang='grc' dir='ltr'>τούτου</span> <span class='ocrx_word' id='word_1_858' title='bbox 3065 5654 3226 5722; x_wconf 86' lang='grc' dir='ltr'>χάριν</span> <span class='ocrx_word' id='word_1_859' title='bbox 3266 5651 3344 5721; x_wconf 85' lang='grc' dir='ltr'>τῷ</span> <span class='ocrx_word' id='word_1_860' title='bbox 3396 5652 3496 5722; x_wconf 86' lang='grc' dir='ltr'>μέν</span> <span class='ocrx_word' id='word_1_861' title='bbox 3545 5665 3644 5702; x_wconf 79' lang='grc' dir='ltr'>τινι</span> <span class='ocrx_word' id='word_1_862' title='bbox 3693 5642 3789 5694; x_wconf 86' lang='grc' dir='ltr'><strong>τῶν</strong></span> 
     </span>
    </p>
   </div>
   <div class='ocr_carea' id='block_1_119' title="bbox 2232 5733 3786 5817">
    <p class='ocr_par' dir='ltr' id='par_1_119' title="bbox 2232 5733 3786 5817">
     <span class='ocr_line' id='line_1_119' title="bbox 2232 5733 3786 5817; baseline -0.011 -16"><span class='ocrx_word' id='word_1_863' title='bbox 2232 5749 2402 5801; x_wconf 77' lang='grc' dir='ltr'>ὅντων</span> <span class='ocrx_word' id='word_1_864' title='bbox 2445 5748 2617 5817; x_wconf 73' lang='grc' dir='ltr'>ὄνομα</span> <span class='ocrx_word' id='word_1_865' title='bbox 2675 5747 2905 5817; x_wconf 78' lang='grc' dir='ltr'>οὐρανὸν</span> <span class='ocrx_word' id='word_1_866' title='bbox 2965 5743 3222 5814; x_wconf 76' lang='grc' dir='ltr'>ἐθέμεθα,</span> <span class='ocrx_word' id='word_1_867' title='bbox 3267 5745 3441 5813; x_wconf 79' lang='grc' dir='ltr'>ἑτέρῳ</span> <span class='ocrx_word' id='word_1_868' title='bbox 3484 5741 3542 5793; x_wconf 80' lang='grc' dir='ltr'>δὲ</span> <span class='ocrx_word' id='word_1_869' title='bbox 3585 5733 3786 5806; x_wconf 74' lang='grc' dir='ltr'>γῆνκαὶ</span> 
     </span>
    </p>
   </div>
   <div class='ocr_carea' id='block_1_120' title="bbox 2239 5833 3789 5910">
    <p class='ocr_par' dir='ltr' id='par_1_120' title="bbox 2239 5833 3789 5910">
     <span class='ocr_line' id='line_1_120' title="bbox 2239 5833 3789 5910; baseline -0.005 -18"><span class='ocrx_word' id='word_1_870' title='bbox 2239 5841 2381 5910; x_wconf 68' lang='grc' dir='ltr'>ἄλλῳ</span> <span class='ocrx_word' id='word_1_871' title='bbox 2423 5842 2552 5894; x_wconf 62' lang='grc' dir='ltr'>ἄλλο</span> <span class='ocrx_word' id='word_1_872' title='bbox 2583 5859 2655 5895; x_wconf 80' lang='grc' dir='ltr'><strong>τι.</strong></span> <span class='ocrx_word' id='word_1_873' title='bbox 2695 5842 2804 5895; x_wconf 75' lang='grc' dir='ltr'><strong>Καὶ</strong></span> <span class='ocrx_word' id='word_1_874' title='bbox 2837 5841 2894 5892; x_wconf 65' lang='grc' dir='ltr'><strong>τ),</strong></span> <span class='ocrx_word' id='word_1_875' title='bbox 2929 5839 3064 5907; x_wconf 58' lang='grc' dir='ltr'>πρός</span> <span class='ocrx_word' id='word_1_876' title='bbox 3095 5854 3146 5891; x_wconf 83' lang='grc' dir='ltr'><strong>τι</strong></span> <span class='ocrx_word' id='word_1_877' title='bbox 3179 5837 3295 5897; x_wconf 80' lang='grc' dir='ltr'><strong>πῶς</strong></span> <span class='ocrx_word' id='word_1_878' title='bbox 3327 5835 3474 5904; x_wconf 78' lang='grc' dir='ltr'>ἔχειν</span> <span class='ocrx_word' id='word_1_879' title='bbox 3509 5834 3540 5903; x_wconf 72' lang='grc' dir='ltr'>ἢ</span> <span class='ocrx_word' id='word_1_880' title='bbox 3572 5833 3625 5884; x_wconf 69' lang='grc' dir='ltr'>τὶ</span> <span class='ocrx_word' id='word_1_881' title='bbox 3659 5833 3789 5893; x_wconf 77' lang='grc' dir='ltr'>ἐνερ-</span> 
     </span>
    </p>
   </div>
  </div>
