4046 6290
330 467 440 531 253

1332 467 1776 530 ΒΥΖΑΝΤῙΝᾸΕ
1815 466 2198 532 IIlSTORI/E
2239 473 2382 534 LIB.
2427 474 2613 536 XXX.

3507 473 3618 539 254

331 585 455 652 τείν
481 585 513 655 ἢ
541 582 601 636 τὸ
629 581 888 653 πάσχειν,
911 583 1088 638 ταῦτα
1119 583 1302 638 πάντα
1337 577 1675 650 ἰδιαζούσαις
1723 584 1928 652 ἐπιση-

2044 585 2171 641 Cutn
2201 587 2350 642 enim
2385 599 2632 644 creatum
2673 589 2956 645 hominem
2987 588 3312 656 adduceret,
3343 589 3620 644 rationem

335 673 652 745 μαινόμεθα
680 677 804 737 sai-t7
847 676 1080 744 φωναῖς,
1121 675 1197 739 ὡς
1231 676 1300 731 ἂν
1341 675 1418 747 μὴ
1464 674 1839 745 ἀκοινώνητός
1868 691 1928 728 τε

333 769 433 824 καὶ
463 770 746 836 ἄγνωστος
770 770 803 838 ἠ
830 767 926 821 τοῦ
952 769 1046 822 νοῦ
1083 768 1301 838 κίνησις
1335 771 1394 822 ὲν
1430 770 1563 839 ἡμῖν
1607 769 1782 838 μένοι.
1834 768 1930 831 Et;

333 863 447 934 γὰρ
481 864 700 930 γένεσιν
740 865 768 915 ὁ
815 861 948 924 Θεὸς
998 863 1269 932 παράγων
1314 862 1406 916 τὸν
1453 861 1768 931 ἄνθρωπον,
1801 861 1929 915 νοῦν

340 955 590 1024 παρέσχε
629 953 722 1006 καὶ
745 952 1025 1022 αἴσθησιν.
1083 949 1188 1007 Ὧν
1242 955 1271 1008 ό
1323 954 1423 1024 μὲν
1459 953 1585 1016 νοῦς
1615 953 1930 1022 ταύτότητα

341 1049 537 1114 σώζων
558 1047 697 1118 πρὸς
712 1048 782 1100 τά
802 1049 862 1101 ἐν
887 1047 1080 1117 κόσμῳ
1101 1033 1411 1116 πράγματα
1435 1046 1620 1115 φωνῆς
1642 1045 1701 1098 οὐ
1727 1044 1931 1102 δεῖται,

338 1140 458 1193 ἀλλ’
485 1139 695 1209 άμεσον
720 1140 822 1209 τὴν
870 1137 1078 1192 τούτων
1119 1141 1388 1207 κέκτηται
1420 1139 1646 1207 γνῶσιν.
1690 1137 1782 1201 Ὦς
1821 1136 1931 1207 γὰρ

338 1233 528 1303 ἔχουσι
556 1231 776 1300 φύσεως
808 1231 1007 1298 ταῦτα,
1055 1235 1170 1285 νοεῖ
1199 1231 1293 1286 τὸν
1344 1232 1571 1300 ἐφικτόν
1617 1247 1682 1299 γε
1727 1229 1932 1299 τρόπον

343 1323 598 1378 αὐτόθενο
631 1325 663 1394 ἡ
694 1323 753 1376 δὲ
800 1323 963 1394 χρεία
1007 1327 1286 1378 κοινωνεῖν
1316 1323 1801 1395 τῶν-πραγμάτων
1831 1322 1929 1377 ἀλ-

341 1412 531 1482 λήλοις
559 1411 688 1474 τοὺς
716 1413 1046 1482 ἀνθρώπους
1077 1411 1404 1484 βιαζομένη,
1435 1416 1534 1468 καὶ
1557 1414 1628 1468 τὰ
1672 1413 1772 1484 τῆς
1810 1415 1932 1483 ὀρε-

343 1503 542 1575 κτικῆς
556 1504 736 1575 ψυχῆς
758 1504 1114 1573 ἐξαγγέλλειν
1137 1506 1450 1578 ἀπόρρητα,
1473 1508 1668 1578 μεσίτῃ
1693 1508 1934 1574 νοήσεως

342 1602 442 1650 καὶ
479 1597 830 1667 πραγμάτων
876 1599 1141 1665 διέγνωκε
1188 1601 1504 1670 χρήσασθαι
1532 1601 1600 1669 τῇ
1649 1597 1930 1668 αἰσθήσει-ν

343 1684 488 1754 αῦτη
513 1686 621 1754 γὰρ
646 1686 760 1748 τοῖς
791 1686 1015 1749 οἰκείοις
1042 1687 1298 1757 ὀργάνοις
1325 1688 1453 1751 τοὺς
1475 1687 1587 1742 τῶν
1615 1688 1722 1753 ἔξω
1752 1703 1931 1758 πραγ-

347 1778 541 1846 μάτων
577 1779 778 1841 τύπους
818 1779 1283 1849 ἀναλαμϐάνουσα
1334 1780 1433 1835 καὶ
1468 1778 1586 1834 οἷον
1631 1780 1823 1851 βισλίῳ
1855 1779 1933 1850 τῷ

347 1870 707 1940 φανταστικῷ
741 1873 840 1942 τῆς
878 1872 1060 1942 ψυχῆς
1093 1873 1551 1944 καταγράφουσα,
1576 1871 1797 1938 εἰκόνας
1827 1891 1933 1943 φη·-

347 1965 438 2030 σὶν
469 1964 592 2016 ἀντὶ
632 1964 1032 2034 πρωτοτύπων,
1067 1965 1258 2020 αὐτόθι
1286 1966 1496 2031 ταύτας
1550 1968 1928 2038 ἐγκαθιδρύει,

346 2052 623 2121 σύμφωνα
672 2055 788 2116 τοῖς
837 2053 1077 2123 νοήμασι
1129 2055 1200 2108 τὰ
1249 2056 1562 2126 πράγματα
1619 2055 1931 2110 σπεύδουσα

345 2142 505 2214 δρᾷν.
535 2142 628 2194 Διὸ
655 2143 752 2196 καὶ
774 2143 958 2212 φωνῆς
987 2143 1190 2214 ἐδεήθη
1212 2145 1524 2216 δυναμένης
1545 2145 1933 2217 ἐξομοιοῦσθαι

349 2236 456 2305 μὲν
481 2237 595 2295 τοῖς
622 2237 915 2306 νοήμασιν,
949 2235 1365 2308 ὲφαρμόξεσθαι
1393 2238 1453 2294 δὲ
1473 2240 1589 2301 τοίς
1615 2238 1932 2309 πράγμασι.

348 2327 526 2380 Τοῦτο
571 2327 618 2382 δ’
657 2329 759 2382 οὐκ
809 2328 988 2394 ἄλλως
1035 2330 1224 2400 ῥᾴδιον
1262 2331 1390 2402 ζώῳ
1435 2331 1648 2400 γίνεται
1704 2331 1932 2400 λογικῷ.

351 2418 500 2490 πλὴν
546 2419 613 2472 δι’
657 2419 926 2490 ἐνάρθρου
974 2421 1184 2492 φωνῆς,
1232 2423 1339 2476 ὕπὸ
1399 2423 1680 2494 συνθήκης
1723 2423 1936 2494 ἀνδρῶν

350 2511 574 2580 εὐφυῶν
603 2512 1045 2585 είδοποιηθείσης
1092 2515 1230 2586 πρὸς
1269 2513 1439 2585 ἄλλην
1465 2517 1562 2570 καὶ
1601 2515 1776 2583 ἄλλην
1803 2517 1938 2586 θρη-

352 2604 553 2659 σκείαν
588 2619 650 2656 τε
695 2606 798 2658 καὶ.
821 2606 1130 2672 διάλεκτον,
1181 2608 1259 2672 ὡς
1314 2609 1642 2678 συμϐαίνειν
1684 2608 1939 2662 ἐντεῦθεν

355 2696 436 2763 μὴ
470 2697 622 2764 παρὰ
654 2697 822 2750 πᾶσιν
866 2697 1132 2762 ὡσαύτως
1187 2699 1335 2770 ἔχειν
1387 2702 1585 2771 αὐτὴν,
1622 2700 1740 2754 ἀλλ’
1768 2699 1938 2769 ἄλλην

355 2778 502 2837 εῖναι
540 2784 675 2854 παρ’
707 2784 892 2849 ἄλλοις
927 2787 1040 2851 ἀεὶ,
1073 2788 1169 2842 καὶ
1206 2788 1352 2842 οὕτω
1392 2792 1630 2858 μεσῖτιν,
1673 2789 1747 2852 ὡς
1778 2790 1938 2858 ἔφην,

357 2876 569 2946 ἀμφοῖν
595 2876 896 2946 γινομένην
923 2877 1024 2948 τὴν
1057 2879 1159 2946 τῆς
1191 2879 1458 2950 ἐνάρθρου
1503 2882 1698 2952 χρείαν
1732 2883 1937 2949 φωνῆς,

353 2970 461 3035 τὴν
487 2965 584 3021 τοῦ
605 2967 900 3032 ἀκούοντος
929 2971 997 3041 τῇ
1019 2973 1113 3024 τοῦ
1141 2971 1396 3040 λέγοντος
1431 2973 1726 3028 συνάπτειν
1746 2973 1941 3026 εὐστό-

356 3078 472 3129 χως
525 3061 737 3130 διανοίᾳ
774 3063 920 3116 κατὰ
976 3063 1038 3116 τὸ
1090 3063 1356 3132 ἀνάλογον
1417 3065 1660 3137 ἑκάστην
1709 3065 1940 3137 ἑκάστῃ·

362 3152 724 3224 μορφουμὲνη
755 3152 867 3222 γὰρ
916 3152 1054 3222 αὕτη
1106 3155 1202 3207 καὶ
1247 3154 1688 3226 διαπλαττομένη
1732 3151 1944 3226 ῥήμασί

363 3263 426 3298 τε
459 3243 555 3299 καὶ
585 3244 818 3313 ὀνόμασι
838 3242 996 3312 λόγος
1026 3244 1240 3313 γίνεται
1273 3247 1521 3317 σχήμασι
1554 3245 1823 3309 ποικίλοις
1846 3247 1940 3299 καὶ

361 3340 562 3410 ἀρχαῖς
585 3340 685 3394 καὶ
712 3337 950 3408 πέρασιν
978 3338 1182 3409 ὁρίζων
1211 3339 1273 3391 τὸ
1297 3340 1395 3410 τῆς
1429 3339 1560 3409 ὕλης
1591 3339 1848 3408 ἀόριστόν
1879 3356 1941 3390 τε

364 3433 464 3485 καὶ
497 3432 720 3499 ἄφετον,
751 3432 848 3484 καὶ
879 3429 1026 3485 οὕτω
1072 3435 1188 3495 τοῖς
1228 3431 1334 3498 ἔξω
1368 3431 1468 3503 τὴν
1507 3432 1659 3484 ἔνδον
1705 3432 1941 3483 ἑκάστου

365 3523 630 3592 βούλησιν
657 3523 1042 3590 ἀπαγγέλλων.
1076 3522 1220 3592 Πλὴν
1247 3523 1346 3592 οὐχ
1368 3523 1444 3598 ὡς
1476 3522 1666 3593 ἔτυχεν
1693 3523 1943 3585 ἀτάκτως

365 3618 634 3688 φέρεσθαι
677 3620 770 3670 καὶ
817 3617 963 3669 κατὰ
1012 3616 1112 3686 τὴν
1152 3616 1405 3670 ἑκάστων
1440 3616 1696 3687 διάφορον
1724 3615 1945 3683 θέλησιν

364 3715 396 3779 ἡ
444 3711 606 3779 σοφία
637 3710 867 3764 κατόπιν
899 3709 960 3782 [ί.
991 3710 1093 3763 ³158
1137 3707 1214 3780 v.1
1277 3707 1570 3779 ἐληλυθυία
1603 3707 1760 3778 παρὰ
1807 3707 1946 3760 Θεοῦ

361 3805 479 3864 τοῖς
513 3802 825 3872 ἀνθρώποις
877 3802 1110 3872 ἀφῆκεν.
1162 3801 1302 3854 ἀλλὰ
1352 3801 1543 3871 νόμοις
1578 3802 1673 3854 καὶ
1725 3800 1948 3853 κανόσιν

365 3891 639 3956 ὑπέζευξε
663 3891 871 3960 ταύτην
905 3893 1048 3945 κατὰ
1076 3892 1176 3954 τὰς
1196 3891 1328 3962 παρ’
1359 3891 1612 3955 ἑκάστοις
1639 3890 1946 3958 συνθήκας,

364 3981 444 4041 ὧν
503 3987 678 4049 ἐνίαις
717 3987 889 4039 ἐνίοτε
923 3987 1017 4038 καὶ
1057 3985 1277 4055 ἐνιαχοῦ
1322 3985 1398 4055 μὴ
1437 3987 1600 4055 μόνον
1640 3985 1780 4038 κατὰ
1813 3985 1951 4052 θρη-

370 4080 565 4136 σκείαν
591 4078 693 4142 τὰς
715 4079 994 4148 σημασίας
1015 4080 1212 4132 ἕπεται
1241 4079 1498 4146 διαιρεῖν,
1528 4078 1667 4129 ἀλλὰ
1699 4075 1796 4129 καὶ
1826 4074 1956 4128 καθ’

367 4171 694 4244 ὁμωνυμίας
727 4173 822 4225 καὶ
849 4171 1252 4241 πολυωνυμία-ς.
1298 4173 1458 4224 Δυοίν
1492 4171 1603 4240 γὰρ
1633 4169 1884 4239 θάτερον,
1916 4168 1950 4239 ἢ

370 4265 659 4334 διαφόροις
691 4261 920 4333 ὀνόμασι
965 4266 1032 4318 τὰ
1076 4264 1218 4318 αὐτὰ
1257 4266 1368 4325 τοῖς
1408 4265 1475 4332 τῇ
1514 4263 1652 4332 αὐτῇ
1686 4261 1955 4333 διαλέκτῳ

372 4355 682 4428 χρωμένοις
715 4355 1076 4424 γνωρίζονται
1108 4355 1436 4424 πράγματα,
1473 4353 1507 4422 ἢ
1545 4354 1643 4422 μιᾷ
1677 4368 1954 4424 προσηγο.

376 4448 474 4520 pia}
498 4447 568 4502 τὰ
600 4447 836 4516 διάφορα
862 4447 975 4500 τῶν
1001 4448 1372 4517 πραγμάτων,
1401 4446 1434 4518 ἢ
1471 4447 1679 4499 τούτων
1723 4447 1824 4514 μὲν
1858 4447 1955 4498 οὐ-

371 4536 638 4605 δετέροις,
672 4535 840 4604 ἕτερά
885 4550 951 4601 γε
989 4535 1097 4603 μὴν
1137 4534 1372 4605 ἑτέροις.
1432 4533 1656 4587 Τούτων
1694 4535 1739 4587 δ’
1779 4532 1956 4596 οὓτως

2031 680 2082 734 ei
2116 680 2312 736 tribuit.
2348 692 2403 737 et
2429 684 2985 750 animadversionem,
3027 699 3262 755 quarum
3295 683 3438 738 ratio
3458 696 3618 735 eam-

2033 771 2160 827 dem
2214 775 2590 829 conditionem
2644 776 2891 831 retinens
2944 791 3068 831 eum
3108 775 3300 839 rebus,
3365 788 3489 844 qua:
3552 771 3609 826 in

2033 862 2244 918 mundo
2279 876 2430 929 sunt,
2463 867 2653 937 lingua
2683 883 2793 921 non
2843 875 2990 938 eget,
3042 868 3138 922 sed
3190 864 3363 937 ipsam
3411 865 3607 917 harum

2032 957 2404 1025 cognitionem
2449 959 2553 1014 sibi
2611 960 3022 1030 comparat.~Ut
3057 960 3205 1014 enim
3261 973 3494 1029 quaeque
3532 965 3622 1010 est

2033 1049 2230 1104 harum
2267 1059 2481 1116 natura,
2514 1053 2798 1123 cognoscit
2827 1052 2974 1122 quod
3011 1052 3242 1122 intelligi
3283 1059 3470 1120 potest
3501 1064 3608 1102 na-

2035 1150 2158 1212 tura
2185 1155 2282 1195 sua
2316 1156 2382 1196 ex
2415 1155 2474 1196 re
2508 1141 2647 1210 ipsa,
2679 1157 2811 1198 usus
2843 1150 3051 1209 autem,
3085 1143 3180 1211 qui
3228 1140 3481 1194 homines
3521 1154 3617 1193 co-

2033 1235 2196 1305 gebat
2221 1243 2282 1288 ut
2312 1249 2400 1290 res
2439 1248 2627 1290 secum
2654 1235 2889 1290 invicem
2923 1233 3398 1290 communicarent
3419 1240 3475 1286 et
3499 1229 3622 1284 ani-
3708 1272 3722 1287 .

2033 1326 2108 1381 mi
2174 1326 2447 1397 cupientis
2478 1340 2678 1381 arcana
2708 1327 3071 1382 enuntiarent
3130 1327 3210 1381 uti
3262 1325 3456 1380 statuit
3490 1324 3615 1377 ani-

2035 1418 2444 1481 madversione,
2478 1433 2600 1488 quae
2624 1419 2996 1488 cognitionem
3034 1419 3202 1478 rebus
3236 1424 3614 1485 componeret.

2035 1512 2164 1569 Haec
2195 1515 2340 1569 enim
2392 1516 2536 1584 aptis
2585 1515 2972 1570 instrumentis
3010 1528 3200 1567 rerum
3258 1521 3618 1566 externarum

2035 1607 2242 1662 formas
2269 1608 2543 1679 recip-iens
2590 1617 2648 1663 et
2698 1618 2978 1677 tanquam“
3011 1605 3066 1660 in
3118 1604 3262 1659 libro
3297 1603 3422 1657 licto
3450 1601 3621 1654 animi

2035 1699 2347 1754 inscribens
2396 1700 2716 1765 simulacra,
2774 1699 2874 1765 ait,
2908 1712 3011 1767 pro
3079 1693 3491 1764 exemplaribus
3542 1692 3622 1746 ibi

2035 1793 2152 1848 haec
2175 1791 2435 1862 deponit,
2472 1807 2696 1862 operam
2724 1791 2885 1856 dans,
2915 1798 2976 1844 ut
3003 1802 3277 1860 congruas
3311 1801 3438 1840 cum
3469 1785 3621 1854 cogi-

2035 1887 2162 1941 tatis
2195 1899 2285 1941 res
2319 1884 2533 1946 reddat,
2559 1887 2920 1955 quamobrem
2952 1883 3122 1938 etiam
3152 1897 3289 1937 voce
3346 1878 3609 1948 indiguit,

2034 1995 2156 2052 quae
2177 1979 2398 2035 formari
2437 1987 2627 2048 posset
2666 1976 2835 2046 288
2862 1974 2930 2029 ad
2989 1972 3416 2028 similitudinem
3473 1970 3622 2036 cogi-

2035 2066 2714 2132 tatorum,accommodari
2750 2077 2934 2120 autem
2957 2066 3143 2128 rebus,
3158 2061 3304 2133 quod
3337 2060 3444 2114 alio
3469 2057 3624 2112 nullo

2033 2158 2198 2215 modo
2255 2156 2474 2211 facilius
2507 2164 2594 2211 est
2639 2154 2865 2209 animali
2913 2153 3128 2208 ratione
3175 2151 3408 2221 praedito
3454 2164 3619 2218 quam

2034 2265 2170 2306 voce
2203 2248 2513 2314 articulata,
2541 2262 2663 2318 quae
2709 2247 2942 2302 formata
2987 2253 3072 2301 est
3123 2242 3489 2299 consensione
3522 2241 3624 2293 ho-

2036 2341 2249 2394 minum
2281 2337 2697 2408 ingeniosorum
2726 2336 2792 2390 ad
2820 2334 2983 2389 aliam
3035 2333 3314 2402 aliamque
3345 2328 3621 2399 supersti-

2039 2432 2242 2487 tionem
2274 2440 2326 2484 et
2360 2429 2679 2495 dialectum,
2704 2435 2765 2482 ut
2788 2425 2920 2483 inde
2949 2425 3314 2495 intelligatur,
3349 2437 3457 2476 non
3479 2421 3623 2490 apud

2037 2539 2229 2580 omnes
2259 2523 2516 2579 eamdem
2581 2537 2704 2577 esse
2751 2535 2894 2582 eam,
2919 2518 3014 2574 sed
3063 2519 3228 2574 aliam
3284 2515 3429 2586 apud
3488 2514 3627 2568 alios

2037 2631 2278 2686 semper,
2307 2616 2491 2684 itaque
2520 2628 2651 2668 cum
2677 2620 3002 2683 componat,
3027 2618 3090 2664 ut
3119 2609 3218 2674 ait,
3252 2608 3436 2669 ambo.
3462 2617 3623 2659 usum

2039 2708 2342 2764 articulatm
2363 2706 2517 2760 vocis
2549 2705 2833 2758 notionem
2858 2690 3134 2758 audientis
3158 2708 3413 2754 accurate
3434 2704 3624 2765 aptare

2040 2797 2345 2853 secundum
2375 2794 2796 2850 similitudinem
2849 2792 3062 2848 notioni
3090 2789 3368 2860 loquentis
3401 2799 3622 2840 omnem

2041 2891 2214 2952 omni,
2233 2891 2350 2944 [nec
2364 2887 2768 2956 enimjformata
2790 2893 3122 2955 etexpressa
3152 2882 3336 2936 verbis
3365 2889 3422 2935 et
3447 2876 3625 2931 nomi-

2040 2981 2207 3038 nibus
2252 2980 2433 3036 oratio
2459 2980 2540 3044 fit,
2569 2994 2692 3049 qua:
2718 2977 2911 3032 formis
2939 2975 3104 3030 variis
3127 2984 3184 3030 et
3214 2971 3383 3027 initiis
3407 2981 3465 3025 et
3495 2967 3622 3023 (ini-

2043 3075 2150 3130 bus
2179 3072 2409 3128 definiat
2437 3069 2722 3126 materiam
2754 3067 3103 3122 indeﬁnitam
3133 3076 3189 3120 et
3223 3064 3548 3119 dissolutam
3568 3069 3625 3115 et

2045 3169 2120 3224 ita
2149 3166 2691 3222 externisinternam
2745 3163 3015 3233 cujusque
3069 3161 3413 3215 voluntatem
3449 3172 3629 3212 enun-

1967 3275 2013 3338 ο
2047 3260 2166 3325 tiet,
2205 3268 2387 3314 tamen
2422 3271 2543 3312 eam
2579 3270 2711 3311 casu
2745 3263 2802 3309 et
2851 3254 2970 3309 sine
3004 3253 3198 3307 ordine
3260 3250 3392 3305 ferri
3428 3259 3485 3304 et
3540 3247 3626 3304 sc-‘

2043 3350 2286 3407 cundum
2345 3348 2615 3419 cujusque
2646 3345 2925 3401 diversam
2955 3343 3296 3422 v'oluntatem
3359 3339 3628 3410 sapientia

2044 3453 2235 3514 pOStea
2261 3457 2292 3495 a
2328 3441 2439 3495 Deo
2485 3453 2742 3510 aggressa
2772 3437 3099 3492 hominibus
3149 3451 3260 3488 non
3326 3433 3625 3494 concessit,

2046 3536 2139 3592 sed
2170 3535 2385 3606 legibus
2408 3541 2464 3590 et
2498 3533 2701 3602 regulis
2732 3531 3018 3603 subjunxit
3052 3545 3174 3584 eam
3208 3527 3510 3584 secundum
3536 3541 3628 3580 eas

2045 3642 2169 3696 quae
2203 3624 2348 3694 apud
2409 3637 2660 3692 quosque
2719 3629 2880 3675 erant
2934 3621 3354 3676 consensiones.
3392 3632 3627 3687 quarum

2047 3713 2330 3768 nonnullis
2356 3708 2638 3766 interdum
2673 3724 2782 3764 non
2811 3708 2989 3762 solum
3024 3705 3334 3761 secundum
3361 3705 3633 3774 supersti—

2051 3806 2256 3860 tionem
2286 3801 2721 3873 significationes
2757 3801 3012 3870 sequitur
3061 3808 3119 3852 ut
3152 3797 3482 3861 tribuamus,
3535 3796 3632 3850 sed

2047 3897 2215 3952 etiam
2255 3893 2560 3950 secundum
2599 3891 2822 3947 nomina
2856 3892 3051 3946 eadem
3087 3901 3142 3946 et
3188 3893 3382 3946 multa.
3445 3891 3632 3944 Alter-

2051 3997 2236 4042 utrum
2271 3985 2440 4049 enim,
2477 3993 2572 4039 aut
2624 3984 2861 4039 diversis
2912 3983 3230 4038 nominibus
3284 3981 3488 4036 eadem
3546 3996 3634 4035 res

2052 4082 2121 4137 ab
2159 4081 2227 4135 iis
2252 4080 2344 4149 qui
2367 4079 2562 4134 eadem
2601 4077 2838 4133 dialecm
2867 4087 3103 4132 utuntur
3135 4059 3510 4136 declarantur,
3535 4085 3633 4128 aut

2055 4189 2164 4228 una
2197 4169 2604 4242 signiﬁcatione
2637 4171 2871 4226 diversae
2905 4185 2992 4225 res
3049 4177 3146 4224 aut
3195 4171 3389 4223 borum
3418 4167 3633 4221 neutris

2054 4268 2182 4340 (alia
2204 4267 2467 4322 nimirum
2493 4264 2659 4334 aliis).
2695 4263 2827 4329 Quae
2857 4263 3024 4334 239
3050 4277 3174 4317 cum
3207 4261 3281 4315 ita
3315 4259 3426 4316 sint
3448 4259 3634 4326 itaque

2054 4359 2431 4432 praejudicata,
2463 4355 2762 4427 repetenda
2800 4354 3036 4409 fortasse
3087 4363 3172 4409 est
3229 4353 3417 4423 lingua
3472 4351 3637 4405 nobis

2055 4453 2126 4508 ab
2159 4451 2278 4522 ipso
2335 4448 2564 4505 exordio
2618 4447 2905 4512 orationis,
2930 4447 3036 4502 hoc
3072 4455 3179 4512 est,
3212 4441 3638 4499 demonstranda

2057 4550 2142 4598 est
2175 4541 2471 4596 multorum
2515 4540 2738 4594 illorum
2766 4539 3052 4593 nominum
3088 4535 3380 4591 concordia
3411 4544 3467 4588 et
3502 4547 3638 4587 con-

375 4630 612 4699 ἑχόντων
641 4629 737 4682 καὶ
773 4628 976 4682 οὑτωσὶ
1014 4629 1536 4698 προδιαληφθέντων
1573 4628 1839 4682 ἀνακτέον
1886 4629 1943 4680 ἂν

2057 4641 2253 4687 centus
2284 4643 2341 4685 et
2369 4645 2490 4700 quae
2512 4629 2584 4684 sit
2611 4643 2806 4684 eorum
2836 4629 2904 4684 ad
2933 4643 3102 4684 unum
3135 4626 3280 4696 quod
3316 4625 3537 4697 proprie
3559 4625 3652 4681 sic

375 4722 470 4791 εἴη
505 4721 604 4792 τὴν
641 4721 892 4789 γλῶτταν
942 4719 1076 4790 ἡμῖν
1119 4722 1202 4780 εἰς
1247 4722 1308 4772 τὸ
1345 4720 1613 4790 πρότερον
1661 4720 1808 4790 ῐχνος
1859 4720 1954 4772 τοῦ

374 4814 562 4882 λόγου.
606 4812 681 4866 Τὸ
729 4812 789 4867 δέ
830 4813 950 4866 ἐστι
983 4812 1156 4875 δείξαι
1187 4813 1288 4882 τὴν
1329 4812 1441 4865 τῶν
1483 4812 1698 4865 πολλῶν
1730 4812 1959 4866 ἐκείνων

375 4905 664 4975 ὀνομάτων
699 4904 956 4974 ὁμόνοιάν
1001 4919 1063 4958 τε
1103 4905 1200 4958 καὶ
1235 4905 1561 4974 συμφωνίαν
1606 4903 1702 4957 καὶ
1733 4903 1869 4973 πρὸς
1897 4903 1958 4956 τὸ

378 5001 586 5071 κυρίως
617 4998 676 5052 ἓν
698 4999 1004 5067 ἀναφορὰν,
1040 4997 1247 5069 δηλαδὴ
1294 4997 1394 5066 τὴν
1419 4997 1575 5051 θείαν
1615 4997 1833 5066 ἐκείνην
1864 4994 1960 5048 καὶ

378 5093 668 5162 μακαρίαν
697 5090 914 5154 οὐσίαν,
949 5091 1044 5144 καὶ
1076 5091 1154 5161 μὴ
1183 5093 1307 5145 κατ’
1339 5092 1602 5162 Εὐνόμιον
1632 5093 1835 5144 ἐκεῖνον
1867 5089 1959 5144 τὸν

373 5185 642 5255 δυσσεϐῆ,
671 5184 733 5237 τὸ
760 5185 861 5251 τῆς
879 5183 1214 5253 ἁγεννησίας
1237 5183 1411 5252 ὖνομα
1439 5183 1694 5255 θεότητος
1723 5181 1960 5250 ὓπαρξιν

376 5273 634 5342 λέγοντα,
667 5273 763 5326 καὶ
790 5273 873 5339 σὲ,
909 5271 1175 5340 θεότητας
1201 5270 1357 5326 ταῦθ’
1375 5273 1675 5342 ὑφειμένας
1707 5271 1960 5341 ἡγεῖσθαι

375 5369 582 5431 πάντα,
612 5367 906 5438 διαφόρους
945 5368 1046 5438 τῆς
1075 5366 1267 5430 οὐσίας
1293 5367 1389 5419 καὶ
1409 5366 1724 5430 άκτίστους,
1750 5363 1962 5434 ἀνθρὼ-

376 5477 504 5515 πων
529 5461 660 5515 ὄντα
691 5462 984 5531 εὑρήματα
1007 5461 1100 5514 καὶ
1129 5461 1431 5531 ποιήματα.
1453 5461 1660 5513 Λύτίκα
1691 5458 1803 5528 γὰρ
1823 5456 1960 5528 πρὸς

377 5555 592 5607 ἐκεῖνον
620 5555 650 5606 ὁ
682 5555 854 5624 μέγας
889 5555 1088 5622 φάσκει
1137 5553 1418 5618 Βασίλειος
1439 5596 1455 5621 ,
1505 5571 1525 5606 ι
1563 5553 1636 5607 Τὸ
1664 5553 1961 5622 ἀγέννητος

378 5649 430 5700 εἰ
465 5647 667 5716 ὄνομα,
693 5647 794 5699 οὐκ
818 5649 998 5700 οὐσία·
1026 5648 1138 5699 τῶν
1168 5647 1278 5725 γὰρ
1299 5645 1500 5700 οὐσιῶν
1541 5643 1860 5714 σημαντικὰ
1893 5643 1962 5696 τὰ

375 5741 650 5811 ὀνόματα,
684 5741 786 5793 οὐκ
810 5740 950 5792 αὐτὰ
979 5739 1183 5794 οὐσίαι.
1213 5741 1274 5792 Εἰ
1295 5741 1340 5792 δ’
1371 5739 1501 5792 αὐτὸ
1524 5739 1681 5791 οὐσία
1715 5739 1775 5790 τὸ
1798 5736 1959 5805 ἁγέν·

379 5850 566 5902 νητος,
605 5831 915 5900 λεγέτωσαν
948 5833 1010 5885 τὸ
1054 5833 1228 5902 ὄνομα
1279 5832 1476 5900 αὐτῆς·
1513 5833 1575 5884 οὐ
1613 5832 1724 5902 γὰρ
1761 5831 1822 5883 ἐκ
1852 5831 1960 5884 τῶν

380 5920 610 5993 οὐσιῶν,
639 5926 756 5980 ἀλλ’
787 5927 848 5980 ἐκ
874 5927 980 5982 τῶν
995 5925 1277 5999 ὀνομάτων
1309 5927 1402 5984 καὶ
1429 5928 1493 5981 ἐκ
1531 5927 1638 5982 τῶν
1674 5925 1959 5998 ἐνεργειῶν

2061 4723 2264 4777 dicitur
2294 4721 2511 4788 relatio,
2539 4719 2606 4774 ad
2643 4719 2885 4774 divinam
2933 4719 3206 4774 nimirum
3233 4719 3382 4773 illam
3412 4728 3468 4772 et
3501 4717 3638 4770 bea-

2059 4824 2171 4870 tam
2219 4813 2540 4878 essentiam,
2567 4826 2746 4882 neque
2783 4812 3085 4868 secundum
3127 4811 3456 4866 Eunomium
3483 4808 3638 4862 illum

2061 4907 2290 4978 impium
2328 4907 2421 4976 qui
2455 4921 2564 4961 non
2613 4907 2782 4978 geniti
2825 4921 3028 4961 nomen
3054 4904 3360 4960 divinitatis
3390 4903 3645 4958 substan-

2061 5000 2195 5053 tiam
2259 4999 2419 5062 dicit,
2456 5013 2668 5068 neque»
2699 4998 3004 5053 secundum
3057 5005 3108 5051 te
3175 4995 3480 5066 putandum
3531 5007 3640 5060 est,

2060 5093 2380 5149 divinitates
2409 5092 2734 5148 summissas
2758 5093 2989 5147 omnino
3020 5092 3271 5147 diversas
3299 5090 3368 5144 ab
3395 5089 3639 5146 essentia

2059 5194 2116 5238 et
2140 5184 2414 5239 increatas
2444 5199 2565 5240 esse
2597 5183 2847 5238 inventas
2883 5184 3149 5251 fictasque
3185 5182 3253 5237 ab
3289 5181 3636 5236 hominibus.

2060 5276 2253 5331 Statim
2309 5278 2458 5332 enim
2515 5287 2707 5331 contra
2767 5276 2924 5331 illum
2958 5276 3197 5330 Basilius
3222 5273 3452 5346 Magnus
3513 5273 3634 5327 ait:

2066 5371 2214 5426 «Non
2238 5370 2514 5439 genitum»
2553 5373 2597 5425 si
2630 5385 2829 5424 nomen
2856 5377 2964 5433 est,
2990 5384 3099 5423 non
3136 5378 3222 5424 est
3259 5367 3523 5432 essentia,
3551 5380 3638 5421 cs-

2061 5459 2364 5516 sentiarum
2395 5460 2539 5513 enim
2559 5459 2924 5529 significantia
2956 5469 3084 5512 sunt
3117 5459 3360 5521 nomina,
3391 5472 3501 5510 non
3523 5456 3638 5524 ipsa

2059 5553 2299 5610 essentia
2324 5593 2337 5614 ,
2365 5551 2450 5606 sin
2479 5561 2662 5606 autem
2722 5553 2900 5622 ipsum
2942 5567 3082 5606 «non
3117 5553 3391 5624 genitum»
3427 5559 3513 5605 est
3550 5565 3643 5604 es—

2065 5646 2506 5712 sentia,dicnnlo
2533 5661 2731 5700 nomen
2756 5646 2876 5718 ejus
2904 5664 2917 5701 :
2948 5661 3056 5700 non
3084 5646 3230 5700 enim
3261 5660 3329 5700 ex
3363 5644 3644 5708 cssentiis,

2064 5741 2159 5797 scd
2192 5726 2234 5796 ei
2259 5739 2575 5794 nominibus
2606 5749 2662 5792 et
2691 5738 2998 5794 eﬂicientiis
3056 5736 3436 5807 intelligimus,
3460 5746 3516 5792 et
3537 5753 3650 5791 ma-

2067 5837 2213 5891 xime
2249 5833 2597 5903 incorporea.
2636 5833 2800 5888 Vides
2826 5851 2893 5887 ex
2923 5833 3013 5897 iis,
3044 5847 3166 5902 quae
3192 5832 3484 5897 accedunt,
3554 5831 3643 5886 di-

2064 5944 2187 5983 cere
2236 5927 2389 5983 illum
2432 5942 2497 5982 ex
2548 5925 2852 5985 eﬂicientiis
2900 5927 3148 5998 corporis
3189 5925 3358 5983 instar
3393 5926 3649 5995 inspectis
