4046 6290
319 313 425 375 Ξ57

1337 296 1778 360 ΒῨΖΑΝΤΙΝἉΕ
1818 298 1912 357 III:

2014 299 2203 359 DRUE
2239 299 2385 360 LIB.
2426 297 2605 357 XXX.
3474 292 3582 354 258

316 424 529 492 λήσεως
567 418 801 481 κανόνας
841 418 936 471 καὶ
959 418 1176 486 νόμους.
1216 418 1325 470 Καὶ
1357 416 1458 470 οὐκ
1490 417 1576 484 ἐφ’
1604 417 1750 480 ἐνὸς,
1781 415 1898 468 ἀλλ’

2014 416 2260 484 plurimis
2287 426 2341 470 ct
2367 415 2625 478 diversis,
2647 427 2771 483 qua:
2803 410 3091 482 supposita
3124 419 3274 475 sunt,
3317 410 3581 479 quodque
3651 400 3661 412 “

316 514 416 565 ἐπὶ
446 510 722 563 πλείστων
748 526 808 560 τε
833 508 926 561 καὶ
951 507 1225 577 διαφόρων
1253 506 1634 575 ὑποκειμένων
1665 506 1899 559 ἕκαστον

314 604 378 656 ἓν
409 603 471 655 ὃν
506 601 729 669 λέγεται
776 600 972 670 όνομα,
1014 600 1076 652 τὸ
1122 600 1375 653 πλεῖστον
1411 602 1612 654 εἰπεῖν.
1656 596 1783 653 Οἴον
1808 600 1901 652 ἐπὶ

317 692 743 762 ὐποδείγματος,
764 693 893 759 περὶ
927 691 1236 762 βουλήσεως
1265 691 1419 761 εὖροι
1448 708 1533 754 τις
1563 692 1630 745 ἂν
1660 690 1901 759 τοῦνομα

318 787 458 839 ποτὲ
498 786 598 855 μὲν
639 786 734 837 ἐπὶ
773 785 874 852 τῆς
919 784 1178 838 ἀκτίστου
1226 782 1290 854 ιι.
1326 785 1427 839 159
1456 783 1508 855 υ]
1557 783 1771 852 φύσεως
1806 783 1900 835 τοῦ

318 875 455 928 Υἱοῦ
520 875 957 945 λαμϐανόμενον,
1017 874 1147 927 ποτέ
1200 874 1248 926 δ’
1289 876 1380 927 ἐπὶ
1423 874 1533 927 τῶν
1582 874 1901 943 κτισμάτων

321 967 477 1036 παρὰ
499 968 608 1019 τῶν
626 967 818 1034 ἁγίων,
836 965 911 1029 ὡς
930 968 957 1018 ὁ
977 966 1148 1033 μέγας
1179 965 1494 1027 ἈΟανάσιος
1518 966 1661 1018 κατὰ
1691 967 1903 1036 Ἀρεια-

319 1061 429 1111 νῶν
459 1059 688 1130 γράφων
731 1061 897 1129 φησὶν
942 1058 1017 1121 ὡς
1056 1058 1105 1110 oi
1140 1056 1356 1119 ἀσεϐεῖς
1398 1060 1457 1110 οὐ
1499 1058 1714 1111 θέλουσι
1745 1058 1903 1127 λόγον

320 1152 419 1204 καὶ
454 1151 653 1220 βουλὴν
682 1150 867 1214 ζῶσαν
908 1145 1051 1204 εἶναι
1079 1149 1171 1202 τὸν
1202 1150 1352 1214 Υίὸν,
1402 1150 1531 1219 περὶ
1558 1150 1615 1201 δὲ
1648 1150 1739 1202 τὸν
1768 1149 1903 1202 Θεὸν

323 1243 587 1315 βούλησιν
616 1245 709 1296 καὶ
757 1242 1018 1312 φρόνησιν
1060 1244 1151 1295 καὶ
1183 1242 1375 1309 σοφίαν
1411 1242 1485 1304 ὡς
1516 1240 1630 1305 ἕξιν
1665 1241 1902 1309 συμϐαί-

321 1353 523 1387 νουσαν
565 1337 661 1388 καὶ
686 1336 1226 1403 ἀποσυμὸαίνουσαν.
1261 1336 1370 1386 Καὶ
1401 1336 1604 1402 ὁμοίως
1649 1334 1904 1405 Ἰωάννης

319 1429 349 1480 ό
390 1429 455 1480 ἐκ
506 1426 804 1497 Δαμασκοῦ
847 1427 1106 1497 βούλησιν
1148 1425 1241 1479 καὶ
1292 1426 1486 1494 σοφίαν
1526 1428 1622 1478 καὶ
1671 1426 1904 1495 δύναμιν

316 1514 412 1567 τὸν
436 1515 569 1566 Υίὸν
603 1510 744 1566 εἶναι
779 1514 930 1580 λέγει
958 1513 1055 1567 τοῦ
1088 1513 1320 1583 Πατρός·
1356 1515 1417 1566 οὐ
1445 1513 1551 1583 χρὴ
1586 1514 1694 1583 γὰρ
1722 1513 1902 1582 λέγειν

320 1607 421 1658 ἐπὶ
435 1605 571 1657 Θεοῦ
606 1605 890 1674 ποιότητα,
916 1604 1001 1658 ἵνα
1022 1603 1096 1677 μὴ
1120 1605 1375 1658 σύνῡετον
1397 1607 1560 1659 αὐτὸν
1582 1608 1905 1676 ποιήσωμεν

322 1700 387 1762 ἐξ
415 1698 603 1757 οὐσίας
634 1699 729 1753 καὶ
757 1699 1068 1769 ποιότητος.
1116 1698 1228 1750 Καὶ
1272 1699 1410 1768 πρός
1461 1714 1526 1765 γε
1557 1700 1584 1751 ό
1608 1697 1905 1752 Νυσσαέων

2007 523 2230 572 nomen,
2263 523 2578 577 quanquam
2611 522 2781 560 unum
2812 513 2918 569 est,
2955 516 3139 558 tamen
3162 503 3369 558 dicitur
3400 504 3577 572 pluri-

2007 617 2154 653 mum
2186 601 2516 671 signiﬁcare,
2559 610 2617 653 ut
2647 597 2882 666 exempli
2942 597 3139 664 gratia,
3190 595 3259 649 de
3294 599 3579 649 voluntate

2005 692 2250 759 reperias
2293 708 2493 745 nomen
2527 690 2803 745 interdum
2843 690 2899 742 in
2942 698 3136 742 natura
3178 687 3421 741 increata
3455 686 3579 739 Filii

2007 794 2361 854 usurpatum,
2399 785 2679 838 interdum
2713 793 2894 836 autem
2927 784 2982 835 in
3042 781 3244 835 creatis
3289 796 3317 832 a
3349 780 3579 843 sanetis,

2006 874 2168 943 292
2201 882 2259 926 ut
2289 873 2621 927 Athanasius
2663 886 2893 939 magnus
2942 880 3132 923 contra
3167 870 3401 923 Arianos
3439 868 3580 920 scri-

2007 966 2142 1019 hens
2172 964 2304 1019 dicit
2333 983 2345 1017 :
2386 984 2403 1014 σ
2431 964 2585 1033 lmpii
2622 978 2731 1017 non
2764 971 3014 1015 statuunt
3044 961 3240 1014 Filium
3265 975 3385 1013 esse
3415 960 3585 1013 ratio-

2006 1070 2131 1108 nem
2160 1065 2217 1109 et
2243 1054 2585 1109 voluntatem
2618 1062 2672 1107 et
2723 1052 3112 1119 cogitationem
3164 1058 3220 1104 et
3255 1049 3580 1117 sapientiam

2008 1155 2265 1213 tanquam
2296 1144 2542 1198 habitum
2566 1142 2983 1197 convenientem
3001 1149 3057 1194 et
3078 1139 3581 1194 inconvenientcm.

2008 1237 2072 1291 Et
2112 1236 2279 1291 simili
2314 1237 2529 1290 ratione
2570 1237 2813 1290 Joannes
2846 1234 3212 1288 Damascenus
3242 1232 3580 1285 voluntatem

2006 1336 2063 1380 et
2098 1327 2428 1395 sapientiam
2470 1335 2524 1380 et
2549 1327 2656 1379 vim
2689 1325 2887 1379 Filium
2913 1339 3033 1379 esse
3068 1322 3201 1377 dicit
3234 1322 3433 1376 Patris.
3463 1322 3582 1375 Non

2007 1418 2158 1471 enim
2191 1432 2485 1487 possumus
2523 1416 2826 1485 prmdicare
2878 1414 2946 1468 de
2978 1414 3090 1467 Deo
3138 1411 3482 1481 qualitatem,
3517 1427 3584 1464 ne

2007 1508 2375 1577 compositum
2435 1522 2563 1561 eum
2626 1507 2896 1576 tingamus
2924 1520 2992 1563 ex
3036 1503 3280 1558 essentia
3316 1511 3368 1556 et
3405 1503 3585 1571 quali-

2009 1610 2143 1656 tate.
2199 1600 2269 1655 Et
2320 1609 2587 1670 praeterea
2634 1596 2934 1669 Gregorius
2986 1597 3269 1667 Nyssenus
3321 1594 3456 1649 dicit
3502 1610 3587 1649 re-

2008 1707 2139 1745 vera
2176 1691 2509 1761 sapientiam
2544 1701 2599 1743 et
2627 1689 2964 1743 voluntatem
3000 1687 3137 1740 nihil
3162 1701 3284 1741 esse
3312 1701 3475 1755 quam
3501 1700 3589 1738 sa-

320 1790 626 1861 Γρηγόριος
649 1790 817 1852 ὅντως
838 1791 1029 1859 σοφίαν
1051 1790 1143 1843 καὶ
1164 1788 1359 1860 βουλὴν
1376 1789 1528 1843 οὐδὲν
1550 1789 1638 1842 Ere
1646 1805 1736 1859 ρον
1760 1787 1903 1843 εἶναι

2014 1783 2289 1853 pientiam,
2322 1783 2376 1836 in
2408 1785 2725 1835 universum
2755 1779 3208 1849 prmmeditatam,
3239 1778 3292 1831 in
3328 1794 3433 1847 qua
3459 1780 3585 1832 uni-

322 1884 482 1951 λέγει
512 1883 652 1946 πλὴν
682 1884 783 1952 τῆς
802 1882 898 1936 τοῦ
924 1883 1127 1946 παντὸς
1154 1883 1660 1953 προεπινοουμένης
1694 1884 1907 1951 σοφίας,

323 1975 389 2024 ἐν
417 1966 538 2041 ﬁta:
572 1972 750 2024 πάντα
775 1971 995 2039 ἐγένετο
1027 1972 1122 2024 καὶ
1149 1970 1507 2039 διεκοσμήθη·
1537 1972 1773 2040 Χριστὸς
1798 1972 1910 2042 γὰρ

323 2057 466 2111 Θεοῦ
497 2058 727 2128 δύναμις
769 2059 863 2111 καὶ
895 2055 1032 2110 Θεοῦ
1087 2057 1274 2126 σοφία.
1311 2058 1420 2112 Καὶ
1449 2056 1609 2111 τοῦτο
1646 2060 1746 2128 μὲν
1782 2061 1913 2131 περὶ

321 2149 425 2204 τοῦ
475 2151 675 2205 ταυτὸν
730 2148 874 2203 εἶναι
927 2150 1073 2205 κατὰ
1124 2151 1188 2204 τὸ
1235 2152 1644 2222 σημαινόμενον
1697 2154 1911 2220 οὐσίαν,

322 2243 563 2311 δύναμιν
599 2246 692 2297 καί
723 2243 1114 2315 βούλησινζκαὶ
1150 2247 1364 2314 σοφίαν.
1421 2243 1513 2298 Ἐν
1547 2244 1733 2307 ἄλλοις
1756 2246 1801 2298 δ’
1824 2246 1915 2299 εὑ-

322 2331 581 2401 ρίσκεται
628 2332 805 2399 λέγων
835 2335 863 2386 ό
898 2333 1045 2395 θεῖος
1096 2332 1355 2403 Μάξιμος
1391 2333 1467 2397 ὡς
1497 2336 1528 2403 ὴ
1559 2335 1783 2405 οέλησις
1815 2339 1912 2390 καὶ

322 2421 359 2488 ὴ
391 2420 649 2489 βούλησις
688 2420 789 2474 οὐκ
819 2422 934 2474 ἔστι
965 2424 1167 2475 ταυτὸν
1198 2424 1263 2494 τῇ
1296 2422 1457 2492 οὐσίᾳ
1484 2422 1579 2474 τοῦ
1605 2422 1763 2477 Θεοῦ.
1806 2443 1825 2476 σ
1847 2424 1914 2478 Ἦ

327 2511 436 2581 μὲν
465 2514 572 2583 γὰρ
603 2513 826 2584 θέλησις
862 2518 959 2570 καὶ
989 2514 1217 2585 ἄρχεται
1246 2517 1341 2569 καὶ
1373 2516 1643 2570 παύεται·
1679 2519 1712 2589 ἡ
1738 2518 1794 2571 δέ
1820 2518 1915 2573 οὐ-

325 2598 426 2650 σία
447 2599 571 2653 οὐτε
611 2601 842 2672 ἄρχεται
869 2600 995 2655 οὔτε
1021 2602 1280 2658 παύεται.
1316 2602 1390 2656 Τὸ
1419 2603 1464 2656 δ’
1489 2605 1793 2676 ἀρχόμενον
1821 2607 1915 2661 καὶ

258 2756 265 2761 Α
322 2694 644 2762 παυόμενον
690 2694 767 2765 τῷ
816 2697 958 2765 μήτε
1007 2696 1303 2768 ἀρχομένῳ
1349 2697 1489 2768 μήτε
1534 2700 1831 2769 παυομένῳ
1858 2699 1917 2751 τὸ

324 2787 467 2841 αὐτὸ
501 2783 642 2841 εἶναι
687 2789 749 2840 οὐ
786 2789 1033 2844 δύναται.
1077 2790 1139 2842 Et
1189 2789 1300 2859 γὰρ
1334 2793 1530 2845 ταυτὸν
1553 2787 1624 2863 ἦν
1652 2794 1720 2863 τῇ
1757 2794 1918 2863 οὐσίᾳ.

322 2881 428 2933 τοῦ
462 2876 596 2934 Θεοῦ
629 2883 660 2950 ἡ
699 2880 983 2951 βούλησις,
1020 2882 1188 2952 ἐχρῆν
1219 2885 1353 2952 μιᾶς
1383 2884 1551 2955 οὔσης
1588 2885 1688 2954 τῆς
1729 2884 1917 2949 οὐσίας

330 2976 469 3045 μίαν
498 2969 635 3026 εἶναι
658 2974 752 3027 καὶ
772 2974 872 3044 τὴν
896 2975 1138 3044 θέλησιν.
1158 2975 1298 3027 Ἀλλ’
1326 2977 1359 3045 ἡ
1382 2976 1594 3046 Γραφὴ,
1624 2993 1644 3027 ι
1674 2978 1909 3043 Πάντα,›

329 3069 524 3139 φησὶν,
564 3087 581 3120 ι
607 3070 706 3121 ὅσα
733 3068 1019 3138 ἠθέλησεν,
1054 3068 1299 3139 ἐποίησε.
1332 3068 1513 3121 Πολλὰ
1543 3069 1637 3123 οῦν
1679 3069 1917 3140 ἠθέλησε

329 3164 429 3216 καὶ
472 3162 571 3232 οὐχ
620 3162 699 3215 ἐν.
734 3182 753 3214 ι
796 3163 904 3215 Καὶ
948 3161 1152 3232 ὁμοίως
1199 3164 1227 3215 ὁ
1273 3163 1416 3226 οεῖος
1449 3163 1738 3233 Κύριλλος,
1775 3181 1795 3215 ι
1849 3163 1914 3219 Ἦ

326 3255 507 3322 hac,»
536 3258 690 3326 φησὶ,
714 3273 733 3306 ι
754 3255 860 3309 τῶν
888 3255 1321 3326 ὠνομασμένων,
1349 3256 1587 3325 Πατρὸς,
1620 3256 1785 3323 λέγω,
1818 3260 1915 3310 καὶ

328 3347 468 3404 Υίοῦ
514 3353 608 3401 καὶ
646 3349 806 3416 ἁγίου
849 3349 1194 3420 Πνεύματος,
1240 3349 1614 3421 δημιουργικὴ
1665 3350 1908 3420 θέλησις,

327 3441 421 3509 ἐφ’
444 3443 662 3511 ὅτῳπερ
695 3441 759 3494 ἂν
810 3440 1029 3509 λέγοιτο
1079 3442 1342 3510 γενέσθαι
1397 3441 1583 3512 τυχὸν,
1628 3442 1917 3513 ἐνέργημα

332 3530 441 3601 μὲν
471 3529 638 3583 αὐτοῦ
672 3531 810 3583 ἐστι·
842 3530 983 3600 πλὴν
1010 3530 1099 3583 διὰ
1128 3531 1312 3600 πάσης
1339 3530 1561 3601 ἔρχεται
1586 3533 1685 3602 τῆς
1721 3533 1914 3605 Θεότη-

328 3638 445 3685 τος,
480 3621 575 3675 καὶ
598 3622 698 3691 τῆς
734 3620 876 3690 ὑπὲρ
910 3622 1010 3692 τὴν
1044 3623 1220 3676 κτίσιν
1251 3623 1441 3686 οὐσίας
1468 3625 1617 3678 ἐστὶν
1647 3627 1911 3680 ἀποτέλε-

333 3730 475 3782 σμα.
507 3732 526 3763 ι
590 3711 758 3783 Ὁρᾷς
789 3713 910 3776 πῶς
952 3714 985 3783 ἡ
1037 3713 1147 3766 τῶν
1185 3714 1470 3784 ὀνομάτων
1501 3718 1599 3772 καὶ
1650 3719 1917 3788 ῥημάτων

332 3805 544 3873 γνῶσις
575 3804 998 3875 ἐπιστημονικῇ,
1042 3804 1115 3856 δι’
1139 3798 1215 3858 ὧν
1248 3806 1401 3875 λόγοι
1438 3809 1531 3861 xat
1563 3809 1915 3877 ἀποφαντικα

332 3898 591 3969 δόγματα
611 3899 788 3952 πάντα
807 3898 942 3968 πρὸς
957 3898 1170 3968 γένεσιν
1192 3898 1467 3970 ἔρχονται,
1484 3901 1725 3971 μεγάλης
1742 3902 1917 3955 δεῖται

332 3991 438 4060 τῆς
459 3992 744 4060 περινοίας
763 3991 1207 4059 κα“ιέξετάσεως;
1246 3991 1651 4063 ὁμώνυμαγάρ
1684 3994 1805 4046 ἐστι
1849 3993 1919 4047 τὰ

337 4084 541 4139 πολλά.
560 4086 672 4138 Καὶ
699 4085 788 4138 διὰ
818 4085 976 4139 τοῦτο
1016 4090 1218 4147 πάντες
1241 4088 1289 4140 οί
1311 4086 1418 4140 τῶν
1468 4086 1765 4157 αἱρετικῶν
1801 4086 1920 4140 θία-

337 4195 447 4245 σοι,
477 4177 693 4240 τούτοις
725 4177 1216 4249 ἐγκαλυπτόμενοι,
1247 4176 1528 4243 τοξεύουσι
1587 4178 1710 4232 κατ’
1738 4178 1921 4231 ἄλλοτ’

336 4269 539 4332 ἄλλους
566 4270 799 4340 καιροὺς
820 4270 1041 4338 ἀφανῶς
1058 4270 1156 4341 τὴν
1187 4268 1472 4322 εὐσέϐειαν
1488 4269 1563 4329 ὡς
1588 4270 1655 4322 ἐκ
1674 4268 1881 4339 λόχμης
1899 4286 1917 4302 ο

334 4355 379 4429 ᾧ
403 4362 472 4433 δὴ
495 4363 592 4416 καὶ
619 4360 798 4430 λέγων
829 4362 925 4417 καὶ
946 4363 1173 4431 γράφων
1211 4363 1296 4415 καὶ
1324 4361 1485 4425 αὐτὸς
1506 4360 1776 4430 κέχρησαι
1803 4360 1914 4413 τολ-

2013 1887 2173 1926 versa
2206 1870 2350 1925 facta
2383 1871 2495 1925 sint
2545 1880 2602 1925 et
2635 1868 2927 1923 adornata.
2986 1866 3242 1922 Christus
3297 1868 3444 1920 enim
3491 1867 3583 1922 Dei

2013 1975 2097 2020 est
2130 1966 2214 2019 vis
2244 1974 2300 2018 et
2330 1964 2422 2017 Dei
2448 1961 2740 2032 sapientia.
2771 1963 2950 2029 Atque
2983 1962 3085 2014 hoc
3112 1959 3333 2029 quidem
3357 1958 3590 2013 sutﬁciat

2014 2059 2084 2113 de
2108 2073 2197 2121 eo,
2225 2055 2374 2126 quod
2409 2056 2553 2109 idem
2584 2063 2666 2108 est
2694 2070 2757 2109 ex
2789 2052 3191 2123 signiﬁcatione
3220 2053 3481 2116 essentia,
3507 2052 3590 2105 vis

2014 2158 2070 2203 et
2097 2149 2359 2203 voluntas
2382 2156 2439 2202 et
2468 2146 2763 2215 sapientia.
2799 2145 2876 2200 Ex
2907 2145 3028 2199 aliis
3062 2145 3369 2213 reperimus
3398 2144 3589 2199 dicen-

2015 2250 2125 2297 tem
2168 2240 2462 2294 Maximum
2517 2238 2813 2293 divinum:
2867 2222 3170 2293 Consilium
3228 2246 3285 2291 et
3333 2237 3590 2291 voluntas

1974 2350 1977 2351 ν
2016 2350 2124 2388 non
2155 2344 2283 2387 sunt
2321 2334 2466 2388 idem
2497 2342 2662 2403 atque
2689 2331 2932 2387 essentia
2964 2331 3095 2396 Dei;
3145 2332 3403 2386 voluntas
3440 2331 3590 2386 enim

2016 2436 2073 2482 et
2106 2426 2303 2497 incipit
2337 2436 2393 2481 et
2420 2425 2650 2491 desinit,
2676 2425 2920 2480 essentia
2955 2433 3140 2479 autem
3170 2439 3351 2493 neque
3400 2423 3594 2492 incipit

2017 2535 2197 2590 neque
2232 2520 2475 2584 desinit;
2514 2518 2660 2589 quod
2685 2530 2867 2573 autem
2900 2516 3094 2588 incipit
3125 2525 3181 2571 et
3216 2517 3437 2581 desinit,
3468 2533 3591 2571 cum

2017 2629 2106 2679 eo,
2135 2613 2283 2683 quod
2310 2628 2491 2683 neque
2519 2611 2715 2682 incipit
2741 2626 2924 2680 neque
2989 2609 3216 2676 desinit,
3242 2609 3416 2665 "idem
3473 2624 3596 2663 esse

2019 2721 2130 2759 non
2161 2714 2366 2776 potest.
2414 2704 2643 2759 Etenim
2697 2704 2741 2759 si
2782 2703 2929 2757 idem
2970 2713 3117 2758 esset
3171 2717 3296 2756 cum
3360 2701 3596 2757 essentia

2018 2797 2114 2853 Dei
2155 2800 2436 2864 voluntas,
2464 2805 2894 2866 Oporteretcum
2920 2810 3029 2849 una
3046 2796 3115 2850 sit
3142 2795 3402 2859 essentia,
3430 2810 3594 2848 unam

2019 2906 2141 2946 esse
2190 2891 2356 2945 etiam
2397 2890 2764 2945 voluntatem.
2802 2888 2911 2944 Sed
2968 2887 3278 2958 Scriptura,
3312 2905 3331 2938 ι
3375 2886 3596 2955 Omnia,

2023 2984 2230 3053 inquit,
2266 2999 2616 3054 quaecunque
2651 2982 2848 3051 voluit,
2890 2983 3157 3037 creavit.»
3226 2981 3394 3036 Multa
3428 2982 3599 3053 igitur

2021 3073 2215 3138 voluit,
2253 3090 2434 3144 neque
2458 3090 2595 3129 vero
2618 3090 2811 3129 unum.
2844 3072 2913 3137 Et
2936 3071 3100 3128 simili
3130 3073 3339 3127 ratione
3361 3073 3599 3144 Cyrillus

2020 3166 2260 3232 divinus,
2319 3166 2608 3233 Voluntas,
2685 3166 2888 3237 inquit,
2946 3167 3111 3221 unius
3161 3167 3595 3231 nominatorum,

2021 3260 2209 3316 Patris
2240 3259 2364 3314 dico
2386 3268 2442 3314 et
2468 3259 2593 3314 Filii
2624 3269 2683 3314 et
2711 3259 2872 3329 293
2903 3258 3145 3330 Spiritus
3178 3260 3377 3326 sancti,
3404 3276 3599 3316 creatis

2018 3350 2161 3418 apud
2184 3364 2572 3420 quemcunque
2589 3363 2710 3405 esse
2737 3349 2963 3415 dicitur,
2984 3348 3190 3404 factum
3213 3350 3333 3418 ejus
3359 3359 3463 3417 est,
3501 3353 3595 3407 ενα

2016 3454 2117 3509 per
2148 3448 2316 3496 totam
2349 3440 2693 3497 divinitatem
2718 3449 2802 3495 est
2833 3440 2949 3496 fusa
2981 3440 3331 3506 etessentiae,
3364 3457 3487 3512 qua:
3512 3451 3599 3497 est

2016 3541 2145 3587 ante
2176 3532 2534 3597 creationem,
2570 3543 2655 3589 est
2681 3532 2966 3601 perfectio.
2992 3531 3178 3599 Vides,
3209 3534 3495 3588 nominum
3544 3547 3600 3590 ct

2018 3622 2322 3678 verborum
2347 3624 2714 3695 cognitionem
2744 3624 3205 3694 philosophicam,
3228 3642 3256 3678 a
3275 3626 3479 3694 quibus
3500 3642 3599 3678 no-

2022 3714 2204 3770 tiones
2236 3726 2292 3771 et
2322 3715 2578 3785 dogmata
2626 3718 2926 3771 constituta
2953 3718 3133 3770 omnia
3184 3719 3462 3783 oriuntur,
3482 3735 3597 3771 nia—

2016 3822 2177 3877 gnam
2200 3808 2483 3878 requirere
2496 3807 2840 3877 prudentiam
2863 3819 2919 3863 et
2937 3808 3299 3879 quaastionem
3325 3810 3521 3881 :ejusd.
3545 3828 3598 3866 tu

2019 3900 2167 3954 enim
2196 3900 2440 3955 nominis
2466 3908 2595 3954 sunt
2622 3900 2963 3970 pleramque.
2998 3899 3064 3954 Et
3089 3910 3379 3973 propterea
3405 3917 3598 3958 omnes

2018 3993 2406 4049 haereticorum
2440 4004 2616 4050 castus
2643 4037 2658 4063 ,
2688 3994 2775 4048 his
2809 3992 3085 4057 involuti,
3121 4002 3319 4063 petunt
3366 3995 3598 4052 diversis

2019 4086 2364 4156 temporibus
2401 4086 2642 4142 obscure
2674 4085 2937 4155 pietatem
2975 4096 3233 4155 tanquam
3258 4099 3327 4139 ex
3358 4085 3595 4154 insidiis,

2016 4194 2124 4249 qua
2148 4189 2202 4233 et
2221 4179 2338 4248 ipse
2363 4192 2495 4233 usus
2518 4193 2579 4234 es
2596 4177 2825 4233 audacia
2842 4187 2895 4235 et
2915 4176 3152 4233 dicendo
3194 4186 3250 4232 et
3302 4177 3599 4233 scribendo

2018 4272 2245 4328 omnino
2299 4271 2538 4325 maxime
2609 4281 2801 4325 contra
2869 4268 3123 4340 dogmata
3178 4268 3360 4323 divina
3413 4271 3597 4325 omnia
3673 4330 3678 4335 ,

2018 4364 2129 4429 illa,
2160 4379 2223 4418 ac
2254 4377 2432 4433 neque
2467 4372 2784 4432 pascentem
2821 4361 3008 4415 omnia
3030 4361 3162 4415 solis
3198 4361 3401 4433 ignem,
3431 4377 3597 4433 quem

336 4457 556 4525 μήματι
586 4454 901 4508 παντάπασι
941 4456 1082 4509 κατὰ
1128 4456 1235 4508 τῶν
1267 4454 1428 4508 θείων
1456 4454 1743 4524 δογμάτων
1767 4457 1912 4524 μάλι·

2029 4466 2223 4511 testem
2259 4456 2429 4534 habes
2470 4454 2754 4524 pravitatis
2794 4463 2921 4520 tuae,
2955 4453 3167 4510 vereris
3191 4494 3206 4521 ,
3239 4468 3423 4524 neque
3466 4455 3601 4511 solis

332 4548 665 4603 σταπάντων
684 4548 931 4615 ἐκείνων,
945 4550 1037 4601 καὶ
1066 4545 1188 4600 οὔτε
1205 4547 1304 4618 τὴν
1322 4547 1391 4600 τὰ
1408 4547 1590 4602 πάντα
1608 4546 1909 4617 βόσκουσαν

2020 4562 2326 4604 οτοιῖοτρω
2377 4562 2557 4616 neque
2588 4546 2874 4601 hbminum
2912 4561 3262 4616 quemquam.

329 4645 489 4717 ἡλίου
516 4644 689 4712 φλόγα
725 4644 979 4714 μάρτυρα
1010 4643 1108 4713 τῆς
1131 4642 1396 4713 πονηρίας
1424 4640 1561 4713 έχων
1588 4642 1844 4715 αἰσχύνῃ,
1870 4640 1995 4696 οὐτε
2017 4642 2124 4713 μὴν
2142 4641 2233 4694 τὸν
2249 4639 2343 4695 τοῦ
2368 4640 2522 4710 ήλίου
2545 4639 2610 4710 δη
2622 4638 3018 4710 μιουργὸνρῦΐ
3044 4640 3346 4713 ἀνθρώπων
3378 4644 3594 4700 οὐδένα.

410 4736 511 4792 ll".
538 4740 649 4792 Kal.
674 4736 761 4789 ἵνα
785 4753 844 4787 σε
868 4737 963 4789 καὶ
1005 4735 1106 4805 τὴν
1132 4736 1230 4803 τῆς
1262 4736 1546 4804 ἐνεργείας
1574 4734 1773 4799 διδάξω
1804 4753 1920 4803 φω-

332 4832 436 4901 νὴν
466 4830 632 4882 οὖσαν
660 4827 865 4896 μᾶλλον
892 4827 1005 4880 τῶν
1034 4826 1348 4897 ὁμωνύμων
1384 4826 1575 4897 αὐτὴν,
1612 4825 1679 4898 [ἴ.
1712 4826 1815 4881 MO
1843 4825 1915 4898 r.]

334 4925 435 4977 καὶ
466 4920 892 4992 λαμϐανομένην
943 4921 1038 4973 καὶ
1089 4919 1177 4971 ἐπ’
1213 4918 1389 4972 ἄλλων
1442 4918 1565 4989 μὲν,
1599 4918 1736 4973 ἀλλὰ
1781 4920 1918 4972 κάπὶ

331 5015 437 5083 τῆς
470 5014 622 5075 θείας
649 5013 865 5081 ἐκείνης
893 5012 989 5064 καὶ
1023 5009 1303 5078 μακαρίας
1335 5009 1524 5071 οὐσίας
1552 5009 1647 5061 καὶ
1680 5008 1918 5075 φύσεως,

329 5111 469 5159 ὅταν
520 5104 990 5176 ἁπροσδιορίστως
1049 5103 1299 5171 λέγηται,
1348 5100 1443 5153 τοῦ
1501 5100 1649 5153 Θείου
1701 5100 1917 5168 πρῶτον

331 5200 504 5253 ἄκουε
548 5196 826 5265 Μαξίμουο
861 5215 879 5247 ι
921 5196 984 5247 Ἠ
1022 5191 1583 5263 αὐτοῦπεραγαθότης
1626 5189 1751 5254 νοῦς
1784 5190 1920 5244 οῦσα.

331 5295 435 5346 καί
468 5291 564 5357 ὅλη
620 5292 870 5358 ἐνέργεια
920 5291 998 5349 είς
1034 5286 1231 5354 ἐαυτὴν
1265 5285 1623 5355 ἐστραμμένη
1665 5285 1920 5353 ἐνέργειά

334 5390 513 5448 ἐστιν,
543 5384 604 5437 οὐ
655 5384 884 5449 δυνάμει
936 5384 1205 5449 πρότερον
1264 5376 1399 5431 οὐσα
1434 5378 1741 5447 ἀφροσύνη,
1801 5372 1919 5429 είτα

329 5475 464 5537 νοῦς
496 5472 750 5544 ἐνεργείᾳ
777 5471 1070 5541 γενομένη.
1120 5469 1285 5524 Ὅθεν
1322 5470 1416 5522 καὶ
1440 5469 1563 5532 νοῦς
1601 5472 1719 5522 ἐστι
1753 5469 1918 5539 μόνος

332 5566 601 5635 καθαρὸς,
638 5566 738 5618 οὐκ
762 5565 1055 5634 ἐπίκτητον
1084 5562 1222 5633 ἔχων
1248 5561 1309 5615 τὸ
1340 5565 1579 5632 φρονεῖν,
1616 5562 1752 5615 ἀλλὰ
1788 5562 1920 5631 παρ’

333 5661 533 5714 ἑαυτοῦ
564 5661 785 5720 πάντως
814 5661 945 5711 νοεῖ.
973 5656 1033 5711 Εἰ
1064 5659 1171 5727 γὰρ
1205 5657 1238 5725 ἡ
1263 5656 1362 5724 μὲν
1391 5655 1550 5710 οὐσία
1583 5653 1749 5707 αὐτοῦ
1782 5655 1916 5725 ἄλλη

335 5756 508 5823 ἐστὶν,
546 5754 583 5809 ἂ
613 5753 669 5807 δὲ
700 5753 813 5808 νοεῖ
842 5751 1002 5822 ἕτερα
1047 5751 1210 5806 αὐτοῦ
1242 5753 1412 5816 ἐστιν,
1445 5749 1672 5819 ἀνόητος
1701 5747 1852 5802 ἔσται
1882 5752 1916 5821 ὴ

2085 4732 2227 4788 XIII.
2261 4733 2328 4788 Et
2369 4742 2428 4788 ut
2460 4744 2511 4788 te
2538 4734 2707 4787 etiam
2738 4731 3045 4788 efﬁcientia
3089 4732 3348 4790 edoceam
3405 4753 3597 4792 vocem

2016 4840 2137 4879 esse
2170 4824 2338 4894 magis
2363 4822 2684 4878 eorumdem
2714 4824 2999 4877 nominum
3029 4823 3227 4894 ipsam,
3253 4832 3309 4878 et
3338 4812 3597 4895 usurpari

2016 4927 2072 4971 et
2102 4916 2156 4970 in
2188 4916 2312 4970 aliis
2342 4914 2587 4985 quidem,
2608 4915 2701 4971 sed
2733 4915 2867 4969 etin
2898 4913 3080 4969 divina
3110 4914 3201 4969 illa
3237 4925 3294 4970 et
3323 4916 3482 4972 beata
3511 4936 3600 4973 ese

2018 5009 2197 5065 sentia
2237 5017 2292 5064 et
2324 5019 2543 5075 natura,
2597 5024 2722 5063 cum
2752 5008 3049 5064 indiscrete
3080 5000 3318 5075 dicatur,
3354 5011 3597 5081 primum

2017 5101 2266 5155 divinum
2302 5102 2493 5157 audias
2523 5101 2819 5155 Maximum
2862 5118 2879 5156 :
2911 5102 3144 5156 Maxima
3181 5101 3433 5171 bonitas,
3480 5120 3603 5174 quae

2029 5213 2181 5252 mens
2214 5207 2316 5264 est,
2364 5207 2415 5251 et
2447 5199 2625 5253 omnis
2653 5196 2972 5263 eﬂicientia,
3002 5199 3058 5250 in
3092 5211 3150 5250 se
3182 5200 3602 5266 conversa,elii-

2027 5292 2225 5346 cientia
2247 5302 2494 5359 est,cum
2528 5307 2635 5344 non
2663 5290 2966 5345 secundum
2999 5291 3303 5360 potentiam
3340 5301 3497 5346 antea
3532 5295 3603 5347 sit

2021 5383 2280 5445 amentia,
2327 5391 2516 5451 postea
2559 5398 2714 5435 mens
2766 5382 3070 5436 secundum
3120 5382 3469 5439 efﬁcientiam
3505 5388 3601 5451 tit;

2023 5477 2206 5545 itaque
2236 5476 2402 5528 etiam
2448 5489 2604 5530 mens
2642 5483 2728 5529 est
2772 5476 2888 5529 sola
2936 5491 3222 5546 pura,non
3261 5476 3467 5531 laetitia
3509 5494 3602 5530 n.-:a

2020 5567 2372 5636 cogitatione,
2406 5566 2501 5622 sed
2532 5580 2631 5636 per
2650 5581 2707 5622 se
2730 5567 2901 5638 ipsam
2950 5571 3174 5624 omnino
3207 5569 3477 5636 intelligit.
3514 5570 3606 5624 Ειο
3634 5552 3641 5555 ’

2021 5662 2165 5715 enim
2194 5661 2237 5714 si
2257 5660 2492 5715 essentia
2513 5660 2631 5731 ejus
2653 5661 2867 5717 diversa
2889 5674 2991 5729 est,
3013 5678 3133 5732 qua:
3154 5673 3333 5715 autem
3349 5663 3512 5735 294,
3529 5668 3609 5720 in—

2022 5749 2321 5822 tclligit,ab
2349 5764 2413 5807 ea
2436 5750 2651 5807 diversa
2684 5752 2963 5817 sunt,sine
2991 5766 3152 5805 sensu
3171 5751 3239 5802 sit
3273 5766 3499 5808 necesse
3523 5765 3604 5809 est
