4046 6290
541 267 651 332 259

1745 269 1795 331 N
1810 271 2168 331 [CEPHORI
2213 271 2256 328 G
2275 269 2603 334 REGOBJE
3676 262 3760 325 ἓ).θο

541 383 779 440 essentia
809 381 946 453 ejus.
974 381 1028 435 Si
1056 379 1186 450 quid
1214 389 1397 435 autem
1425 380 1614 446 habet,
1646 397 1674 433 a
1705 396 1762 436 se
1794 383 1907 451 ipsa
1935 384 2122 441 habet,

2235 384 2392 435 οὐσία
2422 381 2591 435 αὑτοῦ
2611 396 2624 410 '
2663 381 2780 434 εἴτι
2805 377 2859 431 δὲ
2889 375 3026 446 ἔχει,
3057 374 3186 442 παρ’
3213 371 3410 427 ἑαυτοῦ
3433 371 3558 441 ἔχει,
3579 371 3633 424 οὖ
3659 371 3764 442 παρ’

544 493 653 532 non
685 479 755 530 ab
786 476 913 528 alio.
944 474 998 528 Si
1026 490 1055 528 a
1078 490 1133 527 se
1165 474 1304 542 ipsa,
1329 473 1491 526 etiam
1523 488 1620 541 per
1647 472 1818 540 ipsam
1849 473 2124 540 intelligit.

544 572 667 640 Ipsa
703 580 886 623 autem
918 575 1001 620 est
1034 582 1120 632 ea,
1153 581 1274 635 qua:
1303 565 1590 633 intelligit;
1633 564 1799 632 igitur
1821 579 1944 618 eam
1975 579 2128 618 mens

544 651 638 720 sit,
673 675 863 712 revera
914 657 1171 727 intelligit
1199 672 1261 710 ea
1297 671 1415 724 (pne
1444 655 1516 707 ita
1547 663 1676 708 sunt
1701 667 2042 722 comparata,
2072 664 2131 708 ut

544 770 608 806 ea
642 754 779 819 ipsa.
812 749 977 802 Vides
1009 748 1363 802 efﬁcientiam
1403 755 1454 798 et
1502 758 1740 799 mentem
1771 754 1826 800 et
1861 746 2128 799 rationem

547 843 894 912 intelligendi
936 851 990 896 et
1020 841 1296 910 cogitandi
1342 840 1458 893 sive
1497 838 1918 906 intelligentiam
1954 848 2009 891 et
2038 853 2132 893 co—

545 937 870 1006 gitationem
908 934 1050 988 idem
1101 947 1221 985 esse
1254 946 1377 984 cum
1415 931 1654 984 essentia
1697 929 2066 984 demonstrari
2099 945 2128 982 a

542 1026 733 1080 divino
764 1025 856 1077 illo
885 1021 1186 1091 magistro?
1212 1021 1412 1088 Accipe
1438 1031 1620 1074 autem
1659 1035 1824 1088 porro
1853 1020 2017 1073 etiam
2050 1019 2132 1072 al-

545 1130 722 1172 terum
762 1116 1013 1184 ejusdem
1043 1116 1251 1169 dictum
1281 1116 1474 1168 eodem
1517 1115 1682 1167 modo
1709 1123 2085 1181 comparatum
2115 1130 2129 1166 :

539 1210 694 1264 Nulla
720 1225 806 1262 res
825 1208 1050 1263 omnino
1072 1222 1168 1276 per
1182 1223 1240 1261 se
1273 1207 1387 1275 ipsa
1409 1217 1492 1261 est
1520 1202 1748 1274 simplex
1773 1205 2011 1260 essentia
2035 1214 2132 1260 aut

539 1301 918 1369 intelligentia,
944 1307 1002 1353 ut
1035 1298 1202 1351 etiam
1262 1312 1450 1351 monas
1498 1297 1569 1351 sit
1608 1295 1916 1351 individua.
1955 1296 2127 1350 Deum

534 1403 720 1447 autem
780 1390 896 1444 sive
945 1390 1237 1444 essentiam
1289 1389 1546 1452 dicimus,
1567 1403 1676 1442 non
1715 1387 1877 1442 habet
1915 1387 2006 1441 ille
2056 1388 2132 1442 si-

537 1486 650 1541 mul
683 1483 1021 1554 intelligendi
1048 1484 1180 1550 vim,
1204 1482 1310 1536 nisi
1336 1481 1478 1536 forte
1509 1481 1848 1552 compositus
1879 1488 1987 1544 est,
2011 1479 2130 1534 sive

537 1576 974 1644 intelligentiam,
1003 1589 1108 1626 non
1132 1571 1302 1625 habet
1330 1587 1360 1624 a
1391 1581 1588 1626 natura
1633 1570 1990 1639 recipientem
2036 1567 2128 1623 ille

537 1667 919 1737 intelligentia:
961 1663 1298 1734 suppositam
1320 1661 1762 1718 essentiam.Sed
1794 1669 2014 1732 prepter
2043 1674 2132 1714 es-

534 1760 770 1814 sentiam
811 1758 954 1812 Dens
981 1764 1067 1810 est
1113 1753 1497 1824 intelligentia,
1538 1761 1596 1808 et
1634 1761 1781 1809 totus
1811 1760 1896 1808 est
1925 1750 2129 1806 intelli-

535 1850 719 1922 gentia
751 1857 804 1901 et
831 1847 1004 1902 solum
1029 1884 1042 1908 ,
1069 1853 1125 1898 et
1156 1853 1382 1914 propter
1413 1844 1829 1915 intelligentiam
1856 1844 2123 1911 essentia,

533 1951 592 1998 et
635 1950 780 1995 totus
830 1948 916 1994 est
939 1937 1178 1993 essentia
1209 1947 1262 1992 et
1291 1937 1467 1991 solum
1493 1945 1549 1992 et
1574 1944 1799 2008 propter
1825 1937 2122 1991 essentiam

537 2037 709 2092 totus.
754 2038 810 2084 et
857 2037 1084 2097 propter
1134 2026 1550 2090 intelligentiam
1591 2034 1756 2092 totus,
1790 2035 2126 2096 quapropter

535 2135 729 2175 manas
751 2129 836 2175 est
869 2118 1151 2174 individua
1176 2125 1232 2171 et
1256 2119 1492 2174 indivisa
1510 2127 1564 2174 et
1589 2118 1843 2188 simplex.
1862 2119 1928 2174 Et
1951 2119 2084 2175 alibi
2107 2160 2121 2185 ,

535 2209 724 2266 lionas
739 2209 907 2274 enim,
937 2209 1136 2278 inquit,
1160 2207 1420 2262 divinitas
1443 2217 1549 2272 est,
1569 2223 1748 2278 neque
1766 2223 1896 2262 vero
1917 2207 2051 2278 dyas
2070 2217 2130 2262 et

536 2303 693 2366 trias,
711 2304 806 2358 sed
837 2301 1278 2364 nonmnltitndo,
1300 2301 1441 2356 initii
1476 2308 1841 2370 estexperset
1871 2303 2127 2372 incorpo-

538 2411 628 2450 rea
651 2403 707 2448 et
737 2392 1090 2448 constans.Et
1115 2395 1340 2446 rursus:
1363 2392 1501 2447 Illud
1519 2394 1662 2452 enim
1694 2403 1888 2448 natura
1915 2405 1998 2448 est
2017 2409 2131 2447 ma-

539 2487 683 2539 xime
712 2484 873 2552 295
904 2483 1077 2537 solum
1105 2524 1119 2545 ,
1155 2483 1460 2553 integrum,
1496 2483 1921 2553 incompositum
1957 2495 2009 2538 et
2042 2485 2125 2538 in-

535 2578 856 2632 dissolubile
889 2585 944 2632 et
974 2592 1129 2645 aeque
1165 2576 1323 2631 abest
1351 2592 1382 2630 a
1423 2577 1747 2632 substantiae
1779 2577 2012 2631 monadc
2040 2585 2128 2631 at-

530 2684 641 2738 que
671 2685 701 2723 a
729 2667 971 2721 mater-ite
1000 2666 1175 2737 dyade
1196 2676 1251 2721 et
1275 2683 1305 2720 a
1340 2667 1691 2722 multitudine
1723 2668 2118 2722 essentiarnm.

540 2759 702 2814 Vides
737 2759 965 2812 omnino
1008 2757 1157 2812 hunc
1188 2756 1437 2811 divinum
1465 2765 1651 2811 vetare
1686 2758 2008 2826 magistrum
2036 2757 2127 2811 hic

533 2867 724 2908 vocem
762 2849 954 2904 triadis
989 2859 1249 2918 tanquam
1285 2864 1579 2902 numerum
1627 2848 1928 2903 multorum
1967 2849 2117 2921 cogi-

534 2943 864 3000 tari?Trias
899 2944 1069 3003 enim,
1115 2941 1315 3011 inquit,
1364 2952 1448 2996 est
1495 2957 1709 3005 monas,
1764 2957 1944 3012 neque
1986 2957 2122 2997 vero

2233 479 2416 532 ἄλλου.
2449 478 2509 530 Εἰ
2537 477 2591 529 δέ
2619 475 2747 544 παρ’
2785 471 2982 524 ἐαυτοῦ
3016 471 3112 523 καὶ
3144 473 3200 533 ἐξ
3246 465 3444 520 ἐαυτοῦ
3480 468 3599 529 νοεῖ,
3629 467 3764 529 αὐτὸς

2232 572 2379 623 ἐστιν
2408 569 2444 622 ἃ
2474 569 2605 621 νοεῖ.
2637 566 2849 618 Οὐκοῦν
2879 562 3003 622 νοῦς
3037 562 3114 615 ὢν
3139 561 3309 624 ὅντως
3344 561 3458 611 νοεῖ
3486 559 3546 612 τὰ
3569 558 3684 612 ὄντα
3705 557 3767 621 ὡς

2232 661 2324 713 ὢν.
2362 681 2378 709 ι
2435 660 2598 729 Ὁρᾷς
2643 657 2761 720 πῶς
2805 656 3086 724 ἐνέργειαν
3135 652 3230 706 καὶ
3269 650 3396 704 νοῦν
3421 651 3514 702 καὶ
3542 655 3667 702 νοεῖν
3691 653 3769 703 καὶ

2232 753 2474 822 φρονεῖν,
2506 749 2693 801 εἵτουν
2721 748 2906 814 νόησιν
2960 746 3057 796 καὶ
3093 744 3380 812 φρόνησιν,
3404 739 3590 793 ταυτὸν
3611 740 3668 808 τῇ
3697 739 3768 791 οὐ⁸

2233 845 2325 914 σία
2351 843 2622 894 δείκνυσιν
2672 843 2699 892 ὁ
2729 840 2873 900 θεῖος
2917 830 3070 898 οὗτος
3102 835 3457 896 διδάσκαλοςς
3496 832 3675 882 Ἄκουε
3721 829 3769 881 δὲ

2229 939 2416 990 λοιπὸν
2447 935 2540 987 καὶ
2589 934 2786 1002 ἑτέραν
2809 931 2906 984 τοῦ
2943 929 3112 982 αὑτοῦ
3137 931 3295 997 ῥῆσιν
3328 925 3522 994 ὁμοίως
3546 922 3765 992 ἔχουσαν·

2235 1050 2254 1082 ‹
2293 1029 2458 1082 Οὖὸἐν
2489 1027 2598 1078 τῶν
2624 1028 2790 1078 ὄντων
2818 1026 2880 1075 τὸ
2913 1022 3135 1075 σύνολον
3163 1020 3295 1072 αὐτὸ
3344 1015 3465 1069 καθ’
3495 1014 3615 1068 αὑτό
3646 1012 3770 1081 ἀττλῆ

2228 1138 2311 1183 τις
2339 1119 2496 1171 οὐσία
2525 1117 2557 1185 ἢ
2581 1115 2766 1182 νόησίς
2794 1114 2966 1173 ἐστιν,
2991 1111 3079 1162 ἵνα
3102 1111 3199 1162 καὶ
3229 1105 3396 1178 μονὰς
3481 1102 3768 1172 ἀδιαίρετος.

2228 1214 2333 1267 Τὸν
2358 1211 2416 1264 δὲ
2447 1210 2584 1264 Θεὸν
2619 1207 2731 1261 εἴτε
2756 1205 2945 1259 οὐσίαν
2979 1203 3256 1271 εἴποιμεν,
3293 1198 3393 1250 οὐκ
3423 1197 3532 1266 ἔχει
3555 1192 3770 1262 φυσικῶς

2229 1303 2730 1373 συνεπινοουμένην
2764 1298 2863 1368 τὴν
2897 1296 2992 1349 τοῦ
3039 1293 3282 1347 νοεῖσθαι
3311 1289 3560 1356 δύναμιν.
3591 1287 3670 1339 ῐνα
3709 1284 3771 1354 μὴ

2227 1397 2262 1475 ᾖ
2298 1398 2553 1458 σύνθετος
2573 1410 2588 1424 ⁸
2622 1393 2731 1446 εἴτε
2757 1392 2966 1461 νόησιν,
3001 1389 3103 1441 οὑκ
3132 1385 3247 1457 ἔχει
3273 1389 3520 1453 φυσικῶς
3549 1376 3772 1446 δεκτικὴν

2227 1467 2329 1560 τῆς
2359 1489 2596 1557 νοήσεως
2653 1481 3025 1552 ὑποκειμένην
3069 1477 3283 1530 οὐσίαν.
3340 1471 3482 1527 Ἀλλ’
3510 1469 3633 1523 αὐτὸ
3670 1467 3772 1560 κατ’

2226 1559 2414 1635 οὑσίαν
2443 1577 2628 1647 νόησίς
2658 1578 2810 1629 ἐστιν
2841 1575 2869 1628 ὁ
2897 1571 3056 1635 Θεὸς,
3081 1569 3178 1622 καὶ
3202 1567 3324 1630 ὅλος
3354 1567 3541 1634 νόησις
3579 1562 3667 1615 καὶ
3693 1559 3765 1629 p.6-

2229 1691 2342 1736 vov,
2376 1671 2474 1725 καὶ
2500 1669 2633 1723 αὐτὸ
2658 1666 2803 1720 κατά
2825 1663 2925 1736 τὴν
2950 1661 3135 1732 νόησιν
3165 1657 3343 1721 οὐσία,
3381 1656 3475 1710 καὶ
3497 1655 3612 1716 ὅλος
3641 1647 3775 1703 οὐσία

2229 1767 2328 1820 καὶ
2355 1763 2558 1832 ’μόνον,
2593 1762 2688 1814 καὶ
2715 1758 2856 1828 ὑπὲρ
2907 1755 3100 1810 οὐσίαν
3143 1750 3291 1818 ὅλος,
3330 1753 3427 1805 καὶ
3459 1748 3595 1817 ὑπὲρ
3617 1745 3776 1816 νόησιν

2227 1857 2370 1920 ὅλος,
2400 1856 2536 1909 διότι
2576 1851 2746 1922 μονάς
2768 1849 3076 1920 ἀδιαίρετος
3105 1849 3202 1901 καὶ
3227 1843 3443 1916 ἀμερὴς
3467 1840 3562 1894 καὶ
3578 1837 3730 1906 ἁπλῆ.
3755 1852 3770 1887 ι

2230 1953 2340 2005 Κάὶ
2362 1945 2621 2018 ἀλλαχοῦ,
2659 1963 2679 1997 ι
2706 1943 2896 2006 Μονὰς
2913 1942 3047 2011 γὰρ,
3088 1958 3108 1992 ι
3142 1939 3331 2009 φησὶν,
3371 1955 3390 1988 ‹
3415 1936 3450 2005 ἡ
3479 1933 3679 2002 θεότης,
3699 1929 3779 1982 καὶ

2230 2043 2292 2098 οὑ
2341 2042 2506 2104 δυὰς,
2555 2038 2650 2091 καὶ
2685 2034 2864 2105 τριὰς,
2915 2031 3032 2086 ἀλλ’
3061 2029 3123 2084 οὑ
3158 2028 3389 2098 πλῆθος,
3444 2026 3520 2090 ὡς
3546 2025 3778 2091 ἄναρχος,

2222 2132 2524 2203 ἀσώματός
2551 2147 2609 2183 τε
2641 2129 2737 2183 καὶ
2766 2125 3187 2184 ἀστασίαστος.»
3213 2121 3321 2174 Καὶ
3348 2119 3535 2177 πάλιν,
3563 2135 3582 2168 ‹
3602 2115 3784 2170 Ἐκεῖνο

2232 2227 2342 2294 γὰρ
2374 2222 2532 2291 φύσει
2559 2218 2869 2289 μονώτατον
2891 2215 3117 2277 τέλειον,
3141 2213 3203 2264 τὸ
3224 2209 3519 2264 ἀσύνθετον
3535 2207 3624 2260 καὶ
3643 2203 3785 2259 ἀσκέ-

2229 2317 2427 2370 δαστον
2483 2311 2580 2365 καὶ
2610 2309 2813 2378 φεῦγον
2849 2306 2938 2359 ἐπ’
2973 2304 3096 2374 ἴσης
3127 2304 3191 2358 τό
3231 2319 3293 2354 τε
3333 2300 3457 2354 καθ’
3513 2297 3784 2352 ὑπόστασιν

2235 2402 2525 2476 μοναδικδν
2553 2402 2649 2456 καὶ
2674 2401 2736 2454 τὸ
2763 2398 2886 2453 καθ’
2914 2396 3048 2465 ὓλην
3070 2395 3254 2448 δυ’ίκδν
3278 2394 3371 2446 καὶ
3396 2392 3459 2445 τὸ
3485 2392 3604 2446 κατ’
3622 2388 3786 2476 οὐσίαν

2229 2475 2621 2559 πληθυντικόν.
2651 2509 2671 2543 ι
2719 2489 2885 2558 Ὁρᾷς
2911 2487 3030 2550 πῶς
3063 2485 3124 2537 τὸ
3171 2481 3551 2553 πληθυντικὴν
3573 2475 3786 2532 νοεῖσθαι

2231 2589 2332 2659 τὴν
2354 2587 2457 2655 τῆς
2484 2584 2713 2655 Τριάδος
2747 2578 2986 2634 ἐνταῦθα.
3018 2577 3206 2646 φωνὴν
3251 2575 3604 2628 παντάπασιν
3622 2573 3647 2625 ό
3665 2570 3786 2630 θεῖος

2229 2677 2386 2743 οὗτος
2407 2673 2748 2745 ἀπαγορεύει
2782 2670 3141 2734 διδάσκαλος;
3189 2667 3374 2728 Μονὰς
3399 2667 3532 2735 γὰρ,
3563 2659 3787 2732 φησὶν,ή

2232 2773 2406 2844 Τριὰς
2439 2768 2534 2823 καὶ
2562 2771 2621 2820 οὺ
2666 2765 2897 2835 πλῆθος,
2946 2760 3041 2814 καὶ
3068 2759 3206 2830 πρός
3251 2776 3316 2826 γε
3353 2757 3664 2830 μονώτατον
3709 2755 3790 2806 καὶ

2233 2867 2438 2920 ἐνιαῖον
2459 2862 2557 2916 καὶ
2584 2861 2646 2914 οὑ
2682 2857 3075 2927 πληθυντικὸν,
3112 2855 3210 2908 καὶ
3246 2851 3341 2906 ἐπὶ
3361 2849 3576 2911 τούτοις
3605 2845 3792 2902 ἁπλοῦν

2230 2959 2327 3012 καὶ
2349 2957 2410 3010 οὑ
2445 2952 2725 3024 μεριστόν.
2765 2950 2841 3004 Τὸ
2879 2950 2981 3019 μὲν
3012 2949 3124 3018 γὰρ
3153 2946 3384 3009 τέλειον,
3430 2945 3495 2998 τὸ
3529 2943 3576 2996 δ’
3596 2940 3788 3000 ἀτελές.

533 3038 851 3100 multitudo,
883 3048 938 3092 et
967 3046 1237 3103 praeterea
1266 3036 1500 3090 maxime
1529 3036 1707 3091 solum
1737 3045 1793 3090 et
1830 3038 1994 3091 unius
2026 3051 2124 3090 ne-

2233 3048 2298 3099 Ὂ
2323 3044 2434 3114 γὰρ
2471 3044 2646 3098 αἴτιον
2676 3041 2916 3101 πάντων,
2948 3039 3008 3093 ἒν
3040 3039 3260 3100 πάντως
3280 3053 3296 3068 ο
3327 3036 3423 3091 καὶ
3471 3036 3501 3088 ὅ
3533 3034 3641 3088 τῶν
3675 3027 3791 3085 πολ-

528 3144 640 3198 qne
672 3143 804 3182 vero
836 3125 1208 3180 multitudinis
1237 3125 1434 3189 instar,
1468 3134 1524 3178 et
1567 3135 1834 3195 prteterea
1885 3125 2117 3194 simplex

533 3237 712 3291 neque
766 3235 896 3274 vero
950 3220 1288 3282 maximum;
1325 3218 1559 3272 alterum
1608 3222 1756 3272 enim
1806 3227 1892 3273 est
1941 3217 2120 3288 perfe-

530 3327 704 3378 ctum,
740 3315 978 3368 alterum
1030 3311 1454 3382 imperfectum;
1486 3311 1638 3382 quod
1680 3311 1831 3366 enim
1866 3311 2118 3366 omnium

525 3419 618 3465 est
649 3423 838 3472 causa,
874 3407 927 3460 id
966 3406 1193 3460 omnino
1217 3420 1386 3460 unum
1418 3414 1526 3469 est,
1553 3389 1614 3458 et
1643 3403 1790 3474 quod
1821 3404 2118 3458 multorum

531 3511 591 3556 et
625 3499 1066 3568 compositorum
1094 3504 1183 3552 est
1210 3510 1398 3560 causa,
1425 3495 1661 3564 simplex
1693 3494 1926 3550 omnino
1954 3503 2040 3550 est
2065 3503 2123 3550 et

534 3593 995 3662 incompositum.
1034 3589 1249 3644 Etenim
1282 3587 1326 3642 si
1360 3603 1469 3642 non
1502 3602 1670 3642 unum
1700 3595 1820 3650 est,
1853 3586 1992 3641 nihil
2015 3595 2120 3652 est,

465 3705 471 3712 ·
531 3685 684 3741 unde
714 3685 1121 3745 discernamus,
1152 3697 1217 3737 ac
1257 3682 1303 3736 si
1354 3697 1462 3735 non
1516 3680 1777 3750 simplex,
1812 3679 1955 3735 idem
2010 3695 2122 3735 non

527 3786 621 3832 est
648 3777 788 3830 ultra
829 3775 1000 3830 multa
1030 3782 1085 3829 et
1116 3773 1456 3843 composita;
1491 3772 1574 3828 sin
1625 3781 1809 3827 autem
1844 3772 2076 3843 simplex
2104 3810 2120 3835 ,

527 3869 752 3924 omnino
785 3879 869 3925 est
899 3868 1066 3922 etiam
1104 3865 1450 3920 individuum
1490 3865 1656 3920 simul
1705 3872 1761 3919 et
1801 3864 2120 3920 indivisum.

530 3959 845 4029 Composita
875 3950 1026 4013 enim
1058 3956 1233 4011 dividi
1275 3965 1331 4010 et
1360 3954 1602 4010 discerni
1648 3964 1883 4025 possunt
1921 3954 1977 4008 in
2017 3970 2081 4010 ea
2105 3992 2122 4019 ,

529 4069 596 4107 ex
659 4053 862 4122 quibus
921 4057 1268 4106 contractum
1319 4057 1376 4102 et
1425 4050 1796 4116 compositum
1847 4057 1932 4102 est
1988 4046 2125 4102 illud

531 4145 899 4215 compositum
960 4153 1017 4197 et
1067 4141 1448 4210 conjunctum.
1505 4139 1650 4207 Quot
1701 4139 1850 4194 enim
1906 4138 2125 4194 discer-

531 4248 763 4304 nuntur,
795 4246 878 4292 tot
907 4246 993 4292 cst
1024 4236 1384 4304 conjunctum
1417 4271 1433 4297 ,
1482 4250 1551 4288 ex
1601 4248 1710 4303 quo
1764 4233 1880 4289 haec
1917 4233 2128 4290 discer-

530 4342 762 4397 nuntur,
795 4340 851 4384 et
889 4337 1028 4394 quot
1079 4327 1168 4381 illa
1223 4327 1419 4390 multa,
1465 4333 1545 4380 tot
1577 4327 1682 4381 hoc
1712 4341 1884 4381 unum
1908 4370 1921 4394 ,
1952 4343 1981 4380 a
2011 4343 2123 4398 quo

2222 3136 2330 3190 λῶν
2376 3134 2471 3187 καὶ
2502 3132 2772 3187 συνθέτων
2797 3133 2992 3195 αἴτιον,
3025 3127 3236 3184 ἁπλοῦν
3265 3129 3492 3187 πάντως
3527 3126 3623 3178 καὶ
3651 3120 3794 3174 ἀσύν-

2225 3228 2398 3281 θετον.
2426 3226 2489 3279 Ελί
2517 3226 2628 3293 γὰρ
2657 3223 2732 3292 μὴ
2761 3224 2818 3274 ἓν
2852 3223 2992 3283 ἐστι,
3045 3221 3200 3284 οὐδέν
3251 3221 3420 3280 ἐστιν,
3473 3212 3794 3286 ὁποτέρωθεν

2221 3317 2372 3390 ὁρῴη
2393 3334 2478 3381 τις
2515 3317 2604 3372 ἀν.
2636 3316 2746 3369 Καὶ
2775 3314 2826 3366 εί
2878 3313 2955 3384 μὴ
2985 3311 3220 3376 ἁπλοῦν,
3249 3311 3360 3365 οὐδ’
3392 3309 3656 3363 ἐπέκεινα
3701 3303 3795 3358 τῶν

2223 3407 2290 3482 [ἰ.
2325 3407 2428 3463 MO
2448 3407 2530 3480 v.1
2557 3405 2770 3460 πολλῶν
2805 3405 2901 3459 καὶ
2920 3405 3219 3458 συνθέτων.
3253 3403 3315 3456 Εἰ
3339 3399 3386 3454 δ’
3417 3400 3648 3464 ἁπλοῦν,
3678 3396 3797 3449 πᾶν·

2222 3518 2332 3564 τως
2363 3501 2459 3554 καὶ
2485 3496 2796 3569 ἀδιαίρετον
2840 3496 2960 3570 ἃμα
2983 3497 3081 3551 καὶ
3111 3494 3318 3566 ἀμερές
3342 3511 3355 3526 ·
3386 3494 3502 3548 τῶν
3555 3494 3665 3562 γὰρ
3688 3505 3797 3542 συντ

2225 3594 2398 3648 θέτων
2440 3593 2592 3646 ἐστὶν
2622 3592 2656 3661 ἡ
2680 3590 2950 3662 διαίρεσις
2994 3590 3092 3644 καὶ
3123 3589 3398 3661 διάκρισις
3429 3588 3516 3650 είς
3552 3589 3624 3640 τά
3661 3572 3799 3650 ἐξῶν

2227 3684 2529 3757 συνῄρηται
2571 3700 2632 3737 τε
2687 3687 2784 3737 καὶ
2836 3683 3182 3738 συντέθειται
3212 3682 3276 3735 τδ
3319 3681 3584 3735 σύνθετον
3634 3678 3793 3732 ἐκεῖνο

2225 3781 2322 3834 καὶ
2353 3777 2657 3850 ἡνωμένον.
2696 3777 2840 3831 Ὀσα
2869 3777 2980 3847 γὰρ
3033 3776 3102 3830 τὰ
3131 3775 3549 3847 διακρινόμενα,
3581 3768 3798 3825 τοσαῦτα

2224 3873 2288 3926 τὸ
2311 3873 2592 3944 ἡνωμένον
2637 3872 2732 3942 ἀφ’
2773 3862 2836 3924 οὗ
2867 3869 3032 3922 ταυτὶ
3062 3867 3408 3938 διακρίνεται
3429 3883 3445 3898 ο
3475 3866 3574 3920 καὶ
3611 3866 3708 3918 ὅσα
3740 3860 3800 3912 τὰ

2227 3963 2692 4028 πολλὰ,ιτοσαῦτα
2722 3962 2785 4016 τὸ
2813 3961 2873 4015 ἓν
2895 3961 2988 4030 ἀφ’
3009 3955 3069 4016 οῦ
3089 3960 3416 4014 διίστανται.
3443 3957 3555 4012 Τοῦ
3583 3954 3799 4011 δ’ἀδιαιο

2229 4057 2390 4129 ρέτου
2441 4056 2540 4111 uel.
2587 4054 2832 4124 ἀμεροῦς
2888 4054 2990 4108 οὐκ
3032 4053 3150 4106 ἔστι
3191 4051 3378 4105 λαϐεῖν
3415 4051 3610 4121 μόριον
3639 4045 3798 4101 οὐδὲν.

2227 4149 2353 4202 οὔτε
2373 4149 2640 4221 πρότερον
2672 4148 2851 4205 ἄλλων
2880 4146 2995 4200 οὔθ’
3037 4145 3267 4214 ὕστερον
3315 4143 3518 4206 ἀλλων,
3549 4139 3670 4196 οὔτε
3705 4136 3803 4221 μὴν

2185 4285 2192 4289 .
2229 4241 2406 4312 ἀρχὴν
2421 4220 2561 4292 οὔτε
2589 4239 2765 4308 πέρας
2786 4255 2802 4272 ’
2856 4240 2984 4294 ἄλλο
3021 4239 3127 4309 γὰρ
3160 4239 3220 4290 τὸ
3252 4239 3426 4304 πέρας
3459 4235 3559 4289 καὶ
3583 4233 3708 4288 ἀλλο
3747 4220 3802 4281 οὗ

2231 4333 2407 4403 πέρας
2435 4373 2450 4395 ,
2485 4332 2582 4384 καὶ
2635 4331 2703 4384 αὖ
2765 4332 2954 4401 ἕτερον
3009 4330 3154 4402 ἀρχὴ
3185 4331 3280 4382 καὶ
3327 4328 3518 4396 ἓτερον
3545 4325 3603 4379 οὗ
3647 4321 3800 4394 ἀρχή.

525 4424 758 4479 distant.
790 4421 1064 4476 lndividui
1086 4429 1269 4476 autem
1292 4432 1350 4476 et
1374 4408 1598 4474 indivisi
1627 4435 1737 4476 non
1769 4391 1950 4490 potest
1972 4391 2124 4477 co-m-

2228 4420 2398 4474 Τοῦτο
2426 4421 2484 4474 δέ
2518 4422 2741 4490 συνεχὲς
2789 4423 2884 4473 καὶ
2916 4419 3176 4473 σύνθετον
3207 4421 3301 4472 καὶ
3331 4419 3453 4472 ὅλον
3495 4421 3554 4470 ἐν
3608 4413 3801 4485 σχέσει.

529 4513 802 4585 prehendi
835 4512 945 4567 ulla
978 4527 1107 4581 pars
1146 4526 1326 4583 neque
1355 4527 1477 4582 quae
1510 4513 1662 4582 prior
1689 4511 1762 4566 sit
1789 4512 1910 4566 aliis
1937 4527 2118 4587 neque

523 4620 650 4674 qua:
684 4602 958 4670 posterior
1008 4602 1150 4665 aliis,
1195 4618 1374 4672 neque
1423 4603 1678 4667 initium,
1727 4617 1907 4672 neque
1959 4603 2122 4669 finis;

526 4695 678 4751 aliud
727 4693 874 4749 enim
918 4702 1002 4749 est
1047 4694 1193 4758 ﬁnis,
1240 4703 1297 4750 et
1357 4693 1502 4748 aliud
1559 4694 1717 4763 cujus
1763 4703 1850 4749 est
1897 4693 2040 4758 linis,
2071 4704 2126 4749 et

531 4801 728 4844 rursus
757 4786 904 4840 aliud
954 4793 1038 4842 est
1085 4786 1326 4850 initium,
1357 4786 1503 4840 aliud
1535 4786 1695 4856 cujus
1747 4793 1833 4838 est
1871 4784 2115 4841 initium.

529 4881 643 4936 Hoc
673 4896 856 4934 autem
889 4891 974 4935 est
1005 4895 1223 4950 semper
1253 4889 1309 4934 et
1341 4878 1706 4947 compositum
1743 4885 1800 4932 et
1851 4885 2026 4931 totum
2063 4877 2118 4930 in

543 4974 757 5041 habitu,
796 4990 917 5035 qua:
946 4973 1128 5028 omnia
1155 4988 1276 5028 esse
1311 4987 1420 5025 non
1453 4982 1682 5040 possunt
1719 4969 1774 5022 in
1808 4969 2040 5037 simplici
2069 4977 2125 5024 et

532 5067 764 5122 immota
817 5076 872 5120 et
903 5065 1132 5120 indivisa
1183 5065 1275 5119 illa
1308 5062 1574 5119 essentia.
1626 5059 1786 5126 Quod
1835 5069 2016 5115 autem
2059 5076 2127 5116 ex

2234 4514 2303 4564 Ἃ
2332 4513 2514 4564 πάντα
2562 4511 2803 4564 ἀδύνατα
2833 4512 2927 4563 ἐπὶ
2953 4511 3052 4579 τῆς
3085 4509 3267 4579 ἀπλῆς
3325 4509 3415 4562 καὶ
3442 4507 3672 4578 ἀσχέτου
3721 4501 3806 4554 καὶ

2228 4603 2468 4674 ἀμεροῦς
2504 4604 2718 4673 ἐκείνης
2737 4604 2948 4665 οὐσίας.
2979 4604 3043 4656 El
3071 4601 3115 4654 δ’
3139 4605 3203 4653 ἐκ
3226 4601 3332 4653 τῶν
3357 4602 3491 4669 ἡμῖν
3525 4611 3808 4667 γνωριμω-

2230 4694 2407 4766 τέρων
2436 4699 2535 4758 τὰς
2570 4697 2627 4748 ἐν
2671 4696 2800 4765 ἡμῖν
2831 4697 3110 4766 ἀρρήτους
3160 4692 3352 4754 ὠδῖνας
3387 4692 3470 4754 εἰς
3511 4690 3614 4760 τὴν
3643 4688 3807 4758 ἆῤῥηο

2229 4803 2340 4849 τον,
2378 4786 2443 4838 ἵν’
2474 4785 2635 4852 εἴπω,
2667 4786 3018 4855 συναίσθησιν
3047 4786 3146 4856 τῆς
3179 4787 3539 4855 ὑπερηφάνου
3565 4779 3807 4850 γνώσεως

2231 4878 2448 4947 ἐκείνης
2501 4880 2807 4945 ἀνάγεσθαι
2871 4880 3220 4949 πειρώμεθα,
3253 4876 3563 4945 Θλυμάζειν
3618 4875 3807 4944 ἥκιστα

2232 4971 2339 5042 χρή
2362 4988 2375 5002 ·
2409 4970 2568 5023 τοῦτο
2596 4970 2705 5041 γὰρ
2732 4971 2806 5034 ὡς
2841 4972 2911 5026 τὰ
2942 4972 3117 5024 πολλὰ
3161 4973 3384 5034 καὶτοῖς
3411 4970 3580 5032 θείοις
3603 4961 3809 5032 Πατρί-

2244 5078 2329 5114 σιν
2352 5059 2628 5113 ἀκώλυτον
2654 5059 2778 5131 ἔσχε
2811 5060 2870 5113 τὸ
2904 5060 3348 5130 συγκεχωρηκὸς.

528 5157 615 5224 iis,
646 5175 767 5230 quae
794 5158 958 5214 nobis
989 5158 1161 5228 magis
1189 5158 1389 5213 usitata
1426 5164 1593 5216 sunt,
1627 5161 1844 5206 uestras
1892 5152 2106 5224 ignotas
2143 5153 2427 5224 passiones
2456 5153 2523 5208 ad
2563 5154 2826 5223 ignotam,
2862 5165 2918 5209 ut
2943 5155 3015 5210 ita
3048 5155 3251 5218 dicam,
3289 5149 3808 5208 animadversionem

538 5251 703 5322 296
735 5251 948 5306 altioris
1005 5250 1336 5322 cognitionis
1372 5247 1520 5300 illius
1565 5244 1772 5300 referre
1817 5259 2108 5313 conamur,
2142 5247 2368 5302 minime
2400 5247 2589 5302 mirari
2620 5248 2905 5302 debemus.
2939 5248 3065 5303 llam
3106 5231 3253 5303 enim
3287 5249 3616 5317 plerumque
3651 5244 3804 5298 etiam

522 5346 732 5404 divinis
759 5345 1012 5400 Patribus
1038 5344 1212 5398 libera
1238 5342 1343 5397 fuit
1367 5341 1616 5396 licentia.

597 5439 740 5495 XIV.
775 5441 912 5494 Cum
940 5440 1107 5494 etiam
1130 5438 1234 5492 alia
1259 5436 1500 5507 plurima
1523 5452 1645 5506 quae
1675 5437 1952 5507 proferam
1979 5429 2115 5486 mihi

531 5540 832 5602 suppetant
868 5536 1085 5599 aperta,
1122 5536 1179 5582 et
1209 5542 1331 5598 qua:
1365 5528 1440 5583 ita
1488 5537 1549 5583 ut
1579 5529 1808 5584 refutari
1844 5540 1954 5580 non
1991 5537 2121 5592 pos-

527 5626 658 5686 sint,
695 5622 948 5691 probent,
977 5634 1103 5674 cum
1133 5619 1372 5675 essentia
1409 5619 1554 5675 idem
1586 5635 1707 5677 esse
1726 5615 1969 5674 divinam
2000 5609 2118 5666 elli-

529 5713 827 5779 tientiatn,
859 5719 916 5769 et
966 5710 1282 5768 universam
1333 5712 1680 5774 eﬂicientiam
1720 5711 1888 5769 etiam
1945 5703 2124 5776 ipsius

2299 5430 2398 5485 Μ’.
2445 5433 2625 5504 Ἔχων
2658 5433 2703 5486 δ’
2731 5434 2838 5501 ἐγὼ
2873 5439 2968 5489 καὶ
3001 5437 3167 5506 ἕτερα
3204 5437 3432 5492 πλεῖστα
3464 5438 3813 5507 προενεγκεῖν

2225 5523 2381 5593 σαφῆ
2416 5527 2511 5577 καὶ
2545 5527 2966 5596 ἀναμφιλέκτως
2997 5532 3292 5586 δεικνύντα
3324 5535 3394 5604 τῇ
3434 5533 3598 5604 οὐσίᾳ
3627 5529 3815 5585 ταυτδν

2230 5615 2372 5673 εἷναι
2421 5622 2520 5693 τὴν
2563 5623 2716 5676 θείαν
2755 5624 3042 5694 ἐνέργειαν
3085 5627 3182 5677 καὶ
3228 5627 3358 5694 ὅλην
3402 5626 3692 5695 ἐνέργειαν
3729 5622 3818 5676 καὶ

2234 5712 2681 5787 αὑτοενέργειαν,
2716 5717 2960 5788 παρίημι
2989 5714 3076 5770 διὰ
3104 5717 3332 5790 πλῆθος,
3363 5718 3555 5791 ἀρκεῖν
3585 5714 3818 5792 ἡγούμεο
