  <div class='ocr_page' id='page_1' title='image "/cluster/home/n/w/nwhite01/storage/ocr_20150623/149/mdp.39015078384750/138.png"; bbox 0 0 4046 6290; ppageno 0'>
   <div class='ocr_carea' id='block_1_1' title="bbox 283 317 390 384">
    <p class='ocr_par' dir='ltr' id='par_1_1' title="bbox 283 317 390 384">
     <span class='ocr_line' id='line_1_1' title="bbox 283 317 390 384; baseline 0 -1"><span class='ocrx_word' id='word_1_1' title='bbox 283 317 390 384; x_wconf 77' lang='lat'><strong>261</strong></span> 
     </span>
    </p>
   </div>
   <div class='ocr_carea' id='block_1_2' title="bbox 280 525 1868 596">
    <p class='ocr_par' dir='ltr' id='par_1_2' title="bbox 280 525 1868 596">
     <span class='ocr_line' id='line_1_2' title="bbox 280 525 1868 596; baseline -0.003 -15"><span class='ocrx_word' id='word_1_2' title='bbox 280 530 414 590; x_wconf 67' lang='grc' dir='ltr'>ἴσως</span> <span class='ocrx_word' id='word_1_3' title='bbox 447 528 550 579; x_wconf 76' lang='grc' dir='ltr'>κάν</span> <span class='ocrx_word' id='word_1_4' title='bbox 598 529 712 588; x_wconf 84' lang='grc' dir='ltr'>τοῖς</span> <span class='ocrx_word' id='word_1_5' title='bbox 744 526 905 596; x_wconf 77' lang='grc' dir='ltr'>ἑξῆς,</span> <span class='ocrx_word' id='word_1_6' title='bbox 938 527 1220 593; x_wconf 80' lang='grc' dir='ltr'><strong>προϊόντος</strong></span> <span class='ocrx_word' id='word_1_7' title='bbox 1275 526 1369 577; x_wconf 80' lang='grc' dir='ltr'><strong>τοῦ</strong></span> <span class='ocrx_word' id='word_1_8' title='bbox 1403 531 1532 594; x_wconf 67' lang='grc' dir='ltr'>περὶ</span> <span class='ocrx_word' id='word_1_9' title='bbox 1561 525 1659 594; x_wconf 77' lang='grc' dir='ltr'>τῆς</span> <span class='ocrx_word' id='word_1_10' title='bbox 1685 525 1868 576; x_wconf 77' lang='grc' dir='ltr'>τοιαύ-</span> 
     </span>
    </p>
   </div>
   <div class='ocr_carea' id='block_1_3' title="bbox 278 618 1869 689">
    <p class='ocr_par' dir='ltr' id='par_1_3' title="bbox 278 618 1869 689">
     <span class='ocr_line' id='line_1_3' title="bbox 278 618 1869 689; baseline -0.003 -17"><span class='ocrx_word' id='word_1_11' title='bbox 278 637 383 689; x_wconf 81' lang='grc' dir='ltr'><strong>της</strong></span> <span class='ocrx_word' id='word_1_12' title='bbox 412 619 698 689; x_wconf 74' lang='grc' dir='ltr'>ἐνεργείας</span> <span class='ocrx_word' id='word_1_13' title='bbox 727 618 911 687; x_wconf 81' lang='grc' dir='ltr'>λόγου.</span> <span class='ocrx_word' id='word_1_14' title='bbox 941 618 1054 672; x_wconf 83' lang='grc' dir='ltr'>Νῦν</span> <span class='ocrx_word' id='word_1_15' title='bbox 1086 618 1141 671; x_wconf 80' lang='grc' dir='ltr'><strong>δὲ</strong></span> <span class='ocrx_word' id='word_1_16' title='bbox 1171 618 1411 672; x_wconf 77' lang='grc' dir='ltr'><strong>δεικτέον</strong></span> <span class='ocrx_word' id='word_1_17' title='bbox 1444 618 1565 670; x_wconf 54' lang='grc' dir='ltr'><strong>ἐστὶ⁵</strong></span> <span class='ocrx_word' id='word_1_18' title='bbox 1596 619 1692 672; x_wconf 69' lang='grc' dir='ltr'><strong>καὶ</strong></span> <span class='ocrx_word' id='word_1_19' title='bbox 1720 619 1869 680; x_wconf 82' lang='grc' dir='ltr'>ὅπως</span> 
     </span>
    </p>
   </div>
   <div class='ocr_carea' id='block_1_4' title="bbox 284 710 1869 781">
    <p class='ocr_par' dir='ltr' id='par_1_4' title="bbox 284 710 1869 781">
     <span class='ocr_line' id='line_1_4' title="bbox 284 710 1869 781; baseline -0.002 -16"><span class='ocrx_word' id='word_1_20' title='bbox 284 712 427 780; x_wconf 80' lang='grc' dir='ltr'>μετὰ</span> <span class='ocrx_word' id='word_1_21' title='bbox 462 712 891 781; x_wconf 73' lang='grc' dir='ltr'>προσδιορισμοῦ</span> <span class='ocrx_word' id='word_1_22' title='bbox 930 729 1094 780; x_wconf 79' lang='grc' dir='ltr'>φασιν</span> <span class='ocrx_word' id='word_1_23' title='bbox 1127 712 1176 765; x_wconf 79' lang='grc' dir='ltr'>οἱ</span> <span class='ocrx_word' id='word_1_24' title='bbox 1212 712 1343 765; x_wconf 78' lang='grc' dir='ltr'>θεῖοι</span> <span class='ocrx_word' id='word_1_25' title='bbox 1377 711 1620 780; x_wconf 76' lang='grc' dir='ltr'>Πατέρες</span> <span class='ocrx_word' id='word_1_26' title='bbox 1652 712 1748 764; x_wconf 69' lang='grc' dir='ltr'><strong>καὶ</strong></span> <span class='ocrx_word' id='word_1_27' title='bbox 1779 710 1869 762; x_wconf 65' lang='grc' dir='ltr'><strong>τον</strong></span> 
     </span>
    </p>
   </div>
   <div class='ocr_carea' id='block_1_5' title="bbox 283 802 1869 870">
    <p class='ocr_par' dir='ltr' id='par_1_5' title="bbox 283 802 1869 870">
     <span class='ocr_line' id='line_1_5' title="bbox 283 802 1869 870; baseline -0.003 -15"><span class='ocrx_word' id='word_1_28' title='bbox 283 803 415 855; x_wconf 79' lang='grc' dir='ltr'>Υἱον</span> <span class='ocrx_word' id='word_1_29' title='bbox 449 803 543 854; x_wconf 71' lang='grc' dir='ltr'><strong>καὶ</strong></span> <span class='ocrx_word' id='word_1_30' title='bbox 576 803 636 854; x_wconf 84' lang='grc' dir='ltr'><strong>τὸ</strong></span> <span class='ocrx_word' id='word_1_31' title='bbox 676 803 834 869; x_wconf 77' lang='grc' dir='ltr'>ἅγιον</span> <span class='ocrx_word' id='word_1_32' title='bbox 872 802 1101 870; x_wconf 78' lang='grc' dir='ltr'><strong>Πνεῦμα</strong></span> <span class='ocrx_word' id='word_1_33' title='bbox 1134 804 1415 869; x_wconf 77' lang='grc' dir='ltr'>ἐνέργειαν</span> <span class='ocrx_word' id='word_1_34' title='bbox 1450 804 1545 854; x_wconf 71' lang='grc' dir='ltr'>καὶ</span> <span class='ocrx_word' id='word_1_35' title='bbox 1581 802 1869 867; x_wconf 76' lang='grc' dir='ltr'>αὑτοενέρ-</span> 
     </span>
    </p>
   </div>
   <div class='ocr_carea' id='block_1_6' title="bbox 280 891 1871 962">
    <p class='ocr_par' dir='ltr' id='par_1_6' title="bbox 280 891 1871 962">
     <span class='ocr_line' id='line_1_6' title="bbox 280 891 1871 962; baseline -0.001 -17"><span class='ocrx_word' id='word_1_36' title='bbox 280 911 474 961; x_wconf 85' lang='grc' dir='ltr'>γειαν,</span> <span class='ocrx_word' id='word_1_37' title='bbox 522 895 782 962; x_wconf 76' lang='grc' dir='ltr'>ἑκάτερον</span> <span class='ocrx_word' id='word_1_38' title='bbox 834 895 1239 961; x_wconf 58' lang='grc' dir='ltr'>προσηκόντως.</span> <span class='ocrx_word' id='word_1_39' title='bbox 1294 895 1401 945; x_wconf 72' lang='grc' dir='ltr'>Καὶ</span> <span class='ocrx_word' id='word_1_40' title='bbox 1450 893 1579 961; x_wconf 65' lang='grc' dir='ltr'>περὶ</span> <span class='ocrx_word' id='word_1_41' title='bbox 1632 892 1729 960; x_wconf 82' lang='grc' dir='ltr'><strong>μὲν</strong></span> <span class='ocrx_word' id='word_1_42' title='bbox 1776 891 1871 943; x_wconf 62' lang='grc' dir='ltr'><strong>τοῦ</strong></span> 
     </span>
    </p>
   </div>
   <div class='ocr_carea' id='block_1_7' title="bbox 284 982 1871 1053">
    <p class='ocr_par' dir='ltr' id='par_1_7' title="bbox 284 982 1871 1053">
     <span class='ocr_line' id='line_1_7' title="bbox 284 982 1871 1053; baseline -0.001 -17"><span class='ocrx_word' id='word_1_43' title='bbox 284 984 419 1037; x_wconf 80' lang='grc' dir='ltr'>Υίοῦ</span> <span class='ocrx_word' id='word_1_44' title='bbox 451 987 478 1036; x_wconf 87' lang='grc' dir='ltr'><strong>ὁ</strong></span> <span class='ocrx_word' id='word_1_45' title='bbox 509 984 653 1047; x_wconf 79' lang='grc' dir='ltr'>θεῖος</span> <span class='ocrx_word' id='word_1_46' title='bbox 683 983 827 1036; x_wconf 84' lang='grc' dir='ltr'>οῦτω</span> <span class='ocrx_word' id='word_1_47' title='bbox 856 986 1022 1053; x_wconf 73' lang='grc' dir='ltr'>φησὶν</span> <span class='ocrx_word' id='word_1_48' title='bbox 1054 984 1394 1046; x_wconf 74' lang='grc' dir='ltr'>ἈΟανάσιος,</span> <span class='ocrx_word' id='word_1_49' title='bbox 1435 1002 1453 1033; x_wconf 72' lang='grc' dir='ltr'><strong>ι</strong></span> <span class='ocrx_word' id='word_1_50' title='bbox 1492 985 1603 1035; x_wconf 78' lang='grc' dir='ltr'><strong>Οὐκ</strong></span> <span class='ocrx_word' id='word_1_51' title='bbox 1636 982 1871 1050; x_wconf 64' lang='grc' dir='ltr'>ἀμφίϐο-</span> 
     </span>
    </p>
   </div>
   <div class='ocr_carea' id='block_1_8' title="bbox 283 1075 1872 1146">
    <p class='ocr_par' dir='ltr' id='par_1_8' title="bbox 283 1075 1872 1146">
     <span class='ocr_line' id='line_1_8' title="bbox 283 1075 1872 1146; baseline 0 -20"><span class='ocrx_word' id='word_1_52' title='bbox 283 1075 378 1127; x_wconf 80' lang='grc' dir='ltr'><strong>λον</strong></span> <span class='ocrx_word' id='word_1_53' title='bbox 411 1078 492 1129; x_wconf 70' lang='grc' dir='ltr'>ὅτι</span> <span class='ocrx_word' id='word_1_54' title='bbox 529 1078 698 1137; x_wconf 80' lang='grc' dir='ltr'>αὑτός</span> <span class='ocrx_word' id='word_1_55' title='bbox 734 1079 884 1128; x_wconf 74' lang='grc' dir='ltr'>ἐστιν</span> <span class='ocrx_word' id='word_1_56' title='bbox 918 1078 950 1143; x_wconf 82' lang='grc' dir='ltr'>ἡ</span> <span class='ocrx_word' id='word_1_57' title='bbox 987 1076 1079 1127; x_wconf 84' lang='grc' dir='ltr'><strong>τοῦ</strong></span> <span class='ocrx_word' id='word_1_58' title='bbox 1125 1077 1334 1146; x_wconf 50' lang='lat' dir='ltr'><strong>“mpii;</strong></span> <span class='ocrx_word' id='word_1_59' title='bbox 1375 1076 1527 1139; x_wconf 75' lang='grc' dir='ltr'>ζῶσα</span> <span class='ocrx_word' id='word_1_60' title='bbox 1571 1076 1733 1145; x_wconf 76' lang='grc' dir='ltr'>βουλὴ</span> <span class='ocrx_word' id='word_1_61' title='bbox 1778 1075 1872 1126; x_wconf 76' lang='grc' dir='ltr'>καὶ</span> 
     </span>
    </p>
   </div>
   <div class='ocr_carea' id='block_1_9' title="bbox 285 1166 1870 1240">
    <p class='ocr_par' dir='ltr' id='par_1_9' title="bbox 285 1166 1870 1240">
     <span class='ocr_line' id='line_1_9' title="bbox 285 1166 1870 1240; baseline -0.002 -19"><span class='ocrx_word' id='word_1_62' title='bbox 285 1170 532 1231; x_wconf 64' lang='grc' dir='ltr'>ἑκούσιος</span> <span class='ocrx_word' id='word_1_63' title='bbox 563 1170 814 1240; x_wconf 76' lang='grc' dir='ltr'>ἐνέργεια</span> <span class='ocrx_word' id='word_1_64' title='bbox 844 1170 938 1220; x_wconf 77' lang='grc' dir='ltr'>καὶ</span> <span class='ocrx_word' id='word_1_65' title='bbox 966 1169 1123 1237; x_wconf 83' lang='grc' dir='ltr'>λόγος</span> <span class='ocrx_word' id='word_1_66' title='bbox 1155 1168 1429 1238; x_wconf 80' lang='grc' dir='ltr'>ἀληθινός.</span> <span class='ocrx_word' id='word_1_67' title='bbox 1469 1187 1485 1218; x_wconf 78' lang='grc' dir='ltr'><strong>ι</strong></span> <span class='ocrx_word' id='word_1_68' title='bbox 1526 1169 1659 1236; x_wconf 77' lang='grc' dir='ltr'>Περὶ</span> <span class='ocrx_word' id='word_1_69' title='bbox 1693 1168 1748 1218; x_wconf 79' lang='grc' dir='ltr'><strong>δὲ</strong></span> <span class='ocrx_word' id='word_1_70' title='bbox 1775 1166 1870 1219; x_wconf 88' lang='grc' dir='ltr'><strong>τοῦ</strong></span> 
     </span>
    </p>
   </div>
   <div class='ocr_carea' id='block_1_10' title="bbox 286 1260 1869 1334">
    <p class='ocr_par' dir='ltr' id='par_1_10' title="bbox 286 1260 1869 1334">
     <span class='ocr_line' id='line_1_10' title="bbox 286 1260 1869 1334; baseline -0.004 -16"><span class='ocrx_word' id='word_1_71' title='bbox 286 1265 609 1334; x_wconf 74' lang='grc' dir='ltr'>Πνεῦματος</span> <span class='ocrx_word' id='word_1_72' title='bbox 649 1268 676 1317; x_wconf 88' lang='grc' dir='ltr'><strong>ό</strong></span> <span class='ocrx_word' id='word_1_73' title='bbox 713 1265 876 1327; x_wconf 75' lang='grc' dir='ltr'>αὐτὸς</span> <span class='ocrx_word' id='word_1_74' title='bbox 910 1265 1054 1317; x_wconf 87' lang='grc' dir='ltr'>οῦτω</span> <span class='ocrx_word' id='word_1_75' title='bbox 1096 1265 1262 1333; x_wconf 67' lang='grc' dir='ltr'>φησιν</span> <span class='ocrx_word' id='word_1_76' title='bbox 1285 1304 1299 1329; x_wconf 91' lang='grc'><strong>,</strong></span> <span class='ocrx_word' id='word_1_77' title='bbox 1342 1282 1360 1314; x_wconf 73' lang='grc' dir='ltr'><strong>ι</strong></span> <span class='ocrx_word' id='word_1_78' title='bbox 1401 1263 1552 1325; x_wconf 74' lang='grc' dir='ltr'>Ἐνὸς</span> <span class='ocrx_word' id='word_1_79' title='bbox 1590 1262 1742 1324; x_wconf 73' lang='grc' dir='ltr'>ὄντος</span> <span class='ocrx_word' id='word_1_80' title='bbox 1774 1260 1869 1314; x_wconf 74' lang='grc' dir='ltr'><strong>τοῦ</strong></span> 
     </span>
    </p>
   </div>
   <div class='ocr_carea' id='block_1_11' title="bbox 284 1354 1871 1428">
    <p class='ocr_par' dir='ltr' id='par_1_11' title="bbox 284 1354 1871 1428">
     <span class='ocr_line' id='line_1_11' title="bbox 284 1354 1871 1428; baseline -0.002 -18"><span class='ocrx_word' id='word_1_81' title='bbox 284 1358 420 1410; x_wconf 57' lang='lat' dir='ltr'><strong>fio-3</strong></span> <span class='ocrx_word' id='word_1_82' title='bbox 454 1357 548 1410; x_wconf 91' lang='grc' dir='ltr'><strong>τοῦ</strong></span> <span class='ocrx_word' id='word_1_83' title='bbox 585 1358 787 1421; x_wconf 78' lang='grc' dir='ltr'>ζῶντος</span> <span class='ocrx_word' id='word_1_84' title='bbox 824 1358 1038 1425; x_wconf 88' lang='grc' dir='ltr'>Λόγου,</span> <span class='ocrx_word' id='word_1_85' title='bbox 1077 1356 1206 1428; x_wconf 83' lang='grc' dir='ltr'>μίαν</span> <span class='ocrx_word' id='word_1_86' title='bbox 1242 1354 1379 1410; x_wconf 70' lang='grc' dir='ltr'>εἶναι</span> <span class='ocrx_word' id='word_1_87' title='bbox 1413 1357 1495 1408; x_wconf 86' lang='grc' dir='ltr'><strong>δεῖ</strong></span> <span class='ocrx_word' id='word_1_88' title='bbox 1525 1354 1741 1407; x_wconf 80' lang='grc' dir='ltr'>τελείαν</span> <span class='ocrx_word' id='word_1_89' title='bbox 1774 1355 1871 1407; x_wconf 75' lang='grc' dir='ltr'><strong>καὶ</strong></span> 
     </span>
    </p>
   </div>
   <div class='ocr_carea' id='block_1_12' title="bbox 284 1445 1872 1521">
    <p class='ocr_par' dir='ltr' id='par_1_12' title="bbox 284 1445 1872 1521">
     <span class='ocr_line' id='line_1_12' title="bbox 284 1445 1872 1521; baseline -0.001 -19"><span class='ocrx_word' id='word_1_90' title='bbox 284 1450 473 1521; x_wconf 82' lang='grc' dir='ltr'>πλήρη</span> <span class='ocrx_word' id='word_1_91' title='bbox 505 1450 605 1520; x_wconf 81' lang='grc' dir='ltr'>τὴν</span> <span class='ocrx_word' id='word_1_92' title='bbox 640 1450 967 1520; x_wconf 82' lang='grc' dir='ltr'>ἁγιαστικὴν</span> <span class='ocrx_word' id='word_1_93' title='bbox 1001 1452 1095 1501; x_wconf 66' lang='grc' dir='ltr'><strong>καὶ</strong></span> <span class='ocrx_word' id='word_1_94' title='bbox 1132 1449 1469 1519; x_wconf 81' lang='grc' dir='ltr'>φωτιστικὴν</span> <span class='ocrx_word' id='word_1_95' title='bbox 1502 1449 1668 1519; x_wconf 75' lang='grc' dir='ltr'>ζωὴν,</span> <span class='ocrx_word' id='word_1_96' title='bbox 1704 1445 1872 1501; x_wconf 74' lang='grc' dir='ltr'>οὖσαν</span> 
     </span>
    </p>
   </div>
   <div class='ocr_carea' id='block_1_13' title="bbox 284 1520 1870 1613">
    <p class='ocr_par' dir='ltr' id='par_1_13' title="bbox 284 1520 1870 1613">
     <span class='ocr_line' id='line_1_13' title="bbox 284 1520 1870 1613; baseline -0.002 -18"><span class='ocrx_word' id='word_1_97' title='bbox 284 1545 571 1612; x_wconf 79' lang='grc' dir='ltr'><strong>ἐνέργειαν</strong></span> <span class='ocrx_word' id='word_1_98' title='bbox 595 1543 758 1596; x_wconf 80' lang='grc' dir='ltr'>αὐτοῦ</span> <span class='ocrx_word' id='word_1_99' title='bbox 786 1544 882 1597; x_wconf 71' lang='grc' dir='ltr'><strong>καὶ</strong></span> <span class='ocrx_word' id='word_1_100' title='bbox 909 1520 1140 1613; x_wconf 56' lang='grc' dir='ltr'>δωρεὰνξ</span> <span class='ocrx_word' id='word_1_101' title='bbox 1166 1543 1287 1613; x_wconf 80' lang='grc' dir='ltr'>ἥτις</span> <span class='ocrx_word' id='word_1_102' title='bbox 1317 1545 1382 1594; x_wconf 77' lang='grc' dir='ltr'>ἐκ</span> <span class='ocrx_word' id='word_1_103' title='bbox 1409 1544 1622 1612; x_wconf 59' lang='grc' dir='ltr'>Πατρὶς</span> <span class='ocrx_word' id='word_1_104' title='bbox 1649 1542 1870 1609; x_wconf 77' lang='grc' dir='ltr'>λέγεται</span> 
     </span>
    </p>
   </div>
   <div class='ocr_carea' id='block_1_14' title="bbox 284 1630 1872 1712">
    <p class='ocr_par' dir='ltr' id='par_1_14' title="bbox 284 1630 1872 1712">
     <span class='ocr_line' id='line_1_14' title="bbox 284 1630 1872 1712; baseline -0.004 -25"><span class='ocrx_word' id='word_1_105' title='bbox 284 1634 706 1704; x_wconf 76' lang='grc' dir='ltr'>ἐκπορεύεσθαι.</span> <span class='ocrx_word' id='word_1_106' title='bbox 739 1652 758 1686; x_wconf 69' lang='grc' dir='ltr'><strong>ι</strong></span> <span class='ocrx_word' id='word_1_107' title='bbox 788 1633 1056 1705; x_wconf 78' lang='grc' dir='ltr'>Κύριλλος</span> <span class='ocrx_word' id='word_1_108' title='bbox 1079 1633 1122 1686; x_wconf 86' lang='grc' dir='ltr'>δ’</span> <span class='ocrx_word' id='word_1_109' title='bbox 1145 1633 1348 1703; x_wconf 78' lang='grc' dir='ltr'>ὁμοίως</span> <span class='ocrx_word' id='word_1_110' title='bbox 1370 1634 1466 1686; x_wconf 65' lang='grc' dir='ltr'><strong>καὶ</strong></span> <span class='ocrx_word' id='word_1_111' title='bbox 1490 1632 1673 1712; x_wconf 81' lang='grc' dir='ltr'>αὐτὸς,</span> <span class='ocrx_word' id='word_1_112' title='bbox 1706 1649 1723 1682; x_wconf 74' lang='grc' dir='ltr'><strong>ι</strong></span> <span class='ocrx_word' id='word_1_113' title='bbox 1760 1630 1872 1684; x_wconf 72' lang='grc' dir='ltr'>Καὶ</span> 
     </span>
    </p>
   </div>
   <div class='ocr_carea' id='block_1_15' title="bbox 281 1722 1864 1794">
    <p class='ocr_par' dir='ltr' id='par_1_15' title="bbox 281 1722 1864 1794">
     <span class='ocr_line' id='line_1_15' title="bbox 281 1722 1864 1794; baseline -0.001 -17"><span class='ocrx_word' id='word_1_114' title='bbox 281 1725 311 1777; x_wconf 80' lang='grc' dir='ltr'>ὁ</span> <span class='ocrx_word' id='word_1_115' title='bbox 341 1726 473 1788; x_wconf 79' lang='grc' dir='ltr'>Υἱός</span> <span class='ocrx_word' id='word_1_116' title='bbox 501 1727 617 1777; x_wconf 72' lang='grc' dir='ltr'>ἐστι</span> <span class='ocrx_word' id='word_1_117' title='bbox 639 1763 654 1780; x_wconf 87' lang='grc'><strong>.</strong></span> <span class='ocrx_word' id='word_1_118' title='bbox 695 1744 714 1775; x_wconf 75' lang='grc' dir='ltr'><strong>ι</strong></span> <span class='ocrx_word' id='word_1_119' title='bbox 751 1727 950 1793; x_wconf 70' lang='grc' dir='ltr'>φησὶν,</span> <span class='ocrx_word' id='word_1_120' title='bbox 987 1742 1006 1775; x_wconf 72' lang='grc' dir='ltr'><strong>ι</strong></span> <span class='ocrx_word' id='word_1_121' title='bbox 1044 1726 1078 1794; x_wconf 87' lang='grc' dir='ltr'>ἡ</span> <span class='ocrx_word' id='word_1_122' title='bbox 1107 1723 1258 1786; x_wconf 76' lang='grc' dir='ltr'>ζῶσα</span> <span class='ocrx_word' id='word_1_123' title='bbox 1290 1723 1383 1777; x_wconf 76' lang='grc' dir='ltr'>καὶ</span> <span class='ocrx_word' id='word_1_124' title='bbox 1413 1722 1685 1791; x_wconf 83' lang='grc' dir='ltr'>οὑσιώδης</span> <span class='ocrx_word' id='word_1_125' title='bbox 1716 1723 1864 1792; x_wconf 74' lang='grc' dir='ltr'>ἐνέρ-</span> 
     </span>
    </p>
   </div>
   <div class='ocr_carea' id='block_1_16' title="bbox 281 1815 1865 1887">
    <p class='ocr_par' dir='ltr' id='par_1_16' title="bbox 281 1815 1865 1887">
     <span class='ocr_line' id='line_1_16' title="bbox 281 1815 1865 1887; baseline -0.003 -15"><span class='ocrx_word' id='word_1_126' title='bbox 281 1835 410 1887; x_wconf 85' lang='grc' dir='ltr'>γεια</span> <span class='ocrx_word' id='word_1_127' title='bbox 452 1818 546 1871; x_wconf 71' lang='grc' dir='ltr'>καὶ</span> <span class='ocrx_word' id='word_1_128' title='bbox 583 1817 814 1887; x_wconf 85' lang='grc' dir='ltr'>δύναμις</span> <span class='ocrx_word' id='word_1_129' title='bbox 852 1818 945 1870; x_wconf 76' lang='grc' dir='ltr'>καὶ</span> <span class='ocrx_word' id='word_1_130' title='bbox 985 1817 1145 1884; x_wconf 78' lang='grc' dir='ltr'>σοφία</span> <span class='ocrx_word' id='word_1_131' title='bbox 1179 1815 1272 1869; x_wconf 83' lang='grc' dir='ltr'><strong>τοῦ</strong></span> <span class='ocrx_word' id='word_1_132' title='bbox 1313 1816 1547 1882; x_wconf 79' lang='grc' dir='ltr'>Πατρός.</span> <span class='ocrx_word' id='word_1_133' title='bbox 1586 1815 1865 1885; x_wconf 81' lang='grc' dir='ltr'>Ἑνέργεια</span> 
     </span>
    </p>
   </div>
   <div class='ocr_carea' id='block_1_17' title="bbox 282 1908 1866 1981">
    <p class='ocr_par' dir='ltr' id='par_1_17' title="bbox 282 1908 1866 1981">
     <span class='ocr_line' id='line_1_17' title="bbox 282 1908 1866 1981; baseline -0.004 -15"><span class='ocrx_word' id='word_1_134' title='bbox 282 1913 382 1966; x_wconf 81' lang='grc' dir='ltr'>καὶ</span> <span class='ocrx_word' id='word_1_135' title='bbox 408 1910 504 1965; x_wconf 88' lang='grc' dir='ltr'><strong>τοῦ</strong></span> <span class='ocrx_word' id='word_1_136' title='bbox 534 1911 669 1965; x_wconf 86' lang='grc' dir='ltr'>Υίοῦ</span> <span class='ocrx_word' id='word_1_137' title='bbox 699 1912 757 1964; x_wconf 78' lang='grc' dir='ltr'><strong>τὸ</strong></span> <span class='ocrx_word' id='word_1_138' title='bbox 784 1911 1007 1981; x_wconf 81' lang='grc' dir='ltr'>Πνεῦμα</span> <span class='ocrx_word' id='word_1_139' title='bbox 1030 1910 1090 1962; x_wconf 85' lang='grc' dir='ltr'><strong>τὸ</strong></span> <span class='ocrx_word' id='word_1_140' title='bbox 1119 1909 1296 1978; x_wconf 74' lang='grc' dir='ltr'>ἅγιον.</span> <span class='ocrx_word' id='word_1_141' title='bbox 1336 1927 1355 1960; x_wconf 75' lang='grc' dir='ltr'><strong>ι</strong></span> <span class='ocrx_word' id='word_1_142' title='bbox 1400 1908 1678 1979; x_wconf 71' lang='grc' dir='ltr'>Ἐνὲργεια</span> <span class='ocrx_word' id='word_1_143' title='bbox 1710 1908 1866 1976; x_wconf 80' lang='grc' dir='ltr'>λέγε-</span> 
     </span>
    </p>
   </div>
   <div class='ocr_carea' id='block_1_18' title="bbox 280 1998 1862 2072">
    <p class='ocr_par' dir='ltr' id='par_1_18' title="bbox 280 1998 1862 2072">
     <span class='ocr_line' id='line_1_18' title="bbox 280 1998 1862 2072; baseline -0.003 -16"><span class='ocrx_word' id='word_1_144' title='bbox 280 2021 376 2057; x_wconf 88' lang='grc' dir='ltr'><strong>ται</strong></span> <span class='ocrx_word' id='word_1_145' title='bbox 403 2006 500 2057; x_wconf 70' lang='grc' dir='ltr'><strong>καὶ</strong></span> <span class='ocrx_word' id='word_1_146' title='bbox 526 2006 558 2072; x_wconf 76' lang='grc' dir='ltr'>ἡ</span> <span class='ocrx_word' id='word_1_147' title='bbox 586 2003 804 2072; x_wconf 78' lang='grc' dir='ltr'>ἑκάστῳ</span> <span class='ocrx_word' id='word_1_148' title='bbox 829 2003 937 2055; x_wconf 87' lang='grc' dir='ltr'>τῶν</span> <span class='ocrx_word' id='word_1_149' title='bbox 961 2001 1134 2055; x_wconf 73' lang='grc' dir='ltr'>ὄντων</span> <span class='ocrx_word' id='word_1_150' title='bbox 1159 1999 1357 2056; x_wconf 78' lang='grc' dir='ltr'>ἐνοῦσα</span> <span class='ocrx_word' id='word_1_151' title='bbox 1382 2000 1585 2071; x_wconf 73' lang='grc' dir='ltr'>φυσικὴ</span> <span class='ocrx_word' id='word_1_152' title='bbox 1611 1998 1862 2070; x_wconf 81' lang='grc' dir='ltr'>δύναμις,</span> 
     </span>
    </p>
   </div>
   <div class='ocr_carea' id='block_1_19' title="bbox 282 2088 1864 2166">
    <p class='ocr_par' dir='ltr' id='par_1_19' title="bbox 282 2088 1864 2166">
     <span class='ocr_line' id='line_1_19' title="bbox 282 2088 1864 2166; baseline -0.004 -16"><span class='ocrx_word' id='word_1_153' title='bbox 282 2096 361 2158; x_wconf 80' lang='grc' dir='ltr'>ὡς</span> <span class='ocrx_word' id='word_1_154' title='bbox 387 2097 449 2148; x_wconf 82' lang='grc' dir='ltr'><strong>τὸ</strong></span> <span class='ocrx_word' id='word_1_155' title='bbox 462 2096 825 2166; x_wconf 75' lang='grc' dir='ltr'>θερμαντικὸν</span> <span class='ocrx_word' id='word_1_156' title='bbox 848 2095 929 2164; x_wconf 85' lang='grc' dir='ltr'><strong>τῷ</strong></span> <span class='ocrx_word' id='word_1_157' title='bbox 956 2094 1113 2165; x_wconf 78' lang='grc' dir='ltr'>πυρὶ,</span> <span class='ocrx_word' id='word_1_158' title='bbox 1128 2088 1223 2147; x_wconf 74' lang='grc' dir='ltr'>καὶ</span> <span class='ocrx_word' id='word_1_159' title='bbox 1247 2094 1308 2145; x_wconf 79' lang='grc' dir='ltr'><strong>τὸ</strong></span> <span class='ocrx_word' id='word_1_160' title='bbox 1330 2091 1596 2162; x_wconf 80' lang='grc' dir='ltr'>ψυκτικὸν</span> <span class='ocrx_word' id='word_1_161' title='bbox 1619 2095 1685 2161; x_wconf 79' lang='grc' dir='ltr'>τῇ</span> <span class='ocrx_word' id='word_1_162' title='bbox 1706 2095 1864 2162; x_wconf 85' lang='grc' dir='ltr'>χιόνι,</span> 
     </span>
    </p>
   </div>
   <div class='ocr_carea' id='block_1_20' title="bbox 284 2185 1866 2259">
    <p class='ocr_par' dir='ltr' id='par_1_20' title="bbox 284 2185 1866 2259">
     <span class='ocr_line' id='line_1_20' title="bbox 284 2185 1866 2259; baseline -0.004 -16"><span class='ocrx_word' id='word_1_163' title='bbox 284 2191 381 2244; x_wconf 75' lang='grc' dir='ltr'>καὶ</span> <span class='ocrx_word' id='word_1_164' title='bbox 419 2189 481 2242; x_wconf 81' lang='grc' dir='ltr'><strong>τὸ</strong></span> <span class='ocrx_word' id='word_1_165' title='bbox 524 2188 842 2259; x_wconf 75' lang='grc' dir='ltr'>αἰσθητικὸν</span> <span class='ocrx_word' id='word_1_166' title='bbox 879 2187 959 2258; x_wconf 83' lang='grc' dir='ltr'>τῷ</span> <span class='ocrx_word' id='word_1_167' title='bbox 1003 2187 1160 2258; x_wconf 79' lang='grc' dir='ltr'><strong>ζώῳ,</strong></span> <span class='ocrx_word' id='word_1_168' title='bbox 1197 2188 1293 2241; x_wconf 70' lang='grc' dir='ltr'><strong>καὶ</strong></span> <span class='ocrx_word' id='word_1_169' title='bbox 1332 2186 1411 2257; x_wconf 83' lang='grc' dir='ltr'>τῷ</span> <span class='ocrx_word' id='word_1_170' title='bbox 1452 2187 1766 2255; x_wconf 72' lang='grc' dir='ltr'>ἐνεργοῦν-ει</span> <span class='ocrx_word' id='word_1_171' title='bbox 1805 2185 1866 2238; x_wconf 81' lang='grc' dir='ltr'><strong>τὸ</strong></span> 
     </span>
    </p>
   </div>
   <div class='ocr_carea' id='block_1_21' title="bbox 282 2276 1867 2349">
    <p class='ocr_par' dir='ltr' id='par_1_21' title="bbox 282 2276 1867 2349">
     <span class='ocr_line' id='line_1_21' title="bbox 282 2276 1867 2349; baseline -0.001 -17"><span class='ocrx_word' id='word_1_172' title='bbox 282 2279 663 2349; x_wconf 68' lang='grc' dir='ltr'>ἐνεργητικόν.</span> <span class='ocrx_word' id='word_1_173' title='bbox 695 2279 927 2348; x_wconf 80' lang='grc' dir='ltr'><strong>Λέγεται</strong></span> <span class='ocrx_word' id='word_1_174' title='bbox 961 2278 1058 2332; x_wconf 68' lang='grc' dir='ltr'>καὶ</span> <span class='ocrx_word' id='word_1_175' title='bbox 1088 2277 1151 2331; x_wconf 76' lang='grc' dir='ltr'>τὸ</span> <span class='ocrx_word' id='word_1_176' title='bbox 1180 2276 1287 2347; x_wconf 83' lang='grc' dir='ltr'>τῆς</span> <span class='ocrx_word' id='word_1_177' title='bbox 1316 2278 1677 2349; x_wconf 74' lang='grc' dir='ltr'>ἐνεργητικῆς</span> <span class='ocrx_word' id='word_1_178' title='bbox 1706 2278 1867 2331; x_wconf 81' lang='grc' dir='ltr'>δυνά-</span> 
     </span>
    </p>
   </div>
   <div class='ocr_carea' id='block_1_22' title="bbox 286 2353 1863 2445">
    <p class='ocr_par' dir='ltr' id='par_1_22' title="bbox 286 2353 1863 2445">
     <span class='ocr_line' id='line_1_22' title="bbox 286 2353 1863 2445; baseline -0.002 -19"><span class='ocrx_word' id='word_1_179' title='bbox 286 2390 437 2443; x_wconf 82' lang='grc' dir='ltr'>μεως</span> <span class='ocrx_word' id='word_1_180' title='bbox 464 2353 833 2445; x_wconf 68' lang='grc' dir='ltr'><strong>ἀ·τιτ«ο·ιτιί).εονμξκ⁴</strong></span> <span class='ocrx_word' id='word_1_181' title='bbox 846 2374 1101 2442; x_wconf 76' lang='grc' dir='ltr'>ἐνέργεια</span> <span class='ocrx_word' id='word_1_182' title='bbox 1126 2370 1223 2424; x_wconf 74' lang='grc' dir='ltr'><strong>καὶ</strong></span> <span class='ocrx_word' id='word_1_183' title='bbox 1248 2369 1408 2440; x_wconf 78' lang='grc' dir='ltr'>ἔργον</span> <span class='ocrx_word' id='word_1_184' title='bbox 1434 2372 1529 2423; x_wconf 84' lang='grc' dir='ltr'>καὶ</span> <span class='ocrx_word' id='word_1_185' title='bbox 1559 2370 1863 2442; x_wconf 72' lang='grc' dir='ltr'>ὶνέργημα,</span> 
     </span>
    </p>
   </div>
   <div class='ocr_carea' id='block_1_23' title="bbox 285 2463 1867 2540">
    <p class='ocr_par' dir='ltr' id='par_1_23' title="bbox 285 2463 1867 2540">
     <span class='ocr_line' id='line_1_23' title="bbox 285 2463 1867 2540; baseline -0.001 -22"><span class='ocrx_word' id='word_1_186' title='bbox 285 2466 363 2530; x_wconf 81' lang='grc' dir='ltr'><strong>ὡς</strong></span> <span class='ocrx_word' id='word_1_187' title='bbox 397 2466 535 2540; x_wconf 76' lang='grc' dir='ltr'>ἔργα</span> <span class='ocrx_word' id='word_1_188' title='bbox 565 2467 665 2522; x_wconf 77' lang='grc' dir='ltr'>καὶ</span> <span class='ocrx_word' id='word_1_189' title='bbox 697 2468 974 2536; x_wconf 76' lang='grc' dir='ltr'>ἐνέργειαι</span> <span class='ocrx_word' id='word_1_190' title='bbox 1006 2463 1143 2518; x_wconf 83' lang='grc' dir='ltr'>Θεοῦ</span> <span class='ocrx_word' id='word_1_191' title='bbox 1178 2464 1247 2533; x_wconf 81' lang='grc' dir='ltr'>γῆ</span> <span class='ocrx_word' id='word_1_192' title='bbox 1282 2464 1381 2517; x_wconf 77' lang='grc' dir='ltr'>καὶ</span> <span class='ocrx_word' id='word_1_193' title='bbox 1415 2464 1644 2534; x_wconf 75' lang='grc' dir='ltr'>οὐρανὸς</span> <span class='ocrx_word' id='word_1_194' title='bbox 1676 2465 1768 2517; x_wconf 78' lang='grc' dir='ltr'><strong>καὶ</strong></span> <span class='ocrx_word' id='word_1_195' title='bbox 1798 2464 1867 2517; x_wconf 77' lang='grc' dir='ltr'>τὰ</span> 
     </span>
    </p>
   </div>
   <div class='ocr_carea' id='block_1_24' title="bbox 280 2555 1868 2631">
    <p class='ocr_par' dir='ltr' id='par_1_24' title="bbox 280 2555 1868 2631">
     <span class='ocr_line' id='line_1_24' title="bbox 280 2555 1868 2631; baseline -0.001 -20"><span class='ocrx_word' id='word_1_196' title='bbox 280 2560 341 2614; x_wconf 71' lang='grc' dir='ltr'>ἐν</span> <span class='ocrx_word' id='word_1_197' title='bbox 377 2559 587 2623; x_wconf 82' lang='grc' dir='ltr'>τούτοις</span> <span class='ocrx_word' id='word_1_198' title='bbox 609 2575 626 2592; x_wconf 79' lang='grc' dir='ltr'><strong>ο</strong></span> <span class='ocrx_word' id='word_1_199' title='bbox 666 2559 799 2630; x_wconf 72' lang='grc' dir='ltr'>φησὶ</span> <span class='ocrx_word' id='word_1_200' title='bbox 833 2558 941 2631; x_wconf 76' lang='grc' dir='ltr'>γὰρ</span> <span class='ocrx_word' id='word_1_201' title='bbox 974 2558 1002 2611; x_wconf 85' lang='grc' dir='ltr'><strong>δ</strong></span> <span class='ocrx_word' id='word_1_202' title='bbox 1036 2557 1178 2620; x_wconf 80' lang='grc' dir='ltr'>θεῖος</span> <span class='ocrx_word' id='word_1_203' title='bbox 1213 2555 1290 2629; x_wconf 65' lang='grc' dir='ltr'><strong>[τ.</strong></span> <span class='ocrx_word' id='word_1_204' title='bbox 1330 2557 1425 2612; x_wconf 72' lang='lat' dir='ltr'><strong>Ml</strong></span> <span class='ocrx_word' id='word_1_205' title='bbox 1467 2555 1552 2629; x_wconf 89' lang='lat' dir='ltr'><strong>r.]</strong></span> <span class='ocrx_word' id='word_1_206' title='bbox 1586 2558 1649 2610; x_wconf 83' lang='grc' dir='ltr'>ὲκ</span> <span class='ocrx_word' id='word_1_207' title='bbox 1684 2558 1868 2627; x_wconf 86' lang='grc' dir='ltr'>Δαμα-</span> 
     </span>
    </p>
   </div>
   <div class='ocr_carea' id='block_1_25' title="bbox 282 2638 1864 2724">
    <p class='ocr_par' dir='ltr' id='par_1_25' title="bbox 282 2638 1864 2724">
     <span class='ocr_line' id='line_1_25' title="bbox 282 2638 1864 2724; baseline -0.003 -18"><span class='ocrx_word' id='word_1_208' title='bbox 282 2653 420 2706; x_wconf 86' lang='grc' dir='ltr'>σκοῦ</span> <span class='ocrx_word' id='word_1_209' title='bbox 456 2653 709 2724; x_wconf 73' lang='grc' dir='ltr'>Ἰωάννης</span> <span class='ocrx_word' id='word_1_210' title='bbox 739 2655 815 2716; x_wconf 82' lang='grc' dir='ltr'>ὡς</span> <span class='ocrx_word' id='word_1_211' title='bbox 842 2655 877 2723; x_wconf 82' lang='grc' dir='ltr'>ἠ</span> <span class='ocrx_word' id='word_1_212' title='bbox 912 2652 1161 2723; x_wconf 68' lang='grc' dir='ltr'>ἐνέργεια</span> <span class='ocrx_word' id='word_1_213' title='bbox 1192 2638 1288 2704; x_wconf 55' lang='grc' dir='ltr'>καὶ</span> <span class='ocrx_word' id='word_1_214' title='bbox 1316 2651 1596 2721; x_wconf 75' lang='grc' dir='ltr'>ἐνέργημα</span> <span class='ocrx_word' id='word_1_215' title='bbox 1624 2650 1864 2718; x_wconf 87' lang='grc' dir='ltr'>λέγεται,</span> 
     </span>
    </p>
   </div>
   <div class='ocr_carea' id='block_1_26' title="bbox 280 2743 1868 2817">
    <p class='ocr_par' dir='ltr' id='par_1_26' title="bbox 280 2743 1868 2817">
     <span class='ocr_line' id='line_1_26' title="bbox 280 2743 1868 2817; baseline -0.001 -18"><span class='ocrx_word' id='word_1_216' title='bbox 280 2750 381 2801; x_wconf 80' lang='grc' dir='ltr'>καὶ</span> <span class='ocrx_word' id='word_1_217' title='bbox 405 2748 719 2799; x_wconf 86' lang='grc' dir='ltr'>τούναντίον</span> <span class='ocrx_word' id='word_1_218' title='bbox 745 2746 997 2817; x_wconf 76' lang='grc' dir='ltr'>ἐνέργεια</span> <span class='ocrx_word' id='word_1_219' title='bbox 1020 2746 1081 2798; x_wconf 83' lang='grc' dir='ltr'><strong>τὸ</strong></span> <span class='ocrx_word' id='word_1_220' title='bbox 1106 2746 1411 2815; x_wconf 81' lang='grc' dir='ltr'>ἐνέργημα,</span> <span class='ocrx_word' id='word_1_221' title='bbox 1439 2745 1515 2807; x_wconf 86' lang='grc' dir='ltr'><strong>ὡς</strong></span> <span class='ocrx_word' id='word_1_222' title='bbox 1543 2745 1637 2797; x_wconf 79' lang='grc' dir='ltr'>καὶ</span> <span class='ocrx_word' id='word_1_223' title='bbox 1664 2743 1724 2795; x_wconf 86' lang='grc' dir='ltr'>τὸ</span> <span class='ocrx_word' id='word_1_224' title='bbox 1749 2745 1868 2797; x_wconf 85' lang='grc' dir='ltr'>κτί-</span> 
     </span>
    </p>
   </div>
   <div class='ocr_carea' id='block_1_27' title="bbox 281 2833 1868 2910">
    <p class='ocr_par' dir='ltr' id='par_1_27' title="bbox 281 2833 1868 2910">
     <span class='ocr_line' id='line_1_27' title="bbox 281 2833 1868 2910; baseline -0.002 -18"><span class='ocrx_word' id='word_1_225' title='bbox 281 2858 397 2910; x_wconf 85' lang='grc' dir='ltr'><strong>σμα</strong></span> <span class='ocrx_word' id='word_1_226' title='bbox 423 2841 622 2902; x_wconf 81' lang='grc' dir='ltr'>κτίσις.</span> <span class='ocrx_word' id='word_1_227' title='bbox 652 2839 789 2894; x_wconf 82' lang='grc' dir='ltr'><strong>Καθ’</strong></span> <span class='ocrx_word' id='word_1_228' title='bbox 811 2840 839 2892; x_wconf 84' lang='grc' dir='ltr'><strong><em>ὃ</em></strong></span> <span class='ocrx_word' id='word_1_229' title='bbox 868 2838 1274 2909; x_wconf 80' lang='grc' dir='ltr'>σημαινόμενον</span> <span class='ocrx_word' id='word_1_230' title='bbox 1302 2838 1399 2891; x_wconf 71' lang='grc' dir='ltr'>καὶ</span> <span class='ocrx_word' id='word_1_231' title='bbox 1421 2838 1512 2890; x_wconf 78' lang='grc' dir='ltr'>τὸν</span> <span class='ocrx_word' id='word_1_232' title='bbox 1538 2833 1689 2891; x_wconf 75' lang='grc' dir='ltr'>οἷκον</span> <span class='ocrx_word' id='word_1_233' title='bbox 1715 2836 1868 2908; x_wconf 80' lang='grc' dir='ltr'>ἐνέρ-</span> 
     </span>
    </p>
   </div>
   <div class='ocr_carea' id='block_1_28' title="bbox 280 2928 1867 3003">
    <p class='ocr_par' dir='ltr' id='par_1_28' title="bbox 280 2928 1867 3003">
     <span class='ocr_line' id='line_1_28' title="bbox 280 2928 1867 3003; baseline -0.002 -17"><span class='ocrx_word' id='word_1_234' title='bbox 280 2934 444 3001; x_wconf 83' lang='grc' dir='ltr'>γειὰν</span> <span class='ocrx_word' id='word_1_235' title='bbox 479 2951 663 3003; x_wconf 81' lang='grc' dir='ltr'>φαμεν</span> <span class='ocrx_word' id='word_1_236' title='bbox 695 2933 790 2987; x_wconf 85' lang='grc' dir='ltr'><strong>τοῦ</strong></span> <span class='ocrx_word' id='word_1_237' title='bbox 825 2932 1112 3002; x_wconf 82' lang='grc' dir='ltr'>οἰκοδόμου</span> <span class='ocrx_word' id='word_1_238' title='bbox 1136 2973 1151 2996; x_wconf 94' lang='grc'><strong>,</strong></span> <span class='ocrx_word' id='word_1_239' title='bbox 1187 2930 1409 2985; x_wconf 82' lang='grc' dir='ltr'>καὶτοῦ</span> <span class='ocrx_word' id='word_1_240' title='bbox 1444 2928 1731 3000; x_wconf 84' lang='grc' dir='ltr'>ναυπηγοῦ</span> <span class='ocrx_word' id='word_1_241' title='bbox 1767 2930 1867 3001; x_wconf 79' lang='grc' dir='ltr'>τὴν</span> 
     </span>
    </p>
   </div>
   <div class='ocr_carea' id='block_1_29' title="bbox 279 3022 1868 3095">
    <p class='ocr_par' dir='ltr' id='par_1_29' title="bbox 279 3022 1868 3095">
     <span class='ocr_line' id='line_1_29' title="bbox 279 3022 1868 3095; baseline -0.002 -16"><span class='ocrx_word' id='word_1_242' title='bbox 279 3027 506 3081; x_wconf 69' lang='grc' dir='ltr'>ὁλκάδα.</span> <span class='ocrx_word' id='word_1_243' title='bbox 547 3028 828 3095; x_wconf 84' lang='grc' dir='ltr'>Ἐνὲργεια</span> <span class='ocrx_word' id='word_1_244' title='bbox 868 3026 1088 3094; x_wconf 81' lang='grc' dir='ltr'>λέγεται</span> <span class='ocrx_word' id='word_1_245' title='bbox 1128 3025 1224 3077; x_wconf 73' lang='grc' dir='ltr'>καὶ</span> <span class='ocrx_word' id='word_1_246' title='bbox 1261 3026 1295 3095; x_wconf 81' lang='grc' dir='ltr'>ἡ</span> <span class='ocrx_word' id='word_1_247' title='bbox 1335 3024 1471 3095; x_wconf 79' lang='grc' dir='ltr'>πρὸς</span> <span class='ocrx_word' id='word_1_248' title='bbox 1505 3026 1573 3077; x_wconf 79' lang='grc' dir='ltr'>τὰ</span> <span class='ocrx_word' id='word_1_249' title='bbox 1611 3022 1868 3095; x_wconf 69' lang='grc' dir='ltr'>ἐνεργού-</span> 
     </span>
    </p>
   </div>
   <div class='ocr_carea' id='block_1_30' title="bbox 284 3116 1938 3192">
    <p class='ocr_par' dir='ltr' id='par_1_30' title="bbox 284 3116 1938 3192">
     <span class='ocr_line' id='line_1_30' title="bbox 284 3116 1938 3192; baseline 0.001 -23"><span class='ocrx_word' id='word_1_250' title='bbox 284 3137 427 3188; x_wconf 78' lang='grc' dir='ltr'>μενα</span> <span class='ocrx_word' id='word_1_251' title='bbox 460 3119 677 3191; x_wconf 82' lang='grc' dir='ltr'>κίνησις</span> <span class='ocrx_word' id='word_1_252' title='bbox 699 3163 713 3185; x_wconf 94' lang='lat'><strong>,</strong></span> <span class='ocrx_word' id='word_1_253' title='bbox 751 3120 937 3191; x_wconf 79' lang='grc' dir='ltr'>σχέσις</span> <span class='ocrx_word' id='word_1_254' title='bbox 967 3136 1051 3182; x_wconf 86' lang='grc' dir='ltr'><strong>τις</strong></span> <span class='ocrx_word' id='word_1_255' title='bbox 1084 3116 1221 3171; x_wconf 80' lang='grc' dir='ltr'>οὖσα</span> <span class='ocrx_word' id='word_1_256' title='bbox 1255 3120 1349 3171; x_wconf 74' lang='grc' dir='ltr'>καὶ</span> <span class='ocrx_word' id='word_1_257' title='bbox 1383 3118 1590 3187; x_wconf 78' lang='grc' dir='ltr'>μεταξὺ</span> <span class='ocrx_word' id='word_1_258' title='bbox 1627 3117 1867 3182; x_wconf 82' lang='grc' dir='ltr'>θεωρου-</span> <span class='ocrx_word' id='word_1_259' title='bbox 1894 3132 1938 3192; x_wconf 75' lang='lat' dir='ltr'>c</span> 
     </span>
    </p>
   </div>
   <div class='ocr_carea' id='block_1_31' title="bbox 285 3209 1869 3281">
    <p class='ocr_par' dir='ltr' id='par_1_31' title="bbox 285 3209 1869 3281">
     <span class='ocr_line' id='line_1_31' title="bbox 285 3209 1869 3281; baseline 0.001 -19"><span class='ocrx_word' id='word_1_260' title='bbox 285 3213 427 3280; x_wconf 73' lang='grc' dir='ltr'>μέιη</span> <span class='ocrx_word' id='word_1_261' title='bbox 453 3210 550 3263; x_wconf 86' lang='grc' dir='ltr'><strong>τοῦ</strong></span> <span class='ocrx_word' id='word_1_262' title='bbox 580 3227 639 3263; x_wconf 83' lang='grc' dir='ltr'><strong>τε</strong></span> <span class='ocrx_word' id='word_1_263' title='bbox 670 3211 1132 3281; x_wconf 77' lang='grc' dir='ltr'>δημιουργοῦντος</span> <span class='ocrx_word' id='word_1_264' title='bbox 1164 3211 1257 3263; x_wconf 68' lang='grc' dir='ltr'>καὶ</span> <span class='ocrx_word' id='word_1_265' title='bbox 1288 3209 1397 3263; x_wconf 84' lang='grc' dir='ltr'>τῶν</span> <span class='ocrx_word' id='word_1_266' title='bbox 1424 3210 1869 3279; x_wconf 81' lang='grc' dir='ltr'>δημιουργουμέ-</span> 
     </span>
    </p>
   </div>
   <div class='ocr_carea' id='block_1_32' title="bbox 284 3302 1870 3373">
    <p class='ocr_par' dir='ltr' id='par_1_32' title="bbox 284 3302 1870 3373">
     <span class='ocr_line' id='line_1_32' title="bbox 284 3302 1870 3373; baseline 0 -18"><span class='ocrx_word' id='word_1_267' title='bbox 284 3321 415 3365; x_wconf 85' lang='grc' dir='ltr'>νων,</span> <span class='ocrx_word' id='word_1_268' title='bbox 432 3303 690 3372; x_wconf 80' lang='grc' dir='ltr'>καθάπερ</span> <span class='ocrx_word' id='word_1_269' title='bbox 709 3306 741 3373; x_wconf 84' lang='grc' dir='ltr'>ἡ</span> <span class='ocrx_word' id='word_1_270' title='bbox 758 3303 853 3355; x_wconf 89' lang='grc' dir='ltr'><strong>τοῦ</strong></span> <span class='ocrx_word' id='word_1_271' title='bbox 877 3303 1161 3373; x_wconf 72' lang='grc' dir='ltr'>οἰκοδόμου</span> <span class='ocrx_word' id='word_1_272' title='bbox 1181 3304 1318 3370; x_wconf 79' lang='grc' dir='ltr'>πρὸς</span> <span class='ocrx_word' id='word_1_273' title='bbox 1334 3304 1396 3353; x_wconf 77' lang='grc' dir='ltr'><strong>τὸ</strong></span> <span class='ocrx_word' id='word_1_274' title='bbox 1414 3302 1870 3372; x_wconf 78' lang='grc' dir='ltr'>οἰκοδομούμενον</span> 
     </span>
    </p>
   </div>
   <div class='ocr_carea' id='block_1_33' title="bbox 282 3395 1869 3466">
    <p class='ocr_par' dir='ltr' id='par_1_33' title="bbox 282 3395 1869 3466">
     <span class='ocr_line' id='line_1_33' title="bbox 282 3395 1869 3466; baseline 0.001 -20"><span class='ocrx_word' id='word_1_275' title='bbox 282 3399 377 3446; x_wconf 78' lang='grc' dir='ltr'><strong>καὶ</strong></span> <span class='ocrx_word' id='word_1_276' title='bbox 412 3395 505 3447; x_wconf 83' lang='grc' dir='ltr'><strong>τοῦ</strong></span> <span class='ocrx_word' id='word_1_277' title='bbox 535 3396 820 3465; x_wconf 84' lang='grc' dir='ltr'>ναυπηγοῦ</span> <span class='ocrx_word' id='word_1_278' title='bbox 854 3395 992 3465; x_wconf 81' lang='grc' dir='ltr'>πρὸς</span> <span class='ocrx_word' id='word_1_279' title='bbox 1022 3396 1083 3447; x_wconf 77' lang='grc' dir='ltr'>τὸ</span> <span class='ocrx_word' id='word_1_280' title='bbox 1116 3396 1321 3449; x_wconf 80' lang='grc' dir='ltr'>πλοῖον.</span> <span class='ocrx_word' id='word_1_281' title='bbox 1353 3395 1425 3448; x_wconf 85' lang='grc' dir='ltr'><strong>Ἦ</strong></span> <span class='ocrx_word' id='word_1_282' title='bbox 1458 3396 1552 3447; x_wconf 76' lang='grc' dir='ltr'><strong>καὶ</strong></span> <span class='ocrx_word' id='word_1_283' title='bbox 1588 3395 1869 3466; x_wconf 79' lang='grc' dir='ltr'>συμϐεϐη-</span> 
     </span>
    </p>
   </div>
   <div class='ocr_carea' id='block_1_34' title="bbox 282 3481 1869 3559">
    <p class='ocr_par' dir='ltr' id='par_1_34' title="bbox 282 3481 1869 3559">
     <span class='ocr_line' id='line_1_34' title="bbox 282 3481 1869 3559; baseline 0.002 -21"><span class='ocrx_word' id='word_1_284' title='bbox 282 3486 379 3546; x_wconf 70' lang='grc' dir='ltr'>κὸς</span> <span class='ocrx_word' id='word_1_285' title='bbox 421 3481 557 3539; x_wconf 80' lang='grc' dir='ltr'>οὖσα</span> <span class='ocrx_word' id='word_1_286' title='bbox 599 3486 722 3539; x_wconf 81' lang='grc' dir='ltr'>καθ’</span> <span class='ocrx_word' id='word_1_287' title='bbox 752 3487 920 3557; x_wconf 77' lang='grc' dir='ltr'>αὐτὴν</span> <span class='ocrx_word' id='word_1_288' title='bbox 964 3487 1375 3556; x_wconf 77' lang='grc' dir='ltr'>συγκαταλήγει</span> <span class='ocrx_word' id='word_1_289' title='bbox 1416 3489 1483 3557; x_wconf 81' lang='grc' dir='ltr'><strong>τῇ</strong></span> <span class='ocrx_word' id='word_1_290' title='bbox 1530 3487 1641 3540; x_wconf 83' lang='grc' dir='ltr'>τῶν</span> <span class='ocrx_word' id='word_1_291' title='bbox 1683 3487 1869 3559; x_wconf 87' lang='grc' dir='ltr'>ἄκρων</span> 
     </span>
    </p>
   </div>
   <div class='ocr_carea' id='block_1_35' title="bbox 280 3573 1870 3650">
    <p class='ocr_par' dir='ltr' id='par_1_35' title="bbox 280 3573 1870 3650">
     <span class='ocr_line' id='line_1_35' title="bbox 280 3573 1870 3650; baseline 0 -20"><span class='ocrx_word' id='word_1_292' title='bbox 280 3578 437 3649; x_wconf 69' lang='grc' dir='ltr'>λήξει</span> <span class='ocrx_word' id='word_1_293' title='bbox 463 3579 558 3633; x_wconf 69' lang='grc' dir='ltr'>καὶ</span> <span class='ocrx_word' id='word_1_294' title='bbox 584 3580 771 3632; x_wconf 79' lang='grc' dir='ltr'>οὐκέτι</span> <span class='ocrx_word' id='word_1_295' title='bbox 796 3581 943 3632; x_wconf 70' lang='grc' dir='ltr'>ἐστὶν</span> <span class='ocrx_word' id='word_1_296' title='bbox 968 3579 1141 3632; x_wconf 81' lang='grc' dir='ltr'>οὐδέν.</span> <span class='ocrx_word' id='word_1_297' title='bbox 1173 3579 1309 3648; x_wconf 76' lang='grc' dir='ltr'>Περὶ</span> <span class='ocrx_word' id='word_1_298' title='bbox 1335 3573 1405 3650; x_wconf 84' lang='grc' dir='ltr'>ἦς</span> <span class='ocrx_word' id='word_1_299' title='bbox 1431 3578 1527 3631; x_wconf 76' lang='grc' dir='ltr'><strong>καὶ</strong></span> <span class='ocrx_word' id='word_1_300' title='bbox 1552 3581 1579 3631; x_wconf 85' lang='grc' dir='ltr'>ὀ</span> <span class='ocrx_word' id='word_1_301' title='bbox 1608 3578 1870 3645; x_wconf 82' lang='grc' dir='ltr'>Θεολόγος</span> 
     </span>
    </p>
   </div>
   <div class='ocr_carea' id='block_1_36' title="bbox 281 3674 1867 3744">
    <p class='ocr_par' dir='ltr' id='par_1_36' title="bbox 281 3674 1867 3744">
     <span class='ocr_line' id='line_1_36' title="bbox 281 3674 1867 3744; baseline -0.001 -17"><span class='ocrx_word' id='word_1_302' title='bbox 281 3674 390 3744; x_wconf 73' lang='grc' dir='ltr'><strong>ἔφη</strong></span> <span class='ocrx_word' id='word_1_303' title='bbox 428 3677 457 3728; x_wconf 84' lang='grc' dir='ltr'>ὁ</span> <span class='ocrx_word' id='word_1_304' title='bbox 498 3674 642 3738; x_wconf 80' lang='grc' dir='ltr'>θεῖος</span> <span class='ocrx_word' id='word_1_305' title='bbox 683 3675 980 3744; x_wconf 84' lang='grc' dir='ltr'>Γρηγόριος</span> <span class='ocrx_word' id='word_1_306' title='bbox 1017 3675 1093 3737; x_wconf 85' lang='grc' dir='ltr'><strong>ὡς</strong></span> <span class='ocrx_word' id='word_1_307' title='bbox 1131 3674 1597 3744; x_wconf 79' lang='grc' dir='ltr'>ὲνεργηθήσεται,</span> <span class='ocrx_word' id='word_1_308' title='bbox 1637 3674 1731 3728; x_wconf 72' lang='grc' dir='ltr'><strong>καὶ</strong></span> <span class='ocrx_word' id='word_1_309' title='bbox 1769 3675 1867 3727; x_wconf 75' lang='grc' dir='ltr'><strong>οὐκ</strong></span> 
     </span>
    </p>
   </div>
   <div class='ocr_carea' id='block_1_37' title="bbox 281 3765 1866 3839">
    <p class='ocr_par' dir='ltr' id='par_1_37' title="bbox 281 3765 1866 3839">
     <span class='ocr_line' id='line_1_37' title="bbox 281 3765 1866 3839; baseline -0.001 -18"><span class='ocrx_word' id='word_1_310' title='bbox 281 3770 607 3839; x_wconf 70' lang='grc' dir='ltr'>ἐνεργήσει,</span> <span class='ocrx_word' id='word_1_311' title='bbox 637 3769 731 3819; x_wconf 69' lang='grc' dir='ltr'><strong>καὶ</strong></span> <span class='ocrx_word' id='word_1_312' title='bbox 761 3766 894 3838; x_wconf 84' lang='grc' dir='ltr'>ὁμοῦ</span> <span class='ocrx_word' id='word_1_313' title='bbox 925 3767 1003 3836; x_wconf 82' lang='grc' dir='ltr'>τῷ</span> <span class='ocrx_word' id='word_1_314' title='bbox 1033 3765 1396 3838; x_wconf 81' lang='grc' dir='ltr'>ὲνεργηΟῆναι</span> <span class='ocrx_word' id='word_1_315' title='bbox 1428 3766 1730 3832; x_wconf 76' lang='grc' dir='ltr'>παύσεται,</span> <span class='ocrx_word' id='word_1_316' title='bbox 1763 3783 1866 3819; x_wconf 90' lang='grc' dir='ltr'>κα-</span> 
     </span>
    </p>
   </div>
   <div class='ocr_carea' id='block_1_38' title="bbox 280 3856 1867 3929">
    <p class='ocr_par' dir='ltr' id='par_1_38' title="bbox 280 3856 1867 3929">
     <span class='ocr_line' id='line_1_38' title="bbox 280 3856 1867 3929; baseline -0.003 -16"><span class='ocrx_word' id='word_1_317' title='bbox 280 3862 469 3928; x_wconf 80' lang='grc' dir='ltr'>θάπερ</span> <span class='ocrx_word' id='word_1_318' title='bbox 499 3859 593 3912; x_wconf 74' lang='grc' dir='ltr'><strong>καὶ</strong></span> <span class='ocrx_word' id='word_1_319' title='bbox 625 3861 659 3929; x_wconf 82' lang='grc' dir='ltr'>ὴ</span> <span class='ocrx_word' id='word_1_320' title='bbox 696 3858 902 3928; x_wconf 75' lang='grc' dir='ltr'>μεταξὺ</span> <span class='ocrx_word' id='word_1_321' title='bbox 934 3856 1029 3911; x_wconf 90' lang='grc' dir='ltr'><strong>τοῦ</strong></span> <span class='ocrx_word' id='word_1_322' title='bbox 1067 3859 1348 3929; x_wconf 82' lang='grc' dir='ltr'>ὁρωμένου</span> <span class='ocrx_word' id='word_1_323' title='bbox 1380 3860 1474 3912; x_wconf 82' lang='grc' dir='ltr'>καὶ</span> <span class='ocrx_word' id='word_1_324' title='bbox 1504 3858 1598 3912; x_wconf 89' lang='grc' dir='ltr'><strong>τοῦ</strong></span> <span class='ocrx_word' id='word_1_325' title='bbox 1632 3859 1867 3928; x_wconf 73' lang='grc' dir='ltr'>δρῶντος</span> 
     </span>
    </p>
   </div>
   <div class='ocr_carea' id='block_1_39' title="bbox 280 3949 1865 4022">
    <p class='ocr_par' dir='ltr' id='par_1_39' title="bbox 280 3949 1865 4022">
     <span class='ocr_line' id='line_1_39' title="bbox 280 3949 1865 4022; baseline -0.003 -17"><span class='ocrx_word' id='word_1_326' title='bbox 280 3955 477 4022; x_wconf 80' lang='grc' dir='ltr'>ὅρασις</span> <span class='ocrx_word' id='word_1_327' title='bbox 509 3954 603 4005; x_wconf 73' lang='grc' dir='ltr'><strong>καὶ</strong></span> <span class='ocrx_word' id='word_1_328' title='bbox 635 3954 667 4021; x_wconf 81' lang='grc' dir='ltr'><strong>ἡ</strong></span> <span class='ocrx_word' id='word_1_329' title='bbox 711 3951 872 4020; x_wconf 80' lang='grc' dir='ltr'>μέσον</span> <span class='ocrx_word' id='word_1_330' title='bbox 905 3949 1002 4003; x_wconf 86' lang='grc' dir='ltr'><strong>τοῦ</strong></span> <span class='ocrx_word' id='word_1_331' title='bbox 1037 3950 1339 4020; x_wconf 83' lang='grc' dir='ltr'>γευομένου</span> <span class='ocrx_word' id='word_1_332' title='bbox 1373 3951 1467 4004; x_wconf 74' lang='grc' dir='ltr'><strong>καὶ</strong></span> <span class='ocrx_word' id='word_1_333' title='bbox 1499 3950 1594 4003; x_wconf 87' lang='grc' dir='ltr'><strong>τοῦ</strong></span> <span class='ocrx_word' id='word_1_334' title='bbox 1631 3949 1865 4018; x_wconf 84' lang='grc' dir='ltr'>γευστοῦ</span> 
     </span>
    </p>
   </div>
   <div class='ocr_carea' id='block_1_40' title="bbox 281 4042 1866 4114">
    <p class='ocr_par' dir='ltr' id='par_1_40' title="bbox 281 4042 1866 4114">
     <span class='ocr_line' id='line_1_40' title="bbox 281 4042 1866 4114; baseline -0.001 -16"><span class='ocrx_word' id='word_1_335' title='bbox 281 4046 495 4112; x_wconf 85' lang='grc' dir='ltr'>γεῦσις.</span> <span class='ocrx_word' id='word_1_336' title='bbox 531 4046 643 4097; x_wconf 80' lang='grc' dir='ltr'><strong>Καὶ</strong></span> <span class='ocrx_word' id='word_1_337' title='bbox 675 4046 702 4097; x_wconf 86' lang='grc' dir='ltr'><strong>ό</strong></span> <span class='ocrx_word' id='word_1_338' title='bbox 735 4043 1033 4097; x_wconf 81' lang='grc' dir='ltr'>Νυσσαέων</span> <span class='ocrx_word' id='word_1_339' title='bbox 1062 4043 1118 4095; x_wconf 80' lang='grc' dir='ltr'>δὲ</span> <span class='ocrx_word' id='word_1_340' title='bbox 1152 4042 1293 4107; x_wconf 78' lang='grc' dir='ltr'>θεῖος</span> <span class='ocrx_word' id='word_1_341' title='bbox 1326 4042 1627 4114; x_wconf 87' lang='grc' dir='ltr'>Γρηγόριος</span> <span class='ocrx_word' id='word_1_342' title='bbox 1666 4045 1741 4113; x_wconf 85' lang='grc' dir='ltr'>μὴ</span> <span class='ocrx_word' id='word_1_343' title='bbox 1776 4044 1866 4096; x_wconf 78' lang='grc' dir='ltr'>δύ-</span> 
     </span>
    </p>
   </div>
   <div class='ocr_carea' id='block_1_41' title="bbox 282 4136 1867 4209">
    <p class='ocr_par' dir='ltr' id='par_1_41' title="bbox 282 4136 1867 4209">
     <span class='ocr_line' id='line_1_41' title="bbox 282 4136 1867 4209; baseline -0.001 -18"><span class='ocrx_word' id='word_1_344' title='bbox 282 4139 482 4191; x_wconf 77' lang='grc' dir='ltr'>νασθαί</span> <span class='ocrx_word' id='word_1_345' title='bbox 513 4154 678 4209; x_wconf 75' lang='grc' dir='ltr'>φησιν</span> <span class='ocrx_word' id='word_1_346' title='bbox 709 4136 990 4205; x_wconf 73' lang='grc' dir='ltr'>ἐνέργειαν</span> <span class='ocrx_word' id='word_1_347' title='bbox 1016 4137 1434 4207; x_wconf 80' lang='grc' dir='ltr'>ἀπεργαστικήν</span> <span class='ocrx_word' id='word_1_348' title='bbox 1462 4153 1579 4189; x_wconf 84' lang='grc' dir='ltr'>τινα</span> <span class='ocrx_word' id='word_1_349' title='bbox 1609 4136 1867 4208; x_wconf 71' lang='grc' dir='ltr'>πράγμα-</span> 
     </span>
    </p>
   </div>
   <div class='ocr_carea' id='block_1_42' title="bbox 281 4226 1861 4298">
    <p class='ocr_par' dir='ltr' id='par_1_42' title="bbox 281 4226 1861 4298">
     <span class='ocr_line' id='line_1_42' title="bbox 281 4226 1861 4298; baseline -0.001 -18"><span class='ocrx_word' id='word_1_350' title='bbox 281 4246 375 4290; x_wconf 82' lang='grc' dir='ltr'><strong>τος</strong></span> <span class='ocrx_word' id='word_1_351' title='bbox 408 4228 580 4298; x_wconf 81' lang='grc' dir='ltr'>αὐτὴν</span> <span class='ocrx_word' id='word_1_352' title='bbox 611 4227 694 4295; x_wconf 79' lang='grc' dir='ltr'><strong>ἐφ’</strong></span> <span class='ocrx_word' id='word_1_353' title='bbox 721 4227 913 4296; x_wconf 80' lang='grc' dir='ltr'>ἑαυτῆς</span> <span class='ocrx_word' id='word_1_354' title='bbox 941 4227 1227 4296; x_wconf 81' lang='grc' dir='ltr'>συστῆναι,</span> <span class='ocrx_word' id='word_1_355' title='bbox 1262 4227 1336 4297; x_wconf 79' lang='grc' dir='ltr'>μή</span> <span class='ocrx_word' id='word_1_356' title='bbox 1367 4244 1509 4289; x_wconf 82' lang='grc' dir='ltr'>τινος</span> <span class='ocrx_word' id='word_1_357' title='bbox 1535 4226 1861 4296; x_wconf 45' lang='grc' dir='ltr'>ὑποδεχομέν-</span> 
     </span>
    </p>
   </div>
   <div class='ocr_carea' id='block_1_43' title="bbox 281 4315 1863 4387">
    <p class='ocr_par' dir='ltr' id='par_1_43' title="bbox 281 4315 1863 4387">
     <span class='ocr_line' id='line_1_43' title="bbox 281 4315 1863 4387; baseline -0.001 -16"><span class='ocrx_word' id='word_1_358' title='bbox 281 4335 381 4372; x_wconf 84' lang='grc' dir='ltr'><strong>νου</strong></span> <span class='ocrx_word' id='word_1_359' title='bbox 403 4319 503 4387; x_wconf 83' lang='grc' dir='ltr'>τῆς</span> <span class='ocrx_word' id='word_1_360' title='bbox 532 4316 813 4385; x_wconf 76' lang='grc' dir='ltr'>ἐνεργείας</span> <span class='ocrx_word' id='word_1_361' title='bbox 837 4316 933 4385; x_wconf 80' lang='grc' dir='ltr'>τὴν</span> <span class='ocrx_word' id='word_1_362' title='bbox 961 4316 1196 4386; x_wconf 85' lang='grc' dir='ltr'>κίνησιν.</span> <span class='ocrx_word' id='word_1_363' title='bbox 1228 4316 1561 4384; x_wconf 75' lang='grc' dir='ltr'>’Λναγκαίαν</span> <span class='ocrx_word' id='word_1_364' title='bbox 1585 4318 1691 4384; x_wconf 70' lang='grc' dir='ltr'><strong>γὰρ</strong></span> <span class='ocrx_word' id='word_1_365' title='bbox 1718 4315 1863 4386; x_wconf 79' lang='grc' dir='ltr'>ἔχειν</span> 
     </span>
    </p>
   </div>
   <div class='ocr_carea' id='block_1_44' title="bbox 280 4408 1863 4479">
    <p class='ocr_par' dir='ltr' id='par_1_44' title="bbox 280 4408 1863 4479">
     <span class='ocr_line' id='line_1_44' title="bbox 280 4408 1863 4479; baseline 0 -16"><span class='ocrx_word' id='word_1_366' title='bbox 280 4410 461 4463; x_wconf 82' lang='grc' dir='ltr'>ταῦτα</span> <span class='ocrx_word' id='word_1_367' title='bbox 492 4411 593 4479; x_wconf 84' lang='grc' dir='ltr'><strong>τὴν</strong></span> <span class='ocrx_word' id='word_1_368' title='bbox 628 4409 813 4479; x_wconf 78' lang='grc' dir='ltr'>σχέσιν</span> <span class='ocrx_word' id='word_1_369' title='bbox 846 4408 983 4478; x_wconf 80' lang='grc' dir='ltr'>πρὸς</span> <span class='ocrx_word' id='word_1_370' title='bbox 1023 4408 1228 4477; x_wconf 70' lang='grc' dir='ltr'>ἄλληλα</span> <span class='ocrx_word' id='word_1_371' title='bbox 1261 4408 1364 4477; x_wconf 83' lang='grc' dir='ltr'>τήν</span> <span class='ocrx_word' id='word_1_372' title='bbox 1396 4424 1455 4460; x_wconf 84' lang='grc' dir='ltr'><strong>τε</strong></span> <span class='ocrx_word' id='word_1_373' title='bbox 1500 4410 1863 4479; x_wconf 82' lang='grc' dir='ltr'>ἐνεργητικὴν</span> 
     </span>
    </p>
   </div>
   <div class='ocr_carea' id='block_1_45' title="bbox 1289 321 2596 384">
    <p class='ocr_par' dir='ltr' id='par_1_45' title="bbox 1289 321 2596 384">
     <span class='ocr_line' id='line_1_45' title="bbox 1289 321 2596 384; baseline 0.002 -2"><span class='ocrx_word' id='word_1_374' title='bbox 1289 321 1741 383; x_wconf 65' lang='lat' dir='ltr'><strong>BYZANTlN/E</strong></span> <span class='ocrx_word' id='word_1_375' title='bbox 1784 323 2173 382; x_wconf 64' lang='grc' dir='ltr'><strong>ΠΙΞΤΟΙἨἙ</strong></span> <span class='ocrx_word' id='word_1_376' title='bbox 2222 324 2362 382; x_wconf 78' lang='lat' dir='ltr'><strong>LlB.</strong></span> <span class='ocrx_word' id='word_1_377' title='bbox 2416 325 2596 384; x_wconf 70' lang='lat' dir='ltr'><strong>XXX.</strong></span> 
     </span>
    </p>
   </div>
   <div class='ocr_carea' id='block_1_46' title="bbox 281 431 1869 505">
    <p class='ocr_par' dir='ltr' id='par_1_46' title="bbox 281 431 1869 505">
     <span class='ocr_line' id='line_1_46' title="bbox 281 431 1869 505; baseline -0.001 -21"><span class='ocrx_word' id='word_1_378' title='bbox 281 452 375 497; x_wconf 82' lang='lat' dir='ltr'><strong>vo;</strong></span> <span class='ocrx_word' id='word_1_379' title='bbox 395 432 570 487; x_wconf 86' lang='grc' dir='ltr'>ταῦτα</span> <span class='ocrx_word' id='word_1_380' title='bbox 590 435 659 504; x_wconf 79' lang='grc' dir='ltr'>τῇ</span> <span class='ocrx_word' id='word_1_381' title='bbox 686 432 937 505; x_wconf 75' lang='grc' dir='ltr'>παρούσῃ</span> <span class='ocrx_word' id='word_1_382' title='bbox 963 432 1157 503; x_wconf 80' lang='grc' dir='ltr'>σχεδίῳ</span> <span class='ocrx_word' id='word_1_383' title='bbox 1183 433 1342 503; x_wconf 77' lang='grc' dir='ltr'>σχολῇ</span> <span class='ocrx_word' id='word_1_384' title='bbox 1366 450 1379 463; x_wconf 85' lang='grc'><strong>·</strong></span> <span class='ocrx_word' id='word_1_385' title='bbox 1403 434 1688 503; x_wconf 73' lang='grc' dir='ltr'>εἰρήσεται</span> <span class='ocrx_word' id='word_1_386' title='bbox 1711 433 1761 484; x_wconf 81' lang='grc' dir='ltr'>δ’</span> <span class='ocrx_word' id='word_1_387' title='bbox 1779 431 1869 484; x_wconf 77' lang='grc' dir='ltr'><strong>οὖν</strong></span> 
     </span>
    </p>
   </div>
   <div class='ocr_carea' id='block_1_47' title="bbox 1973 431 3654 505">
    <p class='ocr_par' dir='ltr' id='par_1_47' title="bbox 1991 432 3654 505">
     <span class='ocr_line' id='line_1_47' title="bbox 1991 432 3654 505; baseline 0.007 -20"><span class='ocrx_word' id='word_1_388' title='bbox 1991 433 2112 502; x_wconf 76' lang='lat' dir='ltr'><strong>ejus</strong></span> <span class='ocrx_word' id='word_1_389' title='bbox 2135 433 2504 498; x_wconf 81' lang='lat' dir='ltr'><strong>cfﬁc&#39;entiam,</strong></span> <span class='ocrx_word' id='word_1_390' title='bbox 2530 444 2753 504; x_wconf 83' lang='lat' dir='ltr'><strong>propter</strong></span> <span class='ocrx_word' id='word_1_391' title='bbox 2776 435 3183 489; x_wconf 87' lang='lat' dir='ltr'><strong>multitudinem</strong></span> <span class='ocrx_word' id='word_1_392' title='bbox 3208 437 3421 505; x_wconf 89' lang='lat' dir='ltr'><strong>omitto,</strong></span> <span class='ocrx_word' id='word_1_393' title='bbox 3444 456 3571 495; x_wconf 87' lang='lat' dir='ltr'><strong>cum</strong></span> <span class='ocrx_word' id='word_1_394' title='bbox 3633 432 3654 458; x_wconf 78' lang='grc'><strong>’³</strong></span> 
     </span>
    </p>
   </div>
   <div class='ocr_carea' id='block_1_48' title="bbox 3468 330 3579 398">
    <p class='ocr_par' dir='ltr' id='par_1_48' title="bbox 3468 330 3579 398">
     <span class='ocr_line' id='line_1_48' title="bbox 3468 330 3579 398; baseline 0.036 -5"><span class='ocrx_word' id='word_1_395' title='bbox 3468 330 3579 398; x_wconf 77' lang='lat'><strong>262</strong></span> 
     </span>
    </p>
   </div>
   <div class='ocr_carea' id='block_1_49' title="bbox 1986 507 3667 619">
    <p class='ocr_par' dir='ltr' id='par_1_49' title="bbox 1986 507 3667 619">
     <span class='ocr_line' id='line_1_49' title="bbox 1986 507 3667 619; baseline -0.037 -41"><span class='ocrx_word' id='word_1_396' title='bbox 1986 525 2101 579; x_wconf 76' lang='lat' dir='ltr'><strong>haec</strong></span> <span class='ocrx_word' id='word_1_397' title='bbox 2137 526 2387 579; x_wconf 86' lang='lat' dir='ltr'><strong>sufﬁcere</strong></span> <span class='ocrx_word' id='word_1_398' title='bbox 2434 537 2620 595; x_wconf 84' lang='lat' dir='ltr'><strong>putem</strong></span> <span class='ocrx_word' id='word_1_399' title='bbox 2677 528 2806 581; x_wconf 84' lang='lat' dir='ltr'><strong>huic</strong></span> <span class='ocrx_word' id='word_1_400' title='bbox 2859 528 3138 597; x_wconf 83' lang='lat' dir='ltr'><strong>colloquio</strong></span> <span class='ocrx_word' id='word_1_401' title='bbox 3185 534 3569 601; x_wconf 80' lang='lat' dir='ltr'><strong>extemporali_</strong></span> 
     </span>
    </p>
   </div>
   <div class='ocr_carea' id='block_1_50' title="bbox 1976 618 3652 693">
    <p class='ocr_par' dir='ltr' id='par_1_50' title="bbox 1976 618 3652 693">
     <span class='ocr_line' id='line_1_50' title="bbox 1976 618 3652 693; baseline 0.006 -23"><span class='ocrx_word' id='word_1_402' title='bbox 1976 618 2238 672; x_wconf 76' lang='lat' dir='ltr'><strong>Dicentur</strong></span> <span class='ocrx_word' id='word_1_403' title='bbox 2278 620 2447 689; x_wconf 80' lang='lat' dir='ltr'><strong>igitur</strong></span> <span class='ocrx_word' id='word_1_404' title='bbox 2474 618 2703 674; x_wconf 83' lang='lat' dir='ltr'><strong>fortasse</strong></span> <span class='ocrx_word' id='word_1_405' title='bbox 2760 622 2925 675; x_wconf 88' lang='lat' dir='ltr'><strong>etiam</strong></span> <span class='ocrx_word' id='word_1_406' title='bbox 2960 633 3148 690; x_wconf 87' lang='lat' dir='ltr'><strong>postea</strong></span> <span class='ocrx_word' id='word_1_407' title='bbox 3181 626 3571 693; x_wconf 78' lang='lat' dir='ltr'><strong>progrediente</strong></span> <span class='ocrx_word' id='word_1_408' title='bbox 3644 618 3652 628; x_wconf 47' lang='grc'>³</span> 
     </span>
    </p>
   </div>
   <div class='ocr_carea' id='block_1_51' title="bbox 1975 711 3574 771">
    <p class='ocr_par' dir='ltr' id='par_1_51' title="bbox 1975 711 3574 771">
     <span class='ocr_line' id='line_1_51' title="bbox 1975 711 3574 771; baseline 0.006 -8"><span class='ocrx_word' id='word_1_409' title='bbox 1975 711 2042 765; x_wconf 88' lang='lat' dir='ltr'><strong>dc</strong></span> <span class='ocrx_word' id='word_1_410' title='bbox 2095 712 2189 765; x_wconf 83' lang='lat' dir='ltr'><strong>tali</strong></span> <span class='ocrx_word' id='word_1_411' title='bbox 2237 712 2533 766; x_wconf 76' lang='lat' dir='ltr'><strong>efficientia</strong></span> <span class='ocrx_word' id='word_1_412' title='bbox 2568 716 2842 768; x_wconf 70' lang='lat' dir='ltr'><strong>oratiouna.</strong></span> <span class='ocrx_word' id='word_1_413' title='bbox 2888 714 3047 769; x_wconf 76' lang='lat' dir='ltr'><strong>Nunc</strong></span> <span class='ocrx_word' id='word_1_414' title='bbox 3105 728 3290 770; x_wconf 87' lang='lat' dir='ltr'><strong>autem</strong></span> <span class='ocrx_word' id='word_1_415' title='bbox 3341 718 3574 771; x_wconf 85' lang='lat' dir='ltr'><strong>demon-</strong></span> 
     </span>
    </p>
   </div>
   <div class='ocr_carea' id='block_1_52' title="bbox 1974 804 3568 877">
    <p class='ocr_par' dir='ltr' id='par_1_52' title="bbox 1974 804 3568 877">
     <span class='ocr_line' id='line_1_52' title="bbox 1974 804 3568 877; baseline 0.004 -20"><span class='ocrx_word' id='word_1_416' title='bbox 1974 804 2262 858; x_wconf 85' lang='lat' dir='ltr'><strong>strandum</strong></span> <span class='ocrx_word' id='word_1_417' title='bbox 2290 814 2394 864; x_wconf 84' lang='lat' dir='ltr'><strong>est.</strong></span> <span class='ocrx_word' id='word_1_418' title='bbox 2417 807 2695 874; x_wconf 73' lang='lat' dir='ltr'><strong>quamodo</strong></span> <span class='ocrx_word' id='word_1_419' title='bbox 2737 817 3015 877; x_wconf 83' lang='lat' dir='ltr'><strong>assumpta</strong></span> <span class='ocrx_word' id='word_1_420' title='bbox 3050 808 3370 864; x_wconf 82' lang='lat' dir='ltr'><strong>definitione</strong></span> <span class='ocrx_word' id='word_1_421' title='bbox 3397 811 3568 865; x_wconf 80' lang='lat' dir='ltr'><strong>divini</strong></span> 
     </span>
    </p>
   </div>
   <div class='ocr_carea' id='block_1_53' title="bbox 1976 895 3571 966">
    <p class='ocr_par' dir='ltr' id='par_1_53' title="bbox 1976 895 3571 966">
     <span class='ocr_line' id='line_1_53' title="bbox 1976 895 3571 966; baseline 0.003 -17"><span class='ocrx_word' id='word_1_422' title='bbox 1976 895 2165 949; x_wconf 80' lang='lat' dir='ltr'><strong>Patres</strong></span> <span class='ocrx_word' id='word_1_423' title='bbox 2203 906 2259 949; x_wconf 88' lang='lat' dir='ltr'><strong>et</strong></span> <span class='ocrx_word' id='word_1_424' title='bbox 2301 897 2496 949; x_wconf 82' lang='lat' dir='ltr'><strong>Filium</strong></span> <span class='ocrx_word' id='word_1_425' title='bbox 2532 906 2588 951; x_wconf 88' lang='lat' dir='ltr'><strong>et</strong></span> <span class='ocrx_word' id='word_1_426' title='bbox 2634 898 2903 966; x_wconf 72' lang='lat' dir='ltr'><strong>Spiritum</strong></span> <span class='ocrx_word' id='word_1_427' title='bbox 2944 914 3195 954; x_wconf 80' lang='lat' dir='ltr'><strong>sanctum</strong></span> <span class='ocrx_word' id='word_1_428' title='bbox 3227 914 3427 954; x_wconf 75' lang='lat' dir='ltr'><strong>vocent</strong></span> <span class='ocrx_word' id='word_1_429' title='bbox 3456 903 3571 955; x_wconf 84' lang='lat' dir='ltr'><strong>t-fﬁ-</strong></span> 
     </span>
    </p>
   </div>
   <div class='ocr_carea' id='block_1_54' title="bbox 1974 984 3571 1065">
    <p class='ocr_par' dir='ltr' id='par_1_54' title="bbox 1974 984 3571 1065">
     <span class='ocr_line' id='line_1_54' title="bbox 1974 984 3571 1065; baseline 0.005 -23"><span class='ocrx_word' id='word_1_430' title='bbox 1974 988 2233 1042; x_wconf 87' lang='lat' dir='ltr'><strong>cientiam</strong></span> <span class='ocrx_word' id='word_1_431' title='bbox 2271 984 2328 1043; x_wconf 83' lang='lat' dir='ltr'><strong>et</strong></span> <span class='ocrx_word' id='word_1_432' title='bbox 2356 1006 2548 1042; x_wconf 90' lang='lat' dir='ltr'><strong>eorum</strong></span> <span class='ocrx_word' id='word_1_433' title='bbox 2583 991 2827 1060; x_wconf 84' lang='lat' dir='ltr'><strong>ipsorum</strong></span> <span class='ocrx_word' id='word_1_434' title='bbox 2867 992 3239 1057; x_wconf 87' lang='lat' dir='ltr'><strong>eflicientiam,</strong></span> <span class='ocrx_word' id='word_1_435' title='bbox 3275 1005 3571 1065; x_wconf 86' lang='lat' dir='ltr'><strong>utrumque</strong></span> 
     </span>
    </p>
   </div>
   <div class='ocr_carea' id='block_1_55' title="bbox 1975 1084 3571 1156">
    <p class='ocr_par' dir='ltr' id='par_1_55' title="bbox 1975 1084 3571 1156">
     <span class='ocr_line' id='line_1_55' title="bbox 1975 1084 3571 1156; baseline 0.005 -21"><span class='ocrx_word' id='word_1_436' title='bbox 1975 1084 2416 1138; x_wconf 89' lang='lat' dir='ltr'><strong>accommodate.</strong></span> <span class='ocrx_word' id='word_1_437' title='bbox 2450 1087 2629 1153; x_wconf 83' lang='lat' dir='ltr'><strong>Atque</strong></span> <span class='ocrx_word' id='word_1_438' title='bbox 2662 1085 2729 1138; x_wconf 93' lang='lat' dir='ltr'><strong>de</strong></span> <span class='ocrx_word' id='word_1_439' title='bbox 2781 1085 2919 1139; x_wconf 85' lang='lat' dir='ltr'><strong>Filio</strong></span> <span class='ocrx_word' id='word_1_440' title='bbox 2960 1087 3181 1156; x_wconf 83' lang='lat' dir='ltr'><strong>quidem</strong></span> <span class='ocrx_word' id='word_1_441' title='bbox 3231 1087 3571 1144; x_wconf 82' lang='lat' dir='ltr'><strong>Athanasius</strong></span> 
     </span>
    </p>
   </div>
   <div class='ocr_carea' id='block_1_56' title="bbox 1974 1172 3571 1246">
    <p class='ocr_par' dir='ltr' id='par_1_56' title="bbox 1974 1172 3571 1246">
     <span class='ocr_line' id='line_1_56' title="bbox 1974 1172 3571 1246; baseline 0.006 -21"><span class='ocrx_word' id='word_1_442' title='bbox 1974 1172 2200 1226; x_wconf 90' lang='lat' dir='ltr'><strong>divinus</strong></span> <span class='ocrx_word' id='word_1_443' title='bbox 2237 1175 2307 1226; x_wconf 80' lang='lat' dir='ltr'><strong>ita</strong></span> <span class='ocrx_word' id='word_1_444' title='bbox 2342 1174 2479 1227; x_wconf 89' lang='lat' dir='ltr'><strong>dicit</strong></span> <span class='ocrx_word' id='word_1_445' title='bbox 2509 1191 2523 1224; x_wconf 88' lang='lat'><strong>:</strong></span> <span class='ocrx_word' id='word_1_446' title='bbox 2555 1174 2672 1228; x_wconf 86' lang='lat' dir='ltr'><strong>Non</strong></span> <span class='ocrx_word' id='word_1_447' title='bbox 2700 1175 2925 1228; x_wconf 84' lang='lat' dir='ltr'><strong>dubium</strong></span> <span class='ocrx_word' id='word_1_448' title='bbox 2955 1186 3059 1242; x_wconf 86' lang='lat' dir='ltr'><strong>est,</strong></span> <span class='ocrx_word' id='word_1_449' title='bbox 3089 1178 3221 1246; x_wconf 85' lang='lat' dir='ltr'><strong>quin</strong></span> <span class='ocrx_word' id='word_1_450' title='bbox 3252 1178 3341 1233; x_wconf 84' lang='lat' dir='ltr'><strong>ille</strong></span> <span class='ocrx_word' id='word_1_451' title='bbox 3370 1180 3440 1233; x_wconf 88' lang='lat' dir='ltr'><strong>sit</strong></span> <span class='ocrx_word' id='word_1_452' title='bbox 3466 1179 3571 1233; x_wconf 85' lang='lat' dir='ltr'><strong>Pa-</strong></span> 
     </span>
    </p>
   </div>
   <div class='ocr_carea' id='block_1_57' title="bbox 1977 1264 3569 1337">
    <p class='ocr_par' dir='ltr' id='par_1_57' title="bbox 1977 1264 3569 1337">
     <span class='ocr_line' id='line_1_57' title="bbox 1977 1264 3569 1337; baseline 0.006 -22"><span class='ocrx_word' id='word_1_453' title='bbox 1977 1265 2079 1315; x_wconf 88' lang='lat' dir='ltr'><strong>tris</strong></span> <span class='ocrx_word' id='word_1_454' title='bbox 2107 1264 2230 1317; x_wconf 82' lang='lat' dir='ltr'><strong>viva</strong></span> <span class='ocrx_word' id='word_1_455' title='bbox 2260 1266 2550 1329; x_wconf 71' lang='lat' dir='ltr'><strong>voluntas,</strong></span> <span class='ocrx_word' id='word_1_456' title='bbox 2583 1278 2638 1319; x_wconf 90' lang='lat' dir='ltr'><strong>et</strong></span> <span class='ocrx_word' id='word_1_457' title='bbox 2680 1266 2748 1320; x_wconf 88' lang='lat' dir='ltr'><strong>ad</strong></span> <span class='ocrx_word' id='word_1_458' title='bbox 2783 1269 3083 1321; x_wconf 87' lang='lat' dir='ltr'><strong>essentiam</strong></span> <span class='ocrx_word' id='word_1_459' title='bbox 3117 1270 3403 1337; x_wconf 82' lang='lat' dir='ltr'><strong>pertinens</strong></span> <span class='ocrx_word' id='word_1_460' title='bbox 3442 1271 3569 1323; x_wconf 83' lang='lat' dir='ltr'><strong>effi—</strong></span> 
     </span>
    </p>
   </div>
   <div class='ocr_carea' id='block_1_58' title="bbox 1976 1357 3565 1430">
    <p class='ocr_par' dir='ltr' id='par_1_58' title="bbox 1976 1357 3565 1430">
     <span class='ocr_line' id='line_1_58' title="bbox 1976 1357 3565 1430; baseline 0.006 -21"><span class='ocrx_word' id='word_1_461' title='bbox 1976 1357 2203 1422; x_wconf 85' lang='lat' dir='ltr'><strong>cientia,</strong></span> <span class='ocrx_word' id='word_1_462' title='bbox 2252 1370 2308 1411; x_wconf 90' lang='lat' dir='ltr'><strong>et</strong></span> <span class='ocrx_word' id='word_1_463' title='bbox 2341 1360 2479 1414; x_wconf 82' lang='lat' dir='ltr'><strong>ratio</strong></span> <span class='ocrx_word' id='word_1_464' title='bbox 2504 1375 2659 1415; x_wconf 86' lang='lat' dir='ltr'><strong>vera.</strong></span> <span class='ocrx_word' id='word_1_465' title='bbox 2697 1361 2772 1415; x_wconf 85' lang='lat' dir='ltr'><strong>De</strong></span> <span class='ocrx_word' id='word_1_466' title='bbox 2807 1359 3018 1430; x_wconf 81' lang='lat' dir='ltr'><strong>Spiritu</strong></span> <span class='ocrx_word' id='word_1_467' title='bbox 3065 1375 3251 1416; x_wconf 86' lang='lat' dir='ltr'><strong>autem</strong></span> <span class='ocrx_word' id='word_1_468' title='bbox 3302 1364 3443 1417; x_wconf 82' lang='lat' dir='ltr'><strong>idem</strong></span> <span class='ocrx_word' id='word_1_469' title='bbox 3493 1364 3565 1418; x_wconf 89' lang='lat' dir='ltr'><strong>ita</strong></span> 
     </span>
    </p>
   </div>
   <div class='ocr_carea' id='block_1_59' title="bbox 1974 1449 3566 1518">
    <p class='ocr_par' dir='ltr' id='par_1_59' title="bbox 1974 1449 3566 1518">
     <span class='ocr_line' id='line_1_59' title="bbox 1974 1449 3566 1518; baseline 0.003 -13"><span class='ocrx_word' id='word_1_470' title='bbox 1974 1450 2222 1517; x_wconf 82' lang='lat' dir='ltr'><strong>loquitur</strong></span> <span class='ocrx_word' id='word_1_471' title='bbox 2259 1449 2438 1506; x_wconf 86' lang='lat' dir='ltr'><strong>:Cum</strong></span> <span class='ocrx_word' id='word_1_472' title='bbox 2470 1464 2617 1506; x_wconf 86' lang='lat' dir='ltr'><strong>unus</strong></span> <span class='ocrx_word' id='word_1_473' title='bbox 2663 1452 2735 1507; x_wconf 86' lang='lat' dir='ltr'><strong>sit</strong></span> <span class='ocrx_word' id='word_1_474' title='bbox 2786 1453 2959 1508; x_wconf 86' lang='lat' dir='ltr'><strong>Filius</strong></span> <span class='ocrx_word' id='word_1_475' title='bbox 3007 1454 3146 1507; x_wconf 87' lang='lat' dir='ltr'><strong>ratio</strong></span> <span class='ocrx_word' id='word_1_476' title='bbox 3193 1454 3355 1518; x_wconf 84' lang='lat' dir='ltr'><strong>viva,</strong></span> <span class='ocrx_word' id='word_1_477' title='bbox 3405 1470 3566 1510; x_wconf 88' lang='lat' dir='ltr'><strong>unam</strong></span> 
     </span>
    </p>
   </div>
   <div class='ocr_carea' id='block_1_60' title="bbox 1976 1543 3566 1613">
    <p class='ocr_par' dir='ltr' id='par_1_60' title="bbox 1976 1543 3566 1613">
     <span class='ocr_line' id='line_1_60' title="bbox 1976 1543 3566 1613; baseline 0.001 -19"><span class='ocrx_word' id='word_1_478' title='bbox 1976 1552 2193 1610; x_wconf 79' lang='lat' dir='ltr'><strong>Oportet</strong></span> <span class='ocrx_word' id='word_1_479' title='bbox 2249 1543 2550 1611; x_wconf 84' lang='lat' dir='ltr'><strong>perfectam</strong></span> <span class='ocrx_word' id='word_1_480' title='bbox 2580 1552 2634 1597; x_wconf 88' lang='lat' dir='ltr'><strong>et</strong></span> <span class='ocrx_word' id='word_1_481' title='bbox 2661 1544 2876 1613; x_wconf 86' lang='lat' dir='ltr'><strong>plenam</strong></span> <span class='ocrx_word' id='word_1_482' title='bbox 2907 1560 3031 1599; x_wconf 89' lang='lat' dir='ltr'><strong>esse</strong></span> <span class='ocrx_word' id='word_1_483' title='bbox 3063 1547 3228 1599; x_wconf 89' lang='lat' dir='ltr'><strong>vitam</strong></span> <span class='ocrx_word' id='word_1_484' title='bbox 3264 1546 3410 1600; x_wconf 82' lang='lat' dir='ltr'><strong>illam</strong></span> <span class='ocrx_word' id='word_1_485' title='bbox 3443 1562 3566 1602; x_wconf 84' lang='lat' dir='ltr'><strong>san-</strong></span> 
     </span>
    </p>
   </div>
   <div class='ocr_carea' id='block_1_61' title="bbox 1981 1633 3564 1708">
    <p class='ocr_par' dir='ltr' id='par_1_61' title="bbox 1981 1633 3564 1708">
     <span class='ocr_line' id='line_1_61' title="bbox 1981 1633 3564 1708; baseline 0.004 -21"><span class='ocrx_word' id='word_1_486' title='bbox 1981 1633 2215 1689; x_wconf 85' lang='lat' dir='ltr'><strong>ctificam</strong></span> <span class='ocrx_word' id='word_1_487' title='bbox 2248 1643 2303 1688; x_wconf 90' lang='lat' dir='ltr'><strong>et</strong></span> <span class='ocrx_word' id='word_1_488' title='bbox 2328 1636 2627 1701; x_wconf 89' lang='lat' dir='ltr'><strong>lucentem,</strong></span> <span class='ocrx_word' id='word_1_489' title='bbox 2650 1652 2775 1691; x_wconf 91' lang='lat' dir='ltr'><strong>cum</strong></span> <span class='ocrx_word' id='word_1_490' title='bbox 2806 1638 2872 1691; x_wconf 87' lang='lat' dir='ltr'><strong>sit</strong></span> <span class='ocrx_word' id='word_1_491' title='bbox 2904 1637 3196 1693; x_wconf 85' lang='lat' dir='ltr'><strong>efﬁcientia</strong></span> <span class='ocrx_word' id='word_1_492' title='bbox 3213 1639 3329 1708; x_wconf 67' lang='lat' dir='ltr'><strong>ejus</strong></span> <span class='ocrx_word' id='word_1_493' title='bbox 3361 1648 3417 1693; x_wconf 87' lang='lat' dir='ltr'><strong>et</strong></span> <span class='ocrx_word' id='word_1_494' title='bbox 3446 1641 3564 1699; x_wconf 82' lang='lat' dir='ltr'><strong>dos,</strong></span> 
     </span>
    </p>
   </div>
   <div class='ocr_carea' id='block_1_62' title="bbox 1977 1728 3561 1799">
    <p class='ocr_par' dir='ltr' id='par_1_62' title="bbox 1977 1728 3561 1799">
     <span class='ocr_line' id='line_1_62' title="bbox 1977 1728 3561 1799; baseline 0.002 -19"><span class='ocrx_word' id='word_1_495' title='bbox 1977 1741 2096 1796; x_wconf 72' lang='lat' dir='ltr'><strong>qua:</strong></span> <span class='ocrx_word' id='word_1_496' title='bbox 2119 1743 2149 1781; x_wconf 87' lang='lat' dir='ltr'><strong>a</strong></span> <span class='ocrx_word' id='word_1_497' title='bbox 2182 1728 2341 1782; x_wconf 84' lang='lat' dir='ltr'><strong>Patre</strong></span> <span class='ocrx_word' id='word_1_498' title='bbox 2368 1728 2574 1784; x_wconf 88' lang='lat' dir='ltr'><strong>dicitur</strong></span> <span class='ocrx_word' id='word_1_499' title='bbox 2597 1729 2893 1799; x_wconf 72' lang='lat' dir='ltr'><strong>proficisci.</strong></span> <span class='ocrx_word' id='word_1_500' title='bbox 2923 1730 3163 1797; x_wconf 77' lang='lat' dir='ltr'><strong>Cyrillus</strong></span> <span class='ocrx_word' id='word_1_501' title='bbox 3185 1741 3370 1786; x_wconf 86' lang='lat' dir='ltr'><strong>autem</strong></span> <span class='ocrx_word' id='word_1_502' title='bbox 3397 1732 3561 1787; x_wconf 84' lang='lat' dir='ltr'><strong>simili</strong></span> 
     </span>
    </p>
   </div>
   <div class='ocr_carea' id='block_1_63' title="bbox 1979 1820 3569 1891">
    <p class='ocr_par' dir='ltr' id='par_1_63' title="bbox 1979 1820 3569 1891">
     <span class='ocr_line' id='line_1_63' title="bbox 1979 1820 3569 1891; baseline 0.005 -20"><span class='ocrx_word' id='word_1_503' title='bbox 1979 1820 2139 1873; x_wconf 89' lang='lat' dir='ltr'><strong>modo</strong></span> <span class='ocrx_word' id='word_1_504' title='bbox 2174 1832 2225 1875; x_wconf 90' lang='lat' dir='ltr'><strong>et</strong></span> <span class='ocrx_word' id='word_1_505' title='bbox 2261 1820 2403 1888; x_wconf 89' lang='lat' dir='ltr'><strong>ipse,</strong></span> <span class='ocrx_word' id='word_1_506' title='bbox 2435 1821 2505 1877; x_wconf 88' lang='lat' dir='ltr'><strong>Et</strong></span> <span class='ocrx_word' id='word_1_507' title='bbox 2533 1821 2727 1885; x_wconf 83' lang='lat' dir='ltr'><strong>Filius,</strong></span> <span class='ocrx_word' id='word_1_508' title='bbox 2763 1822 2961 1891; x_wconf 86' lang='lat' dir='ltr'><strong>inquit,</strong></span> <span class='ocrx_word' id='word_1_509' title='bbox 2988 1833 3042 1878; x_wconf 89' lang='lat' dir='ltr'><strong>ct</strong></span> <span class='ocrx_word' id='word_1_510' title='bbox 3075 1824 3195 1876; x_wconf 81' lang='lat' dir='ltr'><strong>viva</strong></span> <span class='ocrx_word' id='word_1_511' title='bbox 3228 1833 3283 1879; x_wconf 88' lang='lat' dir='ltr'><strong>et</strong></span> <span class='ocrx_word' id='word_1_512' title='bbox 3312 1825 3569 1879; x_wconf 68' lang='lat' dir='ltr'><strong>essentize</strong></span> 
     </span>
    </p>
   </div>
   <div class='ocr_carea' id='block_1_64' title="bbox 1974 1910 3570 1984">
    <p class='ocr_par' dir='ltr' id='par_1_64' title="bbox 1974 1910 3570 1984">
     <span class='ocr_line' id='line_1_64' title="bbox 1974 1910 3570 1984; baseline 0.004 -21"><span class='ocrx_word' id='word_1_513' title='bbox 1974 1912 2169 1966; x_wconf 88' lang='lat' dir='ltr'><strong>similis</strong></span> <span class='ocrx_word' id='word_1_514' title='bbox 2200 1911 2490 1967; x_wconf 67' lang='lat' dir='ltr'><strong>efficientia</strong></span> <span class='ocrx_word' id='word_1_515' title='bbox 2522 1922 2578 1967; x_wconf 91' lang='lat' dir='ltr'><strong>et</strong></span> <span class='ocrx_word' id='word_1_516' title='bbox 2619 1914 2700 1968; x_wconf 87' lang='lat' dir='ltr'><strong>vis</strong></span> <span class='ocrx_word' id='word_1_517' title='bbox 2725 1922 2780 1969; x_wconf 87' lang='lat' dir='ltr'><strong>et</strong></span> <span class='ocrx_word' id='word_1_518' title='bbox 2808 1915 3072 1984; x_wconf 82' lang='lat' dir='ltr'><strong>sapientia</strong></span> <span class='ocrx_word' id='word_1_519' title='bbox 3102 1910 3570 1979; x_wconf 74' lang='lat' dir='ltr'><strong>Patris,&#39;eflicien-</strong></span> 
     </span>
    </p>
   </div>
   <div class='ocr_carea' id='block_1_65' title="bbox 1976 2001 3566 2072">
    <p class='ocr_par' dir='ltr' id='par_1_65' title="bbox 1976 2001 3566 2072">
     <span class='ocr_line' id='line_1_65' title="bbox 1976 2001 3566 2072; baseline 0.006 -19"><span class='ocrx_word' id='word_1_520' title='bbox 1976 2001 2047 2053; x_wconf 91' lang='lat' dir='ltr'><strong>tia</strong></span> <span class='ocrx_word' id='word_1_521' title='bbox 2082 2002 2246 2054; x_wconf 84' lang='lat' dir='ltr'><strong>etiam</strong></span> <span class='ocrx_word' id='word_1_522' title='bbox 2281 2001 2403 2056; x_wconf 84' lang='lat' dir='ltr'><strong>Filii</strong></span> <span class='ocrx_word' id='word_1_523' title='bbox 2441 2014 2526 2058; x_wconf 88' lang='lat' dir='ltr'><strong>est</strong></span> <span class='ocrx_word' id='word_1_524' title='bbox 2568 2003 2808 2072; x_wconf 86' lang='lat' dir='ltr'><strong>Spiritus</strong></span> <span class='ocrx_word' id='word_1_525' title='bbox 2842 2014 3088 2059; x_wconf 88' lang='lat' dir='ltr'><strong>sanctus.</strong></span> <span class='ocrx_word' id='word_1_526' title='bbox 3148 2006 3449 2061; x_wconf 84' lang='lat' dir='ltr'><strong>Ellicientia</strong></span> <span class='ocrx_word' id='word_1_527' title='bbox 3480 2008 3566 2061; x_wconf 61' lang='lat' dir='ltr'><strong>dio</strong></span> 
     </span>
    </p>
   </div>
   <div class='ocr_carea' id='block_1_66' title="bbox 1973 2084 3567 2164">
    <p class='ocr_par' dir='ltr' id='par_1_66' title="bbox 1973 2084 3567 2164">
     <span class='ocr_line' id='line_1_66' title="bbox 1973 2084 3567 2164; baseline 0.004 -17"><span class='ocrx_word' id='word_1_528' title='bbox 1973 2094 2122 2147; x_wconf 91' lang='lat' dir='ltr'><strong>citur</strong></span> <span class='ocrx_word' id='word_1_529' title='bbox 2150 2092 2318 2147; x_wconf 89' lang='lat' dir='ltr'><strong>etiam</strong></span> <span class='ocrx_word' id='word_1_530' title='bbox 2351 2094 2453 2159; x_wconf 81' lang='lat' dir='ltr'><strong>vis,</strong></span> <span class='ocrx_word' id='word_1_531' title='bbox 2492 2110 2615 2163; x_wconf 69' lang='lat' dir='ltr'><strong>qua:</strong></span> <span class='ocrx_word' id='word_1_532' title='bbox 2644 2097 2846 2164; x_wconf 87' lang='lat' dir='ltr'><strong>cuique</strong></span> <span class='ocrx_word' id='word_1_533' title='bbox 2871 2084 2957 2149; x_wconf 83' lang='lat' dir='ltr'><strong>rei</strong></span> <span class='ocrx_word' id='word_1_534' title='bbox 2995 2111 3023 2149; x_wconf 88' lang='lat' dir='ltr'><strong>a</strong></span> <span class='ocrx_word' id='word_1_535' title='bbox 3066 2106 3262 2150; x_wconf 89' lang='lat' dir='ltr'><strong>natura</strong></span> <span class='ocrx_word' id='word_1_536' title='bbox 3298 2097 3466 2161; x_wconf 86' lang='lat' dir='ltr'><strong>inest,</strong></span> <span class='ocrx_word' id='word_1_537' title='bbox 3505 2108 3567 2153; x_wconf 88' lang='lat' dir='ltr'><strong>ut</strong></span> 
     </span>
    </p>
   </div>
   <div class='ocr_carea' id='block_1_67' title="bbox 1973 2184 3564 2260">
    <p class='ocr_par' dir='ltr' id='par_1_67' title="bbox 1973 2184 3564 2260">
     <span class='ocr_line' id='line_1_67' title="bbox 1973 2184 3564 2260; baseline 0.006 -24"><span class='ocrx_word' id='word_1_538' title='bbox 1973 2184 2058 2239; x_wconf 92' lang='lat' dir='ltr'><strong>vis</strong></span> <span class='ocrx_word' id='word_1_539' title='bbox 2115 2184 2478 2239; x_wconf 81' lang='lat' dir='ltr'><strong>calefaciendi</strong></span> <span class='ocrx_word' id='word_1_540' title='bbox 2533 2185 2696 2256; x_wconf 74' lang='lat'><strong>297</strong></span> <span class='ocrx_word' id='word_1_541' title='bbox 2752 2187 2863 2257; x_wconf 81' lang='lat' dir='ltr'><strong>igni</strong></span> <span class='ocrx_word' id='word_1_542' title='bbox 2918 2188 3105 2251; x_wconf 87' lang='lat' dir='ltr'><strong>inest,</strong></span> <span class='ocrx_word' id='word_1_543' title='bbox 3157 2201 3209 2243; x_wconf 92' lang='lat' dir='ltr'><strong>et</strong></span> <span class='ocrx_word' id='word_1_544' title='bbox 3267 2189 3564 2260; x_wconf 82' lang='lat' dir='ltr'><strong>frigerandi</strong></span> 
     </span>
    </p>
   </div>
   <div class='ocr_carea' id='block_1_68' title="bbox 1974 2277 3566 2344">
    <p class='ocr_par' dir='ltr' id='par_1_68' title="bbox 1974 2277 3566 2344">
     <span class='ocr_line' id='line_1_68' title="bbox 1974 2277 3566 2344; baseline 0.005 -14"><span class='ocrx_word' id='word_1_545' title='bbox 1974 2277 2113 2341; x_wconf 90' lang='lat' dir='ltr'><strong>nivi,</strong></span> <span class='ocrx_word' id='word_1_546' title='bbox 2145 2285 2202 2331; x_wconf 86' lang='lat' dir='ltr'><strong>et</strong></span> <span class='ocrx_word' id='word_1_547' title='bbox 2246 2278 2528 2333; x_wconf 87' lang='lat' dir='ltr'><strong>sentiendi</strong></span> <span class='ocrx_word' id='word_1_548' title='bbox 2578 2279 2843 2344; x_wconf 87' lang='lat' dir='ltr'><strong>animali,</strong></span> <span class='ocrx_word' id='word_1_549' title='bbox 2879 2290 2941 2335; x_wconf 88' lang='lat' dir='ltr'><strong>et</strong></span> <span class='ocrx_word' id='word_1_550' title='bbox 2982 2280 3249 2335; x_wconf 70' lang='lat' dir='ltr'><strong>alliciendi</strong></span> <span class='ocrx_word' id='word_1_551' title='bbox 3282 2283 3566 2338; x_wconf 79' lang='lat' dir='ltr'><strong>efficienti.</strong></span> 
     </span>
    </p>
   </div>
   <div class='ocr_carea' id='block_1_69' title="bbox 1973 2366 3569 2441">
    <p class='ocr_par' dir='ltr' id='par_1_69' title="bbox 1973 2366 3569 2441">
     <span class='ocr_line' id='line_1_69' title="bbox 1973 2366 3569 2441; baseline 0.006 -20"><span class='ocrx_word' id='word_1_552' title='bbox 1973 2366 2152 2423; x_wconf 88' lang='lat' dir='ltr'><strong>Etiam</strong></span> <span class='ocrx_word' id='word_1_553' title='bbox 2198 2368 2488 2424; x_wconf 88' lang='lat' dir='ltr'><strong>efﬁcientis</strong></span> <span class='ocrx_word' id='word_1_554' title='bbox 2538 2373 2621 2425; x_wconf 86' lang='lat' dir='ltr'><strong>vis</strong></span> <span class='ocrx_word' id='word_1_555' title='bbox 2654 2370 2924 2441; x_wconf 81' lang='lat' dir='ltr'><strong>perfectio</strong></span> <span class='ocrx_word' id='word_1_556' title='bbox 2957 2373 3160 2428; x_wconf 90' lang='lat' dir='ltr'><strong>dicitur</strong></span> <span class='ocrx_word' id='word_1_557' title='bbox 3194 2372 3485 2430; x_wconf 78' lang='lat' dir='ltr'><strong>efﬁcientia</strong></span> <span class='ocrx_word' id='word_1_558' title='bbox 3509 2381 3569 2431; x_wconf 84' lang='lat' dir='ltr'><strong>et</strong></span> 
     </span>
    </p>
   </div>
   <div class='ocr_carea' id='block_1_70' title="bbox 1973 2458 3565 2527">
    <p class='ocr_par' dir='ltr' id='par_1_70' title="bbox 1973 2458 3565 2527">
     <span class='ocr_line' id='line_1_70' title="bbox 1973 2458 3565 2527; baseline 0.006 -14"><span class='ocrx_word' id='word_1_559' title='bbox 1973 2458 2177 2513; x_wconf 83' lang='lat' dir='ltr'><strong>factum</strong></span> <span class='ocrx_word' id='word_1_560' title='bbox 2208 2468 2265 2515; x_wconf 90' lang='lat' dir='ltr'><strong>et</strong></span> <span class='ocrx_word' id='word_1_561' title='bbox 2304 2460 2592 2527; x_wconf 67' lang='lat' dir='ltr'><strong>enectum,</strong></span> <span class='ocrx_word' id='word_1_562' title='bbox 2630 2473 2688 2518; x_wconf 92' lang='lat' dir='ltr'><strong>ut</strong></span> <span class='ocrx_word' id='word_1_563' title='bbox 2716 2464 2856 2519; x_wconf 84' lang='lat' dir='ltr'><strong>facta</strong></span> <span class='ocrx_word' id='word_1_564' title='bbox 2885 2476 2941 2519; x_wconf 93' lang='lat' dir='ltr'><strong>et</strong></span> <span class='ocrx_word' id='word_1_565' title='bbox 2970 2464 3279 2522; x_wconf 83' lang='lat' dir='ltr'><strong>eflicientiae</strong></span> <span class='ocrx_word' id='word_1_566' title='bbox 3329 2468 3425 2523; x_wconf 87' lang='lat' dir='ltr'><strong>Dei</strong></span> <span class='ocrx_word' id='word_1_567' title='bbox 3477 2468 3565 2523; x_wconf 88' lang='lat' dir='ltr'><strong>di-</strong></span> 
     </span>
    </p>
   </div>
   <div class='ocr_carea' id='block_1_71' title="bbox 1972 2555 3565 2626">
    <p class='ocr_par' dir='ltr' id='par_1_71' title="bbox 1972 2555 3565 2626">
     <span class='ocr_line' id='line_1_71' title="bbox 1972 2555 3565 2626; baseline 0.005 -19"><span class='ocrx_word' id='word_1_568' title='bbox 1972 2562 2176 2607; x_wconf 90' lang='lat' dir='ltr'><strong>cuntur</strong></span> <span class='ocrx_word' id='word_1_569' title='bbox 2209 2561 2353 2607; x_wconf 86' lang='lat' dir='ltr'><strong>terra</strong></span> <span class='ocrx_word' id='word_1_570' title='bbox 2382 2563 2438 2609; x_wconf 91' lang='lat' dir='ltr'><strong>et</strong></span> <span class='ocrx_word' id='word_1_571' title='bbox 2471 2555 2673 2609; x_wconf 67' lang='lat' dir='ltr'><strong>caelum</strong></span> <span class='ocrx_word' id='word_1_572' title='bbox 2698 2564 2754 2610; x_wconf 87' lang='lat' dir='ltr'><strong>et</strong></span> <span class='ocrx_word' id='word_1_573' title='bbox 2782 2572 2905 2626; x_wconf 79' lang='lat' dir='ltr'><strong>quae</strong></span> <span class='ocrx_word' id='word_1_574' title='bbox 2934 2558 2989 2612; x_wconf 92' lang='lat' dir='ltr'><strong>in</strong></span> <span class='ocrx_word' id='word_1_575' title='bbox 3022 2558 3089 2612; x_wconf 91' lang='lat' dir='ltr'><strong>iis</strong></span> <span class='ocrx_word' id='word_1_576' title='bbox 3120 2571 3437 2614; x_wconf 84' lang='lat' dir='ltr'><strong>versantur.</strong></span> <span class='ocrx_word' id='word_1_577' title='bbox 3475 2564 3565 2616; x_wconf 79' lang='lat' dir='ltr'><strong>Ait</strong></span> 
     </span>
    </p>
   </div>
   <div class='ocr_carea' id='block_1_72' title="bbox 1972 2645 3564 2707">
    <p class='ocr_par' dir='ltr' id='par_1_72' title="bbox 1972 2645 3564 2707">
     <span class='ocr_line' id='line_1_72' title="bbox 1972 2645 3564 2707; baseline 0.004 -7"><span class='ocrx_word' id='word_1_578' title='bbox 1972 2645 2121 2700; x_wconf 84' lang='lat' dir='ltr'><strong>enim</strong></span> <span class='ocrx_word' id='word_1_579' title='bbox 2178 2645 2407 2702; x_wconf 87' lang='lat' dir='ltr'><strong>divinus</strong></span> <span class='ocrx_word' id='word_1_580' title='bbox 2460 2647 2702 2704; x_wconf 81' lang='lat' dir='ltr'><strong>Joannes</strong></span> <span class='ocrx_word' id='word_1_581' title='bbox 2761 2649 3132 2705; x_wconf 85' lang='lat' dir='ltr'><strong>Damascenus</strong></span> <span class='ocrx_word' id='word_1_582' title='bbox 3189 2668 3204 2705; x_wconf 89' lang='lat'><strong>:</strong></span> <span class='ocrx_word' id='word_1_583' title='bbox 3266 2652 3564 2707; x_wconf 84' lang='lat' dir='ltr'><strong>Efﬁcientia</strong></span> 
     </span>
    </p>
   </div>
   <div class='ocr_carea' id='block_1_73' title="bbox 1972 2738 3562 2807">
    <p class='ocr_par' dir='ltr' id='par_1_73' title="bbox 1972 2738 3562 2807">
     <span class='ocr_line' id='line_1_73' title="bbox 1972 2738 3562 2807; baseline 0.006 -14"><span class='ocrx_word' id='word_1_584' title='bbox 1972 2738 2139 2793; x_wconf 89' lang='lat' dir='ltr'><strong>etiam</strong></span> <span class='ocrx_word' id='word_1_585' title='bbox 2175 2738 2435 2794; x_wconf 81' lang='lat' dir='ltr'><strong>eﬂ&#39;ectum</strong></span> <span class='ocrx_word' id='word_1_586' title='bbox 2469 2740 2701 2807; x_wconf 90' lang='lat' dir='ltr'><strong>dicitur,</strong></span> <span class='ocrx_word' id='word_1_587' title='bbox 2748 2750 2804 2797; x_wconf 92' lang='lat' dir='ltr'><strong>et</strong></span> <span class='ocrx_word' id='word_1_588' title='bbox 2857 2756 2924 2797; x_wconf 78' lang='lat' dir='ltr'><strong>ex</strong></span> <span class='ocrx_word' id='word_1_589' title='bbox 2978 2745 3258 2799; x_wconf 90' lang='lat' dir='ltr'><strong>contrario</strong></span> <span class='ocrx_word' id='word_1_590' title='bbox 3306 2746 3562 2802; x_wconf 82' lang='lat' dir='ltr'><strong>effectum</strong></span> 
     </span>
    </p>
   </div>
   <div class='ocr_carea' id='block_1_74' title="bbox 1972 2831 3565 2902">
    <p class='ocr_par' dir='ltr' id='par_1_74' title="bbox 1972 2831 3565 2902">
     <span class='ocr_line' id='line_1_74' title="bbox 1972 2831 3565 2902; baseline 0.003 -16"><span class='ocrx_word' id='word_1_591' title='bbox 1972 2831 2285 2897; x_wconf 83' lang='lat' dir='ltr'><strong>efﬁcientia,</strong></span> <span class='ocrx_word' id='word_1_592' title='bbox 2314 2841 2373 2886; x_wconf 90' lang='lat' dir='ltr'><strong>ut</strong></span> <span class='ocrx_word' id='word_1_593' title='bbox 2438 2833 2608 2887; x_wconf 89' lang='lat' dir='ltr'><strong>etiam</strong></span> <span class='ocrx_word' id='word_1_594' title='bbox 2669 2841 2915 2887; x_wconf 82' lang='lat' dir='ltr'><strong>creatum</strong></span> <span class='ocrx_word' id='word_1_595' title='bbox 2974 2836 3203 2902; x_wconf 89' lang='lat' dir='ltr'><strong>creatio,</strong></span> <span class='ocrx_word' id='word_1_596' title='bbox 3258 2840 3565 2892; x_wconf 86' lang='lat' dir='ltr'><strong>secundum</strong></span> 
     </span>
    </p>
   </div>
   <div class='ocr_carea' id='block_1_75' title="bbox 1974 2923 3567 2993">
    <p class='ocr_par' dir='ltr' id='par_1_75' title="bbox 1974 2923 3567 2993">
     <span class='ocr_line' id='line_1_75' title="bbox 1974 2923 3567 2993; baseline 0.007 -16"><span class='ocrx_word' id='word_1_597' title='bbox 1974 2938 2138 2993; x_wconf 90' lang='lat' dir='ltr'><strong>quam</strong></span> <span class='ocrx_word' id='word_1_598' title='bbox 2188 2923 2650 2993; x_wconf 81' lang='lat' dir='ltr'><strong>significationem</strong></span> <span class='ocrx_word' id='word_1_599' title='bbox 2702 2927 2870 2981; x_wconf 90' lang='lat' dir='ltr'><strong>etiam</strong></span> <span class='ocrx_word' id='word_1_600' title='bbox 2904 2928 3131 2982; x_wconf 87' lang='lat' dir='ltr'><strong>domum</strong></span> <span class='ocrx_word' id='word_1_601' title='bbox 3172 2930 3409 2986; x_wconf 87' lang='lat' dir='ltr'><strong>dicimus</strong></span> <span class='ocrx_word' id='word_1_602' title='bbox 3449 2932 3567 2989; x_wconf 80' lang='lat' dir='ltr'><strong>efﬁ-</strong></span> 
     </span>
    </p>
   </div>
   <div class='ocr_carea' id='block_1_76' title="bbox 1973 3014 3557 3081">
    <p class='ocr_par' dir='ltr' id='par_1_76' title="bbox 1973 3014 3557 3081">
     <span class='ocr_line' id='line_1_76' title="bbox 1973 3014 3557 3081; baseline 0.008 -13"><span class='ocrx_word' id='word_1_603' title='bbox 1973 3014 2233 3069; x_wconf 89' lang='lat' dir='ltr'><strong>cientiam</strong></span> <span class='ocrx_word' id='word_1_604' title='bbox 2282 3017 2576 3072; x_wconf 82' lang='lat' dir='ltr'><strong>architecti</strong></span> <span class='ocrx_word' id='word_1_605' title='bbox 2612 3028 2672 3074; x_wconf 92' lang='lat' dir='ltr'><strong>et</strong></span> <span class='ocrx_word' id='word_1_606' title='bbox 2721 3020 2939 3074; x_wconf 82' lang='lat' dir='ltr'><strong>navium</strong></span> <span class='ocrx_word' id='word_1_607' title='bbox 2979 3022 3329 3077; x_wconf 73' lang='lat' dir='ltr'><strong>acdiflcatoris</strong></span> <span class='ocrx_word' id='word_1_608' title='bbox 3362 3040 3557 3081; x_wconf 83' lang='lat' dir='ltr'><strong>navem</strong></span> 
     </span>
    </p>
   </div>
   <div class='ocr_carea' id='block_1_77' title="bbox 1974 3106 3561 3181">
    <p class='ocr_par' dir='ltr' id='par_1_77' title="bbox 1974 3106 3561 3181">
     <span class='ocr_line' id='line_1_77' title="bbox 1974 3106 3561 3181; baseline 0.008 -22"><span class='ocrx_word' id='word_1_609' title='bbox 1974 3106 2306 3162; x_wconf 88' lang='lat' dir='ltr'><strong>onerariam.</strong></span> <span class='ocrx_word' id='word_1_610' title='bbox 2338 3108 2639 3165; x_wconf 83' lang='lat' dir='ltr'><strong>Eflicicntia</strong></span> <span class='ocrx_word' id='word_1_611' title='bbox 2677 3112 2885 3167; x_wconf 89' lang='lat' dir='ltr'><strong>dicitur</strong></span> <span class='ocrx_word' id='word_1_612' title='bbox 2924 3112 3093 3168; x_wconf 89' lang='lat' dir='ltr'><strong>etiam</strong></span> <span class='ocrx_word' id='word_1_613' title='bbox 3129 3117 3338 3171; x_wconf 88' lang='lat' dir='ltr'><strong>moveri</strong></span> <span class='ocrx_word' id='word_1_614' title='bbox 3375 3118 3439 3171; x_wconf 89' lang='lat' dir='ltr'><strong>ad</strong></span> <span class='ocrx_word' id='word_1_615' title='bbox 3472 3133 3561 3181; x_wconf 88' lang='lat' dir='ltr'><strong>ea,</strong></span> 
     </span>
    </p>
   </div>
   <div class='ocr_carea' id='block_1_78' title="bbox 1973 3198 3565 3275">
    <p class='ocr_par' dir='ltr' id='par_1_78' title="bbox 1973 3198 3565 3275">
     <span class='ocr_line' id='line_1_78' title="bbox 1973 3198 3565 3275; baseline 0.008 -24"><span class='ocrx_word' id='word_1_616' title='bbox 1973 3210 2096 3265; x_wconf 67' lang='lat' dir='ltr'><strong>quae</strong></span> <span class='ocrx_word' id='word_1_617' title='bbox 2142 3198 2477 3266; x_wconf 88' lang='lat' dir='ltr'><strong>efﬁciuntur,</strong></span> <span class='ocrx_word' id='word_1_618' title='bbox 2508 3212 2565 3257; x_wconf 88' lang='lat' dir='ltr'><strong>et</strong></span> <span class='ocrx_word' id='word_1_619' title='bbox 2597 3212 2684 3258; x_wconf 86' lang='lat' dir='ltr'><strong>est</strong></span> <span class='ocrx_word' id='word_1_620' title='bbox 2720 3204 2862 3259; x_wconf 85' lang='lat' dir='ltr'><strong>ratio</strong></span> <span class='ocrx_word' id='word_1_621' title='bbox 2891 3204 3141 3274; x_wconf 63' lang='lat' dir='ltr'><strong>quasdam</strong></span> <span class='ocrx_word' id='word_1_622' title='bbox 3176 3223 3297 3275; x_wconf 74' lang='lat' dir='ltr'><strong>quae</strong></span> <span class='ocrx_word' id='word_1_623' title='bbox 3327 3207 3565 3264; x_wconf 88' lang='lat' dir='ltr'><strong>interce-</strong></span> 
     </span>
    </p>
   </div>
   <div class='ocr_carea' id='block_1_79' title="bbox 1974 3292 3561 3368">
    <p class='ocr_par' dir='ltr' id='par_1_79' title="bbox 1974 3292 3561 3368">
     <span class='ocr_line' id='line_1_79' title="bbox 1974 3292 3561 3368; baseline 0.004 -21"><span class='ocrx_word' id='word_1_624' title='bbox 1974 3292 2055 3347; x_wconf 90' lang='lat' dir='ltr'><strong>dit</strong></span> <span class='ocrx_word' id='word_1_625' title='bbox 2102 3293 2247 3347; x_wconf 90' lang='lat' dir='ltr'><strong>inter</strong></span> <span class='ocrx_word' id='word_1_626' title='bbox 2277 3292 2523 3349; x_wconf 74' lang='lat' dir='ltr'><strong>efficiens</strong></span> <span class='ocrx_word' id='word_1_627' title='bbox 2560 3302 2613 3349; x_wconf 88' lang='lat' dir='ltr'><strong>et</strong></span> <span class='ocrx_word' id='word_1_628' title='bbox 2657 3294 2945 3363; x_wconf 74' lang='lat' dir='ltr'><strong>effectum,</strong></span> <span class='ocrx_word' id='word_1_629' title='bbox 3001 3292 3457 3368; x_wconf 8' lang='lat' dir='ltr'><strong>utr&#39;architectus</strong></span> <span class='ocrx_word' id='word_1_630' title='bbox 3494 3298 3561 3353; x_wconf 88' lang='lat' dir='ltr'><strong>ad</strong></span> 
     </span>
    </p>
   </div>
   <div class='ocr_carea' id='block_1_80' title="bbox 1972 3385 3560 3458">
    <p class='ocr_par' dir='ltr' id='par_1_80' title="bbox 1972 3385 3560 3458">
     <span class='ocr_line' id='line_1_80' title="bbox 1972 3385 3560 3458; baseline 0.005 -19"><span class='ocrx_word' id='word_1_631' title='bbox 1972 3385 2266 3441; x_wconf 66' lang='lat' dir='ltr'><strong>aedificium</strong></span> <span class='ocrx_word' id='word_1_632' title='bbox 2298 3387 2534 3454; x_wconf 88' lang='lat' dir='ltr'><strong>accedit,</strong></span> <span class='ocrx_word' id='word_1_633' title='bbox 2566 3398 2622 3443; x_wconf 91' lang='lat' dir='ltr'><strong>et</strong></span> <span class='ocrx_word' id='word_1_634' title='bbox 2649 3389 2873 3443; x_wconf 85' lang='lat' dir='ltr'><strong>navium</strong></span> <span class='ocrx_word' id='word_1_635' title='bbox 2907 3389 3209 3446; x_wconf 68' lang='lat' dir='ltr'><strong>aedificator</strong></span> <span class='ocrx_word' id='word_1_636' title='bbox 3247 3391 3312 3446; x_wconf 87' lang='lat' dir='ltr'><strong>ad</strong></span> <span class='ocrx_word' id='word_1_637' title='bbox 3344 3408 3560 3458; x_wconf 86' lang='lat' dir='ltr'><strong>navem,</strong></span> 
     </span>
    </p>
   </div>
   <div class='ocr_carea' id='block_1_81' title="bbox 1974 3480 3563 3553">
    <p class='ocr_par' dir='ltr' id='par_1_81' title="bbox 1974 3480 3563 3553">
     <span class='ocr_line' id='line_1_81' title="bbox 1974 3480 3563 3553; baseline 0.004 -22"><span class='ocrx_word' id='word_1_638' title='bbox 1974 3494 2094 3547; x_wconf 76' lang='lat' dir='ltr'><strong>qua:</strong></span> <span class='ocrx_word' id='word_1_639' title='bbox 2131 3480 2303 3534; x_wconf 89' lang='lat' dir='ltr'><strong>motio</strong></span> <span class='ocrx_word' id='word_1_640' title='bbox 2332 3495 2456 3533; x_wconf 89' lang='lat' dir='ltr'><strong>cum</strong></span> <span class='ocrx_word' id='word_1_641' title='bbox 2499 3482 2757 3537; x_wconf 86' lang='lat' dir='ltr'><strong>accidens</strong></span> <span class='ocrx_word' id='word_1_642' title='bbox 2795 3482 2868 3537; x_wconf 89' lang='lat' dir='ltr'><strong>sit</strong></span> <span class='ocrx_word' id='word_1_643' title='bbox 2898 3499 2996 3553; x_wconf 90' lang='lat' dir='ltr'><strong>per</strong></span> <span class='ocrx_word' id='word_1_644' title='bbox 3025 3498 3084 3539; x_wconf 90' lang='lat' dir='ltr'><strong>se</strong></span> <span class='ocrx_word' id='word_1_645' title='bbox 3111 3498 3237 3539; x_wconf 90' lang='lat' dir='ltr'><strong>cum</strong></span> <span class='ocrx_word' id='word_1_646' title='bbox 3281 3494 3563 3540; x_wconf 78' lang='lat' dir='ltr'><strong>extremo-</strong></span> 
     </span>
    </p>
   </div>
   <div class='ocr_carea' id='block_1_82' title="bbox 1974 3574 3563 3648">
    <p class='ocr_par' dir='ltr' id='par_1_82' title="bbox 1974 3574 3563 3648">
     <span class='ocr_line' id='line_1_82' title="bbox 1974 3574 3563 3648; baseline 0.004 -21"><span class='ocrx_word' id='word_1_647' title='bbox 1974 3591 2091 3629; x_wconf 90' lang='lat' dir='ltr'><strong>rum</strong></span> <span class='ocrx_word' id='word_1_648' title='bbox 2128 3574 2235 3628; x_wconf 84' lang='lat' dir='ltr'><strong>fine</strong></span> <span class='ocrx_word' id='word_1_649' title='bbox 2264 3574 2492 3639; x_wconf 90' lang='lat' dir='ltr'><strong>desinit,</strong></span> <span class='ocrx_word' id='word_1_650' title='bbox 2527 3591 2705 3644; x_wconf 89' lang='lat' dir='ltr'><strong>neque</strong></span> <span class='ocrx_word' id='word_1_651' title='bbox 2731 3587 2816 3631; x_wconf 88' lang='lat' dir='ltr'><strong>est</strong></span> <span class='ocrx_word' id='word_1_652' title='bbox 2844 3576 2956 3647; x_wconf 82' lang='lat' dir='ltr'><strong>jam</strong></span> <span class='ocrx_word' id='word_1_653' title='bbox 2987 3577 3314 3647; x_wconf 87' lang='lat' dir='ltr'><strong>quidquam.</strong></span> <span class='ocrx_word' id='word_1_654' title='bbox 3351 3577 3426 3632; x_wconf 84' lang='lat' dir='ltr'><strong>De</strong></span> <span class='ocrx_word' id='word_1_655' title='bbox 3450 3595 3563 3648; x_wconf 76' lang='lat' dir='ltr'><strong>qua</strong></span> 
     </span>
    </p>
   </div>
   <div class='ocr_carea' id='block_1_83' title="bbox 1970 3666 3561 3740">
    <p class='ocr_par' dir='ltr' id='par_1_83' title="bbox 1970 3666 3561 3740">
     <span class='ocr_line' id='line_1_83' title="bbox 1970 3666 3561 3740; baseline 0.004 -20"><span class='ocrx_word' id='word_1_656' title='bbox 1970 3667 2136 3721; x_wconf 86' lang='lat' dir='ltr'><strong>etiam</strong></span> <span class='ocrx_word' id='word_1_657' title='bbox 2170 3666 2387 3722; x_wconf 88' lang='lat' dir='ltr'><strong>divinus</strong></span> <span class='ocrx_word' id='word_1_658' title='bbox 2420 3666 2740 3738; x_wconf 79' lang='lat' dir='ltr'><strong>Gregorius,</strong></span> <span class='ocrx_word' id='word_1_659' title='bbox 2769 3667 3086 3740; x_wconf 81' lang='lat' dir='ltr'><strong>Theologus</strong></span> <span class='ocrx_word' id='word_1_660' title='bbox 3116 3670 3228 3738; x_wconf 88' lang='lat' dir='ltr'><strong>ille,</strong></span> <span class='ocrx_word' id='word_1_661' title='bbox 3265 3673 3343 3725; x_wconf 87' lang='lat' dir='ltr'><strong>ait</strong></span> <span class='ocrx_word' id='word_1_662' title='bbox 3385 3688 3397 3723; x_wconf 90' lang='lat'><strong>:</strong></span> <span class='ocrx_word' id='word_1_663' title='bbox 3432 3671 3561 3727; x_wconf 82' lang='lat' dir='ltr'><strong>Elli-</strong></span> 
     </span>
    </p>
   </div>
   <div class='ocr_carea' id='block_1_84' title="bbox 1973 3748 3557 3831">
    <p class='ocr_par' dir='ltr' id='par_1_84' title="bbox 1973 3748 3557 3831">
     <span class='ocr_line' id='line_1_84' title="bbox 1973 3748 3557 3831; baseline 0.006 -22"><span class='ocrx_word' id='word_1_664' title='bbox 1973 3755 2171 3821; x_wconf 89' lang='lat' dir='ltr'><strong>cietur,</strong></span> <span class='ocrx_word' id='word_1_665' title='bbox 2201 3772 2379 3825; x_wconf 88' lang='lat' dir='ltr'><strong>neque</strong></span> <span class='ocrx_word' id='word_1_666' title='bbox 2406 3772 2534 3811; x_wconf 89' lang='lat' dir='ltr'><strong>vero</strong></span> <span class='ocrx_word' id='word_1_667' title='bbox 2560 3748 2848 3825; x_wconf 83' lang='lat' dir='ltr'><strong>cfﬁciet,et</strong></span> <span class='ocrx_word' id='word_1_668' title='bbox 2878 3759 3212 3831; x_wconf 87' lang='lat' dir='ltr'><strong>simulatque</strong></span> <span class='ocrx_word' id='word_1_669' title='bbox 3236 3762 3428 3818; x_wconf 83' lang='lat' dir='ltr'><strong>cﬂ&#39;ecta</strong></span> <span class='ocrx_word' id='word_1_670' title='bbox 3455 3775 3557 3831; x_wconf 82' lang='lat' dir='ltr'><strong>est,</strong></span> 
     </span>
    </p>
   </div>
   <div class='ocr_carea' id='block_1_85' title="bbox 1970 3847 3559 3919">
    <p class='ocr_par' dir='ltr' id='par_1_85' title="bbox 1970 3847 3559 3919">
     <span class='ocr_line' id='line_1_85' title="bbox 1970 3847 3559 3919; baseline 0.007 -19"><span class='ocrx_word' id='word_1_671' title='bbox 1970 3847 2207 3909; x_wconf 86' lang='lat' dir='ltr'><strong>desinet,</strong></span> <span class='ocrx_word' id='word_1_672' title='bbox 2244 3858 2303 3901; x_wconf 92' lang='lat' dir='ltr'><strong>ut</strong></span> <span class='ocrx_word' id='word_1_673' title='bbox 2330 3850 2496 3902; x_wconf 90' lang='lat' dir='ltr'><strong>etiam</strong></span> <span class='ocrx_word' id='word_1_674' title='bbox 2533 3849 2703 3917; x_wconf 88' lang='lat' dir='ltr'><strong>visus,</strong></span> <span class='ocrx_word' id='word_1_675' title='bbox 2736 3851 2830 3919; x_wconf 87' lang='lat' dir='ltr'><strong>qui</strong></span> <span class='ocrx_word' id='word_1_676' title='bbox 2865 3853 3011 3907; x_wconf 91' lang='lat' dir='ltr'><strong>inter</strong></span> <span class='ocrx_word' id='word_1_677' title='bbox 3055 3853 3234 3907; x_wconf 89' lang='lat' dir='ltr'><strong>visum</strong></span> <span class='ocrx_word' id='word_1_678' title='bbox 3270 3862 3327 3908; x_wconf 87' lang='lat' dir='ltr'><strong>et</strong></span> <span class='ocrx_word' id='word_1_679' title='bbox 3362 3855 3559 3911; x_wconf 81' lang='lat' dir='ltr'><strong>viden-</strong></span> 
     </span>
    </p>
   </div>
   <div class='ocr_carea' id='block_1_86' title="bbox 1970 3938 3567 4018">
    <p class='ocr_par' dir='ltr' id='par_1_86' title="bbox 1970 3938 3567 4018">
     <span class='ocr_line' id='line_1_86' title="bbox 1970 3938 3567 4018; baseline 0.004 -25"><span class='ocrx_word' id='word_1_680' title='bbox 1970 3948 2077 3993; x_wconf 85' lang='lat' dir='ltr'><strong>tem</strong></span> <span class='ocrx_word' id='word_1_681' title='bbox 2113 3938 2430 4003; x_wconf 82' lang='lat' dir='ltr'><strong>intercedit,</strong></span> <span class='ocrx_word' id='word_1_682' title='bbox 2462 3949 2513 3993; x_wconf 92' lang='lat' dir='ltr'><strong>et</strong></span> <span class='ocrx_word' id='word_1_683' title='bbox 2547 3944 2692 3995; x_wconf 89' lang='lat' dir='ltr'><strong>inter</strong></span> <span class='ocrx_word' id='word_1_684' title='bbox 2721 3950 3033 4011; x_wconf 82' lang='lat' dir='ltr'><strong>gustantem</strong></span> <span class='ocrx_word' id='word_1_685' title='bbox 3058 3952 3115 3998; x_wconf 89' lang='lat' dir='ltr'><strong>et</strong></span> <span class='ocrx_word' id='word_1_686' title='bbox 3144 3953 3424 4015; x_wconf 78' lang='lat' dir='ltr'><strong>gustatum</strong></span> <span class='ocrx_word' id='word_1_687' title='bbox 3460 3964 3567 4018; x_wconf 43' lang='lat' dir='ltr'><strong>gi»</strong></span> 
     </span>
    </p>
   </div>
   <div class='ocr_carea' id='block_1_87' title="bbox 1968 4030 3566 4105">
    <p class='ocr_par' dir='ltr' id='par_1_87' title="bbox 1968 4030 3566 4105">
     <span class='ocr_line' id='line_1_87' title="bbox 1968 4030 3566 4105; baseline 0.009 -21"><span class='ocrx_word' id='word_1_688' title='bbox 1968 4038 2164 4085; x_wconf 89' lang='lat' dir='ltr'><strong>status.</strong></span> <span class='ocrx_word' id='word_1_689' title='bbox 2205 4030 2274 4085; x_wconf 88' lang='lat' dir='ltr'><strong>Et</strong></span> <span class='ocrx_word' id='word_1_690' title='bbox 2307 4031 2530 4087; x_wconf 81' lang='lat' dir='ltr'><strong>divinus</strong></span> <span class='ocrx_word' id='word_1_691' title='bbox 2561 4031 2863 4102; x_wconf 81' lang='lat' dir='ltr'><strong>Gregorius</strong></span> <span class='ocrx_word' id='word_1_692' title='bbox 2912 4033 3192 4105; x_wconf 86' lang='lat' dir='ltr'><strong>Nyssenus</strong></span> <span class='ocrx_word' id='word_1_693' title='bbox 3241 4035 3398 4103; x_wconf 88' lang='lat' dir='ltr'><strong>dicit,</strong></span> <span class='ocrx_word' id='word_1_694' title='bbox 3447 4055 3566 4099; x_wconf 80' lang='lat' dir='ltr'><strong>non</strong></span> 
     </span>
    </p>
   </div>
   <div class='ocr_carea' id='block_1_88' title="bbox 1969 4123 3562 4200">
    <p class='ocr_par' dir='ltr' id='par_1_88' title="bbox 1969 4123 3562 4200">
     <span class='ocr_line' id='line_1_88' title="bbox 1969 4123 3562 4200; baseline 0.008 -23"><span class='ocrx_word' id='word_1_695' title='bbox 1969 4139 2132 4191; x_wconf 88' lang='lat' dir='ltr'><strong>posse</strong></span> <span class='ocrx_word' id='word_1_696' title='bbox 2164 4123 2515 4179; x_wconf 86' lang='lat' dir='ltr'><strong>efﬁcientiam</strong></span> <span class='ocrx_word' id='word_1_697' title='bbox 2549 4125 2711 4180; x_wconf 87' lang='lat' dir='ltr'><strong>ullam</strong></span> <span class='ocrx_word' id='word_1_698' title='bbox 2746 4125 2824 4181; x_wconf 92' lang='lat' dir='ltr'><strong>rei</strong></span> <span class='ocrx_word' id='word_1_699' title='bbox 2853 4126 3127 4183; x_wconf 83' lang='lat' dir='ltr'><strong>efﬁcacem</strong></span> <span class='ocrx_word' id='word_1_700' title='bbox 3174 4130 3345 4200; x_wconf 86' lang='lat' dir='ltr'><strong>ipsam</strong></span> <span class='ocrx_word' id='word_1_701' title='bbox 3388 4132 3443 4187; x_wconf 94' lang='lat' dir='ltr'><strong>in</strong></span> <span class='ocrx_word' id='word_1_702' title='bbox 3491 4148 3562 4192; x_wconf 80' lang='lat' dir='ltr'><strong>se</strong></span> 
     </span>
    </p>
   </div>
   <div class='ocr_carea' id='block_1_89' title="bbox 1969 4218 3553 4290">
    <p class='ocr_par' dir='ltr' id='par_1_89' title="bbox 1969 4218 3553 4290">
     <span class='ocr_line' id='line_1_89' title="bbox 1969 4218 3553 4290; baseline 0.007 -20"><span class='ocrx_word' id='word_1_703' title='bbox 1969 4226 2243 4282; x_wconf 88' lang='lat' dir='ltr'><strong>constare,</strong></span> <span class='ocrx_word' id='word_1_704' title='bbox 2275 4219 2376 4272; x_wconf 89' lang='lat' dir='ltr'><strong>nisi</strong></span> <span class='ocrx_word' id='word_1_705' title='bbox 2425 4220 2557 4289; x_wconf 87' lang='lat' dir='ltr'><strong>quid</strong></span> <span class='ocrx_word' id='word_1_706' title='bbox 2604 4219 2835 4290; x_wconf 84' lang='lat' dir='ltr'><strong>recipiat</strong></span> <span class='ocrx_word' id='word_1_707' title='bbox 2884 4218 3178 4277; x_wconf 88' lang='lat' dir='ltr'><strong>efﬁcientia</strong></span> <span class='ocrx_word' id='word_1_708' title='bbox 3226 4226 3553 4281; x_wconf 85' lang='lat' dir='ltr'><strong>motionem.</strong></span> 
     </span>
    </p>
   </div>
   <div class='ocr_carea' id='block_1_90' title="bbox 1967 4306 3555 4382">
    <p class='ocr_par' dir='ltr' id='par_1_90' title="bbox 1967 4306 3555 4382">
     <span class='ocr_line' id='line_1_90' title="bbox 1967 4306 3555 4382; baseline 0.009 -22"><span class='ocrx_word' id='word_1_709' title='bbox 1967 4306 2095 4363; x_wconf 68' lang='lat' dir='ltr'><strong>Hcce</strong></span> <span class='ocrx_word' id='word_1_710' title='bbox 2123 4309 2269 4363; x_wconf 88' lang='lat' dir='ltr'><strong>enim</strong></span> <span class='ocrx_word' id='word_1_711' title='bbox 2305 4311 2505 4367; x_wconf 87' lang='lat' dir='ltr'><strong>habere</strong></span> <span class='ocrx_word' id='word_1_712' title='bbox 2556 4314 2918 4368; x_wconf 87' lang='lat' dir='ltr'><strong>necessariam</strong></span> <span class='ocrx_word' id='word_1_713' title='bbox 2964 4316 3237 4371; x_wconf 89' lang='lat' dir='ltr'><strong>rationem</strong></span> <span class='ocrx_word' id='word_1_714' title='bbox 3280 4318 3426 4374; x_wconf 90' lang='lat' dir='ltr'><strong>inter</strong></span> <span class='ocrx_word' id='word_1_715' title='bbox 3471 4334 3555 4382; x_wconf 83' lang='lat' dir='ltr'><strong>se,</strong></span> 
     </span>
    </p>
   </div>
   <div class='ocr_carea' id='block_1_91' title="bbox 1968 4404 3565 4475">
    <p class='ocr_par' dir='ltr' id='par_1_91' title="bbox 1968 4404 3565 4475">
     <span class='ocr_line' id='line_1_91' title="bbox 1968 4404 3565 4475; baseline 0.007 -19"><span class='ocrx_word' id='word_1_716' title='bbox 1968 4404 2202 4457; x_wconf 86' lang='lat' dir='ltr'><strong>activam</strong></span> <span class='ocrx_word' id='word_1_717' title='bbox 2244 4412 2301 4458; x_wconf 90' lang='lat' dir='ltr'><strong>et</strong></span> <span class='ocrx_word' id='word_1_718' title='bbox 2355 4406 2626 4473; x_wconf 83' lang='lat' dir='ltr'><strong>passivam</strong></span> <span class='ocrx_word' id='word_1_719' title='bbox 2662 4406 2774 4459; x_wconf 90' lang='lat' dir='ltr'><strong>vim</strong></span> <span class='ocrx_word' id='word_1_720' title='bbox 2810 4422 2824 4458; x_wconf 90' lang='lat'>:</span> <span class='ocrx_word' id='word_1_721' title='bbox 2860 4421 3096 4475; x_wconf 89' lang='lat' dir='ltr'><strong>quorum</strong></span> <span class='ocrx_word' id='word_1_722' title='bbox 3144 4408 3190 4462; x_wconf 89' lang='lat' dir='ltr'><strong>si</strong></span> <span class='ocrx_word' id='word_1_723' title='bbox 3234 4423 3565 4468; x_wconf 77' lang='lat' dir='ltr'><strong>secernatur</strong></span> 
     </span>
    </p>
   </div>
   <div class='ocr_carea' id='block_1_92' title="bbox 282 4476 1869 4574">
    <p class='ocr_par' dir='ltr' id='par_1_92' title="bbox 282 4476 1861 4573">
     <span class='ocr_line' id='line_1_92' title="bbox 282 4476 1861 4573; baseline -0.001 -17"><span class='ocrx_word' id='word_1_724' title='bbox 282 4506 380 4557; x_wconf 69' lang='grc' dir='ltr'><strong>καὶ</strong></span> <span class='ocrx_word' id='word_1_725' title='bbox 427 4476 1391 4573; x_wconf 12' lang='grc' dir='ltr'>τὴν-παθητικὴνήδύναμιν.Ὦνίεί</span> <span class='ocrx_word' id='word_1_726' title='bbox 1442 4476 1736 4573; x_wconf 81' lang='grc' dir='ltr'>χωρισθείη</span> <span class='ocrx_word' id='word_1_727' title='bbox 1784 4476 1861 4573; x_wconf 67' lang='grc' dir='ltr'>τῷ</span> 
     </span>
    </p>
   </div>
   <div class='ocr_carea' id='block_1_93' title="bbox 1973 4476 3558 4574">
    <p class='ocr_par' dir='ltr' id='par_1_93' title="bbox 1973 4493 3558 4574">
     <span class='ocr_line' id='line_1_93' title="bbox 1973 4493 3558 4574; baseline 0.009 -30"><span class='ocrx_word' id='word_1_728' title='bbox 1973 4493 2181 4547; x_wconf 86' lang='lat' dir='ltr'><strong>ratione</strong></span> <span class='ocrx_word' id='word_1_729' title='bbox 2213 4494 2469 4559; x_wconf 89' lang='lat' dir='ltr'><strong>alterum,</strong></span> <span class='ocrx_word' id='word_1_730' title='bbox 2502 4511 2610 4549; x_wconf 86' lang='lat' dir='ltr'><strong>non</strong></span> <span class='ocrx_word' id='word_1_731' title='bbox 2643 4496 2696 4549; x_wconf 93' lang='lat' dir='ltr'><strong>in</strong></span> <span class='ocrx_word' id='word_1_732' title='bbox 2732 4512 2788 4551; x_wconf 90' lang='lat' dir='ltr'><strong>se</strong></span> <span class='ocrx_word' id='word_1_733' title='bbox 2816 4506 3032 4553; x_wconf 89' lang='lat' dir='ltr'><strong>constet</strong></span> <span class='ocrx_word' id='word_1_734' title='bbox 3054 4499 3218 4554; x_wconf 89' lang='lat' dir='ltr'><strong>etiam</strong></span> <span class='ocrx_word' id='word_1_735' title='bbox 3253 4501 3558 4574; x_wconf 84' lang='lat' dir='ltr'><strong>reliquum;</strong></span> 
     </span>
    </p>
   </div>
   <div class='ocr_carea' id='block_1_94' title="bbox 284 4588 1860 4664">
    <p class='ocr_par' dir='ltr' id='par_1_94' title="bbox 284 4588 1860 4664">
     <span class='ocr_line' id='line_1_94' title="bbox 284 4588 1860 4664; baseline -0.003 -17"><span class='ocrx_word' id='word_1_736' title='bbox 284 4596 433 4663; x_wconf 83' lang='grc' dir='ltr'>λόγῳ</span> <span class='ocrx_word' id='word_1_737' title='bbox 464 4595 524 4647; x_wconf 78' lang='grc' dir='ltr'><strong>τὸ</strong></span> <span class='ocrx_word' id='word_1_738' title='bbox 561 4594 784 4664; x_wconf 75' lang='grc' dir='ltr'>ἕτερον,</span> <span class='ocrx_word' id='word_1_739' title='bbox 817 4592 918 4644; x_wconf 71' lang='grc' dir='ltr'><strong>οὐκ</strong></span> <span class='ocrx_word' id='word_1_740' title='bbox 954 4593 1020 4646; x_wconf 83' lang='grc' dir='ltr'>ἂν</span> <span class='ocrx_word' id='word_1_741' title='bbox 1053 4592 1137 4661; x_wconf 66' lang='grc' dir='ltr'><strong>ἔφ’</strong></span> <span class='ocrx_word' id='word_1_742' title='bbox 1163 4589 1356 4643; x_wconf 86' lang='grc' dir='ltr'>ἑαυτοῦ</span> <span class='ocrx_word' id='word_1_743' title='bbox 1397 4588 1629 4660; x_wconf 83' lang='grc' dir='ltr'>συσταίη</span> <span class='ocrx_word' id='word_1_744' title='bbox 1671 4592 1765 4643; x_wconf 78' lang='grc' dir='ltr'><strong>καὶ</strong></span> <span class='ocrx_word' id='word_1_745' title='bbox 1800 4590 1860 4643; x_wconf 81' lang='grc' dir='ltr'><strong>τὸ</strong></span> 
     </span>
    </p>
   </div>
   <div class='ocr_carea' id='block_1_95' title="bbox 284 4677 1862 4754">
    <p class='ocr_par' dir='ltr' id='par_1_95' title="bbox 284 4677 1862 4754">
     <span class='ocr_line' id='line_1_95' title="bbox 284 4677 1862 4754; baseline -0.003 -19"><span class='ocrx_word' id='word_1_746' title='bbox 284 4677 609 4754; x_wconf 77' lang='grc' dir='ltr'>λειπόμενον</span> <span class='ocrx_word' id='word_1_747' title='bbox 635 4700 648 4713; x_wconf 87' lang='grc'><strong>·</strong></span> <span class='ocrx_word' id='word_1_748' title='bbox 681 4682 728 4734; x_wconf 75' lang='grc' dir='ltr'><strong>εἰ</strong></span> <span class='ocrx_word' id='word_1_749' title='bbox 764 4682 838 4752; x_wconf 81' lang='grc' dir='ltr'>μὴ</span> <span class='ocrx_word' id='word_1_750' title='bbox 868 4681 978 4750; x_wconf 83' lang='grc' dir='ltr'>γὰρ</span> <span class='ocrx_word' id='word_1_751' title='bbox 1007 4682 1102 4733; x_wconf 77' lang='grc' dir='ltr'>καὶ</span> <span class='ocrx_word' id='word_1_752' title='bbox 1130 4682 1192 4733; x_wconf 85' lang='grc' dir='ltr'>τὺ</span> <span class='ocrx_word' id='word_1_753' title='bbox 1222 4680 1435 4748; x_wconf 80' lang='grc' dir='ltr'>πάσχον</span> <span class='ocrx_word' id='word_1_754' title='bbox 1460 4679 1544 4748; x_wconf 76' lang='grc' dir='ltr'>εἴη</span> <span class='ocrx_word' id='word_1_755' title='bbox 1568 4722 1582 4742; x_wconf 85' lang='grc'><strong>,</strong></span> <span class='ocrx_word' id='word_1_756' title='bbox 1616 4679 1677 4732; x_wconf 77' lang='grc' dir='ltr'>τὸ</span> <span class='ocrx_word' id='word_1_757' title='bbox 1709 4682 1862 4750; x_wconf 72' lang='grc' dir='ltr'>ἐνερ-</span> 
     </span>
    </p>
   </div>
   <div class='ocr_carea' id='block_1_96' title="bbox 287 4774 1866 4847">
    <p class='ocr_par' dir='ltr' id='par_1_96' title="bbox 287 4774 1866 4847">
     <span class='ocr_line' id='line_1_96' title="bbox 287 4774 1866 4847; baseline -0.003 -16"><span class='ocrx_word' id='word_1_758' title='bbox 287 4779 424 4846; x_wconf 81' lang='grc' dir='ltr'>γοῦν</span> <span class='ocrx_word' id='word_1_759' title='bbox 451 4777 551 4831; x_wconf 77' lang='grc' dir='ltr'><strong>οὐκ</strong></span> <span class='ocrx_word' id='word_1_760' title='bbox 582 4776 755 4830; x_wconf 77' lang='grc' dir='ltr'>ἔσται.</span> <span class='ocrx_word' id='word_1_761' title='bbox 800 4776 1080 4847; x_wconf 85' lang='grc' dir='ltr'>Ἐνέργεια</span> <span class='ocrx_word' id='word_1_762' title='bbox 1112 4774 1327 4843; x_wconf 77' lang='grc' dir='ltr'>λέγεται</span> <span class='ocrx_word' id='word_1_763' title='bbox 1362 4774 1456 4827; x_wconf 72' lang='grc' dir='ltr'><strong>καὶ</strong></span> <span class='ocrx_word' id='word_1_764' title='bbox 1490 4775 1524 4843; x_wconf 80' lang='grc' dir='ltr'>ἡ</span> <span class='ocrx_word' id='word_1_765' title='bbox 1558 4774 1693 4843; x_wconf 69' lang='grc' dir='ltr'>πρὸς</span> <span class='ocrx_word' id='word_1_766' title='bbox 1727 4791 1866 4843; x_wconf 82' lang='grc' dir='ltr'>φαν-</span> 
     </span>
    </p>
   </div>
   <div class='ocr_carea' id='block_1_97' title="bbox 286 4865 1867 4940">
    <p class='ocr_par' dir='ltr' id='par_1_97' title="bbox 286 4865 1867 4940">
     <span class='ocr_line' id='line_1_97' title="bbox 286 4865 1867 4940; baseline -0.003 -18"><span class='ocrx_word' id='word_1_767' title='bbox 286 4872 485 4923; x_wconf 77' lang='grc' dir='ltr'>τασίαν</span> <span class='ocrx_word' id='word_1_768' title='bbox 509 4869 937 4940; x_wconf 76' lang='grc' dir='ltr'>ἁντιδιῃρημένη</span> <span class='ocrx_word' id='word_1_769' title='bbox 964 4866 1191 4936; x_wconf 75' lang='grc' dir='ltr'>ἀλήθεια</span> <span class='ocrx_word' id='word_1_770' title='bbox 1216 4865 1359 4918; x_wconf 83' lang='grc' dir='ltr'>κατὰ</span> <span class='ocrx_word' id='word_1_771' title='bbox 1380 4869 1471 4917; x_wconf 83' lang='grc' dir='ltr'><strong>τὸν</strong></span> <span class='ocrx_word' id='word_1_772' title='bbox 1495 4866 1636 4917; x_wconf 83' lang='grc' dir='ltr'>θεῖον</span> <span class='ocrx_word' id='word_1_773' title='bbox 1663 4865 1867 4935; x_wconf 83' lang='grc' dir='ltr'>Κύριλ-</span> 
     </span>
    </p>
   </div>
   <div class='ocr_carea' id='block_1_98' title="bbox 285 4957 1868 5033">
    <p class='ocr_par' dir='ltr' id='par_1_98' title="bbox 285 4957 1868 5033">
     <span class='ocr_line' id='line_1_98' title="bbox 285 4957 1868 5033; baseline -0.004 -17"><span class='ocrx_word' id='word_1_774' title='bbox 285 4966 404 5027; x_wconf 82' lang='grc' dir='ltr'>λον,</span> <span class='ocrx_word' id='word_1_775' title='bbox 421 4965 497 5028; x_wconf 83' lang='grc' dir='ltr'>ὡς</span> <span class='ocrx_word' id='word_1_776' title='bbox 513 4962 688 5033; x_wconf 73' lang='grc' dir='ltr'>ὲνῲκη</span> <span class='ocrx_word' id='word_1_777' title='bbox 696 4979 786 5015; x_wconf 86' lang='grc' dir='ltr'><strong>σεν</strong></span> <span class='ocrx_word' id='word_1_778' title='bbox 801 4963 828 5013; x_wconf 80' lang='grc' dir='ltr'><strong>ὁ</strong></span> <span class='ocrx_word' id='word_1_779' title='bbox 845 4961 984 5023; x_wconf 79' lang='grc' dir='ltr'>θεῖος</span> <span class='ocrx_word' id='word_1_780' title='bbox 1002 4959 1174 5026; x_wconf 85' lang='grc' dir='ltr'>Λόγος</span> <span class='ocrx_word' id='word_1_781' title='bbox 1190 4960 1246 5012; x_wconf 73' lang='grc' dir='ltr'>ὲν</span> <span class='ocrx_word' id='word_1_782' title='bbox 1262 4961 1325 5030; x_wconf 78' lang='grc' dir='ltr'>τῇ</span> <span class='ocrx_word' id='word_1_783' title='bbox 1346 4959 1605 5028; x_wconf 80' lang='grc' dir='ltr'>πανάγνῳ</span> <span class='ocrx_word' id='word_1_784' title='bbox 1620 4957 1868 5028; x_wconf 75' lang='grc' dir='ltr'>Θεοτόκῳ</span> 
     </span>
    </p>
   </div>
   <div class='ocr_carea' id='block_1_99' title="bbox 289 5048 1869 5125">
    <p class='ocr_par' dir='ltr' id='par_1_99' title="bbox 289 5048 1869 5125">
     <span class='ocr_line' id='line_1_99' title="bbox 289 5048 1869 5125; baseline -0.004 -16"><span class='ocrx_word' id='word_1_785' title='bbox 289 5058 354 5109; x_wconf 77' lang='grc' dir='ltr'><strong>οὐ</strong></span> <span class='ocrx_word' id='word_1_786' title='bbox 385 5057 639 5125; x_wconf 75' lang='grc' dir='ltr'>δοκήσει,</span> <span class='ocrx_word' id='word_1_787' title='bbox 673 5054 790 5109; x_wconf 83' lang='grc' dir='ltr'><strong>ἀλλ’</strong></span> <span class='ocrx_word' id='word_1_788' title='bbox 814 5052 1067 5123; x_wconf 63' lang='grc' dir='ltr'>ἐνεργείᾳ</span> <span class='ocrx_word' id='word_1_789' title='bbox 1096 5050 1271 5103; x_wconf 76' lang='grc' dir='ltr'>εῖτουν</span> <span class='ocrx_word' id='word_1_790' title='bbox 1302 5049 1554 5121; x_wconf 79' lang='grc' dir='ltr'>ἀληθείᾳ.</span> <span class='ocrx_word' id='word_1_791' title='bbox 1589 5048 1869 5119; x_wconf 84' lang='grc' dir='ltr'>Ἑνέργεια</span> 
     </span>
    </p>
   </div>
   <div class='ocr_carea' id='block_1_100' title="bbox 290 5132 1870 5226">
    <p class='ocr_par' dir='ltr' id='par_1_100' title="bbox 290 5132 1870 5226">
     <span class='ocr_line' id='line_1_100' title="bbox 290 5132 1870 5226; baseline -0.004 -26"><span class='ocrx_word' id='word_1_792' title='bbox 290 5151 511 5216; x_wconf 75' lang='grc' dir='ltr'>λέγεται</span> <span class='ocrx_word' id='word_1_793' title='bbox 540 5148 682 5201; x_wconf 74' lang='grc' dir='ltr'>κατὰ</span> <span class='ocrx_word' id='word_1_794' title='bbox 708 5148 800 5200; x_wconf 79' lang='grc' dir='ltr'><strong>τὸν</strong></span> <span class='ocrx_word' id='word_1_795' title='bbox 826 5147 967 5202; x_wconf 79' lang='grc' dir='ltr'>θεῖον</span> <span class='ocrx_word' id='word_1_796' title='bbox 992 5147 1056 5197; x_wconf 86' lang='grc' dir='ltr'>ὲκ</span> <span class='ocrx_word' id='word_1_797' title='bbox 1086 5132 1381 5214; x_wconf 79' lang='grc' dir='ltr'>Δαμασκοῦ</span> <span class='ocrx_word' id='word_1_798' title='bbox 1406 5132 1663 5212; x_wconf 64' lang='grc' dir='ltr'>’ῐωᾶννην</span> <span class='ocrx_word' id='word_1_799' title='bbox 1691 5141 1785 5194; x_wconf 63' lang='grc' dir='ltr'>καῖ,</span> <span class='ocrx_word' id='word_1_800' title='bbox 1809 5141 1870 5226; x_wconf 79' lang='grc' dir='ltr'><strong>τὸ</strong></span> 
     </span>
    </p>
   </div>
   <div class='ocr_carea' id='block_1_101' title="bbox 289 5234 1871 5312">
    <p class='ocr_par' dir='ltr' id='par_1_101' title="bbox 289 5234 1871 5312">
     <span class='ocr_line' id='line_1_101' title="bbox 289 5234 1871 5312; baseline -0.005 -17"><span class='ocrx_word' id='word_1_801' title='bbox 289 5243 514 5312; x_wconf 80' lang='grc' dir='ltr'>πρῶτον</span> <span class='ocrx_word' id='word_1_802' title='bbox 548 5244 603 5294; x_wconf 81' lang='grc' dir='ltr'>ὲν</span> <span class='ocrx_word' id='word_1_803' title='bbox 638 5243 766 5311; x_wconf 81' lang='grc' dir='ltr'>ἡμῖν</span> <span class='ocrx_word' id='word_1_804' title='bbox 808 5240 1199 5307; x_wconf 80' lang='grc' dir='ltr'>συνιστάμενον</span> <span class='ocrx_word' id='word_1_805' title='bbox 1230 5236 1442 5306; x_wconf 80' lang='grc' dir='ltr'>νόημα,</span> <span class='ocrx_word' id='word_1_806' title='bbox 1478 5236 1569 5287; x_wconf 71' lang='grc' dir='ltr'>καὶ</span> <span class='ocrx_word' id='word_1_807' title='bbox 1604 5234 1683 5288; x_wconf 70' lang='grc' dir='ltr'>ἔτι</span> <span class='ocrx_word' id='word_1_808' title='bbox 1716 5236 1749 5305; x_wconf 84' lang='grc' dir='ltr'>ἡ</span> <span class='ocrx_word' id='word_1_809' title='bbox 1783 5234 1871 5287; x_wconf 74' lang='grc' dir='ltr'><strong>διὰ</strong></span> 
     </span>
    </p>
   </div>
   <div class='ocr_carea' id='block_1_102' title="bbox 287 5326 1869 5403">
    <p class='ocr_par' dir='ltr' id='par_1_102' title="bbox 287 5326 1869 5403">
     <span class='ocr_line' id='line_1_102' title="bbox 287 5326 1869 5403; baseline -0.004 -20"><span class='ocrx_word' id='word_1_810' title='bbox 287 5335 540 5403; x_wconf 72' lang='grc' dir='ltr'>γὶώττης</span> <span class='ocrx_word' id='word_1_811' title='bbox 573 5333 679 5385; x_wconf 83' lang='grc' dir='ltr'>τῶν</span> <span class='ocrx_word' id='word_1_812' title='bbox 714 5332 1017 5400; x_wconf 80' lang='grc' dir='ltr'>νοουμένων</span> <span class='ocrx_word' id='word_1_813' title='bbox 1052 5329 1382 5399; x_wconf 80' lang='grc' dir='ltr'>φανέρωσις.</span> <span class='ocrx_word' id='word_1_814' title='bbox 1420 5326 1659 5395; x_wconf 77' lang='grc' dir='ltr'>ΣύνηΘες</span> <span class='ocrx_word' id='word_1_815' title='bbox 1693 5326 1735 5378; x_wconf 86' lang='grc' dir='ltr'>δ’</span> <span class='ocrx_word' id='word_1_816' title='bbox 1767 5326 1869 5388; x_wconf 73' lang='grc' dir='ltr'>ἔτι,</span> 
     </span>
    </p>
   </div>
   <div class='ocr_carea' id='block_1_103' title="bbox 289 5414 1876 5496">
    <p class='ocr_par' dir='ltr' id='par_1_103' title="bbox 289 5414 1876 5496">
     <span class='ocr_line' id='line_1_103' title="bbox 289 5414 1876 5496; baseline -0.006 -19"><span class='ocrx_word' id='word_1_817' title='bbox 289 5427 452 5496; x_wconf 73' lang='grc' dir='ltr'>φησὶ,</span> <span class='ocrx_word' id='word_1_818' title='bbox 480 5426 575 5477; x_wconf 77' lang='grc' dir='ltr'>καὶ</span> <span class='ocrx_word' id='word_1_819' title='bbox 602 5427 670 5495; x_wconf 79' lang='grc' dir='ltr'>τῇ</span> <span class='ocrx_word' id='word_1_820' title='bbox 703 5424 823 5494; x_wconf 75' lang='grc' dir='ltr'>θείᾳ</span> <span class='ocrx_word' id='word_1_821' title='bbox 854 5422 1041 5493; x_wconf 78' lang='grc' dir='ltr'>Γραφῇ</span> <span class='ocrx_word' id='word_1_822' title='bbox 1068 5420 1164 5474; x_wconf 73' lang='grc' dir='ltr'><strong>καὶ</strong></span> <span class='ocrx_word' id='word_1_823' title='bbox 1192 5419 1292 5488; x_wconf 75' lang='grc' dir='ltr'>τὴν</span> <span class='ocrx_word' id='word_1_824' title='bbox 1321 5416 1414 5471; x_wconf 87' lang='grc' dir='ltr'><strong>τοῦ</strong></span> <span class='ocrx_word' id='word_1_825' title='bbox 1445 5415 1581 5469; x_wconf 86' lang='grc' dir='ltr'>Θεοῦ</span> <span class='ocrx_word' id='word_1_826' title='bbox 1614 5414 1876 5486; x_wconf 80' lang='grc' dir='ltr'>παραχώ-</span> 
     </span>
    </p>
   </div>
   <div class='ocr_carea' id='block_1_104' title="bbox 290 5507 1876 5588">
    <p class='ocr_par' dir='ltr' id='par_1_104' title="bbox 290 5507 1876 5588">
     <span class='ocr_line' id='line_1_104' title="bbox 290 5507 1876 5588; baseline -0.007 -18"><span class='ocrx_word' id='word_1_827' title='bbox 290 5534 455 5588; x_wconf 84' lang='grc' dir='ltr'>ρησιν</span> <span class='ocrx_word' id='word_1_828' title='bbox 478 5517 657 5582; x_wconf 82' lang='grc' dir='ltr'>λέγειν</span> <span class='ocrx_word' id='word_1_829' title='bbox 684 5516 984 5584; x_wconf 71' lang='grc' dir='ltr'>ἐνέργειαν.</span> <span class='ocrx_word' id='word_1_830' title='bbox 1013 5512 1244 5581; x_wconf 81' lang='grc' dir='ltr'>Λέγεται</span> <span class='ocrx_word' id='word_1_831' title='bbox 1270 5512 1363 5565; x_wconf 80' lang='grc' dir='ltr'><strong>καὶ</strong></span> <span class='ocrx_word' id='word_1_832' title='bbox 1390 5509 1600 5577; x_wconf 79' lang='grc' dir='ltr'>πλάνης</span> <span class='ocrx_word' id='word_1_833' title='bbox 1625 5507 1876 5576; x_wconf 75' lang='grc' dir='ltr'>ἐνέργεια</span> 
     </span>
    </p>
   </div>
   <div class='ocr_carea' id='block_1_105' title="bbox 287 5600 1877 5676">
    <p class='ocr_par' dir='ltr' id='par_1_105' title="bbox 287 5600 1877 5676">
     <span class='ocr_line' id='line_1_105' title="bbox 287 5600 1877 5676; baseline -0.007 -14"><span class='ocrx_word' id='word_1_834' title='bbox 287 5610 482 5676; x_wconf 81' lang='grc' dir='ltr'>ὥσπερ</span> <span class='ocrx_word' id='word_1_835' title='bbox 514 5610 607 5662; x_wconf 77' lang='grc' dir='ltr'>καὶ</span> <span class='ocrx_word' id='word_1_836' title='bbox 635 5607 925 5676; x_wconf 80' lang='grc' dir='ltr'>δαιμόνων,</span> <span class='ocrx_word' id='word_1_837' title='bbox 955 5606 1099 5659; x_wconf 75' lang='grc' dir='ltr'>καθὰ</span> <span class='ocrx_word' id='word_1_838' title='bbox 1133 5605 1229 5657; x_wconf 80' lang='grc' dir='ltr'>καὶ</span> <span class='ocrx_word' id='word_1_839' title='bbox 1258 5606 1285 5657; x_wconf 84' lang='grc' dir='ltr'>ὁ</span> <span class='ocrx_word' id='word_1_840' title='bbox 1316 5603 1457 5665; x_wconf 81' lang='grc' dir='ltr'>Θεῖος</span> <span class='ocrx_word' id='word_1_841' title='bbox 1488 5600 1877 5670; x_wconf 79' lang='grc' dir='ltr'>Χρυσόστομος</span> 
     </span>
    </p>
   </div>
   <div class='ocr_carea' id='block_1_106' title="bbox 290 5694 1877 5770">
    <p class='ocr_par' dir='ltr' id='par_1_106' title="bbox 290 5694 1877 5770">
     <span class='ocr_line' id='line_1_106' title="bbox 290 5694 1877 5770; baseline -0.008 -15"><span class='ocrx_word' id='word_1_842' title='bbox 290 5705 351 5755; x_wconf 80' lang='grc' dir='ltr'>ἐν</span> <span class='ocrx_word' id='word_1_843' title='bbox 378 5707 492 5766; x_wconf 87' lang='grc' dir='ltr'>τοῖς</span> <span class='ocrx_word' id='word_1_844' title='bbox 528 5703 658 5770; x_wconf 78' lang='grc' dir='ltr'>περὶ</span> <span class='ocrx_word' id='word_1_845' title='bbox 690 5700 1075 5770; x_wconf 80' lang='grc' dir='ltr'>ἀκαταλήπτου</span> <span class='ocrx_word' id='word_1_846' title='bbox 1105 5699 1284 5767; x_wconf 81' lang='grc' dir='ltr'>λόγοις</span> <span class='ocrx_word' id='word_1_847' title='bbox 1314 5696 1456 5764; x_wconf 80' lang='grc' dir='ltr'>ὑπὲρ</span> <span class='ocrx_word' id='word_1_848' title='bbox 1484 5696 1592 5747; x_wconf 85' lang='grc' dir='ltr'><strong>τῶν</strong></span> <span class='ocrx_word' id='word_1_849' title='bbox 1624 5694 1877 5763; x_wconf 80' lang='grc' dir='ltr'>ἐνεργου-</span> 
     </span>
    </p>
   </div>
   <div class='ocr_carea' id='block_1_107' title="bbox 292 5784 1866 5866">
    <p class='ocr_par' dir='ltr' id='par_1_107' title="bbox 292 5784 1866 5866">
     <span class='ocr_line' id='line_1_107' title="bbox 292 5784 1866 5866; baseline -0.011 -15"><span class='ocrx_word' id='word_1_850' title='bbox 292 5796 471 5866; x_wconf 82' lang='grc' dir='ltr'>μένων</span> <span class='ocrx_word' id='word_1_851' title='bbox 499 5793 758 5864; x_wconf 80' lang='grc' dir='ltr'>εῦχεσθαι</span> <span class='ocrx_word' id='word_1_852' title='bbox 800 5795 1087 5862; x_wconf 82' lang='grc' dir='ltr'>παραινεῖ,</span> <span class='ocrx_word' id='word_1_853' title='bbox 1117 5791 1227 5845; x_wconf 80' lang='grc' dir='ltr'><strong>τῶν</strong></span> <span class='ocrx_word' id='word_1_854' title='bbox 1254 5786 1636 5859; x_wconf 83' lang='grc' dir='ltr'>δαιμονῶντων</span> <span class='ocrx_word' id='word_1_855' title='bbox 1664 5784 1866 5857; x_wconf 77' lang='grc' dir='ltr'>δηλαδὴ</span> 
     </span>
    </p>
   </div>
   <div class='ocr_carea' id='block_1_108' title="bbox 1965 4584 3559 4662">
    <p class='ocr_par' dir='ltr' id='par_1_108' title="bbox 1965 4584 3559 4662">
     <span class='ocr_line' id='line_1_108' title="bbox 1965 4584 3559 4662; baseline 0.008 -25"><span class='ocrx_word' id='word_1_856' title='bbox 1965 4584 2167 4637; x_wconf 87' lang='lat' dir='ltr'><strong>etenim</strong></span> <span class='ocrx_word' id='word_1_857' title='bbox 2199 4585 2242 4639; x_wconf 89' lang='lat' dir='ltr'><strong>si</strong></span> <span class='ocrx_word' id='word_1_858' title='bbox 2280 4603 2389 4639; x_wconf 91' lang='lat' dir='ltr'><strong>non</strong></span> <span class='ocrx_word' id='word_1_859' title='bbox 2421 4587 2491 4641; x_wconf 89' lang='lat' dir='ltr'><strong>sit</strong></span> <span class='ocrx_word' id='word_1_860' title='bbox 2525 4588 2689 4640; x_wconf 89' lang='lat' dir='ltr'><strong>etiam</strong></span> <span class='ocrx_word' id='word_1_861' title='bbox 2727 4603 2814 4642; x_wconf 87' lang='lat' dir='ltr'><strong>res</strong></span> <span class='ocrx_word' id='word_1_862' title='bbox 2854 4589 3090 4658; x_wconf 88' lang='lat' dir='ltr'><strong>patiens,</strong></span> <span class='ocrx_word' id='word_1_863' title='bbox 3127 4591 3291 4662; x_wconf 80' lang='lat'><strong>298</strong></span> <span class='ocrx_word' id='word_1_864' title='bbox 3323 4611 3407 4649; x_wconf 89' lang='lat' dir='ltr'><strong>res</strong></span> <span class='ocrx_word' id='word_1_865' title='bbox 3438 4596 3559 4655; x_wconf 62' lang='grc' dir='ltr'><strong>ραις</strong></span> 
     </span>
    </p>
   </div>
   <div class='ocr_carea' id='block_1_109' title="bbox 1968 4678 3561 4763">
    <p class='ocr_par' dir='ltr' id='par_1_109' title="bbox 1968 4678 3561 4763">
     <span class='ocr_line' id='line_1_109' title="bbox 1968 4678 3561 4763; baseline 0.009 -31"><span class='ocrx_word' id='word_1_866' title='bbox 1968 4678 2120 4732; x_wconf 86' lang='lat' dir='ltr'><strong>ciens</strong></span> <span class='ocrx_word' id='word_1_867' title='bbox 2149 4694 2256 4733; x_wconf 91' lang='lat' dir='ltr'><strong>non</strong></span> <span class='ocrx_word' id='word_1_868' title='bbox 2289 4680 2414 4734; x_wconf 91' lang='lat' dir='ltr'><strong>erit.</strong></span> <span class='ocrx_word' id='word_1_869' title='bbox 2457 4679 2758 4736; x_wconf 85' lang='lat' dir='ltr'><strong>Efﬁcientia</strong></span> <span class='ocrx_word' id='word_1_870' title='bbox 2787 4682 2991 4738; x_wconf 89' lang='lat' dir='ltr'><strong>dicitur</strong></span> <span class='ocrx_word' id='word_1_871' title='bbox 3025 4686 3192 4741; x_wconf 87' lang='lat' dir='ltr'><strong>etiam</strong></span> <span class='ocrx_word' id='word_1_872' title='bbox 3231 4688 3427 4743; x_wconf 89' lang='lat' dir='ltr'><strong>visioni</strong></span> <span class='ocrx_word' id='word_1_873' title='bbox 3458 4706 3561 4763; x_wconf 44' lang='lat' dir='ltr'><strong>op;</strong></span> 
     </span>
    </p>
   </div>
   <div class='ocr_carea' id='block_1_110' title="bbox 1968 4772 3535 4848">
    <p class='ocr_par' dir='ltr' id='par_1_110' title="bbox 1968 4772 3535 4848">
     <span class='ocr_line' id='line_1_110' title="bbox 1968 4772 3535 4848; baseline 0.009 -24"><span class='ocrx_word' id='word_1_874' title='bbox 1968 4772 2141 4841; x_wconf 90' lang='lat' dir='ltr'><strong>posita</strong></span> <span class='ocrx_word' id='word_1_875' title='bbox 2170 4772 2370 4829; x_wconf 87' lang='lat' dir='ltr'><strong>veritas</strong></span> <span class='ocrx_word' id='word_1_876' title='bbox 2398 4774 2699 4828; x_wconf 85' lang='lat' dir='ltr'><strong>secundum</strong></span> <span class='ocrx_word' id='word_1_877' title='bbox 2725 4775 2972 4831; x_wconf 89' lang='lat' dir='ltr'><strong>divinum</strong></span> <span class='ocrx_word' id='word_1_878' title='bbox 3001 4776 3290 4848; x_wconf 85' lang='lat' dir='ltr'><strong>Cyrillum,</strong></span> <span class='ocrx_word' id='word_1_879' title='bbox 3320 4790 3380 4837; x_wconf 93' lang='lat' dir='ltr'><strong>ut</strong></span> <span class='ocrx_word' id='word_1_880' title='bbox 3409 4798 3535 4838; x_wconf 90' lang='lat' dir='ltr'><strong>vcr-</strong></span> 
     </span>
    </p>
   </div>
   <div class='ocr_carea' id='block_1_111' title="bbox 1970 4866 3563 4945">
    <p class='ocr_par' dir='ltr' id='par_1_111' title="bbox 1970 4866 3563 4945">
     <span class='ocr_line' id='line_1_111' title="bbox 1970 4866 3563 4945; baseline 0.011 -27"><span class='ocrx_word' id='word_1_881' title='bbox 1970 4874 2084 4919; x_wconf 87' lang='lat' dir='ltr'><strong>sata</strong></span> <span class='ocrx_word' id='word_1_882' title='bbox 2115 4874 2199 4919; x_wconf 88' lang='lat' dir='ltr'><strong>est</strong></span> <span class='ocrx_word' id='word_1_883' title='bbox 2251 4867 2391 4919; x_wconf 90' lang='lat' dir='ltr'><strong>ratio</strong></span> <span class='ocrx_word' id='word_1_884' title='bbox 2432 4866 2618 4921; x_wconf 85' lang='lat' dir='ltr'><strong>divina</strong></span> <span class='ocrx_word' id='word_1_885' title='bbox 2674 4868 2730 4922; x_wconf 90' lang='lat' dir='ltr'><strong>in</strong></span> <span class='ocrx_word' id='word_1_886' title='bbox 2778 4871 3127 4925; x_wconf 85' lang='lat' dir='ltr'><strong>sanctissima</strong></span> <span class='ocrx_word' id='word_1_887' title='bbox 3181 4871 3402 4945; x_wconf 81' lang='lat' dir='ltr'><strong>Virgine</strong></span> <span class='ocrx_word' id='word_1_888' title='bbox 3457 4877 3563 4937; x_wconf 65' lang='lat' dir='ltr'><strong>Dei</strong></span> 
     </span>
    </p>
   </div>
   <div class='ocr_carea' id='block_1_112' title="bbox 1970 4952 3561 5029">
    <p class='ocr_par' dir='ltr' id='par_1_112' title="bbox 1970 4952 3561 5029">
     <span class='ocr_line' id='line_1_112' title="bbox 1970 4952 3561 5029; baseline 0.011 -22"><span class='ocrx_word' id='word_1_889' title='bbox 1970 4952 2139 5009; x_wconf 85' lang='lat' dir='ltr'><strong>Matre</strong></span> <span class='ocrx_word' id='word_1_890' title='bbox 2162 4996 2175 5019; x_wconf 93' lang='lat'><strong>,</strong></span> <span class='ocrx_word' id='word_1_891' title='bbox 2206 4971 2313 5009; x_wconf 91' lang='lat' dir='ltr'><strong>non</strong></span> <span class='ocrx_word' id='word_1_892' title='bbox 2347 4958 2550 5025; x_wconf 85' lang='lat' dir='ltr'><strong>specie,</strong></span> <span class='ocrx_word' id='word_1_893' title='bbox 2570 4959 2663 5013; x_wconf 86' lang='lat' dir='ltr'><strong>sed</strong></span> <span class='ocrx_word' id='word_1_894' title='bbox 2690 4958 2977 5016; x_wconf 83' lang='lat' dir='ltr'><strong>efﬁcientia</strong></span> <span class='ocrx_word' id='word_1_895' title='bbox 3010 4964 3125 5019; x_wconf 86' lang='lat' dir='ltr'><strong>sive</strong></span> <span class='ocrx_word' id='word_1_896' title='bbox 3160 4966 3407 5023; x_wconf 86' lang='lat' dir='ltr'><strong>veritate.</strong></span> <span class='ocrx_word' id='word_1_897' title='bbox 3443 4969 3561 5029; x_wconf 82' lang='lat' dir='ltr'><strong>Efﬁ.</strong></span> 
     </span>
    </p>
   </div>
   <div class='ocr_carea' id='block_1_113' title="bbox 1973 5046 3561 5115">
    <p class='ocr_par' dir='ltr' id='par_1_113' title="bbox 1973 5046 3561 5115">
     <span class='ocr_line' id='line_1_113' title="bbox 1973 5046 3561 5115; baseline 0.009 -14"><span class='ocrx_word' id='word_1_898' title='bbox 1973 5046 2174 5102; x_wconf 85' lang='lat' dir='ltr'><strong>cientia</strong></span> <span class='ocrx_word' id='word_1_899' title='bbox 2205 5047 2411 5102; x_wconf 87' lang='lat' dir='ltr'><strong>dicitur</strong></span> <span class='ocrx_word' id='word_1_900' title='bbox 2441 5051 2746 5105; x_wconf 86' lang='lat' dir='ltr'><strong>secundum</strong></span> <span class='ocrx_word' id='word_1_901' title='bbox 2775 5052 3024 5108; x_wconf 89' lang='lat' dir='ltr'><strong>divinum</strong></span> <span class='ocrx_word' id='word_1_902' title='bbox 3052 5055 3324 5112; x_wconf 84' lang='lat' dir='ltr'><strong>Joannem</strong></span> <span class='ocrx_word' id='word_1_903' title='bbox 3363 5057 3561 5115; x_wconf 85' lang='lat' dir='ltr'><strong>Dama-</strong></span> 
     </span>
    </p>
   </div>
   <div class='ocr_carea' id='block_1_114' title="bbox 1976 5140 3556 5221">
    <p class='ocr_par' dir='ltr' id='par_1_114' title="bbox 1976 5140 3556 5221">
     <span class='ocr_line' id='line_1_114' title="bbox 1976 5140 3556 5221; baseline 0.011 -29"><span class='ocrx_word' id='word_1_904' title='bbox 1976 5152 2204 5194; x_wconf 88' lang='lat' dir='ltr'><strong>seenum</strong></span> <span class='ocrx_word' id='word_1_905' title='bbox 2241 5140 2407 5195; x_wconf 85' lang='lat' dir='ltr'><strong>etiam</strong></span> <span class='ocrx_word' id='word_1_906' title='bbox 2442 5142 2616 5211; x_wconf 87' lang='lat' dir='ltr'><strong>prima</strong></span> <span class='ocrx_word' id='word_1_907' title='bbox 2665 5144 2722 5197; x_wconf 92' lang='lat' dir='ltr'><strong>in</strong></span> <span class='ocrx_word' id='word_1_908' title='bbox 2768 5145 2929 5201; x_wconf 89' lang='lat' dir='ltr'><strong>nobis</strong></span> <span class='ocrx_word' id='word_1_909' title='bbox 2980 5156 3240 5204; x_wconf 86' lang='lat' dir='ltr'><strong>constans</strong></span> <span class='ocrx_word' id='word_1_910' title='bbox 3269 5151 3556 5221; x_wconf 81' lang='lat' dir='ltr'><strong>cogitatio,</strong></span> 
     </span>
    </p>
   </div>
   <div class='ocr_carea' id='block_1_115' title="bbox 1974 5234 3557 5312">
    <p class='ocr_par' dir='ltr' id='par_1_115' title="bbox 1974 5234 3557 5312">
     <span class='ocr_line' id='line_1_115' title="bbox 1974 5234 3557 5312; baseline 0.01 -28"><span class='ocrx_word' id='word_1_911' title='bbox 1974 5238 2030 5284; x_wconf 87' lang='lat' dir='ltr'><strong>et</strong></span> <span class='ocrx_word' id='word_1_912' title='bbox 2059 5245 2225 5298; x_wconf 84' lang='lat' dir='ltr'><strong>porro</strong></span> <span class='ocrx_word' id='word_1_913' title='bbox 2258 5234 2532 5300; x_wconf 79' lang='lat' dir='ltr'><strong>expositio</strong></span> <span class='ocrx_word' id='word_1_914' title='bbox 2590 5236 2957 5304; x_wconf 78' lang='lat' dir='ltr'><strong>cogitatorum</strong></span> <span class='ocrx_word' id='word_1_915' title='bbox 3011 5252 3132 5307; x_wconf 54' lang='lat' dir='ltr'><strong>qua!</strong></span> <span class='ocrx_word' id='word_1_916' title='bbox 3165 5239 3348 5312; x_wconf 79' lang='lat' dir='ltr'><strong>lingua</strong></span> <span class='ocrx_word' id='word_1_917' title='bbox 3386 5244 3557 5300; x_wconf 83' lang='lat' dir='ltr'><strong>efﬁci-</strong></span> 
     </span>
    </p>
   </div>
   <div class='ocr_carea' id='block_1_116' title="bbox 1978 5320 3559 5399">
    <p class='ocr_par' dir='ltr' id='par_1_116' title="bbox 1978 5320 3559 5399">
     <span class='ocr_line' id='line_1_116' title="bbox 1978 5320 3559 5399; baseline 0.009 -23"><span class='ocrx_word' id='word_1_918' title='bbox 1978 5331 2088 5378; x_wconf 89' lang='lat' dir='ltr'><strong>tur.</strong></span> <span class='ocrx_word' id='word_1_919' title='bbox 2112 5323 2471 5381; x_wconf 88' lang='lat' dir='ltr'><strong>Consuetudo</strong></span> <span class='ocrx_word' id='word_1_920' title='bbox 2504 5343 2696 5396; x_wconf 83' lang='lat' dir='ltr'><strong>porro,</strong></span> <span class='ocrx_word' id='word_1_921' title='bbox 2741 5329 2943 5399; x_wconf 90' lang='lat' dir='ltr'><strong>inquit,</strong></span> <span class='ocrx_word' id='word_1_922' title='bbox 2980 5320 3145 5386; x_wconf 87' lang='lat' dir='ltr'><strong>etiam</strong></span> <span class='ocrx_word' id='word_1_923' title='bbox 3179 5334 3380 5391; x_wconf 70' lang='lat' dir='ltr'><strong>divinae</strong></span> <span class='ocrx_word' id='word_1_924' title='bbox 3404 5336 3559 5392; x_wconf 82' lang='lat' dir='ltr'><strong>Scri-</strong></span> 
     </span>
    </p>
   </div>
   <div class='ocr_carea' id='block_1_117' title="bbox 1977 5416 3556 5490">
    <p class='ocr_par' dir='ltr' id='par_1_117' title="bbox 1977 5416 3556 5490">
     <span class='ocr_line' id='line_1_117' title="bbox 1977 5416 3556 5490; baseline 0.01 -20"><span class='ocrx_word' id='word_1_925' title='bbox 1977 5424 2171 5484; x_wconf 71' lang='lat' dir='ltr'><strong>pturaz,</strong></span> <span class='ocrx_word' id='word_1_926' title='bbox 2206 5417 2373 5471; x_wconf 91' lang='lat' dir='ltr'><strong>etiam</strong></span> <span class='ocrx_word' id='word_1_927' title='bbox 2413 5416 2502 5472; x_wconf 88' lang='lat' dir='ltr'><strong>Dei</strong></span> <span class='ocrx_word' id='word_1_928' title='bbox 2535 5418 2929 5490; x_wconf 79' lang='lat' dir='ltr'><strong>indulgentiam</strong></span> <span class='ocrx_word' id='word_1_929' title='bbox 2964 5422 3150 5480; x_wconf 86' lang='lat' dir='ltr'><strong>dicere</strong></span> <span class='ocrx_word' id='word_1_930' title='bbox 3183 5425 3556 5486; x_wconf 80' lang='lat' dir='ltr'><strong>efﬁcientiam.</strong></span> 
     </span>
    </p>
   </div>
   <div class='ocr_carea' id='block_1_118' title="bbox 1976 5507 3552 5586">
    <p class='ocr_par' dir='ltr' id='par_1_118' title="bbox 1976 5507 3552 5586">
     <span class='ocr_line' id='line_1_118' title="bbox 1976 5507 3552 5586; baseline 0.007 -24"><span class='ocrx_word' id='word_1_931' title='bbox 1976 5507 2188 5562; x_wconf 85' lang='lat' dir='ltr'><strong>Dicitur</strong></span> <span class='ocrx_word' id='word_1_932' title='bbox 2215 5509 2377 5562; x_wconf 87' lang='lat' dir='ltr'><strong>etiam</strong></span> <span class='ocrx_word' id='word_1_933' title='bbox 2402 5511 2608 5565; x_wconf 89' lang='lat' dir='ltr'><strong>erroris</strong></span> <span class='ocrx_word' id='word_1_934' title='bbox 2628 5508 2920 5569; x_wconf 83' lang='lat' dir='ltr'><strong>efﬁcientia</strong></span> <span class='ocrx_word' id='word_1_935' title='bbox 2943 5524 3004 5569; x_wconf 91' lang='lat' dir='ltr'><strong>ut</strong></span> <span class='ocrx_word' id='word_1_936' title='bbox 3029 5516 3197 5571; x_wconf 84' lang='lat' dir='ltr'><strong>etiam</strong></span> <span class='ocrx_word' id='word_1_937' title='bbox 3217 5518 3552 5586; x_wconf 61' lang='lat' dir='ltr'><strong>daemonum;</strong></span> 
     </span>
    </p>
   </div>
   <div class='ocr_carea' id='block_1_119' title="bbox 1983 5600 3559 5677">
    <p class='ocr_par' dir='ltr' id='par_1_119' title="bbox 1983 5600 3559 5677">
     <span class='ocr_line' id='line_1_119' title="bbox 1983 5600 3559 5677; baseline 0.001 -22"><span class='ocrx_word' id='word_1_938' title='bbox 1983 5610 2041 5657; x_wconf 83' lang='grc' dir='ltr'><strong>ιιι</strong></span> <span class='ocrx_word' id='word_1_939' title='bbox 2055 5600 2220 5655; x_wconf 87' lang='lat' dir='ltr'><strong>etiam</strong></span> <span class='ocrx_word' id='word_1_940' title='bbox 2239 5601 2458 5655; x_wconf 87' lang='lat' dir='ltr'><strong>divinus</strong></span> <span class='ocrx_word' id='word_1_941' title='bbox 2476 5601 2899 5672; x_wconf 86' lang='lat' dir='ltr'><strong>Chrysostomus</strong></span> <span class='ocrx_word' id='word_1_942' title='bbox 2925 5606 2979 5660; x_wconf 93' lang='lat' dir='ltr'><strong>in</strong></span> <span class='ocrx_word' id='word_1_943' title='bbox 3006 5607 3072 5661; x_wconf 88' lang='lat' dir='ltr'><strong>iis</strong></span> <span class='ocrx_word' id='word_1_944' title='bbox 3100 5625 3234 5677; x_wconf 89' lang='lat' dir='ltr'><strong>quas</strong></span> <span class='ocrx_word' id='word_1_945' title='bbox 3255 5606 3322 5662; x_wconf 71' lang='lat' dir='ltr'><strong>d‘e</strong></span> <span class='ocrx_word' id='word_1_946' title='bbox 3344 5609 3559 5663; x_wconf 74' lang='lat' dir='ltr'><strong>iucom.</strong></span> 
     </span>
    </p>
   </div>
   <div class='ocr_carea' id='block_1_120' title="bbox 1981 5692 3563 5769">
    <p class='ocr_par' dir='ltr' id='par_1_120' title="bbox 1981 5692 3563 5769">
     <span class='ocr_line' id='line_1_120' title="bbox 1981 5692 3563 5769; baseline 0.005 -20"><span class='ocrx_word' id='word_1_947' title='bbox 1981 5692 2275 5763; x_wconf 88' lang='lat' dir='ltr'><strong>prehensis</strong></span> <span class='ocrx_word' id='word_1_948' title='bbox 2306 5693 2525 5762; x_wconf 91' lang='lat' dir='ltr'><strong>scripsit</strong></span> <span class='ocrx_word' id='word_1_949' title='bbox 2557 5695 2900 5751; x_wconf 89' lang='lat' dir='ltr'><strong>orationibus</strong></span> <span class='ocrx_word' id='word_1_950' title='bbox 2926 5707 2984 5752; x_wconf 90' lang='lat' dir='ltr'><strong>ut</strong></span> <span class='ocrx_word' id='word_1_951' title='bbox 3026 5715 3123 5767; x_wconf 88' lang='lat' dir='ltr'><strong>pro</strong></span> <span class='ocrx_word' id='word_1_952' title='bbox 3172 5703 3563 5769; x_wconf 79' lang='lat' dir='ltr'><strong>energumenis</strong></span> 
     </span>
    </p>
   </div>
   <div class='ocr_carea' id='block_1_121' title="bbox 1980 5777 3561 5857">
    <p class='ocr_par' dir='ltr' id='par_1_121' title="bbox 1980 5777 3561 5857">
     <span class='ocr_line' id='line_1_121' title="bbox 1980 5777 3561 5857; baseline 0.005 -17"><span class='ocrx_word' id='word_1_953' title='bbox 1980 5798 2204 5841; x_wconf 89' lang='lat' dir='ltr'><strong>oremus</strong></span> <span class='ocrx_word' id='word_1_954' title='bbox 2224 5784 2495 5851; x_wconf 77' lang='lat' dir='ltr'><strong>hortatur,</strong></span> <span class='ocrx_word' id='word_1_955' title='bbox 2511 5785 2858 5843; x_wconf 82' lang='lat' dir='ltr'><strong>dementihus</strong></span> <span class='ocrx_word' id='word_1_956' title='bbox 2874 5789 3131 5845; x_wconf 85' lang='lat' dir='ltr'><strong>nimirum</strong></span> <span class='ocrx_word' id='word_1_957' title='bbox 3152 5777 3561 5857; x_wconf 65' lang='lat' dir='ltr'><strong>efferentibus.</strong></span> 
     </span>
    </p>
   </div>
  </div>
