  <div class='ocr_page' id='page_1' title='image "/cluster/home/n/w/nwhite01/storage/ocr_20150623/149/mdp.39015078384750/139.png"; bbox 0 0 4046 6290; ppageno 0'>
   <div class='ocr_carea' id='block_1_1' title="bbox 512 296 620 359">
    <p class='ocr_par' dir='ltr' id='par_1_1' title="bbox 512 296 620 359">
     <span class='ocr_line' id='line_1_1' title="bbox 512 296 620 359; baseline -0.019 0"><span class='ocrx_word' id='word_1_1' title='bbox 512 296 620 359; x_wconf 66' lang='grc' dir='ltr'>ἓὸἹ</span> 
     </span>
    </p>
   </div>
   <div class='ocr_carea' id='block_1_2' title="bbox 1722 285 2579 351">
    <p class='ocr_par' dir='ltr' id='par_1_2' title="bbox 1722 285 2579 351">
     <span class='ocr_line' id='line_1_2' title="bbox 1722 285 2579 351; baseline -0.006 -1"><span class='ocrx_word' id='word_1_2' title='bbox 1722 286 2146 351; x_wconf 82' lang='lat' dir='ltr'><strong>NICEPIIORI</strong></span> <span class='ocrx_word' id='word_1_3' title='bbox 2187 285 2579 347; x_wconf 68' lang='lat' dir='ltr'><strong>GREGORzﬁ</strong></span> 
     </span>
    </p>
   </div>
   <div class='ocr_carea' id='block_1_3' title="bbox 3675 287 3769 351">
    <p class='ocr_par' dir='ltr' id='par_1_3' title="bbox 3675 287 3769 351">
     <span class='ocr_line' id='line_1_3' title="bbox 3675 287 3769 351; baseline 0 -1"><span class='ocrx_word' id='word_1_4' title='bbox 3675 287 3769 351; x_wconf 66' lang='lat'><strong>264</strong></span> 
     </span>
    </p>
   </div>
   <div class='ocr_carea' id='block_1_4' title="bbox 513 390 2117 474">
    <p class='ocr_par' dir='ltr' id='par_1_4' title="bbox 513 399 2097 474">
     <span class='ocr_line' id='line_1_4' title="bbox 513 399 2097 474; baseline -0.008 -11"><span class='ocrx_word' id='word_1_5' title='bbox 513 411 690 474; x_wconf 74' lang='lat' dir='ltr'><strong>Atque</strong></span> <span class='ocrx_word' id='word_1_6' title='bbox 726 403 948 467; x_wconf 79' lang='lat' dir='ltr'><strong>Paulus,</strong></span> <span class='ocrx_word' id='word_1_7' title='bbox 991 419 1008 453; x_wconf 72' lang='grc' dir='ltr'><strong>ι</strong></span> <span class='ocrx_word' id='word_1_8' title='bbox 1045 400 1206 467; x_wconf 84' lang='lat' dir='ltr'><strong>Quia,</strong></span> <span class='ocrx_word' id='word_1_9' title='bbox 1233 399 1435 469; x_wconf 97' lang='lat' dir='ltr'><strong>inquit,</strong></span> <span class='ocrx_word' id='word_1_10' title='bbox 1467 400 1760 455; x_wconf 73' lang='lat' dir='ltr'><strong>veritatem</strong></span> <span class='ocrx_word' id='word_1_11' title='bbox 1791 415 1902 453; x_wconf 91' lang='lat' dir='ltr'><strong>non</strong></span> <span class='ocrx_word' id='word_1_12' title='bbox 1942 412 2097 452; x_wconf 86' lang='lat' dir='ltr'><strong>acce-</strong></span> 
     </span>
    </p>
   </div>
   <div class='ocr_carea' id='block_1_5' title="bbox 2221 390 3776 474">
    <p class='ocr_par' dir='ltr' id='par_1_5' title="bbox 2221 390 3776 468">
     <span class='ocr_line' id='line_1_5' title="bbox 2221 390 3776 468; baseline 0.001 -18"><span class='ocrx_word' id='word_1_13' title='bbox 2221 398 2300 450; x_wconf 74' lang='grc' dir='ltr'>ιαὶ</span> <span class='ocrx_word' id='word_1_14' title='bbox 2332 395 2675 466; x_wconf 80' lang='grc' dir='ltr'><strong>μεμηνότων.</strong></span> <span class='ocrx_word' id='word_1_15' title='bbox 2706 394 2814 448; x_wconf 75' lang='grc' dir='ltr'><strong>Καὶ</strong></span> <span class='ocrx_word' id='word_1_16' title='bbox 2847 394 3058 460; x_wconf 85' lang='grc' dir='ltr'>Παῦλος</span> <span class='ocrx_word' id='word_1_17' title='bbox 3086 394 3170 461; x_wconf 85' lang='grc' dir='ltr'><strong>δέ,</strong></span> <span class='ocrx_word' id='word_1_18' title='bbox 3203 413 3224 447; x_wconf 81' lang='grc' dir='ltr'><strong>ι</strong></span> <span class='ocrx_word' id='word_1_19' title='bbox 3264 394 3414 451; x_wconf 82' lang='grc' dir='ltr'>’Δνθ’</span> <span class='ocrx_word' id='word_1_20' title='bbox 3435 390 3534 464; x_wconf 78' lang='grc' dir='ltr'><strong>ὧν,</strong></span> <span class='ocrx_word' id='word_1_21' title='bbox 3574 416 3592 451; x_wconf 74' lang='grc' dir='ltr'><strong>ι</strong></span> <span class='ocrx_word' id='word_1_22' title='bbox 3625 406 3776 468; x_wconf 61' lang='grc' dir='ltr'>φησι,</span> 
     </span>
    </p>
   </div>
   <div class='ocr_carea' id='block_1_6' title="bbox 512 489 2095 569">
    <p class='ocr_par' dir='ltr' id='par_1_6' title="bbox 512 489 2095 569">
     <span class='ocr_line' id='line_1_6' title="bbox 512 489 2095 569; baseline -0.006 -19"><span class='ocrx_word' id='word_1_23' title='bbox 512 506 736 569; x_wconf 84' lang='lat' dir='ltr'><strong>perunt,</strong></span> <span class='ocrx_word' id='word_1_24' title='bbox 791 495 971 548; x_wconf 90' lang='lat' dir='ltr'><strong>mittet</strong></span> <span class='ocrx_word' id='word_1_25' title='bbox 1003 493 1069 547; x_wconf 89' lang='lat' dir='ltr'><strong>iis</strong></span> <span class='ocrx_word' id='word_1_26' title='bbox 1099 492 1448 548; x_wconf 88' lang='lat' dir='ltr'><strong>eilicieutiam</strong></span> <span class='ocrx_word' id='word_1_27' title='bbox 1479 491 1690 546; x_wconf 85' lang='lat' dir='ltr'><strong>erroris</strong></span> <span class='ocrx_word' id='word_1_28' title='bbox 1739 506 1915 560; x_wconf 92' lang='lat' dir='ltr'><strong>usque</strong></span> <span class='ocrx_word' id='word_1_29' title='bbox 1963 489 2095 543; x_wconf 91' lang='lat' dir='ltr'><strong>dum</strong></span> 
     </span>
    </p>
   </div>
   <div class='ocr_carea' id='block_1_7' title="bbox 513 578 2100 645">
    <p class='ocr_par' dir='ltr' id='par_1_7' title="bbox 513 578 2100 645">
     <span class='ocr_line' id='line_1_7' title="bbox 513 578 2100 645; baseline -0.009 0"><span class='ocrx_word' id='word_1_30' title='bbox 513 587 872 645; x_wconf 88' lang='lat' dir='ltr'><strong>crediderint.</strong></span> <span class='ocrx_word' id='word_1_31' title='bbox 909 605 927 636; x_wconf 72' lang='grc' dir='ltr'><strong>ι</strong></span> <span class='ocrx_word' id='word_1_32' title='bbox 963 584 1070 639; x_wconf 90' lang='lat' dir='ltr'><strong>Sed</strong></span> <span class='ocrx_word' id='word_1_33' title='bbox 1123 584 1289 639; x_wconf 90' lang='lat' dir='ltr'><strong>etiam</strong></span> <span class='ocrx_word' id='word_1_34' title='bbox 1341 590 1513 637; x_wconf 89' lang='lat' dir='ltr'><strong>totam</strong></span> <span class='ocrx_word' id='word_1_35' title='bbox 1559 581 1816 635; x_wconf 90' lang='lat' dir='ltr'><strong>animalis</strong></span> <span class='ocrx_word' id='word_1_36' title='bbox 1864 578 2100 634; x_wconf 88' lang='lat' dir='ltr'><strong>admini-</strong></span> 
     </span>
    </p>
   </div>
   <div class='ocr_carea' id='block_1_8' title="bbox 515 672 2095 747">
    <p class='ocr_par' dir='ltr' id='par_1_8' title="bbox 515 672 2095 747">
     <span class='ocr_line' id='line_1_8' title="bbox 515 672 2095 747; baseline -0.008 -9"><span class='ocrx_word' id='word_1_37' title='bbox 515 682 837 738; x_wconf 80' lang='lat' dir='ltr'><strong>strationem</strong></span> <span class='ocrx_word' id='word_1_38' title='bbox 893 687 949 734; x_wconf 87' lang='lat' dir='ltr'><strong>et</strong></span> <span class='ocrx_word' id='word_1_39' title='bbox 992 676 1461 747; x_wconf 85' lang='lat' dir='ltr'><strong>dispensationem</strong></span> <span class='ocrx_word' id='word_1_40' title='bbox 1510 673 1859 729; x_wconf 83' lang='lat' dir='ltr'><strong>ellicientiam</strong></span> <span class='ocrx_word' id='word_1_41' title='bbox 1920 672 2095 727; x_wconf 88' lang='lat' dir='ltr'><strong>sancti</strong></span> 
     </span>
    </p>
   </div>
   <div class='ocr_carea' id='block_1_9' title="bbox 512 765 2100 838">
    <p class='ocr_par' dir='ltr' id='par_1_9' title="bbox 512 765 2100 838">
     <span class='ocr_line' id='line_1_9' title="bbox 512 765 2100 838; baseline -0.007 -9"><span class='ocrx_word' id='word_1_42' title='bbox 512 784 733 838; x_wconf 85' lang='lat' dir='ltr'><strong>vocant,</strong></span> <span class='ocrx_word' id='word_1_43' title='bbox 774 773 891 828; x_wconf 91' lang='lat' dir='ltr'><strong>sive</strong></span> <span class='ocrx_word' id='word_1_44' title='bbox 922 769 1150 827; x_wconf 75' lang='lat' dir='ltr'><strong>vivendi</strong></span> <span class='ocrx_word' id='word_1_45' title='bbox 1176 768 1345 835; x_wconf 84' lang='lat' dir='ltr'><strong>vires,</strong></span> <span class='ocrx_word' id='word_1_46' title='bbox 1394 776 1452 822; x_wconf 90' lang='lat' dir='ltr'><strong>ct</strong></span> <span class='ocrx_word' id='word_1_47' title='bbox 1500 765 1842 837; x_wconf 82' lang='lat' dir='ltr'><strong>intelligendi</strong></span> <span class='ocrx_word' id='word_1_48' title='bbox 1873 774 1931 819; x_wconf 90' lang='lat' dir='ltr'><strong>et</strong></span> <span class='ocrx_word' id='word_1_49' title='bbox 1976 778 2100 819; x_wconf 88' lang='lat' dir='ltr'><strong>sen-</strong></span> 
     </span>
    </p>
   </div>
   <div class='ocr_carea' id='block_1_10' title="bbox 512 866 1495 923">
    <p class='ocr_par' dir='ltr' id='par_1_10' title="bbox 512 866 1495 923">
     <span class='ocr_line' id='line_1_10' title="bbox 512 866 1495 923; baseline -0.004 0"><span class='ocrx_word' id='word_1_50' title='bbox 512 866 707 923; x_wconf 83' lang='lat' dir='ltr'><strong>tiendi.</strong></span> <span class='ocrx_word' id='word_1_51' title='bbox 1492 916 1495 919; x_wconf 71' lang='grc'><strong>,</strong></span> 
     </span>
    </p>
   </div>
   <div class='ocr_carea' id='block_1_11' title="bbox 591 948 2099 1025">
    <p class='ocr_par' dir='ltr' id='par_1_11' title="bbox 591 948 2099 1025">
     <span class='ocr_line' id='line_1_11' title="bbox 591 948 2099 1025; baseline -0.007 -13"><span class='ocrx_word' id='word_1_52' title='bbox 591 957 703 1014; x_wconf 67' lang='lat' dir='ltr'><strong>XV.</strong></span> <span class='ocrx_word' id='word_1_53' title='bbox 730 955 866 1011; x_wconf 87' lang='lat' dir='ltr'><strong>Cum</strong></span> <span class='ocrx_word' id='word_1_54' title='bbox 898 954 1065 1025; x_wconf 81' lang='lat' dir='ltr'><strong>igitur</strong></span> <span class='ocrx_word' id='word_1_55' title='bbox 1099 960 1179 1007; x_wconf 92' lang='lat' dir='ltr'><strong>tot</strong></span> <span class='ocrx_word' id='word_1_56' title='bbox 1210 949 1647 1021; x_wconf 83' lang='lat' dir='ltr'><strong>signiﬁcationes</strong></span> <span class='ocrx_word' id='word_1_57' title='bbox 1670 949 1770 1005; x_wconf 89' lang='lat' dir='ltr'><strong>tibi</strong></span> <span class='ocrx_word' id='word_1_58' title='bbox 1800 948 2099 1019; x_wconf 57' lang='lat' dir='ltr'><strong>proposita</strong></span> 
     </span>
    </p>
   </div>
   <div class='ocr_carea' id='block_1_12' title="bbox 516 1040 2098 1118">
    <p class='ocr_par' dir='ltr' id='par_1_12' title="bbox 516 1040 2098 1118">
     <span class='ocr_line' id='line_1_12' title="bbox 516 1040 2098 1118; baseline -0.008 -12"><span class='ocrx_word' id='word_1_59' title='bbox 516 1052 648 1116; x_wconf 86' lang='lat' dir='ltr'><strong>sint,</strong></span> <span class='ocrx_word' id='word_1_60' title='bbox 688 1065 825 1118; x_wconf 90' lang='lat' dir='ltr'><strong>quas</strong></span> <span class='ocrx_word' id='word_1_61' title='bbox 858 1046 1131 1117; x_wconf 81' lang='lat' dir='ltr'><strong>signiﬁcat</strong></span> <span class='ocrx_word' id='word_1_62' title='bbox 1179 1060 1282 1098; x_wconf 85' lang='lat' dir='ltr'><strong>vox</strong></span> <span class='ocrx_word' id='word_1_63' title='bbox 1310 1082 1325 1106; x_wconf 94' lang='lat'><strong>,</strong></span> <span class='ocrx_word' id='word_1_64' title='bbox 1366 1045 1558 1098; x_wconf 91' lang='lat' dir='ltr'><strong>eodem</strong></span> <span class='ocrx_word' id='word_1_65' title='bbox 1602 1051 1769 1111; x_wconf 85' lang='lat' dir='ltr'><strong>atque</strong></span> <span class='ocrx_word' id='word_1_66' title='bbox 1811 1040 2098 1096; x_wconf 81' lang='lat' dir='ltr'><strong>ellicientia</strong></span> 
     </span>
    </p>
   </div>
   <div class='ocr_carea' id='block_1_13' title="bbox 515 1132 2100 1209">
    <p class='ocr_par' dir='ltr' id='par_1_13' title="bbox 515 1132 2100 1209">
     <span class='ocr_line' id='line_1_13' title="bbox 515 1132 2100 1209; baseline -0.007 -13"><span class='ocrx_word' id='word_1_67' title='bbox 515 1141 742 1197; x_wconf 88' lang='lat' dir='ltr'><strong>nomine</strong></span> <span class='ocrx_word' id='word_1_68' title='bbox 791 1137 1040 1209; x_wconf 78' lang='lat' dir='ltr'><strong>praedita,</strong></span> <span class='ocrx_word' id='word_1_69' title='bbox 1089 1136 1186 1206; x_wconf 88' lang='lat' dir='ltr'><strong>qui</strong></span> <span class='ocrx_word' id='word_1_70' title='bbox 1229 1144 1287 1189; x_wconf 86' lang='lat' dir='ltr'><strong>tu</strong></span> <span class='ocrx_word' id='word_1_71' title='bbox 1326 1133 1695 1206; x_wconf 77' lang='lat' dir='ltr'><strong>praetermissa</strong></span> <span class='ocrx_word' id='word_1_72' title='bbox 1727 1132 1973 1187; x_wconf 89' lang='lat' dir='ltr'><strong>omnium</strong></span> <span class='ocrx_word' id='word_1_73' title='bbox 2009 1146 2100 1186; x_wconf 91' lang='lat' dir='ltr'><strong>co-</strong></span> 
     </span>
    </p>
   </div>
   <div class='ocr_carea' id='block_1_14' title="bbox 513 1223 2098 1304">
    <p class='ocr_par' dir='ltr' id='par_1_14' title="bbox 513 1223 2098 1304">
     <span class='ocr_line' id='line_1_14' title="bbox 513 1223 2098 1304; baseline -0.006 -18"><span class='ocrx_word' id='word_1_74' title='bbox 513 1232 760 1304; x_wconf 71' lang='lat' dir='ltr'><strong>gnitione</strong></span> <span class='ocrx_word' id='word_1_75' title='bbox 790 1230 1050 1298; x_wconf 83' lang='lat' dir='ltr'><strong>confugis</strong></span> <span class='ocrx_word' id='word_1_76' title='bbox 1092 1229 1160 1282; x_wconf 90' lang='lat' dir='ltr'><strong>ad</strong></span> <span class='ocrx_word' id='word_1_77' title='bbox 1210 1242 1328 1292; x_wconf 90' lang='lat' dir='ltr'><strong>eas,</strong></span> <span class='ocrx_word' id='word_1_78' title='bbox 1366 1241 1490 1297; x_wconf 73' lang='lat' dir='ltr'><strong>qua:</strong></span> <span class='ocrx_word' id='word_1_79' title='bbox 1537 1226 1589 1279; x_wconf 93' lang='lat' dir='ltr'><strong>in</strong></span> <span class='ocrx_word' id='word_1_80' title='bbox 1632 1223 1939 1295; x_wconf 88' lang='lat' dir='ltr'><strong>Scripturis</strong></span> <span class='ocrx_word' id='word_1_81' title='bbox 1988 1238 2098 1276; x_wconf 91' lang='lat' dir='ltr'><strong>non</strong></span> 
     </span>
    </p>
   </div>
   <div class='ocr_carea' id='block_1_15' title="bbox 515 1314 2098 1394">
    <p class='ocr_par' dir='ltr' id='par_1_15' title="bbox 515 1314 2098 1394">
     <span class='ocr_line' id='line_1_15' title="bbox 515 1314 2098 1394; baseline -0.008 -15"><span class='ocrx_word' id='word_1_82' title='bbox 515 1325 892 1394; x_wconf 87' lang='lat' dir='ltr'><strong>reperiuntur,</strong></span> <span class='ocrx_word' id='word_1_83' title='bbox 923 1331 978 1377; x_wconf 89' lang='lat' dir='ltr'><strong>et</strong></span> <span class='ocrx_word' id='word_1_84' title='bbox 1006 1322 1324 1389; x_wconf 89' lang='lat' dir='ltr'><strong>Scripturas</strong></span> <span class='ocrx_word' id='word_1_85' title='bbox 1356 1318 1484 1373; x_wconf 89' lang='lat' dir='ltr'><strong>talia</strong></span> <span class='ocrx_word' id='word_1_86' title='bbox 1516 1317 1705 1373; x_wconf 87' lang='lat' dir='ltr'><strong>dicere</strong></span> <span class='ocrx_word' id='word_1_87' title='bbox 1736 1316 1875 1371; x_wconf 76' lang='lat' dir='ltr'><strong>falso</strong></span> <span class='ocrx_word' id='word_1_88' title='bbox 1905 1314 2098 1369; x_wconf 88' lang='lat' dir='ltr'><strong>crimi-</strong></span> 
     </span>
    </p>
   </div>
   <div class='ocr_carea' id='block_1_16' title="bbox 512 1409 2099 1471">
    <p class='ocr_par' dir='ltr' id='par_1_16' title="bbox 512 1409 2099 1471">
     <span class='ocr_line' id='line_1_16' title="bbox 512 1409 2099 1471; baseline -0.006 -1"><span class='ocrx_word' id='word_1_89' title='bbox 512 1415 704 1471; x_wconf 86' lang='lat' dir='ltr'><strong>naris?</strong></span> <span class='ocrx_word' id='word_1_90' title='bbox 736 1413 837 1467; x_wconf 85' lang='lat' dir='ltr'><strong>Ubi</strong></span> <span class='ocrx_word' id='word_1_91' title='bbox 863 1414 1007 1467; x_wconf 86' lang='lat' dir='ltr'><strong>enim</strong></span> <span class='ocrx_word' id='word_1_92' title='bbox 1042 1410 1267 1466; x_wconf 72' lang='lat' dir='ltr'><strong>diﬁerre</strong></span> <span class='ocrx_word' id='word_1_93' title='bbox 1297 1410 1522 1466; x_wconf 87' lang='lat' dir='ltr'><strong>omnino</strong></span> <span class='ocrx_word' id='word_1_94' title='bbox 1557 1410 1692 1464; x_wconf 83' lang='lat' dir='ltr'><strong>dicit</strong></span> <span class='ocrx_word' id='word_1_95' title='bbox 1728 1409 1970 1464; x_wconf 84' lang='lat' dir='ltr'><strong>Joannes</strong></span> <span class='ocrx_word' id='word_1_96' title='bbox 1998 1409 2099 1460; x_wconf 82' lang='lat' dir='ltr'><strong>Da-</strong></span> 
     </span>
    </p>
   </div>
   <div class='ocr_carea' id='block_1_17' title="bbox 514 1498 2100 1571">
    <p class='ocr_par' dir='ltr' id='par_1_17' title="bbox 514 1498 2100 1571">
     <span class='ocr_line' id='line_1_17' title="bbox 514 1498 2100 1571; baseline -0.006 -10"><span class='ocrx_word' id='word_1_97' title='bbox 514 1522 808 1562; x_wconf 86' lang='lat' dir='ltr'><strong>mascenus</strong></span> <span class='ocrx_word' id='word_1_98' title='bbox 835 1505 902 1559; x_wconf 91' lang='lat' dir='ltr'><strong>ab</strong></span> <span class='ocrx_word' id='word_1_99' title='bbox 939 1504 1183 1559; x_wconf 88' lang='lat' dir='ltr'><strong>incrcata</strong></span> <span class='ocrx_word' id='word_1_100' title='bbox 1206 1513 1405 1557; x_wconf 88' lang='lat' dir='ltr'><strong>natura</strong></span> <span class='ocrx_word' id='word_1_101' title='bbox 1438 1504 1741 1556; x_wconf 86' lang='lat' dir='ltr'><strong>incrcatam</strong></span> <span class='ocrx_word' id='word_1_102' title='bbox 1773 1501 1890 1571; x_wconf 83' lang='lat' dir='ltr'><strong>ejus</strong></span> <span class='ocrx_word' id='word_1_103' title='bbox 1933 1498 2100 1570; x_wconf 79' lang='lat'><strong>299</strong></span> 
     </span>
    </p>
   </div>
   <div class='ocr_carea' id='block_1_18' title="bbox 525 1592 2100 1664">
    <p class='ocr_par' dir='ltr' id='par_1_18' title="bbox 525 1592 2100 1664">
     <span class='ocr_line' id='line_1_18' title="bbox 525 1592 2100 1664; baseline -0.001 -11"><span class='ocrx_word' id='word_1_104' title='bbox 525 1599 913 1664; x_wconf 85' lang='lat' dir='ltr'><strong>ellicientiam,</strong></span> <span class='ocrx_word' id='word_1_105' title='bbox 945 1599 1088 1650; x_wconf 84' lang='lat' dir='ltr'><strong>sicut</strong></span> <span class='ocrx_word' id='word_1_106' title='bbox 1137 1606 1194 1649; x_wconf 89' lang='lat' dir='ltr'><strong>tu</strong></span> <span class='ocrx_word' id='word_1_107' title='bbox 1240 1597 1355 1651; x_wconf 76' lang='lat' dir='ltr'><strong>haec</strong></span> <span class='ocrx_word' id='word_1_108' title='bbox 1413 1595 1688 1664; x_wconf 73' lang='lat' dir='ltr'><strong>pervertis</strong></span> <span class='ocrx_word' id='word_1_109' title='bbox 1748 1592 2100 1662; x_wconf 78' lang='lat' dir='ltr'><strong>impudenter</strong></span> 
     </span>
    </p>
   </div>
   <div class='ocr_carea' id='block_1_19' title="bbox 515 1685 2095 1758">
    <p class='ocr_par' dir='ltr' id='par_1_19' title="bbox 515 1685 2095 1758">
     <span class='ocr_line' id='line_1_19' title="bbox 515 1685 2095 1758; baseline -0.004 -11"><span class='ocrx_word' id='word_1_110' title='bbox 515 1690 906 1749; x_wconf 84' lang='lat' dir='ltr'><strong>criminando?</strong></span> <span class='ocrx_word' id='word_1_111' title='bbox 952 1689 1167 1743; x_wconf 89' lang='lat' dir='ltr'><strong>Etenim</strong></span> <span class='ocrx_word' id='word_1_112' title='bbox 1199 1689 1460 1758; x_wconf 83' lang='lat' dir='ltr'><strong>explicari</strong></span> <span class='ocrx_word' id='word_1_113' title='bbox 1489 1687 1711 1758; x_wconf 81' lang='lat' dir='ltr'><strong>quidem</strong></span> <span class='ocrx_word' id='word_1_114' title='bbox 1738 1693 1994 1741; x_wconf 87' lang='lat' dir='ltr'><strong>naturam</strong></span> <span class='ocrx_word' id='word_1_115' title='bbox 2024 1685 2095 1741; x_wconf 86' lang='lat' dir='ltr'><strong>ab</strong></span> 
     </span>
    </p>
   </div>
   <div class='ocr_carea' id='block_1_20' title="bbox 2211 488 3769 561">
    <p class='ocr_par' dir='ltr' id='par_1_20' title="bbox 2211 488 3769 561">
     <span class='ocr_line' id='line_1_20' title="bbox 2211 488 3769 561; baseline 0.002 -20"><span class='ocrx_word' id='word_1_116' title='bbox 2211 508 2230 541; x_wconf 70' lang='grc' dir='ltr'><strong>ι</strong></span> <span class='ocrx_word' id='word_1_117' title='bbox 2275 490 2373 559; x_wconf 83' lang='grc' dir='ltr'>τὴν</span> <span class='ocrx_word' id='word_1_118' title='bbox 2411 489 2672 560; x_wconf 70' lang='grc' dir='ltr'>ἀλήθειαν</span> <span class='ocrx_word' id='word_1_119' title='bbox 2711 490 2813 541; x_wconf 86' lang='grc' dir='ltr'><strong>ούκ</strong></span> <span class='ocrx_word' id='word_1_120' title='bbox 2852 490 3121 556; x_wconf 82' lang='grc' dir='ltr'>ἐδέξαντο,</span> <span class='ocrx_word' id='word_1_121' title='bbox 3164 488 3370 559; x_wconf 75' lang='grc' dir='ltr'>πέμψει</span> <span class='ocrx_word' id='word_1_122' title='bbox 3408 491 3593 555; x_wconf 84' lang='grc' dir='ltr'>αὐτοῖς</span> <span class='ocrx_word' id='word_1_123' title='bbox 3630 492 3769 561; x_wconf 80' lang='grc' dir='ltr'>ἐνέρ-</span> 
     </span>
    </p>
   </div>
   <div class='ocr_carea' id='block_1_21' title="bbox 2205 580 3771 650">
    <p class='ocr_par' dir='ltr' id='par_1_21' title="bbox 2205 580 3771 650">
     <span class='ocr_line' id='line_1_21' title="bbox 2205 580 3771 650; baseline 0.002 -17"><span class='ocrx_word' id='word_1_124' title='bbox 2205 596 2363 650; x_wconf 86' lang='grc' dir='ltr'>γειαν</span> <span class='ocrx_word' id='word_1_125' title='bbox 2396 581 2608 649; x_wconf 80' lang='grc' dir='ltr'><strong>πλάνης</strong></span> <span class='ocrx_word' id='word_1_126' title='bbox 2640 582 2719 643; x_wconf 87' lang='grc' dir='ltr'><strong>είς</strong></span> <span class='ocrx_word' id='word_1_127' title='bbox 2751 581 2812 635; x_wconf 81' lang='grc' dir='ltr'>τὸ</span> <span class='ocrx_word' id='word_1_128' title='bbox 2844 580 3137 635; x_wconf 87' lang='grc' dir='ltr'>πιστεῦσαι</span> <span class='ocrx_word' id='word_1_129' title='bbox 3169 582 3393 644; x_wconf 85' lang='grc' dir='ltr'>αὐτούς.</span> <span class='ocrx_word' id='word_1_130' title='bbox 3431 600 3451 636; x_wconf 75' lang='grc' dir='ltr'><strong>ι</strong></span> <span class='ocrx_word' id='word_1_131' title='bbox 3493 580 3654 636; x_wconf 83' lang='grc' dir='ltr'>Ἀλλά</span> <span class='ocrx_word' id='word_1_132' title='bbox 3684 584 3771 636; x_wconf 73' lang='grc' dir='ltr'>καὶ</span> 
     </span>
    </p>
   </div>
   <div class='ocr_carea' id='block_1_22' title="bbox 2205 672 3765 743">
    <p class='ocr_par' dir='ltr' id='par_1_22' title="bbox 2205 672 3765 743">
     <span class='ocr_line' id='line_1_22' title="bbox 2205 672 3765 743; baseline -0.001 -17"><span class='ocrx_word' id='word_1_133' title='bbox 2205 675 2304 743; x_wconf 84' lang='grc' dir='ltr'>τὴν</span> <span class='ocrx_word' id='word_1_134' title='bbox 2343 673 2436 726; x_wconf 84' lang='grc' dir='ltr'><strong>τοῦ</strong></span> <span class='ocrx_word' id='word_1_135' title='bbox 2475 672 2616 734; x_wconf 77' lang='grc' dir='ltr'>ζώου</span> <span class='ocrx_word' id='word_1_136' title='bbox 2652 674 2829 726; x_wconf 75' lang='grc' dir='ltr'>πᾶσαν</span> <span class='ocrx_word' id='word_1_137' title='bbox 2863 673 3179 742; x_wconf 79' lang='grc' dir='ltr'><strong>οἰκονομίαν</strong></span> <span class='ocrx_word' id='word_1_138' title='bbox 3226 673 3506 743; x_wconf 78' lang='grc' dir='ltr'>ἐνέργειαν</span> <span class='ocrx_word' id='word_1_139' title='bbox 3547 672 3597 725; x_wconf 85' lang='lat' dir='ltr'><strong>oi</strong></span> <span class='ocrx_word' id='word_1_140' title='bbox 3625 673 3765 741; x_wconf 76' lang='grc' dir='ltr'>ἀγιοί</span> 
     </span>
    </p>
   </div>
   <div class='ocr_carea' id='block_1_23' title="bbox 2208 754 3772 837">
    <p class='ocr_par' dir='ltr' id='par_1_23' title="bbox 2208 754 3772 837">
     <span class='ocr_line' id='line_1_23' title="bbox 2208 754 3772 837; baseline 0.001 -20"><span class='ocrx_word' id='word_1_141' title='bbox 2208 782 2401 835; x_wconf 83' lang='grc' dir='ltr'>φασιν,</span> <span class='ocrx_word' id='word_1_142' title='bbox 2431 766 2616 820; x_wconf 82' lang='grc' dir='ltr'>είτουν</span> <span class='ocrx_word' id='word_1_143' title='bbox 2668 766 2767 831; x_wconf 81' lang='grc' dir='ltr'><strong>τὰς</strong></span> <span class='ocrx_word' id='word_1_144' title='bbox 2799 766 3041 831; x_wconf 79' lang='grc' dir='ltr'>ζωτικάς</span> <span class='ocrx_word' id='word_1_145' title='bbox 3078 766 3342 837; x_wconf 83' lang='grc' dir='ltr'>δυνάμεις</span> <span class='ocrx_word' id='word_1_146' title='bbox 3382 767 3477 830; x_wconf 88' lang='grc' dir='ltr'><strong>τάς</strong></span> <span class='ocrx_word' id='word_1_147' title='bbox 3506 754 3567 819; x_wconf 70' lang='grc' dir='ltr'><strong>ιέε</strong></span> <span class='ocrx_word' id='word_1_148' title='bbox 3593 766 3772 835; x_wconf 84' lang='grc' dir='ltr'>νοεράς</span> 
     </span>
    </p>
   </div>
   <div class='ocr_carea' id='block_1_24' title="bbox 2207 856 2690 927">
    <p class='ocr_par' dir='ltr' id='par_1_24' title="bbox 2207 856 2690 927">
     <span class='ocr_line' id='line_1_24' title="bbox 2207 856 2690 927; baseline 0.004 -19"><span class='ocrx_word' id='word_1_149' title='bbox 2207 856 2303 909; x_wconf 79' lang='grc' dir='ltr'>καὶ</span> <span class='ocrx_word' id='word_1_150' title='bbox 2338 857 2690 927; x_wconf 86' lang='grc' dir='ltr'>αίσθητικάς.</span> 
     </span>
    </p>
   </div>
   <div class='ocr_carea' id='block_1_25' title="bbox 2279 947 3775 1022">
    <p class='ocr_par' dir='ltr' id='par_1_25' title="bbox 2279 947 3775 1022">
     <span class='ocr_line' id='line_1_25' title="bbox 2279 947 3775 1022; baseline -0.001 -19"><span class='ocrx_word' id='word_1_151' title='bbox 2279 947 2384 1004; x_wconf 88' lang='lat' dir='ltr'><strong>lE&#39;.</strong></span> <span class='ocrx_word' id='word_1_152' title='bbox 2409 949 2697 1003; x_wconf 90' lang='grc' dir='ltr'>Τοσούτων</span> <span class='ocrx_word' id='word_1_153' title='bbox 2729 950 2793 1022; x_wconf 84' lang='grc' dir='ltr'>δή</span> <span class='ocrx_word' id='word_1_154' title='bbox 2824 966 2910 1004; x_wconf 90' lang='grc' dir='ltr'><strong>σοι</strong></span> <span class='ocrx_word' id='word_1_155' title='bbox 2956 952 3342 1022; x_wconf 82' lang='grc' dir='ltr'><strong>προκειμένων</strong></span> <span class='ocrx_word' id='word_1_156' title='bbox 3366 949 3775 1020; x_wconf 70' lang='grc' dir='ltr'><strong>σημαινομένων</strong></span> 
     </span>
    </p>
   </div>
   <div class='ocr_carea' id='block_1_26' title="bbox 2206 1040 3776 1115">
    <p class='ocr_par' dir='ltr' id='par_1_26' title="bbox 2206 1040 3776 1115">
     <span class='ocr_line' id='line_1_26' title="bbox 2206 1040 3776 1115; baseline 0.001 -19"><span class='ocrx_word' id='word_1_157' title='bbox 2206 1040 2351 1111; x_wconf 76' lang='grc' dir='ltr'>ἅπερ</span> <span class='ocrx_word' id='word_1_158' title='bbox 2376 1043 2409 1110; x_wconf 80' lang='grc' dir='ltr'>ἡ</span> <span class='ocrx_word' id='word_1_159' title='bbox 2434 1040 2537 1110; x_wconf 86' lang='grc' dir='ltr'><strong>τῆς</strong></span> <span class='ocrx_word' id='word_1_160' title='bbox 2561 1042 2849 1113; x_wconf 70' lang='grc' dir='ltr'><strong>ἐνεργείας</strong></span> <span class='ocrx_word' id='word_1_161' title='bbox 2879 1042 3174 1114; x_wconf 84' lang='grc' dir='ltr'>ὁμώνυμος</span> <span class='ocrx_word' id='word_1_162' title='bbox 3206 1042 3382 1114; x_wconf 59' lang='lat' dir='ltr'><strong>[LIII</strong></span> <span class='ocrx_word' id='word_1_163' title='bbox 3419 1042 3498 1115; x_wconf 84' lang='grc' dir='ltr'><strong>υ.]</strong></span> <span class='ocrx_word' id='word_1_164' title='bbox 3527 1040 3662 1098; x_wconf 81' lang='grc' dir='ltr'>οὖσα</span> <span class='ocrx_word' id='word_1_165' title='bbox 3688 1060 3776 1111; x_wconf 86' lang='grc' dir='ltr'>ση-</span> 
     </span>
    </p>
   </div>
   <div class='ocr_carea' id='block_1_27' title="bbox 2209 1134 3775 1208">
    <p class='ocr_par' dir='ltr' id='par_1_27' title="bbox 2209 1134 3775 1208">
     <span class='ocr_line' id='line_1_27' title="bbox 2209 1134 3775 1208; baseline 0.003 -21"><span class='ocrx_word' id='word_1_166' title='bbox 2209 1134 2395 1204; x_wconf 83' lang='grc' dir='ltr'>μαίνει</span> <span class='ocrx_word' id='word_1_167' title='bbox 2419 1135 2596 1204; x_wconf 82' lang='grc' dir='ltr'>φωνὴ,</span> <span class='ocrx_word' id='word_1_168' title='bbox 2625 1135 2744 1197; x_wconf 84' lang='grc' dir='ltr'><strong>πῶς</strong></span> <span class='ocrx_word' id='word_1_169' title='bbox 2780 1137 3149 1208; x_wconf 83' lang='grc' dir='ltr'>παρατρέχων</span> <span class='ocrx_word' id='word_1_170' title='bbox 3174 1137 3430 1191; x_wconf 84' lang='grc' dir='ltr'>ἁπάντων</span> <span class='ocrx_word' id='word_1_171' title='bbox 3456 1138 3555 1208; x_wconf 82' lang='grc' dir='ltr'>τὴν</span> <span class='ocrx_word' id='word_1_172' title='bbox 3584 1140 3775 1207; x_wconf 82' lang='grc' dir='ltr'>γνῶσιν</span> 
     </span>
    </p>
   </div>
   <div class='ocr_carea' id='block_1_28' title="bbox 2206 1226 3774 1299">
    <p class='ocr_par' dir='ltr' id='par_1_28' title="bbox 2206 1226 3774 1299">
     <span class='ocr_line' id='line_1_28' title="bbox 2206 1226 3774 1299; baseline 0.001 -18"><span class='ocrx_word' id='word_1_173' title='bbox 2206 1227 2578 1297; x_wconf 81' lang='grc' dir='ltr'><strong>καταφεύγεις</strong></span> <span class='ocrx_word' id='word_1_174' title='bbox 2617 1226 2869 1296; x_wconf 77' lang='grc' dir='ltr'>ἐφ’ἀπερ</span> <span class='ocrx_word' id='word_1_175' title='bbox 2899 1227 3000 1281; x_wconf 85' lang='grc' dir='ltr'>οὐκ</span> <span class='ocrx_word' id='word_1_176' title='bbox 3042 1227 3194 1282; x_wconf 77' lang='grc' dir='ltr'>ἐστιν</span> <span class='ocrx_word' id='word_1_177' title='bbox 3244 1232 3306 1284; x_wconf 86' lang='grc' dir='ltr'><strong>ἐν</strong></span> <span class='ocrx_word' id='word_1_178' title='bbox 3358 1231 3479 1291; x_wconf 84' lang='grc' dir='ltr'>ταῖς</span> <span class='ocrx_word' id='word_1_179' title='bbox 3522 1230 3774 1299; x_wconf 84' lang='grc' dir='ltr'>Γραφαίς,</span> 
     </span>
    </p>
   </div>
   <div class='ocr_carea' id='block_1_29' title="bbox 2206 1318 3776 1397">
    <p class='ocr_par' dir='ltr' id='par_1_29' title="bbox 2206 1318 3776 1397">
     <span class='ocr_line' id='line_1_29' title="bbox 2206 1318 3776 1397; baseline 0.003 -26"><span class='ocrx_word' id='word_1_180' title='bbox 2206 1318 2305 1372; x_wconf 73' lang='grc' dir='ltr'>καὶ</span> <span class='ocrx_word' id='word_1_181' title='bbox 2335 1318 2517 1389; x_wconf 81' lang='grc' dir='ltr'>λέγειν</span> <span class='ocrx_word' id='word_1_182' title='bbox 2550 1321 2910 1388; x_wconf 81' lang='grc' dir='ltr'>συκοφαντεῖς</span> <span class='ocrx_word' id='word_1_183' title='bbox 2938 1320 3037 1384; x_wconf 82' lang='grc' dir='ltr'>τὰς</span> <span class='ocrx_word' id='word_1_184' title='bbox 3074 1321 3301 1393; x_wconf 85' lang='grc' dir='ltr'>Γραφὰς</span> <span class='ocrx_word' id='word_1_185' title='bbox 3327 1323 3397 1397; x_wconf 69' lang='grc' dir='ltr'><strong>τά</strong></span> <span class='ocrx_word' id='word_1_186' title='bbox 3424 1323 3640 1388; x_wconf 78' lang='grc' dir='ltr'>τοιάδες</span> <span class='ocrx_word' id='word_1_187' title='bbox 3680 1323 3776 1377; x_wconf 84' lang='grc' dir='ltr'>Ποῦ</span> 
     </span>
    </p>
   </div>
   <div class='ocr_carea' id='block_1_30' title="bbox 2209 1411 3778 1486">
    <p class='ocr_par' dir='ltr' id='par_1_30' title="bbox 2209 1411 3778 1486">
     <span class='ocr_line' id='line_1_30' title="bbox 2209 1411 3778 1486; baseline 0.003 -23"><span class='ocrx_word' id='word_1_188' title='bbox 2209 1412 2319 1479; x_wconf 81' lang='grc' dir='ltr'>γὰρ</span> <span class='ocrx_word' id='word_1_189' title='bbox 2346 1411 2630 1482; x_wconf 79' lang='grc' dir='ltr'>διαφέρειν</span> <span class='ocrx_word' id='word_1_190' title='bbox 2660 1411 2796 1475; x_wconf 86' lang='grc' dir='ltr'>ὃλως</span> <span class='ocrx_word' id='word_1_191' title='bbox 2840 1413 3007 1483; x_wconf 74' lang='grc' dir='ltr'>φησὶν</span> <span class='ocrx_word' id='word_1_192' title='bbox 3056 1416 3085 1467; x_wconf 85' lang='grc' dir='ltr'>ὁ</span> <span class='ocrx_word' id='word_1_193' title='bbox 3128 1414 3491 1486; x_wconf 82' lang='grc' dir='ltr'>Δαμασκηνὸς</span> <span class='ocrx_word' id='word_1_194' title='bbox 3535 1414 3778 1483; x_wconf 72' lang='grc' dir='ltr'>Ἰωάννης</span> 
     </span>
    </p>
   </div>
   <div class='ocr_carea' id='block_1_31' title="bbox 2206 1504 3781 1580">
    <p class='ocr_par' dir='ltr' id='par_1_31' title="bbox 2206 1504 3781 1580">
     <span class='ocr_line' id='line_1_31' title="bbox 2206 1504 3781 1580; baseline 0.002 -23"><span class='ocrx_word' id='word_1_195' title='bbox 2206 1504 2307 1573; x_wconf 86' lang='grc' dir='ltr'><strong>τῆς</strong></span> <span class='ocrx_word' id='word_1_196' title='bbox 2372 1504 2630 1559; x_wconf 83' lang='grc' dir='ltr'>ἁκτίστου</span> <span class='ocrx_word' id='word_1_197' title='bbox 2677 1506 2892 1576; x_wconf 89' lang='grc' dir='ltr'>φύσεως</span> <span class='ocrx_word' id='word_1_198' title='bbox 2936 1507 3037 1575; x_wconf 71' lang='grc' dir='ltr'>τὴν</span> <span class='ocrx_word' id='word_1_199' title='bbox 3090 1508 3347 1563; x_wconf 85' lang='grc' dir='ltr'>ἄκτιστον</span> <span class='ocrx_word' id='word_1_200' title='bbox 3399 1507 3608 1580; x_wconf 83' lang='grc' dir='ltr'><strong>ταύτης</strong></span> <span class='ocrx_word' id='word_1_201' title='bbox 3642 1508 3781 1578; x_wconf 84' lang='grc' dir='ltr'>ἐνέρ-</span> 
     </span>
    </p>
   </div>
   <div class='ocr_carea' id='block_1_32' title="bbox 2207 1596 3774 1672">
    <p class='ocr_par' dir='ltr' id='par_1_32' title="bbox 2207 1596 3774 1672">
     <span class='ocr_line' id='line_1_32' title="bbox 2207 1596 3774 1672; baseline 0.001 -21"><span class='ocrx_word' id='word_1_202' title='bbox 2207 1614 2389 1666; x_wconf 87' lang='grc' dir='ltr'>γειαν,</span> <span class='ocrx_word' id='word_1_203' title='bbox 2424 1596 2616 1670; x_wconf 85' lang='grc' dir='ltr'>ὥσπερ</span> <span class='ocrx_word' id='word_1_204' title='bbox 2650 1600 2715 1653; x_wconf 83' lang='grc' dir='ltr'>σὺ</span> <span class='ocrx_word' id='word_1_205' title='bbox 2760 1597 3074 1663; x_wconf 81' lang='grc' dir='ltr'>διαὸἀλλεις</span> <span class='ocrx_word' id='word_1_206' title='bbox 3119 1601 3345 1672; x_wconf 85' lang='grc' dir='ltr'>ἀναίδην</span> <span class='ocrx_word' id='word_1_207' title='bbox 3394 1601 3774 1671; x_wconf 73' lang='grc' dir='ltr'>συκοφαντῶνς</span> 
     </span>
    </p>
   </div>
   <div class='ocr_carea' id='block_1_33' title="bbox 2207 1687 3776 1762">
    <p class='ocr_par' dir='ltr' id='par_1_33' title="bbox 2207 1687 3776 1762">
     <span class='ocr_line' id='line_1_33' title="bbox 2207 1687 3776 1762; baseline 0.002 -21"><span class='ocrx_word' id='word_1_208' title='bbox 2207 1688 2655 1759; x_wconf 74' lang='grc' dir='ltr'>Χαρακτηρίζειν</span> <span class='ocrx_word' id='word_1_209' title='bbox 2710 1687 2813 1759; x_wconf 82' lang='grc' dir='ltr'>μὲν</span> <span class='ocrx_word' id='word_1_210' title='bbox 2866 1688 2978 1759; x_wconf 79' lang='grc' dir='ltr'>γὰρ</span> <span class='ocrx_word' id='word_1_211' title='bbox 3034 1690 3379 1762; x_wconf 87' lang='grc' dir='ltr'>ἀκηκόαμεν,</span> <span class='ocrx_word' id='word_1_212' title='bbox 3436 1691 3711 1761; x_wconf 77' lang='grc' dir='ltr'>διαφέρειν</span> <span class='ocrx_word' id='word_1_213' title='bbox 3738 1690 3776 1744; x_wconf 83' lang='grc' dir='ltr'>δ’</span> 
     </span>
    </p>
   </div>
   <div class='ocr_carea' id='block_1_34' title="bbox 516 1768 2117 1857">
    <p class='ocr_par' dir='ltr' id='par_1_34' title="bbox 516 1776 2108 1848">
     <span class='ocr_line' id='line_1_34' title="bbox 516 1776 2108 1848; baseline -0.005 -8"><span class='ocrx_word' id='word_1_214' title='bbox 516 1802 584 1841; x_wconf 88' lang='lat' dir='ltr'><strong>eo</strong></span> <span class='ocrx_word' id='word_1_215' title='bbox 615 1784 948 1847; x_wconf 82' lang='lat' dir='ltr'><strong>audivimus,</strong></span> <span class='ocrx_word' id='word_1_216' title='bbox 992 1782 1217 1837; x_wconf 71' lang='lat' dir='ltr'><strong>differre</strong></span> <span class='ocrx_word' id='word_1_217' title='bbox 1248 1790 1431 1835; x_wconf 86' lang='lat' dir='ltr'><strong>autem</strong></span> <span class='ocrx_word' id='word_1_218' title='bbox 1466 1795 1587 1834; x_wconf 82' lang='lat' dir='ltr'><strong>eam</strong></span> <span class='ocrx_word' id='word_1_219' title='bbox 1638 1793 1909 1848; x_wconf 88' lang='lat' dir='ltr'><strong>nusquam</strong></span> <span class='ocrx_word' id='word_1_220' title='bbox 1954 1776 2108 1832; x_wconf 88' lang='lat' dir='ltr'><strong>inve-</strong></span> 
     </span>
    </p>
   </div>
   <div class='ocr_carea' id='block_1_35' title="bbox 2221 1768 3777 1857">
    <p class='ocr_par' dir='ltr' id='par_1_35' title="bbox 2221 1780 3777 1857">
     <span class='ocr_line' id='line_1_35' title="bbox 2221 1780 3777 1857; baseline 0.003 -23"><span class='ocrx_word' id='word_1_221' title='bbox 2221 1780 2426 1851; x_wconf 65' lang='grc' dir='ltr'>οὐδαμῆ</span> <span class='ocrx_word' id='word_1_222' title='bbox 2454 1783 2546 1835; x_wconf 86' lang='grc' dir='ltr'>τὸν</span> <span class='ocrx_word' id='word_1_223' title='bbox 2573 1781 2717 1837; x_wconf 83' lang='grc' dir='ltr'>θεῖον</span> <span class='ocrx_word' id='word_1_224' title='bbox 2741 1782 2912 1854; x_wconf 81' lang='grc' dir='ltr'>ἄνδρα</span> <span class='ocrx_word' id='word_1_225' title='bbox 2941 1786 3152 1839; x_wconf 86' lang='grc' dir='ltr'>ἐκεῖνον</span> <span class='ocrx_word' id='word_1_226' title='bbox 3177 1785 3512 1857; x_wconf 84' lang='grc' dir='ltr'>εὑρίσκομεν</span> <span class='ocrx_word' id='word_1_227' title='bbox 3541 1785 3777 1855; x_wconf 85' lang='grc' dir='ltr'>λέγοντα.</span> 
     </span>
    </p>
   </div>
   <div class='ocr_carea' id='block_1_36' title="bbox 518 1869 2111 1932">
    <p class='ocr_par' dir='ltr' id='par_1_36' title="bbox 518 1869 2111 1932">
     <span class='ocr_line' id='line_1_36' title="bbox 518 1869 2111 1932; baseline -0.004 -1"><span class='ocrx_word' id='word_1_228' title='bbox 518 1879 703 1932; x_wconf 87' lang='lat' dir='ltr'><strong>nimus</strong></span> <span class='ocrx_word' id='word_1_229' title='bbox 755 1874 1031 1930; x_wconf 86' lang='lat' dir='ltr'><strong>dicentem</strong></span> <span class='ocrx_word' id='word_1_230' title='bbox 1088 1873 1243 1927; x_wconf 91' lang='lat' dir='ltr'><strong>illum</strong></span> <span class='ocrx_word' id='word_1_231' title='bbox 1295 1872 1543 1927; x_wconf 91' lang='lat' dir='ltr'><strong>divinum</strong></span> <span class='ocrx_word' id='word_1_232' title='bbox 1586 1871 1789 1925; x_wconf 88' lang='lat' dir='ltr'><strong>virum.</strong></span> <span class='ocrx_word' id='word_1_233' title='bbox 1822 1869 1943 1924; x_wconf 85' lang='lat' dir='ltr'><strong>Jam</strong></span> <span class='ocrx_word' id='word_1_234' title='bbox 1978 1882 2111 1924; x_wconf 88' lang='lat' dir='ltr'><strong>vero</strong></span> 
     </span>
    </p>
   </div>
   <div class='ocr_carea' id='block_1_37' title="bbox 518 1959 2113 2037">
    <p class='ocr_par' dir='ltr' id='par_1_37' title="bbox 518 1959 2113 2037">
     <span class='ocr_line' id='line_1_37' title="bbox 518 1959 2113 2037; baseline -0.004 -14"><span class='ocrx_word' id='word_1_235' title='bbox 518 1970 565 2024; x_wconf 87' lang='lat' dir='ltr'><strong>si</strong></span> <span class='ocrx_word' id='word_1_236' title='bbox 601 1978 656 2022; x_wconf 91' lang='lat' dir='ltr'><strong>tu</strong></span> <span class='ocrx_word' id='word_1_237' title='bbox 683 1966 903 2037; x_wconf 86' lang='lat' dir='ltr'><strong>quidem</strong></span> <span class='ocrx_word' id='word_1_238' title='bbox 937 1967 1084 2019; x_wconf 83' lang='lat' dir='ltr'><strong>illam</strong></span> <span class='ocrx_word' id='word_1_239' title='bbox 1118 1975 1333 2018; x_wconf 72' lang='lat' dir='ltr'><strong>natum</strong></span> <span class='ocrx_word' id='word_1_240' title='bbox 1362 1963 1790 2034; x_wconf 77' lang='lat' dir='ltr'><strong>explicationem</strong></span> <span class='ocrx_word' id='word_1_241' title='bbox 1823 1976 1923 2031; x_wconf 94' lang='lat' dir='ltr'><strong>pro</strong></span> <span class='ocrx_word' id='word_1_242' title='bbox 1951 1959 2113 2016; x_wconf 74' lang='lat' dir='ltr'><strong>diﬁc-</strong></span> 
     </span>
    </p>
   </div>
   <div class='ocr_carea' id='block_1_38' title="bbox 518 2051 2111 2126">
    <p class='ocr_par' dir='ltr' id='par_1_38' title="bbox 518 2051 2111 2126">
     <span class='ocr_line' id='line_1_38' title="bbox 518 2051 2111 2126; baseline -0.006 -11"><span class='ocrx_word' id='word_1_243' title='bbox 518 2061 695 2115; x_wconf 81' lang='lat' dir='ltr'><strong>rentia</strong></span> <span class='ocrx_word' id='word_1_244' title='bbox 728 2058 953 2125; x_wconf 84' lang='lat' dir='ltr'><strong>accipis,</strong></span> <span class='ocrx_word' id='word_1_245' title='bbox 987 2057 1101 2126; x_wconf 89' lang='lat' dir='ltr'><strong>jam</strong></span> <span class='ocrx_word' id='word_1_246' title='bbox 1148 2065 1236 2110; x_wconf 87' lang='lat' dir='ltr'><strong>est</strong></span> <span class='ocrx_word' id='word_1_247' title='bbox 1271 2054 1369 2110; x_wconf 85' lang='lat' dir='ltr'><strong>tibi</strong></span> <span class='ocrx_word' id='word_1_248' title='bbox 1419 2055 1716 2123; x_wconf 79' lang='lat' dir='ltr'><strong>reliquum,</strong></span> <span class='ocrx_word' id='word_1_249' title='bbox 1751 2068 1877 2109; x_wconf 92' lang='lat' dir='ltr'><strong>cum</strong></span> <span class='ocrx_word' id='word_1_250' title='bbox 1914 2051 2111 2106; x_wconf 86' lang='lat' dir='ltr'><strong>audias</strong></span> 
     </span>
    </p>
   </div>
   <div class='ocr_carea' id='block_1_39' title="bbox 518 2141 2112 2221">
    <p class='ocr_par' dir='ltr' id='par_1_39' title="bbox 518 2141 2112 2221">
     <span class='ocr_line' id='line_1_39' title="bbox 518 2141 2112 2221; baseline -0.006 -14"><span class='ocrx_word' id='word_1_251' title='bbox 518 2152 859 2221; x_wconf 72' lang='lat' dir='ltr'><strong>Scripturam</strong></span> <span class='ocrx_word' id='word_1_252' title='bbox 892 2146 1635 2217; x_wconf 78' lang='lat' dir='ltr'><strong>dicentem,expiicatiom:m</strong></span> <span class='ocrx_word' id='word_1_253' title='bbox 1662 2145 1839 2201; x_wconf 86' lang='lat' dir='ltr'><strong>Patris</strong></span> <span class='ocrx_word' id='word_1_254' title='bbox 1869 2158 1990 2199; x_wconf 88' lang='lat' dir='ltr'><strong>esse</strong></span> <span class='ocrx_word' id='word_1_255' title='bbox 2019 2141 2112 2198; x_wconf 83' lang='lat' dir='ltr'><strong>Fi-</strong></span> 
     </span>
    </p>
   </div>
   <div class='ocr_carea' id='block_1_40' title="bbox 519 2232 2111 2313">
    <p class='ocr_par' dir='ltr' id='par_1_40' title="bbox 519 2232 2111 2313">
     <span class='ocr_line' id='line_1_40' title="bbox 519 2232 2111 2313; baseline -0.005 -18"><span class='ocrx_word' id='word_1_256' title='bbox 519 2243 759 2313; x_wconf 70' lang='lat' dir='ltr'><strong>lium,ut</strong></span> <span class='ocrx_word' id='word_1_257' title='bbox 785 2237 1111 2293; x_wconf 89' lang='lat' dir='ltr'><strong>dissimilem</strong></span> <span class='ocrx_word' id='word_1_258' title='bbox 1136 2235 1336 2291; x_wconf 90' lang='lat' dir='ltr'><strong>Filium</strong></span> <span class='ocrx_word' id='word_1_259' title='bbox 1374 2235 1522 2313; x_wconf 82' lang='lat' dir='ltr'><strong>Patri</strong></span> <span class='ocrx_word' id='word_1_260' title='bbox 1566 2234 1846 2300; x_wconf 84' lang='lat' dir='ltr'><strong>enunties,</strong></span> <span class='ocrx_word' id='word_1_261' title='bbox 1876 2244 1930 2289; x_wconf 89' lang='lat' dir='ltr'><strong>et</strong></span> <span class='ocrx_word' id='word_1_262' title='bbox 1963 2232 2111 2303; x_wconf 90' lang='lat' dir='ltr'><strong>quod</strong></span> 
     </span>
    </p>
   </div>
   <div class='ocr_carea' id='block_1_41' title="bbox 518 2318 2116 2393">
    <p class='ocr_par' dir='ltr' id='par_1_41' title="bbox 518 2318 2116 2393">
     <span class='ocr_line' id='line_1_41' title="bbox 518 2318 2116 2393; baseline -0.008 -8"><span class='ocrx_word' id='word_1_263' title='bbox 518 2332 587 2385; x_wconf 87' lang='lat' dir='ltr'><strong>ad</strong></span> <span class='ocrx_word' id='word_1_264' title='bbox 628 2340 880 2384; x_wconf 86' lang='lat' dir='ltr'><strong>naturam</strong></span> <span class='ocrx_word' id='word_1_265' title='bbox 924 2327 1121 2380; x_wconf 90' lang='lat' dir='ltr'><strong>attinet</strong></span> <span class='ocrx_word' id='word_1_266' title='bbox 1148 2323 1391 2379; x_wconf 84' lang='lat' dir='ltr'><strong>essentia</strong></span> <span class='ocrx_word' id='word_1_267' title='bbox 1425 2332 1708 2393; x_wconf 84' lang='lat' dir='ltr'><strong>carentem</strong></span> <span class='ocrx_word' id='word_1_268' title='bbox 1736 2332 1793 2376; x_wconf 90' lang='lat' dir='ltr'><strong>et</strong></span> <span class='ocrx_word' id='word_1_269' title='bbox 1835 2320 1997 2376; x_wconf 80' lang='lat' dir='ltr'><strong>valde</strong></span> <span class='ocrx_word' id='word_1_270' title='bbox 2029 2318 2116 2373; x_wconf 88' lang='lat' dir='ltr'><strong>di-</strong></span> 
     </span>
    </p>
   </div>
   <div class='ocr_carea' id='block_1_42' title="bbox 522 2414 2109 2485">
    <p class='ocr_par' dir='ltr' id='par_1_42' title="bbox 522 2414 2109 2485">
     <span class='ocr_line' id='line_1_42' title="bbox 522 2414 2109 2485; baseline -0.006 -10"><span class='ocrx_word' id='word_1_271' title='bbox 522 2438 770 2477; x_wconf 87' lang='lat' dir='ltr'><strong>versum.</strong></span> <span class='ocrx_word' id='word_1_272' title='bbox 815 2419 945 2485; x_wconf 87' lang='lat' dir='ltr'><strong>Sed,</strong></span> <span class='ocrx_word' id='word_1_273' title='bbox 1004 2428 1063 2472; x_wconf 92' lang='lat' dir='ltr'><strong>ut</strong></span> <span class='ocrx_word' id='word_1_274' title='bbox 1096 2414 1335 2479; x_wconf 90' lang='lat' dir='ltr'><strong>videtur,</strong></span> <span class='ocrx_word' id='word_1_275' title='bbox 1365 2414 1515 2485; x_wconf 90' lang='lat' dir='ltr'><strong>quod</strong></span> <span class='ocrx_word' id='word_1_276' title='bbox 1563 2432 1593 2468; x_wconf 91' lang='lat' dir='ltr'><strong>a</strong></span> <span class='ocrx_word' id='word_1_277' title='bbox 1645 2424 1843 2468; x_wconf 85' lang='lat' dir='ltr'><strong>natura</strong></span> <span class='ocrx_word' id='word_1_278' title='bbox 1880 2426 2109 2483; x_wconf 87' lang='lat' dir='ltr'><strong>pravum</strong></span> 
     </span>
    </p>
   </div>
   <div class='ocr_carea' id='block_1_43' title="bbox 521 2505 2114 2579">
    <p class='ocr_par' dir='ltr' id='par_1_43' title="bbox 521 2505 2114 2579">
     <span class='ocr_line' id='line_1_43' title="bbox 521 2505 2114 2579; baseline -0.008 -9"><span class='ocrx_word' id='word_1_279' title='bbox 521 2526 628 2577; x_wconf 89' lang='lat' dir='ltr'><strong>est,</strong></span> <span class='ocrx_word' id='word_1_280' title='bbox 657 2524 715 2568; x_wconf 93' lang='lat' dir='ltr'><strong>ut</strong></span> <span class='ocrx_word' id='word_1_281' title='bbox 746 2514 818 2567; x_wconf 81' lang='lat' dir='ltr'><strong>ita</strong></span> <span class='ocrx_word' id='word_1_282' title='bbox 843 2513 1043 2573; x_wconf 87' lang='lat' dir='ltr'><strong>dicam,</strong></span> <span class='ocrx_word' id='word_1_283' title='bbox 1069 2520 1125 2565; x_wconf 89' lang='lat' dir='ltr'><strong>et</strong></span> <span class='ocrx_word' id='word_1_284' title='bbox 1146 2509 1315 2564; x_wconf 90' lang='lat' dir='ltr'><strong>semel</strong></span> <span class='ocrx_word' id='word_1_285' title='bbox 1345 2509 1660 2579; x_wconf 89' lang='lat' dir='ltr'><strong>periculoso</strong></span> <span class='ocrx_word' id='word_1_286' title='bbox 1691 2506 1894 2561; x_wconf 80' lang='lat' dir='ltr'><strong>tuentis</strong></span> <span class='ocrx_word' id='word_1_287' title='bbox 1919 2505 2114 2559; x_wconf 89' lang='lat' dir='ltr'><strong>morbo</strong></span> 
     </span>
    </p>
   </div>
   <div class='ocr_carea' id='block_1_44' title="bbox 531 2596 2113 2672">
    <p class='ocr_par' dir='ltr' id='par_1_44' title="bbox 531 2596 2113 2672">
     <span class='ocr_line' id='line_1_44' title="bbox 531 2596 2113 2672; baseline -0.008 -12"><span class='ocrx_word' id='word_1_288' title='bbox 531 2606 793 2660; x_wconf 86' lang='lat' dir='ltr'><strong>aﬂ‘ectum</strong></span> <span class='ocrx_word' id='word_1_289' title='bbox 824 2613 882 2658; x_wconf 93' lang='lat' dir='ltr'><strong>et</strong></span> <span class='ocrx_word' id='word_1_290' title='bbox 932 2612 1226 2672; x_wconf 86' lang='lat' dir='ltr'><strong>propterea</strong></span> <span class='ocrx_word' id='word_1_291' title='bbox 1274 2600 1479 2654; x_wconf 86' lang='lat' dir='ltr'><strong>divinis</strong></span> <span class='ocrx_word' id='word_1_292' title='bbox 1515 2597 1787 2668; x_wconf 83' lang='lat' dir='ltr'><strong>dogmatis</strong></span> <span class='ocrx_word' id='word_1_293' title='bbox 1819 2596 2113 2665; x_wconf 89' lang='lat' dir='ltr'><strong>abruptum</strong></span> 
     </span>
    </p>
   </div>
   <div class='ocr_carea' id='block_1_45' title="bbox 521 2687 2118 2766">
    <p class='ocr_par' dir='ltr' id='par_1_45' title="bbox 521 2687 2118 2766">
     <span class='ocr_line' id='line_1_45' title="bbox 521 2687 2118 2766; baseline -0.009 -9"><span class='ocrx_word' id='word_1_294' title='bbox 521 2711 610 2757; x_wconf 90' lang='lat' dir='ltr'><strong>est</strong></span> <span class='ocrx_word' id='word_1_295' title='bbox 642 2701 696 2754; x_wconf 91' lang='lat' dir='ltr'><strong>in</strong></span> <span class='ocrx_word' id='word_1_296' title='bbox 730 2714 1006 2762; x_wconf 89' lang='lat' dir='ltr'><strong>errorem,</strong></span> <span class='ocrx_word' id='word_1_297' title='bbox 1039 2708 1287 2766; x_wconf 91' lang='lat' dir='ltr'><strong>tempore</strong></span> <span class='ocrx_word' id='word_1_298' title='bbox 1315 2693 1502 2748; x_wconf 90' lang='lat' dir='ltr'><strong>delere</strong></span> <span class='ocrx_word' id='word_1_299' title='bbox 1535 2692 1782 2747; x_wconf 88' lang='lat' dir='ltr'><strong>habitum</strong></span> <span class='ocrx_word' id='word_1_300' title='bbox 1813 2689 1961 2744; x_wconf 88' lang='lat' dir='ltr'><strong>haud</strong></span> <span class='ocrx_word' id='word_1_301' title='bbox 2002 2687 2118 2743; x_wconf 87' lang='lat' dir='ltr'><strong>scio</strong></span> 
     </span>
    </p>
   </div>
   <div class='ocr_carea' id='block_1_46' title="bbox 523 2774 2117 2860">
    <p class='ocr_par' dir='ltr' id='par_1_46' title="bbox 523 2774 2117 2860">
     <span class='ocr_line' id='line_1_46' title="bbox 523 2774 2117 2860; baseline -0.011 -14"><span class='ocrx_word' id='word_1_302' title='bbox 523 2808 593 2847; x_wconf 88' lang='lat' dir='ltr'><strong>an</strong></span> <span class='ocrx_word' id='word_1_303' title='bbox 622 2804 903 2860; x_wconf 90' lang='lat' dir='ltr'><strong>nunquam</strong></span> <span class='ocrx_word' id='word_1_304' title='bbox 935 2787 1131 2857; x_wconf 88' lang='lat' dir='ltr'><strong>possit,</strong></span> <span class='ocrx_word' id='word_1_305' title='bbox 1160 2800 1269 2839; x_wconf 92' lang='lat' dir='ltr'><strong>non</strong></span> <span class='ocrx_word' id='word_1_306' title='bbox 1304 2781 1477 2853; x_wconf 88' lang='lat' dir='ltr'><strong>magis</strong></span> <span class='ocrx_word' id='word_1_307' title='bbox 1508 2796 1672 2851; x_wconf 91' lang='lat' dir='ltr'><strong>quam</strong></span> <span class='ocrx_word' id='word_1_308' title='bbox 1705 2777 1984 2834; x_wconf 87' lang='lat' dir='ltr'><strong>interdum</strong></span> <span class='ocrx_word' id='word_1_309' title='bbox 2016 2774 2117 2829; x_wconf 87' lang='lat' dir='ltr'><strong>ha-</strong></span> 
     </span>
    </p>
   </div>
   <div class='ocr_carea' id='block_1_47' title="bbox 523 2867 2119 2955">
    <p class='ocr_par' dir='ltr' id='par_1_47' title="bbox 523 2867 2119 2955">
     <span class='ocr_line' id='line_1_47' title="bbox 523 2867 2119 2955; baseline -0.013 -13"><span class='ocrx_word' id='word_1_310' title='bbox 523 2886 707 2942; x_wconf 90' lang='lat' dir='ltr'><strong>bitum</strong></span> <span class='ocrx_word' id='word_1_311' title='bbox 761 2880 978 2955; x_wconf 84' lang='lat' dir='ltr'><strong>pulchri</strong></span> <span class='ocrx_word' id='word_1_312' title='bbox 1028 2895 1097 2934; x_wconf 79' lang='lat' dir='ltr'><strong>ex</strong></span> <span class='ocrx_word' id='word_1_313' title='bbox 1146 2877 1301 2949; x_wconf 89' lang='lat' dir='ltr'><strong>poesi</strong></span> <span class='ocrx_word' id='word_1_314' title='bbox 1336 2877 1543 2947; x_wconf 89' lang='lat' dir='ltr'><strong>pellere</strong></span> <span class='ocrx_word' id='word_1_315' title='bbox 1591 2882 1794 2945; x_wconf 90' lang='lat' dir='ltr'><strong>potest,</strong></span> <span class='ocrx_word' id='word_1_316' title='bbox 1830 2867 2119 2925; x_wconf 86' lang='lat' dir='ltr'><strong>celerrime</strong></span> 
     </span>
    </p>
   </div>
   <div class='ocr_carea' id='block_1_48' title="bbox 521 2962 2122 3043">
    <p class='ocr_par' dir='ltr' id='par_1_48' title="bbox 521 2962 2122 3043">
     <span class='ocr_line' id='line_1_48' title="bbox 521 2962 2122 3043; baseline -0.013 -7"><span class='ocrx_word' id='word_1_317' title='bbox 521 2978 805 3035; x_wconf 89' lang='lat' dir='ltr'><strong>decutitur</strong></span> <span class='ocrx_word' id='word_1_318' title='bbox 836 2990 894 3031; x_wconf 90' lang='lat' dir='ltr'><strong>re</strong></span> <span class='ocrx_word' id='word_1_319' title='bbox 936 2974 1052 3043; x_wconf 86' lang='lat' dir='ltr'><strong>ipsa</strong></span> <span class='ocrx_word' id='word_1_320' title='bbox 1079 2973 1355 3026; x_wconf 88' lang='lat' dir='ltr'><strong>detectum</strong></span> <span class='ocrx_word' id='word_1_321' title='bbox 1378 3010 1393 3036; x_wconf 94' lang='lat'><strong>,</strong></span> <span class='ocrx_word' id='word_1_322' title='bbox 1429 2983 1555 3023; x_wconf 87' lang='lat' dir='ltr'><strong>cum</strong></span> <span class='ocrx_word' id='word_1_323' title='bbox 1592 2975 1792 3022; x_wconf 86' lang='lat' dir='ltr'><strong>natura</strong></span> <span class='ocrx_word' id='word_1_324' title='bbox 1843 2962 2034 3019; x_wconf 89' lang='lat' dir='ltr'><strong>redeat</strong></span> <span class='ocrx_word' id='word_1_325' title='bbox 2064 2967 2122 3016; x_wconf 90' lang='lat' dir='ltr'><strong>et</strong></span> 
     </span>
    </p>
   </div>
   <div class='ocr_carea' id='block_1_49' title="bbox 525 3055 2118 3141">
    <p class='ocr_par' dir='ltr' id='par_1_49' title="bbox 525 3055 2118 3141">
     <span class='ocr_line' id='line_1_49' title="bbox 525 3055 2118 3141; baseline -0.013 -14"><span class='ocrx_word' id='word_1_326' title='bbox 525 3070 764 3141; x_wconf 86' lang='lat' dir='ltr'><strong>recipiat</strong></span> <span class='ocrx_word' id='word_1_327' title='bbox 824 3066 1084 3121; x_wconf 82' lang='lat' dir='ltr'><strong>facillime</strong></span> <span class='ocrx_word' id='word_1_328' title='bbox 1122 3062 1448 3133; x_wconf 81' lang='lat' dir='ltr'><strong>genuinum.</strong></span> <span class='ocrx_word' id='word_1_329' title='bbox 1492 3059 1557 3113; x_wconf 85' lang='lat' dir='ltr'><strong>Et</strong></span> <span class='ocrx_word' id='word_1_330' title='bbox 1592 3068 1646 3114; x_wconf 88' lang='lat' dir='ltr'><strong>tu</strong></span> <span class='ocrx_word' id='word_1_331' title='bbox 1678 3058 1901 3129; x_wconf 89' lang='lat' dir='ltr'><strong>quidem</strong></span> <span class='ocrx_word' id='word_1_332' title='bbox 1942 3055 2118 3111; x_wconf 88' lang='lat' dir='ltr'><strong>simu-</strong></span> 
     </span>
    </p>
   </div>
   <div class='ocr_carea' id='block_1_50' title="bbox 522 3146 2118 3221">
    <p class='ocr_par' dir='ltr' id='par_1_50' title="bbox 522 3146 2118 3221">
     <span class='ocr_line' id='line_1_50' title="bbox 522 3146 2118 3221; baseline -0.01 -6"><span class='ocrx_word' id='word_1_333' title='bbox 522 3162 690 3217; x_wconf 90' lang='lat' dir='ltr'><strong>lando</strong></span> <span class='ocrx_word' id='word_1_334' title='bbox 720 3168 771 3213; x_wconf 90' lang='lat' dir='ltr'><strong>te</strong></span> <span class='ocrx_word' id='word_1_335' title='bbox 806 3157 1008 3212; x_wconf 83' lang='lat' dir='ltr'><strong>ell‘erre</strong></span> <span class='ocrx_word' id='word_1_336' title='bbox 1040 3153 1356 3210; x_wconf 87' lang='lat' dir='ltr'><strong>testimonia</strong></span> <span class='ocrx_word' id='word_1_337' title='bbox 1381 3152 1610 3221; x_wconf 88' lang='lat' dir='ltr'><strong>scripta,</strong></span> <span class='ocrx_word' id='word_1_338' title='bbox 1640 3150 1830 3204; x_wconf 88' lang='lat' dir='ltr'><strong>insano</strong></span> <span class='ocrx_word' id='word_1_339' title='bbox 1858 3146 2079 3218; x_wconf 86' lang='lat' dir='ltr'><strong>quidem</strong></span> <span class='ocrx_word' id='word_1_340' title='bbox 2103 3184 2118 3210; x_wconf 93' lang='lat'><strong>,</strong></span> 
     </span>
    </p>
   </div>
   <div class='ocr_carea' id='block_1_51' title="bbox 530 3236 2123 3326">
    <p class='ocr_par' dir='ltr' id='par_1_51' title="bbox 530 3236 2123 3326">
     <span class='ocr_line' id='line_1_51' title="bbox 530 3236 2123 3326; baseline -0.009 -21"><span class='ocrx_word' id='word_1_341' title='bbox 530 3268 655 3326; x_wconf 70' lang='lat' dir='ltr'><strong>ipse</strong></span> <span class='ocrx_word' id='word_1_342' title='bbox 684 3247 976 3304; x_wconf 87' lang='lat' dir='ltr'><strong>stultitiam</strong></span> <span class='ocrx_word' id='word_1_343' title='bbox 1004 3236 1155 3300; x_wconf 83' lang='lat' dir='ltr'><strong>tuam</strong></span> <span class='ocrx_word' id='word_1_344' title='bbox 1192 3246 1335 3299; x_wconf 89' lang='lat' dir='ltr'><strong>ultro</strong></span> <span class='ocrx_word' id='word_1_345' title='bbox 1364 3243 1597 3314; x_wconf 78' lang='lat' dir='ltr'><strong>detegis,</strong></span> <span class='ocrx_word' id='word_1_346' title='bbox 1633 3256 1754 3311; x_wconf 73' lang='lat' dir='ltr'><strong>qua:</strong></span> <span class='ocrx_word' id='word_1_347' title='bbox 1793 3255 1919 3293; x_wconf 90' lang='lat' dir='ltr'><strong>cum</strong></span> <span class='ocrx_word' id='word_1_348' title='bbox 1955 3238 2123 3293; x_wconf 90' lang='lat' dir='ltr'><strong>etiam</strong></span> 
     </span>
    </p>
   </div>
   <div class='ocr_carea' id='block_1_52' title="bbox 529 3328 2150 3408">
    <p class='ocr_par' dir='ltr' id='par_1_52' title="bbox 529 3328 2150 3408">
     <span class='ocr_line' id='line_1_52' title="bbox 529 3328 2150 3408; baseline -0.012 -9"><span class='ocrx_word' id='word_1_349' title='bbox 529 3344 588 3399; x_wconf 82' lang='lat' dir='ltr'><strong>in</strong></span> <span class='ocrx_word' id='word_1_350' title='bbox 620 3341 947 3397; x_wconf 88' lang='lat' dir='ltr'><strong>sententiam</strong></span> <span class='ocrx_word' id='word_1_351' title='bbox 980 3352 1170 3408; x_wconf 82' lang='lat' dir='ltr'><strong>vagam</strong></span> <span class='ocrx_word' id='word_1_352' title='bbox 1202 3345 1258 3390; x_wconf 92' lang='lat' dir='ltr'><strong>et</strong></span> <span class='ocrx_word' id='word_1_353' title='bbox 1293 3335 1518 3405; x_wconf 90' lang='lat' dir='ltr'><strong>impiam</strong></span> <span class='ocrx_word' id='word_1_354' title='bbox 1550 3342 1859 3404; x_wconf 83' lang='lat' dir='ltr'><strong>pervertas,</strong></span> <span class='ocrx_word' id='word_1_355' title='bbox 1884 3330 1994 3400; x_wconf 88' lang='lat' dir='ltr'><strong>jam</strong></span> <span class='ocrx_word' id='word_1_356' title='bbox 2024 3328 2150 3382; x_wconf 85' lang='lat' dir='ltr'><strong>im-&#39;</strong></span> 
     </span>
    </p>
   </div>
   <div class='ocr_carea' id='block_1_53' title="bbox 527 3420 2123 3506">
    <p class='ocr_par' dir='ltr' id='par_1_53' title="bbox 527 3420 2123 3506">
     <span class='ocr_line' id='line_1_53' title="bbox 527 3420 2123 3506; baseline -0.009 -17"><span class='ocrx_word' id='word_1_357' title='bbox 527 3433 859 3506; x_wconf 87' lang='lat' dir='ltr'><strong>probitatem</strong></span> <span class='ocrx_word' id='word_1_358' title='bbox 893 3429 994 3484; x_wconf 89' lang='lat' dir='ltr'><strong>tibi</strong></span> <span class='ocrx_word' id='word_1_359' title='bbox 1034 3428 1313 3499; x_wconf 89' lang='lat' dir='ltr'><strong>propriam</strong></span> <span class='ocrx_word' id='word_1_360' title='bbox 1369 3425 1589 3496; x_wconf 87' lang='lat' dir='ltr'><strong>publice</strong></span> <span class='ocrx_word' id='word_1_361' title='bbox 1641 3423 1896 3493; x_wconf 78' lang='lat' dir='ltr'><strong>exponis.</strong></span> <span class='ocrx_word' id='word_1_362' title='bbox 1929 3420 2123 3490; x_wconf 87' lang='lat' dir='ltr'><strong>Neque</strong></span> 
     </span>
    </p>
   </div>
   <div class='ocr_carea' id='block_1_54' title="bbox 526 3513 2124 3596">
    <p class='ocr_par' dir='ltr' id='par_1_54' title="bbox 526 3513 2124 3596">
     <span class='ocr_line' id='line_1_54' title="bbox 526 3513 2124 3596; baseline -0.011 -15"><span class='ocrx_word' id='word_1_363' title='bbox 526 3527 678 3583; x_wconf 90' lang='lat' dir='ltr'><strong>enim</strong></span> <span class='ocrx_word' id='word_1_364' title='bbox 702 3526 817 3596; x_wconf 89' lang='lat' dir='ltr'><strong>jam</strong></span> <span class='ocrx_word' id='word_1_365' title='bbox 846 3523 1084 3578; x_wconf 86' lang='lat' dir='ltr'><strong>celatum</strong></span> <span class='ocrx_word' id='word_1_366' title='bbox 1125 3518 1273 3590; x_wconf 92' lang='lat' dir='ltr'><strong>quod</strong></span> <span class='ocrx_word' id='word_1_367' title='bbox 1320 3518 1386 3573; x_wconf 82' lang='lat' dir='ltr'><strong>ad</strong></span> <span class='ocrx_word' id='word_1_368' title='bbox 1418 3517 1587 3572; x_wconf 89' lang='lat' dir='ltr'><strong>animi</strong></span> <span class='ocrx_word' id='word_1_369' title='bbox 1630 3515 1891 3585; x_wconf 85' lang='lat' dir='ltr'><strong>mysteria</strong></span> <span class='ocrx_word' id='word_1_370' title='bbox 1922 3513 2124 3568; x_wconf 90' lang='lat' dir='ltr'><strong>attinet</strong></span> 
     </span>
    </p>
   </div>
   <div class='ocr_carea' id='block_1_55' title="bbox 527 3605 2113 3680">
    <p class='ocr_par' dir='ltr' id='par_1_55' title="bbox 527 3605 2113 3680">
     <span class='ocr_line' id='line_1_55' title="bbox 527 3605 2113 3680; baseline -0.011 -8"><span class='ocrx_word' id='word_1_371' title='bbox 527 3632 590 3673; x_wconf 86' lang='lat' dir='ltr'><strong>se</strong></span> <span class='ocrx_word' id='word_1_372' title='bbox 625 3616 997 3671; x_wconf 89' lang='lat' dir='ltr'><strong>dormiturum</strong></span> <span class='ocrx_word' id='word_1_373' title='bbox 1043 3618 1231 3680; x_wconf 78' lang='lat' dir='ltr'><strong>Sperat</strong></span> <span class='ocrx_word' id='word_1_374' title='bbox 1278 3607 1567 3679; x_wconf 88' lang='lat' dir='ltr'><strong>pravitatis</strong></span> <span class='ocrx_word' id='word_1_375' title='bbox 1600 3605 1782 3662; x_wconf 88' lang='lat' dir='ltr'><strong>scelus</strong></span> <span class='ocrx_word' id='word_1_376' title='bbox 1815 3614 2113 3659; x_wconf 88' lang='lat' dir='ltr'><strong>secretum.</strong></span> 
     </span>
    </p>
   </div>
   <div class='ocr_carea' id='block_1_56' title="bbox 528 3696 2127 3772">
    <p class='ocr_par' dir='ltr' id='par_1_56' title="bbox 528 3696 2127 3772">
     <span class='ocr_line' id='line_1_56' title="bbox 528 3696 2127 3772; baseline -0.008 -10"><span class='ocrx_word' id='word_1_377' title='bbox 528 3705 822 3763; x_wconf 87' lang='lat' dir='ltr'><strong>Emanavit</strong></span> <span class='ocrx_word' id='word_1_378' title='bbox 859 3703 1008 3758; x_wconf 90' lang='lat' dir='ltr'><strong>enim</strong></span> <span class='ocrx_word' id='word_1_379' title='bbox 1044 3711 1099 3757; x_wconf 89' lang='lat' dir='ltr'><strong>et</strong></span> <span class='ocrx_word' id='word_1_380' title='bbox 1124 3702 1407 3772; x_wconf 83' lang='lat' dir='ltr'><strong>divulgata</strong></span> <span class='ocrx_word' id='word_1_381' title='bbox 1437 3709 1522 3755; x_wconf 91' lang='lat' dir='ltr'><strong>est</strong></span> <span class='ocrx_word' id='word_1_382' title='bbox 1561 3700 1617 3753; x_wconf 88' lang='lat' dir='ltr'><strong>in</strong></span> <span class='ocrx_word' id='word_1_383' title='bbox 1646 3698 1783 3754; x_wconf 87' lang='lat' dir='ltr'><strong>solis</strong></span> <span class='ocrx_word' id='word_1_384' title='bbox 1832 3696 2019 3751; x_wconf 90' lang='lat' dir='ltr'><strong>radios</strong></span> <span class='ocrx_word' id='word_1_385' title='bbox 2054 3697 2127 3752; x_wconf 89' lang='lat' dir='ltr'><strong>si-</strong></span> 
     </span>
    </p>
   </div>
   <div class='ocr_carea' id='block_1_57' title="bbox 528 3790 2125 3870">
    <p class='ocr_par' dir='ltr' id='par_1_57' title="bbox 528 3790 2125 3870">
     <span class='ocr_line' id='line_1_57' title="bbox 528 3790 2125 3870; baseline -0.005 -15"><span class='ocrx_word' id='word_1_386' title='bbox 528 3801 752 3870; x_wconf 88' lang='lat' dir='ltr'><strong>mulque</strong></span> <span class='ocrx_word' id='word_1_387' title='bbox 778 3801 831 3852; x_wconf 92' lang='lat' dir='ltr'><strong>in</strong></span> <span class='ocrx_word' id='word_1_388' title='bbox 851 3796 1151 3852; x_wconf 88' lang='lat' dir='ltr'><strong>ludibrium</strong></span> <span class='ocrx_word' id='word_1_389' title='bbox 1175 3806 1231 3850; x_wconf 90' lang='lat' dir='ltr'><strong>et</strong></span> <span class='ocrx_word' id='word_1_390' title='bbox 1253 3795 1659 3851; x_wconf 82' lang='lat' dir='ltr'><strong>cavillationem</strong></span> <span class='ocrx_word' id='word_1_391' title='bbox 1695 3792 1897 3849; x_wconf 88' lang='lat' dir='ltr'><strong>theatri</strong></span> <span class='ocrx_word' id='word_1_392' title='bbox 1923 3790 2125 3847; x_wconf 89' lang='lat' dir='ltr'><strong>comici</strong></span> 
     </span>
    </p>
   </div>
   <div class='ocr_carea' id='block_1_58' title="bbox 466 3880 2127 3961">
    <p class='ocr_par' dir='ltr' id='par_1_58' title="bbox 466 3880 2127 3961">
     <span class='ocr_line' id='line_1_58' title="bbox 466 3880 2127 3961; baseline -0.009 -11"><span class='ocrx_word' id='word_1_393' title='bbox 466 3908 471 3913; x_wconf 92' lang='lat'><strong><em>&#39;</em></strong></span> <span class='ocrx_word' id='word_1_394' title='bbox 529 3892 897 3961; x_wconf 75' lang='lat' dir='ltr'><strong>frequentem,</strong></span> <span class='ocrx_word' id='word_1_395' title='bbox 916 3899 970 3944; x_wconf 92' lang='lat' dir='ltr'><strong>et</strong></span> <span class='ocrx_word' id='word_1_396' title='bbox 992 3888 1221 3959; x_wconf 78' lang='lat' dir='ltr'><strong>gloriam</strong></span> <span class='ocrx_word' id='word_1_397' title='bbox 1244 3902 1410 3958; x_wconf 89' lang='lat' dir='ltr'><strong>quam</strong></span> <span class='ocrx_word' id='word_1_398' title='bbox 1433 3885 1650 3955; x_wconf 86' lang='lat' dir='ltr'><strong>assequi</strong></span> <span class='ocrx_word' id='word_1_399' title='bbox 1669 3884 1929 3940; x_wconf 88' lang='lat' dir='ltr'><strong>studebas</strong></span> <span class='ocrx_word' id='word_1_400' title='bbox 1945 3880 2127 3952; x_wconf 90' lang='lat' dir='ltr'><strong>perdi-</strong></span> 
     </span>
    </p>
   </div>
   <div class='ocr_carea' id='block_1_59' title="bbox 536 3975 2123 4052">
    <p class='ocr_par' dir='ltr' id='par_1_59' title="bbox 536 3975 2123 4052">
     <span class='ocr_line' id='line_1_59' title="bbox 536 3975 2123 4052; baseline -0.009 -11"><span class='ocrx_word' id='word_1_401' title='bbox 536 3984 665 4040; x_wconf 89' lang='lat' dir='ltr'><strong>disti</strong></span> <span class='ocrx_word' id='word_1_402' title='bbox 697 3992 958 4037; x_wconf 89' lang='lat' dir='ltr'><strong>mutatam</strong></span> <span class='ocrx_word' id='word_1_403' title='bbox 984 3980 1146 4052; x_wconf 82' lang='lat'><strong>300</strong></span> <span class='ocrx_word' id='word_1_404' title='bbox 1176 3982 1230 4034; x_wconf 91' lang='lat' dir='ltr'><strong>in</strong></span> <span class='ocrx_word' id='word_1_405' title='bbox 1259 3979 1566 4044; x_wconf 81' lang='lat' dir='ltr'><strong>infamiam,</strong></span> <span class='ocrx_word' id='word_1_406' title='bbox 1599 3978 1748 4049; x_wconf 90' lang='lat' dir='ltr'><strong>quod</strong></span> <span class='ocrx_word' id='word_1_407' title='bbox 1777 3986 1960 4031; x_wconf 91' lang='lat' dir='ltr'><strong>autem</strong></span> <span class='ocrx_word' id='word_1_408' title='bbox 1978 3975 2123 4029; x_wconf 84' lang='lat' dir='ltr'><strong>vela-</strong></span> 
     </span>
    </p>
   </div>
   <div class='ocr_carea' id='block_1_60' title="bbox 531 4070 2126 4146">
    <p class='ocr_par' dir='ltr' id='par_1_60' title="bbox 531 4070 2126 4146">
     <span class='ocr_line' id='line_1_60' title="bbox 531 4070 2126 4146; baseline -0.006 -13"><span class='ocrx_word' id='word_1_409' title='bbox 531 4078 631 4133; x_wconf 89' lang='lat' dir='ltr'><strong>bas</strong></span> <span class='ocrx_word' id='word_1_410' title='bbox 659 4077 797 4146; x_wconf 85' lang='lat' dir='ltr'><strong>ipse,</strong></span> <span class='ocrx_word' id='word_1_411' title='bbox 825 4075 1064 4130; x_wconf 88' lang='lat' dir='ltr'><strong>dedecus</strong></span> <span class='ocrx_word' id='word_1_412' title='bbox 1103 4083 1283 4139; x_wconf 91' lang='lat' dir='ltr'><strong>tuum,</strong></span> <span class='ocrx_word' id='word_1_413' title='bbox 1315 4076 1435 4145; x_wconf 86' lang='lat' dir='ltr'><strong>ejus</strong></span> <span class='ocrx_word' id='word_1_414' title='bbox 1455 4074 1568 4143; x_wconf 85' lang='lat' dir='ltr'><strong>jam</strong></span> <span class='ocrx_word' id='word_1_415' title='bbox 1599 4087 1754 4127; x_wconf 90' lang='lat' dir='ltr'><strong>sacra</strong></span> <span class='ocrx_word' id='word_1_416' title='bbox 1803 4070 2126 4127; x_wconf 86' lang='lat' dir='ltr'><strong>revelatoria</strong></span> 
     </span>
    </p>
   </div>
   <div class='ocr_carea' id='block_1_61' title="bbox 532 4165 1889 4238">
    <p class='ocr_par' dir='ltr' id='par_1_61' title="bbox 532 4165 1889 4238">
     <span class='ocr_line' id='line_1_61' title="bbox 532 4165 1889 4238; baseline -0.005 -13"><span class='ocrx_word' id='word_1_417' title='bbox 532 4171 714 4225; x_wconf 79' lang='lat' dir='ltr'><strong>facere</strong></span> <span class='ocrx_word' id='word_1_418' title='bbox 735 4177 785 4223; x_wconf 88' lang='lat' dir='ltr'><strong>te</strong></span> <span class='ocrx_word' id='word_1_419' title='bbox 805 4179 864 4222; x_wconf 89' lang='lat' dir='ltr'><strong>ut</strong></span> <span class='ocrx_word' id='word_1_420' title='bbox 898 4167 955 4222; x_wconf 90' lang='lat' dir='ltr'><strong>in</strong></span> <span class='ocrx_word' id='word_1_421' title='bbox 995 4167 1195 4222; x_wconf 88' lang='lat' dir='ltr'><strong>Bacchi</strong></span> <span class='ocrx_word' id='word_1_422' title='bbox 1224 4166 1498 4238; x_wconf 81' lang='lat' dir='ltr'><strong>mysteriis</strong></span> <span class='ocrx_word' id='word_1_423' title='bbox 1548 4181 1659 4220; x_wconf 88' lang='lat' dir='ltr'><strong>non</strong></span> <span class='ocrx_word' id='word_1_424' title='bbox 1697 4165 1889 4219; x_wconf 87' lang='lat' dir='ltr'><strong>sentis.</strong></span> 
     </span>
    </p>
   </div>
   <div class='ocr_carea' id='block_1_62' title="bbox 602 4252 2127 4333">
    <p class='ocr_par' dir='ltr' id='par_1_62' title="bbox 602 4252 2127 4333">
     <span class='ocr_line' id='line_1_62' title="bbox 602 4252 2127 4333; baseline -0.004 -18"><span class='ocrx_word' id='word_1_425' title='bbox 602 4261 745 4317; x_wconf 75' lang='lat' dir='ltr'><strong>XVI.</strong></span> <span class='ocrx_word' id='word_1_426' title='bbox 799 4261 1051 4315; x_wconf 82' lang='lat' dir='ltr'><strong>Paiamas</strong></span> <span class='ocrx_word' id='word_1_427' title='bbox 1098 4270 1285 4313; x_wconf 86' lang='lat' dir='ltr'><strong>autem</strong></span> <span class='ocrx_word' id='word_1_428' title='bbox 1331 4257 1473 4320; x_wconf 87' lang='lat' dir='ltr'><strong>nihil</strong></span> <span class='ocrx_word' id='word_1_429' title='bbox 1520 4252 1591 4333; x_wconf 76' lang='lat' dir='ltr'><strong>ad</strong></span> <span class='ocrx_word' id='word_1_430' title='bbox 1626 4257 1744 4312; x_wconf 68' lang='lat' dir='ltr'><strong>haec</strong></span> <span class='ocrx_word' id='word_1_431' title='bbox 1786 4254 2127 4326; x_wconf 83' lang='lat' dir='ltr'><strong>respondens</strong></span> 
     </span>
    </p>
   </div>
   <div class='ocr_carea' id='block_1_63' title="bbox 534 4348 2123 4418">
    <p class='ocr_par' dir='ltr' id='par_1_63' title="bbox 534 4348 2123 4418">
     <span class='ocr_line' id='line_1_63' title="bbox 534 4348 2123 4418; baseline -0.004 -11"><span class='ocrx_word' id='word_1_432' title='bbox 534 4353 698 4407; x_wconf 80' lang='lat' dir='ltr'><strong>aliam</strong></span> <span class='ocrx_word' id='word_1_433' title='bbox 731 4351 858 4405; x_wconf 90' lang='lat' dir='ltr'><strong>iniit</strong></span> <span class='ocrx_word' id='word_1_434' title='bbox 882 4351 1052 4415; x_wconf 88' lang='lat' dir='ltr'><strong>viam,</strong></span> <span class='ocrx_word' id='word_1_435' title='bbox 1081 4360 1141 4403; x_wconf 91' lang='lat' dir='ltr'><strong>ut</strong></span> <span class='ocrx_word' id='word_1_436' title='bbox 1171 4360 1292 4404; x_wconf 90' lang='lat' dir='ltr'><strong>erat</strong></span> <span class='ocrx_word' id='word_1_437' title='bbox 1319 4351 1440 4417; x_wconf 86' lang='lat' dir='ltr'><strong>ejus</strong></span> <span class='ocrx_word' id='word_1_438' title='bbox 1475 4364 1612 4404; x_wconf 90' lang='lat' dir='ltr'><strong>mos.</strong></span> <span class='ocrx_word' id='word_1_439' title='bbox 1648 4348 1843 4403; x_wconf 88' lang='lat' dir='ltr'><strong>Nonne</strong></span> <span class='ocrx_word' id='word_1_440' title='bbox 1871 4362 2123 4418; x_wconf 85' lang='lat' dir='ltr'><strong>magnus,</strong></span> 
     </span>
    </p>
   </div>
   <div class='ocr_carea' id='block_1_64' title="bbox 537 4433 2131 4514">
    <p class='ocr_par' dir='ltr' id='par_1_64' title="bbox 537 4433 2131 4514">
     <span class='ocr_line' id='line_1_64' title="bbox 537 4433 2131 4514; baseline -0.002 -16"><span class='ocrx_word' id='word_1_441' title='bbox 537 4445 742 4514; x_wconf 88' lang='lat' dir='ltr'><strong>inquit,</strong></span> <span class='ocrx_word' id='word_1_442' title='bbox 774 4443 1009 4497; x_wconf 83' lang='lat' dir='ltr'><strong>Basilius</strong></span> <span class='ocrx_word' id='word_1_443' title='bbox 1059 4460 1127 4497; x_wconf 86' lang='lat' dir='ltr'><strong>ex</strong></span> <span class='ocrx_word' id='word_1_444' title='bbox 1158 4433 1465 4497; x_wconf 80' lang='lat' dir='ltr'><strong>eﬂicientiis</strong></span> <span class='ocrx_word' id='word_1_445' title='bbox 1505 4439 1605 4496; x_wconf 89' lang='lat' dir='ltr'><strong>Dei</strong></span> <span class='ocrx_word' id='word_1_446' title='bbox 1636 4440 1773 4496; x_wconf 89' lang='lat' dir='ltr'><strong>dicit</strong></span> <span class='ocrx_word' id='word_1_447' title='bbox 1800 4455 1901 4495; x_wconf 87' lang='lat' dir='ltr'><strong>nos</strong></span> <span class='ocrx_word' id='word_1_448' title='bbox 1929 4455 2131 4509; x_wconf 76' lang='lat' dir='ltr'><strong>cogno—</strong></span> 
     </span>
    </p>
   </div>
   <div class='ocr_carea' id='block_1_65' title="bbox 536 4533 2134 4604">
    <p class='ocr_par' dir='ltr' id='par_1_65' title="bbox 536 4533 2134 4604">
     <span class='ocr_line' id='line_1_65' title="bbox 536 4533 2134 4604; baseline -0.002 -11"><span class='ocrx_word' id='word_1_449' title='bbox 536 4552 697 4593; x_wconf 87' lang='lat' dir='ltr'><strong>scere</strong></span> <span class='ocrx_word' id='word_1_450' title='bbox 736 4534 946 4589; x_wconf 86' lang='lat' dir='ltr'><strong>Deum?</strong></span> <span class='ocrx_word' id='word_1_451' title='bbox 972 4534 1288 4589; x_wconf 78' lang='lat' dir='ltr'><strong>Ellicientiae</strong></span> <span class='ocrx_word' id='word_1_452' title='bbox 1318 4535 1465 4589; x_wconf 92' lang='lat' dir='ltr'><strong>enim</strong></span> <span class='ocrx_word' id='word_1_453' title='bbox 1495 4534 1640 4604; x_wconf 81' lang='lat' dir='ltr'><strong>ejus,</strong></span> <span class='ocrx_word' id='word_1_454' title='bbox 1680 4534 1758 4589; x_wconf 89' lang='lat' dir='ltr'><strong>ait</strong></span> <span class='ocrx_word' id='word_1_455' title='bbox 1787 4534 1900 4599; x_wconf 83' lang='lat' dir='ltr'><strong>ille,</strong></span> <span class='ocrx_word' id='word_1_456' title='bbox 1927 4533 1995 4588; x_wconf 92' lang='lat' dir='ltr'><strong>ad</strong></span> <span class='ocrx_word' id='word_1_457' title='bbox 2032 4549 2134 4590; x_wconf 77' lang='lat' dir='ltr'><strong>nos</strong></span> 
     </span>
    </p>
   </div>
   <div class='ocr_carea' id='block_1_66' title="bbox 537 4629 2130 4701">
    <p class='ocr_par' dir='ltr' id='par_1_66' title="bbox 537 4629 2130 4701">
     <span class='ocr_line' id='line_1_66' title="bbox 537 4629 2130 4701; baseline -0.001 -17"><span class='ocrx_word' id='word_1_458' title='bbox 537 4630 905 4694; x_wconf 81' lang='lat' dir='ltr'><strong>descendunt,</strong></span> <span class='ocrx_word' id='word_1_459' title='bbox 941 4633 1177 4683; x_wconf 89' lang='lat' dir='ltr'><strong>essentia</strong></span> <span class='ocrx_word' id='word_1_460' title='bbox 1212 4640 1395 4685; x_wconf 91' lang='lat' dir='ltr'><strong>autem</strong></span> <span class='ocrx_word' id='word_1_461' title='bbox 1447 4631 1568 4701; x_wconf 86' lang='lat' dir='ltr'><strong>ejus</strong></span> <span class='ocrx_word' id='word_1_462' title='bbox 1597 4641 1787 4683; x_wconf 89' lang='lat' dir='ltr'><strong>manet</strong></span> <span class='ocrx_word' id='word_1_463' title='bbox 1834 4629 2130 4684; x_wconf 84' lang='lat' dir='ltr'><strong>inaccessa.</strong></span> 
     </span>
    </p>
   </div>
   <div class='ocr_carea' id='block_1_67' title="bbox 541 4719 2131 4791">
    <p class='ocr_par' dir='ltr' id='par_1_67' title="bbox 541 4719 2131 4791">
     <span class='ocr_line' id='line_1_67' title="bbox 541 4719 2131 4791; baseline -0.002 -15"><span class='ocrx_word' id='word_1_464' title='bbox 541 4721 650 4776; x_wconf 73' lang='lat' dir='ltr'><strong>llas</strong></span> <span class='ocrx_word' id='word_1_465' title='bbox 685 4722 850 4791; x_wconf 81' lang='lat' dir='ltr'><strong>igitur</strong></span> <span class='ocrx_word' id='word_1_466' title='bbox 878 4719 1198 4775; x_wconf 67' lang='lat' dir='ltr'><strong>efﬁcientias</strong></span> <span class='ocrx_word' id='word_1_467' title='bbox 1247 4723 1410 4777; x_wconf 88' lang='lat' dir='ltr'><strong>habet</strong></span> <span class='ocrx_word' id='word_1_468' title='bbox 1458 4722 1624 4786; x_wconf 87' lang='lat' dir='ltr'><strong>Deus,</strong></span> <span class='ocrx_word' id='word_1_469' title='bbox 1676 4721 1770 4790; x_wconf 88' lang='lat' dir='ltr'><strong>qui</strong></span> <span class='ocrx_word' id='word_1_470' title='bbox 1819 4721 1964 4775; x_wconf 85' lang='lat' dir='ltr'><strong>alius</strong></span> <span class='ocrx_word' id='word_1_471' title='bbox 2005 4729 2131 4782; x_wconf 85' lang='lat' dir='ltr'><strong>est,</strong></span> 
     </span>
    </p>
   </div>
   <div class='ocr_carea' id='block_1_68' title="bbox 537 4813 2136 4885">
    <p class='ocr_par' dir='ltr' id='par_1_68' title="bbox 537 4813 2136 4885">
     <span class='ocr_line' id='line_1_68' title="bbox 537 4813 2136 4885; baseline -0.001 -18"><span class='ocrx_word' id='word_1_472' title='bbox 537 4814 678 4868; x_wconf 87' lang='lat' dir='ltr'><strong>alias</strong></span> <span class='ocrx_word' id='word_1_473' title='bbox 704 4821 759 4866; x_wconf 78' lang='lat' dir='ltr'><strong>et</strong></span> <span class='ocrx_word' id='word_1_474' title='bbox 786 4813 1100 4877; x_wconf 85' lang='lat' dir='ltr'><strong>increatas;</strong></span> <span class='ocrx_word' id='word_1_475' title='bbox 1139 4813 1221 4866; x_wconf 72' lang='lat' dir='ltr'><strong>hae</strong></span> <span class='ocrx_word' id='word_1_476' title='bbox 1249 4815 1395 4867; x_wconf 89' lang='lat' dir='ltr'><strong>enim</strong></span> <span class='ocrx_word' id='word_1_477' title='bbox 1428 4824 1553 4868; x_wconf 85' lang='lat' dir='ltr'><strong>sunt</strong></span> <span class='ocrx_word' id='word_1_478' title='bbox 1582 4813 1971 4885; x_wconf 61' lang='lat' dir='ltr'><strong>providentiae,</strong></span> <span class='ocrx_word' id='word_1_479' title='bbox 2005 4821 2136 4867; x_wconf 82' lang='lat' dir='ltr'><strong>sunt</strong></span> 
     </span>
    </p>
   </div>
   <div class='ocr_carea' id='block_1_69' title="bbox 541 4903 2135 4974">
    <p class='ocr_par' dir='ltr' id='par_1_69' title="bbox 541 4903 2135 4974">
     <span class='ocr_line' id='line_1_69' title="bbox 541 4903 2135 4974; baseline -0.002 -16"><span class='ocrx_word' id='word_1_480' title='bbox 541 4913 800 4965; x_wconf 86' lang='lat' dir='ltr'><strong>eventus,</strong></span> <span class='ocrx_word' id='word_1_481' title='bbox 822 4917 990 4971; x_wconf 86' lang='lat' dir='ltr'><strong>porro</strong></span> <span class='ocrx_word' id='word_1_482' title='bbox 1016 4903 1291 4956; x_wconf 76' lang='lat' dir='ltr'><strong>inﬁnitum</strong></span> <span class='ocrx_word' id='word_1_483' title='bbox 1316 4943 1330 4966; x_wconf 97' lang='lat'><strong>,</strong></span> <span class='ocrx_word' id='word_1_484' title='bbox 1357 4903 1667 4969; x_wconf 89' lang='lat' dir='ltr'><strong>immotum,</strong></span> <span class='ocrx_word' id='word_1_485' title='bbox 1723 4904 1977 4974; x_wconf 80' lang='lat' dir='ltr'><strong>simplex,</strong></span> <span class='ocrx_word' id='word_1_486' title='bbox 2028 4904 2135 4968; x_wconf 79' lang='lat' dir='ltr'><strong>ini—</strong></span> 
     </span>
    </p>
   </div>
   <div class='ocr_carea' id='block_1_70' title="bbox 542 4994 2134 5067">
    <p class='ocr_par' dir='ltr' id='par_1_70' title="bbox 542 4994 2134 5067">
     <span class='ocr_line' id='line_1_70' title="bbox 542 4994 2134 5067; baseline 0.001 -19"><span class='ocrx_word' id='word_1_487' title='bbox 542 4994 626 5049; x_wconf 90' lang='lat' dir='ltr'><strong>tio</strong></span> <span class='ocrx_word' id='word_1_488' title='bbox 654 5004 711 5047; x_wconf 90' lang='lat' dir='ltr'><strong>et</strong></span> <span class='ocrx_word' id='word_1_489' title='bbox 744 4994 853 5048; x_wconf 83' lang='lat' dir='ltr'><strong>ﬁne</strong></span> <span class='ocrx_word' id='word_1_490' title='bbox 890 5009 1108 5058; x_wconf 83' lang='lat' dir='ltr'><strong>carens,</strong></span> <span class='ocrx_word' id='word_1_491' title='bbox 1145 4995 1435 5064; x_wconf 84' lang='lat' dir='ltr'><strong>sapientia,</strong></span> <span class='ocrx_word' id='word_1_492' title='bbox 1462 4995 1636 5049; x_wconf 84' lang='lat' dir='ltr'><strong>virtus</strong></span> <span class='ocrx_word' id='word_1_493' title='bbox 1666 5005 1723 5051; x_wconf 89' lang='lat' dir='ltr'><strong>et</strong></span> <span class='ocrx_word' id='word_1_494' title='bbox 1762 4997 1981 5060; x_wconf 83' lang='lat' dir='ltr'><strong>similia,</strong></span> <span class='ocrx_word' id='word_1_495' title='bbox 2013 5013 2134 5067; x_wconf 70' lang='lat' dir='ltr'><strong>qua:</strong></span> 
     </span>
    </p>
   </div>
   <div class='ocr_carea' id='block_1_71' title="bbox 538 5087 2132 5157">
    <p class='ocr_par' dir='ltr' id='par_1_71' title="bbox 538 5087 2132 5157">
     <span class='ocr_line' id='line_1_71' title="bbox 538 5087 2132 5157; baseline 0.001 -15"><span class='ocrx_word' id='word_1_496' title='bbox 538 5090 725 5142; x_wconf 89' lang='lat' dir='ltr'><strong>omnia</strong></span> <span class='ocrx_word' id='word_1_497' title='bbox 752 5087 856 5141; x_wconf 84' lang='lat' dir='ltr'><strong>alia</strong></span> <span class='ocrx_word' id='word_1_498' title='bbox 881 5087 1102 5157; x_wconf 85' lang='lat' dir='ltr'><strong>quidem</strong></span> <span class='ocrx_word' id='word_1_499' title='bbox 1166 5099 1293 5141; x_wconf 85' lang='lat' dir='ltr'><strong>sunt</strong></span> <span class='ocrx_word' id='word_1_500' title='bbox 1331 5104 1393 5143; x_wconf 88' lang='lat' dir='ltr'><strong>ac</strong></span> <span class='ocrx_word' id='word_1_501' title='bbox 1437 5090 1697 5153; x_wconf 70' lang='lat' dir='ltr'><strong>essentia,</strong></span> <span class='ocrx_word' id='word_1_502' title='bbox 1723 5089 1817 5144; x_wconf 83' lang='lat' dir='ltr'><strong>sed</strong></span> <span class='ocrx_word' id='word_1_503' title='bbox 1869 5089 2132 5143; x_wconf 87' lang='lat' dir='ltr'><strong>incrcata.</strong></span> 
     </span>
    </p>
   </div>
   <div class='ocr_carea' id='block_1_72' title="bbox 540 5178 2139 5251">
    <p class='ocr_par' dir='ltr' id='par_1_72' title="bbox 540 5178 2139 5251">
     <span class='ocr_line' id='line_1_72' title="bbox 540 5178 2139 5251; baseline 0.001 -18"><span class='ocrx_word' id='word_1_504' title='bbox 540 5178 706 5233; x_wconf 80' lang='lat' dir='ltr'><strong>Aliud</strong></span> <span class='ocrx_word' id='word_1_505' title='bbox 753 5179 899 5233; x_wconf 89' lang='lat' dir='ltr'><strong>enim</strong></span> <span class='ocrx_word' id='word_1_506' title='bbox 948 5188 1030 5233; x_wconf 90' lang='lat' dir='ltr'><strong>est</strong></span> <span class='ocrx_word' id='word_1_507' title='bbox 1059 5180 1206 5250; x_wconf 91' lang='lat' dir='ltr'><strong>quod</strong></span> <span class='ocrx_word' id='word_1_508' title='bbox 1240 5181 1427 5245; x_wconf 85' lang='lat' dir='ltr'><strong>habet,</strong></span> <span class='ocrx_word' id='word_1_509' title='bbox 1449 5182 1595 5235; x_wconf 83' lang='lat' dir='ltr'><strong>aliud</strong></span> <span class='ocrx_word' id='word_1_510' title='bbox 1625 5181 1771 5251; x_wconf 87' lang='lat' dir='ltr'><strong>quod</strong></span> <span class='ocrx_word' id='word_1_511' title='bbox 1804 5180 2058 5243; x_wconf 77' lang='lat' dir='ltr'><strong>habetur,</strong></span> <span class='ocrx_word' id='word_1_512' title='bbox 2079 5190 2139 5237; x_wconf 74' lang='lat' dir='ltr'><strong>ct.</strong></span> 
     </span>
    </p>
   </div>
   <div class='ocr_carea' id='block_1_73' title="bbox 540 5270 1100 5343">
    <p class='ocr_par' dir='ltr' id='par_1_73' title="bbox 540 5270 1100 5343">
     <span class='ocr_line' id='line_1_73' title="bbox 540 5270 1100 5343; baseline -0.002 -17"><span class='ocrx_word' id='word_1_513' title='bbox 540 5270 821 5326; x_wconf 82' lang='lat' dir='ltr'><strong>diversum</strong></span> <span class='ocrx_word' id='word_1_514' title='bbox 856 5270 1100 5343; x_wconf 85' lang='lat' dir='ltr'><strong>quidem.</strong></span> 
     </span>
    </p>
   </div>
   <div class='ocr_carea' id='block_1_74' title="bbox 616 5467 2131 5544">
    <p class='ocr_par' dir='ltr' id='par_1_74' title="bbox 616 5467 2131 5544">
     <span class='ocr_line' id='line_1_74' title="bbox 616 5467 2131 5544; baseline 0.005 -23"><span class='ocrx_word' id='word_1_515' title='bbox 616 5467 783 5523; x_wconf 79' lang='lat' dir='ltr'><strong>XVII.</strong></span> <span class='ocrx_word' id='word_1_516' title='bbox 828 5469 906 5523; x_wconf 76' lang='lat' dir='ltr'><strong>Ad</strong></span> <span class='ocrx_word' id='word_1_517' title='bbox 947 5471 1063 5526; x_wconf 75' lang='lat' dir='ltr'><strong>lucc</strong></span> <span class='ocrx_word' id='word_1_518' title='bbox 1096 5471 1367 5544; x_wconf 87' lang='lat' dir='ltr'><strong>Gregoras</strong></span> <span class='ocrx_word' id='word_1_519' title='bbox 1402 5474 1765 5541; x_wconf 83' lang='lat' dir='ltr'><strong>respondens,</strong></span> <span class='ocrx_word' id='word_1_520' title='bbox 1798 5475 2091 5544; x_wconf 79' lang='lat' dir='ltr'><strong>Proprium</strong></span> <span class='ocrx_word' id='word_1_521' title='bbox 2115 5514 2131 5539; x_wconf 94' lang='lat'><strong>,</strong></span> 
     </span>
    </p>
   </div>
   <div class='ocr_carea' id='block_1_75' title="bbox 541 5558 2131 5635">
    <p class='ocr_par' dir='ltr' id='par_1_75' title="bbox 541 5558 2131 5635">
     <span class='ocr_line' id='line_1_75' title="bbox 541 5558 2131 5635; baseline 0.006 -26"><span class='ocrx_word' id='word_1_522' title='bbox 541 5558 744 5627; x_wconf 87' lang='lat' dir='ltr'><strong>inquit,</strong></span> <span class='ocrx_word' id='word_1_523' title='bbox 784 5561 887 5613; x_wconf 84' lang='lat' dir='ltr'><strong>hoc</strong></span> <span class='ocrx_word' id='word_1_524' title='bbox 915 5560 1036 5628; x_wconf 89' lang='lat' dir='ltr'><strong>tibi,</strong></span> <span class='ocrx_word' id='word_1_525' title='bbox 1073 5564 1272 5628; x_wconf 74' lang='lat' dir='ltr'><strong>altrice,</strong></span> <span class='ocrx_word' id='word_1_526' title='bbox 1304 5576 1390 5619; x_wconf 89' lang='lat' dir='ltr'><strong>est</strong></span> <span class='ocrx_word' id='word_1_527' title='bbox 1425 5567 1665 5635; x_wconf 85' lang='lat' dir='ltr'><strong>signum,</strong></span> <span class='ocrx_word' id='word_1_528' title='bbox 1704 5576 1764 5618; x_wconf 93' lang='lat' dir='ltr'><strong>ut</strong></span> <span class='ocrx_word' id='word_1_529' title='bbox 1815 5566 1950 5618; x_wconf 75' lang='lat' dir='ltr'><strong>uilni</strong></span> <span class='ocrx_word' id='word_1_530' title='bbox 1981 5567 2131 5635; x_wconf 85' lang='lat' dir='ltr'><strong>quod</strong></span> 
     </span>
    </p>
   </div>
   <div class='ocr_carea' id='block_1_76' title="bbox 542 5648 2129 5727">
    <p class='ocr_par' dir='ltr' id='par_1_76' title="bbox 542 5648 2129 5727">
     <span class='ocr_line' id='line_1_76' title="bbox 542 5648 2129 5727; baseline 0.008 -30"><span class='ocrx_word' id='word_1_531' title='bbox 542 5648 607 5699; x_wconf 83' lang='lat' dir='ltr'><strong>ad</strong></span> <span class='ocrx_word' id='word_1_532' title='bbox 644 5664 755 5700; x_wconf 83' lang='lat' dir='ltr'><strong>rem</strong></span> <span class='ocrx_word' id='word_1_533' title='bbox 792 5650 1085 5718; x_wconf 83' lang='lat' dir='ltr'><strong>pertineat,</strong></span> <span class='ocrx_word' id='word_1_534' title='bbox 1112 5654 1470 5722; x_wconf 85' lang='lat' dir='ltr'><strong>respondeas,</strong></span> <span class='ocrx_word' id='word_1_535' title='bbox 1498 5656 1591 5710; x_wconf 83' lang='lat' dir='ltr'><strong>sed</strong></span> <span class='ocrx_word' id='word_1_536' title='bbox 1621 5672 1720 5727; x_wconf 82' lang='lat' dir='ltr'><strong>pro</strong></span> <span class='ocrx_word' id='word_1_537' title='bbox 1752 5657 1873 5709; x_wconf 75' lang='lat' dir='ltr'><strong>aliis</strong></span> <span class='ocrx_word' id='word_1_538' title='bbox 1903 5657 2006 5710; x_wconf 90' lang='lat' dir='ltr'><strong>alia</strong></span> <span class='ocrx_word' id='word_1_539' title='bbox 2033 5658 2129 5710; x_wconf 87' lang='lat' dir='ltr'><strong>ad-</strong></span> 
     </span>
    </p>
   </div>
   <div class='ocr_carea' id='block_1_77' title="bbox 540 5738 2130 5818">
    <p class='ocr_par' dir='ltr' id='par_1_77' title="bbox 540 5738 2130 5818">
     <span class='ocr_line' id='line_1_77' title="bbox 540 5738 2130 5818; baseline 0.006 -25"><span class='ocrx_word' id='word_1_540' title='bbox 540 5738 713 5793; x_wconf 72' lang='lat' dir='ltr'><strong>ducas</strong></span> <span class='ocrx_word' id='word_1_541' title='bbox 746 5741 1088 5813; x_wconf 80' lang='lat' dir='ltr'><strong>itnperlecta,</strong></span> <span class='ocrx_word' id='word_1_542' title='bbox 1113 5745 1337 5802; x_wconf 81' lang='lat' dir='ltr'><strong>omissis</strong></span> <span class='ocrx_word' id='word_1_543' title='bbox 1363 5746 1450 5813; x_wconf 87' lang='lat' dir='ltr'><strong>iis,</strong></span> <span class='ocrx_word' id='word_1_544' title='bbox 1475 5764 1594 5818; x_wconf 66' lang='lat' dir='ltr'><strong>quae</strong></span> <span class='ocrx_word' id='word_1_545' title='bbox 1621 5747 1794 5818; x_wconf 81' lang='lat' dir='ltr'><strong>magis</strong></span> <span class='ocrx_word' id='word_1_546' title='bbox 1818 5750 2130 5805; x_wconf 74' lang='lat' dir='ltr'><strong>necessaria</strong></span> 
     </span>
    </p>
   </div>
   <div class='ocr_carea' id='block_1_78' title="bbox 2212 1875 3781 1960">
    <p class='ocr_par' dir='ltr' id='par_1_78' title="bbox 2212 1875 3781 1960">
     <span class='ocr_line' id='line_1_78' title="bbox 2212 1875 3781 1960; baseline 0.001 -29"><span class='ocrx_word' id='word_1_547' title='bbox 2325 1875 2383 1929; x_wconf 82' lang='grc' dir='ltr'><strong>δέ</strong></span> <span class='ocrx_word' id='word_1_548' title='bbox 2443 1877 2507 1931; x_wconf 82' lang='grc' dir='ltr'>τὸ</span> <span class='ocrx_word' id='word_1_549' title='bbox 2556 1877 2991 1960; x_wconf 80' lang='grc' dir='ltr'>χαρακτηρίζειν</span> <span class='ocrx_word' id='word_1_550' title='bbox 3019 1878 3184 1943; x_wconf 80' lang='grc' dir='ltr'>αὐτὸς</span> <span class='ocrx_word' id='word_1_551' title='bbox 3216 1881 3340 1935; x_wconf 74' lang='grc' dir='ltr'>ἀντὶ</span> <span class='ocrx_word' id='word_1_552' title='bbox 3389 1879 3487 1933; x_wconf 88' lang='grc' dir='ltr'><strong>τοῦ</strong></span> <span class='ocrx_word' id='word_1_553' title='bbox 3517 1878 3781 1949; x_wconf 79' lang='grc' dir='ltr'>διαφέρειν</span> 
     </span>
    </p>
   </div>
   <div class='ocr_carea' id='block_1_79' title="bbox 2213 1964 3781 2039">
    <p class='ocr_par' dir='ltr' id='par_1_79' title="bbox 2213 1964 3781 2039">
     <span class='ocr_line' id='line_1_79' title="bbox 2213 1964 3781 2039; baseline 0.001 -21"><span class='ocrx_word' id='word_1_554' title='bbox 2213 1965 2544 2034; x_wconf 79' lang='grc' dir='ltr'>λαμϐάνεις,</span> <span class='ocrx_word' id='word_1_555' title='bbox 2605 1964 2726 2036; x_wconf 82' lang='grc' dir='ltr'>ὥρα</span> <span class='ocrx_word' id='word_1_556' title='bbox 2786 1981 2869 2019; x_wconf 89' lang='grc' dir='ltr'><strong>σοι</strong></span> <span class='ocrx_word' id='word_1_557' title='bbox 2936 1966 3122 2019; x_wconf 81' lang='grc' dir='ltr'>λοιπὸν</span> <span class='ocrx_word' id='word_1_558' title='bbox 3180 1966 3276 2020; x_wconf 76' lang='grc' dir='ltr'>καὶ</span> <span class='ocrx_word' id='word_1_559' title='bbox 3333 1968 3670 2039; x_wconf 79' lang='grc' dir='ltr'>χαρακτῆρα</span> <span class='ocrx_word' id='word_1_560' title='bbox 3700 1965 3781 2019; x_wconf 86' lang='grc' dir='ltr'><strong>τοῦ</strong></span> 
     </span>
    </p>
   </div>
   <div class='ocr_carea' id='block_1_80' title="bbox 2214 2056 3784 2129">
    <p class='ocr_par' dir='ltr' id='par_1_80' title="bbox 2214 2056 3784 2129">
     <span class='ocr_line' id='line_1_80' title="bbox 2214 2056 3784 2129; baseline 0.001 -17"><span class='ocrx_word' id='word_1_561' title='bbox 2214 2057 2430 2128; x_wconf 83' lang='grc' dir='ltr'>Πατρὸς</span> <span class='ocrx_word' id='word_1_562' title='bbox 2483 2056 2575 2113; x_wconf 75' lang='grc' dir='ltr'>τὸν</span> <span class='ocrx_word' id='word_1_563' title='bbox 2637 2057 2767 2128; x_wconf 66' lang='grc' dir='ltr'>Υίδν</span> <span class='ocrx_word' id='word_1_564' title='bbox 2795 2057 2898 2127; x_wconf 87' lang='grc' dir='ltr'><strong>τῆς</strong></span> <span class='ocrx_word' id='word_1_565' title='bbox 2930 2058 3156 2129; x_wconf 87' lang='grc' dir='ltr'>Γραφῆς</span> <span class='ocrx_word' id='word_1_566' title='bbox 3211 2059 3467 2115; x_wconf 84' lang='grc' dir='ltr'>ἀκούοντι</span> <span class='ocrx_word' id='word_1_567' title='bbox 3503 2059 3784 2129; x_wconf 76' lang='grc' dir='ltr'><strong>λεγούσης,</strong></span> 
     </span>
    </p>
   </div>
   <div class='ocr_carea' id='block_1_81' title="bbox 2214 2149 3781 2231">
    <p class='ocr_par' dir='ltr' id='par_1_81' title="bbox 2214 2149 3781 2231">
     <span class='ocr_line' id='line_1_81' title="bbox 2214 2149 3781 2231; baseline -0.001 -25"><span class='ocrx_word' id='word_1_568' title='bbox 2214 2151 2470 2222; x_wconf 83' lang='grc' dir='ltr'>ἀνόμοιον</span> <span class='ocrx_word' id='word_1_569' title='bbox 2501 2149 2594 2231; x_wconf 64' lang='grc' dir='ltr'><strong>τον</strong></span> <span class='ocrx_word' id='word_1_570' title='bbox 2636 2149 2768 2231; x_wconf 42' lang='lat' dir='ltr'><strong>{Iov</strong></span> <span class='ocrx_word' id='word_1_571' title='bbox 2800 2150 2878 2221; x_wconf 85' lang='grc' dir='ltr'>τῷ</span> <span class='ocrx_word' id='word_1_572' title='bbox 2910 2151 3089 2223; x_wconf 83' lang='grc' dir='ltr'>Πατρὶ</span> <span class='ocrx_word' id='word_1_573' title='bbox 3139 2152 3438 2224; x_wconf 82' lang='grc' dir='ltr'>κηρύττειν</span> <span class='ocrx_word' id='word_1_574' title='bbox 3496 2156 3593 2208; x_wconf 76' lang='grc' dir='ltr'>καὶ</span> <span class='ocrx_word' id='word_1_575' title='bbox 3634 2154 3781 2209; x_wconf 82' lang='grc' dir='ltr'>ἀνού-</span> 
     </span>
    </p>
   </div>
   <div class='ocr_carea' id='block_1_82' title="bbox 2217 2228 3786 2315">
    <p class='ocr_par' dir='ltr' id='par_1_82' title="bbox 2217 2228 3786 2315">
     <span class='ocr_line' id='line_1_82' title="bbox 2217 2228 3786 2315; baseline 0.001 -19"><span class='ocrx_word' id='word_1_576' title='bbox 2217 2259 2335 2297; x_wconf 90' lang='grc' dir='ltr'>σιον</span> <span class='ocrx_word' id='word_1_577' title='bbox 2404 2228 2762 2315; x_wconf 76' lang='grc' dir='ltr'>καὶ’σφόδρα</span> <span class='ocrx_word' id='word_1_578' title='bbox 2820 2242 3083 2315; x_wconf 90' lang='grc' dir='ltr'>διάφορον</span> <span class='ocrx_word' id='word_1_579' title='bbox 3138 2243 3238 2315; x_wconf 83' lang='grc' dir='ltr'>τὴν</span> <span class='ocrx_word' id='word_1_580' title='bbox 3286 2244 3479 2315; x_wconf 88' lang='grc' dir='ltr'>φύσιν.</span> <span class='ocrx_word' id='word_1_581' title='bbox 3551 2244 3786 2308; x_wconf 77' lang='grc' dir='ltr'>Ἀλλ’ὼς</span> 
     </span>
    </p>
   </div>
   <div class='ocr_carea' id='block_1_83' title="bbox 2217 2334 3785 2407">
    <p class='ocr_par' dir='ltr' id='par_1_83' title="bbox 2217 2334 3785 2407">
     <span class='ocr_line' id='line_1_83' title="bbox 2217 2334 3785 2407; baseline 0.002 -19"><span class='ocrx_word' id='word_1_582' title='bbox 2217 2336 2388 2402; x_wconf 76' lang='grc' dir='ltr'>ἔοικε,</span> <span class='ocrx_word' id='word_1_583' title='bbox 2422 2335 2485 2389; x_wconf 80' lang='grc' dir='ltr'>τὸ</span> <span class='ocrx_word' id='word_1_584' title='bbox 2522 2334 2684 2405; x_wconf 89' lang='grc' dir='ltr'>φύσει</span> <span class='ocrx_word' id='word_1_585' title='bbox 2724 2336 2895 2390; x_wconf 84' lang='grc' dir='ltr'>κακὸν</span> <span class='ocrx_word' id='word_1_586' title='bbox 2946 2336 3023 2402; x_wconf 82' lang='grc' dir='ltr'><strong>ὡς</strong></span> <span class='ocrx_word' id='word_1_587' title='bbox 3066 2338 3260 2405; x_wconf 76' lang='grc' dir='ltr'>εἰπεῖν,</span> <span class='ocrx_word' id='word_1_588' title='bbox 3294 2338 3395 2391; x_wconf 72' lang='grc' dir='ltr'>καὶ</span> <span class='ocrx_word' id='word_1_589' title='bbox 3438 2340 3513 2393; x_wconf 70' lang='grc' dir='ltr'><strong>τά.</strong></span> <span class='ocrx_word' id='word_1_590' title='bbox 3541 2338 3640 2407; x_wconf 86' lang='grc' dir='ltr'><strong>τῆς</strong></span> <span class='ocrx_word' id='word_1_591' title='bbox 3682 2338 3785 2391; x_wconf 84' lang='grc' dir='ltr'>δια-</span> 
     </span>
    </p>
   </div>
   <div class='ocr_carea' id='block_1_84' title="bbox 2222 2428 3787 2501">
    <p class='ocr_par' dir='ltr' id='par_1_84' title="bbox 2222 2428 3787 2501">
     <span class='ocr_line' id='line_1_84' title="bbox 2222 2428 3787 2501; baseline -0.001 -18"><span class='ocrx_word' id='word_1_592' title='bbox 2222 2430 2373 2490; x_wconf 89' lang='grc' dir='ltr'>νοίας</span> <span class='ocrx_word' id='word_1_593' title='bbox 2430 2428 2581 2493; x_wconf 71' lang='grc' dir='ltr'>ἅπαξ</span> <span class='ocrx_word' id='word_1_594' title='bbox 2636 2429 2832 2501; x_wconf 86' lang='grc' dir='ltr'>καίρια</span> <span class='ocrx_word' id='word_1_595' title='bbox 2886 2431 3178 2498; x_wconf 81' lang='grc' dir='ltr'>νενοσηκὸς</span> <span class='ocrx_word' id='word_1_596' title='bbox 3211 2431 3306 2484; x_wconf 60' lang='grc' dir='ltr'><strong>καὶ⁸</strong></span> <span class='ocrx_word' id='word_1_597' title='bbox 3334 2429 3444 2485; x_wconf 81' lang='grc' dir='ltr'><strong>τῶν</strong></span> <span class='ocrx_word' id='word_1_598' title='bbox 3487 2430 3649 2484; x_wconf 89' lang='grc' dir='ltr'>θείων</span> <span class='ocrx_word' id='word_1_599' title='bbox 3679 2431 3787 2482; x_wconf 73' lang='grc' dir='ltr'>ἐπι-</span> 
     </span>
    </p>
   </div>
   <div class='ocr_carea' id='block_1_85' title="bbox 2220 2518 3788 2593">
    <p class='ocr_par' dir='ltr' id='par_1_85' title="bbox 2220 2518 3788 2593">
     <span class='ocr_line' id='line_1_85' title="bbox 2220 2518 3788 2593; baseline -0.002 -19"><span class='ocrx_word' id='word_1_600' title='bbox 2220 2520 2447 2590; x_wconf 85' lang='grc' dir='ltr'>σφαλῶς</span> <span class='ocrx_word' id='word_1_601' title='bbox 2481 2520 2809 2591; x_wconf 73' lang='grc' dir='ltr'>ἀπερρωγὸς</span> <span class='ocrx_word' id='word_1_602' title='bbox 2842 2518 2932 2574; x_wconf 80' lang='grc' dir='ltr'><strong>διὰ</strong></span> <span class='ocrx_word' id='word_1_603' title='bbox 2953 2519 3129 2574; x_wconf 86' lang='grc' dir='ltr'>ταῦτα</span> <span class='ocrx_word' id='word_1_604' title='bbox 3157 2520 3470 2591; x_wconf 83' lang='grc' dir='ltr'>δογμάτων,</span> <span class='ocrx_word' id='word_1_605' title='bbox 3501 2522 3674 2593; x_wconf 74' lang='grc' dir='ltr'>χρόνῳ</span> <span class='ocrx_word' id='word_1_606' title='bbox 3700 2520 3788 2591; x_wconf 79' lang='grc' dir='ltr'>τὴν</span> 
     </span>
    </p>
   </div>
   <div class='ocr_carea' id='block_1_86' title="bbox 2216 2603 3788 2688">
    <p class='ocr_par' dir='ltr' id='par_1_86' title="bbox 2216 2603 3788 2688">
     <span class='ocr_line' id='line_1_86' title="bbox 2216 2603 3788 2688; baseline 0.003 -23"><span class='ocrx_word' id='word_1_607' title='bbox 2216 2612 2335 2677; x_wconf 78' lang='grc' dir='ltr'>ἐξιν</span> <span class='ocrx_word' id='word_1_608' title='bbox 2365 2612 2467 2666; x_wconf 88' lang='grc' dir='ltr'><strong>ούκ</strong></span> <span class='ocrx_word' id='word_1_609' title='bbox 2513 2616 2579 2671; x_wconf 81' lang='grc' dir='ltr'><strong>ἀν</strong></span> <span class='ocrx_word' id='word_1_610' title='bbox 2614 2617 2736 2670; x_wconf 81' lang='grc' dir='ltr'>ποτ’</span> <span class='ocrx_word' id='word_1_611' title='bbox 2766 2603 3176 2684; x_wconf 68' lang='grc' dir='ltr'>ἀποτρίψασθαι</span> <span class='ocrx_word' id='word_1_612' title='bbox 3209 2614 3450 2680; x_wconf 85' lang='grc' dir='ltr'>δύναιτο,</span> <span class='ocrx_word' id='word_1_613' title='bbox 3489 2617 3574 2670; x_wconf 81' lang='grc' dir='ltr'>ὅτι</span> <span class='ocrx_word' id='word_1_614' title='bbox 3603 2615 3679 2688; x_wconf 83' lang='grc' dir='ltr'>μὴ</span> <span class='ocrx_word' id='word_1_615' title='bbox 3705 2615 3788 2669; x_wconf 76' lang='grc' dir='ltr'>καὶ</span> 
     </span>
    </p>
   </div>
   <div class='ocr_carea' id='block_1_87' title="bbox 2220 2706 3789 2780">
    <p class='ocr_par' dir='ltr' id='par_1_87' title="bbox 2220 2706 3789 2780">
     <span class='ocr_line' id='line_1_87' title="bbox 2220 2706 3789 2780; baseline 0.001 -21"><span class='ocrx_word' id='word_1_616' title='bbox 2220 2706 2320 2776; x_wconf 81' lang='grc' dir='ltr'>τὴν</span> <span class='ocrx_word' id='word_1_617' title='bbox 2355 2706 2467 2762; x_wconf 74' lang='grc' dir='ltr'>ἐσθ’</span> <span class='ocrx_word' id='word_1_618' title='bbox 2502 2708 2594 2763; x_wconf 86' lang='grc' dir='ltr'>ὅτε</span> <span class='ocrx_word' id='word_1_619' title='bbox 2644 2708 2741 2762; x_wconf 88' lang='grc' dir='ltr'><strong>τοῦ</strong></span> <span class='ocrx_word' id='word_1_620' title='bbox 2793 2706 2964 2761; x_wconf 84' lang='grc' dir='ltr'>καλοῦ</span> <span class='ocrx_word' id='word_1_621' title='bbox 2998 2706 3366 2779; x_wconf 75' lang='grc' dir='ltr'>προσποίησιν</span> <span class='ocrx_word' id='word_1_622' title='bbox 3396 2710 3633 2780; x_wconf 72' lang='grc' dir='ltr'>τάχιστα</span> <span class='ocrx_word' id='word_1_623' title='bbox 3667 2711 3789 2762; x_wconf 78' lang='grc' dir='ltr'>ἀπο-</span> 
     </span>
    </p>
   </div>
   <div class='ocr_carea' id='block_1_88' title="bbox 2224 2799 3790 2873">
    <p class='ocr_par' dir='ltr' id='par_1_88' title="bbox 2224 2799 3790 2873">
     <span class='ocr_line' id='line_1_88' title="bbox 2224 2799 3790 2873; baseline -0.001 -19"><span class='ocrx_word' id='word_1_624' title='bbox 2224 2801 2457 2870; x_wconf 78' lang='grc' dir='ltr'>σείεται,</span> <span class='ocrx_word' id='word_1_625' title='bbox 2507 2800 2839 2873; x_wconf 83' lang='grc' dir='ltr'>πράγμασιν</span> <span class='ocrx_word' id='word_1_626' title='bbox 2868 2800 3051 2865; x_wconf 89' lang='grc' dir='ltr'>αύτοῖς</span> <span class='ocrx_word' id='word_1_627' title='bbox 3103 2799 3487 2871; x_wconf 85' lang='grc' dir='ltr'>ἐλεγχόμενον,</span> <span class='ocrx_word' id='word_1_628' title='bbox 3520 2801 3790 2871; x_wconf 77' lang='grc' dir='ltr'>παλινδρο-</span> 
     </span>
    </p>
   </div>
   <div class='ocr_carea' id='block_1_89' title="bbox 2223 2892 3788 2968">
    <p class='ocr_par' dir='ltr' id='par_1_89' title="bbox 2223 2892 3788 2968">
     <span class='ocr_line' id='line_1_89' title="bbox 2223 2892 3788 2968; baseline -0.001 -19"><span class='ocrx_word' id='word_1_629' title='bbox 2223 2894 2439 2965; x_wconf 84' lang='grc' dir='ltr'>μούσης</span> <span class='ocrx_word' id='word_1_630' title='bbox 2493 2895 2597 2965; x_wconf 84' lang='grc' dir='ltr'><strong>τῆς</strong></span> <span class='ocrx_word' id='word_1_631' title='bbox 2649 2892 2871 2963; x_wconf 86' lang='grc' dir='ltr'>φύσεως</span> <span class='ocrx_word' id='word_1_632' title='bbox 2926 2893 3027 2948; x_wconf 82' lang='grc' dir='ltr'>καὶ</span> <span class='ocrx_word' id='word_1_633' title='bbox 3074 2894 3575 2968; x_wconf 75' lang='grc' dir='ltr'>ἀναλαμϐανούσης</span> <span class='ocrx_word' id='word_1_634' title='bbox 3606 2896 3670 2950; x_wconf 85' lang='grc' dir='ltr'><strong>ἐκ</strong></span> <span class='ocrx_word' id='word_1_635' title='bbox 3705 2893 3788 2949; x_wconf 89' lang='grc' dir='ltr'><strong>τοῦ</strong></span> 
     </span>
    </p>
   </div>
   <div class='ocr_carea' id='block_1_90' title="bbox 2225 2986 3790 3062">
    <p class='ocr_par' dir='ltr' id='par_1_90' title="bbox 2225 2986 3790 3062">
     <span class='ocr_line' id='line_1_90' title="bbox 2225 2986 3790 3062; baseline 0.003 -21"><span class='ocrx_word' id='word_1_636' title='bbox 2225 2990 2431 3062; x_wconf 80' lang='grc' dir='ltr'>ῥᾴστου</span> <span class='ocrx_word' id='word_1_637' title='bbox 2463 2988 2526 3042; x_wconf 87' lang='grc' dir='ltr'><strong>τδ</strong></span> <span class='ocrx_word' id='word_1_638' title='bbox 2558 2988 2809 3059; x_wconf 83' lang='grc' dir='ltr'>γνήσιον.</span> <span class='ocrx_word' id='word_1_639' title='bbox 2851 2988 2963 3042; x_wconf 78' lang='grc' dir='ltr'><strong>Καὶ</strong></span> <span class='ocrx_word' id='word_1_640' title='bbox 3000 2986 3063 3042; x_wconf 89' lang='grc' dir='ltr'><strong>σύ</strong></span> <span class='ocrx_word' id='word_1_641' title='bbox 3101 3005 3167 3057; x_wconf 82' lang='grc' dir='ltr'><strong>γε</strong></span> <span class='ocrx_word' id='word_1_642' title='bbox 3199 2989 3310 3060; x_wconf 73' lang='grc' dir='ltr'>μὴν</span> <span class='ocrx_word' id='word_1_643' title='bbox 3341 2990 3401 3044; x_wconf 87' lang='grc' dir='ltr'><strong>ἐν</strong></span> <span class='ocrx_word' id='word_1_644' title='bbox 3428 2990 3533 3060; x_wconf 87' lang='grc' dir='ltr'>μὲν</span> <span class='ocrx_word' id='word_1_645' title='bbox 3565 2990 3640 3058; x_wconf 82' lang='grc' dir='ltr'>τῷ</span> <span class='ocrx_word' id='word_1_646' title='bbox 3668 3008 3790 3062; x_wconf 84' lang='grc' dir='ltr'>γρα-</span> 
     </span>
    </p>
   </div>
   <div class='ocr_carea' id='block_1_91' title="bbox 2228 3081 3891 3156">
    <p class='ocr_par' dir='ltr' id='par_1_91' title="bbox 2228 3081 3891 3156">
     <span class='ocr_line' id='line_1_91' title="bbox 2228 3081 3891 3156; baseline 0.001 -21"><span class='ocrx_word' id='word_1_647' title='bbox 2228 3082 2395 3155; x_wconf 76' lang='grc' dir='ltr'>φικὰς</span> <span class='ocrx_word' id='word_1_648' title='bbox 2422 3081 2733 3153; x_wconf 83' lang='grc' dir='ltr'>μαρτυρίας</span> <span class='ocrx_word' id='word_1_649' title='bbox 2758 3081 3179 3151; x_wconf 85' lang='grc' dir='ltr'>προσποιεῖσθαι</span> <span class='ocrx_word' id='word_1_650' title='bbox 3207 3082 3481 3154; x_wconf 78' lang='grc' dir='ltr'>κομίζειν,</span> <span class='ocrx_word' id='word_1_651' title='bbox 3513 3086 3613 3156; x_wconf 86' lang='grc' dir='ltr'><strong>ούχ</strong></span> <span class='ocrx_word' id='word_1_652' title='bbox 3638 3084 3791 3153; x_wconf 81' lang='grc' dir='ltr'>ὑγιῶς</span> <span class='ocrx_word' id='word_1_653' title='bbox 3886 3098 3891 3103; x_wconf 84' lang='lat'>&#39;</span> 
     </span>
    </p>
   </div>
   <div class='ocr_carea' id='block_1_92' title="bbox 2225 3174 3792 3247">
    <p class='ocr_par' dir='ltr' id='par_1_92' title="bbox 2225 3174 3792 3247">
     <span class='ocr_line' id='line_1_92' title="bbox 2225 3174 3792 3247; baseline 0 -17"><span class='ocrx_word' id='word_1_654' title='bbox 2225 3176 2272 3231; x_wconf 79' lang='grc' dir='ltr'>δ’</span> <span class='ocrx_word' id='word_1_655' title='bbox 2301 3175 2417 3244; x_wconf 87' lang='grc' dir='ltr'>οῦν,</span> <span class='ocrx_word' id='word_1_656' title='bbox 2446 3176 2547 3247; x_wconf 86' lang='grc' dir='ltr'>τὴν</span> <span class='ocrx_word' id='word_1_657' title='bbox 2597 3175 2760 3240; x_wconf 83' lang='grc' dir='ltr'>αὐτὸς</span> <span class='ocrx_word' id='word_1_658' title='bbox 2794 3174 2992 3230; x_wconf 81' lang='grc' dir='ltr'>σαυτοῦ</span> <span class='ocrx_word' id='word_1_659' title='bbox 3032 3192 3095 3246; x_wconf 84' lang='grc' dir='ltr'><strong>γε</strong></span> <span class='ocrx_word' id='word_1_660' title='bbox 3130 3176 3375 3246; x_wconf 80' lang='grc' dir='ltr'>ἀμαθίαν</span> <span class='ocrx_word' id='word_1_661' title='bbox 3409 3178 3558 3233; x_wconf 79' lang='grc' dir='ltr'>ἐκὼν</span> <span class='ocrx_word' id='word_1_662' title='bbox 3587 3178 3792 3245; x_wconf 77' lang='grc' dir='ltr'>ἐξελέγ-</span> 
     </span>
    </p>
   </div>
   <div class='ocr_carea' id='block_1_93' title="bbox 2226 3267 3790 3342">
    <p class='ocr_par' dir='ltr' id='par_1_93' title="bbox 2226 3267 3790 3342">
     <span class='ocr_line' id='line_1_93' title="bbox 2226 3267 3790 3342; baseline 0.001 -21"><span class='ocrx_word' id='word_1_663' title='bbox 2226 3286 2369 3342; x_wconf 88' lang='grc' dir='ltr'>χεις,</span> <span class='ocrx_word' id='word_1_664' title='bbox 2422 3270 2484 3323; x_wconf 84' lang='grc' dir='ltr'><strong>ἐν</strong></span> <span class='ocrx_word' id='word_1_665' title='bbox 2536 3268 2595 3321; x_wconf 80' lang='grc' dir='ltr'><strong>δέ</strong></span> <span class='ocrx_word' id='word_1_666' title='bbox 2632 3267 2712 3338; x_wconf 82' lang='grc' dir='ltr'>τῷ</span> <span class='ocrx_word' id='word_1_667' title='bbox 2772 3268 2868 3322; x_wconf 75' lang='grc' dir='ltr'>καὶ</span> <span class='ocrx_word' id='word_1_668' title='bbox 2908 3268 3045 3338; x_wconf 69' lang='grc' dir='ltr'>πρὸς</span> <span class='ocrx_word' id='word_1_669' title='bbox 3100 3267 3388 3338; x_wconf 75' lang='grc' dir='ltr'>ἐπισφαλῆ</span> <span class='ocrx_word' id='word_1_670' title='bbox 3439 3271 3543 3325; x_wconf 80' lang='grc' dir='ltr'>καὶ</span> <span class='ocrx_word' id='word_1_671' title='bbox 3570 3269 3790 3337; x_wconf 74' lang='grc' dir='ltr'>δυσσεϐῆ</span> 
     </span>
    </p>
   </div>
   <div class='ocr_carea' id='block_1_94' title="bbox 2225 3358 3791 3432">
    <p class='ocr_par' dir='ltr' id='par_1_94' title="bbox 2225 3358 3791 3432">
     <span class='ocr_line' id='line_1_94' title="bbox 2225 3358 3791 3432; baseline -0.001 -16"><span class='ocrx_word' id='word_1_672' title='bbox 2225 3362 2469 3417; x_wconf 85' lang='grc' dir='ltr'>διάνοιαν</span> <span class='ocrx_word' id='word_1_673' title='bbox 2499 3360 2674 3423; x_wconf 83' lang='grc' dir='ltr'>αὐτὰς</span> <span class='ocrx_word' id='word_1_674' title='bbox 2702 3358 3059 3430; x_wconf 77' lang='grc' dir='ltr'>διαστρέφειν</span> <span class='ocrx_word' id='word_1_675' title='bbox 3089 3359 3189 3432; x_wconf 78' lang='grc' dir='ltr'>τὴν</span> <span class='ocrx_word' id='word_1_676' title='bbox 3224 3362 3436 3415; x_wconf 77' lang='grc' dir='ltr'>οἰκείαν</span> <span class='ocrx_word' id='word_1_677' title='bbox 3469 3362 3554 3416; x_wconf 78' lang='grc' dir='ltr'>ἔτι</span> <span class='ocrx_word' id='word_1_678' title='bbox 3589 3362 3791 3431; x_wconf 74' lang='grc' dir='ltr'>θεατρίσ</span> 
     </span>
    </p>
   </div>
   <div class='ocr_carea' id='block_1_95' title="bbox 2228 3455 3793 3529">
    <p class='ocr_par' dir='ltr' id='par_1_95' title="bbox 2228 3455 3793 3529">
     <span class='ocr_line' id='line_1_95' title="bbox 2228 3455 3793 3529; baseline 0 -21"><span class='ocrx_word' id='word_1_679' title='bbox 2228 3456 2343 3521; x_wconf 85' lang='grc' dir='ltr'>ζεις</span> <span class='ocrx_word' id='word_1_680' title='bbox 2399 3455 2717 3512; x_wconf 82' lang='grc' dir='ltr'>κακόνοιαν.</span> <span class='ocrx_word' id='word_1_681' title='bbox 2773 3455 2974 3509; x_wconf 77' lang='grc' dir='ltr'>Οὐκέτι</span> <span class='ocrx_word' id='word_1_682' title='bbox 3030 3457 3140 3529; x_wconf 89' lang='grc' dir='ltr'>γὰρ</span> <span class='ocrx_word' id='word_1_683' title='bbox 3175 3456 3512 3526; x_wconf 80' lang='grc' dir='ltr'>ἀνέλεγκτον</span> <span class='ocrx_word' id='word_1_684' title='bbox 3559 3461 3617 3517; x_wconf 78' lang='grc' dir='ltr'><strong>ἐς</strong></span> <span class='ocrx_word' id='word_1_685' title='bbox 3646 3457 3710 3510; x_wconf 83' lang='grc' dir='ltr'><strong>τά</strong></span> <span class='ocrx_word' id='word_1_686' title='bbox 3738 3472 3793 3522; x_wconf 86' lang='grc' dir='ltr'><strong>γε</strong></span> 
     </span>
    </p>
   </div>
   <div class='ocr_carea' id='block_1_96' title="bbox 2227 3548 3794 3619">
    <p class='ocr_par' dir='ltr' id='par_1_96' title="bbox 2227 3548 3794 3619">
     <span class='ocr_line' id='line_1_96' title="bbox 2227 3548 3794 3619; baseline -0.002 -15"><span class='ocrx_word' id='word_1_687' title='bbox 2227 3548 2329 3619; x_wconf 86' lang='grc' dir='ltr'><strong>τῆς</strong></span> <span class='ocrx_word' id='word_1_688' title='bbox 2366 3549 2548 3618; x_wconf 75' lang='grc' dir='ltr'>ψυχῆς</span> <span class='ocrx_word' id='word_1_689' title='bbox 2582 3549 2867 3619; x_wconf 88' lang='grc' dir='ltr'>μυστήρια</span> <span class='ocrx_word' id='word_1_690' title='bbox 2916 3550 3278 3619; x_wconf 80' lang='grc' dir='ltr'>καθευδήσειν</span> <span class='ocrx_word' id='word_1_691' title='bbox 3308 3550 3591 3613; x_wconf 76' lang='grc' dir='ltr'>ἐλπίζεται</span> <span class='ocrx_word' id='word_1_692' title='bbox 3619 3552 3679 3601; x_wconf 84' lang='grc' dir='ltr'>τὸ</span> <span class='ocrx_word' id='word_1_693' title='bbox 3708 3549 3794 3615; x_wconf 78' lang='grc' dir='ltr'><strong>τῆς</strong></span> 
     </span>
    </p>
   </div>
   <div class='ocr_carea' id='block_1_97' title="bbox 2233 3638 3798 3713">
    <p class='ocr_par' dir='ltr' id='par_1_97' title="bbox 2233 3638 3798 3713">
     <span class='ocr_line' id='line_1_97' title="bbox 2233 3638 3798 3713; baseline -0.001 -19"><span class='ocrx_word' id='word_1_694' title='bbox 2233 3640 2440 3704; x_wconf 85' lang='grc' dir='ltr'>κακίας</span> <span class='ocrx_word' id='word_1_695' title='bbox 2473 3640 2793 3711; x_wconf 83' lang='grc' dir='ltr'>ἀπόρρητον</span> <span class='ocrx_word' id='word_1_696' title='bbox 2827 3638 2981 3709; x_wconf 84' lang='grc' dir='ltr'>ἀγος·</span> <span class='ocrx_word' id='word_1_697' title='bbox 3016 3641 3321 3713; x_wconf 77' lang='grc' dir='ltr'>ἐξερρύηκε</span> <span class='ocrx_word' id='word_1_698' title='bbox 3350 3642 3458 3712; x_wconf 81' lang='grc' dir='ltr'><strong>γὰρ</strong></span> <span class='ocrx_word' id='word_1_699' title='bbox 3502 3644 3599 3695; x_wconf 79' lang='grc' dir='ltr'>καὶ</span> <span class='ocrx_word' id='word_1_700' title='bbox 3627 3642 3798 3696; x_wconf 77' lang='grc' dir='ltr'>διαπε-</span> 
     </span>
    </p>
   </div>
   <div class='ocr_carea' id='block_1_98' title="bbox 2236 3731 3794 3807">
    <p class='ocr_par' dir='ltr' id='par_1_98' title="bbox 2236 3731 3794 3807">
     <span class='ocr_line' id='line_1_98' title="bbox 2236 3731 3794 3807; baseline 0.001 -22"><span class='ocrx_word' id='word_1_701' title='bbox 2236 3733 2497 3803; x_wconf 88' lang='grc' dir='ltr'>φοίτηκεν</span> <span class='ocrx_word' id='word_1_702' title='bbox 2555 3733 2615 3794; x_wconf 79' lang='grc' dir='ltr'><strong>ἐς</strong></span> <span class='ocrx_word' id='word_1_703' title='bbox 2645 3732 2799 3801; x_wconf 81' lang='grc' dir='ltr'>ἡλίου</span> <span class='ocrx_word' id='word_1_704' title='bbox 2833 3731 3006 3800; x_wconf 86' lang='grc' dir='ltr'>αύγάς</span> <span class='ocrx_word' id='word_1_705' title='bbox 3040 3733 3135 3786; x_wconf 77' lang='grc' dir='ltr'>καὶ</span> <span class='ocrx_word' id='word_1_706' title='bbox 3167 3734 3282 3803; x_wconf 75' lang='grc' dir='ltr'>ἅμα</span> <span class='ocrx_word' id='word_1_707' title='bbox 3334 3735 3391 3796; x_wconf 83' lang='grc' dir='ltr'><strong>ἐς</strong></span> <span class='ocrx_word' id='word_1_708' title='bbox 3424 3736 3682 3807; x_wconf 76' lang='grc' dir='ltr'>μυκτῆρα</span> <span class='ocrx_word' id='word_1_709' title='bbox 3710 3734 3794 3788; x_wconf 78' lang='grc' dir='ltr'>καὶ</span> 
     </span>
    </p>
   </div>
   <div class='ocr_carea' id='block_1_99' title="bbox 2241 3822 3793 3898">
    <p class='ocr_par' dir='ltr' id='par_1_99' title="bbox 2241 3822 3793 3898">
     <span class='ocr_line' id='line_1_99' title="bbox 2241 3822 3793 3898; baseline 0.003 -23"><span class='ocrx_word' id='word_1_710' title='bbox 2241 3823 2445 3895; x_wconf 85' lang='grc' dir='ltr'>χλεύην</span> <span class='ocrx_word' id='word_1_711' title='bbox 2475 3822 2705 3894; x_wconf 89' lang='grc' dir='ltr'>θεάτρου</span> <span class='ocrx_word' id='word_1_712' title='bbox 2738 3826 2943 3895; x_wconf 74' lang='grc' dir='ltr'>μεστὴν</span> <span class='ocrx_word' id='word_1_713' title='bbox 2974 3824 3241 3894; x_wconf 81' lang='grc' dir='ltr'>κωμικοῦ.</span> <span class='ocrx_word' id='word_1_714' title='bbox 3275 3826 3384 3878; x_wconf 72' lang='grc' dir='ltr'><strong>Καὶ</strong></span> <span class='ocrx_word' id='word_1_715' title='bbox 3418 3828 3487 3897; x_wconf 84' lang='grc' dir='ltr'>ἣν</span> <span class='ocrx_word' id='word_1_716' title='bbox 3523 3828 3624 3898; x_wconf 83' lang='grc' dir='ltr'>μὲν</span> <span class='ocrx_word' id='word_1_717' title='bbox 3657 3828 3793 3880; x_wconf 76' lang='grc' dir='ltr'>ἐδὶωσι</span> 
     </span>
    </p>
   </div>
   <div class='ocr_carea' id='block_1_100' title="bbox 2238 3915 3791 3989">
    <p class='ocr_par' dir='ltr' id='par_1_100' title="bbox 2238 3915 3791 3989">
     <span class='ocr_line' id='line_1_100' title="bbox 2238 3915 3791 3989; baseline 0.003 -20"><span class='ocrx_word' id='word_1_718' title='bbox 2238 3932 2332 3980; x_wconf 83' lang='grc' dir='ltr'><strong>κες</strong></span> <span class='ocrx_word' id='word_1_719' title='bbox 2391 3915 2751 3980; x_wconf 82' lang='grc' dir='ltr'>ἀπολώλεκας</span> <span class='ocrx_word' id='word_1_720' title='bbox 2804 3917 2962 3985; x_wconf 77' lang='grc' dir='ltr'>δόξαν</span> <span class='ocrx_word' id='word_1_721' title='bbox 2998 3918 3136 3988; x_wconf 82' lang='grc' dir='ltr'>πρὸς</span> <span class='ocrx_word' id='word_1_722' title='bbox 3182 3918 3403 3983; x_wconf 78' lang='grc' dir='ltr'>ἀδοξίαν</span> <span class='ocrx_word' id='word_1_723' title='bbox 3439 3919 3791 3989; x_wconf 61' lang='grc' dir='ltr'>μετενεγκών</span> 
     </span>
    </p>
   </div>
   <div class='ocr_carea' id='block_1_101' title="bbox 2234 4008 3792 4084">
    <p class='ocr_par' dir='ltr' id='par_1_101' title="bbox 2234 4008 3792 4084">
     <span class='ocr_line' id='line_1_101' title="bbox 2234 4008 3792 4084; baseline 0.001 -20"><span class='ocrx_word' id='word_1_724' title='bbox 2234 4011 2298 4081; x_wconf 74' lang='grc' dir='ltr'>ἢν</span> <span class='ocrx_word' id='word_1_725' title='bbox 2319 4009 2365 4063; x_wconf 87' lang='grc' dir='ltr'>δ’</span> <span class='ocrx_word' id='word_1_726' title='bbox 2387 4008 2695 4071; x_wconf 84' lang='grc' dir='ltr'>ἐκάλυπτες</span> <span class='ocrx_word' id='word_1_727' title='bbox 2724 4009 2991 4081; x_wconf 81' lang='grc' dir='ltr'>αἰσχύνην</span> <span class='ocrx_word' id='word_1_728' title='bbox 3017 4011 3182 4073; x_wconf 78' lang='grc' dir='ltr'>αὐτὸς</span> <span class='ocrx_word' id='word_1_729' title='bbox 3220 4010 3445 4075; x_wconf 85' lang='grc' dir='ltr'>σαυτοῦ,</span> <span class='ocrx_word' id='word_1_730' title='bbox 3482 4012 3681 4084; x_wconf 87' lang='grc' dir='ltr'>ταύτης</span> <span class='ocrx_word' id='word_1_731' title='bbox 3706 4013 3792 4083; x_wconf 68' lang='grc' dir='ltr'>ἤδη</span> 
     </span>
    </p>
   </div>
   <div class='ocr_carea' id='block_1_102' title="bbox 2228 4100 3794 4173">
    <p class='ocr_par' dir='ltr' id='par_1_102' title="bbox 2228 4100 3794 4173">
     <span class='ocr_line' id='line_1_102' title="bbox 2228 4100 3794 4173; baseline 0.001 -19"><span class='ocrx_word' id='word_1_732' title='bbox 2228 4100 2300 4155; x_wconf 82' lang='grc' dir='ltr'><strong>τά</strong></span> <span class='ocrx_word' id='word_1_733' title='bbox 2340 4101 2813 4173; x_wconf 81' lang='grc' dir='ltr'>ἀνακαλυπτήρια</span> <span class='ocrx_word' id='word_1_734' title='bbox 2843 4102 2987 4157; x_wconf 89' lang='grc' dir='ltr'>θύων</span> <span class='ocrx_word' id='word_1_735' title='bbox 3019 4102 3214 4172; x_wconf 81' lang='grc' dir='ltr'>ὥσπερ</span> <span class='ocrx_word' id='word_1_736' title='bbox 3249 4102 3309 4156; x_wconf 82' lang='grc' dir='ltr'>ὲν</span> <span class='ocrx_word' id='word_1_737' title='bbox 3338 4104 3639 4158; x_wconf 86' lang='grc' dir='ltr'>Διονυσίων</span> <span class='ocrx_word' id='word_1_738' title='bbox 3669 4122 3794 4169; x_wconf 77' lang='grc' dir='ltr'>πομν</span> 
     </span>
    </p>
   </div>
   <div class='ocr_carea' id='block_1_103' title="bbox 2230 4193 2782 4268">
    <p class='ocr_par' dir='ltr' id='par_1_103' title="bbox 2230 4193 2782 4268">
     <span class='ocr_line' id='line_1_103' title="bbox 2230 4193 2782 4268; baseline 0.007 -21"><span class='ocrx_word' id='word_1_739' title='bbox 2230 4194 2366 4257; x_wconf 84' lang='grc' dir='ltr'>παῖς</span> <span class='ocrx_word' id='word_1_740' title='bbox 2394 4193 2498 4247; x_wconf 85' lang='grc' dir='ltr'><strong>ούκ</strong></span> <span class='ocrx_word' id='word_1_741' title='bbox 2525 4194 2782 4268; x_wconf 76' lang='grc' dir='ltr'>αἰσθάνῃ.</span> 
     </span>
    </p>
   </div>
   <div class='ocr_carea' id='block_1_104' title="bbox 2308 4284 3797 4363">
    <p class='ocr_par' dir='ltr' id='par_1_104' title="bbox 2308 4284 3797 4363">
     <span class='ocr_line' id='line_1_104' title="bbox 2308 4284 3797 4363; baseline 0.003 -23"><span class='ocrx_word' id='word_1_742' title='bbox 2308 4284 2432 4354; x_wconf 69' lang='grc' dir='ltr'>ις’.</span> <span class='ocrx_word' id='word_1_743' title='bbox 2473 4286 2533 4341; x_wconf 79' lang='lat'><strong>&#39;0</strong></span> <span class='ocrx_word' id='word_1_744' title='bbox 2566 4287 2625 4341; x_wconf 81' lang='grc' dir='ltr'>δὲ</span> <span class='ocrx_word' id='word_1_745' title='bbox 2676 4287 2947 4359; x_wconf 82' lang='grc' dir='ltr'>Παλαμᾶς</span> <span class='ocrx_word' id='word_1_746' title='bbox 2989 4289 3143 4344; x_wconf 79' lang='grc' dir='ltr'>οὐδὲν</span> <span class='ocrx_word' id='word_1_747' title='bbox 3195 4293 3331 4362; x_wconf 73' lang='grc' dir='ltr'>πρὸς</span> <span class='ocrx_word' id='word_1_748' title='bbox 3380 4294 3561 4350; x_wconf 86' lang='grc' dir='ltr'>ταῦτα</span> <span class='ocrx_word' id='word_1_749' title='bbox 3586 4296 3797 4363; x_wconf 62' lang='grc' dir='ltr'>ἀποκριδ-</span> 
     </span>
    </p>
   </div>
   <div class='ocr_carea' id='block_1_105' title="bbox 2235 4378 3792 4455">
    <p class='ocr_par' dir='ltr' id='par_1_105' title="bbox 2235 4378 3792 4455">
     <span class='ocr_line' id='line_1_105' title="bbox 2235 4378 3792 4455; baseline 0.006 -24"><span class='ocrx_word' id='word_1_750' title='bbox 2235 4378 2478 4448; x_wconf 87' lang='grc' dir='ltr'>νάμενος</span> <span class='ocrx_word' id='word_1_751' title='bbox 2530 4379 2735 4451; x_wconf 74' lang='grc' dir='ltr'>ἑτέραν</span> <span class='ocrx_word' id='word_1_752' title='bbox 2763 4380 3005 4445; x_wconf 77' lang='grc' dir='ltr'>ἐϐάδισε,</span> <span class='ocrx_word' id='word_1_753' title='bbox 3045 4382 3208 4438; x_wconf 88' lang='grc' dir='ltr'>τοῦτο</span> <span class='ocrx_word' id='word_1_754' title='bbox 3233 4384 3300 4455; x_wconf 84' lang='grc' dir='ltr'>δὴ</span> <span class='ocrx_word' id='word_1_755' title='bbox 3329 4387 3389 4439; x_wconf 77' lang='grc' dir='ltr'>τὸ</span> <span class='ocrx_word' id='word_1_756' title='bbox 3420 4387 3612 4449; x_wconf 68' lang='lat' dir='ltr'><strong>simile;</strong></span> <span class='ocrx_word' id='word_1_757' title='bbox 3640 4386 3792 4453; x_wconf 82' lang='grc' dir='ltr'>αὐτῷ.</span> 
     </span>
    </p>
   </div>
   <div class='ocr_carea' id='block_1_106' title="bbox 2164 4464 3795 4547">
    <p class='ocr_par' dir='ltr' id='par_1_106' title="bbox 2164 4464 3795 4547">
     <span class='ocr_line' id='line_1_106' title="bbox 2164 4464 3795 4547; baseline 0.006 -26"><span class='ocrx_word' id='word_1_758' title='bbox 2164 4473 2209 4528; x_wconf 87' lang='lat' dir='ltr'><strong>D</strong></span> <span class='ocrx_word' id='word_1_759' title='bbox 2242 4487 2261 4522; x_wconf 76' lang='grc' dir='ltr'><strong>ι</strong></span> <span class='ocrx_word' id='word_1_760' title='bbox 2294 4464 2433 4523; x_wconf 73' lang='grc' dir='ltr'>Εἶτα</span> <span class='ocrx_word' id='word_1_761' title='bbox 2463 4470 2564 4540; x_wconf 82' lang='grc' dir='ltr'>ούχ</span> <span class='ocrx_word' id='word_1_762' title='bbox 2597 4474 2626 4525; x_wconf 89' lang='grc' dir='ltr'>ὁ</span> <span class='ocrx_word' id='word_1_763' title='bbox 2665 4473 2860 4542; x_wconf 82' lang='grc' dir='ltr'>μέγας,</span> <span class='ocrx_word' id='word_1_764' title='bbox 2905 4479 3061 4545; x_wconf 81' lang='grc' dir='ltr'>φησὶ,</span> <span class='ocrx_word' id='word_1_765' title='bbox 3100 4476 3385 4541; x_wconf 88' lang='grc' dir='ltr'>Βασίλειος</span> <span class='ocrx_word' id='word_1_766' title='bbox 3431 4481 3496 4533; x_wconf 84' lang='grc' dir='ltr'><strong>ἐκ</strong></span> <span class='ocrx_word' id='word_1_767' title='bbox 3525 4481 3633 4535; x_wconf 86' lang='grc' dir='ltr'>τῶν</span> <span class='ocrx_word' id='word_1_768' title='bbox 3660 4481 3795 4547; x_wconf 75' lang='grc' dir='ltr'>ἐνερο</span> 
     </span>
    </p>
   </div>
   <div class='ocr_carea' id='block_1_107' title="bbox 2236 4561 3790 4641">
    <p class='ocr_par' dir='ltr' id='par_1_107' title="bbox 2236 4561 3790 4641">
     <span class='ocr_line' id='line_1_107' title="bbox 2236 4561 3790 4641; baseline 0.005 -27"><span class='ocrx_word' id='word_1_769' title='bbox 2236 4561 2405 4631; x_wconf 88' lang='grc' dir='ltr'>γειῶν</span> <span class='ocrx_word' id='word_1_770' title='bbox 2456 4564 2553 4616; x_wconf 86' lang='grc' dir='ltr'><strong>τοῦ</strong></span> <span class='ocrx_word' id='word_1_771' title='bbox 2606 4565 2744 4618; x_wconf 83' lang='grc' dir='ltr'>Θεοῦ</span> <span class='ocrx_word' id='word_1_772' title='bbox 2775 4568 2978 4636; x_wconf 83' lang='grc' dir='ltr'>φάσκει</span> <span class='ocrx_word' id='word_1_773' title='bbox 3018 4570 3311 4639; x_wconf 80' lang='grc' dir='ltr'>γνωρίζειν</span> <span class='ocrx_word' id='word_1_774' title='bbox 3338 4572 3487 4641; x_wconf 80' lang='grc' dir='ltr'>ἡμᾶς</span> <span class='ocrx_word' id='word_1_775' title='bbox 3518 4573 3610 4626; x_wconf 76' lang='grc' dir='ltr'>τὸν</span> <span class='ocrx_word' id='word_1_776' title='bbox 3637 4572 3790 4634; x_wconf 80' lang='grc' dir='ltr'><strong>Θεόν;</strong></span> 
     </span>
    </p>
   </div>
   <div class='ocr_carea' id='block_1_108' title="bbox 2234 4651 3795 4731">
    <p class='ocr_par' dir='ltr' id='par_1_108' title="bbox 2234 4651 3795 4731">
     <span class='ocr_line' id='line_1_108' title="bbox 2234 4651 3795 4731; baseline 0.003 -25"><span class='ocrx_word' id='word_1_777' title='bbox 2234 4651 2303 4706; x_wconf 76' lang='grc' dir='ltr'>Δί</span> <span class='ocrx_word' id='word_1_778' title='bbox 2335 4652 2444 4723; x_wconf 84' lang='grc' dir='ltr'>γὰρ</span> <span class='ocrx_word' id='word_1_779' title='bbox 2476 4654 2757 4724; x_wconf 76' lang='grc' dir='ltr'>ἐνέργειαι</span> <span class='ocrx_word' id='word_1_780' title='bbox 2787 4656 2976 4721; x_wconf 76' lang='grc' dir='ltr'>αὑτοῦ,</span> <span class='ocrx_word' id='word_1_781' title='bbox 3015 4660 3171 4728; x_wconf 83' lang='grc' dir='ltr'>φησὶ,</span> <span class='ocrx_word' id='word_1_782' title='bbox 3202 4660 3338 4731; x_wconf 78' lang='grc' dir='ltr'>πρὸς</span> <span class='ocrx_word' id='word_1_783' title='bbox 3370 4661 3522 4729; x_wconf 81' lang='grc' dir='ltr'>ημᾶς</span> <span class='ocrx_word' id='word_1_784' title='bbox 3551 4660 3795 4714; x_wconf 73' lang='grc' dir='ltr'>καταϐαί-</span> 
     </span>
    </p>
   </div>
   <div class='ocr_carea' id='block_1_109' title="bbox 2236 4742 3795 4817">
    <p class='ocr_par' dir='ltr' id='par_1_109' title="bbox 2236 4742 3795 4817">
     <span class='ocr_line' id='line_1_109' title="bbox 2236 4742 3795 4817; baseline 0.005 -25"><span class='ocrx_word' id='word_1_785' title='bbox 2236 4757 2446 4805; x_wconf 83' lang='grc' dir='ltr'>νουσιν,</span> <span class='ocrx_word' id='word_1_786' title='bbox 2499 4742 2533 4811; x_wconf 89' lang='grc' dir='ltr'><strong>ή</strong></span> <span class='ocrx_word' id='word_1_787' title='bbox 2582 4742 2631 4795; x_wconf 82' lang='grc' dir='ltr'>δ’</span> <span class='ocrx_word' id='word_1_788' title='bbox 2663 4743 2820 4798; x_wconf 80' lang='grc' dir='ltr'>οὐσία</span> <span class='ocrx_word' id='word_1_789' title='bbox 2851 4744 3016 4799; x_wconf 79' lang='grc' dir='ltr'>αὑτοῦ</span> <span class='ocrx_word' id='word_1_790' title='bbox 3047 4748 3201 4815; x_wconf 85' lang='grc' dir='ltr'>μένει</span> <span class='ocrx_word' id='word_1_791' title='bbox 3248 4751 3566 4817; x_wconf 84' lang='grc' dir='ltr'>ἀπρόσιτος.</span> <span class='ocrx_word' id='word_1_792' title='bbox 3600 4747 3795 4806; x_wconf 79' lang='grc' dir='ltr'>Ταύτας</span> 
     </span>
    </p>
   </div>
   <div class='ocr_carea' id='block_1_110' title="bbox 2235 4828 3794 4905">
    <p class='ocr_par' dir='ltr' id='par_1_110' title="bbox 2235 4828 3794 4905">
     <span class='ocr_line' id='line_1_110' title="bbox 2235 4828 3794 4905; baseline 0.004 -20"><span class='ocrx_word' id='word_1_793' title='bbox 2235 4828 2330 4886; x_wconf 84' lang='grc' dir='ltr'>οὖν</span> <span class='ocrx_word' id='word_1_794' title='bbox 2362 4833 2462 4897; x_wconf 85' lang='grc' dir='ltr'>τὰς</span> <span class='ocrx_word' id='word_1_795' title='bbox 2492 4835 2777 4905; x_wconf 87' lang='grc' dir='ltr'>ἐνεργείας</span> <span class='ocrx_word' id='word_1_796' title='bbox 2804 4835 2917 4905; x_wconf 74' lang='grc' dir='ltr'>ἔχει</span> <span class='ocrx_word' id='word_1_797' title='bbox 2951 4839 2978 4889; x_wconf 85' lang='grc' dir='ltr'>ὁ</span> <span class='ocrx_word' id='word_1_798' title='bbox 3004 4838 3140 4902; x_wconf 79' lang='grc' dir='ltr'>Θεὸς</span> <span class='ocrx_word' id='word_1_799' title='bbox 3163 4838 3321 4903; x_wconf 83' lang='grc' dir='ltr'>ἄλλος</span> <span class='ocrx_word' id='word_1_800' title='bbox 3352 4838 3428 4894; x_wconf 84' lang='grc' dir='ltr'>ὢν</span> <span class='ocrx_word' id='word_1_801' title='bbox 3458 4840 3624 4904; x_wconf 78' lang='grc' dir='ltr'>ἄλλας</span> <span class='ocrx_word' id='word_1_802' title='bbox 3647 4838 3794 4899; x_wconf 75' lang='grc' dir='ltr'>οὔσας</span> 
     </span>
    </p>
   </div>
   <div class='ocr_carea' id='block_1_111' title="bbox 2223 4921 3792 5002">
    <p class='ocr_par' dir='ltr' id='par_1_111' title="bbox 2223 4921 3792 5002">
     <span class='ocr_line' id='line_1_111' title="bbox 2223 4921 3792 5002; baseline 0.001 -24"><span class='ocrx_word' id='word_1_803' title='bbox 2223 4929 2332 4999; x_wconf 36' lang='grc' dir='ltr'>,καὶ</span> <span class='ocrx_word' id='word_1_804' title='bbox 2384 4927 2696 4990; x_wconf 82' lang='grc' dir='ltr'>ἀκτίστους¹</span> <span class='ocrx_word' id='word_1_805' title='bbox 2762 4921 2923 4982; x_wconf 82' lang='grc' dir='ltr'>αῦται</span> <span class='ocrx_word' id='word_1_806' title='bbox 2982 4931 3090 5001; x_wconf 84' lang='grc' dir='ltr'><strong>γάρ</strong></span> <span class='ocrx_word' id='word_1_807' title='bbox 3144 4933 3283 4987; x_wconf 77' lang='grc' dir='ltr'>εἰσιν</span> <span class='ocrx_word' id='word_1_808' title='bbox 3336 4933 3392 4987; x_wconf 74' lang='grc' dir='ltr'>αἱ</span> <span class='ocrx_word' id='word_1_809' title='bbox 3455 4934 3719 5002; x_wconf 85' lang='grc' dir='ltr'>πρόνοιαι,</span> <span class='ocrx_word' id='word_1_810' title='bbox 3746 4931 3792 4983; x_wconf 88' lang='lat' dir='ltr'><strong>ai</strong></span> 
     </span>
    </p>
   </div>
   <div class='ocr_carea' id='block_1_112' title="bbox 2237 5010 3793 5093">
    <p class='ocr_par' dir='ltr' id='par_1_112' title="bbox 2237 5010 3793 5093">
     <span class='ocr_line' id='line_1_112' title="bbox 2237 5010 3793 5093; baseline 0.002 -23"><span class='ocrx_word' id='word_1_811' title='bbox 2237 5010 2483 5088; x_wconf 70' lang='grc' dir='ltr'>πρόοδοι,</span> <span class='ocrx_word' id='word_1_812' title='bbox 2519 5018 2578 5070; x_wconf 82' lang='grc' dir='ltr'>τὸ</span> <span class='ocrx_word' id='word_1_813' title='bbox 2616 5019 2868 5088; x_wconf 77' lang='grc' dir='ltr'>ἄπειρον,</span> <span class='ocrx_word' id='word_1_814' title='bbox 2929 5022 2991 5074; x_wconf 81' lang='grc' dir='ltr'>τὸ</span> <span class='ocrx_word' id='word_1_815' title='bbox 3050 5023 3360 5093; x_wconf 78' lang='grc' dir='ltr'>ἄτρεπτον,</span> <span class='ocrx_word' id='word_1_816' title='bbox 3395 5026 3457 5081; x_wconf 84' lang='grc' dir='ltr'>τὸ</span> <span class='ocrx_word' id='word_1_817' title='bbox 3496 5025 3713 5087; x_wconf 82' lang='grc' dir='ltr'>ἁπλοῦν,</span> <span class='ocrx_word' id='word_1_818' title='bbox 3742 5020 3793 5073; x_wconf 75' lang='grc' dir='ltr'>τὸ</span> 
     </span>
    </p>
   </div>
   <div class='ocr_carea' id='block_1_113' title="bbox 2234 5108 3793 5187">
    <p class='ocr_par' dir='ltr' id='par_1_113' title="bbox 2234 5108 3793 5187">
     <span class='ocr_line' id='line_1_113' title="bbox 2234 5108 3793 5187; baseline 0.002 -26"><span class='ocrx_word' id='word_1_819' title='bbox 2234 5109 2499 5177; x_wconf 82' lang='grc' dir='ltr'>ἄναρχον,</span> <span class='ocrx_word' id='word_1_820' title='bbox 2552 5108 2616 5161; x_wconf 81' lang='grc' dir='ltr'>τὸ</span> <span class='ocrx_word' id='word_1_821' title='bbox 2661 5110 3046 5181; x_wconf 80' lang='grc' dir='ltr'>ἀτελεύτητον,</span> <span class='ocrx_word' id='word_1_822' title='bbox 3095 5116 3131 5184; x_wconf 77' lang='grc' dir='ltr'>ἡ</span> <span class='ocrx_word' id='word_1_823' title='bbox 3168 5116 3353 5185; x_wconf 84' lang='grc' dir='ltr'>σοφία,</span> <span class='ocrx_word' id='word_1_824' title='bbox 3388 5118 3422 5187; x_wconf 80' lang='grc' dir='ltr'><strong>ἡ</strong></span> <span class='ocrx_word' id='word_1_825' title='bbox 3465 5116 3687 5185; x_wconf 75' lang='grc' dir='ltr'>δύναμις</span> <span class='ocrx_word' id='word_1_826' title='bbox 3714 5111 3793 5165; x_wconf 81' lang='grc' dir='ltr'>καὶ</span> 
     </span>
    </p>
   </div>
   <div class='ocr_carea' id='block_1_114' title="bbox 2234 5198 3790 5280">
    <p class='ocr_par' dir='ltr' id='par_1_114' title="bbox 2234 5198 3790 5280">
     <span class='ocr_line' id='line_1_114' title="bbox 2234 5198 3790 5280; baseline 0.006 -29"><span class='ocrx_word' id='word_1_827' title='bbox 2234 5202 2303 5252; x_wconf 83' lang='grc' dir='ltr'><strong>τὰ.</strong></span> <span class='ocrx_word' id='word_1_828' title='bbox 2333 5198 2584 5265; x_wconf 82' lang='grc' dir='ltr'>τοιαῦτα,</span> <span class='ocrx_word' id='word_1_829' title='bbox 2613 5202 2751 5257; x_wconf 82' lang='grc' dir='ltr'>ἄλλα</span> <span class='ocrx_word' id='word_1_830' title='bbox 2794 5207 2894 5274; x_wconf 84' lang='grc' dir='ltr'>μὲν</span> <span class='ocrx_word' id='word_1_831' title='bbox 2928 5206 3060 5260; x_wconf 84' lang='grc' dir='ltr'>ὂντα</span> <span class='ocrx_word' id='word_1_832' title='bbox 3092 5209 3244 5277; x_wconf 82' lang='grc' dir='ltr'><strong>παρά</strong></span> <span class='ocrx_word' id='word_1_833' title='bbox 3290 5210 3390 5280; x_wconf 84' lang='grc' dir='ltr'>τὴν</span> <span class='ocrx_word' id='word_1_834' title='bbox 3416 5211 3623 5277; x_wconf 76' lang='grc' dir='ltr'>οὐσίαν,</span> <span class='ocrx_word' id='word_1_835' title='bbox 3652 5209 3790 5263; x_wconf 80' lang='grc' dir='ltr'>ἀκτι-</span> 
     </span>
    </p>
   </div>
   <div class='ocr_carea' id='block_1_115' title="bbox 2239 5294 3790 5374">
    <p class='ocr_par' dir='ltr' id='par_1_115' title="bbox 2239 5294 3790 5374">
     <span class='ocr_line' id='line_1_115' title="bbox 2239 5294 3790 5374; baseline 0.007 -29"><span class='ocrx_word' id='word_1_836' title='bbox 2239 5310 2337 5345; x_wconf 81' lang='grc' dir='ltr'><strong>στα</strong></span> <span class='ocrx_word' id='word_1_837' title='bbox 2375 5294 2455 5347; x_wconf 86' lang='grc' dir='ltr'>δέ.</span> <span class='ocrx_word' id='word_1_838' title='bbox 2513 5295 2676 5349; x_wconf 82' lang='grc' dir='ltr'>Ἀλλο</span> <span class='ocrx_word' id='word_1_839' title='bbox 2705 5299 2814 5368; x_wconf 81' lang='grc' dir='ltr'>γὰρ</span> <span class='ocrx_word' id='word_1_840' title='bbox 2858 5299 2916 5353; x_wconf 79' lang='grc' dir='ltr'>τὸ</span> <span class='ocrx_word' id='word_1_841' title='bbox 2954 5299 3077 5369; x_wconf 76' lang='grc' dir='ltr'>ἕχον</span> <span class='ocrx_word' id='word_1_842' title='bbox 3132 5304 3230 5357; x_wconf 77' lang='grc' dir='ltr'>καὶ</span> <span class='ocrx_word' id='word_1_843' title='bbox 3273 5303 3403 5358; x_wconf 80' lang='grc' dir='ltr'>ἄλλο</span> <span class='ocrx_word' id='word_1_844' title='bbox 3443 5305 3505 5357; x_wconf 85' lang='grc' dir='ltr'>τὸ</span> <span class='ocrx_word' id='word_1_845' title='bbox 3554 5304 3790 5374; x_wconf 62' lang='grc' dir='ltr'>ἐχόμενον</span> 
     </span>
    </p>
   </div>
   <div class='ocr_carea' id='block_1_116' title="bbox 2239 5387 2714 5457">
    <p class='ocr_par' dir='ltr' id='par_1_116' title="bbox 2239 5387 2714 5457">
     <span class='ocr_line' id='line_1_116' title="bbox 2239 5387 2714 5457; baseline 0.006 -19"><span class='ocrx_word' id='word_1_846' title='bbox 2239 5389 2333 5439; x_wconf 76' lang='grc' dir='ltr'><strong>καὶ</strong></span> <span class='ocrx_word' id='word_1_847' title='bbox 2371 5387 2648 5457; x_wconf 83' lang='grc' dir='ltr'>διάφορον.</span> <span class='ocrx_word' id='word_1_848' title='bbox 2696 5410 2714 5440; x_wconf 74' lang='grc' dir='ltr'><strong>ι</strong></span> 
     </span>
    </p>
   </div>
   <div class='ocr_carea' id='block_1_117' title="bbox 2306 5477 3788 5563">
    <p class='ocr_par' dir='ltr' id='par_1_117' title="bbox 2306 5477 3788 5563">
     <span class='ocr_line' id='line_1_117' title="bbox 2306 5477 3788 5563; baseline 0.01 -31"><span class='ocrx_word' id='word_1_849' title='bbox 2306 5477 2405 5535; x_wconf 87' lang='grc' dir='ltr'><strong>ΙΖ’.</strong></span> <span class='ocrx_word' id='word_1_850' title='bbox 2427 5479 2608 5551; x_wconf 66' lang='lat' dir='ltr'><strong>p.142</strong></span> <span class='ocrx_word' id='word_1_851' title='bbox 2635 5483 2709 5555; x_wconf 58' lang='lat' dir='ltr'><strong>tu]</strong></span> <span class='ocrx_word' id='word_1_852' title='bbox 2730 5486 2871 5555; x_wconf 71' lang='grc' dir='ltr'>Πρὸς</span> <span class='ocrx_word' id='word_1_853' title='bbox 2900 5489 3073 5543; x_wconf 80' lang='grc' dir='ltr'>ταῦτα</span> <span class='ocrx_word' id='word_1_854' title='bbox 3104 5494 3128 5542; x_wconf 75' lang='grc' dir='ltr'>ὁ</span> <span class='ocrx_word' id='word_1_855' title='bbox 3158 5492 3445 5563; x_wconf 56' lang='grc' dir='ltr'>Γρηγορᾶς</span> <span class='ocrx_word' id='word_1_856' title='bbox 3469 5487 3788 5561; x_wconf 64' lang='grc' dir='ltr'>ἀποκριθεὶς,</span> 
     </span>
    </p>
   </div>
   <div class='ocr_carea' id='block_1_118' title="bbox 2246 5572 3788 5653">
    <p class='ocr_par' dir='ltr' id='par_1_118' title="bbox 2246 5572 3788 5653">
     <span class='ocr_line' id='line_1_118' title="bbox 2246 5572 3788 5653; baseline 0.012 -30"><span class='ocrx_word' id='word_1_857' title='bbox 2246 5590 2264 5623; x_wconf 78' lang='grc' dir='ltr'>ς</span> <span class='ocrx_word' id='word_1_858' title='bbox 2310 5572 2471 5625; x_wconf 83' lang='grc' dir='ltr'>Ἰδιόν</span> <span class='ocrx_word' id='word_1_859' title='bbox 2523 5592 2605 5627; x_wconf 87' lang='grc' dir='ltr'><strong>σοι</strong></span> <span class='ocrx_word' id='word_1_860' title='bbox 2640 5577 2821 5641; x_wconf 85' lang='grc' dir='ltr'>τοῦτο,</span> <span class='ocrx_word' id='word_1_861' title='bbox 2857 5582 3045 5647; x_wconf 78' lang='grc' dir='ltr'>φησὶν,</span> <span class='ocrx_word' id='word_1_862' title='bbox 3094 5576 3139 5637; x_wconf 82' lang='grc' dir='ltr'><strong>ὧ</strong></span> <span class='ocrx_word' id='word_1_863' title='bbox 3186 5584 3464 5653; x_wconf 82' lang='grc' dir='ltr'>ἄνθρωπε,</span> <span class='ocrx_word' id='word_1_864' title='bbox 3504 5583 3788 5653; x_wconf 62' lang='grc' dir='ltr'>γνώρισμα,</span> 
     </span>
    </p>
   </div>
   <div class='ocr_carea' id='block_1_119' title="bbox 2239 5664 3788 5743">
    <p class='ocr_par' dir='ltr' id='par_1_119' title="bbox 2239 5664 3788 5743">
     <span class='ocr_line' id='line_1_119' title="bbox 2239 5664 3788 5743; baseline 0.007 -28"><span class='ocrx_word' id='word_1_865' title='bbox 2239 5664 2405 5733; x_wconf 80' lang='grc' dir='ltr'>μηδὲν</span> <span class='ocrx_word' id='word_1_866' title='bbox 2462 5669 2595 5735; x_wconf 80' lang='grc' dir='ltr'>πρὸς</span> <span class='ocrx_word' id='word_1_867' title='bbox 2632 5668 2763 5733; x_wconf 72' lang='grc' dir='ltr'>ἔπος</span> <span class='ocrx_word' id='word_1_868' title='bbox 2801 5673 3227 5743; x_wconf 78' lang='grc' dir='ltr'>ἀποκρίνεσθαι,</span> <span class='ocrx_word' id='word_1_869' title='bbox 3284 5679 3401 5729; x_wconf 78' lang='grc' dir='ltr'>αλλ’</span> <span class='ocrx_word' id='word_1_870' title='bbox 3444 5677 3558 5730; x_wconf 79' lang='grc' dir='ltr'>ἀνθ’</span> <span class='ocrx_word' id='word_1_871' title='bbox 3608 5675 3788 5741; x_wconf 77' lang='grc' dir='ltr'>ἐτέρων</span> 
     </span>
    </p>
   </div>
   <div class='ocr_carea' id='block_1_120' title="bbox 2236 5762 3788 5837">
    <p class='ocr_par' dir='ltr' id='par_1_120' title="bbox 2236 5762 3788 5837">
     <span class='ocr_line' id='line_1_120' title="bbox 2236 5762 3788 5837; baseline -0.004 -14"><span class='ocrx_word' id='word_1_872' title='bbox 2236 5762 2601 5825; x_wconf 68' lang='grc' dir='ltr'>παρεισάγειν</span> <span class='ocrx_word' id='word_1_873' title='bbox 2631 5763 2822 5834; x_wconf 70' lang='grc' dir='ltr'>ἔτερα,</span> <span class='ocrx_word' id='word_1_874' title='bbox 2859 5768 3090 5837; x_wconf 78' lang='grc' dir='ltr'>ἡμιτελῆ</span> <span class='ocrx_word' id='word_1_875' title='bbox 3123 5770 3189 5822; x_wconf 73' lang='grc' dir='ltr'>τὰ</span> <span class='ocrx_word' id='word_1_876' title='bbox 3214 5770 3611 5837; x_wconf 63' lang='grc' dir='ltr'>ἀναγκαιότερα</span> <span class='ocrx_word' id='word_1_877' title='bbox 3641 5780 3788 5819; x_wconf 76' lang='grc' dir='ltr'>κατα-</span> 
     </span>
    </p>
   </div>
  </div>
