4046 6290
279 361 375 426 265

1251 347 1684 415 ΒΥΖΛΝΤΙΝΑΕ
1727 342 2104 415 HISTORL'E
2133 356 2276 417 LIB.
2301 355 2481 415 xxx.

3395 350 3499 416 266

279 476 610 546 λιμπάνοντα
680 474 771 526 καὶ
841 473 1026 541 ἀσαφῆ
1085 472 1179 522 καὶ
1232 472 1677 540 ἀνεπεξέργαστα
1733 472 1828 522 καὶ

1938 481 2078 533 sunt.
2099 480 2153 526 et
2183 471 2410 526 obscura
2441 476 2497 524 et
2528 467 2798 523 inexculta
2818 476 2872 523 et
2897 469 3222 523 testimoniis
3239 472 3498 526 carentia.

278 569 582 637 ἀμάρτυρα.
606 564 797 632 Ὅμως
841 564 1012 632 μικρὰ
1039 563 1132 614 καὶ
1167 561 1295 630 περὶ
1328 562 1435 613 τῶν
1469 561 1564 613 νῦν
1599 579 1684 614 σοι
1745 563 1830 614 λε-

283 660 511 730 χθέντων
569 653 943 722 φθεγξάμενος
1012 650 1420 719 ἀπαλλάξομαι.
1459 653 1521 702 Εἰ
1570 652 1701 706 ἄλλο
1771 653 1832 704 τὸ

279 753 392 820 ἔχον
438 750 531 801 ml.
581 749 708 801 ἄλλο
753 747 814 798 τὸ
857 746 1115 813 ἐχόμενον
1175 744 1269 795 καὶ
1320 743 1613 810 διάφορον,
1645 745 1738 797 καὶ
1772 745 1834 794 τὸ

282 845 372 910 μὲν
397 841 518 908 ἔχον
555 841 734 898 οὖσία,
771 840 831 887 τὸ
871 838 927 888 δὲ
958 835 1218 905 ἐχόμενον
1252 834 1353 887 οὐκ
1390 834 1545 886 οὐσία
1579 833 1722 888 κατά
1749 836 1831 901 σὲ,

279 932 526 986 ὰ-ιούσιον
581 927 692 998 ἄρα
746 927 808 978 τὸ
856 927 1134 995 ἐχόμενον.
1178 924 1288 976 Καὶ
1333 924 1381 975 εί
1413 925 1446 991 ἡ
1477 923 1634 974 οὐσία
1664 923 1832 988 Θεὸς,

275 1025 330 1075 το
373 1019 621 1073 ἁνούσιον
672 1017 780 1086 ἄρα
815 1017 875 1068 οὐ
914 1017 1068 1080 Θεὸς,
1105 1017 1138 1084 ἡ
1169 1015 1419 1083 ἐνέργεια
1461 1012 1684 1082 δηλαδή.
1724 1012 1834 1065 Καὶ

279 1114 485 1166 σύνεστι
515 1111 702 1163 λοιπὸν
732 1107 792 1172 ἐξ
824 1108 996 1160 ἀϊδίου
1031 1109 1098 1176 τῇ
1126 1104 1246 1174 θείᾳ
1291 1105 1388 1156 καὶ
1411 1103 1654 1170 ἁκτίστῳ
1676 1103 1835 1183 οὐσία

279 1205 588 1276 ήὰνούσιος
619 1202 756 1272 αὕτη
809 1202 904 1253 καὶ
935 1199 1189 1267 διάφορος
1236 1197 1508 1265 ἐνέργεια.
1565 1197 1672 1248 Καὶ
1717 1194 1833 1263 ἅμα

275 1297 393 1355 δυὰς
427 1296 459 1362 ἡ
496 1292 713 1344 πάντων
760 1291 904 1361 ἀρχή
945 1306 1028 1340 σοι
1076 1287 1313 1355 γίνεται,
1344 1287 1407 1338 τὸ
1455 1285 1830 1349 ἀτοπώτατον,

280 1385 472 1453 ἑαυτῆς
528 1384 865 1450 διαφέρουσα
921 1379 1016 1432 καὶ
1075 1376 1262 1439 ἀϊδίως
1314 1377 1477 1445 ἑαυτῇ
1529 1377 1832 1445 μαχομένη.

286 1476 418 1529 Ἀλλ’
465 1479 492 1527 ὁ
527 1475 666 1534 θεῖος
695 1473 969 1541 Μάξιμος,
1005 1488 1024 1521 ι
1062 1469 1136 1523 Οὐ
1187 1466 1610 1536 συνθεωρεῖσθαι
1639 1465 1671 1535 ἢ
1707 1483 1834 1517 συν-

275 1565 690 1634 επιθεωρεῖσθαι
739 1563 960 1614 δύναταί
1004 1578 1078 1624 τι,
1126 1559 1280 1627 φησὶ,
1335 1559 1414 1627 τῷ
1447 1557 1567 1625 Θεῷ
1596 1557 1716 1609 κατ’
1745 1557 1838 1608 ού-

277 1658 392 1709 σίαν
423 1656 685 1724 διάφορον
720 1653 777 1718 ἐξ
823 1651 1017 1714 ἀϊδίου,
1048 1651 1148 1702 οὐκ
1176 1647 1333 1710 αἰὼν,
1368 1650 1428 1700 οὐ
1474 1649 1685 1717 χρόνος,
1716 1647 1834 1699 οὐδέ

273 1766 323 1799 τι
350 1748 455 1799 τῶν
489 1746 697 1806 τούτοις
725 1741 1175 1810 ένδιαιτωμινων·
1207 1741 1267 1793 οὐ
1297 1742 1406 1810 γὰρ
1441 1739 1835 1810 συμϐαίνουσιν

271 1838 518 1906 ἀλλήλοις
551 1834 768 1888 πώποτε
803 1834 864 1886 τὸ
897 1833 1101 1902 κυρίως
1135 1826 1277 1885 εἶναι
1321 1834 1413 1885 καὶ
1447 1833 1508 1884 ού
1543 1834 1766 1901 κυρίως.
1809 1849 1828 1883 ι

274 1931 376 1983 Kal.
411 1929 512 1979 πά)
527 1945 575 1980 ιν
623 1926 850 1994 ἄπειρον
899 1921 1038 1976 εἶναι
1066 1923 1233 1977 δυάδα
1263 1919 1512 1993 οὐδαμῶς
1538 1924 1835 1993 ἐνδέχεταιο

271 2023 325 2073 αἱ
357 2021 465 2088 γὰρ
501 2020 620 2070 κατ’
667 2017 836 2087 αὐτὴν
891 2016 1117 2086 μονάδες
1176 2014 1436 2083 ἀλλήλαις
1491 2016 1632 2067 κατὰ
1659 2015 1836 2082 παράδ-

273 2113 415 2165 θεσιν
444 2109 896 2178 συνυπάρχουσαι
923 2106 1158 2175 ἀλλήλας
1183 2105 1476 2175 ὁρίζουσιν,
1503 2107 1549 2155 εί
1571 2105 1626 2156 δὲ
1652 2103 1833 2168 τοῦτο,

270 2202 374 2255 οὐδ’
409 2202 681 2270 ἄναρχονο
717 2198 858 2267 ἀρχὴ
888 2198 994 2266 γὰρ
1026 2199 1204 2264 πάσης
1242 2195 1431 2256 δυάδος
1465 2194 1648 2262 μονάς.
1688 2196 1750 2246 ΕΞ
1777 2194 1834 2245 δὲ

273 2295 344 2364 μὴ
371 2293 635 2362 ἄναρχον,
660 2289 769 2343 οὐδ’
795 2290 1071 2358 ἀκίνητον·
1110 2289 1344 2340 κινεῖται
1377 2287 1486 2357 γὰρ
1508 2287 1586 2355 τῷ
1615 2285 1835 2356 ἀριθμῷ

269 2387 330 2438 ἐκ
374 2384 626 2454 μονάδων
690 2380 814 2434 καθ’
871 2379 1090 2441 ἕνωσιν,
1151 2375 1212 2428 τὸ
1258 2375 1314 2427 δὲ
1372 2375 1690 2445 κινούμενον
1735 2375 1834 2427 οὐκ

275 2477 434 2546 ἀρχὴ,
469 2472 592 2528 ἀλλ’
625 2471 684 2536 ἐξ
713 2470 908 2541 ἀρχῆς,
938 2469 1138 2538 δηλαδὴ
1171 2468 1265 2520 τοῦ
1311 2467 1610 2528 κινοῦντος.
1649 2467 1834 2530 Μονὰς

270 2567 324 2618 δὲ
356 2568 494 2634 μόνη
553 2564 757 2633 κυρίως
801 2562 1078 2627 ἀκίνητος.
1132 2557 1553 2626 Πεπερασμέναι
1595 2575 1676 2610 σοι
1725 2557 1834 2623 ἄρα

269 2661 357 2712 καὶ
387 2658 483 2709 ὑπ’
523 2656 698 2725 ἀρχὴν
741 2654 797 2706 αἱ
830 2653 1104 2722 θεότητες,
1138 2650 1417 2717 ἄνθρωπε·
1449 2651 1544 2702 καὶ
1571 2653 1618 2702 εἰ
1651 2651 1831 2714 τοῦτο,
1856 2655 1867 2672 ⁸

267 2751 604 2816 διαστήμασι
651 2744 892 2804 τοπικοῖς
919 2760 980 2795 τε
1017 2745 1114 2794 καὶ
1160 2744 1432 2811 χρονικοῖς
1477 2741 1832 2794 δεδουλεύκα-

270 2855 373 2894 etv.
397 2841 716 2907 κτίσμασιν
747 2838 856 2904 ἄρα
882 2833 1162 2904 λατρεύων
1192 2833 1353 2895 αὐτὸς
1379 2833 1678 2901 ἐλελήθεις.
1712 2834 1833 2888 Ἔτι

266 2935 311 2984 εξ
339 2932 482 2984 κατὰ
525 2930 587 2980 σὲ
620 2928 804 2995 ἕτερον
845 2926 1012 2978 οὐσία
1041 2925 1136 2976 καὶ
1166 2923 1355 2992 ἕτερον
1385 2925 1517 2987 Θεὸς
1559 2926 1585 2975 ὁ
1614 2925 1714 2993 τὴν
1743 2924 1833 2976 ού-

267 3025 384 3076 είαν
412 3023 560 3090 ἔχων
600 3019 694 3071 καὶ
743 3019 998 3085 διάφορος
1027 3016 1124 3086 τῆς
1173 3016 1382 3078 οἰκείας
1434 3016 1645 3079 οὐσίας,
1687 3016 1835 3069 ἐστιν

1865 1795 1913 1853 Β

1935 564 2138 617 Tamen
2172 577 2342 632 pauca
2360 564 2524 616 etiam
2551 560 2618 615 de
2646 562 2734 623 iis,
2758 576 2878 630 quae
2909 577 3055 616 nunc
3085 576 3112 614 a
3161 572 3212 616 te
3265 562 3500 618 dicenda

1936 665 2082 721 sunt,
2120 656 2338 709 loculus
2369 654 2665 708 discedam.
2711 653 2767 708 Si
2804 653 2953 706 aliud
2983 662 3068 707 est
3111 653 3255 722 quod
3292 655 3459 708 habet
3482 695 3498 719 ,

1937 746 2082 800 aliud
2125 746 2271 814 quod
2305 745 2540 800 habetur
2569 752 2625 797 et
2665 745 2960 809 diversum,
2995 760 3057 798 ac
3084 743 3128 798 si
3160 745 3306 812 quod
3337 744 3503 797 habet

1937 844 2020 890 est
2049 836 2288 890 essentia
2313 875 2328 898 ,
2360 837 2504 903 quod
2535 844 2715 889 autem
2752 835 2978 888 habetur
3013 850 3120 887 non
3153 844 3238 889 est
3264 836 3501 888 essentia

1936 925 2237 978 secundum
2290 924 2446 994 301
2487 934 2558 989 te,
2593 925 2852 979 essentne
2885 934 2964 978 est
2994 939 3188 993 expers
3221 927 3365 993 quod
3401 924 3501 976 ha-

1935 1015 2128 1080 betur;
2166 1030 2229 1069 ae
2276 1017 2321 1068 si
2367 1015 2601 1070 essentia
2628 1022 2713 1068 est
2746 1014 2908 1076 Dens,
2951 1014 3004 1066 id
3039 1014 3201 1082 igitur
3234 1015 3376 1083 quod
3416 1029 3502 1067 cs-

1937 1110 2110 1160 sentia
2143 1117 2295 1162 caret
2330 1122 2436 1160 non
2478 1116 2562 1162 est
2609 1106 2775 1170 Deus,
2811 1105 3100 1160 efﬁcientia
3133 1105 3412 1167 nimirum.
3448 1117 3503 1159 et

1936 1187 2227 1268 conjunct’a
2274 1207 2357 1252 est
2399 1199 2511 1267 jam
2563 1212 2777 1265 semper
2805 1207 2860 1250 et
2905 1191 2970 1249 ex
3008 1197 3154 1250 omni
3197 1198 3501 1251 aeternitate

1936 1288 2133 1343 divinae
2165 1298 2222 1343 et
2254 1289 2507 1342 increataa
2533 1288 2784 1344 essentia:
2822 1287 2938 1341 ha-c
2961 1287 3198 1341 essentia
3227 1303 3420 1342 carens
3445 1298 3503 1343 et

1937 1381 2152 1435 diversa
2205 1380 2526 1444 efﬁcientia,
2586 1380 2858 1448 simulque
2899 1378 3224 1448 principium
3257 1382 3500 1436 omnium

1939 1472 2034 1526 tibi
2079 1471 2264 1525 evadit
2294 1472 2426 1542 dyas
2456 1472 2798 1540 ineptissima
2827 1488 2856 1525 a
2887 1487 2946 1526 se
2991 1472 3110 1540 ipsa
3145 1471 3406 1527 differens
3433 1485 3490 1528 et

1938 1577 2152 1632 semper
2173 1577 2358 1617 secum
2382 1577 2654 1632 pugnans.
2678 1563 2784 1618 Sed
2812 1563 3075 1618 Maximus
3102 1565 3501 1629 divitttts,¢Non

1937 1661 2136 1721 potest,
2197 1652 2396 1721 inquit.
2451 1653 2744 1722 cogitando
2773 1653 2894 1708 dari
2939 1666 3036 1710 aut
3073 1655 3298 1710 attribui
3335 1655 3500 1726 quid-

1937 1756 2100 1810 quam
2132 1742 2264 1806 Deo,
2305 1743 2450 1812 quod
2481 1745 2554 1798 sit
2586 1743 2656 1798 ab
2687 1745 2806 1815 ejus
2832 1730 3402 1810 essentia'diversum.
3433 1761 3502 1802 ex

1939 1833 2088 1887 omni
2135 1833 2466 1898 aeternitate,
2487 1849 2597 1888 non
2632 1849 2807 1888 mvum
2833 1875 2846 1896 .
2879 1850 2989 1890 non
3035 1845 3277 1906 tempus,
3324 1851 3504 1905 neque

1939 1922 2236 1992 quidquam
2285 1940 2475 1978 eorum
2527 1933 2648 1993 quae
2705 1926 2758 1979 in
2813 1926 2896 1980 his
2945 1936 3268 1994 versantur;
3325 1942 3503 1996 neque

1940 2014 2088 2066 enim
2138 2015 2626 2068 accommodantur
2675 2016 2779 2069 sibi
2851 2017 3084 2082 invicem
3156 2032 3395 2087 unquam
3446 2019 3497 2072 id

1940 2105 2086 2173 quod
2114 2107 2332 2174 proprie
2365 2106 2568 2174 aliquid
2591 2116 2675 2161 est
2699 2117 2753 2160 et
2782 2108 2927 2176 quod
2965 2125 3073 2161 non
3100 2112 3340 2179 proprie.
3383 2132 3401 2163 ι
3434 2112 3503 2165 Et

1941 2213 2131 2252 rursus
2165 2198 2376 2252 infinita
2402 2213 2523 2252 esse
2546 2199 2680 2267 dyas
2708 2199 2858 2253 nullo
2890 2199 3050 2254 modo
3077 2208 3288 2269 potest;
3315 2217 3504 2256 mona-

1940 2289 2038 2342 des
2073 2288 2218 2343 enim
2255 2288 2399 2342 inea
2429 2304 2496 2343 ex
2527 2289 2934 2358 comparatione
2975 2291 3290 2359 compositae
3325 2307 3384 2346 se
3417 2293 3503 2346 in-

1938 2380 2115 2434 vicem
2151 2379 2459 2434 deflniunt:
2492 2381 2576 2435 sin
2611 2387 2792 2434 autem
2840 2380 2942 2433 hoc
2987 2389 3089 2442 est,
3140 2397 3248 2434 non
3292 2392 3376 2437 est
3412 2384 3499 2437 illa

1940 2471 2191 2541 principii
2218 2486 2451 2541 expers;
2477 2472 2806 2542 principium
2831 2471 2975 2526 enim
2997 2471 3188 2542 dyadis
3217 2474 3396 2528 omnis
3420 2486 3504 2530 est

1939 2576 2149 2616 monas.
2186 2561 2391 2628 Quodsi
2422 2562 2510 2616 illa
2542 2577 2653 2617 non
2683 2571 2766 2617 est
2789 2561 3042 2632 principii
3066 2578 3282 2633 expers.
3309 2565 3498 2620 eadem

1941 2660 2152 2707 nonest
2187 2651 2696 2707 immota.Movetur
2721 2652 2869 2707 enim
2898 2668 3128 2707 numero
3153 2667 3218 2708 ex
3248 2655 3504 2709 monadi--

1938 2747 2038 2800 lius
2067 2743 2368 2800 secundum
2385 2744 2861 2810 consociationem;
2886 2745 3028 2814 quod
3050 2755 3230 2800 autem
3253 2761 3502 2802 movetur

1936 2852 2044 2891 non
2069 2846 2154 2892 est
2181 2837 2509 2906 principium
2541 2876 2556 2900 ,
2603 2836 2699 2890 sed
2739 2845 2989 2889 movetur
3014 2851 3080 2891 ex
3113 2839 3380 2906 principio
3415 2840 3503 2892 ni-

1941 2931 2139 2983 mirum
2171 2937 2443 2984 movente.
2475 2928 2662 2982 Monas
2691 2936 2874 2982 autem
2903 2928 3016 2982 sola
3046 2929 3266 3000 proprie
3289 2939 3374 2986 est
3406 2932 3504 2985 im-

1939 3027 2107 3074 mota.
2137 3017 2407 3088 Subiecta:
2441 3018 2606 3086 igitur
2630 3017 2725 3073 tibi
2761 3027 2890 3072 sunt
2921 3061 2934 3083 ,
2968 3021 3161 3084 amice,
3199 3022 3364 3076 etiam
3396 3023 3501 3078 sub

268 3115 372 3182 ἄρα
401 3115 545 3173 Θείς
581 3109 829 3168 ἀνούσιος
861 3107 956 3160 καὶ
984 3106 1140 3158 οὐσία
1185 3105 1318 3157 Θεοῦ
1359 3105 1537 3168 ἄθεος.
1566 3106 1702 3171 Φησὶ
1729 3106 1835 3177 γὰρ

1940 3110 2278 3180 principium
2310 3108 2672 3174 divinitates;
2711 3111 2907 3178 quodsi
2955 3111 3060 3166 hoc
3098 3117 3501 3177 est,mensuris

267 3209 354 3257 καὶ
395 3208 422 3258 ό
467 3202 775 3256 Νυσσαέων
806 3199 1131 3267 Γρηγόριος,
1169 3215 1188 3249 ι
1224 3198 1287 3248 El
1322 3199 1383 3250 τὸ
1432 3199 1638 3265 ἀγαθὸν
1664 3197 1745 3262 ὃν,
1777 3198 1839 3251 τὺ

265 3297 503 3364 πονηρὸν
565 3295 665 3345 οὐκ
711 3293 788 3345 δν·
820 3296 869 3344 εί
919 3293 975 3344 δὲ
1025 3291 1087 3341 τὸ
1126 3290 1362 3359 πονηρὸν
1399 3287 1478 3354 ὃν,
1534 3291 1594 3342 τὸ
1632 3290 1858 3357 ἀγαθὸν

262 3393 358 3442 οὐκ
386 3390 467 3453 ὃν,
497 3378 660 3439 κατὰ
690 3386 783 3438 τὸν
839 3386 950 3437 τῶν
1004 3385 1228 3453 ἀμέσων
1287 3382 1547 3436 ἐναντίων
1594 3382 1771 3450 λόγον.
1812 3401 1830 3433 ›

265 3481 423 3532 Ὥστε
459 3477 761 3532 πολυθεῖαν
792 3475 1195 3544 ἀγωνιζόμενος
1249 3475 1508 3543 συνιστᾷν
1543 3474 1716 3536 ἑάλως
1745 3473 1840 3526 καὶ

264 3571 452 3624 aestati
478 3570 684 3632 νοσῶν,
715 3569 782 3621 τὰ
811 3571 883 3633 ἐκ.
913 3567 1214 3636 διαμέτρου
1241 3565 1408 3619 κακά·
1440 3565 1534 3618 καὶ
1580 3567 1840 3619 πέπτωκε

264 3665 346 3716 διὰ
383 3663 643 3732 βραχέων
677 3659 744 3712 τὰ
771 3659 878 3711 τῶν
914 3659 1024 3711 σῶν
1073 3658 1424 3727 ἀκροπόλεων
1481 3657 1836 3726 ὀχυρώματα,

266 3749 350 3821 ἐφ’
383 3748 464 3811 οἷς
527 3749 864 3811 ὲπεποίθεις.
901 3750 1024 3800 Ἔτι
1071 3749 1179 3816 μὴν
1221 3748 1516 3818 ἐπειδήπερ
1561 3748 1688 3799 ἄλλο
1734 3749 1840 3818 φῂς

265 3842 403 3898 εἶναι
448 3845 512 3896 τδ
562 3843 708 3911 ἕχον,
757 3841 883 3894 ἄλλο
939 3841 995 3893 δὲ
1056 3843 1118 3892 τὸ
1179 3842 1334 3894 ἑκτὸν
1399 3843 1495 3892 καὶ
1556 3842 1835 3910 διάφορον,

267 3937 436 4003 φαίης
489 3935 558 3988 ἂν
601 3935 700 3985 καὶ
737 3931 874 3984 ’ἄλλο
906 3931 1005 3999 μὲν
1034 3932 1091 3995 ἐξ
1126 3930 1370 3998 ἀνάγκης
1398 3925 1538 3981 εἶναι
1564 3931 1656 3981 τὸν
1682 3931 1836 3991 Θεὸν,

264 4025 393 4078 ἄλλο
426 4025 486 4076 δὲ
517 4023 621 4092 τὴν
650 4020 885 4089 ὕπαρξιν
913 4019 1101 4072 αὑτοῦ·
1132 4021 1349 4086 λέγεται
1395 4023 1499 4088 γὰρ
1531 4021 1557 4070 ὁ
1582 4019 1713 4079 Θεὸς
1745 4021 1841 4072 καὶ

265 4116 451 4167 οὐσίαν
481 4114 546 4186 [Γ.
590 4113 690 4166 ΗΞ).
731 4112 805 4183 υ.]
845 4113 989 4180 ἔχειν
1038 4113 1131 4163 καὶ
1182 4111 1434 4180 ὓπαρξιν.
1487 4113 1678 4164 Ἔσται
1733 4112 1840 4180 ἄρα

267 4209 406 4258 κατὰ
439 4208 497 4258 σὲ
535 4206 671 4265 Θεὸς
700 4205 1046 4273 ἀνύπαρκτος
1091 4203 1183 4254 καὶ
1222 4201 1458 4271 ὓπαρξις
1494 4202 1626 4253 Θεοδλ
1659 4202 1836 4263 ἄθεος.

268 4300 376 4349 Καὶ
411 4297 546 4366 περὶ
581 4298 679 4364 τῆς
722 4297 1000 4364 ἐνεργείας
1026 4295 1070 4346 δ’
1099 4294 1298 4363 ὁμοίως
1330 4293 1547 4345 λεκτέον
1578 4294 1673 4345 καὶ
1699 4295 1838 4361 ἐρω-

264 4391 452 4458 τητέον
482 4429 498 4453 ,
554 4391 604 4440 εἰ
643 4390 677 4456 ἡ
728 4387 979 4456 ἐνέργεια
1033 4385 1148 4455 ἔχει
1201 4385 1484 4454 ἐνέργειαν
1523 4385 1706 4452 ἀλλην.
1776 4384 1837 4435 Ei

1939 3202 2182 3256 locorum
2218 3210 2274 3255 et
2305 3210 2614 3270 temporum
2647 3202 2986 3269 inserviunt;
3014 3215 3195 3260 creata
3218 3207 3382 3276 igitur
3409 3223 3502 3261 co-

1940 3288 2008 3340 lis
2043 3289 2288 3356 ignarus.
2323 3289 2440 3344 Jam
2493 3304 2624 3344 vero
2657 3291 2701 3344 si
2748 3307 2814 3346 ex
2875 3302 2964 3347 tua
3028 3296 3295 3351 sententia
3357 3298 3500 3351 aliud

1937 3388 2024 3431 est
2043 3379 2473 3443 essentia,aliud
2507 3381 2652 3435 Deus
2676 3381 2769 3451 qui
2800 3385 3090 3437 essentiam
3119 3386 3304 3452 habet;
3336 3399 3390 3441 et
3421 3389 3504 3441 di-

1940 3486 2130 3527 versus
2154 3484 2239 3528 est
2267 3489 2294 3527 a
2323 3489 2418 3529 sua
2445 3474 2618 3545 ipsius
2649 3478 2909 3541 essentia,
2938 3485 3021 3532 est
3049 3478 3212 3548 igitur
3239 3480 3378 3534 Deus
3416 3481 3469 3533 in
3489 3506 3503 3517 -

1939 3563 2248 3618 essentialis
2265 3565 2425 3635 302
2447 3575 2502 3621 et
2528 3569 2764 3622 essentia
2792 3569 2883 3622 Dei
2908 3569 3194 3625 divinitate
3218 3570 3500 3624 destituta.

1938 3655 2029 3710 Ait
2058 3658 2202 3710 enim
2233 3659 2396 3712 etiam
2421 3658 2713 3726 Gregorius
2738 3661 3016 3730 Nyssenus
3036 3663 3148 3717 :rSi
3177 3664 3381 3717 bonum
3396 3673 3500 3726 est,

1942 3759 2166 3812 pravum
2203 3761 2310 3798 non
2361 3756 2478 3811 est;
2517 3749 2597 3802 sin
2626 3761 2807 3803 autem
2859 3765 3085 3818 pravum
3127 3761 3250 3816 est,
3298 3754 3500 3806 bonum

1941 3850 2048 3888 non
2086 3846 2190 3898 est,
2222 3839 2526 3892 secundum
2575 3855 2692 3893 eam
2727 3842 3015 3904 rationem,
3049 3843 3192 3912 quod
3225 3844 3502 3897 contraria

1939 3927 2192 3994 componi
2235 3940 2343 3980 non
2377 3939 2625 3995 possunt.
2678 3947 2696 3981 ›
2730 3931 2917 4000 itaque
2958 3947 3080 3986 cum
3114 3935 3314 3987 multos
3372 3937 3502 3989 deos

1939 4020 2270 4085 componere
2295 4017 2696 4082 contenderes,
2730 4018 3110 4088 deprehensus
3143 4035 3202 4074 es
3235 4025 3397 4075 etiam
3435 4039 3500 4076 ex

1941 4107 2232 4176 negatione
2263 4109 2426 4162 unius
2472 4109 2562 4162 Dei
2601 4118 2890 4178 aegrotans,
2926 4125 3047 4179 quae
3094 4119 3220 4164 sunt
3269 4115 3501 4166 maxime

1940 4199 2186 4267 opposita
2225 4200 2386 4262 mala,
2427 4208 2482 4254 et
2515 4201 2873 4255 conciderunt
2899 4202 3082 4270 parvis
3127 4202 3335 4258 arcium
3383 4215 3499 4258 tua-

1941 4304 2062 4341 rum
2094 4289 2315 4343 castella
2347 4299 2402 4342 et
2432 4291 2796 4354 munitiones,
2827 4293 3030 4360 quibus
3071 4294 3309 4348 confisus
3355 4310 3497 4349 cras.

1940 4379 2148 4435 Deinde
2174 4390 2354 4434 autem
2373 4383 2630 4450 quoniam
2656 4383 2802 4436 aliud
2835 4384 2972 4439 dicis
2995 4398 3115 4439 esse
3136 4386 3278 4452 quod
3313 4385 3498 4446 habet.

266 4481 370 4548 γὰρ
405 4482 549 4548 ἔχει,
599 4479 692 4530 δύο
737 4479 863 4548 ἄρα·
925 4478 1019 4529 καὶ
1069 4479 1113 4528 εί
1173 4474 1286 4540 δύο,
1320 4475 1551 4544 διάφορα
1586 4476 1832 4535 πάντως·

1939 4471 2084 4525 aliud
2126 4471 2272 4540 quod
2307 4473 2542 4526 habetur
2587 4481 2640 4525 et
2690 4473 2968 4527 diversum
2997 4513 3012 4538 ,
3069 4475 3301 4530 fortasse
3350 4476 3500 4531 dices

266 4570 390 4622 ἄλλο
439 4570 556 4638 ¹γὰρ
591 4569 700 4621 δεῖν
735 4565 876 4621 εἶναι
930 4568 1068 4636 ἔφης
1122 4567 1217 4618 τοῦ
1274 4566 1533 4635 ἐχομένου
1584 4564 1645 4616 τὸ
1689 4564 1832 4632 ἕχον.

266 4665 371 4715 Καὶ
401 4661 622 4730 γίνεται
652 4678 734 4719 τις
761 4663 1168 4726 τερατόμορφος
1201 4656 1666 4724 ἐνεργοενέργεια.
1699 4655 1759 4706 Εἰ
1781 4653 1836 4706 δὲ

269 4753 342 4821 μὴ
373 4755 562 4814 τοῦσο,
598 4753 695 4803 οὐκ
722 4749 788 4802 ἂν
815 4749 899 4818 εἴη
930 4748 1025 4818 τὴν
1052 4749 1332 4816 ἐνέργειαν
1358 4747 1500 4814 ἔχειν
1533 4746 1832 4823 ἐνέργειαν.

266 4844 373 4894 Καὶ.
402 4843 756 4912 συμϐήσεται
805 4839 905 4908 τὴν
937 4837 1194 4902 τοιαύτην
1227 4835 1510 4905 ἐνέργειαν
1543 4837 1834 4904 ἀνενέργη-

263 4947 351 4983 τον
385 4929 554 4983 εἶναι.
596 4931 666 4982 Τὸ
703 4929 748 4982 δ’
779 4930 1143 4998 ἁνενέργητον
1198 4930 1292 4982 καὶ
1335 4929 1679 4996 ἀνύπαρκτον
1711 4929 1832 4982 καθ’

261 5022 326 5092 ἢν
359 5023 762 5093 βωμολοχήσας
796 5020 1111 5089 προύθηκας
1143 5019 1290 5073 θέσιν
1322 5037 1377 5071 τε
1427 5022 1521 5072 καὶ
1567 5019 1833 5088 πρότασιν

263 5113 442 5173 αὐτὸς.
473 5111 550 5162 Τὸ
577 5111 686 5176 γὰρ
717 5108 790 5177 μὴ
843 5108 985 5176 ἕχον,
1015 5108 1170 5176 ἔφης,
1219 5106 1501 5175 ἐνέργειαν
1547 5105 1660 5158 οὔτ’
1686 5105 1834 5157 ἐστιν

261 5199 384 5253 οὗτε
421 5203 473 5253 τί
510 5204 684 5251 ἐστιν⁹
715 5197 827 5249 οὒτ’
865 5197 979 5248 ἐστι
1009 5196 1284 5257 παντελῶς
1328 5193 1495 5246 αὐτοῦ
1539 5193 1712 5254 θέσις.
1740 5192 1836 5244 καὶ

264 5290 518 5343 ἀπόλωλέ
553 5307 640 5340 σοι
675 5291 732 5340 τὸ
759 5288 1082 5355 σπούδασμα
1103 5285 1168 5338 δι’
1193 5286 1370 5352 ὀλίγου
1392 5285 1484 5335 καὶ⁵
1508 5284 1603 5350 τῆς
1631 5283 1833 5351 μοχθη·

263 5383 361 5450 ρᾶς
398 5380 683 5448 γεωργίας
733 5380 760 5430 ὁ
805 5379 1027 5446 στάχυς,
1083 5377 1116 5444 ἢ
1178 5379 1233 5436 ἐς
1285 5375 1632 5442 ἀνύπαρκτον
1683 5373 1833 5441 ἡμᾶς

259 5471 654 5538 δογματίζοντι
705 5467 984 5520 πιστεύειν
1045 5467 1198 5534 ἧείς
1258 5465 1519 5517 σύνθετον
1569 5462 1828 5531 θεότητα.

273 5561 656 5616 Ἐναντιοῦται
680 5562 785 5631 γάρ
827 5577 908 5611 σοι
948 5560 1042 5609 καὶ
1079 5559 1107 5609 ὁ
1137 5558 1279 5619 θεῖος
1317 5555 1604 5626 Κύριλλος,
1632 5556 1832 5608 ἄτοπον

264 5651 398 5705 εἶναι
433 5654 671 5720 φάσκων
703 5655 762 5701 τὸ
820 5652 995 5717 λέγειν
1055 5647 1309 5715 τοιαύτην
1361 5647 1507 5716 ἔχειν
1562 5648 1652 5699 τὸν
1701 5646 1834 5698 Θεὸν

273 5743 370 5813 τὴν
399 5743 614 5811 γνῶσιν
637 5743 826 5792 ὁποίαν
858 5746 948 5793 καὶ
976 5743 1156 5809 ἡμεῖς’
1193 5741 1238 5790 εἰ
1265 5739 1370 5807 γὰρ
1402 5737 1638 5809 [ὥσπερ]
1676 5740 1832 5807 ἡμεῖς

603 5839 866 5894 ΡΑτιιοι.
903 5837 1014 5893 Gn.
1066 5835 1328 5896 CXLIX.

1939 4562 2103 4616 etiam
2131 4564 2278 4616 aliud
2307 4578 2428 4619 esse
2457 4566 2770 4619 necessario
2800 4565 2994 4629 Deum,
3037 4567 3183 4622 aliud
3217 4569 3335 4638 ejus
3367 4571 3500 4622 sub-

1942 4653 2227 4706 stantiam.
2276 4655 2486 4709 Dicitur
2531 4655 2678 4709 enim
2712 4655 2852 4711 Deus
2889 4668 2943 4712 et
2972 4660 3262 4712 essentiam
3300 4661 3501 4714 habere

1939 4751 1993 4794 et
2021 4743 2404 4797 substantiam.
2431 4744 2548 4799 Erit
2587 4746 2752 4814 igitur
2799 4762 2863 4800 ex
2911 4755 3000 4800 tua
3050 4749 3324 4803 sententia
3354 4749 3499 4804 Deus

1940 4847 2048 4886 non
2078 4833 2489 4896 substantialis.
2519 4845 2574 4889 et
2608 4836 2912 4890 substantia
2954 4838 3047 4892 Dei
3084 4840 3371 4894 divinitate
3399 4840 3502 4894 de-

1936 4923 2143 4978 stituta.
2176 4925 2241 4977 Et
2299 4925 2366 4979 de
2414 4926 2701 4980 efﬁcientia
2754 4928 2894 4982 idem
2935 4930 3230 4984 dicendum
3289 4932 3395 4984 erit
3443 4943 3500 4987 et

1937 5015 2332 5078 quaerendum,
2395 5030 2525 5069 num
2587 5015 2872 5071 efﬁcientia
2929 5019 3124 5073 habeat
3155 5020 3498 5074 efﬁcientiam

1937 5103 2124 5158 aliam.
2148 5105 2362 5159 Etenim
2393 5107 2438 5160 si
2467 5107 2652 5171 habet,
2679 5118 2806 5163 sunt
2836 5110 3003 5178 igitur
3035 5117 3164 5174 duo,
3197 5127 3259 5166 ac
3290 5111 3340 5181 sj
3365 5111 3494 5174 duo,

1937 5191 2152 5247 diversa
2180 5196 2445 5260 omnino;
2479 5198 2623 5250 aliud
2655 5199 2800 5251 enim
2831 5207 3085 5265 oportere
3114 5215 3234 5255 esse
3271 5185 3495 5255 dicebas

1935 5291 2099 5351 atque
2121 5285 2172 5338 id
2197 5287 2338 5353 quod
2367 5287 2598 5341 habetur
2621 5288 2672 5340 id
2697 5288 2840 5354 quod
2869 5289 3051 5351 habet,
3077 5299 3132 5346 et
3155 5295 3330 5347 oritur
3349 5309 3496 5362 qne—

1937 5372 2061 5425 dam
2085 5375 2285 5428 mirum
2322 5376 2376 5428 in
2408 5377 2628 5430 modum
2656 5378 2888 5432 formata
2918 5379 3223 5437 efﬁcientia:
3252 5383 3492 5436 efﬁcien-

1938 5465 2042 5530 tia;
2077 5465 2158 5517 sin
2191 5475 2370 5520 autem
2401 5469 2505 5522 hoc
2535 5484 2724 5522 verum
2761 5485 2870 5526 non
2894 5482 2998 5538 est,
3033 5491 3137 5529 non
3168 5486 3350 5545 potest
3381 5475 3492 5530 efﬁ-

1939 5554 2136 5608 cientia
2152 5547 2495 5608 efﬁcientiam
2515 5556 2742 5621 habere,
2766 5570 2822 5614 et
2843 5576 3101 5630 sequetur
3124 5574 3182 5617 nt
3203 5564 3490 5622 efﬁcientia

1937 5646 2201 5710 ejusmodi
2249 5647 2316 5697 sit
2366 5646 2632 5701 inefﬁcax.
2676 5650 2828 5716 Quod
2874 5664 3055 5707 autem
3101 5653 3341 5707 inefficax
3384 5672 3489 5719 esi.

1938 5734 2100 5788 etiam
2124 5744 2202 5787 est
2231 5749 2335 5786 non
2359 5737 2736 5805 substantiale,
2755 5745 3053 5796 secundum
3076 5760 3215 5805 eum,
3241 5759 3402 5811 quam
3431 5758 3486 5800 ιιι

3020 5836 3057 5894 9
