4046 6290
523 459 620 518 267

1695 435 2104 498 NlCEI’llOlil
2152 427 2538 492 GliEGOli.’E

3635 409 3734 469 968

528 573 642 635 ipse
660 573 891 635 negatus
909 558 1260 632 proposuisti,
1283 555 1462 610 thesin
1490 561 1541 606 et
1565 551 1826 621 protasin.
1843 548 2086 601 lil‘lieicn-
2116 587 2123 606 ε

2225 559 2378 611 τερον
2407 541 2506 609 μέν
2540 538 2592 589 τί
2629 536 2796 596 ὲστιν,
2833 530 2997 598 ἑτέρα
3045 526 3102 580 δέ
3141 541 3222 588 τις
3271 521 3401 592 παρ’
3430 520 3589 573 αὖτξν
3625 522 3655 590 ὴ
3689 521 3739 572 ὲν

533 665 660 715 tiam
705 661 872 722 enim,
899 655 1002 719 ais,
1035 667 1142 708 non
1179 650 1382 704 habens
1417 659 1591 714 neque
1619 653 1899 710 estneque
1925 639 2085 708 quid-

531 769 693 820 quam
722 759 804 803 est
833 765 846 799 :
879 748 986 800 itno
1011 743 1232 796 omnino
1265 753 1372 791 non
1403 745 1485 790 est
1511 733 1680 788 thesis
1711 733 1829 802 ejus
1857 745 1906 784 et
1935 727 2086 782 brevi

536 819 744 898 interiit
776 840 870 892 tibi
900 851 1086 905 opera,
1117 844 1172 887 et
1192 832 1302 900 agri
1331 841 1634 884 :erumnose
1661 824 1791 877 culti
1821 822 1968 890 Spit'a
1993 819 2088 887 qui

537 933 696 1004 303
730 943 954 986 censeas
993 939 1093 981 nos
1127 923 1350 978 credere
1394 929 1488 973 aut
1519 919 1573 971 in
1607 931 1718 970 nun
1755 911 2088 968 substantia-

539 1025 640 1076 li-m
698 1021 882 1074 autin
933 1014 1292 1082 compositam
1340 1009 1702 1063 divinitatem.
1761 1004 2096 1057 Adversatur

537 1115 682 1166 enim
731 1109 826 1163 tibi
889 1108 1054 1160 etiam
1107 1105 1326 1180 divinus
1359 1100 1626 1170 Cyl-illus,
1661 1097 1905 1165 ineptum
1953 1106 2096 1152 esse.

541 1207 748 1266 dicens,
788 1196 1128 1254 contendere
1183 1179 1354 1247 Deum
1393 1190 1594 1244 habere
1629 1188 1788 1242 talem
1837 1183 2099 1253 cognitio-

543 1311 668 1348 nem
745 1291 958 1359 qualem
1017 1299 1116 1340 nos
1149 1285 1275 1353 ipsi.
1319 1282 1527 1337 Etenim
1564 1279 1606 1334 si
1647 1294 1747 1332 nos
1784 1275 1929 1330 aliud
1969 1271 2096 1341 quid

543 1397 756 1442 sumus,
803 1380 906 1433 alia
965 1386 1148 1430 autem
1194 1385 1356 1442 atque
1389 1371 1482 1424 ille
1519 1368 1758 1438 cognitio
1803 1380 1923 1434 qua:
1953 1363 2004 1415 in
2039 1377 2102 1414 eo

545 1486 664 1534 est,
715 1469 1049 1536 compositus
1104 1465 1213 1518 crit
1271 1476 1448 1530 neque
1502 1474 1634 1512 vero
1681 1456 1934 1524 simplex.
1985 1453 2101 1506 Jam

543 1559 992 1634 quandoquidem
1023 1556 1278 1610 voluntas
1323 1553 1415 1606 Dei
1453 1549 1654 1612 aliquid
1683 1555 1788 1611 est,
1825 1543 1968 1614 quod
2003 1543 2104 1596 ha-

551 1658 742 1709 beatur
767 1661 822 1706 ct
867 1649 1143 1704 diversum
1177 1645 1248 1698 sit
1287 1659 1352 1697 ex
1397 1650 1486 1695 tua
1515 1637 1786 1694 sententia
1821 1637 1887 1689 ab
1916 1649 2106 1688 essen-

551 1747 648 1804 tia,
701 1748 868 1794 erunt
903 1737 1068 1807 igitur
1103 1745 1214 1789 tres
1263 1733 1318 1786 in
1357 1731 1576 1786 Christo
1607 1729 1964 1782 voluntates:
2001 1738 2107 1777 una

550 1846 634 1889 est
672 1834 841 1888 Filius
865 1830 1004 1899 ipse,
1024 1827 1278 1880 voluntas
1305 1823 1564 1876 nimirum
1601 1820 1778 1874 Patris
1807 1818 2107 1872 secundum

2192 632 2341 700 αὐτῷ
2367 631 2590 698 γνῶσις.
2623 623 2874 683 σύνθετος
2906 620 3060 672 ἔσται
3099 617 3194 669 καὶ
3241 615 3339 684 οὐχ
3370 612 3594 673 ἁπλοῦς.
3629 611 3742 662 Ἐτι

2191 723 2420 790 ἐπείπερ
2462 721 2494 788 ἡ
2545 717 2765 784 θέλησις
2809 711 2902 764 τοῦ
2953 708 3086 762 Θεοῦ
3143 706 3299 760 ἑκτὸν
3350 704 3442 757 καὶ
3497 703 3744 769 διάφορον

2193 815 2332 869 κατὰ
2369 813 2428 866 σὲ
2479 811 2576 878 τῆς
2633 805 2820 866 οὐσίας
2867 805 3036 868 ἐστὶν,
3071 801 3288 852 ἔσονται
3322 798 3426 864 ἄρα
3459 796 3612 862 τρεῖς
3659 792 3746 844 ἐπὶ

2193 903 2434 975 Χριστοῦ
2466 900 2734 967 Θελήσεις·
2794 894 2892 964 μία
2947 893 3045 954 μὲν
3083 888 3246 950 αὐτὸς
3275 888 3301 940 ὁ
3347 885 3495 946 Υίδς,
3537 882 3748 948 θέλησις

2195 974 2271 1052 ὢν
2303 995 2398 1048 τοῦ
2431 991 2640 1061 ῐιατρδε
2671 989 2810 1042 κατὰ
2856 985 2981 1044 τοὺς
3018 983 3198 1044 θείους
3227 981 3491 1048 Πατέρι;·
3527 974 3748 1041 δευτέρα

2199 1092 2245 1144 δ’
2291 1089 2359 1158 ἢν
2405 1088 2433 1138 ὁ
2473 1084 2600 1146 Tib;
2656 1083 2767 1150 ἔχει
2812 1079 3070 1146 διάφορον
3115 1072 3310 1126 ἑαυτοῦ
3349 1074 3492 1124 κατὰ
3547 1072 3626 1134 σὲ,
3669 1067 3754 1120 καὶ

2199 1179 2358 1248 τρίτη
2401 1177 2434 1243 ἡ
2467 1175 2565 1240 τῆς
2596 1167 3031 1237 ἀνθρωπότητος·
3071 1163 3100 1214 ὃ
3143 1165 3236 1215 καὶ
3303 1163 3400 1228 τῆς
3452 1160 3560 1212 τῶν
3593 1159 3755 1212 Μονο-

2203 1267 2442 1335 θελητῶν
2494 1259 2811 1320 δυσσεϐείας
2851 1255 3220 1322 ἀτοπώτερον.
3285 1251 3443 1302 Ἐπεὶ
3484 1251 3542 1300 δὲ
3601 1248 3692 1300 καὶ
3733 1249 3758 1298 £-

2209 1359 2378 1428 μέγας
2433 1354 2745 1412 ’Δθανάσιος
2806 1348 3018 1407 ἀσεϐεῖς
3061 1342 3357 1412 διαρρήδην
3421 1342 3578 1392 καλεῖ
3625 1339 3746 1396 τοὺς

2210 1448 2283 1518 μὴ
2319 1434 2648 1514 δεχομένους
2678 1438 2932 1509 βούλησιν
2959 1435 3119 1489 αὑτὸν
3151 1430 3289 1484 εἶναι
3329 1431 3417 1483 τὸν
3453 1430 3602 1490 Υίδν,
3639 1430 3760 1478 ἀσε-

2207 1539 2306 1607 ϐὴς
2359 1536 2684 1603 αὐτόχρημα
2735 1535 2832 1583 καὶ
2885 1529 3026 1582 κατὰ
3082 1525 3239 1577 τοῦτο
3294 1527 3357 1575 σὺ
3419 1523 3488 1573 τὰ
3543 1521 3762 1573 ἐκείνων

2209 1631 2442 1700 φρονῶν.
2477 1627 2610 1694 Περὶ
2657 1625 2765 1692 γὰρ
2801 1622 2900 1688 τῆς
2945 1617 3255 1688 ἀρχομένης
3307 1615 3402 1668 καὶ
3452 1614 3762 1678 παυομένης

2211 1722 2484 1791 θελήσεως
2537 1718 2751 1784 εἴρηται
2808 1715 2941 1782 ἡμῖν
2989 1711 3244 1779 ἀνωτέρω
3295 1707 3511 1778 βραχὺ,
3567 1707 3662 1758 καὶ
3708 1703 3761 1756 οὐ

2211 1811 2366 1882 χρεία
2394 1809 2643 1873 διεξιέναι
2689 1805 2782 1858 νῦν
2824 1803 2932 1856 τῶν
2960 1801 3334 1872 προκειμένων
3365 1798 3552 1866 σαφῶς
3583 1797 3766 1850 ἀνθελ-

557 1928 743 1980 l’alrcs
765 1923 1004 1984 divinos;
1036 1918 1230 1980 altera,
1261 1929 1422 1983 quam
1449 1912 1618 1966 Filius
1643 1911 1806 1964 habet
1837 1909 2107 1962 diversam

2225 1905 2438 1956 ιιόντων.
2469 1903 2586 1952 Ἔτι
2619 1901 2666 1951 εί
2697 1897 2780 1950 ἓτε
2793 1914 2882 1965 ρον
2911 1895 3044 1948 Θεοῦ
3076 1893 3172 1948 καὶ
3197 1891 3440 1960 ἀλλήλων
3465 1890 3656 1956 θεότης
3683 1888 3768 1939 καὶ

553 2037 583 2072 τι
609 2034 667 2070 se
696 2011 998 2070 secundum
1033 2019 1121 2072 te;
1175 2013 1333 2060 tertia
1363 2012 1448 2058 est
1487 2003 1740 2056 voluntas
1775 2011 1982 2054 natura:
2011 2000 2112 2053 hu-

555 2125 750 2168 manm,
785 2105 838 2158 id
867 2101 1014 2172 quod
1047 2099 1211 2153 etiam
1243 2097 1482 2166 ineptius
1503 2102 1586 2148 est
1616 2093 1894 2162 impietate
1921 2105 2110 2146 eorum

551 2201 644 2270 qui
671 2196 890 2253 Christo
927 2208 1089 2248 unam
1129 2198 1337 2243 tantum
1395 2185 1725 2239 voluntatem
1758 2191 2114 2249 naturamque

553 2291 828 2345 tribuunt.
889 2284 1024 2340 Cum
1069 2291 1251 2335 autem
1305 2278 1470 2332 etiam
1521 2289 1750 2342 magnus
1783 2271 2115 2326 Athrnasius

557 2377 758 2444 impios
784 2383 972 2441 aperte
1011 2377 1170 2423 vocat
1203 2381 1319 2431 eos,
1348 2366 1440 2434 qui
1474 2371 1672 2431 negent
1711 2361 1905 2414 Filium
1937 2359 2113 2428 ipsum

555 2481 676 2522 esse
701 2466 1062 2521 voluntatem,
1103 2458 1306 2526 impius
1339 2454 1585 2523 profecto
1627 2453 1790 2507 etiam
1815 2450 2115 2505 secundum

558 2559 908 2620 hoctn,cum
943 2551 1157 2604 illorum
1192 2555 1402 2616 partem
1421 2545 1686 2612 sequaris.
1707 2542 1780 2596 De
1825 2541 2118 2610 incipiente

558 2647 706 2702 enim
747 2652 803 2699 et
834 2641 1120 2696 desinente
1153 2638 1434 2690 voluntate
1469 2635 1674 2688 dictum
1703 2642 1788 2686 est
1829 2632 1990 2685 nobis
2029 2645 2118 2684 su-

561 2754 657 2809 pra
687 2733 952 2796 breviter,
985 2744 1166 2798 neque
1197 2743 1337 2796 opus
1373 2735 1458 2779 est
1487 2741 1631 2778 nunc
1666 2724 1946 2792 persequi,
1995 2737 2120 2776 cum

563 2833 882 2896 argumenta
966 2820 1111 2875 clare
1171 2826 1408 2888 pateant.
1439 2815 1558 2870 Jam
1613 2830 1756 2869 vero.
1798 2815 1840 2868 si
1897 2814 2130 2884 diversa

563 2926 698 2971 sunt
726 2931 754 2968 a
793 2914 904 2968 Deo
935 2922 996 2966 et
1023 2927 1051 2964 a
1085 2925 1141 2964 se
1177 2909 1410 2962 invicem
1443 2907 1700 2960 divinitas
1741 2915 1796 2960 et
1843 2905 1925 2958 vis
1951 2914 2007 2958 et
2033 2919 2120 2958 sa-

567 3009 772 3078 pientia
797 3015 854 3060 et
879 3002 1142 3057 sanctitas
1163 3009 1216 3054 et
1245 2999 1484 3060 bonitas,
1519 3008 1576 3051 et
1604 2997 1881 3051 diversum
1909 3009 2124 3064 semper

567 3099 826 3168 quodque
859 3113 886 3150 ιι
921 3107 1165 3164 quoque,
1215 3090 1568 3160 quteiendnm
1616 3098 1702 3143 est
1743 3088 2018 3158 quomodo
2056 3087 2127 3140 sit

2212 1995 2442 2061 δύναμις
2473 1993 2561 2044 καὶ
2595 1990 2757 2057 σοφία
2785 1987 2877 2039 καὶ
2931 1985 3156 2052 ἀγιότης
3201 1983 3292 2034 καὶ
3349 1981 3646 2048 ἀγαθότης,
3684 1978 3768 2028 καὶ

2211 2088 2468 2155 διάφορον
2505 2084 2590 2135 ἀεὶ
2619 2083 2848 2134 ἕκαστον
2879 2078 3133 2138 ἑκάστου,
3163 2075 3420 2144 ζητητέον
3444 2071 3564 2133 πῶς
3593 2071 3656 2124 ἂν
3690 2069 3768 2137 εἴη

2215 2178 2308 2231 τοῦ
2339 2175 2476 2228 Θεοῦ
2507 2175 2759 2232 ἕκαστον,
2793 2172 2841 2222 εί
2883 2169 3137 2237 διάφορον
3187 2165 3273 2234 εἴη
3311 2166 3500 2216 αὑτοῦ·
3537 2164 3632 2215 καὶ
3663 2164 3772 2224 πρῖες

2215 2270 2272 2323 ἓν
2331 2269 2412 2320 ἑνὶ
2467 2267 2562 2320 καὶ
2615 2263 2860 2332 ἀλλήλοις
2893 2257 3095 2330 ἄλληλα
3135 2257 3510 2327 συμφωνήσει.
3546 2255 3774 2322 διάφορα

2215 2363 2344 2416 ὄντα
2375 2359 2660 2425 ἀλλήλοιν·
2709 2356 2806 2408 καὶ
2861 2354 3090 2422 πότερον
3141 2350 3407 2419 πρότερον
3459 2347 3677 2400 τούτοιν
3713 2348 3774 2397 ἂν

2217 2455 2324 2522 εἴη,
2361 2451 2628 2510 δυαδικῶς
2665 2445 2807 2499 οὕτω
2849 2425 3312 2513 προερχομένων.
3339 2439 3472 2501 Θεὸς
3525 2437 3776 2496 suum;

2219 2561 2280 2598 τε
2313 2542 2408 2594 καὶ
2446 2537 2640 2610 ὁρατὸς
2691 2533 2833 2588 κατὰ
2864 2533 2941 2584 σέ·
2982 2531 3078 2584 καὶ
3119 2528 3219 2582 ποῦ
3249 2527 3306 2579 τὸ
3340 2526 3440 2596 τῆς
3487 2523 3776 2581 πολυθεῖας

2223 2636 2482 2703 στήσεται
2537 2626 2786 2695 ταυτησὶ,
2829 2625 2968 2675 κατὰ
3007 2620 3272 2686 συζυγίαν
3302 2618 3501 2671 οὑτωσὶ
3553 2631 3779 2684 προχω-

2225 2725 2429 2798 ρούσης
2465 2724 2554 2774 ἀεὶ
2595 2720 2730 2788 μετὰ
2761 2717 2853 2768 τοῦ
2903 2712 3146 2774 ἀτελοῦς.
3187 2711 3248 2764 Εἰ
3270 2709 3380 2778 γὰρ
3405 2708 3655 2776 ἀλλήλων
3691 2707 3778 2760 ἄλ-

2223 2795 2359 2881 ληλα
2407 2809 2672 2877 διαφέρει,
2703 2804 2996 2873 ἐστέρηται
3048 2799 3264 2860 πάντως
3291 2799 3543 2867 ἀλλήλων
3583 2795 3778 2866 ἄλληλα

2230 2905 2351 2958 καθ’
2382 2903 2443 2970 |l'.
2485 2901 2584 2953 145
2717 2897 2743 2948 ὃ
2771 2894 3034 2962 διαφέρει,
3065 2891 3160 2942 καὶ
3186 2890 3390 2955 γίνεται
3417 2888 3650 2956 δύναμις
3693 2887 3782 2955 μὲν

2227 2997 2451 3061 ἄσοφος,
2491 2989 2653 3056 σοφία
2703 2989 2744 3040 δ’
2777 2985 3066 3052 ἀδύναμος,
3121 2979 3214 3034 καὶ
3262 2979 3394 3038 Θεὸς
3441 2979 3648 3044 ἄσοφος
3697 2981 3784 3031 καὶ

2227 3087 2523 3150 ἀδύναμος,
2553 3087 2648 3132 καὶ
2677 3079 2761 3129 ἀεὶ
2798 3077 2940 3128 κατὰ
2971 3074 3060 3126 τὸν
3109 3072 3294 3140 ὅμοιον
3319 3069 3521 3140 τρόπον
3563 3071 3782 3138 ἐστερη-

569 3191 826 3260 quodque
857 3187 974 3250 Dei,
1007 3161 1066 3238 si,
1095 3184 1164 3236 ab
1189 3197 1258 3237 eo
1305 3181 1584 3236 diversum
1617 3181 1690 3234 sit
1718 3199 1732 3234 :
1775 3191 1829 3234 et
1852 3181 2123 3249 quomodo

2235 3179 2368 3248 μένα
2395 3174 2611 3226 πάντων
2652 3171 2868 3223 ἅπαντα
2899 3167 2995 3218 καὶ
3031 3163 3257 3232 δεόμενα
3283 3161 3532 3229 ἀλλήλων
3567 3161 3784 3228 ἄλληλα.

573 3296 741 3336 unum
777 3277 869 3331 uni
903 3286 960 3330 et
991 3273 1172 3328 omnia
1212 3273 1471 3326 omnibus
1509 3280 1958 3326 consonentcum
1987 3273 2131 3324 inter

571 3389 631 3427 se
659 3371 876 3424 diversa
917 3368 1050 3430 sint,
1093 3371 1255 3434 atque
1302 3377 1432 3416 num
1469 3363 1625 3432 prius
1653 3361 1723 3414 sit
1763 3361 1868 3426 bis,
1911 3376 2032 3429 quae
2059 3359 2131 3413 ita

569 3462 734 3534 304
767 3457 1086 3530 proveniant
1123 3470 1356 3510 numero
1375 3453 1548 3516 duali,
1589 3452 1731 3507 lleus
1763 3452 2039 3504 increatus
2077 3457 2133 3504 et

573 3551 808 3606 visibilis
857 3547 1157 3601 secundum
1189 3555 1240 3600 te
1268 3585 1282 3611 ,
1337 3553 1392 3598 ct
1430 3541 1705 3612 quomodo
1740 3539 1892 3594 mulli
1924 3538 2010 3593 dei
2037 3539 2094 3591 hi
2116 3579 2130 3603 ,

573 3641 666 3711 qui
707 3637 1118 3694 consociatione
1167 3636 1242 3689 ita
1291 3635 1590 3704 procedant
1625 3647 1841 3700 semper
1885 3639 2134 3684 conSIent

572 3747 698 3785 cum
729 3729 1074 3798 imperfecto.
1095 3726 1308 3780 Etenim
1343 3725 1387 3779 si
1411 3723 1594 3778 omnia
1626 3723 1766 3776 inter
1793 3738 1850 3775 se
1875 3720 2136 3775 differunt

577 3821 768 3876 orbata
797 3827 924 3872 sunt
969 3833 1027 3872 se
1065 3816 1299 3870 invicem
1333 3815 1422 3867 illa
1465 3813 1614 3882 quod
1658 3811 1724 3866 ad
1767 3811 2134 3865 diii‘erentiain

577 3913 794 3974 attinet,
823 3917 875 3962 et
905 3905 1086 3962 evadit
1132 3905 1213 3959 vis
1259 3905 1562 3973 insipiens,
1609 3902 1878 3972 sapientia
1921 3901 2136 3955 inlirma

577 4015 635 4060 et
665 4006 806 4058 Deus
834 4000 1101 4068 insipiens
1129 4006 1187 4052 et
1217 3997 1467 4050 intirmus
1492 4033 1507 4058 ,
1533 4002 1590 4048 et
1614 4009 1831 4062 semper
1858 3992 2025 4046 simili
2048 4005 2136 4044 ra-

582 4095 729 4148 tione
757 4091 893 4146 orba
923 4087 1180 4142 omnibus
1207 4085 1414 4149 omnia,
1449 4095 1506 4137 et
1528 4083 1772 4136 carentia
1801 4095 1858 4135 se
1879 4077 2136 4134 invicem.

578 4185 668 4240 Ait
691 4183 839 4238 enim
863 4181 1026 4234 etiam
1050 4176 1342 4246 Gregorius
1360 4173 1668 4242 Thcologus
1695 4189 1709 4225 :
1741 4191 1758 4222 ι
1777 4171 1908 4236 Quae
1935 4169 2138 4224 divini-

583 4275 709 4328 tatis
737 4271 1074 4340 impcrl‘ectte
1103 4266 1332 4329 utilitas,
1362 4266 1476 4318 sive
1511 4261 1693 4332 potius
1733 4277 1854 4331 qua:
1884 4249 2141 4314 est‘divi-

579 4367 741 4428 nitas,
777 4380 898 4432 qua:
928 4375 1036 4414 non
1070 4358 1142 4411 sit
1189 4356 1465 4426 perfecta;
1508 4356 1746 4424 perlecta
1779 4361 1963 4407 autem
2003 4365 2140 4420 quo-

580 4455 744 4509 mudo
787 4468 909 4506 esse
943 4459 1142 4520 potest,
1176 4447 1266 4502 cui
1299 4446 1442 4502 desit
1490 4446 1693 4515 aliquid
1737 4445 1806 4498 ad
1846 4441 2134 4512 perfectio-

2232 3268 2373 3338 Φησὶ
2411 3267 2517 3334 γὰρ
2552 3261 2646 3316 καὶ
2671 3264 2698 3314 ὀ
2729 3258 2990 3324 Θεολόγος
3027 3253 3345 3324 Γρηγόριος⁶
3379 3269 3399 3304 ‹
3441 3253 3484 3303 Τ
3490 3251 3542 3313 ίς
3573 3250 3787 3312 ἀτελοῦς

2233 3361 2487 3425 θεότητος
2517 3357 2741 3426 ὅνησιςς
2777 3351 2974 3421 μᾶλλον
3005 3348 3061 3402 δὲ
3081 3348 3164 3410 τίς
3195 3346 3382 3416 θεότης
3405 3348 3438 3412 ἡ
3469 3345 3548 3415 μὴ
3579 3344 3786 3406 τελείας

2233 3445 2428 3498 Τελεία
2459 3443 2516 3497 δὲ
2561 3441 2676 3503 πῶς
2713 3434 2746 3510 ᾖ
2781 3437 2957 3488 λείπει
2990 3451 3042 3486 τι
3077 3433 3212 3503 πρὸς
3239 3431 3560 3496 τελείωσιν;
3611 3431 3791 3484 Λείπει

2233 3537 2288 3590 δὲ
2318 3538 2532 3597 πάντως
2566 3533 2641 3603 μὴ
2671 3529 2868 3600 ἐχούσῃ
2915 3527 2976 3580 τὸ
3033 3527 3209 3595 ἅγιον.
3257 3524 3414 3594 Ἕχοι
3454 3523 3500 3577 δ’
3545 3523 3614 3576 ἂν
3656 3522 3787 3582 πῶς,

2239 3629 2313 3697 μή
2342 3625 2500 3679 τοῦτο
2531 3624 2762 3694 έχουσας
2804 3621 2864 3673 El
2918 3620 3025 3688 γὰρ
3055 3619 3188 3689 ἄλλη
3225 3634 3309 3680 τις
3358 3614 3512 3686 παρὰ
3564 3613 3718 3666 τοῦτο
3759 3609 3790 3677 ἡ

2235 3717 2476 3786 ἁγιότης,
2509 3715 2604 3767 καὶ
2631 3712 2787 3774 εἴτις
2816 3710 2954 3780 αὕτη
2986 3712 3206 3768 νοεῖται.
3247 3707 3450 3775 λεγέτω
3479 3706 3588 3768 τίς.
3631 3721 3652 3755 ι
3685 3699 3792 3756 Καὶ

2233 3813 2262 3864 ὁ
2298 3809 2467 3878 μέγας
2499 3803 2800 3867 Βασίλειος,
2831 3822 2850 3855 ι
2889 3803 2951 3854 Εί
2985 3802 3146 3870 φύσις
3175 3800 3348 3868 αὐτῷ,
3373 3799 3562 3868 φησὶν,
3585 3800 3612 3851 ὁ
3643 3799 3792 3864 ἁγια-

2236 3901 2368 3969 σμὸς
2397 3899 2471 3962 ὼς
2512 3897 2684 3964 Πατρ“ι
2740 3893 2834 3947 καὶ
2873 3893 3008 3960 Υίῷ,
3042 3893 3158 3955 πῶς
3201 3893 3384 3962 τρίτης
3420 3891 3541 3944 ἐστὶ
3577 3889 3670 3944 καὶ
3700 3887 3790 3942 ἀλ-

2233 3989 2447 4059 λοτρίας
2479 3991 2732 4057 φύσεως;
2769 4005 2787 4036 ι
2811 3985 2920 4038 Καὶ
2963 3983 3148 4048 πάλιν,
3188 4001 3207 4034 ι
3255 3983 3503 4050 Ἀγαθὸν,
3541 3983 3696 4052 φησὶ,
3737 3979 3792 4030 τὺ

2236 4079 2460 4150 Πνεῦμα
2507 4079 2580 4141 ὡς
2627 4078 2828 4147 ἀγαθὸς
2857 4077 2885 4128 ὁ
2915 4076 3103 4144 Πατὴρ
3146 4076 3241 4128 καὶ
3294 4072 3494 4141 ἀγαθὸς
3539 4076 3570 4124 ὁ
3614 4074 3678 4123 ὲκ
3703 4068 3790 4120 τοῦ

2235 4171 2444 4242 ἀγαθοῦ
2494 4170 2794 4238 γεννηθεὶς,
2845 4169 3032 4220 οὐσίαν
3086 4165 3222 4236 ἔχων
3266 4165 3364 4235 τὴν
3402 4164 3736 4233 ἁγαθότητα.
3769 4177 3788 4208 ι

2245 4265 2412 4336 Ὀρᾷς
2462 4264 2580 4326 πῶς
2609 4262 2708 4332 οὐχ
2755 4262 2938 4330 ἓτερον
2965 4259 3063 4327 τῆς
3093 4258 3272 4327 ἁπλῆς
3304 4258 3399 4310 καὶ
3441 4255 3593 4318 θείας
3617 4252 3794 4312 οὐσίας

2239 4357 2463 4423 ἁγιότης
2495 4354 2591 4407 καὶ
2629 4352 2905 4420 ἁγαθὸτης
2951 4351 3045 4403 καὶ
3069 4349 3316 4418 ἐνέργεια
3343 4348 3437 4400 καὶ
3457 4352 3524 4398 τὰ
3559 4345 3792 4404 τοιαῦτα,

2236 4447 2370 4500 ἀλλὰ
2409 4447 2629 4500 ταυτόν.
2693 4445 2845 4496 Ἐλοῦ
2904 4443 3102 4504 τοίνυν,
3143 4435 3188 4494 ὧ
3219 4438 3372 4494 καινὲ
3427 4439 3664 4504 (ιεολόγε,
3694 4434 3794 4486 τῶν

575 4534 743 4588 nem?
770 4534 923 4584 deest
943 4513 1156 4581 'autcm
1192 4527 1418 4580 omnino
1449 4538 1561 4580 non
1580 4513 1830 4580 illabenti
1859 4531 2123 4578 sanctum.

2241 4539 2507 4594 ἀσεϐειῶν
2545 4537 2814 4604 ὁποτέραν
2849 4535 3080 4596 ἐθέλεις.
3131 4533 3340 4594 Ἀθεῒας
3373 4533 3481 4598 γὰρ
3514 4530 3610 4582 καὶ
3639 4529 3794 4580 πολυ-

575 4624 866 4693 Quomodo
895 4632 1079 4674 autem
1112 4619 1329 4680 habeat,
1349 4619 1394 4672 si
1418 4619 1521 4673 hoc
1548 4632 1658 4672 non
1682 4615 1892 4670 habet?
1917 4615 2134 4670 Etenim
2163 4667 2198 4702 ὅ

577 4719 622 4772 si
647 4717 752 4770 alia
787 4727 951 4782 atque
984 4715 1085 4766 hoc
1109 4721 1194 4764 est
1229 4710 1510 4774 sanctitas,
1541 4723 1605 4762 ac
1634 4709 1676 4762 si
1702 4723 1808 4776 qua
1834 4721 1898 4760 ea
1928 4705 2134 4776 cogita-

581 4824 687 4874 tur,
719 4807 907 4866 dieito,
935 4803 1182 4873 quaeiEt
1205 4817 1434 4870 magnus
1455 4799 1708 4863 Basilius,
1749 4816 1767 4848 ι
1805 4799 1860 4854 Si
1895 4797 2137 4852 sanctiﬁ-

577 4903 722 4954 catio
749 4900 823 4960 ei,
856 4898 1058 4966 inquit,
1094 4905 1180 4948 est
1208 4903 1402 4947 natura
1433 4901 1493 4946 ut
1535 4893 1681 4946 Patri
1713 4901 1766 4944 et
1807 4891 1970 4955 Filio,
2001 4906 2137 4958 quo-

580 4995 743 5045 modo
776 4990 950 5044 tertia:
975 4997 1058 5041 est
1085 4995 1140 5039 et
1163 4988 1354 5039 alienae
1386 4984 1620 5038 natura?!
1651 4983 1745 5036 rEt
1775 4981 2136 5043 rursus,iBo-

581 5101 685 5139 nus
717 5092 823 5148 est,
855 5082 1052 5151 inquit,
1081 5079 1338 5149 Spiritus,
1369 5087 1428 5132 ut.
1448 5078 1624 5131 bonus
1639 5077 1799 5130 Pater
1817 5085 1872 5129 et
1891 5076 2068 5129 bonus
2093 5066 2140 5126 is

581 5177 675 5250 qui
720 5191 784 5230 ex
817 5175 962 5229 bono
991 5179 1283 5242 generatus
1309 5181 1416 5233 est,
1450 5168 1752 5223 essentiam
1801 5169 2012 5222 habens
2045 5168 2140 5220 bo-

581 5271 862 5321 nitatem.»
903 5261 1070 5317 Vides
1099 5277 1210 5315 non
1243 5260 1516 5314 diversam
1547 5274 1578 5310 a
1613 5257 1846 5326 simplici
1876 5268 1932 5311 et
1955 5257 2139 5311 divina

578 5358 818 5414 essentia
867 5371 990 5411 esse
1025 5353 1374 5409 sanctitatem
1408 5363 1464 5404 et
1495 5350 1792 5405 bonitatem
1821 5361 1876 5404 et
1901 5347 2141 5403 allicien—

585 5451 710 5503 tiam
743 5459 799 5503 et
827 5446 974 5510 talia,
999 5444 1096 5499 sed
1127 5441 1396 5496 eamdem.
1430 5439 1566 5495 Vide
1596 5439 1762 5508 igitur
1783 5479 1798 5503 ,
1823 5455 1856 5493 ο
1892 5439 2140 5506 theologe

579 5555 756 5604 nove,
781 5549 960 5591 utram
999 5533 1335 5602 impietatem
1395 5531 1592 5596 malis;
1633 5530 1990 5594 talia'venim,
2045 5545 2143 5598 per

581 5642 638 5684 se
673 5631 906 5683 invicem
924 5615 1146 5680 detecta
1169 5633 1225 5678 et
1252 5631 1442 5678 contra
1471 5639 1530 5678 se
1557 5622 1792 5677 invicem
1823 5622 2138 5692 pugnantia,

583 5721 680 5774 tibi
739 5719 977 5772 alierunt
1043 5716 1366 5770 barathrum
1438 5714 1710 5784 dogmatis
1775 5715 1984 5768 nullius
2046 5713 2142 5768 Dei

583 5821 635 5860 et
667 5807 960 5860 multorum
1014 5805 1263 5859 deorum.
1293 5803 1570 5859 Dissimile
1606 5805 1751 5858 enim
1807 5805 1860 5857 in
1893 5801 2143 5870 plurimis

2242 4630 2390 4691 θετας
2430 4628 2498 4680 τὰ
2527 4627 2748 4679 τοιαῦτα
2783 4627 2938 4693 φέρει
2991 4641 3072 4676 σοι
3132 4623 3398 4691 κρημνῦν,
3435 4621 3527 4672 ὑπ’
3557 4619 3794 4688 ἀλλήλοιν

2242 4717 2572 4786 ἐλεγχόμενα
2618 4715 2710 4766 καὶ
2759 4713 2882 4765 κατ’
2914 4711 3154 4780 ἀλλήλων
3188 4709 3567 4772 στασιάζοντα.
3602 4707 3674 4759 Τὸ
3703 4705 3794 4774 μὲν

2242 4810 2348 4878 γὰρ
2379 4811 2559 4863 ἄνισον
2607 4807 2665 4858 ἑν
2707 4807 2814 4866 τοῖς
2849 4803 3060 4863 πολλοῖς
3089 4801 3297 4870 ἐλέγχει
3335 4799 3396 4852 τὺ
3428 4799 3680 4869 διάφορον
3708 4794 3796 4848 καὶ

2242 4903 2554 4972 ἀσύμϐατον
2603 4900 2704 4968 τῆς
2755 4896 3059 4958 πολυθεῒας·
3095 4897 3127 4964 ή
3162 4894 3216 4946 δὲ
3274 4892 3526 4945 πολυθεῒα
3580 4885 3794 4958 συμφυᾶ

2243 4997 2340 5060 τὴν
2380 4993 2642 5062 διαφορὰν
2699 4990 2834 5060 πρὸς
2894 4989 3092 5058 ἑαυτὴν
3137 4983 3535 5048 στασιάζουσαν
3583 4981 3792 5052 ἔχουσα,

2245 5083 2382 5152 πρὸς
2407 5083 2498 5134 τὸν
2531 5080 2822 5132 ἀντίπαλον
2852 5079 2947 5146 τῆς
2975 5077 3162 5136 ἀθεῖας
3199 5077 3520 5142 ἀπρονὲπτως
3553 5070 3798 5138 μεταϋαί-

2247 5191 2357 5226 νειν
2421 5174 2662 5242 κρημνὸν
2718 5171 3041 5238 ἀναγκάζει,
3097 5167 3192 5221 καὶ
3248 5165 3452 5219 καπνὸν
3509 5164 3796 5230 φεύγοντας

2245 5267 2540 5334 ἐμπίπτειν
2571 5266 2650 5325 είς
2683 5262 2813 5333 πῦρ,
2851 5262 2910 5313 τδ
2953 5261 3051 5330 τῆς
3087 5258 3405 5326 παροιμίας.
3441 5257 3662 5306 Ἔπειτα
3691 5251 3795 5307 πῶς

2248 5359 2308 5410 τὸ
2355 5359 2610 5411 ἄκτιστον
2639 5355 2736 5406 καὶ
2765 5354 2927 5404 πόθεν
2979 5353 3012 5419 ὴ
3063 5351 3314 5418 ἐνέργεια
3369 5346 3555 5415 ἐσχεν;
3591 5343 3796 5406 Ἔξεστι

2251 5447 2358 5516 γὰρ
2399 5448 2530 5515 ἡμῖν
2569 5444 2666 5497 καὶ¹
2707 5443 2770 5495 τὸ
2813 5443 3068 5495 ἄκτιστον
3117 5441 3250 5492 αὐτὸ
3293 5438 3427 5508 πρὸς
3475 5437 3637 5490 ἑαυτὸ
3665 5430 3818 5506 κατὰ,

2248 5537 2348 5606 τὴν
2411 5537 2511 5604 σὴν
2560 5534 2834 5599 ἐξετάζειν
2895 5533 3045 5586 θέσιν
3071 5547 3085 5561 ·
3122 5533 3170 5583 εί
3207 5531 3314 5598 γὰρ
3375 5528 3597 5580 αὐτόθεν
3633 5526 3713 5590 εἰη
3743 5519 3798 5570 τὸ

2249 5629 2504 5680 ἄκτιστον
2541 5627 2816 5691 ἆκτιστον,
2870 5625 2971 5677 οὐκ
3021 5623 3087 5676 ἂν
3131 5622 3216 5689 είη
3263 5621 3554 5675 ἄκτιστον·
3593 5612 3797 5669 κτιστὸν

2249 5719 2356 5788 ἄρα
2403 5719 2464 5772 τδ
2508 5720 2784 5782 ἄκτιστον,
2827 5719 2921 5770 καὶ
2965 5715 3159 5786 κτιστὴ
3191 5714 3382 5782 θεότης
3415 5711 3474 5775 ἐξ
3507 5703 3796 5774 ἀνάγκηςή

2249 5812 2503 5873 ἄκτιστος
2535 5809 2782 5877 ἐνέργεια
2808 5827 2822 5842 ·
2853 5809 2946 5862 καὶ
2992 5807 3135 5860 οὕτω
3172 5824 3252 5858 σοι
3293 5805 3352 5856 τὸ
3401 5803 3560 5870 σοφὸν
3603 5799 3797 5868 ἠλίθιον
