4046 6290
431 342 534 402 269

433 547 494 598 τὸ
528 546 806 609 ἄκτιστον,
843 545 938 597 καὶ
965 544 1222 614 διάφορον
1250 546 1487 606 πάντως
1519 545 1566 596 εί
1609 543 1712 611 γὰρ
1749 543 1847 593 οὐκ
1879 540 1996 594 ἐστι

434 636 669 705 διαφορᾶ
705 636 842 708 πρὸς
882 637 1137 691 ᾶκτιστον
1181 639 1467 701 ἁκτίστου,
1495 638 1595 688 οὐκ
1643 635 1709 687 ἂν
1738 635 1826 700 εἴη
1856 634 1998 702 ἔχειν

434 727 580 781 κατὰ
607 727 667 779 σὲ
698 729 978 782 ἆκτιστον.
1014 728 1083 780 Ἦ
1119 726 1252 794 γοῦν
1287 725 1636 796 ἀνύπαρκτόν
1667 742 1750 776 σοι
1789 724 1999 791 γίνεται

437 821 495 872 τὸ
521 820 775 873 ἄκτιστον
792 819 971 881 τοῦτο,
1000 819 1034 888 ἥ
1061 819 1203 871 δυοῖν
1221 819 1466 889 θάτερον,
1491 819 1523 886 ἢ
1555 816 1998 869 ἀκτιστόκτιστον

436 913 468 979 ἧ
497 910 972 963 ἀκτιστοάκτιστον
993 913 1087 963 καὶ
1117 911 1251 980 πρὸς
1281 910 1440 962 ἑαυτὸ
1468 908 1754 970 στασιάζον
1779 908 2000 975 ,ἀνεὶγκη

434 1001 710 1068 λέγεσθαι.
739 1001 1020 1071 Γνώριμον
1051 1003 1189 1072 γὰρ,
1230 997 1311 1064 οἷς
1367 1001 1462 1055 καὶ
1507 999 1752 1053 ὁπωσοῦν
1781 1000 2003 1067 λογικῆς

439 1093 688 1160 μέτεστιν
709 1094 1038 1162 ἐπιστήμης,
1059 1093 1164 1146 τῶν
1192 1093 1498 1162 ὁμωνύμων
1521 1089 1658 1144 εἶναι
1683 1091 1778 1144 καὶ
1804 1091 2004 1160 ἥκιστα

434 1184 613 1252 ἁπλῆν
673 1185 770 1253 τὴν
802 1183 896 1236 τοῦ
936 1183 1080 1253 ἔχειν
1135 1186 1340 1253 φωνὴν,
1364 1184 1460 1236 καὶ
1495 1182 1570 1252 μὴ
1598 1183 1756 1249 μόνον
1797 1184 1864 1250 τῇ
1897 1181 2006 1233 τῶν

436 1275 541 1339 ἔξω
566 1275 748 1343 σοφῶν
776 1276 1053 1345 ἐπιστήμῃ
1081 1275 1278 1341 δοκεῖν,
1310 1276 1391 1327 ὅτι
1420 1273 1496 1344 μὴ
1525 1273 1620 1326 καὶ
1655 1275 1822 1325 πᾶσιν
1872 1271 2006 1333 ὁμοῦ

434 1369 545 1429 τοῖς
571 1367 679 1419 τῶν
704 1366 862 1420 θείων
878 1369 976 1435 τῆς
992 1367 1318 1431 Ἐκκλησίας
1342 1366 1626 1433 δογμάτων
1649 1367 1830 1431 σοφοῖς
1862 1364 2008 1417 διδα-

437 1458 676 1521 σκάλοις,
719 1457 780 1528 [ι’.
836 1459 938 1512 M5
967 1457 1042 1530 ιι]
1092 1453 1167 1512 ὧν
1212 1454 1293 1520 εἷς
1347 1459 1478 1528 ἡμῖν
1529 1457 1608 1518 είς
1667 1455 2009 1510 διδασκαλίαν

437 1551 745 1618 ἀποχρήσει
783 1549 1024 1618 τήμερον
1071 1549 1325 1618 Ἰωάννης
1355 1551 1382 1601 6
1414 1548 1554 1610 θεῖος
1597 1549 1660 1599 ὲκ
1693 1547 2007 1616 Δαμασκοῦ,

439 1639 498 1701 ὃς
548 1639 759 1707 ὀκταχῇ
787 1640 887 1706 τὴν
941 1637 1035 1691 τοῦ
1090 1637 1237 1707 ἔχειν
1267 1641 1402 1708 ἡμῖν
1447 1637 1673 1705 διαιρῶν
1707 1635 2006 1704 σημασίαν,

439 1731 562 1783 κατ’
591 1730 778 1782 οὐδένα
828 1729 891 1796 γέ
946 1745 1071 1782 τινα
1117 1728 1327 1782 τούτων
1369 1728 1573 1798 τρόπον
1621 1729 1688 1796 τῇ
1733 1727 1852 1796 θεία
1903 1727 1996 1778 καὶ

441 1822 786 1890 ἁπλουστάτη
811 1821 991 1891 ἐκείνῃ
1024 1821 1186 1888 φύσει
1209 1820 1268 1872 τὸ
1293 1819 1435 1889 ἔχειν
1454 1819 1630 1882 διδοὺς
1658 1817 1994 1888 εὑρίσκεται.

441 1912 564 1972 Πῶς
616 1914 724 1979 γὰρ
754 1910 972 1963 οἱασοῦν
1010 1909 1402 1980 μεσιτευούσης
1449 1907 1876 1978 ἀλλοτριώσεως,
1914 1909 2011 1961 καὶ

440 2004 535 2056 τοῦ
596 2002 808 2070 ἔχοντος
865 2002 928 2055 τὸ
986 2002 1240 2071 ἐχόμενον
1290 2001 1584 2070 διιστὼσης
1641 2001 1740 2070 μὲν
1782 2000 2007 2062 οὑτωσὶ,

445 2095 786 2161 συναγούσης
819 2093 863 2147 δ’
925 2093 1100 2156 ἄλλως
1147 2095 1239 2146 τὸν
1298 2093 1448 2145 νόθον
1479 2111 1536 2145 τε
1577 2094 1671 2145 καὶ
1719 2092 2009 2156 ἐπίκτητον

444 2191 669 2255 τρόπονς
703 2187 770 2240 "H
796 2185 905 2256 γὰρ
943 2186 1016 2248 ὡς
1049 2186 1237 2238 οὐσίαν
1265 2186 1502 2250 ἀνάγκη,
1536 2186 1691 2252 φησι,
1723 2183 1782 2234 τὸ
1811 2184 2010 2252 ἐχόμε-

447 2297 536 2330 νον
566 2281 632 2346 τῇ
667 2278 866 2348 ἐχούσῃ
898 2281 1134 2330 συνεῖναι
1169 2276 1346 2346 οὐσίᾳ,
1386 2274 1637 2346 καθάπερ
1675 2276 1888 2344 ἱμάτιον
1918 2276 2015 2327 καὶ

447 2373 600 2439 χεῖρα
632 2372 725 2422 καὶ
756 2369 923 2440 ἀγρὸν
953 2369 1046 2421 καὶ
1074 2369 1144 2422 τά
1188 2383 1250 2436 γε
1279 2368 1528 2430 τοιαῦτα,
1562 2369 1594 2438 ἢ
1631 2369 1705 2431 ὡς
1734 2368 2011 2438 συμϐεϐη-

446 2464 540 2524 κός
571 2478 586 2494 ο
621 2462 712 2514 καὶ
762 2460 920 2512 τοῦτο
981 2459 1104 2529 διχῆ
1155 2479 1270 2524 πως
1303 2455 1369 2513 αὖ
1405 2459 1906 2530 ὑποδιαιρούμενον,
1935 2460 2016 2521 εἴς

446 2569 505 2603 τε
561 2551 658 2620 τὴν
705 2550 812 2602 τῶν
853 2550 1136 2620 χωριστῶν
1170 2549 1371 2619 δηλαδὴ
1407 2551 1503 2602 καὶ
1538 2549 1644 2602 τῶν
1688 2565 1751 2616 γε
1790 2549 2011 2618 μηδαμῆ

448 2645 833 2715 χωριζομένων
888 2642 1140 2712 δύναμιν.
1191 2642 1266 2694 Τὸ
1333 2643 1430 2712 μὲν
1493 2641 1600 2710 γὰρ
1653 2641 2014 2710 ἐνδεχομένως

447 2733 591 2804 ἔχειν
615 2733 834 2800 λέγεται
871 2737 961 2787 καὶ
995 2732 1091 2801 μὴ,
1129 2732 1252 2787 καθ’
1284 2733 1311 2784 ὃ
1352 2749 1415 2799 γε
1448 2732 1845 2802 σημαινόμενον
1877 2731 2019 2782 ὲνδέ-

450 2822 641 2893 χεσθαί
674 2840 850 2889 φαμεν
896 2822 1130 2890 βαδίζειν
1182 2822 1241 2874 τὸ
1296 2821 1606 2892 βαδιστικδν
1640 2821 1736 2873 καὶ
1791 2821 2016 2872 τούναν-

451 2913 560 2965 τίον
591 2909 657 2965 αῦ
703 2915 777 2981 μὴ
809 2913 1065 2982 βαδίζειν·
1099 2914 1158 2966 τὸ
1207 2914 1264 2967 δὲ
1318 2913 1442 2968 καθ’
1474 2913 1590 2977 ἕξιν
1631 2915 1728 2965 καὶ
1776 2911 2016 2965 διάθεσιν

449 3001 592 3071 ἔχειν
619 3001 856 3069 λέγεται,
888 3000 962 3062 ὡς
991 2999 1166 3070 μέλιτι
1202 3000 1404 3071 δηλαδὴ
1433 3003 1860 3071 συμπεφυκυῖαν
1887 2999 2018 3068 γλυ-

1433 334 1869 396 ΒΥΖΛΝἸῚΝᾹΞ
1902 333 2282 393 HISTORle
2323 334 2462 395 LIB.
2510 333 2688 391 XXX.

432 453 830 520 ἀναπέφανται.
889 453 951 504 Εἰ
1007 451 1049 502 δ’
1094 451 1290 516 ἔξωθεν
1336 450 1450 520 ἔχει
1489 452 1547 502 τὸ
1577 451 1832 504 ἄκτιστον
1870 444 2008 500 εἶναι

2126 448 2462 516 'cprehcndit
2542 446 2890 517 polythcismi

3555 328 3661 394 270

2971 445 3414 509 absurditatcm;
3471 444 3668 515 dogma

2104 540 2643 593 autem.tnullormn
2708 538 2936 592 deorum
3003 554 3126 592 cum
3205 536 3502 606 ingenitam
3569 536 3670 589 ba-

2105 631 2227 684 beat
2273 630 2433 700 305
2490 630 2858 684 differentiam
2937 644 3119 684 secum
3196 636 3550 698 pugnantem,
3599 627 3670 680 ad

2105 720 2444 772 contrarium
2522 718 2832 788 negationis
2884 721 3047 773 unius
3101 718 3196 773 Dei
3249 733 3317 772 ex
3389 717 3671 787 inopinato

2108 811 2342 863 transire
2399 811 2718 864 barathrum
2771 811 2938 880 cogit,
2970 820 3026 864 et
3069 817 3156 874 ut,
3189 824 3313 863 cum
3349 808 3558 862 fumum
3587 810 3672 864 fu-

2106 902 2307 966 gimus,
2334 900 2387 954 in
2415 901 2593 969 ignem
2623 901 2922 954 secundum
2963 900 3312 969 prmerbiutu
3343 901 3669 956 incidamus.

2108 991 2314 1044 Deinde
2341 993 2616 1059 quomodo
2641 1003 2694 1045 et
2720 992 2863 1046 unde
2894 992 3186 1046 cllicientia
3216 992 3430 1060 accepit
3460 995 3670 1046 increav

2110 1091 2223 1136 tum
2251 1081 2275 1135 ?
2309 1081 2459 1138 Licet
2491 1085 2636 1136 enim
2664 1083 2825 1138 nobis
2845 1085 3008 1137 etiam
3041 1085 3096 1136 in
3144 1084 3319 1151 ipsum
3348 1085 3670 1136 cinereatum

2109 1191 2206 1243 per
2263 1190 2322 1229 se
2393 1175 2698 1229 secundum
2758 1186 2904 1228 tuam
2963 1174 3243 1244 inquirere
3297 1175 3674 1230 tltesinzetev

2111 1268 2220 1320 nini
2281 1267 2326 1321 si
2372 1282 2439 1320 ex
2489 1282 2547 1321 se
2611 1269 2915 1322 increattnn
2961 1277 3106 1322 esset
3164 1267 3506 1333 increatum,
3564 1282 3674 1321 non

2109 1346 2267 1414 esset.
2292 1359 2635 1424 increatum;
2664 1360 2962 1414 incrcatum
3001 1359 3167 1429 igitur
3203 1367 3288 1414 est
3324 1368 3566 1413 creatum
3588 1369 3677 1421 ,ct

2112 1451 2399 1505 elﬁcientia
2432 1451 2674 1506 increata
2717 1453 3030 1506 necessario
3061 1461 3146 1504 est
3175 1452 3436 1506 divinitas
3455 1461 3634 1507 creata
3661 1471 3674 1506 :

2111 1552 2166 1596 et
2212 1543 2318 1596 hoc
2350 1543 2513 1595 modo
2545 1543 2811 1610 sapientia
2847 1543 2945 1597 tibi
2981 1543 3094 1596 visa
3137 1552 3224 1596 est
3271 1543 3526 1598 stultitia.
3579 1543 3677 1597 Sin

2116 1642 2298 1687 autem
2332 1635 2680 1688 extrinsecus
2713 1633 3021 1688 increatum
3065 1635 3276 1701 habet,
3341 1645 3403 1689 ut
3469 1637 3538 1688 sit
3593 1635 3677 1688 in-

2119 1733 2408 1788 crcatum,
2471 1724 2634 1778 etiam
2710 1726 2990 1800 diversum
3049 1734 3132 1781 est
3217 1727 3464 1781 omnino.
3527 1726 3679 1780 Etc-

2121 1817 2232 1871 nim
2290 1818 2333 1870 si
2394 1818 2607 1871 nullum
2673 1827 2760 1872 est
2824 1818 3122 1873 discrimen
3179 1819 3322 1872 inter
3378 1821 3675 1872 incrcatum

2113 1919 2171 1962 et
2222 1909 2522 1964 incrcatum
2552 1949 2567 1973 ,
2600 1925 2706 1964 non
2741 1919 2936 1980 potest,
2973 1923 3031 1962 ιιι
3083 1921 3135 1964 ιιι
3173 1911 3435 1980 opinaris.
3464 1911 3677 1964 increa-

2117 2009 2232 2053 tum
2275 2001 2477 2054 habere
2513 2007 2836 2054 ini-reatum.
2857 2001 3016 2056 Certe
3048 2011 3141 2054 aut
3167 2002 3468 2056 substantia
3487 2016 3680 2054 carens

2117 2090 2216 2145 tibi
2245 2093 2425 2146 evadit
2450 2092 2753 2146 incrcatnm
2801 2095 2924 2156 hoc,
2961 2100 3055 2146 aut
3097 2093 3445 2155 alterutrum,
3477 2103 3570 2145 aut
3598 2094 3678 2146 in-

2116 2193 2550 2238 crcatocreatum
2577 2224 2590 2248 ,
2628 2194 2721 2238 aut
2777 2184 3354 2247 increatoincreatum,
3395 2200 3450 2239 ct
3492 2201 3678 2238 secum

2121 2290 2369 2344 pugnans
2403 2290 2628 2330 necesse
2659 2283 2742 2329 est
2787 2275 2997 2328 vocari.
3050 2275 3250 2329 Notum
3293 2285 3376 2329 cst
3404 2276 3550 2329 enim
3586 2275 3676 2335 iis.

2118 2369 2215 2438 qui
2247 2369 2797 2438 quantulumcunque
2845 2368 3034 2436 logicas
3080 2375 3209 2421 sunt
3242 2367 3421 2437 gnari,
3457 2383 3681 2422 eorum.

2117 2461 2244 2516 dem
2279 2461 2564 2514 nominum
2596 2475 2719 2515 esse
2770 2471 2823 2515 et
2853 2461 3077 2514 minime
3109 2459 3410 2528 simplicem
3440 2457 3678 2529 habendi

2121 2569 2346 2617 vocem,
2403 2561 2460 2607 ct
2494 2554 2598 2606 hoc
2650 2568 2759 2607 non
2788 2555 2950 2607 modo
2983 2552 3289 2622 sapientum
3315 2551 3408 2621 qui
3448 2567 3515 2604 ex
3555 2567 3684 2620 pro.

2121 2648 2265 2700 {aliis
2293 2655 2421 2699 sunt
2449 2646 2694 2700 scientia:
2719 2645 2958 2713 placere,
2993 2645 3088 2699 sed
3122 2645 3295 2698 multo
3327 2645 3496 2715 magis
3517 2645 3680 2698 etiam

2123 2738 2380 2792 omnibus
2403 2737 2564 2791 simul
2592 2736 2902 2790 divinorum
2927 2736 3181 2812 Ecclesia:
3209 2736 3520 2805 dogmatum
3551 2753 3686 2803 pras-

2124 2827 2440 2897 ccptoribus
2495 2826 2840 2895 sapientibus
2872 2867 2886 2891 ,
2953 2841 3190 2894 quorum
3247 2841 3390 2879 unus
3427 2826 3586 2879 nobis
3617 2826 3684 2879 ad

2126 2918 2525 2972 institutionem
2555 2915 2789 2971 sufﬁciet
2842 2917 3007 2971 hodie
3043 2915 3285 2972 Joannes
3333 2916 3552 2970 divinus
3590 2919 3688 2969 υσ-

2129 3025 2446 3075 mascenus,
2502 3010 2595 3078 qui
2623 3024 2746 3063 eum
2798 3011 2972 3063 octies
3005 3009 3245 3063 habendi
3277 3009 3435 3063 nobis
3478 3009 3688 3064 dividat

450 3092 661 3162 κύτητα
696 3093 789 3145 καὶ
833 3093 974 3161 χιόνι
1003 3092 1306 3163 λευκότητα
1336 3093 1431 3144 καὶ
1479 3093 1679 3160 γνῶσιν
1707 3091 2019 3164 ἀνθρωπίνῃ

2129 3102 2607 3174 signiﬁcationem,
2644 3101 2797 3155 nullo
2830 3106 3027 3155 horum
3059 3103 3222 3156 tnodo
3244 3100 3442 3157 divina.-
3472 3111 3524 3155 ct
3560 3103 3689 3156 sim-

452 3185 624 3255 ψυχῇ.
656 3179 760 3237 τΩν
786 3185 1041 3240 ἁπάντων
1087 3185 1145 3239 ἓν
1182 3183 1466 3239 ὁποιονοῦν
1503 3185 1644 3237 ἔστω
1683 3183 2017 3253 ὁποτέρωθεν

454 3276 696 3345 εἰληφὼς
749 3279 816 3345 τῇ
873 3277 992 3346 θείᾳ
1043 3279 1410 3346 κυριωνυμεῖν
1463 3278 1560 3329 καλ¹
1605 3276 1748 3345 ἁπλῇ
1779 3275 2020 3345 βούλοιτο

453 3369 635 3437 φύσει,
679 3369 810 3421 ῐστω
865 3366 1181 3436 περιφανῶς
1232 3367 1602 3438 άμαρτάνωνυ
1656 3368 1854 3438 χρῆσιν
1893 3365 2017 3442 ’γὰρ

454 3459 762 3529 ἀνθρώποις
822 3459 1086 3528 ὑπάρχειν
1124 3460 1152 3512 6
1191 3458 1364 3529 μέγας
1414 3458 1485 3511 τὰ
1543 3458 1784 3528 ὀνόματα
1817 3459 2019 3527 φάσκει

456 3553 734 3615 Βασίλειος
793 3551 929 3621 πρὸς
983 3549 1188 3618 γνῶσιν
1242 3550 1340 3602 καὶ
1383 3548 1649 3618 διαίρεσιν
1699 3549 1900 3601 οὐσιῶν
1929 3548 2021 3601 καὶ

456 3646 566 3699 τῶν
619 3647 746 3716 περὶ
798 3645 896 3707 τὰς
941 3642 1127 3706 οὐσίας
1191 3642 1590 3713 ἐπινοηθέντων
1648 3643 2018 3712 πραγμάτων.

467 3734 541 3808 Ὃ
582 3755 634 3805 γε
665 3738 758 3789 καὶ
789 3737 932 3791 πάνυ
968 3753 1019 3788 τι
1049 3735 1256 3788 δέδοται
1294 3735 1552 3804 φορτικὸν
1579 3735 1675 3787 και¹
1712 3733 2022 3800 ἀπόϐλητον

460 3830 805 3900 συμϐεϐηκός
834 3845 885 3881 τι
919 3827 1219 3897 προσάγειν
1267 3829 1332 3896 τῇ
1366 3826 1486 3896 θείᾳ
1513 3825 1673 3890 φύσει
1702 3825 1797 3877 καὶ
1824 3823 2024 3876 ἁπλου-

460 3924 653 3991 στάτη.
691 3921 764 3973 Τὸ
807 3919 916 3989 γὰρ
949 3917 1316 3989 συμὸεόηκὸς,
1347 3918 1530 3986 φησιν,
1562 3917 1593 3986 ἢ
1642 3917 2026 3983 συμπέφυκεν,

459 4013 494 4082 ἦ
528 4011 797 4080 ἐνδέχεται
834 4008 1098 4076 ὑπάρχειν
1128 4009 1220 4058 καὶ⁹
1245 4006 1322 4075 μὴ
1353 4005 1638 4075 ὑπάρχειν.
1677 4004 1815 4056 Ἀλλ’
1847 4006 1895 4056 εἰ
1928 4004 2028 4072 μὲν

463 4103 841 4171 συμπέφυκεν,
877 4101 1087 4168 ἀνάγκη
1122 4099 1200 4169 τῷ
1232 4098 1354 4170 Θεῷ
1405 4101 1499 4151 καὶ
1541 4099 1732 4150 οὐσίαν
1765 4098 1863 4150 xui.
1889 4116 2028 4166 συμ-

464 4190 698 4258 ϐεϐηκὸς
715 4187 876 4241 εἶναι·
909 4187 970 4252 ἐξ
995 4187 1242 4256 ἀνάγκης
1262 4186 1371 4256 γὰρ
1399 4187 1468 4238 τὰ
1488 4187 1710 4238 τοιαῦτα
1739 4186 2027 4254 συμϐαίνει

459 4280 540 4344 οἷς
572 4281 938 4351 σδμὸέὸηκεν.
974 4278 1034 4331 Εἰ
1059 4279 1105 4332 δ’
1125 4277 1476 4346 ἐνδεχόμενον
1504 4316 1519 4338 ,
1557 4276 1710 4329 ἔσται
1747 4281 1842 4329 καὶ
1869 4279 2030 4346 ἀγέν-

463 4391 622 4445 νητος
644 4375 672 4427 6
693 4371 946 4441 γεννητὸς
981 4369 1112 4422 ποτὲ
1138 4369 1407 4422 καὶπάνθ’
1446 4368 1670 4438 ὁμοίως,
1702 4369 1803 4422 ὅσα
1831 4371 2030 4439 δήπου-

2119 3193 2427 3266 plicissima:
2445 3191 2522 3245 illi
2542 3201 2748 3246 natura:
2771 3207 2960 3246 vocem
2987 3192 3224 3247 habendi
3252 3193 3497 3248 tribuens
3524 3193 3686 3262 303

2123 3285 2416 3354 reperitur.
2467 3282 2573 3348 Qui
2601 3282 2748 3335 enim
2777 3291 2982 3352 potest,
3019 3298 3144 3338 cum
3177 3285 3317 3337 ratio
3347 3284 3522 3337 aliena
3559 3300 3692 3352 qua.-

2121 3376 2411 3444 liscunque
2460 3373 2782 3440 intercedat,
2829 3384 2885 3428 et
2917 3376 2987 3428 ita
3025 3375 3275 3446 sejungat
3321 3375 3569 3429 habitum
3621 3376 3690 3428 ab

2130 3467 2391 3530 habente,
2425 3464 2662 3519 adducat
2693 3475 2872 3521 autem
2917 3466 3079 3521 aliter
3109 3468 3331 3521 modum
3359 3469 3610 3537 Spurium
3637 3479 3692 3522 et

2127 3557 2514 3612 adscititium?
2549 3555 2654 3609 Aut
2704 3557 2849 3610 enim
2907 3566 2967 3611 ut
3009 3559 3301 3614 essentiam
3331 3575 3554 3614 necesse
3587 3571 3689 3623 est,

2128 3648 2330 3717 inquit,
2345 3647 2595 3701 habitum
2627 3647 2848 3702 habenti
2891 3651 3241 3718 conjunctum
3269 3664 3388 3704 esse
3415 3653 3690 3713 essentne,

2131 3739 2274 3793 sicut
2324 3747 2531 3793 vestem
2565 3745 2621 3791 et
2653 3753 2873 3791 manum
2909 3747 2964 3793 et
3012 3755 3202 3808 agrum
3235 3749 3290 3794 et
3317 3741 3466 3804 talia,
3514 3753 3605 3795 aut
3635 3755 3693 3795 ut

2131 3825 2385 3880 accidens
2417 3866 2432 3890 ,
2473 3834 2639 3893 atque
2683 3826 2794 3880 hoc
2840 3826 2924 3880 bis
2984 3843 3176 3883 rursus
3222 3828 3588 3896 subdivisum,
3637 3833 3692 3885 in

2131 3915 2433 3968 divisorum
2466 3915 2731 3968 nimirum
2761 3923 2819 3969 et
2847 3917 3208 3971 indivisorum
3232 3918 3363 3984 vim,
3389 3919 3520 3974 illud
3548 3921 3692 3975 enim

2131 4019 2199 4058 ex
2227 4003 2471 4072 potentia
2514 4001 2717 4057 habere
2754 4002 2956 4057 dicitur
3003 4012 3060 4058 et
3092 4018 3201 4058 non
3229 4019 3295 4058 ex
3324 4007 3567 4074 potentia
3607 4021 3696 4060 se-

2133 4093 2370 4148 cundum
2411 4092 2861 4163 signiﬁcationem
2910 4109 3068 4162 posse
3113 4093 3349 4148 dicimus
3373 4094 3522 4162 gradi
3548 4099 3696 4164 quod

2133 4181 2434 4253 gradiendo
2470 4182 2729 4238 idoneum
2756 4195 2839 4239 est
2869 4193 2928 4239 et
2964 4184 3303 4239 contrarium
3341 4199 3535 4239 rursus
3586 4199 3696 4238 non

2135 4272 2286 4343 gradi
2318 4290 2331 4326 :
2361 4274 2467 4326 hoc
2497 4282 2681 4328 autem
2707 4289 2776 4328 ex
2802 4274 2994 4331 habitu
3022 4283 3078 4330 et
3111 4274 3468 4344 dispositione
3495 4276 3698 4331 habere

2135 4364 2360 4428 dicitur,
2390 4373 2452 4418 ut
2483 4365 2630 4418 melli
2661 4365 2923 4421 nimirum
2959 4377 3271 4421 concretam
3299 4365 3647 4426 dulcedinem
3680 4410 3695 4433 ,

463 4469 555 4520 θεν
581 4465 902 4527 ἀντίκειται,
933 4463 1134 4532 γνῶσις
1158 4461 1251 4515 καὶ
1280 4462 1355 4532 μὴ
1380 4461 1834 4530 γνῶσις-,δύναμίς
1852 4480 1910 4514 τε
1939 4464 2019 4515 ml

2141 4455 2253 4508 nivi
2315 4448 2696 4522 albitudinem,
2749 4458 3114 4528 cognitionem
3166 4459 3450 4514 hominum
3517 4460 3700 4514 animo

468 4560 548 4628 μὴ
573 4557 823 4626 δύναμις,
860 4556 956 4608 καὶ
986 4553 1055 4607 τά
1083 4570 1145 4621 γε
1168 4552 1344 4624 δήπου
1377 4551 1740 4623 παραπλήσια
1768 4554 1877 4607 τῶν
1907 4553 2031 4606 ἀτό-

468 4663 587 4696 πων
625 4644 721 4712 τῆς
744 4640 996 4702 ἀσεϐείας
1038 4641 1320 4709 ῥημάτων.
1350 4638 1472 4691 ’Ὀτι
1499 4639 1555 4691 δὲ
1579 4640 2035 4708 καταχρηστικῶς

468 4735 530 4787 τὸ
553 4733 696 4803 ἔχειν
742 4734 834 4783 ἐπὶ
858 4730 992 4783 Θεοῦ
1021 4728 1256 4796 λέγεται,
1297 4727 1537 4781 δείκνυσι
1569 4728 1664 4782 νῦν
1699 4729 1794 4780 καὶ
1827 4730 1854 4780 6
1897 4727 2034 4790 θεῖος

470 4827 880 4893 Χρυσόστομος,
911 4821 1104 4889 λέγων,
1144 4838 1163 4870 ι
1200 4820 1370 4873 Ὅταν
1399 4821 1640 4888 ἀκούσῃς
1672 4820 1755 4871 ὅτι
1788 4818 1976 4886 ὥσπερ
2009 4821 2036 4870 6

477 4920 664 4985 Πατὴρ
696 4918 752 4967 ὲν
782 4914 959 4983 ἑαυτῷ
982 4912 1128 4982 ζωὴν
1151 4912 1284 4982 έχει,
1315 4910 1484 4974 οὕτως
1509 4910 1673 4964 ἔδωκε
1696 4915 1790 4963 καὶ
1819 4913 1893 4981 τῷ
1933 4911 2038 4980 ι’ίῴ

476 5013 619 5080 ζωὴν
650 5010 795 5079 ἔχειν
834 5009 930 5060 καὶ
957 5005 1206 5071 ἐξουσίαν
1252 5003 1414 5074 ἔχειν,
1456 5004 1530 5074 μὴ
1560 5003 1808 5057 σύνθεσιν
1839 5003 2039 5058 ὑπολά-

477 5103 595 5174 εῃς·
631 5100 755 5170 μηδ’
783 5099 910 5150 ὅταν
939 5095 1178 5166 ἀκούσῃς
1213 5096 1294 5147 ὅτι
1324 5097 1382 5148 ὲν
1424 5096 1570 5180 αὐτῶ
1611 5095 1725 5165 ζωὴ
1762 5091 1852 5165 ἦν,
1887 5096 2040 5164 νομί-

479 5207 576 5260 an;
609 5191 690 5241 ὅτι
729 5186 977 5248 σύνθετος
1027 5182 1096 5255 ἦν
1119 5200 1132 5213 ·
1162 5183 1370 5253 προῖὼν
1401 5185 1507 5256 γὰρ
1539 5187 1723 5254 φησὶν,
1756 5183 1898 5250 Ἐγώ
1926 5187 2040 5251 εἰμι

475 5283 508 5350 ἡ
537 5281 675 5349 ζωή.
707 5299 724 5330 ι
749 5278 913 5330 ’Ὥστε
941 5293 1032 5328 σου
1063 5274 1491 5344 βοσκηματώδης
1521 5277 1553 5345 ἡ
1579 5275 1737 5343 σοφία
1765 5274 2042 5327 κάνταῦθα

477 5373 875 5438 ἀναπέφανται,
932 5368 1164 5435 λέγουσα
1220 5367 1618 5437 παραπλησίως
1655 5369 1904 5436 καθάπερ
1953 5369 2045 5418 ἐπὶ

477 5464 766 5532 ἀνθρώπου
798 5461 893 5514 καὶ
925 5459 1094 5524 λίθου,
1133 5472 1273 5512 ουτω
1315 5459 1406 5510 καὶ
1436 5459 1532 5509 τοῦ
1563 5459 1696 5512 Θεοῦ
1730 5458 1826 5528 τὴν
1857 5457 2044 5510 οὐσίαν

481 5557 618 5625 μετὰ.
659 5552 766 5605 τῶν
824 5550 1066 5619 φυσικῶν
1114 5549 1178 5621 [ι.
1214 5549 1314 5602 ιιι
1345 5547 1417 5619 ι·.]
1466 5548 1591 5616 περὶ¹
1625 5549 1791 5619 αὐτὴν
1827 5549 2044 5599 πάντων

483 5642 957 5713 συλλαμῦανεσθαι
993 5645 1100 5703 τοῖς
1149 5641 1424 5711 ὁρίζεσθαι
1455 5640 1694 5690 θέλουσι·
1745 5646 1805 5690 τὸ
1841 5641 1947 5707 γὰρ
1979 5641 2041 5690 ἐκ

481 5737 739 5794 τοιούτων
794 5734 1146 5804 συγκείμενον
1200 5730 1402 5806 ἀμερὲς
1471 5732 1569 5784 οὐκ
1627 5732 1690 5782 ἂν
1748 5732 1873 5799 εἴη,
1936 5730 2042 5783 οὐδ’

2143 4547 2458 4613 tribuimus,
2515 4564 2748 4617 quorum
2784 4552 3032 4603 omnium
3095 4567 3262 4606 unum
3315 4552 3701 4620 qualecunque

2140 4654 2207 4693 ex
2239 4639 2450 4694 utravis
2501 4649 2653 4708 parte
2675 4641 2723 4695 si
2761 4641 2884 4710 quis
2913 4657 3136 4697 sumens
3173 4643 3372 4696 divina:
3423 4642 3700 4711 prepriam

2143 4747 2332 4784 vocem
2365 4731 2611 4785 tribuere
2641 4743 2697 4786 et
2721 4733 2952 4798 simplici
2984 4734 3116 4790 velit
3150 4745 3375 4799 natura,
3419 4745 3604 4803 aperte
3645 4749 3704 4788 se

2142 4838 2330 4877 errare
2355 4822 2511 4876 sciat.
2544 4823 2712 4878 Usum
2744 4825 2888 4877 enim
2924 4825 3241 4879 hominibus
3265 4837 3558 4894 suppetere
3591 4844 3706 4879 nia-

2144 4927 2283 4980 gnus
2318 4913 2370 4965 in
2406 4913 2719 4967 nominibus
2776 4914 2909 4968 dicit
2956 4914 3188 4970 Basilius
3215 4916 3281 4968 ad
3335 4918 3704 4986 cognitionem

2143 5016 2199 5060 et
2233 5007 2557 5061 divisionem
2614 5008 2978 5063 essentiarum
3031 5019 3088 5063 et
3125 5024 3304 5063 rerum
3343 5010 3398 5064 in
3449 5011 3708 5066 essentiis

2144 5099 2486 5168 cognitarum
2523 5138 2537 5162 ,
2598 5114 2704 5166 qua
2748 5115 2805 5153 re
2843 5099 3075 5153 maxime
3131 5115 3450 5154 concessum
3501 5114 3584 5157 est
3623 5104 3706 5156 in-

2145 5190 2491 5242 commodum
2526 5199 2581 5242 ct
2612 5191 2882 5259 adjectum
2915 5190 3168 5244 accidens
3200 5192 3480 5247 atribuere
3506 5194 3708 5248 divina»:

2148 5287 2356 5331 natura:
2390 5288 2444 5330 et
2477 5279 2921 5356 simplicissime.
2966 5279 3234 5334 Accidens
3278 5282 3459 5345 enim,
3491 5281 3584 5344 ait,
3615 5293 3709 5337 aut
3795 5271 3799 5274 ’

2147 5368 2390 5419 innatum
2414 5377 2520 5430 est,
2543 5377 2637 5419 aut
2666 5375 2842 5434 potest
2874 5377 3162 5436 suppetere
3186 5379 3236 5422 et
3258 5386 3364 5426 neu
3383 5388 3442 5424 su
3453 5381 3706 5439 ppctcrc;

2149 5458 2243 5512 sed
2277 5459 2321 5511 si
2374 5457 2621 5510 innatum
2655 5467 2760 5517 est,
2793 5473 3019 5512 necesse
3056 5470 3139 5513 est
3185 5460 3296 5515 Deo
3324 5471 3379 5515 et
3417 5464 3711 5516 CSSCIIllz‘tlil

2149 5557 2203 5601 et
2235 5547 2495 5600 accidens
2539 5562 2679 5609 esse,
2719 5551 3032 5604 necessario
3067 5553 3210 5604 enim
3247 5554 3372 5604 talia
3414 5554 3709 5614 accidunt,

2150 5641 2310 5711 307
2357 5639 2560 5707 quibus
2597 5641 2954 5708 acciderunt;
3008 5645 3090 5694 sin
3122 5655 3302 5696 autem
3331 5658 3451 5695 esse
3484 5658 3654 5710 putrsi
3698 5688 3712 5704 ,

2153 5733 2254 5787 erit
2301 5739 2600 5804 generatus
2641 5732 2932 5804 aliquando
2971 5733 3134 5788 etiam
3176 5747 3281 5787 non
3315 5743 3629 5804 generatus,
3655 5748 3714 5796 η
