4046 6290
452 355 553 416 271

1622 360 2033 421 NICEPHORI
2082 362 2459 423 GREGOIL‘E

3584 371 3683 433 27?.

444 477 632 530 omnia
668 477 838 530 simili
898 480 1111 534 ratione
1165 495 1505 550 qumcunquc
1556 478 1805 547 opposita
1847 487 2011 544 sunt,

2119 480 2343 541 ἁπλοῦν,
2389 482 2523 534 ἀλλὰ
2554 480 2823 547 σύνθετον,
2865 480 2967 545 xii
3012 476 3085 533 ὧν
3123 482 3430 536 suntid”:
3474 486 3679 551 μεριζό-

444 568 693 638 cognitio
724 578 781 624 et
810 586 932 639 qure
962 587 1072 626 non
1105 580 1189 627 est
1222 573 1486 641 cognitio,
1518 572 1601 624 vis
1630 581 1683 624 et
1715 586 1836 639 qua:
1867 571 2021 624 simi-

452 656 524 709 lia
552 665 680 708 sunt
706 672 769 711 ex
798 658 997 727 ineptis
1029 661 1325 729 impietatis
1353 658 1561 713 verbis.
1601 658 1905 727 lmproprie
1924 673 2021 711 au-

451 756 562 801 tem
598 748 803 803 habere
857 749 924 802 de
975 751 1086 804 Deo
1134 751 1241 803 dici
1291 750 1632 803 demonstrat
1658 765 1805 802 nunc
1853 752 2015 802 etiam

444 839 671 894 divinus
703 840 1148 912 Chrysostomus,
1181 841 1370 894 dicens
1399 858 1410 892 :
1445 858 1462 890 ι
1495 839 1631 893 Cum
1679 840 1871 894 audias
1918 840 2021 893 Pa-

451 942 589 985 trem
618 933 758 985 sicut
801 932 855 985 in
905 948 961 985 se.
1012 932 1175 984 habet
1221 931 1417 995 vitam,
1478 929 1548 982 ita
1580 929 1797 983 dedis<e
1850 930 2015 983 etiam

447 1020 607 1085 Filio,
648 1032 702 1075 ut
728 1023 891 1075 vitam
921 1022 1113 1074 habent
1144 1032 1199 1075 et
1242 1020 1497 1075 facultate
1542 1020 1779 1079 fruatur,
1813 1034 1879 1072 ne
1926 1034 2016 1074 su-

448 1106 679 1171 spiceris
733 1108 1226 1169 compositionem,
1269 1123 1408 1160 neve
1460 1121 1585 1160 cum
1656 1106 1813 1159 audis
1859 1104 1912 1158 in
1939 1120 2007 1159 eo

444 1200 613 1251 fuisse
632 1200 817 1264 vitam,
841 1199 1083 1267 opineris
1115 1200 1483 1267 compositum
1513 1212 1637 1251 eum
1671 1197 1864 1260 fuisse;
1895 1211 2016 1264 pro.

442 1291 695 1359 gradiens
726 1292 872 1344 enim
907 1292 1001 1355 ait,
1032 1292 1145 1361 Ego
1170 1307 1288 1345 sum
1314 1292 1429 1345 vita
1455 1306 1471 1356 ;
1510 1290 1584 1344 ita
1623 1297 1682 1343 ut
1714 1290 1870 1342 bruta
1895 1288 2013 1342 visa

2128 586 2312 638 μενον.
2381 572 2441 624 Ὀ
2491 572 2547 624 δὲ
2608 576 2673 642 τῇ
2714 574 2909 644 άμερεῖ
2976 574 3158 646 ἐκείνῃ
3211 573 3309 626 καὶ
3365 574 3484 645 θείᾳ
3534 576 3686 635 φύσει

2123 662 2476 731 προστιθέναι
2528 664 2908 735 πειρώμενος,
3027 667 3186 735 φύσει
3238 667 3501 736 πρόσεστι
3567 668 3686 736 μήτ’

2121 753 2381 818 αὔξεσθαι
2441 757 2579 823 μήτε
2625 755 2935 826 μειοῦσθαι,
2976 758 3193 827 λέληθε,
3235 760 3294 811 τό
3326 751 3388 828 γέ
3436 753 3571 831 ἧκον
3616 761 3689 823 εἰς

2120 841 2317 907 αὑτὸν,
2345 842 2585 897 ἐλαττῶν
2624 843 2723 912 μὲν
2770 848 2838 915 τῇ
2880 848 3167 919 προσθήκῃ
3199 847 3295 917 τὴν
3338 848 3435 917 τῆς
3482 847 3690 915 φύσεως

2118 933 2379 1002 δύναμιν,
2433 933 2619 999 αὔξειν
2670 935 2715 987 δ’
2753 935 2955 1005 ἥκιστα
3020 939 3237 990 πάντων
3293 938 3609 1006 δυνάμενος,
3658 939 3691 1007 ἡ

2126 1018 2397 1087 μηδεμιᾶς
2427 1018 2540 1070 οὔτ’
2568 1020 2760 1088 ἐδεήθη
2792 1024 2923 1075 ποτὲ
2954 1021 3074 1076 οὔτε
3098 1024 3343 1087 δεήσεται
3376 1025 3691 1093 προσθήκης

2120 1107 2153 1176 ἢ
2193 1108 2549 1177 ὑφαιρέσεως.
2592 1111 2805 1175 οὐδενὸς
2843 1113 2997 1176 ὄντος
3026 1109 3087 1165 οὗ
3130 1116 3379 1184 δεήσεταί
3410 1117 3531 1169 ποτ’
3558 1116 3690 1185 αὑτὴ

2120 1200 2411 1268 πληροῦσα
2433 1201 2500 1254 τὰ
2534 1203 2713 1258 πάντα
2748 1207 2841 1259 καὶ
2880 1207 3045 1277 μηδὲν
3091 1208 3246 1272 ἐκτὸς
3290 1211 3436 1261 latitant
3484 1210 3545 1260 τὺ
3594 1226 3691 1261 πα-

2124 1290 2325 1359 ράπαν.

440 1385 513 1437 sit
544 1383 815 1452 sapientia
861 1394 954 1439 tua
986 1386 1153 1440 etiam
1192 1385 1284 1439 hic
1342 1385 1533 1438 dicens
1591 1382 1755 1436 simili
1798 1382 2012 1435 ratione
2053 1391 2219 1451 atque
2287 1385 2341 1437 in
2373 1384 2599 1441 homine
2656 1397 2713 1442 et
2742 1388 2944 1459 lapide,
2976 1391 3050 1446 ita
3068 1394 3234 1447 etiam
3270 1391 3359 1448 Dei
3395 1394 3687 1448 essentiam

436 1489 563 1530 cum
598 1477 689 1542 iis,
716 1493 836 1545 quae
861 1492 891 1531 a
926 1487 1121 1532 natura
1146 1478 1201 1531 in
1232 1492 1296 1531 ea
1356 1476 1487 1541 sint,
1555 1474 1813 1528 onmibus
1882 1474 2273 1542 comprehendi
2310 1476 2379 1530 ab
2414 1476 2481 1532 iis
2506 1479 2601 1548 qui
2625 1495 2742 1534 eam
2774 1482 2998 1536 deﬁnire
3035 1485 3219 1539 velint.
3249 1488 3404 1552 Quod
3446 1486 3594 1540 enim
3624 1502 3687 1540 ex

441 1571 638 1634 talibus
669 1580 902 1634 constat,
931 1586 1038 1625 non
1059 1570 1470 1626 estindivisum
1521 1583 1699 1636 neque
1753 1567 2004 1636 simplex,
2041 1567 2136 1622 sed
2201 1570 2567 1638 compositum
2606 1578 2662 1624 et
2701 1570 2769 1628 iis
2812 1587 2878 1627 ex
2932 1575 3135 1644 quibus
3161 1580 3510 1648 componitur
3554 1580 3694 1635 divi-

428 1670 582 1730 ﬁum,
621 1667 711 1735 qui
741 1675 925 1719 autem
956 1664 1205 1718 indivisa:
1237 1663 1315 1717 illi
1348 1673 1404 1717 et
1442 1662 1643 1716 divinae
1669 1670 1882 1715 naturae
1919 1660 2160 1732 adjicere
2193 1662 2397 1732 aliquid
2469 1673 2722 1733 conatur,
2781 1667 2870 1722 cui
2937 1683 2966 1721 a
3029 1679 3223 1726 natura
3276 1675 3557 1744 preprium
3614 1685 3695 1731 est

442 1766 693 1825 utneque
721 1767 985 1824 augeatur
1012 1754 1190 1823 neque
1224 1754 1529 1818 minuatur,
1559 1767 1687 1806 eum
1747 1752 1883 1820 fugit
1947 1750 2073 1813 hoc,
2113 1752 2258 1821 quod
2291 1753 2365 1808 illi
2389 1756 2617 1811 accedat
2648 1757 2896 1813 minuere
2917 1763 3234 1818 accessione
3293 1774 3505 1821 natura:
3545 1771 3651 1823 vim
3678 1808 3692 1830 ,

440 1865 562 1902 eum
598 1849 821 1903 minime
853 1847 1024 1915 possit
1057 1860 1257 1917 augere
1284 1861 1428 1909 eam,
1495 1861 1617 1915 qua:
1685 1844 1834 1897 nulla
1904 1857 2089 1913 neque
2131 1843 2367 1916 indiguit
2408 1864 2648 1918 unquam
2694 1866 2874 1920 neque
2923 1851 3193 1923 indigebit
3236 1860 3556 1916 accessione
3601 1872 3695 1918 aut

442 1941 803 2005 detractione,
851 1953 977 1993 cum
1026 1938 1167 1990 nihil
1194 1936 1451 2005 futurum
1500 1937 1705 2005 sitquo
1740 1935 1981 2006 indigeat
2047 1951 2289 2006 unquam
2348 1937 2441 1993 illa
2510 1940 2627 2011 ipsa
2675 1942 2907 2014 impleas
2933 1946 3207 2012 universa,
3240 1964 3417 2021 neque
3467 1957 3691 2011 omnino

440 2035 740 2104 quidquam
774 2043 930 2088 extra
961 2048 1022 2088 se
1055 2048 1176 2088 esse
1205 2034 1415 2089 sincns.

511 2128 828 2200 303W“.
867 2129 1071 2196 Quodsi
1101 2130 1155 2184 in
1182 2130 1442 2198 qualitate
1464 2144 1586 2198 qua:
1612 2128 2010 2198 magnitudinis

2189 2130 2247 2182 ΕΞ
2285 2130 2330 2183 δ’
2362 2132 2418 2185 ἐν
2452 2134 2699 2203 ποιότητι
2738 2137 2924 2208 ἀόγκῳ
2979 2156 3039 2192 τε
3085 2142 3180 2193 καὶ
3226 2143 3484 2211 ἀμεγέθει
3529 2149 3691 2219 μέρος

438 2230 495 2275 et
534 2218 915 2289 amplitudinis
958 2229 1042 2274 cst
1074 2235 1291 2289 expers,
1325 2224 1536 2290 partem
1573 2235 1682 2275 non
1721 2220 1852 2274 licet
1881 2234 2014 2289 pro-

442 2312 560 2379 prie
591 2312 797 2376 dicere,
850 2326 1029 2379 neque
1079 2310 1513 2381 magnitudinem
1549 2310 1715 2363 ullam
1768 2309 2010 2380 adjicere

443 2412 537 2457 aut
577 2403 864 2457 detrahere
901 2406 1032 2467 (non
1092 2402 1239 2456 enim
1315 2401 1549 2456 dicimus
1603 2416 1850 2471 magnam
1922 2406 2015 2454 aut

443 2508 666 2562 parvam
722 2491 1143 2560 albitudinem):
1178 2491 1411 2545 multum
1452 2491 1699 2559 profecto
1762 2492 1877 2545 sive
1924 2505 2017 2559 po-

444 2583 553 2635 tius
611 2596 772 2636 utntte
807 2581 983 2646 abest,
1025 2589 1084 2634 ut
1133 2579 1200 2634 de
1237 2580 1422 2634 divina
1477 2581 1710 2634 essentia
1761 2580 1885 2633 talia
1919 2593 2016 2633 co-

435 2674 678 2744 gitemus
712 2682 767 2728 et
794 2673 1064 2739 dicamus,
1093 2688 1217 2742 qua:
1270 2672 1705 2742 magnitudinem
1732 2681 1787 2727 et
1833 2671 2014 2740 parvi-

442 2776 611 2821 tatem
665 2764 794 2819 fecit
836 2774 892 2820 et
934 2779 1151 2834 semper
1184 2764 1349 2829 facit;
1383 2766 1496 2819 ha-c
1525 2774 1708 2819 autem
1737 2780 1766 2818 a
1820 2773 2011 2818 natura

442 2858 595 2913 nullo
622 2857 783 2911 modo
812 2857 1112 2926 quidquam
1141 2866 1224 2910 est
1256 2871 1446 2911 eorum
1472 2872 1592 2924 qum
1622 2856 1749 2910 fecit
1782 2867 1835 2911 et
1870 2871 2011 2909 sem-

436 2965 540 3018 per
594 2951 722 3004 facit
774 2965 954 3018 neque
990 2948 1173 3019 prodit
1221 2947 1274 3001 in
1329 2947 1788 3017 amplitudinem,
1831 2963 2011 3017 neque

438 3063 685 3118 unquam
719 3046 1006 3117 procedet,
1039 3045 1241 3099 etenim
1267 3044 1410 3112 quod
1441 3044 1803 3112 amplitudine
1836 3046 2012 3112 majus

447 3142 526 3202 tit,
552 3139 603 3193 vi
639 3139 695 3191 iit
726 3138 913 3191 minus
945 3147 1000 3190 et.
1023 3134 1289 3205 quidquid
1317 3135 1688 3203 magnitudine
1716 3135 2011 3189 maximum

444 3241 550 3295 est,
582 3230 651 3283 ab
674 3227 1034 3298 amplitudine
1066 3226 1396 3296 relinquitur
1429 3226 1599 3288 omni,
1629 3235 1689 3280 ut
1716 3226 2008 3305 maximum

442 3338 597 3393 aque
620 3336 839 3391 semper
887 3329 1225 3388 permaneat.
1261 3320 1475 3373 Etenim
1511 3319 1554 3372 si
1596 3318 1662 3372 de
1701 3318 2009 3372 albitudine

441 3429 568 3484 qua!
617 3423 699 3467 est
748 3412 803 3465 in
858 3411 985 3464 nive
1022 3411 1258 3465 velimus
1292 3410 1491 3473 dicere,
1528 3411 1761 3478 exempli
1793 3409 1964 3480 gratia
1991 3450 2006 3473 ,

444 3522 550 3561 non
605 3503 963 3558 albitudinem
1000 3519 1121 3573 qurc
1150 3513 1233 3557 est
1266 3502 1319 3555 in
1369 3511 1523 3569 parte
1574 3501 1716 3555 nivis
1760 3502 2008 3554 dicamus
2036 3485 2079 3540 (ἶ

442 3602 652 3666 partem
700 3591 1024 3646 albitudinis
1061 3606 1183 3659 quat
1221 3590 1389 3644 estin
1447 3589 1680 3658 plurima
1735 3589 1883 3654 nive,
1912 3587 2008 3642 sed

430 3684 805 3740 albitudinem
861 3684 1033 3751 partis
1078 3681 1519 3744 nivis,'minime
1565 3691 1747 3734 autem
1799 3689 2006 3748 partem

441 3774 782 3830 albitudinis.
823 3770 1217 3840 Amplitudinis
1258 3769 1405 3824 enim
1437 3780 1490 3823 et
1549 3769 1871 3839 quantitatis
1912 3784 2008 3823 ex-

432 3882 570 3938 pers
599 3882 696 3936 per
732 3880 791 3920 se
849 3874 902 3918 et
942 3862 1342 3934 magnitudinis
1387 3869 1471 3916 est
1501 3861 1771 3925 albitudo,
1813 3869 1875 3915 ut
1917 3861 2012 3915 de-

446 3966 810 4012 monStratum
850 3964 954 4009 est.
998 3953 1095 4008 Sin
1128 3965 1306 4007 autem
1357 3968 1424 4006 ne
1481 3952 1733 4006 accidens
1787 3951 2008 4020 quidem

431 4064 565 4104 esse
602 4053 719 4101 hzec
755 4046 1123 4101 inessentialis
1164 4060 1198 4103 ιι
1234 4053 1283 4098 te
1319 4043 1643 4098 conceditur
1675 4041 1965 4096 efﬁcientia
1993 4080 2008 4104 ,

446 4139 537 4193 ubi
573 4152 690 4193 eam
749 4135 1056 4205 ponemus?
1096 4133 1352 4187 Normam
1389 4145 1443 4187 tu
1476 4148 1633 4203 pone.
1670 4131 1817 4204 Cum_
1862 4133 2007 4186 enim

442 4246 545 4283 vox
579 4230 696 4299 ejus
726 4227 871 4297 quod
928 4235 1014 4280 est
1060 4225 1114 4280 in
1180 4225 1474 4279 essentiam
1519 4232 1574 4277 et
1632 4224 1886 4278 accidens
1929 4223 2009 4277 di-

446 4321 690 4384 vidntur,
725 4320 769 4371 si
801 4319 888 4371 illa
921 4333 1101 4386 neque
1131 4316 1371 4370 essentia
1401 4323 1484 4367 est
1521 4329 1697 4383 neque
1726 4312 2009 4380 accidens,

444 4429 552 4466 non
589 4411 696 4465 dici
736 4418 914 4479 potest
945 4409 1242 4479 quidquam
1269 4421 1457 4460 eorum
1488 4421 1610 4475 quae
1639 4414 1767 4459 sunt
1797 4422 1808 4458 :
1846 4405 2009 4460 relin-

445 4503 634 4571 quitur
665 4500 830 4570 igitur
875 4501 1186 4554 necessario
1224 4510 1280 4552 ut
1332 4516 1436 4552 non
1470 4515 1588 4553 esse
1624 4499 1863 4555 dicatur.
1919 4499 2011 4553 lla:

446 4602 578 4646 sunt
608 4608 876 4646 novorum
931 4602 1151 4643 tuorum
1204 4589 1518 4655 dogmatum
1567 4592 1874 4660 przrstigize,
1911 4590 2010 4643 Pa-

439 4685 459 4738 1
502 4699 584 4737 ma
608 4685 850 4753 egregie,
882 4692 937 4735 ttt
991 4681 1182 4734 credas
1208 4682 1261 4733 in
1295 4682 1343 4733 id
1373 4681 1515 4749 quod
1562 4681 1726 4751 309
1764 4697 1869 4735 non
1902 4690 2004 4743 est,

2117 2221 2222 2274 οὐκ
2245 2222 2420 2287 ἔξεστι
2451 2224 2629 2293 λέγειν
2658 2230 2885 2296 κυρίως,
2920 2229 3042 2284 οὗτε
3079 2233 3308 2302 μέγεθος
3339 2238 3488 2290 οὐδὲν
3518 2257 3687 2308 προσ-

2117 2313 2323 2366 τιθέναι
2371 2315 2406 2384 ἢ
2439 2317 2696 2386 ἀφαιρεῖν
2733 2323 2815 2389 (ού
2849 2323 2956 2395 γάρ
2999 2323 3231 2393 λέγομεν
3274 2325 3396 2380 οὔτε
3440 2332 3689 2401 μεγάλην

2117 2404 2243 2457 οὔτε
2283 2409 2485 2477 μικρὰν
2543 2410 2902 2483 λευκότητα),
2942 2415 3135 2468 πολλοῦ
3175 2418 3324 2487 μέντ’
3366 2419 3433 2473 ἂν
3478 2421 3689 2491 δεήσειε

2118 2498 2209 2550 καὶ
2238 2498 2330 2552 τοῦ
2362 2501 2561 2565 παντὸς
2593 2506 2722 2573 περὶ
2756 2506 2854 2576 τῆς
2885 2506 3035 2571 θείας
3062 2509 3256 2573 οὐσίας
3291 2514 3522 2569 τοιαῦτα
3551 2522 3688 2573 νοεῖν

2118 2591 2213 2642 καὶ
2238 2589 2436 2658 λέγειν,
2474 2593 2507 2663 ἢ
2546 2593 2754 2666 μεγέθη
2800 2599 2900 2665 μὲν
2937 2601 3033 2651 καὶ
3086 2601 3394 2672 μικρότητα.
3422 2608 3687 2678 πεποίηκέ

2116 2700 2177 2735 τε
2209 2685 2307 2735 καὶ
2340 2686 2438 2772 ’ἀεὶ
2490 2691 2656 2753 ποιεῖ,
2707 2690 2844 2761 αὑτὴ
2876 2691 2922 2744 δ’
2956 2693 3077 2745 ἐστὶ
3120 2695 3260 2749 κατὰ
3290 2698 3451 2764 φύσιν
3475 2701 3683 2772 οὐδαμῆ

2121 2774 2287 2843 μηδὲν
2332 2768 2405 2828 ὧν
2439 2777 2708 2847 πεποίηκέ
2741 2796 2801 2832 τε
2832 2782 2926 2833 καὶ
2956 2782 3043 2835 ἀεὶ
3073 2788 3233 2839 ποιεῖ.
3266 2788 3399 2841 Οὐδὲ
3435 2768 3683 2860 πρόεισιν

2116 2863 2195 2923 είς
2250 2863 2437 2929 ὄγκον,
2487 2865 2595 2918 οὐδ’
2642 2868 2702 2920 οὑ
2747 2868 2821 2938 μὴ
2870 2873 3208 2943 προχωρήσῃ
3254 2877 3407 2931 ποτέ.
3460 2879 3533 2930 Τὸ
3575 2881 3682 2951 γᾶρ

2115 2954 2265 3025 δγκῳ
2324 2958 2511 3023 μεῖζον
2562 2961 2848 3031 γινόμενον
2906 2964 3135 3031 δυνάμει
3183 2969 3394 3035 γίνεται
3442 2970 3681 3035 ἔλαττον,

2114 3048 2207 3098 καὶ
2249 3047 2307 3099 τὸ
2343 3047 2625 3119 δυνάμεως
2671 3054 2892 3122 μεγέθει
2923 3057 3180 3123 μέγιστον
3229 3060 3393 3126 ὄγκου
3437 3061 3682 3116 λείπεται

2116 3138 2336 3203 παντὸς,
2367 3140 2453 3192 ἵνα
2493 3142 2752 3210 μέγιστον
2780 3145 2987 3214 ὁμοίιος
3027 3148 3114 3203 ἀεὶ⁴
3143 3149 3396 3224 διαμένῃι
3428 3156 3541 3209 Καὶ
3578 3159 3683 3228 γὰρ

2114 3233 2210 3283 καὶ
2238 3232 2285 3282 εἰ
2320 3232 2448 3301 περὶ
2476 3233 2573 3301 τῆς
2599 3236 2655 3285 ὲν
2682 3235 2820 3311 χιόνι
2858 3238 3255 3312 βουληθείημεν
3287 3245 3466 3313 λέγειν
3500 3247 3685 3302 λευκό-

2113 3338 2272 3389 τητος
2306 3322 2697 3393 ὑποδείγματος
2728 3326 2940 3394 ἕνεκεν,
2973 3331 3032 3384 ού
3066 3330 3165 3402 τὴν
3206 3335 3265 3385 ἐν
3292 3335 3367 3405 τῷ
3402 3337 3557 3407 μέρει
3586 3342 3681 3410 τῆς

2124 3416 2313 3481 χιόνος
2339 3416 2636 3484 λευκότητα
2670 3419 2834 3487 μέρος
2867 3421 2932 3472 ἂν
2960 3422 3200 3493 φαίημεν
3231 3425 3324 3494 τῆς
3356 3428 3414 3480 ἐν
3458 3431 3685 3504 πλείστῃ

2114 3503 2256 3570 χιόνι
2277 3505 2621 3591 λευκότητος,
2654 3506 2787 3560 ἀλλὰ
2816 3510 3016 3581 μέρους
3047 3513 3148 3582 μὲν
3170 3517 3342 3585 χιόνος
3362 3503 3682 3591 λευκότητα.

2115 3591 2277 3658 μέρος
2309 3590 2363 3643 δὲ
2388 3592 2709 3665 λευκότητος
2740 3598 2964 3667 ἥκιστα·
2999 3601 3201 3669 άογκον
3224 3606 3335 3675 γάρ
3361 3608 3453 3660 καὶ
3474 3590 3681 3664 ἀποσον

2113 3683 2235 3736 καθ’
2261 3686 2392 3738 αὐτὸ
2422 3689 2517 3740 καὶ
2549 3688 2813 3758 ἀμέγεθες
2856 3692 2888 3760 ἡ
2934 3692 3217 3765 λευκότης,
3273 3700 3347 3760 ὡς
3386 3700 3680 3758 δέδεικται.

2113 3773 2175 3824 Εἰ
2204 3771 2258 3824 δὲ
2301 3774 2436 3843 μηδὲ
2476 3777 2824 3849 συμϐεϐηκὸς
2869 3782 2901 3851 ἡ
2938 3783 3189 3849 ἀνούσιος
3220 3787 3360 3860 αὕτη
3389 3797 3684 3864 συγχωρεί-

2113 3865 2202 3918 ταί
2242 3882 2325 3919 σοι
2358 3868 2604 3934 γίνεσθαι
2638 3872 2912 3940 ἐνέργεια,
2944 3875 3048 3929 πού
3079 3877 3285 3950 ταύτην
3316 3881 3521 3950 θετέον;
3558 3886 3679 3949 λέγε

2112 3956 2208 4008 καὶ
2260 3958 2538 4027 νομοθέτει
2571 3960 2656 4015 σύ.
2693 3963 2805 4031 Τῆς
2862 3965 2970 4034 γὰρ
3028 3967 3122 4021 τοῦ
3172 3970 3322 4035 ὄντος
3375 3977 3560 4044 φωνῆς
3604 3978 3681 4041 είς

2115 4047 2304 4099 οὐσίαν
2331 4049 2425 4101 κοιλ⁵
2460 4052 2805 4124 συμϐεϐηκὸς
2840 4056 3319 4131 διαιρουμένης,εί
3362 4066 3489 4136 μήτ’
3526 4069 3681 4123 οὐσία

2117 4138 2255 4228 μήτε
2295 4140 2641 4212 συμϐεϐηκὸς
2675 4145 2786 4212 εἴη,
2820 4147 2927 4201 τῶν
2981 4149 3151 4225 ὄντων
3191 4155 3290 4206 οὐκ
3331 4156 3397 4209 ἂν
3446 4159 3676 4228 λέγοιτο.

2117 4225 2526 4321 Λείπεται-ἄρα
2573 4234 2647 4302 μὴ
2706 4234 2765 4287 ὃν
2811 4236 2868 4303 ἐξ
2924 4240 3168 4309 ἀνάγκης
3218 4244 3490 4312 λέγεσθαι.
3521 4225 3679 4321 Ἀὕτη

2111 4313 2220 4368 τῶν
2245 4317 2572 4371 καινιῶνλσου
2601 4321 2889 4392 δογμάτων
2917 4328 2947 4396 ἡ
2972 4331 3244 4398 τερατεία,
3269 4333 3397 4386 καλὲ
3426 4313 3677 4406 Παλαμᾶξ

2113 4407 2174 4458 τὸ
2219 4408 2499 4462 πιστεύειν
2560 4413 2642 4476 εἰς
2694 4415 2754 4467 τὸ
2778 4416 2867 4487 ομὴ
2915 4416 2974 4470 ὃν
3031 4421 3128 4474 καὶ
3180 4421 3353 4490 ψιλοῖς
3398 4426 3679 4496 λατρεύειν

2113 4498 2399 4568 ὀνόμασιν,
2441 4502 2598 4556 ὁποῖα
2655 4507 2753 4559 καὶ
2811 4510 2938 4573 τοὺς
2988 4511 3085 4581 τῆς
3122 4514 3471 4587 Πλατωνικῆς
3522 4521 3678 4581 στοᾶς

2118 4590 2214 4642 καὶ
2265 4591 2602 4662 Ἀκαδημίας
2656 4597 2959 4665 φάσκοντας
3010 4606 3168 4672 ἴσμεν
3222 4606 3351 4675 περί
3403 4626 3461 4661 τε
3510 4613 3678 4678 γενῶν

2117 4682 2211 4731 καὶ
2244 4682 2423 4746 εἰδῶν,
2463 4687 2558 4737 καὶ
2596 4687 2648 4738 εἴ
2681 4706 2824 4753 τινες
2865 4686 2975 4747 εἷεν
3012 4697 3074 4747 ὲκ
3102 4697 3211 4749 τῶν
3244 4699 3474 4769 ὕστερον
3506 4702 3678 4755 ἄλλοτ’

443 4786 499 4828 et
548 4775 692 4829 nuda
731 4775 949 4826 notnina
984 4773 1150 4837 colas,
1192 4774 1370 4838 qualia
1405 4776 1567 4827 etiam
1614 4774 1921 4827 Platenieos
1955 4784 2009 4827 et

2116 4774 2289 4839 ἄλλως
2313 4777 2499 4840 αὐτοῖς
2534 4779 2983 4854 ἡκολουθηκότων
3025 4787 3332 4859 Βογομίὶων
3369 4798 3461 4846 καὶ
3509 4799 3680 4849 Μανι-

444 4868 807 4925 Academicos
824 4866 1005 4919 dicere
1039 4866 1278 4918 solemus
1306 4864 1373 4917 de
1402 4865 1693 4933 generibus
1720 4874 1773 4917 et
1796 4864 2005 4924 formis,

443 4969 498 5012 et
530 4960 573 5013 si
603 4958 695 5027 qui
726 4968 856 5010 sunt
889 4973 950 5009 ex
985 4957 1068 5019 iis,
1101 4956 1194 5024 qui
1223 4964 1412 5024 postea
1443 4956 1575 5008 alias
1611 4956 1771 5007 aliter
1802 4971 1897 5007 eos
1922 4969 2007 5007 se-

443 5049 557 5104 cuti
616 5057 784 5111 sunt,
834 5045 1128 5115 Bogomilis
1191 5045 1445 5098 nimirum
1501 5054 1557 5098 et
1602 5044 1910 5097 Manichmis
1953 5051 2008 5096 et

443 5141 755 5196 MaSaIianis
783 5148 837 5192 et
862 5136 1237 5202 Eunomianis,
1267 5151 1405 5205 quos
1426 5135 1590 5188 etiam
1624 5149 1816 5201 magna
1856 5136 2004 5188 iusa-

443 5232 533 5287 nia
558 5229 882 5301 perturbare
901 5228 1035 5281 dicit
1065 5241 1293 5295 magnus
1318 5224 1548 5277 Basilius
1577 5233 1833 5291 tanquam
1857 5238 2004 5277 cont-

444 5335 610 5376 tnune
644 5334 815 5388 genus
844 5317 1142 5384 quoddam,
1174 5314 1321 5383 quod
1354 5313 1567 5366 ratione
1620 5313 1732 5365 sola
1770 5312 2007 5381 perspici

445 5412 637 5481 possit,
690 5410 743 5462 in
784 5409 930 5461 nulla
965 5406 1267 5463 substantia
1312 5403 1605 5457 essentiam
1642 5403 1861 5461 habent,
1888 5419 2009 5455 cum

444 5504 632 5556 dicant
699 5499 867 5551 Deum
922 5497 976 5551 in
1049 5494 1346 5564 suppositis
1401 5494 1659 5563 perSpic-i.
1710 5493 1814 5546 Sed
1882 5495 2007 5547 audi

434 5595 547 5663 jam
583 5593 729 5653 quod
773 5590 911 5645 dicit
952 5603 1145 5642 rursus
1199 5586 1342 5639 idem
1386 5568 1615 5654 magnus
1669 5585 1901 5638 Basilius
1943 5586 2009 5637 de

2115 4865 2282 4936 χαίων
2306 4869 2400 4921 καὶ
2431 4870 2797 4927 Μασαλιανῶν
2821 4879 2916 4930 καὶ
2951 4879 3319 4950 Εὐνομιανῶν,
3357 4884 3448 4948 οὓς
3478 4888 3575 4941 καὶ
3603 4890 3679 4951 εἰς

2119 4958 2257 5026 μέγα
2314 4961 2701 5032 παραπληξίας
2762 4968 3009 5022 ἐλαύνειν
3068 4974 3096 5025 ὁ
3132 4975 3305 5042 μέγας
3336 4980 3471 5046 φησὶ
3517 4979 3676 5033 Βασί-

2117 5043 2259 5106 λειος
2297 5045 2485 5117 ὥσπερ
2514 5051 2803 5123 κοινότητὰ
2851 5072 2972 5108 τινα
3000 5058 3144 5129 λόγῳ
3180 5062 3327 5133 μόνῳ
3375 5043 3675 5136 θεωρητὴν,

2118 5136 2175 5187 ἐν
2204 5138 2432 5212 οὐδεμιᾷ
2466 5142 2763 5201 ὑποστάσει
2796 5148 2857 5221 [Γ.
2893 5151 2997 5207 Md
3022 5152 3101 5224 v.1
3144 5156 3205 5207 τὸ
3249 5150 3387 5209 εἶναι
3426 5157 3676 5227 ἔλουσαν,

2111 5232 2189 5292 εἰς
2219 5234 2283 5283 τὰ
2328 5234 2664 5307 ὑποκείμενα
2705 5243 3029 5314 θεωρεῖσθαι
3059 5248 3371 5317 φάσκοντας
3400 5253 3494 5305 τὸν
3522 5253 3674 5306 Θεόν.

2123 5321 2264 5376 Ἀλλ’
2320 5326 2482 5379 ἄκουε
2539 5329 2726 5384 λοιπὸν
2760 5338 3010 5406 τίφησιν
3042 5336 3195 5402 αὖθις
3238 5343 3266 5394 ὁ
3297 5343 3461 5405 αὐτὸς
3506 5345 3677 5411 μέγας

2112 5411 2389 5503 Facilem;
2423 5421 2551 5489 περὶ
2596 5423 2693 5489 τὴς
2741 5427 3023 5495 ἐνεργείας
3070 5433 3204 5484 Θεοῦ
3253 5435 3351 5503 τῆς
3392 5436 3673 5495 ἀκτίστου.

2107 5499 2180 5563 ὡς
2212 5505 2302 5556 ἐπὶ
2334 5507 2429 5576 τῆς
2461 5511 2637 5581 ἁπλῆς
2696 5517 2791 5567 καὶ
2831 5520 3126 5589 ἀσωμάτου
3155 5521 3369 5591 φύσεως
3394 5525 3485 5578 τὸν
3515 5527 3676 5580 αὐτὸν

2109 5591 2268 5660 λόγον
2318 5599 2627 5671 ἐπιδέχεται
2676 5608 2707 5676 ἡ
2746 5610 2991 5679 ἐνέργεια
3037 5616 3101 5684 τῇ
3136 5616 3316 5686 οὐσίᾳ.

442 5690 729 5744 etlicientia
761 5688 851 5741 Dei
887 5687 1128 5739 inercata
1165 5682 1255 5733 :in
1288 5682 1521 5749 simplici
1553 5683 1761 5736 scilicet
1791 5694 1842 5735 et
1893 5683 2213 5752 incorporea
2247 5704 2439 5750 nzztura
2476 5701 2723 5757 eamdem
2759 5720 2881 5759 cum
2918 5682 3153 5763 essentia
3177 5682 3445 5765 rationem
3481 5711 3674 5784 accipit

439 5781 754 5835 elﬁeicutia.
