4046 6290
357 374 455 438 27.}

1288 386 1730 447 BYZANTINJE
1774 390 2153 449 llISTOilLE
2192 391 2335 449 LIB.
2380 392 2563 450 XXX.

3490 392 3603 456 97$

422 482 522 537 19‘.
565 483 718 537 Ἐπεὶ
760 484 802 536 δ’
826 487 853 537 ὁ
894 487 989 558 τῆς
1026 491 1209 553 οὐςίας
1239 495 1362 564 ἔρος
1393 499 1489 550 καὶ
1521 498 1921 567 ).'3~{o;(1anbv

2105 503 2244 556 XIX.
2280 502 2548 567 Quoniam
2585 509 2766 553 autem
2811 501 3065 556 essmuia:
3097 499 3343 554 definitio
3372 511 3426 555 et
3464 505 3610 555 ratio

354 575 458 642 γὰρ
489 573 614 639 ὄρος
667 573 759 625 καὶ
805 575 987 646 λόγος)
1022 583 1252 649 πρᾶγμά
1312 587 1461 637 ἐστιν
1511 587 1919 657 αὐθὺπαρκτον,

356 664 428 735 μὴ
463 664 719 732 δεόμενον
775 666 967 735 ἑτέρου
1028 672 1163 739 πρὸς
1210 671 1466 744 ὕπαρξιν,
1499 678 1581 746 εἴη
1614 678 1678 729 ἂν
1708 679 1923 739 πάντως

351 757 493 810 καὶὸ
521 757 619 824 τῆς
654 760 937 829 ἐνεργείας
967 760 1125 828 λόγος
1164 766 1190 816 ὀ
1221 766 1404 829 αὐτὸς,
1431 768 1535 819 κᾶν
1563 772 1674 825 τοῖς
1698 770 1924 837 ὀνόμασι

349 847 663 915 διαφέρωσι,
700 851 938 919 πρᾶγμα
991 853 1381 925 αὑθύπαρκτον
1441 859 1666 929 δηλαδὴ,
1702 862 1776 929 μὴ
1810 862 1925 914 δεό-

355 955 514 1006 μενον
562 941 752 1010 ἑτέρου
804 943 942 1012 πρὸς
980 943 1238 1012 ὓπαρξιν.
1280 947 1437 1002 Οὕτω
1482 950 1591 1021 γὰρ
1641 952 1735 1005 καὶ
1766 953 1793 1003 ὁ
1824 952 1926 1020 τῆς

346 1032 672 1103 ταυτότητος
730 1034 963 1098 σώζεται
1019 1037 1195 1106 λόγος,
1261 1040 1337 1103 ὡς
1399 1043 1493 1094 καὶ
1552 1046 1581 1095 ὁ
1634 1044 1733 1112 τῆς
1791 1043 1925 1114 ἀλη-

345 1122 491 1186 θείας
545 1126 893 1197 ὀμολογητῆς
953 1127 1246 1199 σοφώτατα
1314 1134 1734 1206 μεμαρτύρηκε,
1796 1136 1927 1189 Θεό-

349 1217 519 1288 δωρος
570 1221 599 1272 ὀ
660 1219 934 1289 Γραπτὸς,
994 1237 1017 1273 ι
1054 1220 1243 1287 Οὕτως
1298 1224 1387 1288 ἂν,
1445 1227 1649 1295 φήσας,
1687 1228 1927 1292 εὐσεϐῶς

348 1309 566 1378 νοηθείη
591 1312 624 1378 ἡ
659 1311 759 1378 μὲν
789 1312 909 1365 Θεία
939 1313 1189 1384 ἐνέργεια
1214 1316 1402 1381 ἁῖδιος,
1428 1318 1629 1387 μᾶλλον
1653 1318 1699 1371 δ’
1724 1321 1925 1374 αὐτεν-

355 1402 565 1471 ἐργεια,
598 1403 678 1474 τῷ
711 1405 786 1473 μὴ
847 1405 1135 1474 διωρίσθαι
1158 1407 1257 1476 τῆς
1284 1408 1472 1472 οὐσίας
1496 1410 1595 1478 τὴν
1627 1411 1924 1483 ἐνέργειαν,

348 1496 484 1548 ἀλλὰ
540 1496 632 1549 τὸν
687 1498 851 1550 αὐτὸν
910 1496 1071 1566 λόγον
1123 1500 1476 1569 ἐπιδέχεσθαι
1535 1502 1623 1555 διὰ
1678 1503 1779 1573 τὴν
1826 1503 1925 1573 τῆς

346 1587 526 1652 ἁπλῆς
560 1588 655 1640 xa't
688 1589 985 1658 ἀσωμάτου
1016 1590 1233 1658 φύσεως
1269 1593 1530 1662 ἰδιότητα.
1562 1612 1580 1645 ι
1601 1595 1711 1646 Καὶ
1735 1594 1922 1661 πάλιν,

352 1699 369 1731 ι
408 1680 642 1747 Ἕτερον
696 1682 889 1734 οὐσίαν
936 1683 1031 1734 καὶ
1086 1683 1215 1736 ἄλλο
1258 1684 1542 1755 ἐνέργειαν
1591 1685 1701 1738 τῶν
1754 1686 1923 1740 πάλαι

346 1773 513 1834 τινὲς.
549 1773 625 1834 ὡς
666 1775 760 1826 ἐπὶ
791 1774 901 1827 τῶν
948 1775 1283 1844 σωματικῶς
1333 1777 1750 1847 θεωρουμένων,
1779 1778 1923 1830 οὕτω

347 1859 407 1928 δὴ
442 1863 585 1913 κάπὶ
616 1862 711 1914 τοῦ
747 1865 894 1918 θείου
954 1864 1114 1931 λόγου
1171 1865 1436 1920 ἐτίθεντο.
1480 1867 1656 1937 Ὅπερ
1692 1870 1804 1928 τοῖς
1835 1869 1924 1920 εὑ-
1957 1899 1997 1953 Β

345 1954 562 2005 σεὸἐσιν
599 1955 918 2024 ἀπείρηται.
968 1957 1099 2010 Ἐπὶ
1139 1959 1248 2027 γὰρ
1295 1958 1402 2011 τῶν
1436 1958 1624 2012 ἁπλῶν
1660 1960 1749 2012 καὶ
1781 1960 1924 2012 ἀσω·

344 2044 533 2111 μάτων
575 2046 630 2098 ἐν
677 2045 855 2099 οὐδενὶ
889 2046 1171 2117 διαφέρειν
1222 2047 1441 2101 ἴσασιν·
1499 2050 1561 2100 οὐ
1612 2049 1719 2117 γὰρ
1756 2048 1927 2117 διορι-

342 2135 503 2187 στέον
555 2136 729 2189 ταῦτα
790 2138 1059 2207 ἀλλήλων,
1107 2139 1194 2192 ἵνα
1248 2140 1322 2209 μὴ
1383 2139 1637 2193 σύνθετον
1686 2139 1747 2192 τὺ
1781 2142 1924 2211 ὑπὲρ

344 2228 530 2279 πᾶσαν
564 2226 845 2297 ἁπλότητα
904 2230 1113 2299 νοῆται.
1177 2227 1317 2281 Οὔτε
1379 2229 1486 2300 γὰρ
1531 2231 1564 2299 ἡ
1614 2228 1732 2282 θεῖα
1763 2230 1923 2282 οὐσία

338 2318 700 2388 ἁνενέργητος
731 2319 817 2388 εἴη
847 2319 912 2373 ἄν
948 2336 1101 2385 ποτε,
1128 2318 1239 2372 οὔτ’
1282 2320 1529 2384 ἀνούσιος
1558 2321 1916 2392 ἡὲνέργεια.»

349 2410 599 2473 ’Δκούεις
661 2412 768 2464 τῶν
806 2413 967 2481 ἱερῶν
1015 2414 1355 2467 διδασκάλων
1422 2415 1523 2482 τῆς
1591 2416 1923 2484 Ἑκκλησίας

340 2500 496 2570 παρὰ
529 2501 782 2555 τοσοῦτον
828 2506 895 2573 τῇ
937 2503 1098 2575 οὐσία
1134 2503 1232 2570 τὴν
1268 2505 1556 2573 ἐνέργειαν
1582 2507 1640 2559 ἓν
1666 2509 1760 2561 καὶ
1785 2527 1921 2562 ταυ-

336 2594 426 2646 τὸν
472 2593 571 2645 ἐπὶ
604 2594 737 2646 Θεοῦ
777 2594 1237 2666 δογματιζόντων,
1276 2597 1408 2668 παρ’
1447 2599 1571 2653 ὅσον
1608 2602 1706 2653 καὶ
1727 2603 1921 2655 αὐτεν-

338 2684 560 2756 ἐργειαν
650 2686 878 2740 καλῶσι
930 2688 1018 2740 διὰ
1078 2688 1177 2758 τὴν
1234 2689 1412 2759 ἄκραν
1474 2693 1801 2763 ταυτότητα,
1844 2694 1920 2759 ὡς

338 2776 459 2847 μηδ’
490 2776 654 2846 ἄχρις
701 2778 947 2838 ἐπινοίας
994 2780 1386 2849 παρακύπτειν
1443 2784 1562 2835 ἐκεῖ
1612 2784 1919 2855 δυναμένης

335 2865 605 2935 διαφορᾶς
638 2866 879 2922 υῑασοῦν.
926 2887 944 2920 ι
984 2869 1231 2933 Ἀκούεις
1272 2871 1318 2924 δ’
1368 2870 1451 2924 ἔτι
1491 2872 1589 2925 καὶ
1637 2872 1777 2941 ὅπερ
1832 2888 1915 2924 σοι

335 2957 605 3029 ἀνωτέρω
645 2960 1058 3030 δεδηλώκαμεν·
1096 2962 1159 3014 σὺ
1187 2963 1296 3031 γὰρ
1335 2962 1523 3030 ἔλεγες
1558 2963 1919 3033 ἀνενέργητον

335 3048 445 3101 τότ’
470 3045 621 3102 εἶναι
650 3050 750 3120 τὴν
769 3051 921 3105 θείαν
955 3051 1157 3122 μᾶλλον
1178 3053 1388 3116 οὐσίαν,
1409 3054 1539 3107 ὅταν
1570 3052 1628 3106 ἓν
1660 3055 1753 3106 καὶ
1781 3071 1916 3106 ταυ-

331 3143 421 3194 τδν
447 3143 685 3214 λέγηται
712 3143 900 3214 ἄμφω,
920 3146 1040 3198 τότε
1067 3144 1110 3197 δ’
1131 3147 1353 3217 ἐνεργῆ,
1373 3148 1501 3199 ὅταν
1586 3148 1915 3219 διῃρημένα,

2035 596 2202 665 (idem
2251 596 2397 647 enim
2426 592 2673 647 definitio
2706 606 2759 647 et
2806 593 2967 662 ratio)
3000 607 3085 647 res
3110 602 3195 647 est
3225 592 3602 647 substantialis

2032 702 2151 754 quae
2186 702 2292 738 non
2347 697 2498 754 egeat
2542 685 2641 736 alia
2676 685 2739 737 ad
2778 685 3174 749 exsistcntiam,
3222 683 3444 741 omnino
3490 699 3598 736 non

2036 786 2353 853 potestessc
2385 775 2547 827 etiam
2574 774 2872 827 ellicimitiie
2933 773 3071 826 ratio
3125 788 3235 826 non
3268 772 3459 825 eadem
3518 773 3601 825 vel

2037 866 2089 920 in
2129 866 2449 919 numinibus
2477 866 2713 918 diversis
2738 907 2751 929 ,
2796 882 2882 917 res
2918 864 3172 917 nitnirum
3223 863 3604 917 substantialis

2032 973 2153 1027 qua:
2185 973 2292 1010 non
2321 958 2598 1026 egeatalia
2625 955 2688 1008 ad
2712 956 3077 1009 substantiam
3111 973 3125 1009 :
3161 955 3233 1008 ita
3266 935 3411 1010 enim
3438 954 3604 1009 etiam

2034 1048 2279 1118 ejusdem
2317 1047 2536 1116 generis
2581 1048 2719 1099 ratio
2754 1057 3027 1104 servatur,
3062 1044 3206 1112 quod
3266 1042 3429 1095 etiam
3459 1041 3604 1095 veri-

2036 1141 2163 1193 tatis
2194 1136 2481 1191 confessor
2514 1136 2925 1206 sapientissime
2968 1143 3197 1189 testatus
3243 1142 3327 1187 est
3352 1132 3609 1186 Theodo-

2035 1246 2130 1285 rus
2162 1230 2422 1298 Graptus,
2456 1245 2578 1283 cum
2607 1229 2793 1282 dicat:
2827 1247 2843 1277 ι
2880 1227 2991 1280 lloc
3051 1226 3210 1280 modo
3242 1225 3328 1293 pie
3371 1223 3604 1293 cogitari

2034 1330 2167 1390 puto
2194 1338 2208 1373 :
2235 1320 2418 1373 divina
2450 1318 2741 1373 efﬁcientia
2769 1328 2852 1374 est
2892 1316 3248 1384 sempiterna,
3273 1316 3386 1367 sive
3418 1315 3605 1383 potius

2036 1412 2150 1482 ipsa
2179 1411 2495 1475 efﬁcientia,
2540 1411 2668 1479 quia
2703 1426 2811 1464 non
2847 1410 3107 1462 distincta
3136 1415 3219 1460 est
3256 1406 3323 1459 ab
3364 1404 3606 1458 essentia

2032 1503 2348 1566 efﬁcientia,
2394 1504 2485 1556 sed
2528 1503 2778 1556 eamdem
2834 1501 3099 1554 rationem
3143 1498 3345 1565 accipit
3381 1505 3603 1564 propter

2031 1597 2296 1665 simplicis
2324 1603 2379 1650 ct
2425 1596 2765 1663 incorporea:
2801 1604 3011 1647 naturrc
3042 1589 3455 1660 proprietatem.
3496 1606 3514 1637 ι
3538 1586 3606 1641 Et

2035 1703 2228 1741 rursus
2258 1703 2270 1738 :
2309 1705 2325 1737 ι
2355 1686 2513 1739 Aliud
2550 1701 2673 1739 esse
2722 1685 3042 1746 essentiam,
3078 1682 3223 1735 aliud
3259 1680 3605 1735 efficientiam

2031 1778 2196 1847 310
2237 1778 2545 1846 priscorum
2595 1777 2816 1846 quidam
2848 1787 2907 1830 ut
2940 1775 2991 1828 in
3026 1774 3230 1842 iisquae
3270 1773 3322 1826 in
3361 1772 3607 1840 corpori-

2030 1868 2133 1922 bus
2183 1869 2622 1937 perspicinutur,
2654 1866 2726 1920 ita
2761 1866 2921 1920 etiam
2962 1866 3013 1919 in
3050 1865 3235 1920 divina
3267 1864 3477 1919 ratione
3512 1878 3610 1930 po-

2029 1969 2293 2025 suerunt,
2344 1960 2393 2014 id
2452 1959 2596 2029 quod
2653 1960 2725 2028 pii
2781 1959 3109 2013 refutarunt.
3149 1956 3204 2010 lu
3266 1957 3608 2024 simplicibus

2029 2051 2175 2105 enim
2240 2058 2296 2105 et
2347 2049 2685 2118 incorporeis
2721 2049 2872 2103 nullo
2901 2048 3063 2102 modo
3114 2047 3205 2101 illa
3238 2048 3450 2101 diversa
3484 2061 3608 2100 esse

2029 2151 2280 2211 possunt;
2303 2154 2481 2211 neque
2503 2141 2649 2195 enim
2674 2139 3058 2210 distinguenda
3089 2146 3216 2190 sunt
3234 2152 3262 2189 a
3282 2151 3339 2190 se
3371 2134 3607 2189 invicem

2027 2233 2168 2297 haac,
2190 2249 2259 2287 ne
2278 2232 2645 2301 compositum
2672 2230 2946 2301 cogitetur
2977 2228 3029 2283 id
3049 2228 3195 2298 quod
3227 2242 3443 2282 omnem
3471 2227 3554 2279 Βὶιι
3576 2254 3603 2268 ι-

2025 2323 2326 2393 plieitatem
2372 2330 2594 2390 superat
2623 2337 2641 2389 ;
2676 2335 2784 2374 non
2845 2320 2991 2373 enim
3025 2318 3211 2372 disina
3237 2317 3471 2370 essentia
3499 2333 3603 2369 uu-

2027 2430 2189 2484 quam
2225 2429 2345 2469 esse
2368 2422 2548 2484 potest
2577 2411 2825 2467 inefﬁcax
2850 2449 2864 2474 ,
2905 2425 3080 2480 neque
3120 2408 3411 2465 efﬁcientia
3453 2409 3596 2461 ines-

2023 2505 2291 2560 sentialis.
2334 2523 2352 2556 ι
2388 2504 2563 2559 Audis
2597 2514 2816 2561 sanctos
2864 2503 3121 2558 Ecclesiae
3168 2503 3421 2556 doctores
3487 2512 3609 2554 tan-

2028 2609 2141 2655 tum
2176 2614 2302 2654 cum
2328 2597 2569 2653 essentia
2604 2595 2955 2651 efﬁcientiam
2985 2611 3152 2649 unum
3180 2595 3436 2662 idemque
3478 2608 3599 2646 esse

2023 2692 2074 2744 in
2110 2692 2219 2745 Deo
2243 2700 2555 2750 censentes,
2576 2697 2840 2759 quantum
2873 2687 3035 2741 etiam
3060 2686 3230 2754 ipsam
3254 2683 3598 2739 efﬁcientiam

2026 2791 2226 2839 vocant
2251 2799 2370 2838 eam
2396 2791 2621 2852 propter
2643 2795 2916 2836 summum
2941 2777 3278 2834 discriminis
3302 2777 3599 2843 defectam,

2028 2876 2105 2930 ita
2152 2884 2214 2929 ut
2265 2889 2334 2929 ne
2370 2873 2424 2928 in
2484 2872 2877 2944 cogitationem
2924 2872 3146 2941 quidem
3197 2870 3477 2924 insinuare
3524 2869 3600 2923 ibi

2024 2966 2201 3033 possit
2230 2962 2537 3017 differentia
2566 2961 2984 3031 qualiscunque.
3024 2959 3198 3014 Audis
3236 2974 3402 3029 porro
3432 2959 3605 3012 etiam

2026 3053 2084 3108 id
2114 3053 2262 3123 quod
2287 3067 2453 3121 supra
2487 3053 2584 3106 tibi
2607 3050 3129 3121 demonstravimus.
3161 3049 3240 3103 Tu
3274 3046 3420 3103 enim
3453 3049 3604 3103 dice-

2025 3148 2125 3203 bas
2158 3147 2495 3201 ineflicaccm
2529 3154 2644 3199 tum
2667 3160 2786 3200 esse
2813 3144 3053 3199 divinam
3079 3143 3262 3212 potius
3279 3142 3600 3203 essentiam,

334 3235 574 3306 πρᾶγμα
608 3252 664 3287 τε
675 3236 1076 3306 ρατωδέστατόν
1097 3255 1156 3291 τε
1180 3239 1274 3291 καὶ
1295 3239 1703 3308 ἁμαθέστατον,’
1723 3242 1817 3293 καὶ
1846 3242 1921 3310 μὴ

2027 3256 2153 3296 eum
2183 3240 2442 3295 dicantur
2465 3238 2629 3293 ambo
2664 3253 2833 3292 unum
2865 3238 3118 3307 idemque
3165 3250 3307 3301 esse,
3345 3243 3459 3287 tum
3502 3249 3611 3287 au-

345 3329 534 3381 πᾶσαν
556 3327 721 3397 μόνον
744 3328 1049 3396 ἐκπλῆττον
1077 3329 1246 3398 ἀκοὴν
1268 3333 1332 3400 τῇ
1367 3331 1689 3402 ἁϐελτηρίᾳ,
1718 3333 1801 3385 ὅτι
1841 3333 1915 3403 μὴ

336 3420 428 3471 καὶ
444 3420 582 3482 τοὺς
602 3420 803 3489 σοφοὺς
826 3421 1078 3472 τουτουσὶ
1096 3420 1449 3483 διδασκάλους
1472 3423 1573 3492 τῆς
1588 3422 1916 3491 Ἐκκλησεας

336 3509 717 3579 συκοφαντοῦν
756 3509 947 3572 ἀδεῶς*
976 3511 1038 3563 οὐ
1082 3511 1191 3581 γὰρ
1210 3511 1514 3581 διοριστέον
1548 3510 1723 3565 ταῦτα
1749 3512 1914 3581 φασιν

332 3602 587 3672 ἀλλήλων
618 3603 841 3667 ἐκεῖνοι,
869 3602 958 3654 ἵνα
993 3619 1052 3654 τε
1080 3602 1215 3673 μήτε
1251 3601 1507 3657 σύνθετον
1538 3605 1598 3655 τὸ
1626 3603 1767 3672 ὑπὲρ
1802 3606 1908 3657 πᾶ·

338 3714 439 3749 σαν
466 3696 757 3761 ἁπλότητα
782 3697 993 3763 νοῆται,
1022 3697 1117 3748 κα)⁵
1136 3696 1224 3749 ἵνα
1253 3696 1379 3766 μήθ’
1407 3699 1438 3767 ἠ
1460 3697 1634 3770 [L145
1658 3695 1734 3769 r.]
1753 3698 1913 3761 οὐσία

332 3790 697 3860 ἀνενέργητος
723 3790 809 3857 εἴη
859 3789 924 3842 ἄν
954 3806 1080 3841 ποτε
1108 3791 1233 3859 μήτ’
1264 3791 1516 3854 tuatim;
1549 3792 1581 3860 ἡ
1617 3791 1702 3842 ὲνέ
1716 3805 1908 3859 ργεια.

2026 3342 2136 3389 tem
2162 3331 2458 3397 efficacem,
2492 3346 2619 3385 cum
2650 3330 2761 3386 sint
2789 3328 2963 3385 divisa
2996 3346 3011 3384 :
3050 3343 3171 3398 quae
3204 3342 3297 3383 res
3327 3335 3413 3380 est
3436 3324 3605 3379 mira-

2025 3424 2134 3479 culi
2161 3433 2220 3479 et
2263 3423 2586 3494 ignorantia:
2634 3421 3051 3492 plenissima,et
3080 3436 3202 3489 qua!
3233 3427 3445 3473 tantum
3492 3432 3607 3470 non

2022 3528 2216 3569 omnes
2265 3513 2553 3583 perturbet
2612 3527 2777 3567 aures
2828 3511 3196 3575 absurditate,
3221 3510 3392 3565 multo
3422 3507 3594 3576 magis

2016 3605 2182 3660 etiam
2201 3604 2477 3674 sapientes
2498 3604 2597 3658 bos
2617 3603 2870 3658 doctores
2888 3602 3482 3657 Ecclesitecriminetur
3504 3601 3615 3653 im-

2017 3695 2312 3764 pudenter.
2342 3695 2534 3764 Neque
2554 3695 2695 3749 enim
2721 3694 3106 3763 distinguenda
3135 3709 3254 3748 esse
3273 3694 3389 3746 lucc
3412 3690 3605 3744 dicunt

2023 3785 2101 3838 illi
2141 3800 2172 3839 a
2205 3800 2264 3839 se
2291 3784 2530 3838 invicem
2557 3824 2573 3848 ,
2628 3798 2697 3837 ne
2749 3783 3113 3850 compositum
3148 3782 3420 3850 cogitetur
3454 3778 3601 3847 quod

334 3899 563 3937 onlnem
628 3882 1038 3952 simplicitatem
1082 3892 1345 3952 superat,
1386 3899 1527 3939 neve
1564 3896 1809 3951 unquam
1847 3877 1921 3935 sit
1968 3892 2148 3948 neque
2212 3876 2453 3931 essentia
2516 3875 2787 3941 inefﬁcax,
2821 3888 2999 3942 neque
3029 3871 3321 3927 efﬁcientia
3358 3872 3604 3925 inessen-

335 3978 506 4031 tialis.

408 4073 493 4127 ΚΩ
538 4071 685 4139 Πρὸς
715 4071 889 4125 ταῦτα
911 4076 939 4126 ὁ
970 4072 1233 4142 ιΙαλαμᾶς
1261 4069 1562 4137 ἀντιλέγων
1593 4066 1779 4120 κοινὸν
1813 4065 1914 4135 μὲν

339 4164 551 4234 ἔφησεν
593 4158 735 4217 εἶναι
787 4166 965 4236 δόγμα
1015 4164 1122 4217 τῶν
1168 4183 1227 4216 τε
1280 4162 1477 4229 ἔξωθεν
1512 4162 1608 4214 καὶ
1647 4159 1753 4212 τῶν
1793 4158 1916 4211 καθ’

340 4255 489 4321 ἡμᾶς
532 4254 617 4320 φιλ
631 4255 843 4322 οσόιιιων
875 4256 1050 4322 τουτὶ,
1100 4255 1197 4307 καὶ
1228 4255 1329 4307 οὐκ
1370 4252 1656 4320 ἀντιλέγω·
1683 4248 1821 4320 πλὴν
1851 4249 1921 4301 τὰ

337 4342 425 4395 τὸν
455 4342 625 4396 αὑτὸν
670 4344 1034 4414 ἐπιδεχόμενοι
1093 4345 1254 4412 λόγον
1301 4342 1396 4396 δύο
1425 4345 1543 4396 ὲστί
1586 4343 1681 4395 καὶ
1712 4341 1813 4411 οὐχ
1834 4338 1914 4393 ἓν.

339 4434 450 4487 Καὶ
509 4436 562 4487 εἰ
613 4433 730 4497 δύο,
772 4435 890 4498 πῶς
937 4437 1106 4506 χωρῖς
1160 4434 1480 4505 ἡστινοσοῦν
1533 4432 1667 4504 πρὸς
1711 4431 1918 4501 ἄλληλα

338 4524 652 4595 διαφορᾶςς
706 4527 895 4579 Ἔστιν
943 4527 1035 4580 οὖν
1088 4528 1122 4598 ἡ
1176 4526 1276 4597 μὲν
1321 4526 1586 4595 ταυτότης
1630 4524 1723 4578 τοῦ
1756 4524 1916 4591 λόγου

2083 4057 2205 4114 XX.
2240 4059 2321 4114 Ad
2351 4060 2465 4114 haec
2488 4059 2735 4113 Palamas
2774 4056 3447 4126 respondens,commune
3479 4070 3605 4113 esse

2015 4154 2150 4210 dixit
2192 4153 2295 4208 hoc
2349 4152 2544 4223 dogma
2607 4161 2953 4206 externorum
2982 4148 3141 4219 311
3174 4158 3230 4203 et
3280 4158 3613 4203 nostrorum

2017 4245 2493 4316 philosophorum,
2552 4257 2731 4312 neque
2792 4254 2892 4311 ego
2940 4240 3122 4295 eidem
3157 4253 3446 4308 repugno:
3499 4239 3599 4293 sed

2018 4355 2141 4409 quae
2170 4339 2425 4393 eamdem
2459 4336 2731 4390 rationem
2779 4332 3059 4403 accipiunt
3113 4331 3224 4387 duo
3263 4332 3376 4385 sint
3418 4346 3598 4401 neque

2022 4445 2156 4487 vero
2186 4446 2391 4496 lilium;
2432 4443 2497 4484 ac
2529 4428 2575 4483 si
2612 4427 2723 4482 duo
2747 4466 2763 4492 ,
2809 4427 3088 4496 quomodo
3126 4433 3334 4480 remota
3385 4433 3514 4479 sunt
3569 4440 3600 4479 a

2025 4522 2401 4593 qualicunque
2454 4519 2769 4575 differentia
2808 4518 2954 4573 inter
2999 4517 3098 4572 se?
3139 4514 3407 4571 ldentitas
3436 4515 3601 4585 igitur

341 4620 484 4673 κατὰ
523 4620 585 4671 τὸ
637 4616 775 4672 εἶναι
822 4619 1012 4689 ἄμφω,
1050 4619 1149 4689 τήν
1183 4636 1239 4671 τε
1290 4619 1479 4671 οὐσίαν
1509 4617 1604 4672 καὶ
1632 4616 1731 4687 τὴν
1761 4615 1917 4685 ἐνέρ-

2027 4615 2252 4670 rationis
2299 4613 2357 4667 in
2414 4628 2481 4668 eo
2549 4611 2651 4666 sita
2683 4618 2808 4677 est,
2839 4607 2988 4678 quod
3031 4608 3229 4672 ambo,
3278 4615 3333 4662 et
3363 4608 3600 4662 essentia

342 4724 519 4776 γειαν,
556 4709 811 4763 ἇκτιστα’
853 4711 885 4781 ἡ
919 4710 974 4762 δὲ
1023 4709 1255 4777 διαφορὰ
1298 4708 1357 4761 τὸ
1391 4709 1492 4778 μὲν
1534 4706 1748 4772 οὐσίαν,
1781 4704 1843 4757 τὸ
1873 4702 1919 4757 δ’

341 4800 618 4866 ἀνούσιον,
647 4814 745 4873 την
776 4787 1061 4873 ἐνέργειαν
1091 4801 1318 4873 δηλαδή.

418 4982 549 5035 KA’.
597 4982 656 5033 Ὀ
680 4980 735 5033 δὲ
767 4982 1073 5050 Γρηγορᾶς,
1107 4980 1230 5033 ’Ότι
1257 4980 1377 5049 μὲν,
1403 4979 1557 5049 φησὶ,
1588 4979 1647 5032 τὸ
1668 4979 1922 5033 ἁνούσιον

342 5074 443 5128 οὐκ
462 5074 636 5139 ὃν,-τ⁵,
669 5074 713 5126 δ’
740 5075 837 5126 οὐκ
860 5074 919 5127 ὃν
948 5077 1007 5126 οὐ
1052 5075 1208 5135 Θεὸς,
1231 5073 1389 5140 δῆλον
1421 5076 1531 5135 τοῖς
1562 5072 1735 5126 ἅπασι
1783 5072 1921 5142 πλὴν

348 5164 460 5220 σοῦ.
498 5167 622 5219 Ὀτι
658 5165 702 5219 δ’
735 5166 885 5218 οὐδὲν
918 5165 998 5219 ἔτι
1032 5164 1264 5218 κωλύσει
1301 5166 1486 5217 λοιπὸν
1517 5165 1919 5232 συμπεραίνειν

346 5261 438 5311 καὶ
479 5261 624 5328 ἡμᾶς
671 5261 763 5310 ἐπί
811 5261 909 5327 τῆς
950 5258 1207 5310 συνθέτου
1252 5258 1359 5329 ἄρα
1397 5257 1613 5326 φύσεως
1647 5258 1737 5310 τὸν
1768 5260 1922 5311 ἀντι-

347 5349 600 5420 κείμενυν
648 5350 898 5421 δέχεσθαι
954 5350 1113 5418 λόγον
1148 5350 1245 5419 τὴν
1288 5350 1571 5419 ἐνέργειαν
1618 5353 1682 5420 τῇ
1738 5351 1917 5421 οὐσῐᾳ,

347 5441 443 5493 καὶ
472 5438 613 5495 εἶναι
647 5443 791 5496 δυοῖν
844 5441 907 5508 ἐξ
947 5443 1191 5511 ἀνάγκης
1229 5443 1534 5513 Θάτερον,ἣ
1571 5445 1670 5513 τὴν
1704 5443 1804 5510 μὲν
1832 5444 1923 5495 οὖ-

349 5532 473 5585 σίαν
522 5535 678 5603 ἡμῶν
722 5534 998 5600 ἄκτιστον,
1034 5534 1130 5605 τὴν
1176 5535 1220 5588 δ’
1277 5535 1558 5605 ἐνέργειαν
1611 5537 1919 5606 κτιστὴνυῆ

345 5621 444 5691 τῆς
484 5623 671 5689 οὐσίας
699 5624 864 5695 οὔσης
886 5625 1111 5695 κτιστῆς
1143 5619 1281 5678 εἶναι
1308 5627 1405 5696 τὴν
1452 5627 1729 5695 ἐνέργειαν
1772 5628 1925 5681 ἄκτι-

350 5728 500 5781 στον,
534 5714 689 5782 δῆλον
732 5719 826 5771 καὶ
871 5717 1034 5771 τοῦτο
1071 5717 1230 5770 παντί
1265 5734 1364 5770 που
1408 5716 1475 5771 τὰ
1530 5717 1763 5785 μάλιστα
1789 5733 1803 5748 ·
1848 5718 1923 5781 ὡς

352 5810 460 5879 γὰρ
485 5806 565 5872 οἷς
600 5812 658 5864 τι
684 5806 825 5864 εἶναι
848 5812 1045 5864 ταυτὸν
1095 5810 1187 5864 καὶ
1214 5811 1239 5863 ὁ
1270 5808 1427 5878 λόγος
1462 5811 1488 5861 ὁ
1521 5810 1702 5875 critic,
1742 5807 1920 5873 οὕτως

2022 4717 2080 4762 et
2108 4704 2425 4769 efﬁcientia,
2459 4705 2573 4758 sint
2617 4703 2861 4759 inereata
2894 4720 2907 4755 :
2936 4700 3245 4756 differentia
3288 4710 3469 4754 autem
3510 4715 3598 4766 ea,

2024 4807 2085 4853 ut
2135 4799 2371 4853 alterum
2406 4798 2478 4852 sit
2509 4798 2753 4853 essentia
2779 4837 2794 4862 ,
2831 4794 3065 4849 alterum
3112 4800 3296 4847 autem
3351 4791 3601 4847 inessen-

2022 4890 2175 4953 tiale,
2204 4891 2495 4946 efﬁcientia
2529 4890 2820 4945 nimirum.

2093 4982 2237 5037 XXI.
2279 4982 2553 5053 Gregoras
2578 4993 2760 5036 autem
2788 5000 2801 5035 :
2830 4979 3213 5044 Inessentiale,
3236 4978 3448 5048 inquit,
3490 4991 3599 5029 non

2022 5093 2143 5133 esse
2166 5118 2180 5142 ,
2213 5078 2357 5146 quod
2390 5086 2573 5131 autem
2606 5092 2714 5129 non
2736 5075 2827 5138 sit,
2857 5090 2964 5126 non
3000 5087 3120 5126 esse
3156 5071 3343 5126 Deum.
3383 5069 3451 5122 ab
3484 5082 3602 5121 om-

2021 5169 2189 5222 nibus
2218 5167 2543 5235 iutelligitur
2572 5166 2675 5219 nisi
2702 5180 2731 5218 a
2757 5174 2830 5216 te.
2884 5161 3032 5216 Niltil
3070 5170 3252 5213 autem
3287 5161 3396 5229 jam
3422 5157 3602 5224 impc-

2022 5260 2271 5314 diturum
2298 5273 2441 5321 esse,
2478 5255 2776 5326 quominus
2804 5267 2907 5306 nos
2929 5265 3149 5320 quoque
3180 5248 3600 5309 concludamus,

2024 5353 2079 5405 in
2098 5350 2403 5418 composita
2438 5358 2631 5402 natura
2658 5344 3011 5411 efﬁcientiam
3045 5342 3299 5411 accipere
3328 5340 3599 5394 rationem

2022 5443 2271 5498 essentia:
2302 5441 2608 5509 oppositam
2639 5480 2653 5503 ,
2701 5446 2757 5491 et
2783 5450 2903 5491 esse
2945 5434 3371 5492 alterumutrum
3409 5444 3601 5483 ncces-

2022 5532 2334 5593 sario,aut
2397 5532 2695 5584 essentiam
2781 5538 3024 5582 nostram
3090 5528 3425 5588 increatam,
3487 5520 3600 5576 elli-

2023 5625 2280 5683 cientiam
2333 5632 2517 5677 autem
2574 5630 2838 5686 creatam,
2892 5629 2984 5675 aut
3015 5617 3307 5675 essentiam
3335 5622 3607 5682 creatam,

2023 5716 2366 5771 efﬁcientiam
2433 5722 2617 5767 autem
2686 5715 3025 5776 increatam,
3068 5712 3175 5781 boc
3227 5707 3296 5762 ab
3341 5706 3620 5762 omnibus»

2024 5808 2194 5877 probe
2252 5807 2595 5873 intelligitur.
2645 5807 2861 5863 Etenim
2892 5817 2949 5860 ut
2983 5805 3050 5860 iis
3098 5802 3302 5873 quibus
3356 5799 3619 5855 essentia.
