4046 6290
425 393 530 461 (Στό

1626 403 2038 470 NICEPHORI
2085 413 2462 475 GREGORxE

3569 420 3673 481 276

427 517 644 577 eadem,
682 517 822 570 ratio
869 534 1091 588 quoque
1116 519 1305 574 eadem
1337 532 1439 580 est.
1471 523 1543 576 ita
1581 525 1648 576 iis
1691 527 1892 593 quibus
1918 543 2003 579 es-

2116 529 2186 592 οἷς
2220 533 2279 584 τὸ
2316 528 2458 587 εἰναι
2505 535 2785 602 διάφορον,
2818 534 2908 586 καὶ
2953 533 2981 586 ὁ
3025 532 3182 600 λόγος
3226 531 3505 602 διάφορος.
3551 534 3679 586 Ἐπὶ

428 613 602 662 tientia
655 611 893 675 diversa,
933 613 1072 664 ratio
1127 626 1346 680 quoque
1391 613 1604 666 diversa
1636 625 1756 674 est:
1795 617 1998 670 etenim

433 702 487 754 in
546 703 826 756 essentiali
880 703 1185 758 subSIantia
1237 713 1454 759 sanctos
1487 705 1588 758 bos
1633 707 2000 762 audivistidi-

430 809 447 842 ι
469 809 556 848 ere
585 809 707 848 esse
741 797 986 848 eamdem
1022 797 1130 848 vim
1171 796 1402 849 rationis
1442 797 1557 851 sive
1586 798 1922 852 deﬁnitionis
1947 810 2004 855 et

430 887 577 954 quod
614 887 680 940 ad
733 886 1108 940 diversitatem
1143 889 1373 941 attineat
1405 891 1631 944 omnino
1677 891 1836 944 nihil.
1867 891 2000 946 Ete-

429 980 539 1030 nim
567 980 609 1032 si
641 996 706 1034 ex
742 978 1187 1049 pronuntiatione
1211 989 1266 1033 et
1285 980 1684 1050 signiﬁcatione
1716 983 2004 1052 utriusque

433 1077 667 1138 utraque
707 1069 1077 1123 differentiam
1108 1072 1318 1140 accepit
1353 1087 1472 1136 vox,
1501 1080 1651 1126 certe
1681 1073 1736 1126 in
1761 1072 2001 1142 simplici

430 1171 488 1215 et
531 1161 896 1230 incomposita
928 1170 1124 1214 natura
1156 1161 1404 1216 eamdem
1430 1171 1486 1216 et
1517 1177 1682 1216 unam
1719 1172 1775 1217 et
1804 1163 2005 1217 immu-

434 1248 658 1304 tabilem
685 1249 892 1326 habent
919 1251 1372 1319 signiﬁcationem
1394 1252 1554 1321 312
1577 1253 1770 1308 ambae.
1795 1254 2003 1308 Deinde

435 1343 478 1392 si
537 1339 882 1394 efﬁcientiam
921 1340 1194 1396 diversam
1241 1357 1361 1396 esse
1399 1342 1539 1398 dicis
1585 1343 1748 1398 etiam
1781 1344 1836 1398 in
1867 1345 2003 1410 Deo,

437 1441 496 1484 ut
528 1434 582 1484 in
614 1432 779 1486 nobis
817 1433 1142 1502 compositis
1167 1473 1182 1498 ,
1213 1443 1270 1488 et
1323 1435 1546 1504 preprie
1597 1436 1895 1491 increatam
1922 1439 2005 1491 di-

431 1523 736 1590 vinitatem,
759 1535 815 1578 et
847 1535 1143 1594 utrumque
1168 1533 1253 1580 est
1294 1526 1441 1596 quod
1484 1527 1715 1582 alterum
1749 1545 1858 1583 non
1890 1538 1999 1592 est,

433 1629 489 1670 et
512 1631 730 1685 semper
757 1617 988 1670 alterum
1023 1633 1132 1686 pra:
1165 1619 1338 1672 altero
1369 1618 1603 1674 invicem
1637 1619 2002 1674 diﬂerentiam

431 1717 485 1757 et
524 1721 757 1776 pugnam
794 1706 1024 1776 suscipit
1061 1707 1248 1762 verbis
1291 1717 1347 1762 et
1375 1708 1539 1762 rebus
1572 1708 1678 1779 (est
1733 1711 1880 1763 enim
1908 1725 2002 1764 ne-

433 1813 584 1853 cesse
613 1799 839 1851 omnino
867 1839 881 1864 ,
931 1812 1054 1866 quae
1107 1810 1214 1852 tam
1253 1797 1366 1852 sint
1410 1799 1590 1853 aliena
1637 1809 1691 1853 et
1725 1809 1920 1854 natura
1951 1809 2006 1855 et

434 1895 853 1964 significatione,
885 1910 996 1949 non
1038 1897 1182 1951 idem
1211 1912 1332 1952 esse
1376 1897 1532 1952 alteri
1579 1898 1834 1968 alterum)
1863 1916 1876 1964 ;
1901 1897 2007 1952 erit

438 1985 623 2052 igitur,
660 1987 702 2040 si
744 1986 1034 2040 cﬂicientia
1075 1988 1318 2042 increata
1361 1997 1447 2042 est
1488 1997 1544 2042 et
1602 1988 1965 2042 inessentialis
1991 2028 2006 2051 ,

436 2085 617 2132 creata
640 2077 963 2131 etincﬁicax
996 2079 1259 2144 essentia,
1295 2086 1354 2132 ut
1387 2094 1551 2145 supra
1577 2077 1832 2132 audivisti
1873 2077 2012 2130 divi-

439 2178 537 2224 nos
569 2171 719 2224 viros
750 2171 1056 2225 secundum
1078 2171 1295 2240 regulas
1326 2171 1690 2240 philosophia:
1731 2169 2007 2223 contraria

437 2263 732 2315 contrariis
763 2262 1016 2317 deﬁnire.
1043 2262 1137 2316 Sin
1174 2279 1340 2332 porro
1388 2263 1552 2316 etiam
1585 2262 1890 2316 efﬁcientia:
1913 2277 2010 2315 no-

439 2362 562 2406 men
597 2355 928 2423 generaliter
958 2369 1022 2406 ex
1057 2363 1147 2407 tua
1172 2355 1444 2409 sententia
1467 2370 1622 2423 mque
1648 2353 1716 2408 de
1755 2353 2010 2408 omnibus

441 2445 767 2510 praedicatur
787 2443 1123 2505 nominibus,
1141 2445 1358 2498 virtutis
1378 2454 1532 2513 puta.
1550 2443 2006 2513 sapientiaz,vitm,

441 2537 690 2600 luminis,
723 2537 914 2600 animi,
944 2536 1276 2600 dementire,
1307 2537 1401 2589 irae
1422 2575 1437 2600 ,
1471 2534 1901 2604 tranquillitatis,
1927 2543 2009 2586 ta-

451 2630 718 2696 liumque,
761 2627 1187 2697 quibuscunque
1218 2641 1313 2679 usa
1348 2634 1435 2680 est
1476 2624 1766 2695 Scriptura
1824 2623 2010 2676 divina

444 2719 555 2773 Deo
599 2719 1003 2773 convenienter
1048 2717 1452 2772 allirmanlibus
1503 2725 1561 2772 et
1595 2715 1924 2785 negantibus
1957 2726 2012 2767 et

441 2811 711 2880 oppositis
736 2810 1054 2864 nominibus
1076 2851 1090 2874 ,
1121 2809 1346 2863 accedet
1373 2810 1483 2879 jam
1516 2809 1681 2862 etiam
1719 2808 1805 2862 his
1832 2807 2012 2861 omni-

441 2907 542 2960 bus
581 2919 734 2974 atque
757 2922 770 2957 :
795 2912 849 2958 et
873 2903 1036 2957 simili
1070 2903 1232 2956 modo
1269 2918 1483 2971 semper
1520 2900 1805 2955 insultabit
1831 2897 2013 2953 nomi-

445 2995 606 3048 nibus
642 2992 902 3049 omnibus
957 2992 1286 3052 absurditas,
1314 3001 1370 3044 et
1400 3006 1585 3044 secum
1617 2990 1875 3059 pugnabit
1904 2987 2016 3043 elli-

442 3087 645 3139 eientia
711 3101 938 3147 nomen,
989 3098 1114 3136 eum
1183 3082 1298 3135 bmc
1352 3083 1656 3135 secundum
1692 3090 1744 3135 Ie
1791 3079 2014 3149 proprie

2103 623 2211 691 γάρ
2257 623 2358 689 τῆς
2405 624 2696 686 ούσιώδους
2740 623 3026 691 ὑπάρξεως
3054 622 3178 684 τοὺς
3234 622 3422 688 ἁγίους
3455 623 3678 683 τούτοις

2103 714 2351 783 ἀκήκοας
2381 716 2642 783 λέγοντας
2668 716 2767 783 τὴν
2813 717 2908 768 τοῦ
2952 715 3113 782 λόγου
3141 717 3468 782 ταυτότητα,
3501 717 3679 765 sit-0w

2103 807 2199 860 τοῦ
2255 810 2406 876 ὅρου,
2453 808 2545 859 καὶ
2588 808 2710 860 καθ’
2757 809 2944 876 ἕτερον
2991 807 3214 869 πάντως
3263 807 3436 860 οὐδέν.
3482 808 3544 859 Εἰ
3576 809 3682 873 γὰρ

2105 900 2249 952 κατὰ
2280 899 2566 968 προφορὰν
2605 899 2701 952 καὶ
2750 898 3115 968 ἐτυμολογίαν
3147 900 3415 969 ἑκατέρας
3449 899 3683 966 ἑκατέρα

2104 991 2202 1061 τὴν
2229 992 2491 1062 διαφορὰν
2535 993 2805 1062 ἐκτήσατο
2852 992 3020 1058 λέξις,
3051 992 3169 1046 ἀλλ’
3221 993 3318 1046 ἐπὶ
3360 993 3462 1060 τῆς
3505 993 3684 1060 ἁπλῆς

2105 1083 2197 1135 καὶ
2229 1082 2523 1135 ἀσυνθέτου
2551 1085 2766 1150 φύσεως
2794 1082 2893 1153 τὴν
2927 1082 3098 1153 αὐτὴν
3128 1083 3223 1135 καὶ
3256 1083 3386 1151 μίαν
3417 1082 3511 1134 καὶ
3543 1083 3687 1135 ἀπα-

2107 1173 2414 1245 ράλλακτον
2455 1173 2639 1242 έχουσι
2670 1173 2948 1241 σημασίαν
2989 1174 3176 1244 ἄμφω.
3211 1174 3447 1227 Ἔπειτα
3492 1174 3539 1224 εἰ
3585 1171 3687 1240 τὴν

2105 1264 2389 1335 ἐνέργειαν
2430 1265 2617 1335 ἕτερον
2667 1263 2807 1317 εἶναι
2841 1264 3020 1332 λέγεις
3067 1265 3203 1317 κάπὶ
3247 1262 3383 1316 Θεοῦ
3431 1263 3686 1332 καθάπερ

2106 1357 2200 1410 ἐπὶ
2237 1357 2348 1409 τῶν
2399 1357 2674 1410 συνθέτων
2710 1355 2893 1426 ὴμῶν,
2930 1355 3026 1408 καὶ
3074 1356 3220 1419 ἰδίως
3271 1355 3529 1410 ἄκτιστον
3571 1355 3686 1406 θεό-

2103 1467 2262 1517 τητα,
2293 1450 2387 1502 καὶ
2441 1448 2588 1502 ἐστιν
2652 1451 2914 1520 ἑκάτερον
2976 1449 3184 1503 τούτων
3229 1450 3370 1518 ὅπερ
3409 1450 3510 1502 οὐκ
3540 1449 3688 1501 ἐστιν

2107 1542 2388 1610 ἑκάτερον,
2424 1545 2520 1595 καὶ
2547 1543 2634 1596 ἀεὶ
2666 1542 2894 1611 θάτερον
2923 1541 3076 1611 παρὰ
3127 1541 3358 1612 θάτερον
3388 1542 3689 1612 ἀμοιϐαδὸν

2106 1633 2204 1704 τὴν
2235 1633 2500 1704 διαφορὰν
2532 1635 2626 1687 καὶ
2657 1635 2838 1704 μάχην
2860 1634 3139 1703 λαμϐάνον
3165 1633 3346 1700 λόγοις
3378 1637 3470 1686 καὶ
3510 1632 3690 1701 πράγ-

2112 1738 2279 1791 μασιν
2309 1721 2548 1793 (ἀνάγκη
2584 1723 2691 1791 γάρ
2724 1721 2790 1774 ἂν
2823 1724 2909 1792 εἴη
2949 1723 3099 1774 πᾶσα
3129 1722 3196 1773 τά
3221 1720 3396 1782 οὕτως
3431 1721 3690 1788 ἀλλότρια

2107 1812 2175 1879 τῇ
2211 1810 2374 1877 φύσει
2407 1810 2503 1862 καὶ
2543 1810 2792 1879 σημασίᾳ
2827 1809 2898 1878 μὴ
2933 1810 3130 1861 ταυτὸν
3165 1806 3306 1861 εἰναι
3335 1807 3554 1878 θατέρῳ
3589 1807 3690 1861 θά-

2109 1900 2315 1971 τερον),
2347 1901 2498 1954 ἔσται
2528 1902 2660 1972 ἄρα,
2691 1903 2739 1954 εἰ
2767 1904 2799 1972 ἡ
2826 1901 3078 1972 ἐνέργεια
3112 1902 3367 1964 ἄκτιστος
3407 1902 3502 1954 καὶ
3532 1901 3693 1954 ἀνού-

2112 2008 2248 2056 σιος,
2280 1990 2474 2060 κτιστὴ
2528 1993 2560 2062 ή
2590 1993 2749 2044 οὐσία
2779 1993 2874 2046 καὶ⁵
2918 1992 3303 2060 ἀνενέργητος,
3332 1990 3406 2053 ὡς
3435 1992 3692 2059 ἀνωτέρω

2110 2102 2172 2153 γε
2204 2083 2466 2153 ὴκηκὸεις
2498 2084 2608 2136 τῶν
2641 2082 2800 2137 θείων
2837 2083 2960 2136 κατ’
3007 2084 3325 2152 ἐπιστήμην
3369 2083 3435 2136 τὰ
3471 2083 3694 2134 ἐναντία

2110 2177 2223 2239 τοῖς
2257 2175 2521 2238 ἐναντίοις
2548 2175 2884 2245 ὁριζομένων
2913 2175 3146 2245 ἀνδρῶν.
3183 2175 3244 2227 Εἰ
3270 2175 3326 2228 δὲ
3363 2176 3460 2227 καὶ
3494 2175 3555 2228 τὸ
3589 2175 3690 2241 τῆς

2111 2265 2396 2335 ἐνεργείας
2425 2265 2596 2335 ὄνομα
2627 2265 2859 2334 γενικῶς
2888 2267 3028 2318 κατά
3066 2265 3126 2317 σὲ
3163 2265 3384 2319 πάντων
3433 2263 3523 2316 ἐπ’
3563 2265 3690 2330 ἴσης

2111 2359 2471 2428 κατηγοροῖτο
2497 2357 2606 2410 τῶν
2633 2357 2937 2426 ὀνομάτων,
2971 2357 3258 2425 δυνάμεως
3281 2355 3444 2424 λέγω,
3472 2356 3690 2422 σοφίας,

2113 2450 2285 2521 ζωῆς,
2317 2451 2515 2520 φωτὸς,
2549 2449 2745 2518 θυμοῦ,
2803 2450 3210 2520 μακροθυμίας,
3245 2449 3438 2519 ὀργῆς,
3486 2450 3698 2516 ἀοργηο

2114 2545 2258 2610 σίας,
2318 2544 2412 2596 καὶ
2470 2542 2581 2594 τῶν
2625 2541 2906 2606 τοιούτων,
2944 2541 3094 2600 ὅσοις
3149 2541 3183 2606 ἡ
3239 2537 3359 2590 θεία
3418 2537 3691 2605 κέχρηται

2114 2630 2306 2701 ι’ραιρὴ
2339 2627 2660 2699 θεοπρεπῶς
2687 2629 3082 2695 καταφατικοῖς
3105 2643 3164 2678 τε
3199 2627 3295 2679 καὶ⁹
3328 2625 3695 2693 ἀποφατικοϊς

2114 2719 2206 2770 καὶ
2229 2716 2630 2786 ἀντικειμένοις
2651 2716 2934 2786 ὀνόμασιν,
2965 2714 3346 2783 ἐπιδραμεῖται
3388 2710 3572 2762 λοιπὸν
3601 2709 3697 2762 καὶ

2115 2811 2250 2862 πᾶσι
2299 2809 2509 2870 τούτοις
2562 2806 2650 2860 ἐπ’
2694 2807 2838 2876 ἴσης,
2867 2806 2961 2858 καὶ
2983 2805 3185 2873 ὁμοίως
3232 2802 3296 2876 [ί.
3341 2802 3446 2856 H5
3487 2799 3562 2872 tu]
3601 2800 3692 2854 ἀεὶ

2085 2903 2516 2972 ’κατορχήσεται
2561 2900 2669 2951 τῶν
2727 2899 3009 2969 ὀνομάτων
3055 2897 3312 2950 ἁπάντων
3362 2894 3687 2962 τάτὸπημα,

2115 2995 2212 3047 καὶ
2249 2993 2534 3046 στασιάσει
2567 2991 2703 3062 πρὸς
2741 2989 2903 3044 ἑαυτὸ
2952 2990 3013 3042 τὸ
3042 2989 3139 3057 τῆς
3177 2986 3456 3055 ἐνεργείας
3492 2985 3693 3052 ὄνομα,

2115 3084 2321 3152 ταύτης
2347 3083 2410 3154 δὴ
2437 3087 2535 3154 τῆς
2581 3082 2892 3146 ἰδιαζόντως
2921 3081 3056 3134 κατά
3087 3079 3147 3132 σὲ
3191 3080 3490 3147 λεγομένης
3522 3077 3696 3131 ἀκτί-

444 3177 662 3228 dicatur
730 3173 974 3226 increata
1027 3171 1325 3237 divinitas,
1384 3183 1609 3241 propter
1675 3173 1819 3240 quod
1865 3170 2012 3224 enim

2119 3197 2246 3233 στου
2308 3178 2579 3246 θεότητος.
2632 3175 2826 3229 Καθ⁹δ
2877 3175 2985 3245 γὰρ
3034 3173 3266 3226 ἕκαστον
3314 3171 3548 3224 ἑκάστου
3580 3167 3696 3222 τῶν

446 3268 733 3336 quodlibet
768 3281 796 3318 a
831 3265 1029 3333 quovis
1074 3263 1310 3318 aliorum
1361 3264 1607 3316 omnium
1655 3263 2009 3332 relinquitur,

448 3366 673 3427 propter
706 3356 759 3410 id
797 3356 922 3410 aliis
945 3355 1206 3409 omnibus
1235 3365 1320 3409 est
1355 3355 1536 3407 minus
1566 3353 1634 3406 ab
1666 3353 1842 3421 iisque
1883 3353 2015 3406 alic-

445 3467 602 3514 num,
635 3458 801 3519 atque
828 3463 1000 3501 unum
1054 3447 1281 3501 omnino
1332 3461 1451 3500 esse
1486 3445 1779 3499 essentiam
1815 3459 2015 3498 conce-

444 3547 598 3597 ditur
633 3552 687 3595 et
716 3549 914 3595 natura
945 3555 1130 3605 onme,
1160 3539 1306 3605 quod
1339 3537 1542 3592 dicitur
1574 3546 1630 3590 et
1653 3546 1877 3590 vocatur
1908 3537 2016 3590 Deo

445 3634 845 3689 convenienter
877 3649 904 3686 a
936 3631 1090 3686 vobis
1141 3641 1308 3685 etest
1346 3639 1400 3683 et
1448 3637 1565 3683 erat
1600 3637 1653 3682 et
1715 3629 1822 3682 erit
1856 3628 2016 3697 313

451 3731 591 3782 Deus
617 3735 833 3796 potens,
868 3726 1075 3796 justus,
1109 3725 1410 3786 increatus,
1444 3723 1674 3784 veritas,
1725 3721 2016 3791 sapientia,

449 3821 638 3881 virtus,
669 3819 802 3880 vita,
834 3817 1043 3883 lumen,
1075 3814 1386 3877 efﬁcientia,
1409 3825 1463 3870 et
1487 3815 1708 3868 similia.

518 3910 678 3964 XXII.
704 3909 839 3964 Cum
874 3917 1056 3963 autem
1081 3909 1196 3962 suis
1229 3907 1402 3976 ipsius
1445 3907 1634 3960 verbis
1685 3915 1741 3959 et
1800 3905 2021 3974 scriptis

448 4003 568 4072 capi
602 4002 848 4056 Palamas
872 4017 931 4056 sc
951 4001 1164 4055 videret
1199 3999 1482 4065 continuo,
1518 4019 1536 4050 c
1568 3998 1690 4052 Non
1727 3998 1782 4050 in
1813 3996 2018 4063 verbis,

449 4096 647 4164 inquit,
682 4109 861 4163 neque
894 4093 1121 4148 omnino
1158 4093 1212 4146 in
1248 4092 1489 4160 scriptis,
1523 4093 1615 4144 sed
1648 4091 1702 4144 in
1735 4089 1902 4143 rebus
1923 4103 2021 4142 no-

447 4189 578 4243 stris
603 4188 781 4257 pietas
805 4187 1052 4240 cernitur
1085 4182 1388 4238 secundum
1420 4182 1726 4250 theologos.
1768 4199 1786 4232 ι
1820 4179 2024 4234 Ριιυιιιο

450 4281 560 4333 lum
616 4279 744 4334 dein
779 4287 1022 4333 moratus
1051 4275 1322 4346 Gregoras
1354 4293 1367 4328 :
1408 4274 1600 4335 «Proh,
1627 4272 1824 4342 inquit,
1844 4271 2025 4327 stulti-

453 4372 638 4425 tiam!»
671 4379 728 4422 et
754 4369 1064 4437 despiciens
1100 4381 1229 4421 cum
1265 4376 1281 4419 ξ
1319 4364 1492 4435 «Ergo
1522 4362 1768 4433 fugiebat
1791 4377 1914 4424 nos,
1936 4361 2024 4415 in-

455 4466 596 4534 quit,
626 4469 679 4515 te
710 4477 831 4516 esse
852 4460 1065 4514 aurium
1096 4460 1416 4514 obtusarum
1455 4466 1509 4509 et
1551 4455 1776 4510 surdum
1832 4463 1885 4507 et
1909 4468 2027 4507 om-

2115 3271 2290 3325 ἇλλων
2337 3271 2584 3322 λείπεται
2642 3268 2883 3333 πάντων,
2943 3266 3066 3320 κατ’
3121 3267 3300 3317 ἐκεῖνο
3348 3262 3456 3314 τῶν
3513 3260 3696 3314 ἀλλων

2117 3363 2373 3417 ἁπάντων
2426 3362 2731 3432 ὴλάττωταί
2785 3377 2844 3413 τε
2896 3360 2992 3412 καὶ
3047 3357 3428 3428 ἠλλοτρίωται.
3471 3354 3583 3408 Καὶ
3634 3352 3696 3405 ἒν

2116 3451 2255 3507 εἰναι
2289 3455 2507 3515 πάντως
2559 3451 2750 3505 οὐσίαν
2799 3452 3145 3521 ὁμολογεῖται
3192 3450 3286 3503 καὶ
3332 3449 3491 3516 φύσει
3529 3448 3636 3498 πᾶν
3663 3444 3694 3496 ὃ

2117 3544 2332 3613 λέγεται
2355 3545 2449 3598 καὶ
2470 3544 2793 3613 ὀνομάζεται
2818 3543 3140 3612 θεοπρεπῶς
3165 3542 3321 3612 ἡμῖν,
3341 3541 3433 3592 καὶ
3457 3540 3574 3591 ἔστι
3600 3539 3695 3590 καὶ

2117 3633 2186 3708 ἦν
2218 3637 2312 3688 καὶ¹
2337 3635 2510 3692 ἔσται.
2543 3635 2672 3698 Θεὸς
2703 3635 2939 3704 ἰσχυρὸς,
2970 3634 3198 3697 δίκαιος,
3241 3633 3517 3696 άκτιστος,
3564 3630 3697 3700 ἁλή-

2121 3731 2262 3793 θεια,
2306 3727 2487 3796 σοφία,
2522 3726 2775 3794 δύναμις,
2811 3726 2944 3795 ζωὴ,
2995 3724 3130 3794 φῶς,
3180 3724 3450 3794 ἐνέργεια,
3497 3722 3591 3774 καὶ
3623 3720 3694 3773 τὰ

2120 3817 2365 3872 τοιαῦτα.

2193 3910 2320 3965 KB’.
2363 3910 2515 3963 Ἐπεί
2569 3927 2633 3977 γε
2695 3909 2800 3978 μὴν
2825 3912 2893 3961 ἐκ
2942 3907 3050 3960 τῶν
3085 3907 3302 3960 οἰκείων
3343 3905 3607 3975 ῥημάτων
3633 3921 3692 3956 τε

2123 4006 2218 4056 καὶ
2277 4004 2625 4074 γραμμάτιον
2676 4001 3032 4069 ἁλισκόμενον
3081 4001 3109 4053 ὁ
3166 3999 3430 4066 Παλαμᾶς
3499 3997 3692 4050 ἑαυτὸν

2125 4095 2274 4166 ἐώρα
2317 4095 2601 4165 διηνεκῶς,
2635 4115 2653 4145 ‹
2712 4094 2827 4147 Οὐκ
2875 4095 2933 4145 ἐν
2964 4093 3194 4162 ῥήμασι,
3237 4109 3255 4142 ι
3311 4091 3497 4160 φησὶν,
3532 4107 3552 4140 ι
3585 4087 3694 4141 οὐδ’

2127 4187 2315 4252 ἁπλῶς
2349 4189 2407 4241 ἐν
2454 4189 2804 4258 γράμμασιν,
2841 4183 2958 4238 ἀλλ’
2985 4186 3044 4238 ἐν
3088 4183 3416 4252 πράγμασιν
3458 4179 3618 4250 ἡμῶν
3661 4181 3694 4249 ἡ

2126 4280 2378 4334 εὐσέϐεια
2425 4281 2568 4333 κατά
2617 4280 2746 4342 τοὺς
2789 4279 3094 4345 θεολόγους.
3139 4294 3158 4327 ι
3192 4274 3405 4342 Μικρὸν
3449 4271 3544 4327 οῦν
3580 4275 3698 4324 ἐπι-

2129 4368 2273 4438 σχὼν
2302 4370 2329 4420 ὁ
2370 4369 2678 4438 Γρηγορᾶς,
2717 4386 2735 4417 ι
2783 4367 2883 4420 ’ἰοὺ
2916 4366 3021 4431 ἰοὺ,
3074 4381 3094 4414 ι
3149 4364 3305 4434 φησὶ,
3348 4381 3368 4413 ι
3402 4361 3504 4424 τῆς
3539 4361 3696 4412 ἀϐελ-

2126 4457 2342 4527 τηρίας.
2381 4476 2400 4508 ι
2441 4457 2552 4512 Καὶ
2579 4456 2785 4510 ἀπιδὼν
2818 4456 2952 4527 πρὸς
2983 4453 3163 4518 αὐτὸν,
3195 4471 3214 4504 ι
3248 4448 3380 4505 Εἶτα
3410 4450 3698 4512 ἐλάνθανες

459 4531 591 4608 nino
641 4553 888 4622 ignarum
958 4549 1274 4604 festivitatis
1321 4556 1374 4602 et
1426 4545 1810 4601 celebrationis
1853 4545 2014 4599 docta

2131 4551 2303 4621 ἡμᾶς,
2347 4568 2366 4602 ›
2403 4549 2560 4619 φησὶ,
2597 4566 2619 4600 ι
2673 4548 3014 4617 λασιόκωφός
3059 4562 3145 4609 τις
3196 4543 3272 4597 ὢν
3320 4542 3416 4596 καὶ
3470 4543 3697 4610 ἀνήκοος

457 4646 723 4698 librorum
757 4642 1093 4706 divinorum,
1127 4651 1181 4694 et
1204 4639 1497 4693 inserendo
1531 4647 1582 4692 et
1609 4636 2022 4706 tra‘nsponendo

449 4735 670 4789 aliunde
702 4733 832 4788 alibi
862 4742 1175 4804 pervertere
1212 4731 1515 4800 ignorantia
1546 4744 1764 4784 omnem
1799 4743 2023 4784 sensum

451 4839 505 4880 et
541 4843 704 4879 omne
745 4823 1032 4878 consilium
1068 4822 1384 4891 Scripturae.
1451 4822 1564 4875 lloc
1604 4821 1749 4875 enim
1796 4834 2024 4890 magnus

459 4937 508 4971 ιιι
540 4918 809 4988 theologia
872 4917 1006 4972 dicit
1057 4915 1354 4983 Gregorius
1405 4929 1468 4968 ea
1525 4928 1645 4982 qua:
1703 4928 1732 4966 a
1766 4911 2026 4980 Dionysio

453 5013 640 5064 divino
674 5011 818 5064 dicta
849 5019 977 5062 sunt
1010 5007 1366 5070 conﬁrmans,
1410 5015 1564 5075 puto,
1615 5014 1670 5060 et
1714 5005 2025 5061 concedens

456 5108 568 5172 ipse
616 5112 671 5157 et
727 5101 1133 5173 quodammodo
1187 5099 1488 5154 adhortans
1542 5107 1604 5169 ut
1659 5111 1826 5166 parco
1888 5111 2027 5164 quo-

455 5201 576 5250 dam
611 5197 772 5250 modo
809 5197 1098 5251 occasione
1131 5194 1196 5248 ad
1221 5208 1317 5248 eos
1373 5190 1649 5253 aﬁabiles,
1680 5189 1774 5258 qui
1816 5188 1872 5242 in
1901 5203 2027 5243 sen-

456 5291 644 5344 tentiis
671 5299 724 5344 ct
754 5288 1064 5358 coguii'onc
1100 5287 1208 5340 sint
1251 5285 1480 5351 diversi,
1544 5289 1774 5337 vocante
1806 5289 2027 5334 utamur

457 5391 625 5454 pauca
682 5381 1060 5446 indulgeamus
1117 5378 1348 5433 diversis
1405 5373 1781 5430 accedentium
1857 5372 2025 5425 mori-

454 5473 895 5534 bus‘nccessar‘io
930 5487 1368 5543 nonnunquam:
1405 5470 1563 5524 itaut
1601 5469 1654 5522 in
1688 5468 1852 5521 rebus
1906 5482 2028 5536 gra—

455 5569 697 5624 vissimis
723 5568 846 5622 ﬁdei
879 5565 1171 5620 consensio
1191 5564 1446 5634 quamvis
1483 5577 1592 5616 non
1623 5560 1805 5612 verbis
1829 5560 2024 5612 saltem

456 5661 880 5728 cogitationibus
905 5668 1154 5712 servetur
1193 5664 1472 5710 constans.
1533 5654 1648 5718 Qna
1683 5651 1736 5704 in
1773 5667 1831 5702 re
1860 5649 2027 5704 licere

457 5751 696 5804 aitbane
729 5752 810 5804 vel
839 5751 984 5803 illam
1019 5762 1206 5801 vocem
1254 5748 1416 5798 etiam
1475 5745 1595 5798 aliis
1649 5743 1920 5796 similibus
1972 5748 2029 5794 et

459 5842 943 5910 sign'ﬁratiozibus
978 5839 1256 5896 vocabulis
1310 5839 1586 5906 explicare
1636 5837 1848 5889 ratione
1916 5835 2025 5888 Deo

2129 4644 2223 4694 καὶ
2253 4643 2569 4695 παντάπασι
2605 4640 2703 4708 τῆς
2732 4639 2838 4692 τῶν
2863 4639 3022 4692 θείων
3051 4637 3284 4708 Γραφῶν
3311 4632 3698 4698 διδασκαλικῆς

2129 4734 2323 4804 ἑορτῆς
2353 4751 2408 4786 τε
2442 4735 2537 4786 καὶ
2583 4730 2972 4800 πανηγύρεως,
3002 4731 3098 4784 καὶ
3139 4727 3612 4798 μετεγκεντρίζων
3645 4725 3700 4786 ἐξ

2129 4825 2369 4894 ἀμαθίας
2404 4825 2626 4878 ἄλλοθεν
2673 4824 2857 4876 ἄλλοθι
2902 4824 2995 4874 τὸν
3024 4820 3242 4874 ἅπαντα
3279 4818 3408 4872 νοῦν
3449 4819 3546 4869 καὶ
3579 4832 3701 4867 σκο-

2129 4917 2229 4968 πὸν
2275 4915 2378 4985 τῆς
2423 4914 2677 4983 Γφαφῆς.
2711 4899 2883 4965 Τοῦτο
2931 4911 3041 4981 γὰρ
3071 4911 3099 4961 ὁ
3136 4909 3309 4978 μέγας
3342 4909 3400 4960 ἐν
3447 4904 3702 4973 θεολογίᾳ

2131 5011 2330 5074 φάσκει
2374 5007 2697 5077 Γρηγόριος,
2729 5006 2798 5057 τὰ
2840 5003 3103 5070 Διονυσίῳ
3151 5001 3227 5072 τῷ
3267 4999 3395 5069 θείῳ
3438 4998 3701 5067 λεχθέντα

2127 5098 2625 5165 διαϐεϐαιούμενος,
2659 5092 2836 5166 οἶμαι,
2880 5097 2976 5148 καὶ
3032 5094 3333 5163 συγχωρῶν
3388 5091 3488 5144 xuii
3539 5090 3704 5150 αὐτὸς

2129 5193 2223 5245 καὶ
2271 5192 2434 5244 οἱονεὶ
2493 5189 2938 5259 προτρεπόμενος
2985 5185 3315 5254 οἰκονομικῷ
3364 5201 3472 5236 τινι
3511 5185 3700 5254 τρόπῳ

2128 5284 2322 5354 καιροῦ
2377 5282 2669 5346 καλοῦντος
2703 5283 2839 5352 πρὸς
2891 5283 3018 5341 τοὺς
3051 5279 3161 5331 τῶν
3193 5277 3472 5348 ὀμιλητῶν
3514 5276 3705 5346 διαφόο

2131 5395 2261 5446 ρους
2303 5376 2402 5439 τὰς
2451 5374 2675 5444 γνώμας
2707 5376 2800 5426 καὶ
2835 5374 3066 5442 γνώσεις
3109 5371 3434 5441 κεχρῆσθαι,
3471 5372 3566 5423 καὶ
3614 5387 3704 5440 μιο

2130 5469 2263 5538 κρὸν
2295 5465 2552 5519 ἐνδιδόναι
2578 5467 2688 5526 τοῖς
2717 5464 2995 5532 διαφόροις
3035 5461 3143 5514 τῶν
3173 5461 3514 5530 προσιόντων
3542 5459 3702 5528 ἧθεσι

2129 5558 2197 5612 δι’
2241 5558 2488 5621 ἀνάγκην
2535 5555 2727 5616 ἐνίοτε,
2757 5553 2896 5604 ὥστε
2933 5551 3033 5620 τὴν
3064 5551 3120 5602 ἐν
3164 5551 3275 5611 τοῖς
3329 5547 3566 5616 καιρίοις
3606 5547 3702 5612 τῆς

2133 5647 2373 5707 πίστεως
2402 5643 2710 5713 ὁμολογίαν.
2749 5642 2798 5693 εἰ
2830 5641 2921 5693 καὶ
2948 5639 3020 5710 μὴ
3051 5637 3282 5702 λέξεσιν,
3315 5637 3452 5688 άλλά
3485 5653 3548 5702 γε
3584 5635 3703 5695 ταῖς

2130 5717 2728 5804 ὲννοίαιξφυλάττεσθαι
2745 5733 3119 5801 ἀπαράϐατον.
3143 5730 3231 5781 Ἰθίν
3252 5725 3334 5789 οἷς
3350 5728 3552 5794 ἐξεῖναί
3570 5741 3702 5796 φησι

2131 5833 2289 5897 τήνδε.
2320 5833 2348 5893 ἦ
2378 5830 2533 5896 τήνδε
2581 5830 2676 5898 τὴν
2701 5827 2843 5891 λέξιν
2880 5827 2972 5878 καὶ
3002 5824 3068 5878 δι’
3101 5814 3303 5894 ἐτ’έρων
3344 5823 3702 5892 ὁμσιδυνάμων
