4046 6290
290 330 385 391 277

1283 341 1725 400 ΒΥΖΑΝΤΙΝᾹΞ
1770 340 2145 399 IIISTORIE
2191 344 2327 403 LIB.
2374 344 2547 403 XXX.

3404 340 3515 405 278

289 447 374 499 mi.
404 444 882 514 ἐκφαντικωτέρων
904 443 1099 511 λέξεων
1133 449 1415 519 διασαφεῖν
1442 452 1532 504 τὸν
1562 455 1835 523 θεοπρεπῆ

1954 454 2319 507 "onvenitmte.
2379 454 2494 509 Non
2547 466 2728 509 autem
2778 453 2954 513 decet.
3005 454 3083 507 ait
3140 453 3508 520 Athanasius,

288 538 496 605 τρόπον.
546 534 619 587 Οὐ
663 535 745 588 δεῖ
780 535 858 602 δὲ,
894 539 1059 608 φησὶν
1105 540 1439 605 Ἀθανάσιος,
1486 543 1552 596 τὰ
1594 545 1711 597 κατ’
1752 546 1831 597 ol-

290 628 531 693 κονομίαν
579 629 903 696 γραφόμενα
930 633 1025 683 καὶ
1064 635 1324 701 γινόμενα
1375 636 1621 707 δέχεσθαι
1672 654 1837 691 κακο-

291 721 490 787 τρόπως
542 721 634 773 καὶ
689 722 826 791 πρὸς
876 724 975 792 τὴν
1024 726 1159 778 ἰδίαν
1197 728 1379 780 ἕλκειν
1412 729 1689 800 βούλησιν.
1724 731 1837 781 Καὶ

291 812 391 875 γὰο
416 813 504 861 καὶ
544 812 719 881 ἰατρὸς
755 816 1015 878 πολλάκις
1046 819 1113 870 τὰ
1161 819 1425 874 δοκοῦντά
1454 839 1564 874 τισι
1595 822 1667 888 μὴ
1698 820 1838 874 εἶναι

294 902 607 972 κατάλληλα,
664 908 838 961 ταῦτα
888 913 998 972 τοῖς
1062 912 1445 981 ὑποκειμένοις
1504 914 1836 983 τραύμασιν,

292 996 357 1054 ὡς
411 991 545 1046 οἶδεν
595 996 780 1061 αὐτὸς,
817 1001 1144 1067 ἐπιτίθησιν,
1182 1006 1335 1057 οὐδὲν
1392 1006 1582 1073 ἕτερον
1626 1008 1656 1076 ἢ
1705 1008 1840 1074 πρὸς

291 1088 380 1151 τὴν
408 1089 592 1151 ὑγείαν
652 1088 793 1157 ἔχων
845 1093 938 1147 τὸν
995 1099 1220 1152 σκοπόν.
1275 1100 1380 1150 Καὶ
1428 1100 1744 1153 διδασκάλου
1780 1100 1839 1151 δὲ

295 1180 540 1245 φρονίμου
576 1182 771 1249 τρόπος
802 1182 976 1245 οὗτος,
1025 1188 1162 1255 πρὸς
1193 1191 1259 1241 τά
1292 1191 1403 1241 τῶν
1436 1191 1842 1260 διδασκομένων

296 1267 386 1335 ᾕοη
420 1268 750 1324 διατίθεσθαι
793 1276 885 1325 καὶ
921 1276 1117 1329 λαλεῖν.
1170 1281 1440 1347 Ὀνόματα
1467 1283 1597 1348 γοῦν
1627 1285 1720 1335 καὶ
1750 1285 1845 1353 ῥή-

298 1373 449 1422 ματα,
482 1360 574 1411 καὶ
627 1362 747 1414 ὅσαι
788 1365 894 1416 τῶν
935 1367 1128 1431 λέξεων
1180 1371 1267 1423 διὰ
1308 1375 1503 1439 φωνῶν
1544 1375 1728 1436 ἁπλῶς
1752 1378 1844 1429 καὶ

295 1450 622 1516 γραμμάτων
672 1461 1008 1524 σημαντικαὶ
1041 1461 1148 1512 τῶν
1193 1464 1569 1534 ὑποκειμένων
1604 1467 1843 1533 γίνονται

300 1540 643 1607 πραγμάτων,
678 1546 846 1599 ἐνίοτε
885 1549 985 1616 μὲν
1034 1552 1156 1605 καθ’
1186 1552 1247 1625 [Γ.
1282 1554 1383 1609 “6
1428 1556 1844 1629 ν.]δμωνυμίαν

292 1630 344 1679 ἐν
366 1631 642 1701 διαφόροις
665 1636 973 1706 ἀδιαφόρως
1022 1645 1551 1713 παραλαμϐάνονται
1582 1650 1845 1718 πράγμα-

1938 561 1998 597 ea
2036 560 2155 612 quae
2195 561 2355 612 parco
2390 546 2551 600 modo
2581 546 2900 600 scribuntur
2968 553 3022 599 et
3075 545 3213 597 liuut
3266 545 3515 615 accipere

1939 651 2105 704 pravo
2136 654 2323 702 sensu,
2351 650 2407 694 et
2434 640 2486 693 in
2518 655 2670 694 suam
2708 639 3049 693 voluntatem
3118 637 3372 700 trahere;
3397 647 3514 692 ete-

1941 727 2054 780 nim
2085 728 2252 781 etiam
2301 731 2549 787 medicus
2613 745 2990 800 saepenumero
3030 743 3115 794 ea,
3172 727 3337 797 31E.
3396 743 3521 796 quaer

1940 821 2219 875 nonnullis
2243 837 2348 875 non
2391 839 2511 877 esse
2542 832 2666 891 apta
2700 823 2977 884 videntur,
3003 821 3304 876 tractandis
3324 820 3517 873 vulne-

1928 910 2094 963 ribus
2114 926 2175 964 ex
2207 927 2301 964 sua
2335 914 2643 982 cognitione
2680 913 2974 977 ministrat,
3011 912 3146 964 nihil
3182 909 3329 963 aliud
3356 925 3515 978 quam

1944 1002 2312 1055 valetudinem
2372 1014 2671 1072 spectans,
2727 1016 2782 1059 et
2819 1004 3173 1074 przrccpturis
3233 1002 3525 1071 prudentis

1945 1092 2235 1145 consilium
2289 1104 2371 1147 est
2428 1096 2658 1161 hoc,nt
2712 1096 2778 1148 ad
2830 1094 3225 1164 discipulorum
3280 1091 3520 1145 indolem

1944 1181 2243 1236 descendat
2282 1194 2337 1239 ct
2372 1187 2644 1255 loquatur.
2672 1186 2907 1240 Nomina
2938 1185 3161 1255 quidem
3200 1194 3254 1237 et
3270 1185 3437 1238 verba
3466 1192 3521 1235 et

1946 1290 2293 1343 qumcunque
2330 1292 2491 1331 voces
2525 1279 2675 1332 sonis
2708 1280 2934 1331 omnino
2979 1286 3035 1331 ct
3087 1277 3282 1330 litteris
3315 1275 3521 1344 signiti-

1945 1376 2071 1419 cant
2114 1383 2203 1420 res
2233 1371 2565 1437 suppositas,
2606 1372 2883 1425 interdntn
2922 1378 3260 1438 nsurpantur
3323 1382 3523 1421 secun—

1947 1454 2077 1507 dum
2111 1457 2359 1510 eamdem
2390 1458 2848 1525 signiﬁcationem
2876 1460 2927 1511 in
2951 1457 3185 1511 diversis
3210 1456 3375 1510 rebus
3405 1456 3525 1509 sine

1946 1546 2293 1611 discrimine,
2327 1550 2603 1603 interdum
2642 1552 2947 1605 secundum
2984 1551 3261 1604 diversam
3319 1547 3525 1617 signifi-

1945 1638 2217 1692 cationem
2251 1655 2372 1707 qua:
2403 1641 2455 1693 in
2495 1642 2802 1710 majoribus
2836 1649 2892 1695 et
2920 1640 3231 1694 minoribus
3251 1638 3523 1702 cernitur,

293 1736 390 1783 σιν,
439 1724 613 1777 ἐνίοτε
642 1727 700 1779 δὲ
756 1733 1269 1805 κατ’,ἀντωνυμιαν
1301 1740 1361 1790 ἐν
1410 1739 1619 1805 μείζοσί
1653 1758 1711 1793 τε
1750 1743 1844 1795 καὶ

1954 1740 2001 1783 et
2033 1745 2376 1800 quaecunque
2401 1744 2666 1801 prseterea
2713 1733 2950 1789 similem
3006 1732 3304 1786 admitttmt
3354 1730 3524 1784 ratio-

293 1812 553 1868 ἐλάττοσιν
582 1820 891 1891 ὁρωμένην,
921 1825 1014 1877 καὶ
1046 1827 1146 1879 ὅσα
1179 1827 1356 1892 ἄλλως
1396 1832 1484 1882 τὸν
1516 1832 1704 1899 ὅμοιον
1732 1832 1847 1901 ἕχει

291 1903 497 1971 τρόπον,
548 1906 723 1959 ἐνίοτε
789 1910 845 1961 δέ
912 1915 1034 1964 καθ’
1080 1917 1178 1967 ὅσα
1233 1918 1545 1987 συνώνυμὸν
1590 1938 1706 1983 πως
1749 1926 1848 1992 τὴν

293 1998 535 2066 σχετικὴν
562 2001 746 2054 αἰτίαν
784 2005 1126 2076 κεκλήρωται
1152 2026 1165 2040 '
1208 2011 1332 2063 καθ’
1368 2012 1434 2083 ἣν
1457 2013 1721 2081 δήπουθεν
1754 2017 1850 2066 καὶ

291 2088 346 2140 τὸ
370 2089 476 2142 ἴσον
510 2089 607 2160 ἴσῳ
641 2096 927 2161 cupiit-livet
966 2098 1215 2167 λέγεσθαι
1268 2103 1404 2167 ἴσον,
1434 2108 1527 2157 καὶ
1570 2106 1660 2157 τὸν
1697 2105 1850 2172 φίλον

293 2180 420 2245 φίλῳ
460 2182 634 2248 φίλον,
672 2186 766 2238 καὶ
810 2187 984 2240 ὁπόσα
1036 2189 1211 2259 δήπου
1255 2194 1635 2263 παραπλήσια,
1663 2194 1738 2256 ὡς
1768 2194 1853 2260 γί-

292 2272 462 2323 νεσοαι
493 2276 793 2345 πολυσχιδῆ
830 2278 927 2345 μὲν
977 2281 1034 2330 ἐν
1086 2284 1194 2341 τοῖς
1238 2283 1619 2351 μεριζομένοις
1673 2287 1854 2353 πράγ-

297 2381 420 2432 μασι
455 2367 551 2435 τὴν
589 2369 772 2421 αὐτῶν
823 2371 1174 2442 ἰδιοτροπίαν,
1212 2376 1303 2428 ἐπὶ
1336 2376 1391 2428 δὲ
1435 2376 1571 2429 Θεοῦ
1606 2379 1848 2445 μονοειδῆ

294 2458 380 2507 καὶ
411 2458 707 2527 ἀμέριστον
746 2460 888 2515 κατά
934 2465 1032 2533 τὴν
1075 2465 1171 2518 τοῦ
1204 2468 1320 2529 ἐνὸς
1354 2467 1717 2536 ὑποκειμένη-υ
1760 2470 1851 2537 δή-

291 2545 626 2617 λωσιν,λέγω
672 2552 734 2623 δὴ
769 2554 867 2621 τὴν
920 2556 1102 2626 ἀμερῆ
1160 2558 1255 2609 καὶ
1300 2560 1708 2629 ἀσχημάτιστον
1759 2564 1851 2614 καὶ

291 2640 507 2707 ἀόρατον
541 2644 783 2712 ἐκείνην,
810 2646 934 2714 ἥτις
980 2647 1101 2700 ποτ’
1129 2648 1298 2713 ἐστὶν,
1332 2649 1498 2702 οὖσαν
1534 2653 1719 2703 οὐσίαν
1740 2667 1755 2681 ’
1787 2655 1850 2723 ἣν

288 2732 615 2803 ψυχοτρόφον
690 2736 933 2804 λειμῶνα
990 2739 1083 2791 καὶ
1150 2740 1411 2809 ἀληθείας
1474 2740 1717 2812 θάλαμόν
1768 2761 1851 2805 τις

292 2825 511 2887 καλέσας
539 2828 640 2879 οὐκ
674 2827 765 2893 ἂν,
792 2824 970 2897 οἶμαι,
1007 2831 1263 2900 ἁμάρτοι.
1307 2833 1403 2885 Ἕν
1445 2834 1552 2903 γάρ
1594 2834 1725 2887 οὖσα
1755 2852 1852 2888 κυ-

294 2919 411 2984 ρῖως
446 2918 595 2984 pint
653 2921 919 2990 διηνεκῶς
944 2928 1000 2977 ἐν
1039 2926 1112 2994 τῷ
1146 2928 1245 2992 ἐνὶ,
1282 2929 1479 2996 μᾶλλον
1513 2930 1556 2982 δ’
1584 2932 1759 2984 εἰπεῖν
1793 2935 1850 2984 ἐν

1948 1837 2096 1883 nem.
2130 1822 2403 1878 interdum
2432 1836 2703 1893 quatenus
2732 1827 3013 1880 relativam
3055 1840 3275 1879 causam
3330 1825 3522 1877 eadem

1950 1914 2066 1968 fere
2107 1915 2509 1983 signiﬁcatione
2539 1918 2854 1983 insignitam
2892 1917 3085 1971 sortita
3120 1926 3248 1970 sunt
3284 1935 3294 1968 :
3335 1923 3527 1983 qnam-

1950 2006 2138 2060 obrem
2178 2008 2357 2062 simile
2391 2008 2495 2062 dici
2564 2010 2701 2062 solet
2762 2010 2923 2062 simili
2960 2010 3162 2070 simile,
3205 2018 3260 2063 et
3313 2008 3525 2061 amicus

1953 2096 2133 2149 amico
2160 2079 2395 2161 amicus,
2428 2107 2480 2150 et
2513 2114 2634 2166 qua:
2663 2109 2791 2152 sunt
2826 2098 3045 2160 similia,
3094 2100 3165 2152 ita
3223 2107 3283 2151 ut
3338 2097 3527 2150 multi-

1952 2188 2074 2255 ple:
2103 2192 2196 2243 ttat
2246 2190 2297 2241 in
2332 2191 2646 2259 rebus‘qua:
2678 2191 3004 2245 dividuntur
3043 2206 3234 2245 earum
3272 2189 3526 2260 proprie—

1951 2290 2053 2341 tas,
2095 2281 2147 2333 in
2185 2281 2293 2334 Deo
2322 2292 2500 2334 autem
2534 2283 2763 2351 simplex
2793 2292 2842 2335 et
2911 2283 3144 2336 indivisa
3213 2280 3547 2337 secundum.

1952 2373 2116 2423 unius
2139 2372 2401 2440 suppositi
2432 2372 2921 2427 tnanil‘estationem
2954 2391 2967 2427 :
2996 2374 3119 2427 dico
3151 2373 3297 2426 enim
3333 2370 3529 2424 indivi-

1952 2463 2162 2516 siliilem
2204 2472 2259 2516 et
2318 2464 2491 2517 fortuna
2547 2475 2829 2519 carentem
2888 2474 2943 2520 et
2998 2465 3331 2519 invisibilem
3377 2464 3527 2518 illam

1952 2556 2351 2624 qualiscunque
2376 2566 2460 2609 est
2488 2558 2783 2611 essentiam
2819 2574 2833 2623 ;
2870 2574 3033 2626 quam
3070 2558 3113 2612 si
3149 2559 3271 2626 quis
3308 2566 3527 2625 pratum

1952 2645 2165 2697 animos
2201 2659 2430 2711 pascens
2485 2654 2539 2699 et
2589 2647 2839 2701 veritatis
2874 2647 3189 2702 cubiculum
3237 2648 3529 2700 nominare

1954 2732 2104 2795 velit,
2136 2748 2239 2786 non
2263 2743 2428 2799 erret,
2452 2736 2707 2804 equidem
2747 2738 2964 2805 opinor.
2996 2736 3127 2803 Qua:
3155 2736 3377 2805 quidem
3405 2751 3529 2789 cum

1951 2824 2024 2877 sit
2044 2840 2234 2887 unum,
2259 2826 2521 2880 continuo
2543 2828 2593 2880 in
2621 2843 2728 2883 uno
2761 2838 2964 2893 manet,
2983 2830 3095 2883 sive
3123 2828 3375 2898 potiusin
3398 2844 3455 2881 se
3474 2838 3532 2881 et

1955 2929 2169 2970 nostras
2198 2917 2574 2986 cogitationes,
2607 2936 2727 2985 quae
2761 2921 2987 2975 diversae
3013 2928 3140 2976 sunt
3181 2935 3210 2973 a
3255 2928 3446 2973 natura
3477 2926 3531 2971 et

292 3009 444 3079 ἑαυτῇ
470 3029 482 3043 ·
510 3017 603 3067 καὶ
641 3017 907 3083 μεριστάς
948 3020 1252 3087 πεφυκυίας
1283 3022 1383 3085 τὰς
1420 3024 1701 3094 ἡμετέρας
1733 3026 1851 3093 νοή-

1955 3010 2269 3079 quibusque
2322 3013 2487 3066 rebus
2536 3012 2759 3065 diverso
2828 3012 2991 3064 modo
3037 3011 3439 3072 distrahuntur,
3474 3010 3531 3062 in

293 3114 415 3164 σεις,
450 3104 544 3153 καὶ
585 3102 853 3172 διάφορον
894 3106 993 3175 τὴν
1028 3108 1320 3179 περιολκὴν
1351 3113 1478 3180 περὶ
1506 3110 1709 3166 ἕκαστα
1744 3113 1851 3164 τῶν

293 3192 621 3259 πραγμάτων
677 3193 1083 3263 λαμϐανούσας,
1119 3200 1200 3262 είς
1249 3200 1378 3267 μίαν
1410 3201 1532 3254 τινὰ
1579 3203 1674 3254 καί⁵
1704 3203 1854 3257 ἀδιά-

294 3296 466 3348 κριτον
495 3284 587 3335 καὶ
621 3284 831 3345 ταύτας
861 3288 1044 3353 νόησιν
1076 3292 1343 3357 συναιρεῖ,
1371 3288 1445 3352 ὡς
1484 3291 1729 3357 γίνεσθαι
1760 3293 1854 3343 καὶ

292 3372 373 3421 τὸν
400 3372 502 3423 τῶν
532 3373 817 3442 ὀνομάτων
848 3374 907 3439 ἐξ
945 3376 1190 3446 ἀνάγκης
1225 3379 1524 3449 πολυσχιδῆ
1554 3382 1648 3433 καὶ
1691 3381 1856 3432 πολύ-

293 3478 482 3529 τροπον
513 3467 809 3534 μερισμὸν,
838 3469 1021 3520 ὁποῖον
1056 3469 1087 3538 ἡ
1119 3469 1225 3521 τῶν
1265 3471 1539 3541 διαφόρων
1589 3474 1853 3542 πραγμά-

293 3570 391 3607 των
433 3555 693 3627 διάφορος
752 3559 1060 3629 παραγωγὴ
1104 3560 1498 3632 τελεσιουργεῖ,
1571 3564 1855 3634 δυνάμεως

292 3645 422 3713 λέγω
452 3651 545 3703 καὶ
574 3647 724 3718 ζωῆς
749 3650 844 3702 καὶ
880 3652 1159 3721 ἐνεργείας
1189 3654 1283 3707 καὶ
1309 3656 1486 3724 φωτὸς
1523 3659 1618 3709 καὶ
1662 3659 1857 3724 σοφίας

295 3738 383 3789 καὶ
404 3738 513 3791 τῶν
546 3741 824 3807 τοιούτων,
869 3745 1115 3812 μονοειδῆ
1150 3746 1244 3798 καὶ
1273 3747 1439 3799 αὑτὸν
1469 3749 1568 3817 ἤδη
1600 3751 1696 3802 καὶ⁵
1755 3768 1856 3820 μο-

294 3828 542 3894 νότροπον
597 3832 674 3893 ὡς
726 3832 941 3901 ἀληθῶς
995 3835 1195 3905 δρόμον
1243 3838 1301 3889 ἐν
1335 3838 1414 3907 τῷ
1463 3842 1563 3908 τῆς
1599 3841 1857 3909 ἀληθείας

293 3919 475 3990 ἐκείνῳ
532 3924 705 3993 πεδίῳ
753 3923 962 3979 θέοντα.
1037 3927 1561 3998 Περιγεγραμμένος
1608 3934 1716 4001 γάρ
1770 3950 1854 3994 τις

296 4010 410 4079 ὅρος
463 4014 708 4084 ἑκάστης
754 4017 944 4078 οὐσίας
991 4019 1233 4089 ὑπάρχον
1276 4021 1506 4074 ἕκαστον
1536 4022 1727 4091 ὄνομα,
1762 4028 1857 4075 καὶ

300 4104 418 4168 μιᾶς
448 4104 712 4174 ἰδιότητος
766 4108 1193 4178 ἐπειλημμένον,
1231 4111 1324 4164 καὶ
1356 4112 1643 4164 συστέλλον
1679 4113 1858 4165 ὁπωσ-

298 4193 553 4263 δηποτοῦν
595 4202 656 4251 τὸ
694 4201 826 4268 apii;
862 4202 1143 4270 ἀοριστίαν
1174 4203 1311 4266 τέως
1341 4205 1511 4274 αὐτῆς
1536 4206 1856 4275 κεχυμένον,

299 4286 472 4350 ἀπλώς
504 4291 647 4344 κατά
671 4292 765 4344 τὸν
792 4293 1128 4363 ἀνθρώπινον
1155 4294 1278 4348 νοῦν
1304 4297 1563 4365 πειρᾶται
1594 4299 1693 4367 μὲν
1722 4302 1860 4353 κάπὶ

301 4372 391 4439 τῆς
422 4377 893 4448 ὑπερηπλωμένης
934 4381 1148 4451 ἐκείνης
1184 4380 1335 4443 θείας
1368 4383 1559 4445 οὐσίας
1605 4383 1700 4453 τὴν
1738 4386 1862 4437 ἐαυ-

302 4465 386 4517 τοῦ
411 4470 647 4539 φυσικὴν
681 4471 1081 4537 ἀποφαίνεσθαι
1128 4474 1342 4545 κίνησιν
1389 4476 1481 4528 καὶ
1519 4476 1579 4529 τὸ
1609 4480 1718 4547 ’τῆς
1760 4481 1860 4546 ἐμο

305 4555 460 4623 φύτου
493 4560 775 4628 δυνάμεως
803 4562 1015 4627 εἰωθὸς,
1048 4563 1190 4631 λέγω
1222 4563 1285 4633 δὴ
1323 4566 1383 4616 τὸ
1410 4565 1716 4637 διακρίνειν
1767 4569 1860 4619 καὶ

306 4651 533 4719 μερίζειν
566 4655 622 4717 ἐς
654 4654 945 4722 διαφόρους
981 4657 1043 4707 τδ
1085 4654 1143 4708 ἓν
1176 4656 1530 4727 ίδιοτροπίας,
1573 4660 1688 4711 ἀλλ’
1719 4659 1857 4730 ἔφθη

305 4742 422 4809 πρὶν
452 4743 773 4814 δεδρακέναι
806 4746 999 4800 παθόν.
1033 4748 1292 4818 Μερίζειν
1339 4751 1448 4821 γάρ
1496 4752 1859 4820 ἐπειγόμενον

306 4832 383 4885 ἐπ’
414 4836 533 4905 ίσης
570 4840 681 4900 τοῖς
709 4837 890 4901 ἄλλοις
918 4841 1013 4892 καὶ
1056 4843 1157 4909 τὴν
1190 4842 1484 4912 ἀμέριστον
1512 4844 1729 4913 ἐκείνην
1765 4846 1860 4897 καὶ

306 4924 445 4979 Θείαν
468 4928 683 4996 οὐσίαν,
716 4929 904 4999 λέληθε
940 4932 1201 4985 συσταλὲν
1233 4933 1325 4985 ὑπ’
1356 4935 1573 5004 ἐκείνης
1596 4936 1692 4987 καὶ
1726 4937 1861 5003 πρὸς

307 5021 491 5091 νοητὴν
520 5022 776 5090 ὁμόνοιαν
808 5024 1109 5078 συνελάσαν
1136 5026 1228 5078 τὸν
1272 5026 1638 5095 κωλυώνυμόν
1669 5044 1729 5078 τε
1768 5030 1860 5079 καὶ

308 5112 727 5184 πολυπράγμονα
807 5118 1099 5187 μερισμόν.
1168 5118 1415 5188 Κάπειδη
1495 5120 1861 5187 περιγραραῖς

307 5202 571 5271 ὀνομάτων
604 5209 637 5275 ἡ
686 5205 802 5259 θεία
852 5210 945 5262 καὶ
993 5208 1434 5279 ύπερηπλωμένη
1473 5211 1634 5279 φύσις
1679 5212 1859 5277 ἐκείνη

307 5288 569 5346 δουλεύειν
616 5296 719 5348 οὐκ
772 5292 929 5361 οἶδεν,
976 5296 1040 5367 [ί.
1094 5297 1195 5351 146
1226 5296 1301 5368 υ.]
1345 5301 1376 5368 ἡ
1437 5298 1495 5351 δὲ
1547 5302 1859 5368 περιγραφὴ

309 5385 670 5457 περιληπτικὴ
699 5405 779 5452 τις
830 5390 1039 5456 γίνεται
1079 5391 1175 5443 τοῦ
1222 5392 1585 5461 ὑποκειμένου
1634 5394 1856 5458 γνῶσις,

306 5474 399 5527 οὐκ
441 5478 505 5529 ἄν
543 5496 675 5531 ποτε
705 5482 914 5547 γένοιτο
943 5486 1183 5552 γνωστὸν
1229 5485 1257 5537 ὃ
1304 5487 1371 5554 τῇ
1428 5484 1583 5555 οὐσίᾳ
1616 5486 1859 5552 πέφυκεν

307 5564 740 5638 ἀπερίγρκπτον·
784 5575 968 5644 ἒνᾶρα
1018 5580 1111 5629 καὶ
1146 5579 1425 5644 ἄγνωστον
1476 5579 1508 5645 ἡ
1554 5577 1668 5629 θεία
1700 5577 1861 5642 φύσις

308 5658 501 5727 ἐκείνη,
526 5666 623 5714 καὶ
650 5665 786 5735 ὑπὲρ
816 5668 993 5721 πάντα
1028 5668 1187 5736 λόγον
1221 5672 1313 5721 καὶ
1348 5670 1582 5732 ἑνιοιαν,
1618 5668 1712 5719 xxi.
1758 5671 1862 5720 πί-

313 5765 397 5801 σαν
430 5752 757 5831 Παλαμικὴν
794 5761 1150 5826 ἀποτειοςιένη
1182 5761 1525 5825 περἐργίκν.
1565 5761 1628 5811 Ὅ
1658 5777 1713 5823 γε
1756 5762 1859 5824 μὴν

1961 3118 2124 3156 uuam
2158 3102 2448 3171 quamdam
2479 3115 2533 3157 et
2574 3104 2931 3157 indiscretam
2965 3103 3354 3173 cogitationem
3382 3114 3532 3154 com-

1956 3195 2292 3264 prehendit:
2325 3197 2397 3250 ita
2430 3198 2677 3251 utetiam
2719 3198 3000 3251 nominum
3034 3195 3348 3251 necessario
3367 3192 3532 3265 315

1956 3286 2238 3355 multiplex
2289 3296 2345 3341 et
2385 3286 2734 3341 multiformis
2768 3287 2961 3342 divisio
2992 3287 3207 3356 qualem
3236 3301 3418 3340 rerum
3453 3284 3525 3337 di-

1957 3392 2233 3431 versarum
2281 3377 2491 3432 diversa
2525 3379 2786 3433 derivatio
2822 3378 3186 3448 deductisque
3210 3377 3391 3440 efﬁcit,
3426 3376 3531 3429 vir-

1960 3468 2089 3523 tutis
2108 3468 2320 3533 dico,ct
2344 3468 2467 3522 vitze
2498 3479 2552 3524 et
2578 3469 2860 3523 cllicentize
2889 3478 2943 3522 et
2976 3468 3200 3522 luminis
3231 3476 3286 3521 et
3316 3466 3503 3535 sapien

1960 3560 2048 3615 tiae
2076 3569 2132 3614 et
2156 3561 2370 3623 talium,
2403 3560 2709 3629 simplicem
2741 3569 2795 3615 et
2828 3559 2945 3628 ipsa
2971 3561 3082 3629 jam
3113 3567 3169 3613 et
3204 3557 3533 3612 uniformeln

1959 3650 2204 3717 profecto
2230 3667 2452 3706 cursum
2482 3652 2534 3705 in
2568 3652 2660 3705 illo
2695 3652 2944 3706 veritatis
3004 3665 3199 3719 campo
3249 3650 3535 3704 decurrat.

1957 3742 2423 3811 Circumscriptus
2446 3742 2594 3796 enim
2628 3742 2752 3797 linis
2782 3742 3006 3810 quidam
3038 3742 3307 3810 cujusque
3337 3754 3529 3794 essen-

1960 3833 2048 3887 tia:
2074 3844 2370 3902 suppeteus
2398 3833 2671 3900 quoddam
2702 3841 2787 3887 est
2815 3848 3011 3887 nomen
3061 3832 3207 3901 quod
3268 3840 3325 3887 et
3369 3846 3535 3885 unam

1962 3926 2357 3994 proprietatem
2381 3925 2527 3993 capit
2554 3932 2611 3977 et
2640 3938 2975 3993 quocunque
3028 3922 3195 3977 modo
3247 3923 3535 3992 componit

1961 4033 2083 4083 qua:
2112 4014 2393 4068 indcliuite
2424 4014 2598 4069 eti‘usa
2638 4024 2789 4078 sunt,
2848 4015 3171 4086 simpliciter
3227 4016 3532 4072 secundum

1962 4110 2240 4164 hominum
2282 4107 2714 4177 intelligentiam.
2749 4107 2993 4162 Conatur
3019 4107 3238 4177 quidem
3277 4107 3441 4161 etiam
3480 4108 3533 4161 in

1962 4198 2366 4269 simplicissima
2414 4198 2505 4252 illa
2559 4198 2796 4253 essentia
2830 4196 3014 4253 divina
3043 4197 3338 4252 motionem
3380 4212 3534 4252 suam

1964 4292 2265 4346 naturalem
2320 4290 2601 4346 declarare
2638 4300 2693 4345 et
2748 4290 2972 4346 virtutis
3024 4289 3203 4345 insitae
3259 4299 3535 4357 naturam,

1971 4385 2096 4439 dico
2122 4386 2269 4439 enim
2304 4384 2434 4437 illud
2476 4383 2620 4453 quod
2673 4383 2939 4438 discernit
2968 4392 3024 4439 et
3052 4383 3247 4439 dividit
3276 4399 3447 4438 unum
3479 4384 3534 4439 in

1940 4477 2218 4530 diversas
2266 4475 2649 4544 proprietates,
2681 4473 2776 4529 sed
2821 4474 3139 4544 priusquam
3186 4476 3299 4544 agit
3341 4474 3536 4530 al‘l‘ecta

1964 4576 2070 4622 est.
2122 4566 2260 4620 Cum
2298 4565 2444 4618 enim
2491 4564 2741 4617 dividere
2815 4564 3066 4619 Studeret
3118 4578 3274 4633 aeque
3325 4563 3539 4618 caeteris

1962 4660 2125 4714 etiam
2153 4657 2443 4711 indivisam
2479 4656 2627 4710 illam
2649 4655 2969 4711 etdivinam
3006 4657 3331 4721 essentiam,
3394 4655 3537 4726 fugit

1963 4752 2095 4806 illud
2127 4766 2249 4805 esse
2277 4751 2345 4803 ab
2386 4751 2476 4803 illa
2520 4750 2908 4817 compositum,
2963 4759 3019 4804 et
3076 4750 3129 4803 in
3184 4749 3533 4804 concordiam

1964 4842 2358 4912 intelligibilem
2388 4842 2732 4896 contraxisse
2774 4841 3109 4896 divisionem
3162 4841 3387 4894 nomina
3435 4840 3538 4892 im-

1964 4934 2271 5001 pedientem
2307 4942 2359 4987 et
2384 4932 2891 4999 occupatissimam;
2921 4940 2978 4987 et
3010 4931 3267 5000 quoniam
3297 4931 3538 4985 circum-

1962 5022 2355 5093 scriptionibus
2416 5024 2700 5077 nominum
2748 5023 2931 5077 divina
2995 5033 3052 5079 et
3117 5022 3533 5089 simplicissima

1962 5126 2154 5168 natura
2196 5114 2285 5168 illa
2318 5114 2587 5168 inservire
2617 5114 2816 5177 nescit.
2880 5112 3534 5181 circumscriptioautem

1963 5208 2222 5275 colligens
2252 5216 2338 5261 est
2366 5207 2633 5275 suppositi
2665 5207 2927 5275 cognitio,
2963 5221 3073 5259 non
3114 5214 3301 5274 potest
3330 5220 3536 5275 cogno-

1962 5302 2036 5353 sci
2065 5299 2208 5366 quod
2236 5307 2459 5366 propter
2474 5298 2768 5352 essentiam
2792 5313 2897 5350 non
2919 5306 3003 5351 est
3027 5298 3529 5367 circumscriptum.

1962 5389 2139 5443 Unum
2172 5389 2340 5457 igitur
2370 5398 2426 5441 et
2457 5387 2796 5455 incognitum
2846 5395 2930 5440 est
2962 5385 3149 5441 divina
3181 5395 3378 5441 natura
3415 5386 3531 5449 illa,

1963 5495 2019 5538 et
2054 5499 2221 5552 supra
2278 5498 2498 5536 onmem
2559 5482 2940 5537 deﬁnitionem
2993 5492 3048 5537 et
3106 5480 3528 5550 intelllgentiam

1965 5588 2019 5630 et
2072 5589 2339 5643 respuens
2366 5588 2583 5629 omnem
2614 5573 2938 5628 Palamicam
2974 5575 3353 5635 subtilitatem,
3386 5557 3565 5641 quod-

1963 5666 2217 5736 Cognosci
2245 5682 2273 5719 a
2302 5666 2460 5720 nobis
2516 5676 2697 5734 potest
2728 5669 2781 5720 in
2821 5667 2928 5720 Deo
2962 5668 3081 5735 ejus
3127 5650 3439 5717 cmcientiis
3469 5673 3526 5717 et

1964 5758 2247 5826 operibus,
2285 5770 2402 5823 quae
2446 5765 2709 5825 apparent
2740 5766 2788 5809 ct
2829 5760 2966 5809 facta
3007 5764 3151 5812 sunt,
3180 5753 3226 5805 id
3258 5752 3420 5806 nobis
3453 5753 3533 5806 in-
