4046 6290
488 333 593 397 28Ἱ

494 451 739 504 incidens
776 464 884 503 non
928 449 1247 504 intellexisti
1283 467 1296 503 :
1328 459 1379 504 et
1409 449 1550 503 idem
1593 451 1706 519 pati
1739 451 1944 502 videris
2001 460 2059 504 ut
2089 452 2132 508 A
2161 451 2351 520 ὥσπερ
2399 452 2466 504 ἂν
2517 452 2572 502 εἴ

493 545 539 597 si
576 542 700 611 quis
729 541 960 594 ineridie
994 543 1205 609 integra
1265 543 1387 594 luee
1443 541 1634 594 oculos
1688 541 1942 593 attollens
1992 541 2058 593 ad

490 635 684 696 solem,
720 633 919 688 deinde
951 643 1177 703 prepter
1220 633 1536 701 languorem
1569 648 1795 685 aversus
1861 633 1914 685 in
1944 642 2057 686 ter-

490 743 628 788 ram,
661 726 911 780 colorum
941 725 1232 778 simulacra
1268 724 1369 777 sibi
1420 724 1752 790 imagiiwtur
1780 723 2056 777 multifor-

490 819 657 871 mium
693 827 748 871 et
777 817 1146 877 diversorum,
1175 829 1294 881 quae
1325 815 1508 866 omnia
1564 813 1813 882 quamvis
1851 814 1972 867 ficta
2003 825 2060 868 ct

491 906 798 960 substantia
825 905 1069 960 carentia
1092 905 1267 958 oculis
1294 914 1400 956 tam
1433 903 1707 972 languidis
1744 921 1871 956 vera
1934 920 2058 960 esse

489 997 749 1050 videntur
778 1013 792 1050 :
821 996 936 1048 sive
967 994 1151 1062 potius
1192 993 1330 1047 ebrii
1361 1008 1468 1046 nou
1502 994 1688 1048 vident
1752 1009 1840 1048 res
1866 995 2057 1063 quales

489 1099 619 1138 vere
643 1095 792 1148 sunt,
826 1083 918 1138 sed
948 1099 1046 1153 pro
1079 1083 1202 1137 aliis
1233 1083 1338 1136 alia
1368 1083 1651 1147 videntur,
1685 1085 1845 1139 oculo
1876 1085 2059 1154 exagi-

490 1185 601 1230 tato
627 1185 852 1246 propter
878 1177 1170 1244 liquorem,
1197 1176 1291 1245 qui
1318 1176 1372 1229 in
1399 1176 1634 1230 cerebro
1692 1185 1794 1239 est,
1828 1187 1879 1230 et
1939 1187 2056 1230 tau-

486 1283 649 1336 quam
679 1277 897 1320 natante
927 1277 983 1321 et
1010 1267 1310 1321 fluctuante
1345 1267 1488 1334 quod
1513 1268 1580 1319 atl
1611 1283 1699 1321 res
1725 1278 2054 1337 apparentes

489 1360 704 1422 attinet,
739 1359 814 1411 ita
841 1359 1005 1412 etiam
1040 1367 1094 1411 tu
1130 1357 1435 1427 ignorantia
1455 1373 1636 1412 crassa
1664 1358 1925 1412 seductus
1953 1359 2054 1410 mi-

491 1451 635 1503 nime
675 1433 1084 1519 scis'quomodo
1143 1464 1201 1502 se
1264 1449 1500 1502 habeant
1551 1457 1746 1502 natura
1802 1449 2052 1518 dogmata

492 1543 712 1596 Patrum
749 1542 1060 1596 divinorum
1096 1559 1108 1593 :
1143 1540 1279 1595 illud
1330 1541 1533 1610 ipsum,
1587 1541 1733 1610 quod
1765 1543 1928 1596 etiam
1989 1543 2055 1596 iis

492 1635 768 1701 usuvenit,
802 1635 954 1703 quia
987 1649 1138 1688 remo
1195 1633 1262 1686 ad
1311 1643 1622 1702 suggestum
1649 1673 1662 1695 .
1709 1641 1766 1687 et
1793 1647 1824 1686 a
1879 1634 2054 1702 ligone

490 1727 556 1780 ad
600 1726 926 1794 theologiam
957 1725 1316 1786 transvolant,
1375 1737 1536 1776 omne
1603 1739 1797 1778 nomen
1839 1726 1906 1778 de
1944 1725 2053 1778 Deo

488 1817 696 1871 dictum
726 1819 813 1870 his
846 1818 1050 1886 przebet
1073 1816 1462 1885 cogitationem
1521 1830 1864 1884 corpoream,
1894 1817 2051 1885 321

488 1915 670 1969 omnis
709 1923 890 1968 autem
922 1930 1009 1968 res
1035 1929 1158 1982 quae
1217 1927 1542 1982 corpoream
1601 1911 1767 1966 habet
1824 1912 2051 1966 circum-

487 2008 845 2076 scriptionem
883 2015 942 2058 ut
981 2006 1297 2060 divinitates
1341 2011 1533 2059 vocent
1564 2011 1620 2059 et
1673 2003 1914 2058 increata
1967 2019 2061 2074 ap-

489 2101 692 2171 pellent
728 2113 824 2152 eos
859 2096 1100 2151 adducit.

559 2189 746 2244 XXIV.
781 2189 920 2242 Tum
967 2189 1242 2258 logotheta
1291 2203 1541 2258 magnus,
1596 2189 1818 2260 sapiens
1876 2189 1964 2243 vir
2005 2197 2062 2244 et

489 2283 636 2338 ditta
666 2282 978 2351 intelligens
1009 2281 1241 2334 maxime
1273 2282 1520 2335 omnium
1554 2283 1647 2351 qui
1683 2283 1915 2337 aderant
1947 2291 2061 2336 tum

489 2374 565 2427 ibi
611 2389 675 2427 ex
727 2372 796 2426 iis
847 2372 942 2440 qui
1003 2372 1171 2438 gloria
1230 2380 1288 2425 et
1336 2372 1542 2426 honore
1603 2372 1962 2436 fruebantur,
1995 2375 2061 2428 ad

490 2466 762 2520 Palamam
795 2463 1367 2518 dixitcontendentem
1401 2464 1738 2531 proclamare
1769 2465 1951 2535 inepta
1973 2464 2066 2520 illa

491 2567 547 2612 et
606 2557 764 2610 valde
831 2557 1212 2626 intempestive
1259 2555 1470 2625 prolata
1521 2556 1826 2624 paradoxa:
1894 2558 2066 2612 «Nihil

489 2649 637 2703 aliud
673 2663 821 2702 nunc
843 2647 1006 2702 video
1033 2659 1084 2702 te
1113 2657 1390 2717 spectare,
1417 2649 1654 2718 egregie,
1691 2663 1854 2717 quam
1878 2649 2068 2718 loqua-

490 2741 657 2802 citate
688 2739 907 2794 studere
939 2738 1132 2794 laudes
1165 2739 1352 2793 venari
1395 2738 1680 2792 hominum
1720 2739 2064 2794 indoctorum

491 2841 658 2900 atque
686 2830 754 2884 ab
790 2829 1125 2884 adversariis
1159 2828 1405 2898 superari
1437 2843 1546 2882 non
1576 2829 1792 2892 videri;
1823 2839 2066 2884 attamen

492 2922 595 2992 ipsi
621 2922 869 2976 veritatis
898 2935 1184 2976 sermones
1210 2920 1341 2974 clari
1373 2929 1504 2973 sunt
1558 2929 1615 2973 et
1667 2919 2064 2982 irrefutabiles,

491 3023 548 3067 et
589 3028 684 3082 per
727 3027 785 3067 se
843 3011 1004 3065 ﬁdem
1054 3011 1282 3076 habent,
1320 3025 1462 3078 quos
1490 3009 1656 3064 etiam
1690 3010 1847 3065 audis
1879 3026 1908 3064 a
1941 3011 2068 3065 Gre-

1692 333 2109 394 NlCEPlIOliI
2146 333 2526 394 GREGOILE

3633 337 3736 400 281

2621 469 2700 512 τις
2752 451 2810 501 ὲν
2849 451 3168 522 μεστιιιδρίτι
3198 452 3374 519 φωτδς
3400 453 3735 523 ἀκραιφνοῦς

2163 548 2289 610 τοὺς
2317 547 2630 615 ὀφθαλμοὺς
2690 545 2942 614 ἀνασχὼν
3003 547 3138 614 πρὶς
3189 546 3278 598 τὸν
3319 547 3496 618 ἥλιον,
3525 545 3644 600 εἶτα
3672 551 3737 602 δι’

2162 638 2384 691 ἀτονίαν
2442 638 2814 705 ἀποστραφεὶς
2875 637 3012 706 πρὸς
3085 635 3184 704 τὴν
3242 637 3366 704 γῆν,
3429 641 3737 707 χρωμάτων

2163 729 2356 782 εἴδωλα
2404 729 2731 797 φαντάζοιτο
2779 729 3078 782 πολυειδῶν
3130 747 3187 782 τε
3239 734 3334 785 καὶ
3366 729 3667 800 διαφόρων.
3699 733 3734 785 ἃ

2163 822 2338 874 πάντα
2391 822 2562 892 ψευδῆ
2614 839 2671 874 τε
2723 824 2853 878 ὄντα
2901 825 2995 877 καὶ
3030 824 3359 891 ἀνύπαρκτα
3389 826 3511 886 ταῖς
3555 827 3733 894 ἀρρω-

2163 916 2416 977 στούσαις
2464 917 2618 985 ὄψεσι
2671 917 2920 970 δοκοῦσιν
2974 914 3114 969 εἷναι
3169 917 3367 988 ἀληθῆ.
3399 919 3471 970 Ἢ
3533 918 3735 986 μᾶλλον

2159 1006 2349 1076 ὥσπερ
2377 1009 2426 1061 οἱ
2460 1009 2748 1076 μεθύοντες
2787 1010 2848 1062 οὑ
2884 1011 2950 1062 τὰ
2985 1010 3114 1062 ὅντα
3144 1010 3285 1062 κατὰ
3313 1010 3478 1077 φύσιν
3506 1011 3731 1080 ὁρῶσιν,

2160 1097 2280 1150 ἀλλ’
2308 1099 2423 1150 ἀνθ’
2450 1099 2653 1168 ἑτέρων
2704 1100 2872 1169 ἔτερα
2903 1100 3143 1159 δοκοῦσι,
3183 1100 3610 1168 κυματουμένης
3637 1101 3734 1162 τῆς

2158 1187 2334 1254 ὅψεως
2377 1187 2479 1238 ὑπὸ
2505 1187 2606 1256 τῆς
2635 1189 2762 1256 περῖ
2796 1190 2889 1240 τὸν
2933 1189 3236 1256 ἐγκέφαλον
3283 1189 3586 1257 ὑγρότητος
3641 1190 3736 1241 καὶ

2157 1281 2318 1332 οἱονεὶ
2367 1282 2732 1352 κολυμῦὡσης
2789 1285 2843 1344 ἐς
2888 1287 2954 1336 τα
2998 1285 3304 1352 φαινόμενα
3337 1282 3679 1353 πλημμελῶς
3711 1299 3723 1312 ·

2157 1371 2395 1443 οὔτω-δὴ
2432 1373 2520 1428 καὶ
2556 1375 2717 1436 amb;
2765 1374 2977 1445 ἀμαθίᾳ
3032 1375 3201 1444 πολλῇ
3253 1375 3731 1443 στρατηγούμενος

2155 1463 2358 1529 ἥκιστα
2412 1465 2559 1532 ἔχεις
2611 1467 2754 1518 νοεῖν
2799 1468 2874 1528 ὡς
2919 1467 3031 1535 ἔχει
3066 1467 3284 1535 φύσεως
3317 1467 3387 1520 τὰ
3429 1471 3540 1530 τοῖς
3570 1468 3731 1527 θείοις

2161 1545 2223 1618 [ί.
2261 1549 2361 1602 148
2387 1551 2461 1622 r.]
2489 1550 2783 1621 δεδογμένα
2849 1553 3118 1621 Πατράσι.
3153 1555 3314 1606 Τοῦτ’
3369 1556 3547 1606 ἐκεῖνο
3577 1554 3602 1605 δ
3640 1556 3735 1607 καὶ

2157 1642 2269 1704 τοῖς
2303 1643 2411 1694 ἀπὸ
2444 1642 2636 1712 κώπης
2659 1647 2752 1698 ἐπὶ
2786 1645 2933 1714 βῆμα
2965 1648 3060 1698 καὶ
3089 1645 3194 1699 ἀπὸ
3227 1647 3517 1714 σκαπάνης
3551 1647 3643 1697 ἐπὶ
3677 1647 3735 1696 τὸ

2159 1728 2431 1795 θεολογεῖν
2491 1731 2872 1800 αὐτομολοῦσι,
2904 1735 3013 1786 πᾶν
3070 1735 3167 1803 μὲν
3221 1734 3390 1802 ὄνομα
3441 1737 3570 1804 περὶ
3599 1733 3734 1785 Θεοῦ

2158 1819 2452 1889 λεγόμενον
2501 1818 2823 1892 σωματικὴν
2861 1825 3094 1894 παρέχει
3139 1824 3240 1894 τὴν
3277 1826 3512 1884 ἔννοιαν,
3541 1827 3652 1876 πᾶν
3682 1824 3738 1876 δὲ

2160 1912 2395 1981 πρᾶγμα
2450 1915 2775 1985 σωματικὴν
2807 1916 2932 1984 ἕχον
2967 1918 3323 1987 περιγραφὴν
3372 1916 3638 1984 θεότητάς
3678 1931 3736 1966 τε

2160 2001 2448 2071 ὀνομάζειν
2500 2005 2597 2056 καὶ
2625 2005 2858 2060 ἀκτιστα
2889 2007 3322 2078 προσαγορεύειν
3367 2007 3576 2078 τολμᾷν
3601 2007 3736 2058 ἀνα.-

2164 2093 2366 2151 πείθει.

2231 2189 2358 2241 ΚΔν.
2397 2190 2524 2243 Ἐπὶ
2553 2188 2764 2251 τούτοις
2814 2189 2842 2240 ὁ
2899 2187 3078 2258 μέγας
3109 2185 3424 2257 λογοθέτης,
3476 2185 3638 2255 σοφδς
3663 2185 3739 2240 ὢν

2164 2281 2304 2352 ἀνὴρ
2334 2283 2426 2336 καὶ
2450 2282 2559 2334 τῶν
2581 2281 2894 2350 λεγομένων
2953 2281 3154 2342 συνιεὶς
3215 2281 3473 2335 ἁπάντων
3499 2280 3737 2350 μάλιστα

2165 2372 2278 2425 ὅσοι
2296 2373 2547 2444 παρῆσαν
2566 2375 2705 2434 τέως
2731 2373 2850 2426 ἐκεῖ
2875 2372 2985 2425 τῶν
3012 2371 3106 2424 ἐπὶ
3137 2371 3264 2441 δόξῃ
3297 2373 3734 2442 σεμνυνομένων,

2166 2461 2302 2531 φησὶ
2335 2461 2472 2533 πρὸς
2501 2462 2594 2515 τὸν
2645 2462 2915 2531 Παλαμᾶν
2972 2461 3052 2514 ἔτι
3095 2462 3228 2533 βοᾷν
3262 2461 3602 2532 ὡρμημένον
3639 2462 3738 2532 τὴν

2165 2554 2396 2608 ἔκτοπον
2421 2555 2638 2624 ἐκείνην
2663 2556 2760 2608 καὶ
2781 2553 2960 2624 ἀωρίᾳ
2988 2555 3173 2625 μακρᾷ
3194 2555 3539 2624 κεκραμένην
3561 2571 3738 2624 παρα-

2166 2647 2499 2715 δοξολογίαν,
2529 2647 2605 2710 ὡς
2629 2666 2647 2698 ι
2672 2647 2840 2699 Οὐδὲν
2871 2647 3060 2716 ἕτερον
3093 2644 3278 2713 βλέπω
3305 2662 3364 2697 σε
3394 2646 3488 2698 νῦν
3519 2647 3737 2712 ἐπειγό-

2171 2753 2350 2804 μενον.
2379 2736 2658 2806 ἄνθρωπε,
2688 2737 2719 2804 ἢ
2747 2738 2812 2806 τῇ
2844 2736 3141 2805 πολυλογία
3169 2735 3440 2806 θηρᾶσθαι
3469 2735 3625 2799 δόξαν
3647 2738 3740 2789 ἀνο

2166 2827 2308 2898 δρῶν
2341 2829 2572 2897 ἀμαθῶν
2593 2828 2989 2898 μηχανώμενον
3021 2829 3116 2881 καὶ
3147 2827 3222 2900 μὴ
3249 2828 3426 2881 δοκεῖν
3459 2830 3599 2898 πρὸς
3630 2830 3738 2882 τῶν

2169 2919 2465 2973 ἀντιθέτων
2525 2921 2813 2989 ἡττᾶσθαι.
2867 2920 3030 2973 Ἀλλὰ
3064 2919 3170 2990 μὴν
3209 2920 3362 2973 αὑτοί
3387 2937 3448 2987 γε
3479 2921 3580 2989 τῆς
3605 2921 3735 2988 ἀλη-

2170 3011 2321 3073 θείας
2350 3013 2398 3064 oi
2419 3012 2567 3079 λόγοι
2625 3015 2819 3078 σαφεῖς
2852 3014 2946 3066 καὶ
2985 3012 3464 3080 ἁναμφισϐήτητοί
3487 3012 3617 3076 είσι,
3645 3013 3740 3065 καὶ

492 3117 620 3173 gora
652 3102 886 3173 proferri
921 3111 974 3156 et
1001 3101 1274 3157 dictorum
1313 3109 1532 3156 tuorum
1585 3116 1652 3155 ex
1708 3117 1776 3157 eo
1809 3103 1926 3172 ipso
1967 3102 2063 3156 fal-

2170 3105 2254 3172 ἑφ⁹
2283 3106 2466 3165 ἑστίας
2517 3105 2697 3174 ἔχουσι
2759 3105 2818 3157 τὸ
2853 3105 3067 3160 πιστόν.
3100 3104 3208 3168 Οὓς
3250 3104 3315 3174 δὴ
3373 3105 3464 3158 καὶ
3523 3104 3739 3166 ἀκούεις

493 3196 707 3250 sitatem
737 3194 1043 3260 declarare,
1075 3209 1253 3263 neque
1284 3194 1431 3248 enim
1462 3201 1620 3263 potes
1641 3204 1835 3249 contra
1859 3195 2061 3250 aﬂ‘crre

496 3284 614 3336 sani
663 3283 986 3351 quidquam.
1028 3282 1133 3337 Sed
1171 3283 1415 3337 monitus
1468 3292 1527 3336 ut
1573 3283 1818 3350 proferas
1867 3283 2064 3352 scripta

495 3373 830 3437 testimonia,
883 3389 1001 3443 qua:
1057 3383 1249 3444 aperte
1296 3373 1579 3427 declarent
1625 3374 1783 3442 plane
1835 3374 2064 3443 plurima

498 3467 744 3520 iucreata
775 3465 988 3520 diversa
1021 3481 1142 3520 esse
1177 3481 1208 3519 a
1246 3475 1444 3520 natura
1476 3476 1560 3522 ter
1591 3467 1868 3536 supposita
1893 3510 1907 3534 ,
1943 3483 2066 3521 cum

495 3572 606 3611 non
655 3558 830 3626 possis
884 3558 1108 3612 omnino
1156 3559 1409 3612 invenire
1461 3559 1837 3613 testimonium
1899 3560 2066 3613 ullum

496 3646 819 3714 cujusquam
853 3658 1187 3711 sanctorum,
1247 3663 1312 3700 ex
1343 3656 1396 3702 tc
1433 3649 1551 3716 ipso
1579 3649 1834 3717 congeris
1865 3657 1920 3702 tu
1951 3665 2070 3718 quae

497 3737 835 3806 ineptissima
868 3749 1015 3793 sunt.
1077 3740 1150 3793 Ex
1208 3739 1332 3793 aliis
1385 3741 1534 3793 enim
1587 3755 1806 3808 semper
1859 3740 1913 3794 in
1961 3740 2068 3794 alia

501 3830 746 3884 inaudita
808 3831 1054 3885 incidens
1117 3833 1380 3885 continuo
1441 3842 1492 3886 te
1555 3847 1710 3885 reum
1767 3843 1968 3901 apertae
2017 3843 2073 3888 ct

498 3924 660 3991 plane
711 3925 1022 3992 conspicuae
1056 3925 1265 3993 injurim
1295 3924 1545 3978 exhibes.
1594 3925 1807 3978 Etenim
1840 3926 1932 3994 qui
1973 3941 2073 3980 suo

499 4015 740 4084 periculo
794 4027 1026 4071 conatur
1059 4017 1328 4071 arbitratu
1359 4017 1730 4086 suo—dogmata
1759 4017 1982 4088 fingere,
2007 4035 2073 4073 eo

499 4111 592 4176 qui
638 4109 930 4176 prohibere
959 4126 1084 4163 eum
1117 4120 1300 4179 potest
1339 4109 1658 4178 indulgente
1703 4112 1866 4165 simul
1897 4121 1953 4166 et
1993 4112 2072 4165 ἰηι

499 4197 724 4258 citante,
749 4215 856 4252 non
878 4200 1216 4269 possit322
1237 4202 1377 4269 piam
1406 4201 1631 4253 omnino
1664 4209 1720 4254 et
1747 4201 1975 4270 patriam
2012 4200 2078 4254 li-

499 4289 624 4342 dem
654 4292 922 4359 expellere
949 4292 1086 4345 :Sed
1123 4307 1267 4345 nunc
1297 4307 1404 4345 non
1431 4292 1561 4346 illud
1583 4293 1920 4363 agimus,scd
1951 4309 2080 4348 con-

504 4381 784 4434 tinuantes
829 4381 1139 4437 divinorum
1189 4383 1404 4436 Patrum
1455 4395 1766 4438 sanctorum
1802 4398 1857 4439 et
1891 4385 2079 4439 docto-

2167 3197 2304 3266 πρός
2329 3194 2420 3247 τοῦ
2452 3196 2711 3264 Γρηγορᾶ
2735 3195 3075 3264 φερομένους
3111 3192 3250 3263 ὁμοῦ
3277 3194 3372 3246 καὶ
3401 3193 3512 3245 τῶν
3543 3195 3628 3245 σοι
3655 3193 3739 3244 λε·

2166 3287 2413 3354 γομένων
2449 3287 2676 3338 αύτόθεν
2731 3286 2790 3338 τὸ
2839 3285 3112 3354 σφαλερὸν
3171 3285 3413 3353 ἔχοντας.
3468 3283 3604 3336 Οὐδὲ
3634 3284 3737 3352 γάρ

2166 3379 2278 3432 οὐδ’
2308 3378 2454 3448 ἔχεις
2484 3377 2888 3446 ἁνθυποφέρειν
2915 3377 3066 3430 οὐδὲν
3099 3377 3273 3444 ὑγιὲς,
3304 3375 3438 3429 ἀλλὰ
3465 3376 3739 3446 γραφικὰς

2167 3471 2415 3539 κομίζειν
2446 3471 2846 3540 ἀπαιτούμενος
2897 3471 3224 3538 μαρτυρίας,
3265 3469 3445 3538 ῥητῶς
3507 3470 3741 3537 ἀποφαι·

2169 3564 2399 3631 νομένας
2442 3563 2766 3633 αὐτόχρημα
2826 3561 3054 3614 πλεῖστα
3079 3561 3146 3614 τὰ
3183 3561 3416 3615 ἀκτιστα
3437 3562 3534 3627 τῆς
3559 3577 3742 3629 τρισυ-

2171 3651 2446 3703 ποστάτου
2500 3651 2737 3720 διάφορα
2796 3649 3034 3718 φύσεως,
3082 3649 3274 3700 ἔπειτα
3323 3647 3398 3718 μὴ
3447 3647 3743 3716 δυνάμενος

2171 3739 2307 3800 ὅλως
2333 3741 2512 3810 εὑρεῖν
2544 3739 2851 3810 μαρτυρίαν
2874 3738 3164 3808 ἡντιναοῦν
3181 3738 3390 3800 οὑδενδς
3412 3739 3520 3790 τῶν
3548 3737 3740 3802 ἀγίων,

2173 3833 2325 3899 παρὰ
2386 3830 2584 3883 σαυτοῦ
2648 3829 2900 3897 συνάγεις
2954 3829 3136 3893 αὑτὸς,
3168 3830 3195 3880 ὃ
3233 3829 3341 3882 τῶν
3377 3828 3744 3882 ἀτοπωτάτων

2175 3924 2342 3975 ἐστίν,
2389 3923 2483 3975 Ἐκ
2513 3922 2622 3991 γὰρ
2664 3923 2863 3990 ἑτέρων
2894 3922 3108 3989 ἑτέραις
3142 3923 3226 3974 ἀεὶ
3253 3921 3601 3991 περιπίπτων
3629 3939 3745 3974 και-

2174 4009 2465 4078 νοφωνίαις
2512 4010 2659 4079 σαφῆ
2712 4027 2771 4062 τε
2817 4011 2914 4061 καὶ
2950 4009 3300 4077 ὑπερήφανον
3327 4008 3554 4060 αὐτόθεν
3589 4009 3752 4069 εὐθὺς

2174 4102 2274 4168 τὴν
2293 4100 2450 4168 δίκην
2480 4097 2574 4151 τοῦ
2624 4099 2825 4152 ἀδικεῖν
2873 4097 3238 4167 όφλισκόινεις.
3308 4099 3367 4149 Ὀ
3399 4099 3507 4166 γὰρ
3538 4098 3747 4149 οἴκοθεν

2178 4193 2471 4262 ἐπιχειρῶν
2521 4193 2590 4244 τὰ
2641 4192 2782 4244 κατὰ
2813 4191 3069 4260 βούλησιν
3118 4191 3488 4257 δογματίζειν,
3515 4189 3610 4241 τοῦ
3645 4207 3749 4241 κω-

2177 4281 2324 4335 λύειν
2359 4280 2636 4349 ἰσχύοντος
2668 4277 2948 4349 τηνικαῦτ’
2980 4277 3275 4340 ἐνδιδόντος
3301 4277 3436 4344 ὁμοῦ
3475 4279 3571 4329 καὶ
3608 4293 3745 4344 τιαρ-

2181 4369 2482 4435 οξὺνοντος,
2505 4371 2604 4423 οὑκ
2628 4369 2695 4423 ἂν
2724 4369 2918 4436 φθάνοι
2936 4368 3033 4435 τὴν
3057 4366 3252 4434 εὐσεϐῆ
3295 4365 3631 4434 πανταχόθεν
3658 4366 3751 4417 καὶ

503 4487 626 4524 rum
665 4472 916 4540 degulata
965 4473 1109 4528 scire
1164 4475 1468 4541 studemus,
1498 4476 1642 4530 unde
1667 4492 1695 4529 a
1724 4486 1774 4531 te
1803 4476 1915 4531 hmo
1941 4493 2067 4532 nova

2185 4463 2415 4530 πάτριον
2443 4462 2626 4514 πίστιν
2648 4460 2871 4513 αὐτόθεν
2900 4458 3162 4512 ἐλαύνων.
3199 4458 3341 4510 Ἀλλ’
3381 4458 3442 4509 οὑ
3478 4457 3634 4510 τοῦτο
3658 4457 3752 4508 νῦν

501 4563 748 4616 dei-trina
800 4565 866 4617 sit
925 4564 1284 4636 inventa,qua
1338 4585 1435 4638 per
1479 4569 1708 4623 multum
1731 4569 1839 4638 jam
1867 4578 2078 4640 tempus

506 4657 810 4712 conturbas
839 4658 930 4713 Dei
969 4659 1295 4724 Ecclesiam,
1333 4677 1456 4714 cum
1488 4662 1689 4716 sociam
1727 4663 1928 4716 habeas
1982 4663 2081 4717 im-

506 4747 774 4814 peraloris
815 4764 1058 4802 manum.
1121 4750 1264 4803 Puer
1310 4751 1454 4804 enim
1520 4760 1642 4805 erat
1704 4751 2079 4809 divinissimus

507 4835 597 4888 hie
628 4837 762 4906 imp.
816 4853 939 4891 cum
975 4839 1192 4894 edicere
1225 4849 1282 4892 tn
1322 4842 1448 4894 talia
1478 4841 1752 4909 iucepisti,
1785 4851 1841 4896 et
1872 4842 2074 4896 deinde

505 4929 829 4986 confusione
857 4934 912 4986 in
945 4934 1180 5002 imperio
1214 4942 1421 4998 exorta,
1452 4935 1819 5004 undecunque
1857 4943 1913 4990 et
1941 4951 2079 5004 quo-

506 5037 725 5094 cunque
759 5025 920 5080 modo
951 5035 1138 5080 exorta
1178 5037 1283 5090 est,
1317 5035 1533 5094 tempus
1561 5041 1670 5080 non
1701 5027 1893 5082 habuit
1923 5026 2082 5080 audi-

507 5116 634 5169 endi
663 5128 720 5171 et
759 5117 1088 5188 corrigendi.
1145 5117 1229 5170 Tu
1283 5127 1465 5171 autem
1521 5117 1782 5171 immotus
1825 5117 2082 5172 desinere

510 5224 619 5261 non
648 5209 731 5262 vis
763 5210 926 5264 mala.
985 5211 1346 5266 Proverbium
1382 5209 1604 5279 quidem
1637 5209 1735 5274 ait,
1769 5209 1956 5263 vinum
1990 5224 2080 5263 ca.

508 5315 630 5355 rvrc
648 5301 838 5356 freno:
873 5317 974 5372 ego
1003 5312 1184 5358 autem
1225 5302 1511 5356 stultitiam
1544 5311 1690 5355 tuam
1720 5300 1891 5370 magis
1917 5317 2080 5370 quam

507 5395 697 5448 vinum
736 5411 841 5448 non
875 5395 1078 5449 habere
1099 5397 1259 5450 rideo
1284 5395 1521 5457 frenum,
1546 5393 1636 5463 qui
1664 5393 1833 5462 possit
1863 5392 2084 5461 dogma-

513 5496 630 5540 tum
668 5497 888 5541 tuorum
917 5488 1150 5554 eluviem
1195 5487 1538 5558 gubernare:
1601 5485 1652 5538 id
1705 5484 1849 5554 quod
1901 5495 2084 5538 extre-

516 5577 730 5634 morum
763 5591 845 5634 est
878 5580 1166 5633 malorum.
1226 5581 1440 5634 Etenim
1469 5579 1512 5633 si
1547 5579 1671 5632 talia
1709 5579 1950 5632 facinora
1982 5593 2081 5645 pro

514 5681 676 5737 pccna
725 5670 962 5721 honores
1009 5681 1228 5736 quoque
1259 5667 1552 5734 accipiant,
1586 5680 1696 5734 quo
1748 5662 2078 5732 ineptiarum

524 5760 772 5815 venient?
796 5777 902 5830 quo
928 5758 1211 5826 conspicui
1245 5767 1559 5813 accrescent
1594 5757 1830 5822 impetus
1868 5761 1919 5806 et
1958 5768 2078 5820 pra-

2179 4557 2310 4624 ἡμῖν
2332 4556 2359 4607 ὁ
2387 4554 2586 4616 σκοπός
2605 4569 2620 4584 ’
2651 4552 2790 4605 ἀλλά
2819 4550 3164 4619 βεϐαιοῦντες
3195 4550 3262 4602 τὰ
3311 4550 3418 4601 τῶν
3448 4549 3606 4602 θείων
3641 4552 3756 4602 [Ia-

2179 4648 2354 4716 τέρων
2385 4649 2481 4700 καὶ
2509 4645 2844 4699 διδασκάλων
2881 4644 3130 4712 δόγματα
3179 4641 3447 4694 πυθέσθαι
3478 4640 3755 4709 ζητοῦμεν

2180 4739 2301 4793 ὅθεν
2323 4756 2404 4792 σοι
2444 4738 2510 4791 τὰ
2535 4737 2836 4806 καινοφανῆ
2867 4735 3198 4805 κηρύγματα
3237 4733 3412 4785 ταῦτα
3434 4732 3748 4802 ἐξεύρηται,

2181 4828 2250 4882 δι’
2278 4823 2354 4882 ὧν
2383 4829 2553 4882 πολὺν
2603 4828 2708 4898 ἤδη
2763 4826 2955 4897 χρόνον
3007 4824 3303 4893 ταράττεις
3352 4824 3451 4890 τὴν
3479 4822 3578 4875 τοῦ
3618 4823 3753 4874 Θεοῦ

2194 4921 2541 4992 Ἐκκλησίαν,
2590 4921 2881 4989 σύμμαχον
2907 4917 3045 4988 ἔχων
3085 4916 3182 4986 τὴν
3229 4915 3366 4977 τέως
3395 4915 3756 4967 δυναστεύου-

2184 5029 2284 5066 σαν
2316 5015 2494 5082 χεῖρα.
2519 5009 2724 5079 Βρέφος
2759 5008 2870 5077 γὰρ
2901 5005 3024 5058 ὣνὸ
3055 5005 3332 5066 θειότατος
3384 5005 3571 5057 οὑτοσὶ
3604 5003 3759 5071 βασι-

2181 5105 2306 5166 λεὺς
2337 5104 2496 5156 ὁπότε
2525 5102 2818 5170 κηρύττειν
2857 5097 3008 5168 ἤρξω
3043 5098 3108 5151 σὺ
3139 5097 3210 5149 τὰ
3235 5095 3482 5158 τοιαῦτα,
3514 5098 3610 5150 καὶ
3642 5097 3757 5164 ἅμα

2185 5196 2499 5266 συγχύσεως
2526 5192 2654 5262 περὶ
2687 5192 2784 5262 τὴν
2815 5189 3090 5260 βασιλείαν
3115 5188 3242 5257 ἑξῆς
3268 5187 3582 5255 ἐνεχθείσης
3604 5187 3757 5239 ὁθεν-

2182 5285 2447 5358 δηποτοῦν
2476 5285 2570 5338 καὶ
2591 5283 2965 5353 ὁπωσδήποτε,
2999 5279 3190 5349 καιρὸν
3216 5280 3314 5331 οὐκ
3343 5277 3498 5348 ἔσχεν
3522 5279 3754 5346 ἀκηκοέ-

2183 5398 2272 5435 ναι
2303 5381 2399 5433 καὶ
2429 5375 2849 5447 διορθώσασθαι.
2881 5375 2954 5426 Σὺ
2982 5372 3026 5426 δ’
3057 5371 3454 5440 ἀμεταδλήτως
3475 5369 3664 5437 λήγειν
3697 5369 3756 5420 οὑ

2187 5472 2364 5542 βούλει
2405 5471 2609 5523 κακῶν.
2655 5468 2718 5521 Ἦ
2754 5467 2853 5536 μὲν
2879 5461 2974 5518 οὖν
3009 5463 3278 5533 παροιμία
3326 5461 3462 5531 φης).
3492 5461 3583 5512 τὸν
3613 5456 3759 5511 οἵνον

2183 5566 2283 5617 οὑκ
2313 5564 2456 5632 ἔχειν
2479 5561 2736 5632 πηδάλιον
2757 5575 2774 5591 ο
2805 5557 2914 5627 ἐγὼ
2939 5557 2997 5610 δὲ
3027 5558 3124 5627 τὴν
3156 5556 3253 5623 σὴν
3283 5553 3524 5622 ἀμαθίαν
3558 5554 3762 5621 μᾶλλον

2185 5658 2218 5726 ἦ
2249 5649 2506 5708 τὸν-οἶνον
2535 5655 2632 5706 οὑκ
2664 5654 2892 5720 ἔχουσαν
2923 5648 3034 5718 ego
3093 5647 3354 5716 πηδάλιον
3385 5645 3484 5714 τὴν
3510 5646 3623 5696 τῶν
3651 5643 3759 5696 σῶν

2186 5748 2445 5813 οἰακίζειν
2487 5746 2782 5815 τρικυμίαν
2834 5741 3124 5811 δογμάτων
3189 5739 3508 5807 δυνάμενον.
3556 5736 3621 5788 Ὃ
3649 5734 3757 5786 τῶν
