4046 6290
218 391 320 452 Ξ85

1199 396 1640 456 ΠΥΖΑΝΤΙΝΑΞ
1682 395 2063 454 ΠΙΞΤΟΒΙΕ
2101 397 2244 456 LIB.
2289 398 2471 455 XXX.

3347 390 3452 452 $286

221 504 451 570 ἐσχάτου
507 502 619 552 ἐστὶ
660 504 866 557 κοικῖιν.
933 506 1100 558 Ὅταν
1162 509 1270 576 γὰρ
1317 525 1386 559 τα
1434 508 1614 562 τοιαδὶ
1666 508 1766 558 τᾶν.

1881 508 2066 561 vitatis
2092 499 2147 561 in
2179 524 2411 578 pronum
2440 508 2512 563 ita
2544 509 2786 580 iactata?
2813 512 2993 578 Atque
3036 522 3100 562 uc
3131 504 3266 560 mihi
3299 505 3450 559 dicas

221 592 277 663 [Γ.
318 591 412 644 1-53
449 591 526 660 v.]
559 592 910 660 ἀδικημάτων
944 597 1061 647 ἀντὶ
1091 597 1183 647 τοῦ
1227 597 1548 660 κολάζεσθαι
1582 599 1675 648 καὶ
1712 596 1772 647 τὸ

217 683 469 750 τομὶτθαι
500 685 784 758 προσλάῆλ
812 687 879 737 δι’
911 688 1051 738 αὐτὰ
1085 705 1145 754 γε
1177 692 1352 749 tam",
1409 687 1511 740 ποῦ
1547 689 1643 754 μὲν
1675 687 1774 738 ’.ὐκ

218 777 280 828 ἂν
302 776 523 836 ἀτοπίας
555 777 783 842 ἐλάσεις,
818 780 916 830 ποῦ
947 781 991 830 δ’
1019 780 1083 832 ἂν
1109 785 1172 850 τῆ
1197 802 1203 807 ·
1228 782 1579 851 ὑπερηφάνου
1615 780 1772 847 σταίη

217 870 376 937 φορᾶς
408 870 500 923 καὶ
535 872 729 934 κακίας
757 876 898 926 κατὰ
933 874 1172 942 πρανοῦς
1205 876 1401 927 οὑτωσὶ
1433 875 1770 944 φερομένηςς

219 958 314 1010 Καὶ
349 961 418 1028 μή
451 978 540 1023 μοι
566 961 686 1028 λέγε
743 967 835 1016 καὶ
884 965 1172 1031 separe-300
1228 968 1322 1020 νῦν
1357 966 1773 1035 ἐγκαυχ‹ἷ›μενος

219 1053 304 1102 ἐπί
327 1069 382 1104 τε
416 1053 655 1122 δυστσνίῳ
685 1055 937 1124 γλώττης
993 1061 1132 1127 φορᾷ
1165 1061 1256 1111 καὶ
1290 1077 1443 1126 συμπ
1476 1059 1773 1128 φυρμένων

215 1142 374 1208 λόγων
404 1143 580 1211 ἀλόγῳ
611 1147 831 1216 σωρεία,
859 1147 980 1216 μηδ’
1013 1149 1208 1214 ὖγκους
1265 1167 1353 1219 μοι
1387 1149 1618 1218 χάλκευε
1676 1150 1774 1215 (ir,-

220 1235 390 1299 μάτων
426 1237 989 1306 ἀντιστρατευομένων
1024 1241 1226 1292 οὑτωσὶ
1273 1240 1570 1310 προφανῶς
1606 1243 1672 1309 τῇ
1712 1257 1771 1291 τε

218 1325 428 1394 ἀληθεία
455 1326 548 1377 καὶ
577 1328 651 1392 τῷ
677 1329 771 1380 τοῦ
810 1331 1076 1400 παρόντος
1109 1332 1369 1396 συλλόγου
1405 1331 1591 1400 σκοπῷ
1614 1349 1626 1362 ·
1657 1330 1773 1382 ἀλλ’

216 1419 372 1471 εἶκαὶ
421 1421 482 1472 τὸ
529 1417 586 1474 εὖ
653 1423 787 1492 μετὰ
834 1425 929 1476 τοῦ
961 1426 1219 1490 εὐσεϐοῦς
1282 1429 1394 1487 τοῖς
1451 1425 1772 1492 λεγομένοις

216 1511 427 1581 προσείη
464 1529 569 1574 σοι,
630 1515 790 1567 τοῦτο
820 1516 875 1568 δὲ
929 1519 1024 1571 καὶ
1057 1519 1201 1569 πάνυ
1233 1535 1285 1569 τι
1322 1517 1526 1584 σφόδρα
1551 1518 1772 1568 σκοπεῖ)

217 1616 268 1651 σε
300 1601 468 1669 χρεών
489 1615 503 1628 ⁹
533 1604 608 1666 ὠς
637 1606 734 1658 ἐὰν
773 1606 846 1676 μὴ
878 1607 1034 1660 τοῦτο
1062 1609 1212 1675 σφίσι
1249 1612 1422 1676 παρῇ,
1463 1608 1772 1660 τούναντίον

214 1692 297 1743 tui.
335 1694 724 1762 μανδραῦόλου,
755 1698 919 1764 φάναι
942 1700 1084 1752 κατά
1121 1699 1218 1769 τὴν
1251 1700 1574 1770 παροιμίαν,
1605 1703 1774 1770 χωρεῖ

214 1801 290 1836 σοι
319 1784 377 1838 τὸ
407 1786 755 1856 σπούδασμα,
785 1792 878 1843 καὶ
908 1791 1154 1861 κολοφὼν
1187 1810 1269 1845 σοι
1299 1793 1506 1859 γίνεται
1534 1791 1719 1845 κακῶν
1741 1792 1769 1843 6

210 1873 300 1940 τῆς
333 1876 562 1945 ἀκαίρου
598 1877 844 1948 γλώττης
883 1879 1071 1949 λῆρος,
1127 1884 1222 1936 καὶ
1266 1881 1509 1950 τοσούτῳ
1565 1881 1769 1950 μᾶλλον

211 1964 309 2034 ὅσῳ
335 1968 540 2034 μᾶλλον
571 1971 661 2022 καὶ
693 1973 758 2039 τῇ
792 1971 1093 2042 πολυλογίᾳ
1123 1972 1390 2042 πολύχουν
1419 1971 1769 2035 ἐπιπολάζειν

208 2057 264 2106 τὸ
295 2059 389 2124 τῆς
425 2059 660 2122 ἀτοπίας
713 2062 978 2130 ἐπεφύκει
1032 2062 1318 2132 γεώργιοςι,
1371 2063 1468 2116 καὶ
1516 2062 1650 2130 πρός
1705 2078 1768 2127 γε

1874 609 1929 650 et
1958 607 2209 666 portenta
2259 599 2480 654 eﬂ‘utias
2531 615 2677 656 nunc
2701 599 3088 670 iactabundus,
3129 598 3182 652 in
3241 597 3448 664 impetu

1877 689 2070 757 lingua:
2116 689 2383 744 eii‘renato
2411 700 2467 745 et
2491 693 2890 746 cumulatorum
2944 691 3236 746 verborum
3285 689 3447 743 bruta

1876 783 2317 844 coacervatione.
2369 798 2505 837 neve
2552 784 2844 839 fabriceris
2894 784 3100 838 tumida
3129 782 3298 837 verba
3324 795 3446 850 quae

1877 883 1985 927 tam
2037 885 2224 942 aperte
2267 875 2491 929 veritati
2547 885 2602 928 et
2651 873 2816 945 hdjus
2867 886 3176 930 conventus
3208 873 3447 928 consilio

1875 963 2078 1018 bellum
2111 965 2389 1020 indicunt:
2423 966 2518 1020 sed
2547 982 2676 1020 num
2700 967 2866 1022 etiam
2897 967 3158 1021 honestas
3185 976 3243 1020 et
3268 966 3446 1035 pietas

1875 1055 2036 1109 dictis
2091 1057 2198 1110 tuis
2231 1057 2438 1119 adsint,
2470 1057 2576 1112 hoc
2625 1057 2787 1128 longe
2823 1059 3062 1111 maxime
3110 1065 3162 1110 te
3198 1065 3448 1125 spectare

1876 1155 2092 1214 oportet
2123 1165 2138 1213 ;
2167 1163 2294 1201 nam
2329 1147 2373 1202 si
2403 1149 2505 1201 hoc
2540 1149 2606 1202 iis
2639 1163 2747 1201 non
2777 1148 2936 1218 323
2969 1148 3131 1210 adsit,
3169 1163 3200 1202 e
3227 1155 3450 1202 contra-

1876 1237 1980 1300 rio,
2017 1251 2074 1292 ut
2113 1239 2346 1295 dicimus
2372 1241 2439 1294 de
2465 1244 2706 1294 mandrae
2734 1242 2866 1296 ludo
2894 1241 2950 1295 in
2992 1240 3305 1310 proverbio,
3343 1238 3444 1292 tibi

1874 1332 2063 1385 evadet
2112 1333 2375 1396 studium,
2422 1344 2476 1388 et
2527 1349 2788 1388 cacumen
2840 1334 3111 1388 malorum
3157 1333 3256 1387 tibi
3309 1331 3452 1385 ﬁunt

1877 1425 2274 1494 intempestiva:
2303 1427 2499 1496 lingua:
2542 1443 2732 1498 nugae:
2790 1436 2955 1496 atque
2996 1441 3064 1480 eo
3110 1425 3303 1494 magis,
3335 1439 3448 1493 quo

1875 1518 2046 1584 magis
2093 1518 2327 1572 fructum
2381 1519 2708 1588 ineptiarum
2751 1527 2806 1574 et
2835 1518 3186 1573 absurditalis
3217 1517 3448 1572 feracem

1877 1610 2169 1677 producit:
2205 1619 2259 1664 et
2289 1619 2552 1680 prazterea
2605 1626 2868 1664 vanorum
2914 1611 3229 1679 clangorum
3285 1621 3450 1661 sono-

1875 1714 2105 1764 rumque
2153 1700 2330 1754 studia
2373 1710 2428 1754 et
2457 1717 2640 1757 curas.
2697 1703 2804 1757 Sed
2835 1703 3101 1757 librorum
3133 1701 3446 1755 divinorum

1874 1790 2206 1854 adhortatio,
2257 1811 2274 1841 ‹
2307 1777 2386 1846 Ne
2436 1803 2680 1859 cvertas,
2722 1795 2939 1864 inquit,
2993 1795 3148 1858 lines,
3179 1809 3317 1862 quos
3350 1808 3451 1862 po-

1873 1889 2107 1933 suerunt
2149 1887 2330 1946 patres
2363 1880 2477 1934 tui:
2533 1896 2671 1935 neve
2706 1882 2966 1951 exquiras
3016 1893 3446 1948 supervacanea,

1873 1971 1962 2023 sed
1996 1985 2115 2039 quae
2143 1970 2240 2024 tibi
2263 1971 2526 2040 imperata
2561 1980 2707 2032 sunt,
2741 1971 2808 2025 de
2844 1972 2913 2026 iis
2951 1970 3236 2036 delibera;
3269 1983 3449 2036 neque

1863 2062 2023 2114 enim
2061 2058 2162 2113 tibi
2185 2075 2322 2128 opus
2355 2071 2441 2114 est
2471 2060 2865 2115 absconditis.»

209 2147 459 2216 δήπουθεν
485 2152 542 2204 ai
575 2153 682 2204 τῶν
710 2154 1004 2222 ἀπράκτων
1065 2156 1215 2226 ἤχων
1254 2173 1312 2208 τε
1376 2156 1473 2209 καὶ
1506 2155 1694 2224 ψόφων
1752 2153 2030 2222 διατριϐαὶ
2067 2154 2163 2205 καὶ
2197 2151 2406 2222 σχολαί.
2452 2152 2593 2205 Ἀλλ’
2639 2155 2672 2219 ἡ
2726 2154 2833 2206 τῶν
2884 2153 3043 2206 θείων
3077 2150 3310 2221 Γραφῶν
3346 2168 3450 2204 πα·

213 2239 452 2305 ραίνεσις,
495 2262 516 2292 ‹
547 2245 637 2313 Μὴ
668 2245 914 2312 μέταιρε,
951 2265 969 2298 ›
1037 2250 1223 2316 φησὶν,
1263 2267 1280 2298 ‹
1314 2249 1439 2317 ὅρια
1469 2249 1504 2300 ἃ.
1537 2247 1719 2299 ἔθεντο
1748 2246 1798 2298 oi
1835 2245 2072 2312 πατέρες
2104 2261 2218 2311 σου,
2252 2245 2389 2317 μηδὲ
2447 2245 2668 2316 σοφίζου
2704 2248 2953 2318 περιττὰ,
2980 2245 3093 2300 ἀλλ’
3115 2244 3150 2298 ἃ.
3177 2244 3447 2315 προσετά-

208 2345 270 2400 γη
306 2349 404 2396 σοι,
437 2333 613 2386 ταῦτα
643 2336 854 2390 διανοοῦ
879 2356 894 2369 ο
947 2339 1008 2391 οὐ
1066 2339 1174 2408 γὰρ
1227 2338 1341 2391 ἔστι
1383 2354 1465 2390 σοι
1497 2339 1605 2392 τῶν
1633 2336 1895 2407 κρυπτῶν
1918 2337 2099 2406 χρεία.
2138 2355 2156 2387 ι

273 2425 393 2477 κε’.
441 2425 571 2478 Ἐπὶ
623 2427 833 2490 τούτοις
889 2431 916 2480 6
972 2431 1070 2499 μὲν
1113 2433 1375 2500 Παλαμᾶς
1432 2431 1758 2500 ἐσιώπησεν,

206 2513 388 2582 ἀνέστη
422 2515 476 2568 δέ
541 2533 623 2578 τις
654 2517 762 2569 τῶν
815 2521 1276 2589 μαθητευομένων
1308 2523 1479 2592 αὐτῷ,
1513 2522 1654 2589 μάλα
1707 2539 1759 2574 τι

205 2605 410 2677 ἀμαθὴς
439 2609 540 2660 καὶ
570 2609 774 2678 θρατύς
803 2612 897 2663 καὶ
927 2615 1279 2683 ἐμπαροινῶν
1310 2614 1508 2683 μᾶλλον
1539 2614 1763 2683 ἣλέγων

205 2694 334 2746 κατὰ
363 2695 459 2762 τῆς
484 2696 770 2764 ἀληθείας,
804 2700 996 2769 ὥσπερ
1033 2702 1404 2769 ἑωλοκρασίας
1424 2704 1592 2757 ἕωθεν
1613 2705 1761 2774 αὐτῴ

204 2785 602 2854 καταχυθείσης
627 2789 790 2850 τινός.
855 2791 962 2843 Καὶ
989 2791 1088 2859 μὲν
1115 2791 1202 2861 δὴ,
1243 2812 1260 2842 σ
1298 2792 1434 2862 Περὶ
1481 2793 1762 2863 δυνάμεων

205 2877 322 2944 ἐγὼ,
369 2881 533 2948 φησὶ,
569 2881 917 2952 διαλεχθῆναι
939 2886 1184 2956 τήμερον
1207 2884 1500 2956 βούλομαι·
1535 2888 1629 2940 καί
1673 2904 1768 2957 μοι

207 2971 458 3037 φρασάτω
485 2973 780 3040 παρελθὼν
801 2974 829 3024 6
855 2974 1201 3045 βουλόμενος,
1232 2977 1321 3031 διὰ
1348 2979 1401 3031 τί
1432 2979 1761 3032 παντοδύναο

214 3063 345 3126 μοςὸ
375 3061 507 3124 Θεὸς
533 3063 780 3116 καλεῖται
828 3066 861 3136 ἢ
889 3065 977 3118 διὰ
1027 3067 1089 3119 τὸ
1118 3067 1302 3130 πάσας
1330 3067 1474 3138 ἔχειν
1495 3070 1552 3122 ὲν
1581 3071 1761 3141 ἑαυτῷ

209 3152 294 3211 τὰς
319 3151 598 3221 δυνάμεις,
631 3154 696 3216 ἃς
725 3154 787 3218 δὴ
838 3156 1109 3226 καλοῦμεν
1149 3158 1440 3222 ἀκτίστους
1462 3161 1642 3230 ἡμεῖς,
1670 3163 1767 3214 καὶ

211 3240 476 3312 διαφόρους
511 3245 762 3316 ἀλλήλων
789 3249 886 3300 καὶ
917 3249 1012 3318 τῆς
1041 3249 1230 3314 οὐσίας
1259 3251 1430 3322 αὐτῆς
1450 3253 1545 3306 τοῦ
1569 3253 1757 3307 Θεοῦ.»

211 3334 378 3390 Ταῦτα
402 3338 599 3409 παρὼν
627 3343 721 3392 καὶ
745 3342 992 3409 ἀκηκοώς
1012 3359 1098 3405 τις
1116 3344 1226 3396 τῶν
1254 3343 1348 3396 τοῦ
1370 3345 1630 3416 Γρηγορᾶ
1648 3364 1768 3415 φοι·

211 3427 388 3494 τητῶν,
418 3429 478 3492 ὃς
501 3430 844 3500 ἠκολούθησε
882 3432 980 3500 μὲν
999 3433 1210 3487 οἶκοοεν
1247 3435 1416 3504 αὐτῷ·
1455 3437 1766 3507 ἀρξαμένης

211 3519 259 3570 δὲ
291 3519 386 3590 τῆς
405 3521 701 3586 διαλέξεως
729 3524 984 3594 ἐπέμφθη
1036 3527 1282 3596 κομίσων
1303 3526 1404 3598 την
1434 3528 1530 3598 τῆς
1555 3528 1766 3598 δογμα-

211 3607 350 3676 τικῆς
401 3609 714 3670 πανοπλίας
757 3611 962 3676 δέλτον,
1019 3615 1114 3667 καὶ
1153 3615 1388 3685 κομίσας
1449 3619 1636 3688 παρῆν
1688 3619 1766 3690 τῷ

212 3697 434 3769 συλλόγῳ
459 3700 655 3754 λοιπὸν
675 3704 769 3755 καὶ
786 3703 967 3766 αὐτός.
985 3696 1154 3770 Οὗτος
1179 3706 1272 3760 οὖν
1303 3708 1594 3780 παραλόγῳ
1629 3710 1764 3772 τέως

211 3788 296 3852 τῆς
342 3791 517 3861 ἀρχῆς
569 3792 862 3862 ἀχθεσθεὶς
921 3797 1016 3850 καὶ
1048 3797 1360 3867 διαναστὰς,
1409 3819 1427 3853 ‹
1486 3803 1595 3855 Kal.
1631 3803 1761 3871 μὴν,

213 3882 382 3950 φησὶν,
407 3884 580 3955 ἐχρῆν
610 3885 994 3955 πασοδύναμον
1040 3890 1239 3944 οὐτωσὶ
1290 3893 1434 3947 κατά
1469 3894 1527 3946 σὲ
1580 3895 1764 3947 καλεῖν

213 3968 290 4019 τὸν
314 3969 465 4034 Θεὸν,
495 3972 594 4025 καὶ
637 3974 714 4042 μὴ
761 3976 1193 4047 παντοδύναμον.
1257 3980 1418 4047 Ἡμῖν
1444 3981 1552 4052 γὰρ
1577 3984 1639 4035 ὲκ
1667 3975 1762 4034 ⁷τοῦ

212 4058 268 4110 τὰ
305 4061 460 4115 πάνθ’
490 4063 596 4114 ὅσα
629 4061 892 4134 βούληται
929 4064 1191 4120 δύνασθαι
1228 4070 1389 4138 μέχρι
1438 4070 1530 4123 νῦν
1587 4072 1763 4124 ἐδόκει

212 4152 470 4207 καλεῖσθαι
522 4155 940 4222 παντοδύναμον
990 4159 1082 4211 τὸν
1127 4160 1283 4226 Θεὸν,
1334 4163 1431 4216 καὶ
1462 4163 1560 4234 οὐχ
1593 4163 1668 4226 ὡς
1699 4162 1762 4216 σύ

213 4243 322 4313 φῄς.
355 4265 374 4297 ι
417 4245 741 4300 ’Υπολαϐὼν
768 4248 824 4302 δὲ
853 4252 881 4303 6
901 4244 1238 4321 Παλαμᾶς,’«
1285 4254 1444 4307 Ἀλλά
1476 4256 1614 4308 κατὰ
1635 4273 1764 4326 τρο.

215 4335 308 4400 πὴν
334 4335 426 4388 τοῦ
460 4355 512 4398 σ,
537 4339 726 4406 φησὶν,
759 4339 840 4402 είς
871 4358 900 4393 τ
922 4340 1135 4409 γίνεται
1167 4344 1600 4413 παντοδύναμος,
1633 4347 1767 4398 καθ-

216 4426 340 4495 άπερ
374 4429 467 4482 καὶ
497 4428 750 4482 θάλασσα
771 4429 1030 4485 θάλαττα.
1067 4449 1086 4482 ι
1127 4431 1190 4503 [Γ.
1230 4433 1331 4488 H9
1362 4434 1436 4507 r.]
1465 4437 1641 4501 Γέλως
1671 4434 1764 4492 οὖν

1793 3204 1841 3265 C

1937 2425 2100 2479 XXV.
2121 2425 2296 2495 Super
2319 2426 2404 2480 his
2438 2427 2682 2481 Palamas
2702 2427 2920 2496 quidem
2946 2426 3220 2480 silentium
3247 2424 3440 2480 tenuit.

1870 2515 2118 2572 Surrexit
2149 2526 2332 2572 autem
2364 2519 2584 2588 quidam
2632 2518 3029 2588 discipulorum
3079 2521 3231 2590 ejus,
3287 2518 3448 2573 valde

1873 2610 2129 2664 indoctus
2159 2619 2214 2664 et
2241 2611 2565 2664 temerarius
2599 2627 2620 2680 :_
2656 2621 2713 2665 et
2757 2609 2908 2665 ehrie
2938 2627 2996 2665 se
3018 2613 3232 2682 iactans
3271 2611 3445 2680 magis

1877 2714 2042 2768 quam
2077 2699 2308 2768 loquens
2332 2707 2526 2754 contra
2548 2701 2859 2768 veritatem,
2891 2711 3148 2772 tanquam
3171 2703 3282 2758 viui
3317 2703 3446 2757 reli—

1875 2791 2021 2860 quiis
2045 2807 2200 2846 mane
2225 2791 2281 2845 in
2303 2805 2430 2845 eum
2455 2791 2667 2845 eﬂ‘usis.
2686 2793 2912 2862 Atque,¢
2939 2794 3291 2862 Da-potentiis
3317 2809 3442 2865 ego,

1871 2883 2072 2952 inquit,
2131 2883 2369 2952 colloqui
2410 2883 2572 2937 hodie
2621 2884 2859 2938 volozet
2913 2883 3059 2939 dicat
3115 2885 3248 2941 mihi
3296 2902 3447 2943 nunc

1873 2975 2107 3045 aliquis,
2161 2991 2260 3029 cur
2309 2977 2656 3044 omnipotens
2704 2976 2848 3031 Deus
2893 2985 3120 3032 vocetur
3156 2992 3267 3032 :an
3317 2981 3445 3048 quia

1873 3081 2066 3121 omnes
2108 3067 2164 3120 in
2218 3081 2277 3121 se
2313 3065 2478 3120 habet
2507 3067 2812 3137 potentias,
2848 3082 2985 3138 quas
3034 3082 3136 3122 nos
3182 3083 3448 3124 vocamus

1871 3158 2145 3214 increatas
2200 3166 2258 3213 et
2303 3159 2548 3213 diversas
2583 3159 2730 3212 inter
2757 3173 2816 3212 se
2851 3166 2908 3212 et
2947 3158 3015 3212 ab
3058 3159 3173 3229 ipsa
3204 3160 3445 3214 essentia

1871 3245 2011 3302 Dei?
2037 3264 2056 3300 ι
2093 3247 2220 3300 Haec
2256 3246 2468 3301 audivit
2497 3246 2739 3316 quidam,
2782 3245 2874 3316 qui
2907 3246 3116 3310 aderat,
3150 3245 3446 3316 discipulo-

1873 3353 1994 3392 rum
2073 3337 2351 3409 Gregorae,
2408 3337 2501 3408 qui
2561 3337 2784 3408 quidem
2833 3336 2997 3391 domo
3043 3351 3170 3390 eum
3215 3345 3442 3392 secutus

1867 3441 1974 3487 est.
2031 3431 2330 3501 Incipiente
2361 3439 2542 3486 autem
2589 3430 2860 3500 colloquio
2900 3429 3103 3484 missus
3133 3436 3217 3484 est
3247 3438 3306 3482 ut
3334 3431 3437 3482 ad-

1867 3520 2038 3576 ferret
2089 3523 2389 3593 pugillares
2440 3522 2730 3594 dogmatici
2767 3522 3076 3587 exercitus;
3129 3535 3270 3591 quos
3317 3535 3443 3574 cum

1869 3615 2146 3669 attulisset
2218 3623 2404 3685 postea
2475 3615 2588 3684 jam
2638 3613 2832 3668 aderat
2864 3613 3164 3670 conventui
3211 3622 3268 3668 et
3298 3612 3439 3682 ipse.

1868 3703 1969 3758 Hic
2000 3705 2167 3775 igitur
2199 3705 2559 3774 repugnantia
2605 3719 2793 3757 rerum
2833 3703 3146 3758 auditarum
3187 3712 3443 3772 gravatus

1866 3795 2108 3849 surrexit
2154 3803 2243 3849 et:
2316 3794 2619 3855 «Profecto,
2678 3793 2842 3864 324
2897 3795 3098 3862 inquit,
3157 3793 3446 3861 oportebat

1866 3883 1970 3938 hac
1996 3883 2206 3937 ratione
2225 3883 2526 3938 secundum
2554 3893 2606 3937 te
2643 3883 2811 3939 Deum
2836 3897 3034 3937 vocare
3061 3883 3441 3952 πασοδύναμον

1866 3990 2045 4044 neque
2081 3989 2210 4028 vero
2243 3973 2692 4043 παντοδύναμον;
2729 3974 2890 4028 nobis
2914 3973 3061 4027 enim
3094 3974 3188 4044 qui
3228 3974 3439 4038 omnia,

1865 4080 2204 4136 quaecunque
2238 4064 2375 4130 vult,
2409 4063 2587 4119 facere
2611 4072 2810 4134 potest,
2848 4077 3020 4132 usque
3051 4063 3116 4116 ad
3165 4062 3270 4116 hoc
3305 4069 3440 4116 tem-

1866 4173 1968 4228 pus
1999 4158 2283 4228 placuitut
2315 4155 2723 4225 παντοδύναμος
2749 4164 3042 4210 vocaretur
3065 4155 3234 4224 Deus,
3262 4171 3440 4225 neque

1866 4265 1996 4303 vero
2031 4258 2090 4302 ut
2123 4257 2180 4302 tu
2209 4248 2370 4302 dicis.
2412 4269 2430 4298 ι
2472 4246 2680 4301 Exhinc
2737 4255 2920 4301 autem
2977 4245 3246 4310 Palamas,
3289 4264 3306 4297 ι
3334 4245 3441 4301 Sed

1865 4356 1988 4396 cum
2026 4339 2225 4394 mutari
2256 4339 2447 4408 possit,
2476 4339 2676 4408 inquit,
2712 4337 2750 4388 Σ
2793 4337 2848 4391 in
2889 4336 2957 4400 Τ,
3004 4336 3067 4392 ﬁt
3103 4337 3444 4390 παντοδύνα-

1871 4449 1989 4502 μος,
2049 4432 2195 4486 sicut
2247 4431 2414 4484 etiam
2446 4430 2694 4484 θάλασσα
2753 4428 2806 4482 in
2847 4427 3088 4483 θάλαττα
3137 4439 3436 4483 mutatur.)

217 4518 296 4568 ἐπὶ
325 4518 528 4581 τούτοις
559 4518 706 4590 ἦρθη
762 4521 950 4586 πολὺς,
998 4521 1073 4585 ὡς
1110 4525 1233 4593 μηδ’
1273 4526 1440 4579 αὐτὸν
1475 4527 1513 4580 Γ
1518 4533 1761 4599 ρηγορᾶν

1870 4525 2033 4578 Risus
2071 4522 2238 4592 igitur
2279 4521 2347 4576 ad
2407 4521 2522 4575 haec
2565 4520 2816 4574 sublatus
2847 4528 2932 4574 est
2963 4535 3226 4590 magnus,
3265 4521 3337 4575 ita
3383 4531 3450 4576 ut

215 4609 439 4680 κατέχειν
459 4612 654 4666 ἑαυτὸν
683 4611 965 4677 δύνασθαι,
989 4613 1168 4667 καίτοι
1218 4617 1391 4672 πολλὰ
1422 4619 1561 4689 πρὸς
1585 4621 1642 4673 τὸ
1686 4623 1760 4691 μὴ
1782 4635 1804 4658 ⁸

219 4701 425 4782 φανῆναι
448 4703 695 4769 γελῶντα
727 4704 1054 4776 βουλόμενον
1092 4709 1186 4762 καὶ
1213 4709 1329 4779 ἅμα
1364 4713 1524 4781 σιγᾷν
1553 4713 1640 4766 διὰ
1664 4713 1764 4778 τὰς

215 4791 300 4857 τῆς
315 4795 550 4864 κεφαλῆς
582 4796 881 4866 ἀλγηδόνας
907 4800 1319 4869 ἐπιτηδεύοντα.
1355 4804 1498 4856 Ἀλλ’
1521 4805 1549 4857 6
1580 4805 1764 4860 Παλα-

217 4883 312 4949 μᾶς
341 4885 647 4940 διακόπτειν
673 4890 764 4942 τὸν
801 4889 1016 4958 γέλωτα
1059 4895 1458 4966 μηχανώμενος
1483 4899 1590 4950 τῶν
1625 4899 1762 4968 πρό·

213 4990 355 5044 τερον
389 4980 567 5050 εῐχετο
623 4982 814 5051 λόγων,
877 4983 1281 5053 ἀναλαμϐάνων
1315 4987 1471 5052 αὐθις
1530 4990 1760 5046 ἐκεῖθεν.

219 5079 237 5111 ι
263 5061 377 5118 Ὀτι
403 5067 446 5119 δ’
480 5069 611 5122 ἄλλο
643 5071 702 5122 τὸ
739 5070 886 5140 ἔχον,
919 5073 1072 5141 φησὶ,
1104 5074 1198 5126 καὶ
1228 5074 1358 5128 ἄλλο
1381 5075 1440 5128 τὸ
1480 5076 1762 5146 ἐχόμενον,

213 5152 357 5221 δῆλον
413 5160 518 5212 κάκ
575 5161 667 5214 τοῦ
701 5163 858 5232 ἁγίου
895 5165 1169 5237 ’Μαξίμου
1204 5167 1480 5236 λέγοντος,
1517 5189 1536 5221 ο
1578 5171 1636 5224 '0
1665 5171 1762 5241 μὲν

213 5242 334 5306 Θεὸς
366 5249 621 5316 γινώσκει
648 5253 837 5309 ἑαυτὸν
872 5255 937 5308 ἐκ
967 5255 1068 5326 τῆς
1121 5258 1400 5328 μακαρίας
1436 5260 1628 5324 οὐσίας
1661 5261 1762 5314 αὐ-

215 5334 318 5400 τοῦ,
346 5340 411 5392 τὰ
436 5340 480 5393 δ’
511 5343 604 5395 ὐπ’
632 5343 798 5400 αὐτοῦ
827 5345 1094 5416 γεγονότα
1115 5349 1179 5401 ἐκ
1207 5349 1310 5418 τῆς
1345 5349 1538 5417 σοφίας
1569 5351 1760 5414 αὐτοῦ,

213 5425 273 5478 δι’
301 5423 364 5500 ἧς
394 5434 483 5486 καὶ
518 5429 633 5508 ὲνῇ
659 5439 726 5491 τὰ
749 5439 930 5494 πάντα
971 5441 1251 5513 ἐποίησεν.
1292 5458 1312 5492 ι
1355 5441 1548 5504 Ἀλλος
1596 5442 1689 5496 οὐν
1735 5443 1762 5496 6

215 5515 352 5582 Θεὸς,
378 5526 472 5576 καὶ
502 5527 638 5598 ἄλλη
681 5531 715 5600 ὴ
751 5533 913 5602 σοφία
961 5531 1130 5585 αὐτοῦ
1169 5530 1236 5584 δι’
1287 5527 1357 5605 ἦς
1389 5535 1486 5587 καὶ
1539 5535 1598 5587 ἐν
1695 5535 1762 5588 τὰ

218 5609 377 5666 πάντα
404 5616 652 5687 ἐποίησε,
683 5621 780 5690 τῆς
805 5624 898 5676 τοῦ
917 5624 1053 5678 Θεοῦ
1083 5625 1274 5688 οὐσίας
1301 5626 1482 5695 πάντη
1508 5628 1762 5698 διάφορός

218 5715 267 5749 τε
313 5704 402 5755 καὶ
452 5706 737 5772 ἆκτιστοςο
792 5712 951 5777 ἄλλος
1019 5717 1130 5787 γὰρ
1158 5719 1186 5770 6
1219 5717 1352 5780 Θεὸς
1405 5719 1433 5768 ό
1473 5717 1634 5786 ἔχων,
1669 5720 1762 5769 καὶ

221 5790 338 5863 ἄλλη
369 5797 400 5867 ἡ
432 5799 592 5868 σοφία
629 5803 789 5858 αὐτοῦ
816 5806 889 5870 ώς
927 5809 1083 5862 ἑκτὸν
1134 5811 1224 5863 καί
1257 5811 1526 5863 ἀνούσιον.
1561 5829 1578 5858 ›
1619 5811 1760 5878 "ph;

1865 4632 1933 4671 ne
1960 4617 2076 4685 ipse
2095 4615 2318 4685 quidem
2344 4613 2612 4682 Gregoras
2628 4613 2914 4668 continere
2939 4626 2997 4666 se
3027 4622 3234 4681 posset,
3267 4629 3457 4684 quan-

1864 4724 2026 4779 quam
2059 4709 2286 4763 multum
2309 4723 2492 4777 operte
2524 4707 2678 4762 dedit
2705 4723 2773 4764 ne
2802 4709 2988 4764 ridens
3010 4707 3450 4777 conspiceretur,

1863 4800 2138 4868 simulque
2189 4808 2370 4854 tacere
2432 4809 2658 4871 propter
2709 4801 2906 4870 capitis
2953 4801 3173 4855 dolores
3209 4800 3440 4854 studuit.

1865 4890 1971 4946 Sed
2015 4891 2260 4945 Palamas
2309 4893 2478 4945 risum
2519 4894 2867 4962 exstinguere
2905 4902 3131 4948 conatus
3165 4891 3458 4960 prioribus-

1863 4979 2168 5033 inhaérebat
2207 4981 2582 5047 sermonibus,
2619 4990 2676 5036 ct
2720 4997 2914 5036 rursus
2950 4981 3077 5035 inde
3125 4994 3286 5034 orsus
3315 4989 3440 5035 cst:

1873 5091 1891 5123 ι
1927 5071 2109 5137 Aliud,
2145 5072 2344 5142 inquit,
2370 5089 2492 5128 csse
2527 5073 2579 5128 id
2620 5074 2764 5144 quod
2795 5073 2979 5139 habet,
3023 5072 3170 5128 aliud
3208 5072 3260 5126 id
3289 5071 3438 5142 quod

1865 5162 2123 5230 habetur,
2164 5165 2483 5234 intelligitur
2525 5167 2691 5220 etiam
2725 5181 2756 5219 e
2787 5163 2960 5220 sancti
2988 5163 3205 5218 Maximi
3237 5163 3388 5218 dicto
3422 5179 3439 5216 :

1877 5255 2021 5309 Deus
2064 5257 2286 5326 quidem
2341 5272 2398 5310 se
2449 5256 2731 5327 cognoscit
2755 5271 2820 5309 ex
2857 5256 3094 5310 essentia
3125 5271 3224 5310 sua
3249 5256 3445 5310 beata:

1866 5359 1989 5414 qum
2021 5356 2202 5401 autem
2246 5349 2315 5400 ab
2345 5362 2411 5400 eo
2457 5348 2595 5402 facta
2625 5355 2752 5402 sunt
2792 5362 2858 5400 ex
2883 5347 3004 5415 ejus
3045 5346 3310 5416 sapientia
3339 5359 3453 5414 per

1865 5451 2028 5506 quam
2055 5447 2110 5491 et
2139 5439 2191 5490 in
2212 5455 2317 5507 qua
2344 5441 2594 5493 universa
2625 5439 2755 5493 fecit
2789 5439 2941 5493 Alius
2972 5439 3138 5510 igitur
3165 5447 3247 5493 est
3271 5438 3450 5500 Deus,

1863 5530 1967 5583 alia
2022 5530 2286 5598 sapientia
2339 5530 2459 5597 ejus
2503 5539 2755 5599 tanquam
2816 5531 3062 5585 habitum
3107 5539 3164 5584 et
3195 5528 3446 5582 inessen-

1866 5625 2046 5679 tiale.»
2072 5623 2152 5678 Ad
2189 5624 2302 5678 lucc
2324 5622 2592 5692 Gregoras
2622 5635 2682 5678 ut
2718 5625 2904 5678 divino
2937 5624 3166 5678 numine
3204 5619 3450 5673 adﬂatus

1863 5719 2220 5772 exclamavit:
2266 5716 2485 5770 «Nonne
2525 5732 2714 5770 omnes
2763 5715 3111 5784 auditis,qui
3157 5726 3297 5766 vera:
3325 5708 3441 5763 for-

1866 5809 2024 5862 μιαί-ιι
2069 5809 2189 5862 ίίιίυί
2230 5808 2362 5860 estis
2403 5807 2656 5874 studiosi,
2686 5825 2810 5862 cum
2846 5816 3029 5878 apt-rte
3062 5805 3248 5859 tollere
3284 5802 3433 5872 pium
