4046 6290
185 375 278 440 989

1183 377 1626 440 ΒΥΖΑΝΤῘΝᾹΞ
1674 374 2055 433 HISTORIE
2091 375 2226 441 LIB.
2262 380 2442 440 XXX.

3309 390 3414 451 230

190 492 341 558 μένης
370 490 582 556 σοφίας,
617 491 675 543 ἐν
761 490 828 544 τά
863 491 1040 545 πάντα
1075 493 1294 560 ἐγένετο
1326 495 1421 545 καὶ
1450 493 1736 562 διεκοσμή‹

1849 497 1974 542 nata
1994 493 2138 545 sunt.
2159 481 2414 548 Christus
2439 495 2582 549 enim
2609 506 2691 551 est
2712 496 2806 552 Dei
2828 498 2909 552 vis
2929 509 2986 554 et
3014 499 3107 555 Dei
3127 502 3418 570 sapientia.

186 581 264 647 θη.
292 580 517 647 Χριστὸς
542 580 652 650 γάρ
687 581 823 634 Θεοῦ
855 583 1082 649 δύναμις
1111 587 1207 638 καὶ
1239 584 1374 638 Θεοῦ
1407 588 1586 651 σοφία.
1626 586 1735 637 Καὶ

185 671 328 722 πάλιν
367 673 521 740 σοφία
571 672 662 724 τοῦ
715 673 848 726 Θεοῦ
882 677 977 727 καὶ
1031 672 1246 747 [ἰατρὸς
1295 679 1442 730 κατὰ
1470 679 1561 730 τὸν
1590 678 1734 730 θεῖον

185 762 414 829 Μάξιμον
437 762 528 814 καὶ
557 765 822 834 φρόνησις
853 771 880 819 6
911 766 1116 836 Κύριος
1160 769 1318 837 ἡμῶν
1341 773 1495 822 ἐστιν
1525 770 1734 840 Ἰησοῦς

183 855 417 915 Χριστὸς,
447 857 473 906 6
506 856 600 907 καὶ
655 858 720 909 τὰ
752 858 983 911 καθόλου
1022 861 1133 913 τῶν
1182 861 1353 913 ὅντων
1388 862 1628 930 συνέχων
1667 865 1731 931 τῇ

184 948 387 1013 δυνάμει
423 947 522 1014 τῆς
575 949 762 1016 σοφίας
792 953 885 1003 καὶ
937 952 1008 1005 τὰ
1043 953 1481 1024 συμπληρωτικὰ
1525 955 1734 1006 τούτων

190 1040 310 1107 μέρη
346 1041 614 1109 περιέχων
642 1044 707 1112 τῇ
739 1044 1002 1113 φρονήσει
1025 1045 1124 1113 τῆς
1160 1047 1449 1111 συνέσεως,
1479 1048 1554 1110 ὡς
1594 1049 1734 1101 πάν·

188 1148 278 1180 των
301 1131 453 1195 φύσει
500 1131 829 1202 δημιουργὸς
887 1137 983 1188 καὶ
1030 1139 1360 1208 προνοητὴς,
1421 1143 1513 1194 καὶ
1563 1143 1645 1203 είς
1675 1141 1733 1194 ἓν

136 1259 140 1264 -
185 1226 312 1291 ἄγων
345 1225 410 1276 τὰ
457 1225 724 1280 διεστῶτα
772 1230 840 1280 δι’
891 1230 1112 1284 ἑαυτοῦ.
1170 1233 1280 1286 Καὶ
1320 1235 1346 1284 6
1375 1236 1734 1306 Δαμασκηνός

187 1333 329 1382 φησιν
361 1315 612 1386 Ἰωάννης
639 1319 860 1386 ὁμοίως,
880 1321 962 1373 ὅτι
983 1323 1083 1374 οὐκ
1111 1322 1226 1375 ἔστι
1249 1323 1326 1391 τῷ
1360 1324 1533 1394 “arpi.
1555 1326 1730 1393 λόγος,

186 1409 324 1473 σοφία
350 1447 361 1465 .
399 1406 648 1477 δύναμις,
685 1411 902 1479 θέλησις
955 1416 1002 1464 εἰ
1067 1413 1140 1484 μὴ
1179 1416 1206 1466 ὁ
1229 1415 1378 1479 Υἱὸς,
1429 1419 1488 1477 ὃς
1516 1420 1659 1472 ἐστιν
1696 1422 1729 1489 ἡ

186 1499 303 1565 μόνη
333 1498 556 1568 δύναμις
581 1501 677 1552 τοῦ
712 1502 924 1571 Πατρὸς
942 1507 971 1566 ἡ
1000 1509 1452 1579 προκαταρκτικὴ
1477 1511 1577 1577 τῆς
1599 1509 1734 1562 πάν-

179 1607 274 1641 των
300 1592 585 1660 ποιήσεως.
640 1594 748 1645 Καὶ
807 1597 1003 1664 μυρίας
1056 1597 1170 1666 ἔχοι
1205 1615 1290 1661 τις
1319 1600 1384 1651 ἂν
1427 1602 1733 1671 μαρτυρίας

180 1681 422 1747 προάγειν
454 1683 617 1734 ταυτὶ
676 1686 1025 1744 συνιστάσας.
1075 1687 1185 1739 Καὶ
1243 1687 1460 1756 πρῶτον
1516 1688 1613 1754 μὲν
1669 1688 1730 1756 δὴ

179 1773 418 1823 σκεπτέον
441 1771 511 1824 ἂν
541 1771 626 1840 εἴη
661 1774 830 1835 τουτὶ,
880 1775 1134 1845 δεύτερον
1166 1776 1221 1829 δὲ
1254 1779 1368 1835 πῶς
1404 1777 1499 1830 καὶ
1527 1780 1555 1829 6
1584 1778 1729 1840 θεῖος
1759 1819 1804 1879 Β

181 1860 511 1879 ...νηνλ
713 1867 734 1879 .
834 1865 1097 1879 -.η.
1195 1867 1319 1879 .-
1524 1870 1576 1879 -.

181 1860 402 1928 Μάξιμος
421 1865 539 1923 τοῖς
562 1867 765 1926 κοινοῖς
799 1865 894 1934 τῆς
947 1866 1276 1935 Ἑκκλησίας
1297 1867 1492 1921 ἕπεται
1521 1870 1729 1939 δόγμα-

179 1969 270 2014 σιν,
299 1955 344 2005 εί
371 1953 441 2022 μή
497 1972 578 2016 τις
609 1955 842 2009 ἐνταῦθα
883 1957 1314 2027 παρεξηγεῖσθαι
1366 1960 1626 2030 βιάζοιτο,
1664 1962 1725 2014 Ἦ

177 2047 271 2114 γὰρ
296 2046 548 2116 διαστολὴ
575 2047 684 2101 τῶν
718 2049 1030 2119 συνδέσμων
1051 2050 1285 2104 ἐνταῦθα
1315 2052 1375 2104 οὐ
1401 2052 1490 2105 τὸν
1511 2054 1730 2123 Πατέρα

178 2137 372 2190 καὶτὸν
412 2139 544 2192 Υίὸν
589 2141 918 2205 διαστέλλει,
972 2143 1089 2195 ἀλλ’
1144 2146 1208 2196 ὲκ
1267 2145 1379 2198 τῶν
1414 2146 1729 2215 κτισμάτων

181 2230 390 2297 μάλιστα
441 2233 540 2284 τὸν
569 2232 702 2284 Θεὸν
753 2233 1013 2304 διαιρῶν,
1069 2237 1605 2306 συμπαραλαμϐάνει
1637 2238 1732 2292 καὶ

179 2323 414 2376 συνάπτει
435 2323 503 2388 [Γ.
538 2324 640 2377 150
667 2324 738 2396 r.]
778 2326 952 2394 τούτῳ
983 2328 1076 2378 καὶ
1104 2326 1196 2380 τὸν
1223 2327 1352 2378 Υίὸν
1384 2329 1462 2389 είς
1494 2329 1592 2398 τὴν
1620 2329 1731 2382 τῶν

177 2417 469 2484 κτισμάτων
516 2418 742 2483 γνῶσιν,
776 2418 864 2470 ἵνα
918 2418 992 2487 μὴ
1021 2417 1148 2488 δόξῃ
1198 2418 1454 2487 χωρίζειν
1483 2419 1510 2469 ὁ
1539 2421 1731 2490 Πατὴρ

175 2505 256 2558 τὸν
283 2507 402 2561 Υίὸν
431 2510 632 2563 ἑαυτοῦ
661 2511 720 2562 ὲν
749 2514 813 2579 τῇ
847 2511 1054 2564 τούτων
1092 2509 1314 2578 γνώσει,
1350 2512 1418 2564 δι’
1455 2507 1515 2565 οὗ
1541 2513 1634 2565 καὶ
1672 2515 1731 2566 ὲν

174 2587 212 2660 ᾧ
238 2599 534 2667 πεποίηκεν
567 2596 782 2651 ἅπαντα
806 2597 1002 2651 ταῦτα.
1039 2596 1147 2650 Καὶ
1193 2600 1302 2666 γὰρ
1328 2601 1421 2652 καὶ
1452 2600 1540 2652 ὅτε
1594 2601 1732 2666 φησὶ

175 2684 253 2737 τὸν
287 2684 412 2738 Θεὸν
435 2689 460 2739 6
483 2684 647 2752 ἅγιος
680 2687 972 2753 γινώσκειν
1010 2685 1200 2737 ἑαυτὸν
1231 2686 1293 2737 ἐκ
1323 2685 1424 2753 τῆς
1451 2688 1732 2756 μακαρίας

175 2775 343 2838 οὐσίας
366 2776 560 2838 αὑτοῦ,
593 2776 692 2829 οὐκ
723 2777 1022 2844 ἀποστερεῖ
1063 2775 1155 2828 τὸν
1189 2775 1318 2828 Υίὸν
1345 2776 1445 2847 τῆς
1473 2777 1733 2847 τοιαύτης

178 2866 426 2933 γνώσεως.
462 2868 596 2929 Πῶς
625 2869 754 2936 γὰρ,
791 2868 1078 2935 όμοούσιον
1111 2867 1242 2920 ὄντα
1265 2885 1326 2920 τε
1370 2869 1462 2920 καὶ
1496 2869 1597 2937 τὴν
1635 2870 1733 2922 αὐ-

179 2962 262 3024 τὴν
289 2961 358 3032 τῷ
392 2963 574 3030 Πατρὶ
626 2963 828 3029 γνῶσιν
881 2962 1095 3032 ἔχοντα,
1141 2963 1216 3025 ὼς
1269 2963 1362 3016 καὶ
1409 2964 1572 3027 αὐτὸς
1604 2963 1733 3035 περὶ

184 3054 354 3108 ἑαυτοῦ
402 3057 684 3126 μαρτυρεῖ
734 3056 928 3123 λέγων,
1002 3074 1021 3106 ι
1055 3054 1254 3115 Καθὼς
1290 3055 1549 3124 γινώσκει
1609 3057 1734 3123 μεό

1840 580 1904 632 Et
1935 598 2130 636 rursus
2170 587 2440 654 sapientia
2480 589 2570 642 Dei
2615 599 2670 643 et
2721 590 2900 646 Patris
2942 594 3250 647 secundum
3277 597 3419 650 divi-

1838 688 1968 725 num
2006 673 2297 728 Maximum
2334 678 2624 732 consilium
2678 697 2894 750 quoque
2935 683 3198 738 Dominus
3230 696 3421 739 noster

1836 773 1920 817 e’st
1952 765 2109 819 .Iesus
2139 766 2417 833 Christus,
2455 771 2546 838 qui
2597 772 2762 826 etiam
2812 773 3069 830 universa
3123 791 3245 844 quae
3287 787 3417 831 sunt

1836 857 2085 911 continet
2124 859 2172 910 vi
2208 861 2588 928 sapientia:,et
2633 864 3022 933 completorias
3053 876 3237 935 partes
3270 883 3420 922 com~

1837 947 2096 1016 plectitur
2126 953 2357 1005 consilio
2393 958 2593 1008 mentis
2619 965 2676 1008 ut
2706 961 2946 1010 omnium
2971 973 3000 1011 a
3036 969 3228 1012 natura
3264 977 3418 1012 erea-

1837 1051 1924 1094 tor
1981 1045 2388 1111 prtemeditans,
2423 1049 2559 1101 etin
2619 1066 2785 1102 unum
2836 1051 3113 1104 contrahit
3158 1052 3415 1105 distantia

1835 1147 1934 1200 per
1967 1148 2046 1187 se.
2128 1136 2195 1188 Et
2254 1137 2511 1190 similiter
2566 1137 2644 1192 ait
2696 1138 2938 1193 Joannes
3003 1129 3409 1193 Damascenns:

1835 1222 1993 1279 Nulla
2026 1233 2109 1279 est
2142 1225 2283 1279 Patri
2316 1229 2514 1288 oratio,
2547 1228 2838 1296 sapientia,
2869 1229 2974 1294 vis,
3014 1231 3282 1291 voluntas,
3311 1230 3413 1282 nisi

1836 1314 2040 1369 Filius:
2075 1317 2168 1386 qui
2203 1319 2427 1386 quidem
2462 1321 2574 1373 sola
2618 1330 2702 1374 est
2735 1321 2813 1375 vis
2847 1320 3026 1375 Patris
3075 1321 3412 1374 creationem

1834 1407 2080 1460 omnium
2113 1423 2446 1476 praeparans.
2483 1411 2662 1479 Atque
2701 1422 2962 1465 sexcenta
3016 1419 3248 1480 possunt
3291 1427 3416 1479 pro-

1834 1496 1965 1551 ferri
2019 1500 2330 1554 testimonia
2362 1517 2484 1570 qum
2535 1502 2650 1556 haec
2699 1502 3047 1558 conﬁrment.
3078 1502 3146 1555 Et
3174 1503 3411 1572 primum

1833 1590 2055 1659 quidem
2086 1591 2188 1645 hoc
2208 1593 2568 1660 spectandum
2594 1601 2678 1649 est
2701 1634 2716 1660 ,
2747 1595 2945 1650 deinde
2970 1596 3134 1649 etiam
3161 1595 3409 1651 divinum

1833 1680 2127 1736 Maximum
2153 1683 2314 1752 sequi
2349 1685 2663 1739 connnunia
2715 1686 2971 1742 Ecclesiae
2995 1688 3270 1757 dogmata,
3303 1688 3413 1742 nisi

1833 1769 1956 1838 quis
1985 1769 2076 1824 hic
2103 1771 2241 1825 falso
2275 1774 2621 1842 interpretari
2647 1776 2928 1842 studeret;
2955 1775 3238 1831 distinctio
3265 1776 3408 1830 enim

1833 1861 2285 1931 conjunctionum
2326 1865 2421 1920 hic
2459 1881 2568 1920 non
2619 1867 2836 1921 Patrem
2875 1878 2932 1923 et
2963 1867 3160 1922 Filium
3213 1868 3414 1923 distin-

1832 1953 1971 2021 guit,
2002 1954 2098 2007 sed
2141 1970 2170 2008 e
2199 1958 2402 2009 creatis
2435 1959 2672 2012 maxime
2708 1957 2877 2012 Deum
2927 1974 3223 2014 secernens
3261 1975 3412 2012 com-

1834 2045 2126 2110 prehendit
2158 2059 2214 2102 et
2245 2050 2530 2118 conjungit
2567 2049 2701 2103 huic
2735 2052 2901 2104 etiam
2929 2050 3131 2106 Filium
3167 2051 3220 2104 in
3250 2067 3412 2106 crea-

1834 2141 2014 2188 torum
2074 2138 2388 2206 cognitione
2452 2153 2519 2192 ne
2586 2140 2842 2194 videatur
2905 2156 3188 2194 removere
3244 2142 3405 2196 Pater

1833 2225 2030 2280 Filium
2065 2243 2095 2282 a
2126 2244 2185 2284 se
2229 2230 2282 2283 in
2314 2231 2508 2284 horum
2551 2232 2903 2300 cognitione,
2937 2247 3032 2300 per
3069 2248 3232 2302 quem
3266 2243 3321 2286 et
3354 2234 3408 2288 in

1833 2335 1944 2388 quo
1997 2319 2131 2376 fecit
2190 2323 2301 2378 haec
2354 2327 2559 2380 omnia.
2627 2327 2844 2382 Etenim
2900 2330 3066 2382 etiam
3117 2344 3240 2382 cum
3274 2329 3411 2383 dicit

1837 2413 2006 2466 Deum
2039 2428 2264 2470 sanctus
2295 2431 2630 2487 cognoscere
2664 2434 2723 2474 se
2756 2437 2821 2475 ex
2853 2422 3088 2476 essentia
3108 2437 3203 2476 sua
3226 2425 3409 2487 beata,

1831 2504 1997 2576 323
2015 2523 2120 2561 non
2147 2510 2648 2578 privatFiliumgtali
2667 2495 3005 2582 cognitione:
3035 2515 3291 2583 quienim
3313 2531 3409 2584 po-

1835 2604 1939 2649 test
1953 2600 2201 2668 eum,qui
2225 2601 2412 2654 eadem
2431 2603 2503 2654 sit
2517 2603 2755 2657 essentia
2773 2614 2827 2659 et
2841 2605 3089 2659 eamdem
3105 2623 3228 2661 cum
3249 2608 3408 2662 Patre

1833 2687 2032 2742 habeat
2069 2693 2485 2760 cognitionem?
2511 2704 2571 2748 ut
2604 2697 2768 2749 etiam
2801 2697 2918 2765 ipse
2949 2697 3017 2752 de
3051 2713 3108 2752 se
3137 2709 3404 2765 testatur,

1833 2779 2044 2845 dicens,
2072 2801 2090 2834 ι
2131 2784 2200 2838 Ut
2229 2786 2509 2853 cognoscit
2542 2802 2627 2842 me
2664 2788 2860 2852 Pater,
2909 2803 3010 2858 ego
3050 2807 3267 2860 quoque
3309 2794 3411 2846 Pa-

1835 2877 1974 2926 trem
1997 2887 2270 2941 cognosco
2294 2883 2446 2937 pet:
2478 2875 2712 2942 t0.nnia,
2743 2893 2864 2946 qure
2892 2878 3059 2934 habet
3079 2881 3256 2946 Pater,
3290 2899 3409 2938 mea

1835 2972 1964 3016 sunt
1989 2981 2004 3025 ;
2030 2981 2048 3014 ι
2067 2973 2152 3018 et:
2187 2967 2332 3034 «Ego
2361 2977 2418 3022 et
2443 2968 2604 3023 Pater
2639 2985 2808 3022 unum
2836 2985 3083 3028 sumus.)
3114 2972 3406 3042 Propterea

1837 3052 1914 3108 ibi
1947 3055 2170 3124 quidem
2203 3056 2259 3111 in
2291 3058 2387 3112 Dei
2417 3060 2735 3128 cognitione
2768 3069 2992 3131 propter
3022 3067 3326 3120 naturalem
3355 3079 3410 3121 et

184 3146 365 3216 Πατὴρ,
398 3148 556 3214 κάγὼ
584 3147 838 3213 γινώσκω
871 3148 963 3199 τὸν
992 3146 1229 3215 Πατέρα.
1272 3165 1289 3196 ι
1322 3148 1450 3207 Καὶ,
1490 3165 1509 3198 ι
1549 3147 1733 3200 Πάντα

1838 3148 2186 3204 essentialem
2223 3150 2644 3206 similitudinem
2682 3153 2860 3209 Patris
2896 3165 2950 3211 et
2987 3157 3106 3211 Filii
3134 3175 3241 3212 non
3273 3177 3412 3229 opus

184 3239 266 3291 ὅσα
282 3240 385 3309 ἔχει
409 3240 438 3292 6
465 3241 656 3309 Πατὴρ
687 3239 794 3308 ὲμά
817 3243 956 3291 ἐστι’
986 3257 1002 3289 ι
1033 3239 1127 3291 καὶ
1163 3237 1336 3305 «Ἐγὼ
1364 3239 1456 3290 καὶ
1491 3240 1517 3291 6
1544 3239 1734 3309 Πατὴρ

184 3331 232 3383 ἓν
257 3337 433 3401 ἐσμεν.
476 3351 496 3385 ι
535 3335 640 3384 Διὰ
668 3331 826 3384 τοῦτο
858 3333 973 3384 ἐκεῖ
1000 3331 1096 3400 μὲν
1129 3333 1184 3383 ἒν
1209 3333 1275 3402 τῇ
1308 3330 1402 3384 τοῦ
1429 3330 1564 3384 Θεοῦ
1594 3331 1737 3399 γνώ-

189 3439 257 3476 σει
277 3427 357 3479 διά
377 3426 477 3495 τὴν
507 3425 749 3494 φυσικὴν
777 3424 872 3478 καὶ
900 3421 1130 3490 οὐσιώδη
1163 3421 1470 3490 ταυτότητα
1495 3421 1587 3474 τοῦ
1621 3423 1736 3474 Πα-

185 3515 294 3585 τρὸς
336 3517 428 3568 καὶ
463 3514 560 3567 τοῦ
604 3513 734 3566 Υίοῦ
792 3511 1330 3582 πολυπραγμοσύνης
1379 3513 1480 3565 οὐκ
1537 3512 1732 3583 ἐδεήθη

186 3605 308 3667 τινός
329 3623 342 3635 ·
373 3604 430 3657 ἓν
452 3605 507 3657 δὲ
531 3607 603 3675 τῇ
634 3605 770 3674 πρὸς
797 3603 864 3654 τὰ
882 3603 1158 3670 κτίσματα
1185 3601 1385 3668 γνώσει
1423 3617 1735 3670 συμπαρει-

187 3696 323 3767 λὴφει
364 3699 461 3752 καὶ¹
498 3697 606 3766 τὴν
633 3695 824 3763 σοφίαν
848 3695 876 3746 ὀ
905 3693 1044 3752 θεῖος
1068 3686 1222 3756 οὗτος
1250 3690 1496 3760 Μάξιμος
1519 3734 1534 3758 ,
1573 3692 1641 3745 δι’
1668 3688 1736 3764 ἦς

191 3787 264 3841 καὶ
287 3791 341 3841 ἐν
431 3790 592 3842 ταυτὶ
614 3788 914 3855 πεποίηκεν
949 3785 1185 3848 ἅπαντα,
1220 3785 1524 3851 ἀναγκαίας
1569 3783 1736 3855 οὔσης

189 3883 268 3950 τῆς
295 3883 548 3952 τοιαύτης
588 3878 823 3932 ἐνταῦθα
861 3881 1084 3948 μνήμης
1121 3876 1210 3928 διὰ
1245 3877 1344 3940 τὰς
1385 3876 1733 3938 ὑποστάσεις,

191 3977 355 4049 ὥσπερ
389 3979 506 4029 ἐκεῖ
564 3973 666 4042 τῆς
695 3971 906 4038 σιωπῆς
955 3971 1041 4023 διὰ
1093 3969 1153 4022 τὸ
1193 3970 1358 4021 πᾶσιν
1394 3969 1736 4037 ἐγνωσμένον

191 4069 432 4138 ὑπάρχειν
464 4068 525 4119 τὸ
562 4065 660 4133 τῆς
700 4063 885 4123 οὐσίας
919 4060 1048 4114 Υίοῦ
1077 4061 1173 4113 καὶ
1195 4059 1410 4130 Πατρὸς
1435 4059 1738 4128 ἀδιαίρετον

192 4162 270 4212 xz‘t
295 4163 506 4214 ταυτόν.
563 4156 989 4225 Ἐναργέστερον
1028 4153 1069 4206 δ’
1111 4154 1258 4221 ὅμως
1298 4151 1378 4204 ἔτι
1414 4153 1506 4204 καὶ
1540 4155 1567 4203 ό
1595 4151 1735 4212 θεῖος

190 4251 319 4312 οὗτος
350 4253 606 4322 Μάξιμος
650 4249 890 4302 δείκνυσι
925 4246 1150 4315 προῖὼν,
1207 4245 1311 4296 καὶ·
1348 4242 1447 4311 τῆς
1481 4241 1733 4312 τεχνικῆς

193 4345 412 4396 ἐνταυθοῖ
435 4341 786 4412 μεμνημένος
804 4341 1014 4405 σοφίας,
1032 4337 1103 4406 μή
1124 4353 1208 4398 τις
1229 4335 1287 4400 ἐξ
1303 4333 1544 4404 ἀμαθίας
1563 4334 1738 4385 ότεωσ-

193 4439 304 4488 ποτε
335 4435 632 4505 πλανηθεὶς
677 4432 885 4483 ἐκεῖθεν
918 4428 1240 4496 ὲξολισθὴσῃ
1284 4426 1419 4495 πρὸς
1459 4424 1734 4486 δυσσεϐεῖς

194 4529 483 4596 λογισμοὺς,
515 4524 615 4579 καί⁵
666 4523 786 4575 ἀντὶ
825 4521 922 4588 τῆς
967 4519 1140 4581 ὄντως
1181 4518 1370 4584 σοφίας
1403 4517 1502 4585 τὴν
1535 4518 1590 4568 ὲν
1624 4517 1736 4576 τοῖς

195 4620 429 4686 κτίσμασι
446 4615 702 4686 τεχνικὴν
716 4613 919 4682 δοξάσῃ
938 4613 1151 4679 σοφίαν,
1168 4608 1420 4677 καθάπερ
1439 4609 1532 4659 καὶ
1553 4606 1740 4659 οὑτοσὶ

199 4707 438 4776 “alapa;
481 4699 918 4776 βεϐλασφήμηκέ
943 4716 1000 4752 τε
1026 4697 1294 4767 πρότερον
1321 4695 1608 4759 πολλάκις,
1644 4695 1739 4745 καὶ

196 4799 276 4850 νῦν
296 4797 438 4861 αὖθις
461 4799 546 4867 ἐφ’
566 4796 724 4866 ἡμῶν
746 4793 847 4845 οὐκ
868 4792 1094 4844 αἰδεῖται
1112 4787 1330 4856 τολμῶν
1349 4789 1418 4840 τὰ
1433 4786 1736 4855 ἁτόλμητα.

195 4886 316 4954 Φησὶ
337 4890 439 4955 γάρ
458 4887 688 4938 κατόπιν
718 4881 793 4942 ὼς
822 4882 855 4948 ὴ
877 4877 1072 4946 λογικὴ
1085 4877 1178 4928 καὶ
1197 4876 1360 4943 νοερά
1389 4874 1549 4941 φύσις
1578 4871 1741 4939 γινώ-

198 4995 300 5030 σκει
328 4979 391 5032 τὰ
419 4981 693 5045 κτίσματα
718 4971 988 5043 ἀναλήψει
1016 4970 1117 5034 τῆς
1140 4971 1200 5020 ὲν
1225 4970 1408 5030 αὐτοῖς
1430 4964 1742 5035 θεωρουμέ-

195 5088 277 5140 νης
313 5073 562 5140 τεχνικῆς
609 5071 802 5136 σοφίας
836 5069 931 5119 καὶ
960 5062 1158 5131 γνώσει
1198 5061 1308 5113 τῶν
1338 5064 1395 5112 ἐν
1427 5060 1610 5122 αὐτοῖς
1641 5073 1742 5126 φυ-

199 5163 344 5214 σικῶν
389 5163 558 5230 λόγων
612 5160 769 5228 ἤτινα
822 5156 884 5225 δὴ
922 5154 1179 5223 τεχνικὴν
1235 5151 1427 5217 σοφίαν
1479 5163 1742 5218 παρακαο

197 5256 310 5304 τ.ὼν
336 5253 484 5315 αὖθις
512 5253 675 5312 αὐτὸς
710 5248 872 5318 ψιλὴν
915 5245 1006 5297 καὶ
1039 5242 1416 5297 ἀνυπόστατον
1456 5242 1515 5293 ἐν
1544 5239 1623 5308 τῷ
1663 5239 1740 5309 νῷ

201 5346 579 5413 συνισταμένην
612 5342 797 5409 φησὶν,
824 5336 1022 5389 οὑτωσὶ
1049 5333 1190 5386 κατὰ
1218 5333 1360 5398 λέξιν
1383 5331 1739 5400 διαγορεύων,

198 5437 267 5486 ὅτι
297 5443 358 5487 τα
413 5436 515 5487 ὑπὸ
550 5435 682 5485 Θεοῦ
715 5431 976 5498 γεγονότα
1032 5427 1291 5496 γινώσκει
1345 5424 1438 5477 τὸν
1495 5424 1628 5476 Θεὸν
1674 5427 1740 5493 τῇ

200 5527 461 5597 ἁναλῂψει,
487 5527 563 5589 ὡς
597 5527 826 5595 εἴρηται,
857 5523 955 5592 τῆς
991 5523 1047 5574 ὲν
1078 5524 1189 5582 τοῖς
1223 5519 1471 5586 γεγονόσι
1503 5518 1742 5586 θεωρου-

205 5622 350 5692 μένης
392 5624 648 5692 τεχνικῆς
697 5621 912 5689 σοφίας,
941 5620 1062 5689 ἥτις
1098 5619 1216 5670 ἐπὶ
1244 5615 1375 5684 ψιλὴ
1410 5617 1505 5668 καὶ
1536 5614 1742 5667 ἀνυπό-

207 5731 372 5777 στατος
429 5719 486 5768 ὲν
538 5716 616 5784 τῷ
663 5714 1083 5782 νσυνισταμένη.
1141 5712 1246 5762 Καὶ
1297 5708 1528 5776 ἀλλαχοῦ
1579 5708 1742 5760 πάλιν

207 5807 382 5871 αὐτὸς(
408 5809 518 5862 Οὐκ
554 5811 619 5861 ἐκ
655 5810 744 5877 τῆς
782 5805 988 5871 οὐσίας,
1019 5806 1173 5873 φησὶ,
1208 5803 1296 5854 τὸν
1329 5803 1458 5853 Θεὸν
1485 5800 1747 5868 γινώσκο-

1839 3235 1943 3290 fuit
1981 3237 2090 3292 ulla
2123 3238 2445 3293 curiositate
2472 3257 2486 3305 ;
2539 3242 2594 3296 in
2616 3245 2927 3312 cognitione
2955 3256 3161 3311 autem,
3192 3266 3311 3318 qtne
3347 3254 3400 3305 in

1839 3331 2041 3386 creatis
2065 3342 2325 3386 versatur
2345 3335 2768 3403 comprehendit
2795 3337 2959 3392 etiam
2984 3340 3310 3409 sapientiam
3331 3346 3382 3399 di
3397 3377 3414 3387 -

1837 3421 2001 3477 vinus
2021 3423 2109 3477 hic
2132 3425 2420 3492 Maximus,
2445 3441 2551 3496 qua
2577 3437 2629 3482 et
2662 3428 2716 3482 in
2751 3445 2856 3499 qua
2889 3431 3005 3486 lucc
3033 3431 3162 3488 fecit
3189 3438 3412 3503 omnia;

1839 3527 1961 3568 cum
1989 3519 2299 3571 necessaria
2325 3527 2470 3572 esset
2500 3519 2593 3574 tali
2623 3520 2712 3575 hic
2738 3527 3264 3583 commemoratione
3287 3545 3415 3599 pro—

1839 3617 1962 3676 pter
2005 3608 2364 3673 substantias,
2409 3618 2468 3663 ut
2495 3610 2568 3664 ibi
2602 3611 2826 3667 silentio
2865 3615 2994 3684 quia
3017 3617 3275 3672 omnibus
3315 3635 3414 3674 no-

1841 3709 1953 3753 tum
1981 3709 2084 3761 est,
2123 3715 2242 3754 esse
2272 3701 2570 3754 essentiam
2609 3701 2732 3755 Filii
2763 3714 2818 3758 et
2850 3707 3030 3761 Patris
3055 3708 3410 3763 iudiscretam

1837 3801 1893 3844 et
1922 3793 2190 3844 eamdem.
2216 3790 2433 3845 Clarius
2485 3805 2616 3846 vero
2651 3793 2816 3847 etiam
2863 3795 3083 3850 divinus
3116 3797 3205 3852 hic
3240 3801 3412 3855 Illuxi-

1839 3896 1961 3935 mus
2011 3882 2352 3935 demonstrat
2415 3883 2768 3954 progrediens
2825 3899 2949 3938 cum
3007 3889 3173 3940 etiam
3238 3891 3414 3944 artifi-

1838 3974 2000 4031 ciosze
2053 3974 2166 4026 iliic
2197 3973 2532 4028 mentionem
2585 3974 2750 4028 faciat
2803 3977 3123 4045 sapientize:
3176 3995 3243 4033 ne
3287 3984 3414 4049 quis

1840 4062 2170 4132 ignorantia,
2195 4071 2252 4115 ut
2273 4063 2386 4117 fieri
2414 4064 2570 4121 solet.
2605 4080 2798 4118 errans
2827 4066 2955 4119 inde
2985 4067 3188 4122 incidat
3213 4069 3265 4121 in
3305 4072 3408 4123 im-

1841 4155 1956 4223 pias
1995 4154 2436 4210 ratiocinationes
2466 4164 2522 4209 et
2555 4171 2652 4225 pro
2681 4172 2807 4210 vera
2847 4159 3114 4226 sapientia
3149 4162 3410 4215 artiﬁc;o-

1839 4263 1952 4303 sam
1989 4248 2134 4301 illam
2171 4264 2292 4317 quae
2322 4258 2406 4302 est
2454 4249 2508 4302 in
2537 4249 2738 4304 creatis
2773 4251 3031 4320 opinetur
3060 4254 3406 4321 sapientiam,

1841 4351 1898 4394 ut
1926 4342 2090 4395 etiam
2121 4341 2366 4394 Palamas
2394 4341 2482 4394 hic
2516 4350 2572 4394 et
2601 4341 2941 4396 ronviciatus
2989 4353 3073 4396 est
3093 4346 3203 4412 jam
3234 4356 3398 4399 antea

1842 4448 2009 4502 saepe,
2049 4443 2105 4486 et
2139 4448 2290 4487 nunc
2322 4448 2514 4486 rursus
2547 4432 2599 4485 in
2630 4431 2790 4485 nobis
2818 4447 2927 4484 non
2957 4432 3120 4500 pudet
3152 4449 3277 4488 eum
3310 4451 3407 4487 an-

1842 4525 1972 4579 dere
2017 4525 2230 4578 illillha.
2287 4523 2377 4577 Ait
2430 4523 2578 4576 enim
2634 4533 2790 4590 post:
2838 4522 3072 4576 Ratione
3127 4533 3184 4577 et
3229 4535 3412 4581 mente

1844 4615 2074 4686 praedita
2123 4624 2320 4668 natura
2369 4613 2649 4681 cognoscit
2690 4623 2872 4667 creata
2917 4615 3410 4682 comprehensione

1843 4706 2236 4760 animadversa:
2275 4706 2328 4758 in
2377 4705 2443 4759 iis
2493 4705 2798 4760 artificiosa:
2848 4707 3131 4774 sapientiae
3161 4707 3327 4777 329
3353 4720 3407 4763 et

1842 4799 2156 4868 cognitione
2187 4798 2519 4851 naturalium
2552 4812 2672 4870 qua:
2728 4798 2780 4849 in
2835 4796 2903 4851 iis
2936 4808 3064 4851 sunt
3092 4801 3364 4852 rationum
3397 4819 3408 4852 :

1843 4906 2006 4961 quam
2038 4890 2260 4959 quidem
2317 4890 2637 4958 sapientiam
2693 4889 3041 4944 artificiosam
3093 4891 3254 4957 paulo
3291 4905 3414 4959 post

1845 4995 2041 5035 rursus
2086 4979 2204 5048 ipse
2258 4989 2480 5031 tenuem
2536 4988 2588 5032 et
2646 4979 2965 5033 substantia:
3019 4992 3302 5048 expertem
3355 4983 3412 5036 in

1846 5080 2030 5126 mente
2075 5069 2434 5138 compositam
2484 5067 2642 5134 dicit,
2705 5069 2809 5122 hoc
2853 5073 3014 5124 modo
3054 5056 3128 5124 'ad
3183 5075 3412 5129 verbum

1846 5171 2128 5216 statuens:
2183 5175 2307 5230 qua:
2338 5175 2366 5213 a
2398 5161 2510 5213 Deo
2563 5158 2704 5214 facta
2738 5159 2849 5212 sint
2872 5175 3204 5230 cognoscere
3239 5163 3406 5218 Deum

1847 5254 2361 5321 comprehensione,
2395 5251 2661 5304 utdictum
2723 5259 2827 5312 est,
2853 5251 3242 5309 anitnadvcrsze
3265 5257 3315 5309 in
3344 5259 3410 5313 iis

1847 5357 1968 5411 qua:
1997 5340 2140 5394 facta
2175 5350 2308 5394 sunt
2341 5340 2652 5393 artificiosa
2683 5339 2997 5406 sapientize,
3041 5356 3162 5409 qua:
3191 5346 3408 5411 quidem

1845 5443 1929 5488 est
1977 5432 2154 5485 tenuis
2184 5441 2238 5486 et
2273 5431 2586 5485 substantia:
2633 5445 2828 5496 expers
2877 5430 2930 5482 in
2977 5441 3159 5486 mente
3193 5449 3415 5502 compo-

1847 5523 1970 5577 sita.
1991 5523 2057 5575 Et
2079 5521 2206 5575 alibi
2238 5537 2429 5575 rursus
2462 5521 2635 5574 idem:
2665 5519 2809 5574 «Non
2844 5536 2908 5574 ex
2935 5525 3190 5581 essentia.
3217 5526 3417 5594 inquit,

1849 5615 2019 5670 Deum
2052 5616 2455 5686 cognoscimus,
2491 5615 2584 5668 sed
2632 5629 2660 5666 e
2693 5616 3097 5687 magniﬁcentia
3150 5627 3205 5669 et
3234 5619 3416 5684 provi-

1850 5707 2032 5760 dentia
2069 5721 2273 5760 rerum.
2323 5706 2396 5758 Ex
2428 5707 2509 5758 his
2535 5707 2680 5760 enim
2717 5719 2774 5758 ut
2809 5723 2837 5761 e
2872 5707 3110 5776 speculis
3151 5704 3418 5757 inlinitam

1848 5800 2145 5854 bonitatem
2171 5807 2226 5853 et
2256 5799 2574 5868 sapientiam
2602 5812 2655 5854 ct
2686 5805 2790 5854 vim
2833 5799 3234 5866 intelligimus.»
3301 5796 3425 5853 Haec
