4046 6290
597 341 700 407 201

1815 329 2200 391 NICEPIIOII

2313 332 2318 380 '.
2337 327 2480 386 liEG
2490 326 2660 385 011.15
3743 322 3831 385 299.

597 465 927 532 persecutus
960 455 1252 524 Gregoras,
1306 449 1524 513 «Vides,
1564 447 1764 517 inquit.
1809 447 1876 501 ad
1910 447 2183 502 Palamam

2313 463 2415 508 ιεν,
2444 445 2559 497 ἀλλ’
2591 447 2656 496 ἐκ
2701 445 2801 506 τῆς
2847 439 3254 509 μεγαλουργίας
3306 444 3401 494 καὶ
3453 440 3697 507 προνοῖας
3742 440 3837 494 τῶν

598 565 920 613 conversiiS,
954 562 1080 600 eum
1121 547 1243 599 dua:
1273 544 1383 596 sint
1410 542 1500 594 hic
1536 538 1958 595 maledictiones
1986 551 2188 604 propo-

600 645 740 707 sitae,
769 639 1080 696 necessario
1111 638 1164 689 in
1199 636 1426 689 alteram
1461 644 1513 686 te
1569 629 1857 694 incidere;
1912 637 2004 681 aut
2039 626 2188 681 enim

601 735 801 790 Fiiium
839 731 956 794 Dei,
994 729 1087 799 qui
1136 736 1221 780 est
1279 740 1409 777 vera
1442 722 1735 790 sapientia,
1768 735 1877 789 qua
1902 730 1959 773 et
1993 719 2046 772 in
2080 733 2188 786 qua

602 827 859 880 universa
883 821 1032 884 fecit,
1063 815 1466 872 inesscntialem
1504 813 1644 866 dicis
1676 811 2058 874 divinitatem,
2093 814 2192 862 aut

605 916 963 972 artiﬁciosam
995 925 1116 980 quae
1150 916 1235 962 est
1265 909 1318 960 in
1351 907 1557 959 creatis
1584 904 1910 972 sapientiam
1935 910 1991 956 et
2020 901 2193 968 ipsam

606 1009 906 1063 increatam
953 1000 1228 1068 simulque
1270 995 1684 1050 incssentialem
1725 1007 1892 1046 vocas
1931 991 2195 1045 divinita-

610 1111 743 1162 tem,
806 1109 972 1165 quam
1032 1102 1256 1144 tenuem
1314 1097 1370 1141 et
1425 1085 1750 1140 substantiae
1801 1092 2081 1152 expertem
2139 1081 2196 1134 in

607 1201 792 1247 mente
843 1183 1205 1254 compositam
1271 1179 1520 1234 divinum
1595 1175 1861 1231 audivisti
1921 1174 2194 1227 dicentem

607 1286 929 1340 Maximum.
993 1277 1142 1331 Talis
1180 1272 1327 1328 enim
1389 1282 1480 1324 tua
1535 1277 1618 1322 est
1667 1269 1976 1335 ineptorum
2035 1278 2199 1333 para-

611 1378 881 1431 doxorum
920 1366 1234 1426 absurditas
1259 1372 1318 1418 et
1346 1375 1452 1415 tam
1491 1361 1761 1413 immanes
1821 1366 1950 1411 sunt
1981 1353 2202 1408 ratioci-

619 1469 875 1524 nationes
908 1459 1206 1532 impietatis
1234 1466 1339 1509 tua:
1373 1471 1386 1507 :
1424 1462 1479 1508 et
1527 1463 1708 1505 tamen
1736 1450 1922 1504 vivere
1947 1450 2117 1502 audes
2146 1454 2202 1501 et

620 1559 798 1615 oculis
849 1548 1269 1622 impudentibus
1325 1544 1605 1599 caelestem
1665 1540 1947 1610 suspicere
2003 1537 2198 1604 facem,

622 1656 912 1718 augustum
965 1642 1096 1696 solis
1142 1637 1388 1695 oculum,
1415 1641 1469 1687 et
1525 1633 1670 1686 inter
1724 1629 1978 1684 homines
2020 1635 2203 1680 mente

618 1739 882 1810 praeditos
941 1731 1153 1786 versari
1213 1725 1573 1797 ejusdemque
1632 1736 1757 1776 cum
1818 1721 1888 1774 iis
1919 1718 2204 1788 particeps

614 1807 738 1886 esse
771 1825 937 1888 aeris,
979 1820 1286 1889 exemplum
1315 1826 1480 1871 tantae
1510 1811 1798 1883 pravitatis
1832 1811 2012 1864 factus
2040 1807 2204 1878 330

617 1917 823 1976 Christi
845 1910 1140 1970 Ecclesiae?
1167 1908 1248 1962 Tu
1286 1906 1495 1966 vero,si
1526 1903 1626 1966 vis,
1660 1901 1929 1954 fabricare
1975 1905 2203 1966 ιιι-αξιοι·-

617 2026 684 2064 ea
737 2017 796 2063 ut
841 2007 1210 2060 increatarum
1267 1997 1482 2066 copiam
1519 1993 1894 2055 divinitatum,
1934 1991 2008 2043 ita
2034 1988 2202 2044 etiam

616 2109 791 2155 artem
829 2110 1045 2151 novam.
1077 2091 1231 2145 [κίεοι
1262 2091 1408 2141 εηὶιιι
1440 2085 1540 2139 libi
1574 2099 1698 2138 CIIII]
1744 2089 2005 2136 consueta
2033 2073 2206 2134 utaris

620 2193 948 2261 ignorantia:
1004 2181 1344 2253 impudentia
1401 2179 1608 2246 ubique
1666 2185 1724 2229 et
1782 2171 2203 2228 concessionem

625 2260 786 2337 facile
815 2295 882 2332 ex
912 2287 963 2330 te
1005 2288 1189 2328 sumas
1215 2284 1398 2339 neque
1431 2268 1544 2321 ullo
1577 2263 1744 2320 modo
1777 2262 2068 2331 dispenses
2098 2260 2207 2314 for-

633 2381 794 2426 tunas
845 2369 1249 2434 inexspectatas
1309 2369 1366 2414 et
1408 2357 1827 2424 fatales,ncque
1877 2353 2042 2408 certis
2077 2366 2207 2406 con-

627 2463 930 2522 ditionibus
989 2455 1317 2512 sententiam
1379 2461 1524 2504 tuam
1571 2450 1720 2504 sinas
1785 2448 2067 2516 quiescere
2127 2447 2208 2499 in-

629 2570 819 2613 sanam
844 2563 901 2607 et
935 2549 1220 2604 audacem.
1299 2543 1484 2598 Omnis
1514 2541 1659 2595 enim
1695 2549 1948 2593 veterum
1978 2536 2208 2591 scientia

631 2658 691 2702 et
714 2644 996 2700 institutus
1018 2636 1290 2707 sapientia
1311 2641 1615 2689 concentus
1641 2639 1696 2684 et
1716 2629 2014 2699 rhytlimus
2040 2627 2208 2681 oblita

631 2745 762 2794 sunt
817 2745 921 2789 tuae
971 2727 1339 2785 inessentialis
1395 2722 1870 2790 eﬂicientize.qua
1922 2721 2041 2774 sine
2097 2718 2210 2772 ullo

632 2830 852 2900 negotio
938 2825 1212 2878 inereatas
1291 2817 1581 2872 fabricaris
1647 2815 1965 2868 divinitatea
2039 2825 2209 2881 spon-

628 2935 785 2978 tanee
827 2937 843 2974 :
888 2917 1049 2990 quale
1089 2922 1400 2984 spartorum
1441 2909 1660 2963 illorum
1725 2908 2002 2976 gigantum
2062 2903 2213 2956 diur-

627 3028 758 3068 num
809 3023 984 3080 genus
1046 3005 1380 3060 adumbrant
1423 3001 1618 3054 fabulae
1667 2999 1881 3061 Atticm,
1943 2995 2212 3051 recentio-

629 3121 754 3160 rum
797 3115 1079 3156 rumorum
1139 3097 1402 3164 impetum
1448 3104 1504 3147 et
1545 3101 1872 3162 proventum
1917 3089 2214 3158 depingen-

629 3203 732 3248 tes.
793 3190 900 3244 Sed
935 3187 1196 3257 quoniam
1235 3183 1463 3238 novitati
1491 3182 1784 3234 verborum
1813 3179 1979 3233 etiam
1995 3176 2210 3246 legibus

629 3283 787 3339 novis
812 3291 897 3336 Cal
924 3295 1083 3349 opus,
1117 3293 1214 3347 age
1244 3277 1455 3330 scribas
1477 3315 1490 3338 ,
1540 3272 1584 3326 si
1617 3273 1720 3335 vis,
1754 3273 1922 3324 etiam
1955 3268 2198 3322 edictum

630 3390 834 3430 novum
887 3370 1202 3442 quoddam,
1261 3383 1330 3420 ne
1387 3366 1513 3434 quis
1560 3361 1866 3418 secundum
1923 3359 2208 3414 scientiam

637 3477 830 3536 postea
859 3473 1044 3517 utatur
1083 3458 1292 3523 verbis,
1342 3456 1440 3510 fias
1489 3454 1574 3509 liis
1619 3453 1960 3522 temporibus
1997 3461 2053 3504 et
2095 3450 2211 3517 ipse

630 3559 883 3614 Julianus
908 3556 1206 3622 imperator
1230 3549 1497 3618 pravitate
1524 3547 1763 3610 infamis,
1794 3553 1850 3600 et
1874 3543 2216 3598 crudeliores

636 3648 822 3717 potius
873 3660 1038 3714 quam
1093 3658 1157 3696 ex
1212 3641 1332 3711 ejus
1387 3649 1582 3692 natura
1637 3636 1886 3707 proferas
1930 3635 2212 3698 audacias,

633 3740 751 3791 sive
790 3737 974 3805 potius
1009 3734 1118 3802 jam
1151 3732 1326 3785 factus
1350 3745 1408 3784 es
1432 3730 1661 3800 adjutus
1693 3727 1982 3782 occasione
2014 3725 2214 3779 misera

633 3839 692 3888 et
728 3829 894 3886 vitam
930 3823 1226 3877 infaustam
1252 3821 1461 3890 eligens
1488 3829 1544 3873 et
1576 3818 1981 3881 detestabilem,
2010 3833 2075 3869 ex
2108 3830 2217 3884 qua

634 3916 822 3976 multa:
888 3922 1080 3965 contra
1147 3909 1405 3978 pietatem
1467 3913 1840 3974 proruperunt
1902 3900 2218 3969 voragines,

632 4007 903 4074 multique
948 4003 1217 4056 malorum
1266 3998 1428 4053 eﬂ'usi
1466 4008 1592 4050 sunt
1625 4010 1813 4050 amnes
1845 3991 2065 4047 nefarii.
2103 3989 2209 4044 Sed

634 4115 749 4161 non
772 4110 944 4164 usque
962 4093 1030 4147 ad
1053 4093 1238 4156 linem,
1266 4091 1490 4159 opinor,
1521 4087 1763 4143 ridebis:
1793 4084 1886 4140 Sed
1909 4083 2066 4153 331
2093 4081 2218 4135 red-

635 4191 737 4250 .det
769 4187 1023 4242 celeriter
1047 4185 1348 4252 imperator
1377 4181 1466 4233 hic
1505 4191 1784 4248 paternam
1821 4175 2075 4229 Ecclesia:
2099 4174 2216 4243 glo-

632 4283 776 4341 riam
818 4277 948 4342 Deo,
977 4275 1070 4344 qui
1107 4273 1235 4326 huic
1268 4280 1554 4341 paternum
1585 4269 1737 4323 dedit
1765 4283 2018 4336 regnum.

2291 537 2462 588 ὄντων
2489 552 2502 565 ·
2547 535 2635 586 διὰ
2665 533 2872 586 τούτων
2899 534 3009 602 γὰρ
3040 531 3112 594 ὤ,
3150 531 3527 600 δι’ἐοὸπτρων
3566 531 3666 600 τὴν
3702 531 3840 584 ἄπει-

2295 646 2390 701 ρον
2421 626 2738 695 ἁγαῡότητα
2787 627 2883 678 καὶ
2934 626 3127 693 σοφίαν
3174 625 3270 679 καὶ
3313 624 3544 694 δύναμιν
3575 626 3844 678 κατανοοῦ-

2298 736 2418 787 μεν.
2462 737 2479 770 ι
2516 718 2705 770 Ταῦτα
2731 716 2943 780 διεξιὼν
2989 719 3017 770 ὁ
3061 716 3369 786 Γρηγορᾶς,
3410 735 3428 767 ι
3479 717 3665 786 Ὁρᾷς,
3699 735 3717 768 ι
3753 718 3841 786 ἔφη

2298 809 2434 876 πρὸς
2465 809 2557 861 τὸν
2587 809 2858 877 Παλαμᾶν
2888 807 3174 875 στραφεὶς,
3231 826 3249 860 ι
3287 810 3435 871 ὅπως
3467 810 3611 861 δυοῖν
3647 825 3844 873 προκει-

2300 900 2480 967 μένων
2521 899 2759 951 ἐνταῦθα
2787 899 3155 969 βλασφημιῶν
3191 897 3251 963 ἐξ
3278 899 3524 967 ἀνάγκης
3560 899 3622 970 [1³.
3652 900 3746 953 150
3780 897 3845 968 υ.Ι

2305 993 2403 1062 μιᾷ
2463 992 2860 1062 περιπίπτεις;
2909 993 2982 1045 ’Ἡ
3025 992 3135 1062 γὰρ
3182 991 3272 1044 τὸν
3298 991 3428 1044 Υίδν
3448 991 3540 1044 τοῦ
3575 990 3728 1058 Θεοῦ,
3762 993 3847 1061 τὴν

2300 1083 2468 1146 ὅντως
2513 1085 2705 1152 σοφίαν
2737 1084 2804 1136 δι’
2836 1077 2905 1154 ἦς
2932 1083 3027 1136 καὶ
3062 1086 3120 1136 ἐν
3233 1083 3304 1137 τὰ
3346 1083 3523 1137 πάντα
3551 1084 3844 1154 πεποίηκεν,

2299 1173 2549 1229 ἀνούσιον
2601 1175 2781 1243 λέγεις
2816 1175 3071 1246 θεότητα,
3109 1177 3142 1246 ἢ
3196 1175 3296 1246 τὴν
3339 1177 3396 1229 ἐν
3451 1178 3566 1240 τοῖς
3613 1179 3849 1246 κτίσμασι

2299 1267 2560 1337 τεχνικὴν
2616 1267 2810 1337 σοφίαν
2841 1267 3100 1323 άκτιστον
3149 1271 3245 1323 καὶ
3276 1271 3481 1340 ταύτην
3532 1272 3628 1324 καὶ
3653 1271 3761 1339 ἅμα
3794 1275 3850 1325 ά·

2301 1358 2511 1410 νούσιον
2553 1357 2782 1427 φάσκεις
2812 1359 3074 1430 Θεότητα*
3108 1360 3175 1430 ἣν
3209 1361 3374 1431 ψιλὴν
3428 1363 3524 1416 καὶ
3567 1363 3849 1416 ἀνυπόστα-

2301 1465 2390 1502 τον
2429 1451 2488 1501 ἐν
2534 1449 2613 1519 τῷ
2636 1449 2713 1518 νῷ
2745 1453 3150 1522 συνισταμένην
3200 1455 3293 1507 τὸν
3323 1453 3468 1508 Θείον
3513 1456 3752 1526 ἀκήκοας
3777 1455 3854 1508 λέ-

2304 1556 2472 1606 γοντα
2516 1538 2795 1610 Μάξιμον.
2841 1543 3081 1595 Τοιαῦτα
3113 1544 3221 1612 γάρ
3281 1560 3375 1596 σου
3411 1547 3477 1596 τᾶ
3521 1547 3630 1598 τῶν
3657 1547 3852 1600 ἀτόπων

2307 1632 2687 1701 καινοφωνιῶν
2725 1633 2948 1704 αἰσχρὰ,
2984 1636 3080 1687 καὶ
3111 1635 3252 1689 οὕτω
3293 1637 3517 1706 σχέτλια
3545 1637 3614 1690 τὰ
3661 1656 3854 1705 συμπε-

2309 1727 2565 1794 ράσματα
2605 1725 2706 1794 τῆς
2740 1727 2842 1794 σῆς
2887 1727 3232 1791 δυσσεϐείας.
3268 1730 3503 1784 Ἔπειτα
3530 1729 3627 1802 ζῇν
3651 1731 3853 1801 τολμᾷς.

2308 1817 2402 1868 καὶ
2439 1817 2713 1870 ἀναιδέσιν
2736 1817 3038 1886 ὀφθαλμοῖς
3059 1819 3159 1890 τὴν
3193 1821 3454 1890 οὐρανίαν
3490 1822 3711 1892 βλέπειν
3737 1823 3856 1892 λαμ-

2305 1907 2468 1972 πάδα,
2524 1908 2586 1960 τὸ
2639 1909 2835 1976 σεμνὸν
2888 1909 3038 1977 ἡλίου
3089 1909 3382 1979 βλέφαρον,
3429 1915 3525 1966 καὶ
3567 1913 3855 1986 ἀνθρώποις

2305 2000 2430 2053 νοῦν
2459 1999 2679 2069 ἔχουσιν
2698 2001 2930 2068 ὁμιλεῖν.
2964 2002 3058 2054 καὶ
3084 2003 3177 2055 τοῦ
3209 2004 3377 2057 αὐτοῦ
3403 2007 3856 2076 συμμεταλαμδὰ-

2306 2110 2417 2147 νειν
2452 2093 2634 2156 αύτοῖς
2668 2093 2852 2164 ἀέρος,
2889 2093 3191 2165 ὑπόμνημα
3245 2099 3514 2166 τοσαύτης
3565 2100 3758 2163 κακίας
3801 2105 3855 2168 τῇ

2306 2185 2400 2239 τοῦ
2441 2185 2678 2254 Χριστοῦ
2715 2185 2960 2254 γεγονὼς
2999 2187 3334 2258 Ἐκκλησίᾳ;
3371 2190 3443 2243 Σὺ
3482 2190 3551 2255 δ’,
3588 2193 3637 2243 εί
3681 2192 3856 2260 βούλει,

2307 2276 2721 2346 καινοφώνησον
2747 2276 2854 2342 ἔτι,
2886 2277 3144 2348 καθάπερ
3173 2281 3450 2335 άκτίστων
3495 2283 3666 2352 ἐσμδν
3692 2284 3858 2355 Ocni;-

2307 2386 2436 2436 των,
2468 2368 2612 2423 οὕτω
2656 2369 2750 2422 καὶ⁵
2797 2368 2995 2438 τέχνην
3041 2371 3260 2441 καινήν.
3291 2371 3511 2437 Ἔξεστι
3554 2375 3664 2445 γάρ
3693 2392 3769 2428 σοι
3803 2381 3858 2444 τῇ

2314 2461 2534 2528 συνήθει
2567 2459 2836 2530 χρωμένῳ
2881 2460 2984 2530 τῆς
3021 2461 3266 2530 ἀμαθίας
3311 2465 3562 2537 ἀναιδείᾳ
3612 2471 3857 2538 πανταχῆ,

2309 2553 2404 2603 καὶ
2447 2553 2506 2602 τὸ
2551 2553 2978 2622 συγκεχωρηκὸς
3039 2555 3178 2624 μετὰ
3236 2557 3526 2628 ῥᾳστώνης
3557 2561 3622 2613 ἐκ
3655 2577 3858 2614 σεαυτου

2310 2638 2666 2707 λαμϐάνοντι,
2703 2639 2797 2692 καὶ
2832 2640 3054 2711 μηδαμῆ
3087 2645 3465 2715 ταμιευομένῳ
3501 2646 3600 2708 τὰς
3644 2649 3862 2718 παραλέ-

2312 2746 2446 2797 γους
2477 2730 2644 2799 τύχας
2675 2730 2770 2783 καὶ
2813 2734 3106 2800 τραγικὰς,
3161 2734 3284 2803 μηδ’
3333 2734 3425 2786 ἐπὶ
3461 2731 3645 2805 ῥητοῖς
3687 2738 3742 2790 τὸ
3775 2739 3860 2805 γῆς

2311 2820 2538 2889 γνώμης
2582 2819 2741 2872 ἐῶντι
2777 2819 3063 2875 καθεύδειν
3101 2821 3339 2892 μεμηνός
3375 2840 3435 2876 τε
3479 2827 3580 2878 καὶ
3633 2825 3860 2886 αὔθαδες.

2317 2911 2474 2963 Πᾶσα
2501 2911 2607 2978 γάρ
2641 2911 2918 2981 ἐπιστήμη
2946 2911 3056 2964 τῶν
3104 2913 3271 2966 πάλαι
3305 2916 3402 2968 καὶ
3441 2919 3639 2985 σοφίας
3680 2919 3862 2988 ἐμμου-

2317 3014 2410 3061 σος
2450 2997 2687 3068 ἁρμονία
2722 3014 2780 3049 τε
2821 2999 2916 3051 καὶ
2952 2999 3157 3068 ῥυθμὸς
3201 3002 3262 3054 τὸ
3308 3003 3556 3073 ἐνεργεῖν
3603 3006 3862 3072 ἐξελάθετο

2317 3091 2419 3160 τῆς
2445 3091 2542 3158 σῆς
2579 3091 2832 3143 ἀνουσίου
2881 3092 3089 3161 ταύτης
3125 3093 3429 3163 ἐνεργείας,
3458 3095 3528 3147 δι’
3559 3090 3626 3168 ἦς
3655 3098 3863 3166 ἀπονητὶ

2316 3184 2415 3246 τὰς
2445 3183 2740 3244 ἀκτίστους
2786 3182 3074 3252 χαλκεύεις
3125 3186 3405 3254 θεότητας,
3466 3187 3526 3253 ἐξ
3576 3189 3860 3259 αὐτομάτου

2318 3275 2566 3344 φυείσης,
2596 3272 2782 3343 ὥσπερ
2813 3275 2874 3327 τὸ
2904 3274 3012 3328 τῶν
3048 3276 3308 3344 σπαρτῶν
3342 3277 3573 3332 ἐκείνων
3606 3281 3856 3348 γιγάντων

2317 3364 2633 3434 αύοήμερον
2689 3364 2846 3430 γένος
2894 3364 3026 3432 ἡμῖν
3081 3364 3451 3430 ἀττικίζοντες
3506 3368 3861 3438 ύπογράφουσι

2321 3454 2505 3525 μῦθοι,
2551 3458 2884 3526 καινοτέρων
2925 3456 3288 3524 ἀκουσμάτων
3313 3459 3484 3526 φορὰν
3509 3461 3860 3526 είκονίζυντες.

2331 3547 2486 3598 Ἐπεὶ
2526 3545 2584 3599 δέ
2615 3547 2737 3608 ταῖς
2782 3546 2890 3598 τῶν
2930 3545 3105 3613 λόγων
3151 3550 3439 3619 καινότησι
3472 3552 3571 3604 καὶ
3606 3553 3777 3622 νόμων
3801 3551 3865 3602 δεῖ

2317 3635 2671 3702 καινοτέρων,
2693 3633 2924 3704 γράψον,
2957 3635 3004 3686 εἰ
3029 3633 3237 3704 βούλει,
3267 3637 3363 3689 καὶ
3396 3638 3661 3710 ψήφισμά
3687 3657 3736 3692 τι
3762 3655 3863 3691 και-

2317 3723 2428 3787 νὸν,
2473 3724 2547 3792 μὴ
2578 3721 2814 3793 χρῆσθαι
2868 3722 2990 3775 κατ’
3017 3725 3333 3794 ἐπιστήμην
3390 3727 3505 3787 τοίς
3535 3727 3716 3794 λόγοις
3769 3725 3854 3777 ἐτι.

2320 3815 2357 3867 Γ
2362 3815 2482 3867 ενοῦ
2513 3818 2626 3876 τοῖς
2672 3814 2766 3866 νῦν
2799 3814 2894 3866 καὶ
2933 3814 3096 3878 αὐτὸς
3149 3818 3359 3885 καιροῖς
3398 3815 3684 3881 Ἰουλιανὸς
3727 3818 3866 3871 αύτο-

2319 3901 2544 3971 κράτωρ
2587 3898 2679 3952 ἐπὶ
2728 3900 2898 3969 κακίᾳ
2927 3900 3370 3970 διαϐεϐοημένος,
3401 3905 3497 3956 καὶ
3543 3905 3864 3974 βαρδαρικώ-

2319 4009 2455 4062 τερα
2489 3991 2690 4062 μᾶλλον
2723 3991 2755 4061 ἢ
2790 3993 2908 4044 κατ’
2940 3993 3142 4044 ἐκεῖνον
3172 3994 3387 4055 δεικνὺς
3417 3997 3485 4048 τὰ
3534 3997 3859 4067 τολμήματα.

2321 4081 2537 4135 Μᾶλλον
2565 4080 2622 4133 δὲ
2653 4081 2749 4162 κα).
2779 4085 3028 4148 γέγονας,
3065 4083 3255 4151 καιροῦ
3292 4085 3468 4154 τυχὼν
3514 4086 3748 4156 πονηροῦ
3787 4087 3865 4138 καὶ

2323 4175 2443 4246 βίον
2483 4175 2738 4243 ἐλόμενος
2789 4175 3161 4245 κακοδαίμονα
3210 4177 3304 4230 καὶ
3357 4179 3656 4248 ἐπάρατον,
3703 4177 3785 4246 ἀφ’
3817 4168 3865 4226 ιςῦ

2326 4267 2516 4319 πολλαὶ
2559 4267 2658 4336 μὲν
2709 4270 2850 4320 κατὰ
2896 4267 2997 4336 τῆς
3050 4269 3332 4333 εὐσεϐείας
3381 4271 3866 4343 άνερῤὡγεσανφά-

631 4390 865 4454 ραγγες,
914 4370 1099 4423 πολλοὶ
1158 4369 1215 4421 δὲ
1246 4367 1432 4422 κακῶν
1476 4365 1815 4437 ἐξερρύησαν
1855 4365 2105 4433 ἀθέμιτοι
2163 4361 2386 4433 ῥύακες.
2434 4362 2574 4415 Ἀλλ’
2624 4364 2724 4416 οὐκ
2795 4366 2875 4427 είς
2948 4364 3122 4430 τέλος,
3160 4359 3336 4434 οἶμαι,
3393 4369 3706 4436 ἴχαιρήσεις,
3769 4367 3864 4418 ἀλλ’

645 4466 919 4522 ,ἀποδώσει
949 4463 1084 4532 ταχὺ
1150 4461 1406 4531 βασιλεὺς
1431 4461 1617 4514 οὑτοσὶ
1650 4460 1749 4528 τὴν
1784 4459 2012 4529 πάτριον
2061 4455 2161 4526 τῆς
2193 4455 2524 4526 Ἐκκλησίας
2551 4454 2805 4509 εὔκλειαν
2853 4456 2934 4528 τῷ
2989 4457 3246 4512 δεδωκότι
3276 4457 3454 4529 τούτῳ
3495 4461 3596 4533 τὴν
3633 4457 3864 4528 πατρῴαν

641 4560 918 4632 βασιλείαν
947 4560 1085 4624 Θεῷ.
1124 4576 1142 4609 ι

723 4652 960 4716 XXVIII.
1004 4651 1100 4705 His
1146 4650 1394 4705 I’alamas
1429 4657 1685 4720 gravatus
1712 4658 1765 4702 et
1792 4647 1951 4702 valde
1985 4645 2207 4702 affectus

2394 4645 2529 4698 KH'.
2557 4645 2783 4707 Τούτοις
2811 4646 2837 4697 ὀ
2868 4645 3136 4711 Παλαμᾶς
3170 4647 3471 4717 ἀχθόμενος
3503 4653 3594 4702 καὶ
3632 4651 3861 4717 ὑϐριοπα-

633 4757 837 4805 ευριτει
875 4742 1366 4798 conviciabaturet
1399 4741 1550 4810 parvi
1571 4741 1809 4795 faciebat
1836 4739 2002 4794 etiam
2033 4739 2212 4808 ipsum

643 4835 906 4894 sessionis
934 4833 1121 4894 decus,
1142 4846 1249 4899 qua
1280 4829 1324 4884 si
1362 4831 1501 4899 apud
1534 4845 1591 4883 se
1623 4845 1730 4883 non
1752 4838 1928 4894 esset;
1951 4828 2217 4897 quamob-

637 4945 760 4988 rem
793 4926 957 4980 etiam
1007 4923 1325 4992 frequenter
1359 4937 1416 4976 se
1453 4931 1626 4976 totum
1655 4921 1819 4975 vertit.
1863 4920 1971 4974 huc
1999 4930 2056 4974 et
2087 4920 2218 4974 illuc

639 5017 700 5077 in
749 5014 889 5078 solo,
926 5012 982 5064 in
1018 5025 1127 5080 quo
1161 5019 1276 5064 tum
1311 5011 1545 5069 maxime
1583 5009 1831 5073 sedebat,
1870 5018 1924 5063 et
1952 5009 2216 5074 difficilis,

638 5113 706 5163 ut
756 5103 831 5157 ita
871 5101 1075 5167 dicam,
1130 5111 1187 5154 et
1241 5102 1592 5172 importunus
1641 5110 1761 5154 erat
1790 5101 2218 5169 quodammodo,

632 5210 824 5262 neque
871 5193 1069 5252 melius
1121 5191 1427 5260 dispositus
1477 5205 1640 5258 quam
1682 5189 1945 5244 furentes.
1992 5191 2219 5245 Peteras

628 5288 790 5342 .enim
818 5284 1005 5340 videre
1037 5300 1163 5338 eum
1217 5293 1476 5351 tanquam
1529 5282 1762 5336 oblitum
1795 5282 1884 5338 sui
1911 5295 1968 5337 et
2009 5293 2219 5352 tempo-

645 5392 766 5431 rum
791 5386 847 5430 et
875 5384 1247 5445 spectatorum
1270 5384 1326 5429 et
1349 5374 1456 5428 huc
1484 5374 1612 5430 illuc
1637 5373 1944 5428 trahentem
1964 5371 2221 5430 manibus

637 5468 1105 5523 arestimentornm
1137 5465 1433 5529 limbos,et
1463 5465 1827 5518 adducentem
1859 5471 1916 5517 et
1944 5463 2223 5519 deducen-

639 5568 751 5618 tem
779 5567 844 5612 .et
877 5570 1051 5625 usque
1082 5555 1149 5608 ad
1185 5571 1345 5609 crura
1371 5557 1670 5609 nudantcm
1696 5566 1752 5610 et
1777 5555 1987 5609 femora
2018 5565 2074 5610 et
2103 5554 2220 5608 fere

639 5666 764 5720 quae
825 5665 935 5704 non
975 5648 1253 5704 .decorum
1302 5658 1386 5702 est
1445 5650 1736 5702 ostendere
1776 5647 1999 5701 mimico
2052 5647 2217 5700 modo

635 5750 1010 5804 ostentantem
1045 5739 1236 5802 obiter
1276 5749 1336 5801 ut
1373 5740 1448 5800 ita
1486 5740 1688 5812 dicam,
1731 5754 1919 5817 neque
1969 5738 2212 5798 animum

2323 4736 2431 4788 θῶν
2464 4736 2824 4806 ἀντελοιδόρει
2881 4754 2935 4787 τε
2968 4741 3062 4791 καὶ
3095 4739 3245 4806 παρὰ
3275 4740 3481 4806 φαῦλον
3527 4742 3752 4793 ἐποιεῖτο
3785 4738 3862 4788 κκὶ

2325 4829 2455 4879 αὐτὸ
2489 4828 2587 4896 τῆς
2627 4828 2898 4894 καθέδρας
2933 4829 2993 4879 τὸ
3036 4830 3336 4900 εὔσχημον,
3375 4831 3562 4900 ὥσπερ
3592 4832 3692 4895 ἔξω
3738 4827 3863 4894 γ.νόο

2325 4932 2481 4984 μενος
2513 4915 2731 4969 ἑαυτοῦ.
2769 4915 2935 4970 Ὅθεν
2973 4917 3036 4985 δὴ
3094 4921 3188 4970 καὶ
3220 4921 3388 4988 συχνὰ
3418 4916 3840 4990 περιεστρέφενό

2327 5006 2418 5060 λον
2447 5008 2639 5061 ἑαυτὸν
2677 5007 2800 5077 τῇδε
2837 5005 2902 5078 [Γ.
2929 5008 3032 5062 115
3062 5007 3138 5080 r.]
3175 5011 3395 5062 κάκεῖσε
3425 5011 3508 5078 ἐφ’
3529 5003 3694 5077 οὗπερ
3729 5010 3860 5072 ἒτυλε

2323 5099 2628 5168 τηνικαῦτα
2657 5100 2891 5153 δαπέδου
2920 5101 3256 5172 καθήμενος,
3297 5106 3391 5156 καὶ
3420 5101 3766 5160 δυσκάθεκτός
3790 5113 3857 5154 τις

2326 5185 2392 5262 ἦν
2421 5192 2494 5252 ὼς
2531 5191 2707 5244 εἰπεῖν
2738 5193 2832 5244 καὶ
2885 5191 3214 5258 ἀκάθεκτος,
3246 5193 3340 5245 καὶ
3377 5195 3689 5262 μεμηνότων
3727 5187 3854 5240 οἰδὲν

2323 5281 2670 5350 διακείμενος
2725 5282 2972 5352 ἄμεινον.
3013 5277 3120 5338 Ἦν
3176 5284 3283 5354 γὰρ
3323 5284 3453 5337 ἰδεῖν
3507 5285 3665 5338 αὑτὸν
3695 5281 3851 5344 ὥσπερ

2329 5376 2694 5445 ἐκλαθόμενον
2719 5377 2914 5428 ἑαυτοῦ
2937 5393 2996 5428 τε
3028 5377 3122 5430 καὶ
3153 5375 3247 5428 τοῦ
3282 5377 3476 5447 καιροῦ
3511 5376 3722 5430 καὶτῶν
3750 5371 3855 5424 θεα-

2327 5467 2456 5529 τῶν,
2489 5467 2582 5516 καὶ
2619 5466 2788 5535 συχνά
2823 5465 3202 5535 μεταφέροντα
3236 5471 3354 5529 ταῖς
3377 5469 3565 5537 χερσὶν
3591 5463 3746 5521 αὐτοῦ
3765 5459 3852 5512 τῶν

2331 5557 2561 5624 ἱματίων
2595 5558 2661 5608 τὰ
2695 5557 2979 5626 κράσπεδα
3010 5557 3103 5610 καὶ
3151 5558 3488 5629 ἀναφέροντα
3520 5560 3610 5612 καί⁵
3647 5552 3853 5619 κατανέ-

2328 5663 2512 5717 ροντα,
2539 5647 2630 5699 καὶ
2672 5648 2807 5717 πρός
2842 5664 2907 5715 γε
2933 5649 3150 5716 κνήμας
3199 5665 3256 5700 τε
3299 5649 3608 5716 γυμνοῦντα
3652 5651 3736 5698 καὶ
3763 5658 3850 5710 pr;

2323 5741 2475 5816 ρούς,
2525 5740 2614 5792 καί
2674 5756 2787 5803 πως
2840 5739 2875 5796 ἃ.
2910 5741 2986 5810 μὴ
3046 5741 3200 5810 ίιέμις
3239 5742 3551 5795 δείκνυσθαι
3591 5733 3852 5808 (inquiti);
