4046 6290
364 373 470 438 2'33

1380 371 1818 431 BYZANTIN/E
1861 373 2038 433 lilS’I‘
2042 375 2245 435 0111.13
2293 377 2428 440 LIB.
2477 378 2656 436 XXX.

3506 381 3615 446 211i

367 486 573 540 οὑτωσὶ
611 483 1070 552 παραδεικνύντα,
1102 483 1373 554 δήπουθεν
1414 482 1534 536 ὁδοῦ
1559 483 1836 554 πάρεργον
1868 485 1942 537 εί-

2046 487 2340 542 advcrtens
2390 490 2482 557 qui
2529 499 2647 544 erat
2693 488 2814 559 ejus
2861 504 2977 544 mos
3022 491 3132 545 ullo
3179 491 3340 547 modo
3390 493 3458 550 iis
3491 512 3614 566 qua:
3682 497 3693 508 ’

367 579 512 640 πεῖν,
544 575 606 627 οὐ
633 575 728 628 τὸν
757 574 884 628 νοῦν
914 575 1218 646 ἔφιστάνθ’,
1253 574 1328 639 ὡς
1357 575 1557 641 ἔοικεν,
1587 576 1794 646 οὐδαμῆ
1826 577 1941 639 τοῖς

365 666 690 738 δρωμένοις.
727 667 836 722 Καὶ
883 666 976 719 δύο
1009 666 1152 721 κατὰ
1197 667 1397 720 ταυτὸν
1439 666 1708 743 ὲτολμᾷτο
1739 668 1943 738 ’τάνδρὶ

365 757 673 826 τηνικαῦτα
722 758 793 810 τὰ
828 757 1026 822 ἄτοπα,
1091 757 1231 828 μήτε
1259 756 1486 810 δεδιότι.
1509 758 1637 828 μήτ’
1687 758 1942 826 αἰσχυνο-

372 849 522 917 μένῳ
549 863 563 877 ο
611 848 840 916 στόματι
882 848 981 918 μὲν
1015 849 1120 917 γὰρ
1151 848 1288 918 πρὸς
1322 847 1454 902 Θεὸν
1488 847 1829 919 βλασφημῶν
1853 851 1944 902 οὐ·

366 939 514 1008 δαμῆ
568 939 779 1000 ἐδεδίει,
830 941 1074 1009 σχήματι
1128 939 1174 992 δ’
1229 939 1451 1009 άσέμνῳ
1485 937 1581 993 τοῦ
1632 940 1941 1014 μεμηνότος

368 1031 580 1082 ἐκείνου
638 1029 920 1100 χρώμενος
977 1029 1147 1100 ήθους
1189 1030 1285 1083 ἐπὶ
1322 1028 1595 1084 τοσούτων
1641 1029 1939 1100 ὀφθαλμῶν

368 1123 577 1192 οὐδαμῆ
610 1139 673 1190 γε
711 1121 1002 1192 ᾐσχύνετο.
1042 1122 1151 1176 Καὶ
1181 1123 1321 1193 ὅπερ
1347 1123 1441 1175 ἐπὶ
1474 1125 1572 1193 τῆς
1617 1123 1816 1192 Τροίας
1856 1125 1942 1175 Ὀ-

368 1213 596 1276 δυσσεὺς
621 1215 828 1275 ἐκεῖνος
859 1215 1028 1267 πάλαι
1051 1214 1143 1268 τὸν
1169 1213 1537 1283 ἀκριτόμυθον
1567 1213 1660 1266 τοῦ
1697 1214 1938 1282 Ὀμήρου

372 1306 643 1374 Θερσίτην
675 1305 958 1375 χλευάζων
1003 1305 1271 1374 ἠπείλησε
1318 1304 1473 1374 δρᾷν,
1522 1303 1812 1358 ἀποδύσειν
1860 1304 1940 1356 εἴ·

373 1417 519 1467 ματα
574 1401 719 1468 λέγω
765 1399 915 1468 φίλα,
944 1399 1013 1456 τά
1061 1398 1106 1453 τ’
1155 1399 1288 1452 αίδὼ
1333 1394 1766 1469 ἀμφικαλύπτει,
1794 1394 1940 1448 τοῦτ’

370 1499 582 1559 helvo;
629 1497 750 1550 καθ’
784 1495 978 1549 ἑαυτοῦ
1034 1494 1176 1562 δρῶν
1232 1495 1478 1564 ἀτεχνῶς
1510 1493 1611 1545 οὐκ
1652 1491 1936 1562 ᾐσθάνετο.

370 1592 555 1644 Ταῦτα
599 1592 690 1642 καὶ
717 1589 792 1661 μὴ
820 1589 962 1644 πάνυ
997 1588 1356 1657 γελασείοντα
1390 1585 1483 1640 τδν
1528 1585 1814 1652 Γρηγορᾶν
1849 1599 1943 1651 γε-

369 1683 535 1736 λάσαι
561 1682 855 1751 πεποίηκε,
885 1682 978 1734 καὶ
1017 1679 1304 1750 εἰρωνικόν
1333 1695 1454 1731 τινα
1483 1675 1762 1746 ὀφθαλμὸν
1791 1674 1941 1745 αὐτῷ

367 1772 738 1843 ὲπιῤῥίψαντα
781 1771 946 1840 φάναι
977 1769 1182 1823 τοιαδί·
1239 1788 1258 1821 ‹
1303 1769 1443 1835 Ἐγὼ
1471 1753 1528 1820 δέ
1574 1783 1631 1818 σε
1657 1766 1758 1835 τῆς
1794 1767 1940 1834 ἀμα-

371 1865 494 1926 θίας
536 1863 633 1918 καὶ
678 1862 955 1926 ἀναιδείας
1003 1861 1315 1932 οίκτείρων,
1364 1860 1638 1930 ἄνθρωπε,
1674 1853 1936 1928 βούλομαι

370 1960 470 2011 καὶ
493 1957 608 2022 νῦν,
651 1956 824 2010 ὁπόσα
859 1955 958 2026 τὴν
1002 1956 1099 2025 τῆς
1145 1953 1332 2020 σοφίας
1375 1951 1560 2021 φωνὴν
1603 1952 1806 2021 διαιρεῖ
1834 1968 1933 2020 ση-

373 2050 696 2121 μαινόμενα,
729 2049 955 2118 προθεὶς
992 2046 1134 2101 κατὰ
1159 2047 1284 2108 τοὺς
1315 2047 1415 2116 τῆς
1445 2047 1754 2114 ἐπιστήμης
1796 2042 1939 2096 atad-

371 2143 462 2206 ξαι
491 2142 702 2209 λόγους,
754 2141 830 2202 ώς
871 2138 937 2192 ἂν
966 2138 1143 2208 μάθῃς
1171 2135 1419 2189 ἐντεῦθεν
1462 2138 1540 2198 είς
1571 2136 1695 2187 ὅσον
1723 2133 1937 2187 ἐλαύνει

368 2235 571 2295 κακίας
600 2230 930 2301 βωμολοχεῖν
961 2230 1053 2284 καὶ
1076 2229 1385 2282 διαϐάλλειν
1415 2227 1638 2294 ἁναίδην
1663 2223 1938 2292 τὰςοθείὰς

331 2373 337 2378 .
371 2324 617 2396 Γραφάς.
654 2321 1076 2390 Ἀκολουθητέον
1109 2317 1201 2373 οὖν
1236 2321 1364 2389 ἡμῖν
1397 2322 1511 2369 ἐστι
1545 2320 1608 2386 τῇ
1641 2317 1748 2369 τῶν
1779 2316 1938 2368 θείων

370 2418 638 2487 Πατέρων
674 2413 952 2469 κάνταῦθα
993 2412 1338 2482 διδασκαλίᾳ..
1368 2411 1586 2462 Νοείται
1632 2416 1728 2477 μὲν
1757 2408 1864 2476 γὰρ
1904 2409 1936 2477 ἡ

373 2508 540 2576 σοφία
580 2505 742 2575 διχῶς
789 2507 932 2558 κατὰ
963 2504 1025 2556 τὸ
1064 2503 1281 2556 κτιστὸν
1318 2502 1411 2554 καὶ
1440 2502 1499 2554 τὸ
1526 2501 1795 2552 ἄκτιστον.
1834 2499 1940 2552 Καὶ

372 2596 572 2664 κτιστὴ
623 2597 722 2664 μὲν
768 2595 988 2663 λέγεται
1039 2595 1198 2662 σοφία
1249 2594 1372 2663 ἦτε
1407 2593 1752 2661 ὲντεθειμένη
1803 2591 1938 2660 np”:

372 2689 513 2742 Θεοῦ
544 2689 636 2762 καὶ
659 2685 1176 2757 συναπειργασμένη
1201 2686 1312 2744 τοῖς
1341 2684 1658 2751 κτίσμασιν,
1690 2681 1774 2735 ἵνα
1803 2682 1940 2750 σοφά

373 2799 438 2833 τε
480 2783 621 2834 κατὰ
671 2783 760 2833 τὸν
792 2781 966 2850 μέγαν
1009 2779 1330 2832 Ἀθανόισιον
1380 2780 1640 2844 φαίνηται
1675 2777 1810 2828 πᾶσι
1846 2777 1939 2828 καί⁹

377 2875 497 2939 ἅμα
530 2872 624 2924 τοῦ
648 2873 1008 2941 πεποιηκότος
1041 2871 1184 2934 ἄξια.
1210 2869 1346 2922 Καθ’
1370 2869 1397 2922 ὃ
1425 2869 1823 2938 σημαινόμενον
1848 2870 1941 2920 καὶ

374 2962 546 3014 Δαϐὶδ
571 2960 694 3022 τούς
730 2977 788 3012 τε
818 2960 1082 3028 οὐρανοὺς
1117 2959 1210 3030 τὴν
1240 2959 1334 3011 τοῦ
1359 2959 1489 3012 Θεοῦ
1522 2959 1826 3026 διηγεῖσθαι
1853 2958 1940 3010 δό-

375 3055 474 3118 ξαν
505 3056 673 3123 φησιν
701 3054 987 3123 ἀλαλήτοις
1023 3055 1247 3121 φωναῖς,
1306 3051 1397 3104 καὶ
1447 3051 1562 3117 ἅμα
1595 3052 1775 3102 πᾶσαν
1806 3065 1939 3118 προ-

370 3146 641 3214 τρέπεται
665 3146 842 3196 κτίσιν
872 3145 946 3204 ei;
974 3142 1141 3211 ὕμνον
1172 3143 1305 3194 Θεοῦ
1331 3145 1430 3210 ὅση
1461 3142 1568 3192 τῶν
1600 3141 1861 3209 ἐμψύχων
1882 3157 1940 3191 τε

373 3237 476 3288 καὶ
506 3235 600 3306 μὴ,
638 3238 729 3288 καὶ
755 3237 856 3305 ι’ίση
895 3235 1003 3286 τῶν
1031 3233 1365 3303 αἰσθητικῶν
1395 3233 1491 3286 καὶ
1517 3233 1614 3302 μή.
1647 3232 1753 3285 Καὶ
1791 3232 1868 3282 ἔτι
1905 3230 1937 3300 ἢ

372 3330 494 3389 τοῖς
520 3327 925 3396 διδασκομένοις
953 3327 1218 3395 ἐντέχνως
1261 3327 1322 3378 ἐκ
1353 3322 1814 3392 προϋπαρχούσης
1852 3322 1941 3389 γί-

374 3435 533 3469 νεται
564 3414 838 3484 γνώσεως.
1064 3415 1124 3465 τὸ
1158 3414 1355 3466 εἰδέναι
1395 3415 1488 3464 καὶ
1521 3411 1582 3463 τὸ
1620 3411 1942 3462 ἐπίστασθαι

371 3509 624 3579 ἔχοντας,
655 3510 938 3570 δεκτικοὺς
967 3509 1065 3575 τῆς
1094 3504 1427 3575 δημιουργοῦ
1450 3503 1559 3556 τῶν
1580 3505 1718 3555 ὅλων
1751 3501 1943 3568 σοφίας

372 3601 526 3670 ἡμᾶς
556 3600 605 3651 οἱ
645 3597 780 3650 θεῖοι
812 3595 1052 3667 Πατέρες
1094 3595 1361 3662 φάσκουσι
1408 3592 1652 3661 γίνεσθαι
1686 3591 1775 3644 τὸν
1811 3590 1942 3641 ἐκά-

374 3710 530 3755 στοις
557 3693 746 3744 ἐνόντα
774 3691 993 3757 τρόπον.
1030 3689 1140 3742 Καὶ
1173 3687 1232 3738 τὸ
1274 3686 1516 3754 γνωστὸν
1554 3683 1648 3736 τοῦ
1675 3683 1808 3736 Θεοῦ
1843 3699 1945 3750 φα-

373 3782 537 3854 νερὸν
589 3780 678 3833 διὰ
720 3777 830 3831 τῶν
877 3777 1214 3848 κτισμάτων.
1248 3777 1537 3838 Ἀκτιστος
1580 3775 1634 3827 δὲ
1697 3775 1858 3842 σοφία
1913 3773 1941 3823 6

379 3874 518 3938 Υἱὸς
544 3873 639 3926 καὶ
667 3872 838 3940 Λόγος
865 3869 957 3923 τοῦ
984 3867 1139 3931 Θεοῦ,
1163 3868 1230 3921 δι’
1262 3862 1329 3938 ἦς
1360 3869 1452 3920 καὶ
1490 3869 1548 3919 ὲν
1650 3867 1717 3919 τὰ
1763 3865 1944 3918 πάντα

379 3968 602 4035 γέγονε.
632 3963 778 4033 Πλὴν
809 3961 932 4032 οὐχὶ
957 3960 1132 4030 τούτῳ
1163 3960 1333 4028 Λόγος
1359 3960 1393 4026 ἢ
1428 3959 1555 4019 Tib;
1580 3953 1623 4026 ᾧ
1643 3961 1736 4011 καὶ
1759 3959 1941 4026 σοφία.

385 4059 459 4111 Ἦ
498 4057 596 4127 μὲν
629 4057 738 4128 γὰρ
766 4055 893 4117 Υἱὸς
922 4053 1015 4106 καὶ
1047 4053 1215 4121 Λόγος
1248 4051 1313 4122 [1⁸.
1349 4051 1445 4106 151
1484 4049 1558 4122 υ.]
1594 4051 1745 4116 φωνὴ
1782 4051 1942 4120 μονό-

371 4164 586 4217 τροπον
616 4145 732 4214 ἔχει
765 4143 869 4212 τὴν
900 4143 1177 4211 σημασίαν
1196 4143 1290 4194 καὶ
1311 4139 1650 4209 ἁναφορικὴν
1685 4139 1820 4208 πρὸς
1848 4139 1940 4192 τὸν

381 4239 626 4308 Πατέρα,
657 4239 692 4306 ἡ
738 4236 793 4289 δὲ
820 4235 921 4304 τῆς
958 4234 1149 4302 σοφίας
1176 4232 1391 4304 διπλῆν.
1426 4233 1660 4300 Λέγεται
1695 4231 1794 4300 μὲν
1835 4234 1945 4302 γὰρ

377 4333 478 4386 καὶ
527 4328 650 4382 καθ’
692 4327 826 4382 αὐτὸ
864 4326 1025 4394 σοφία
1077 4325 1517 4393 καθολικωτέραν
1565 4323 1688 4394 ἕχον
1719 4323 1818 4392 τὴν
1862 4325 1948 4377 ἕν-

379 4438 555 4482 νοιαν,
599 4418 689 4471 ὅτε
709 4417 905 4469 ταυτὸν
932 4415 1016 4484 εἴη
1056 4412 1241 4482 σαφῶς
1267 4416 1332 4479 τῇ
1353 4411 1516 4482 οὐσίᾳ
1549 4413 1644 4464 καὶ
1680 4411 1828 4463 τοῦτ’
1861 4411 1948 4481 εἴη

1969 3184 2018 3238 C

2047 577 2357 635 ﬁebant:et
2383 580 2493 634 duo
2513 596 2668 649 reque
2699 589 2812 635 tum
2847 582 3086 636 audebat
3116 583 3398 649 virinepla
3433 603 3612 657 neque
3678 579 3701 590 ”

2047 669 2245 724 timens
2277 684 2453 738 neque
2478 685 2695 724 verens.
2728 670 2834 726 Ore
2876 671 3020 726 enim
3055 681 3244 726 contra
3284 673 3453 727 Deum
3479 691 3613 732 con-

2043 760 2254 814 vicians
2308 762 2459 814 nullo
2523 763 2684 815 modo
2761 761 2958 818 timore
3001 766 3356 834 capiebatur;
3414 768 3608 824 habitu

2042 861 2224 906 autem
2278 852 2568 905 inhonesto
2621 850 2856 906 furentis
2893 853 3038 908 illius
3094 859 3170 911 uti
3216 861 3385 915 moris
3423 877 3607 916 coram

2045 942 2223 995 oculis
2283 951 2362 996 tot
2397 957 2505 995 non
2544 942 2862 996 verebatur.
2920 946 2985 998 Et
3020 947 3167 1015 quod
3222 958 3348 1003 ante
3391 951 3608 1021 Trojam

2047 1033 2269 1104 Ulysscs
2309 1034 2401 1088 ille
2433 1035 2559 1088 olim
2598 1034 2816 1092 Homeri
2848 1038 3140 1091 Thersiten
3187 1042 3468 1110 garrulum
3515 1043 3611 1096 de-

2044 1125 2242 1181 ludens
2310 1125 2582 1181 facturum
2656 1143 2716 1182 se
2771 1144 2891 1184 esse
2957 1130 3345 1211 minatus.est,
3417 1143 3611 1185 exutu-

2044 1234 2164 1271 rum
2225 1218 2484 1272 nimirum
2541 1220 2865 1274 vestimenta
2931 1232 3124 1291 grata,
3190 1239 3311 1292 qua:
3361 1226 3609 1280 membra

2042 1307 2298 1376 pudenda
2345 1308 2506 1378 332
2557 1311 2760 1374 velant,
2820 1310 2925 1366 hoc
2980 1312 3072 1366 ille
3125 1327 3185 1366 se
3237 1311 3417 1366 facere
3479 1329 3612 1368 con-

2046 1409 2128 1455 tra
2171 1418 2230 1457 se
2292 1402 2516 1456 omnino
2583 1419 2694 1458 non
2754 1405 3245 1461 animadvertebat.
3303 1406 3426 1462 Haec
3477 1408 3616 1462 Gro-

2042 1509 2229 1564 goram
2277 1495 2529 1563 quamvis
2567 1497 2792 1551 omnino
2842 1512 2951 1550 non
3001 1497 3181 1551 ridere
3218 1498 3488 1551 volentem
3536 1500 3603 1552 ad

2042 1585 2337 1640 ridendum
2381 1585 2754 1652 adduxerunt,
2782 1596 2836 1642 et
2881 1596 2941 1642 ut
2987 1589 3207 1642 oculum
3255 1589 3608 1643 cavillanlem

2043 1678 2098 1732 in
2123 1694 2246 1732 eum
2279 1680 2580 1749 conjiciens
2611 1679 2724 1734 haec
2757 1679 2968 1734 diceret
2997 1695 3011 1731 :
3053 1679 3318 1748 Equidem
3355 1681 3611 1749 ignoran-

2049 1769 2178 1822 tiam
2212 1777 2358 1822 tuam
2391 1778 2446 1823 et
2483 1770 2882 1840 impudentiam
2917 1771 3207 1836 miserans,
3237 1773 3432 1834 amice,
3464 1787 3610 1825 nunc

2040 1871 2258 1924 quoque
2295 1857 2417 1910 volo
2465 1873 2656 1913 omnes
2688 1876 3029 1929 quaecunque
3071 1877 3265 1914 vocem
3317 1862 3606 1930 sapientiae

2038 1947 2292 2001 dividunt
2320 1949 2748 2016 significationes
2781 1951 3066 2020 proferens
3100 1954 3402 2005 secuti-lum
3433 1953 3610 2006 scicn-

2038 2038 2126 2094 tite
2151 2041 2420 2094 rationem
2456 2051 2506 2095 te
2536 2041 2734 2096 docere
2761 2060 2773 2096 :
2805 2053 2865 2095 ut
2890 2044 3015 2096 inde
3036 2044 3239 2109 discas,
3271 2045 3322 2097 in
3347 2054 3608 2113 quantam

2039 2132 2364 2201 pravitatem
2398 2133 2652 2203 adigatur
2693 2136 2736 2189 si
2763 2136 2888 2205 quis
2924 2145 3159 2204 nugatus
3191 2148 3471 2206 pervertat
3502 2140 3608 2191 im-

2039 2223 2674 2295 pudenter.Scripturas
2730 2226 2964 2280 divinas.
3028 2229 3378 2296 Sequendum
3446 2229 3610 2296 igitur

2038 2325 2123 2370 est
2154 2316 2312 2370 nobis
2357 2316 2663 2371 divinorum
2693 2319 2914 2372 Patrum
2948 2318 3037 2372 hic
3062 2335 3278 2387 quoque
3310 2320 3612 2375 institutio-

2040 2421 2186 2459 nem.
2221 2406 2550 2476 lntelligitur
2582 2409 2727 2461 enim
2760 2409 3030 2478 sapientia
3063 2409 3356 2478 dupliciter
3414 2425 3611 2464 secun-

2040 2497 2167 2551 dum
2201 2508 2454 2552 creatum:
2474 2509 2532 2555 et
2563 2501 2889 2565 increatum,
2950 2511 3114 2571 atque
3161 2511 3342 2556 creata
3385 2502 3607 2572 quidem

2041 2590 2242 2642 dicitur
2273 2592 2540 2660 sapientia
2591 2609 2656 2646 ea
2688 2609 2811 2662 qua:
2840 2593 3021 2647 infusa
3055 2604 3139 2646 est
3195 2610 3223 2648 a
3258 2593 3366 2646 Deo
3420 2594 3612 2647 sitnqu

2041 2695 2148 2749 que
2179 2681 2426 2735 confecta
2452 2684 2674 2746 creatis,
2733 2695 2791 2738 ut
2851 2685 3118 2749 sapientia
3169 2683 3259 2737 illa
3306 2684 3611 2737 secundum

2041 2771 2405 2825 Athanasium
2453 2787 2705 2843 magnum
2751 2774 3010 2828 onmibus
3041 2775 3362 2828 viderentur
3425 2774 3612 2828 simul-

2041 2877 2149 2930 que
2177 2861 2439 2917 Creatore
2463 2864 2622 2932 digna
2655 2883 2668 2917 :
2699 2866 3002 2919 secundum
3036 2881 3200 2935 quam
3252 2864 3614 2936 signiﬁcatio-

2044 2970 2169 3008 nem
2205 2956 2369 3009 etiam
2405 2957 2570 3010 David
2603 2959 2774 3012 ccelos
2803 2973 3066 3011 enarrare
3129 2957 3223 3011 Dei
3271 2959 3499 3027 gloriam
3532 2957 3616 3010 di-

2043 3048 2118 3101 cit
2153 3047 2320 3101 mutis
2349 3047 2569 3116 linguis.
2621 3049 2904 3119 Simulque
2954 3055 3137 3103 omnia
3178 3061 3360 3103 creata
3412 3050 3610 3103 cohor-

2047 3149 2194 3190 tatur
2231 3138 2299 3192 ad
2354 3140 2524 3193 Deum
2582 3140 2996 3203 celebrandum,
3049 3156 3392 3210 qua-cunque
3433 3142 3611 3194 anima

2047 3229 2270 3300 przedita
2319 3239 2374 3285 et
2403 3231 2684 3297 destituta,
2720 3247 3061 3300 quacunque
3099 3247 3260 3285 sensu
3318 3240 3444 3285 sunt
3471 3248 3613 3300 pr.e-

2044 3325 2156 3378 dita
2187 3332 2245 3378 et
2271 3323 2557 3387 destituta,
2583 3333 2638 3378 et
2665 3340 2829 3394 porro
2851 3340 2947 3378 eos
2979 3325 3071 3392 qui
3106 3325 3268 3378 docte
3316 3325 3614 3378 instituun-

2048 3425 2137 3469 tur
2176 3432 2244 3470 οι
2293 3416 2610 3486 cognitione
2663 3427 2822 3470 antea
2873 3416 3158 3470 substante
3193 3416 3288 3471 :in
3341 3433 3447 3486 qua
3488 3432 3612 3470 cum

2046 3505 2328 3558 scientiam
2349 3515 2404 3559 et
2432 3506 2851 3574 intelligentiam
2923 3506 3226 3560 habeamus
3287 3507 3471 3560 testari
3512 3521 3616 3561 nos

2045 3597 2367 3663 sapientiam
2403 3597 2590 3650 omnia
2641 3608 2919 3650 creantem
2975 3613 3076 3650 suo
3125 3614 3400 3666 quemque
3449 3599 3614 3651 insito

2047 3701 2201 3739 more
2227 3685 2416 3741 Patres
2445 3687 2615 3740 divini
2669 3688 3047 3750 contendunt;
3107 3703 3173 3740 ac
3239 3704 3359 3756 qua-
3421 3688 3615 3742 inDco

2047 3774 2300 3842 cognosci
2330 3783 2558 3842 possunt
2583 3774 2726 3827 clara
2758 3782 2887 3826 sunt
2944 3776 3144 3829 creatis
3171 3792 3186 3838 ;
3246 3775 3490 3829 increa.a
3518 3793 3618 3829 au-

2051 3873 2159 3918 tem
2191 3873 2274 3918 est
2318 3864 2584 3931 sapientia
2621 3865 2788 3918 Filius
2839 3875 2894 3918 et
2931 3868 3166 3920 Verbum
3196 3867 3309 3930 Dei,
3344 3883 3448 3936 qua
3479 3870 3612 3921 etin

2050 3972 2157 4025 qua
2185 3954 2440 4009 universa
2472 3955 2613 4009 facta
2647 3965 2793 4010 sunt.
2823 3957 2926 4010 Sed
2958 3973 3067 4010 non
3117 3967 3198 4011 est
3235 3960 3410 4012 eidem
3452 3959 3614 4030 333

2052 4062 2269 4116 semper
2305 4047 2533 4101 verbum
2565 4060 2656 4100 aut
2693 4046 2860 4100 Filius
2893 4049 2978 4102 cui
3006 4049 3293 4117 sapientia.
3325 4051 3438 4104 Vox
3467 4053 3614 4106 enim

2052 4135 2179 4190 Filii
2240 4145 2296 4191 et
2347 4136 2512 4191 Verbi
2587 4137 2887 4204 simplicem
2941 4137 3103 4190 habet
3160 4138 3614 4207 signiﬁcationem

2051 4237 2107 4284 et
2148 4227 2217 4282 ad
2244 4227 2462 4282 Patrem
2513 4227 2738 4281 relatam
2774 4243 2787 4279 :
2823 4230 3107 4296 sapientiae
3156 4239 3337 4283 autem
3383 4245 3487 4285 vox
3519 4231 3620 4286 du-

2052 4321 2271 4391 plicem.
2303 4321 2509 4376 Dicitur
2533 4323 2680 4374 enim
2716 4336 2811 4389 per
2881 4336 2940 4374 se
2970 4321 3236 4391 sapientia
3275 4322 3419 4390 quod
3452 4340 3620 4391 gone.

2055 4413 2310 4468 raliorem
2350 4415 2517 4469 habet
2545 4413 2852 4479 notionem,
2916 4414 3009 4468 ubi
3081 4424 3269 4483 aperte
3340 4415 3484 4469 idem
3536 4425 3620 4470 est

379 4509 443 4562 τὸ
467 4505 609 4562 εἶναι
643 4505 819 4578 ταύτῃ
862 4504 891 4557 δ
925 4503 986 4557 τὸ
1037 4505 1229 4572 σοφίαν
1275 4499 1412 4556 εἶναι
1440 4502 1583 4555 κατὰ
1626 4501 1718 4554 τὸν
1750 4501 1843 4554 τοῦ
1875 4502 1943 4552 εί.

2054 4520 2177 4560 cum
2207 4508 2444 4561 essentia
2476 4525 2489 4560 :
2526 4515 2690 4575 atque
2719 4506 2824 4560 hoc
2857 4506 3003 4560 idem
3060 4507 3176 4561 fere
3208 4519 3292 4560 est
3354 4509 3498 4576 quod
3533 4523 3622 4561 5a..

378 4602 509 4664 δους
551 4599 728 4651 εἰτουν
765 4596 857 4649 τὸν
901 4595 1002 4665 τῆς
1051 4594 1267 4664 φύσεως
1302 4591 1733 4663 καθολικώτερον
1769 4592 1946 4660 λόγον,

381 4695 474 4747 ὅτε
510 4691 674 4761 σοφία
703 4688 953 4744 καλεῖται
993 4689 1022 4740 6
1054 4686 1246 4757 Πατὴρ
1279 4686 1376 4738 καὶ
1401 4687 1429 4736 6
1460 4685 1588 4746 Υἱὸς
1618 4685 1816 4754 ὁμοίως
1845 4684 1950 4736 ῶσο

383 4801 496 4855 περ
551 4783 648 4835 καὶ
695 4780 855 4834 οὐσία
911 4781 1173 4845 ἑκάτερα.
1232 4778 1468 4845 Λέγεται
1505 4775 1564 4829 δὲ
1596 4777 1759 4845 σοφία
1787 4775 1882 4827 καὶ
1916 4775 1951 4844 ἡ

385 4876 691 4936 ὑπόστασις
733 4876 798 4927 ὲκ
837 4873 930 4927 τοῦ
968 4871 1405 4942 καθολικωτέρου
1434 4868 1790 4939 λαμῦάνουσα
1826 4867 1950 4921 τοῦ·

341 4985 551 5036 ,νομα,
584 4965 770 5034 ῶσπερ
804 4962 900 5016 καὶ
940 4959 1227 5031 ἄνθρωπόν
1261 4977 1440 5030 φαμεν
1471 4959 1684 5021 εἰδικῶς
1729 4959 1823 5012 καὶ
1855 4974 1952 5010 καο

384 5057 542 5110 θόλου
577 5056 674 5124 τὴν
720 5052 909 5105 οὐσίαν
951 5053 1046 5104 καὶ
1090 5053 1272 5120 φύσιν,
1314 5051 1491 5101 εῐτουν
1531 5047 1655 5100 καθ’
1691 5046 1822 5099 αὐτὸ
1856 5045 1952 5099 καὶ¹

382 5148 590 5218 κυρίως
640 5147 736 5200 καὶ
789 5144 996 5214 οὐδαμῆ
1050 5144 1186 5212 πρὸς
1225 5141 1433 5211 ἕτερον,
1484 5139 1598 5191 ἔστι
1646 5138 1692 5191 δ’
1729 5138 1817 5190 δτε
1851 5140 1947 5188 καὶ

382 5241 541 5309 τήνδε
564 5239 663 5306 τὴν
691 5237 1012 5298 ὑπόστασιν,
1042 5234 1134 5287 τὸν
1167 5231 1374 5301 Πέτρον
1415 5231 1637 5300 δηλαδὴ,
1669 5231 1727 5282 τὸ
1752 5229 1951 5282 εἰδικόν

380 5351 444 5385 τε
477 5332 573 5384 καὶ
603 5328 1038 5398 καθολικώτερον
1063 5328 1232 5392 ὄνομα
1264 5328 1344 5388 εἰς
1386 5326 1446 5377 τὸ
1481 5324 1829 5394 προσωπικὸν
1858 5323 1953 5376 καὶ

387 5424 593 5485 ἰδιάζον
649 5421 1070 5490 μεταφέροντες.
1108 5420 1181 5473 Οὐ
1233 5418 1342 5486 γάρ
1369 5419 1518 5470 ἐστιν
1551 5414 1827 5468 ἰδιώτατον
1856 5432 1953 5466 πε-

386 5518 765 5588 ρικλειόμενον
815 5517 849 5586 ἡ
885 5515 1047 5582 σοφία
1099 5515 1228 5579 τινὶ,
1283 5511 1391 5563 οὐδ’
1443 5509 1772 5580 ἁναφορικὸν
1805 5507 1880 5570 ὡς
1925 5511 1953 5560 6

371 5612 503 5673 -υἱδς
541 5611 679 5680 πρὸς
707 5608 799 5660 τὸν
823 5610 1027 5676 πατέρα
1065 5611 1156 5657 καὶ
1183 5608 1210 5657 6
1239 5604 1393 5670 λόγος
1425 5603 1560 5670 πρὸς
1590 5601 1678 5652 τὸν
1708 5593 1768 5651 οὗ
1799 5600 1953 5667 λόγος

386 5703 534 5753 ἐστὶν
566 5703 688 5751 εστὶ
735 5699 858 5760 νοῦς
885 5716 899 5730 ’
943 5699 1133 5768 τὰμὲν
1164 5702 1272 5767 γὰρ
1325 5696 1559 5764 οὑσιώδη
1607 5694 1700 5747 καὶ
1751 5692 1955 5760 φυσικὰ

389 5788 860 5862 περιεκτικώτερὰ
883 5793 986 5842 είσι
1017 5792 1107 5842 καὶ
1139 5792 1333 5856 ἄφετον
1359 5789 1468 5856 ἔχει
1499 5790 1594 5854 τὴν
1622 5786 1850 5850 ἔννοιαν,
1885 5787 1954 5840 τὰ

2052 4598 2211 4668 piens
2234 4600 2470 4653 essentia
2496 4599 2798 4652 secundum
2824 4599 3012 4652 forma:
3051 4599 3168 4652 sive
3207 4609 3415 4652 natura:
3448 4601 3618 4652 ratio-

2052 4703 2175 4741 nem
2207 4689 2622 4763 generaliorem,
2673 4688 2763 4741 ubi
2800 4690 3067 4759 sapientia
3097 4704 3322 4745 vocatur
3367 4692 3528 4746 Pater
3565 4700 3624 4753 et

2052 4780 2226 4834 Filius
2260 4781 2452 4834 eodem
2493 4782 2655 4835 modo
2693 4797 2804 4850 quo
2861 4782 3026 4836 etiam
3063 4785 3301 4838 essentia
3371 4795 3620 4860 utraque.

2053 4873 2264 4927 Dicitur
2297 4884 2478 4927 autem
2517 4874 2788 4943 sapientia
2834 4875 2997 4928 etiam
3055 4877 3380 4941 substantia,
3422 4863 3620 4932 nomen

2054 4963 2330 5032 accipiens
2356 4979 2386 5017 a
2425 4980 2625 5033 genere
2657 4983 2670 5018 :
2699 4975 2758 5019 ut
2787 4966 3090 5021 secundum
3115 4967 3342 5021 formam
3370 4979 3422 5022 et
3449 4986 3630 5039 genus

2053 5056 2346 5110 essentiam
2378 5066 2433 5111 et
2464 5067 2716 5112 naturam
2745 5057 2909 5112 etiam
2941 5059 3219 5114 hominem
3253 5064 3621 5130 appellamus,

2053 5145 2168 5200 sive
2201 5161 2297 5214 per
2328 5159 2387 5200 se
2421 5157 2476 5201 et
2501 5147 2744 5216 proprie,
2788 5158 2846 5202 et
2896 5149 3046 5202 nullo
3090 5151 3253 5204 modo
3323 5152 3624 5207 referentes

2054 5235 2120 5289 ad
2153 5236 2319 5290 aliud.
2350 5237 2634 5291 interdum
2674 5237 2842 5291 etiam
2913 5251 3119 5292 certam
3184 5244 3327 5298 hanc
3371 5245 3627 5302 substan-

2057 5327 2207 5392 tiam,
2246 5328 2470 5383 Pctrum
2503 5330 2785 5396 nimirum,
2817 5330 2892 5384 ita
2946 5342 3007 5386 ut
3065 5331 3256 5389 forma:
3299 5347 3354 5391 et
3405 5337 3626 5406 generis

2055 5433 2256 5474 nomen
2283 5419 2571 5475 incertum
2603 5431 2658 5474 et
2679 5431 2951 5475 secretum
2989 5426 3400 5482 transferamus.
3436 5428 3625 5498 Neque

2054 5510 2496 5577 enitn'sapientia
2525 5528 2648 5566 cum
2669 5513 2740 5567 sit
2787 5513 2992 5583 aliquid
3040 5521 3274 5574 maxime
3325 5531 3620 5585 secretum,

2055 5603 2482 5659 circumclusum
2516 5604 2621 5658 ulla
2660 5621 2739 5672 re,
2764 5622 2944 5677 neque
2996 5610 3187 5664 referri
3229 5609 3390 5664 debet
3444 5621 3506 5665 ut
3535 5611 3626 5666 Εἱ-

2055 5697 2163 5750 lius
2192 5696 2258 5749 ad
2288 5695 2530 5759 Patrem,
2596 5706 2650 5752 et
2697 5699 2837 5752 ratio
2897 5701 2964 5753 ad
3013 5702 3092 5764 id,
3150 5706 3304 5768 cujus
3354 5706 3494 5756 ratio
3542 5714 3627 5762 est

2058 5803 2230 5843 mens.
2266 5786 2591 5846 Essentialia
2619 5789 2768 5846 enim
2813 5801 2868 5845 et
2924 5792 3190 5848 naturalia
3236 5793 3401 5849 latius
3442 5805 3628 5872 patent
