4046 6290
481 325 589 386 295

1645 319 2062 380 ΝΙ(,Εί³ιιιηιι
2121 317 2501 378 ΟἶΕΟίίξΙὶίΕ

3631 323 3732 383 2'6

477 438 812 505 liberamque
847 435 1051 488 hahent
1111 436 1393 490 notionem
1431 451 1444 486 :
1478 448 1599 504 qum
1657 443 1840 486 autem
1913 432 2052 485 rere-

2160 433 2201 486 5’
2249 435 2558 503 ἀναφορικά
2597 436 2728 503 πρὸς
2773 435 2978 506 ἄλληλά
3027 436 3086 488 τέ
3131 437 3268 500 ἐστι,
3305 437 3398 487 καὶ
3429 439 3495 505 τῇ
3536 440 3736 504 μεταξὺ

479 537 676 580 runtur
713 529 858 579 inter
884 541 942 580 se
975 535 1030 580 et
1071 525 1260 579 habitu
1327 535 1519 578 mutuo
1575 525 1868 595 conjuncta
1930 535 2059 578 sunt

475 635 658 689 neque
695 619 804 672 ullo
831 619 994 672 modo
1019 619 1345 671 conceditur
1381 617 1447 670 iis
1511 627 1569 669 ut
1607 617 1924 671 liberiorem
1959 616 2059 672 ha-

471 707 643 764 beant
669 709 1122 778 signiﬁcationem
1153 726 1168 774 ;
1199 717 1258 760 ut
1287 709 1452 778 igitur
1481 709 1644 762 Pater
1681 719 1766 762 est
1795 710 2056 774 esse:.tia,

479 802 649 856 Filius
683 803 944 864 essentia,
984 803 1223 870 Spiritus
1257 809 1482 854 sanctus
1531 803 1791 858 essentia.
1825 801 1900 854 ita
1966 801 2062 855 Pa-

479 903 562 947 ter
591 892 754 948 etiam
793 893 1082 961 Sapientia,
1127 891 1290 964 334
1317 892 1492 946 Filius
1533 891 1824 960 sapientia,
1885 891 2061 960 Spiri-

478 997 566 1040 tus
593 995 814 1040 sanctus
851 985 1119 1053 sapientia
1152 1003 1164 1038 :
1196 985 1470 1054 simulque
1514 985 1782 1052 sapientia
1821 1000 1948 1047 una,
2001 993 2062 1038 ut

475 1080 712 1133 essentia
744 1095 870 1138 una,
913 1093 1092 1146 neque
1139 1093 1271 1130 vero
1301 1077 1584 1145 sapientia:
1614 1085 1727 1130 tres
1747 1117 1760 1140 ,
1793 1087 1852 1132 ut
1883 1093 2061 1145 neque

478 1181 585 1224 tres
619 1169 893 1223 essentne.
939 1167 1073 1224 Cum
1112 1169 1278 1237 igitur
1318 1169 1492 1222 Filius
1523 1167 1698 1222 dicit:
1739 1187 1756 1218 ‹
1793 1167 1907 1236 Ego
1938 1183 2058 1223 sum

475 1261 761 1330 sapientia,
797 1279 814 1312 ι
865 1270 919 1314 et
979 1275 1171 1314 rursus
1221 1259 1522 1330 Apostolus
1559 1277 1572 1316 :
1612 1279 1629 1310 ι
1678 1261 1931 1314 Christus
1965 1260 2059 1314 Dei

475 1354 718 1424 potentia
757 1363 812 1406 et
851 1353 942 1406 Dei
1001 1353 1294 1421 sapientia,
1345 1371 1364 1402 ι
1402 1362 1462 1408 ut
1515 1369 1580 1406 ex
1633 1353 1792 1407 Patre
1829 1355 1920 1422 qui
1978 1363 2063 1409 est

479 1447 724 1514 potentia
761 1455 818 1498 et
843 1445 1138 1512 sapientia,
1187 1444 1405 1512 genitus
1439 1445 1736 1512 cogitatur,
1797 1455 1856 1498 ut
1885 1445 1978 1498 lux
2030 1460 2062 1500 e

477 1539 622 1596 luce,
665 1544 722 1589 et
753 1535 898 1588 Deus
919 1549 948 1587 e
977 1535 1246 1600 Deo.Quo
1269 1535 1432 1604 igitur
1462 1535 1761 1604 impietatis
1793 1551 1899 1589 non
1931 1553 2061 1605 pro-

475 1632 654 1695 cedit,
697 1631 789 1698 qui
867 1631 1106 1692 dixerit,
1161 1630 1326 1684 Deum
1388 1646 1508 1686 esse
1566 1632 1914 1701 suppositum
1977 1649 2063 1686 sa-

475 1721 696 1792 pientiae
747 1730 1006 1790 tanquam
1038 1721 1336 1784 accidenti,
1375 1739 1550 1790 neque
1579 1723 1906 1792 sapientiam
1937 1739 2060 1780 esse

475 1813 658 1884 potius
711 1812 1043 1877 essentiam;
1093 1827 1272 1882 neque
1341 1815 1513 1868 Deum
1577 1831 1700 1870 esse
1754 1825 1814 1868 ut
1876 1831 2062 1870 essen-

477 1909 608 1964 tiam
633 1923 812 1972 suam,
843 1908 915 1961 ita
947 1907 1113 1962 etiam
1157 1906 1482 1974 sapientiam
1511 1923 1690 1973 suam,
1729 1909 1826 1964 sed
1883 1910 1940 1964 in
1991 1925 2059 1965 eo

477 2001 614 2053 utin
647 1998 935 2068 supposito
973 2011 1232 2064 tanquam
1272 1997 1626 2052 artificiosam
1659 2001 1816 2053 istam
1844 2001 2062 2070 sapien-

475 2091 605 2145 tiam
633 2091 900 2143 inanimo
957 2090 1226 2142 humano?
1281 2089 1398 2144 Hoc
1453 2091 1598 2144 enim
1659 2090 1836 2146 lacere
1889 2093 2058 2148 etiam

475 2197 708 2251 magnus
729 2181 1063 2234 Athanasius
1105 2179 1325 2248 regulas
1353 2189 1409 2234 et
1445 2181 1594 2250 leges
1643 2183 2060 2253 philosophicas

476 2273 726 2326 veritatis
761 2282 984 2324 secutus
1043 2267 1202 2323 valde
1258 2279 1428 2334 vetat,
1474 2270 1780 2339 impietatis
1831 2272 2060 2340 partici-

475 2381 574 2432 pes
607 2363 788 2416 reddit
817 2371 1022 2416 sectam
1065 2377 1256 2414 eorum
1287 2371 1529 2426 secutos,
1569 2361 1663 2431 qui
1727 2363 1780 2416 in
1807 2363 1919 2416 Deo
1977 2363 2062 2416 di—

475 2464 601 2510 cant
623 2467 746 2508 esse
799 2453 1124 2521 sapientiam
1195 2461 1256 2504 ut
1310 2451 1556 2506 habitum
1608 2453 1952 2508 accidentem
2005 2463 2060 2508 et

479 2565 590 2604 non
629 2545 993 2610 aceideutem,
1029 2561 1204 2615 neque
1263 2561 1394 2599 vero
1429 2547 1607 2614 ipsum
1661 2561 1785 2600 esse
1843 2547 2061 2616 sapien-

478 2639 630 2693 tiam.
659 2637 760 2692 llic
791 2638 952 2706 igitur
997 2653 1122 2690 cum
1184 2637 1452 2705 sapientia
1504 2635 1576 2690 sit
1609 2635 1832 2705 duplex,
1889 2641 2059 2690 altera

475 2746 672 2785 creans
710 2739 766 2784 et
803 2730 974 2797 prima
1003 2739 1058 2783 et
1093 2727 1320 2794 faciens,
1356 2731 1526 2782 altera
1579 2739 1783 2790 creata,
1819 2728 2058 2798 itemque

476 2821 647 2872 altera
723 2819 1063 2888 excogitatis,
1121 2819 1290 2871 altera
1352 2819 1676 2886 excogitata,
1735 2817 1862 2870 dein
1928 2819 2056 2871 item

473 2913 648 2964 altera
695 2924 1092 2979 progenerans,
1177 2908 1348 2962 altera
1423 2907 1640 2972 effecta,
1695 2905 1944 2976 sequitur
1999 2917 2060 2962 ut

474 3003 621 3056 illius
665 3002 887 3072 quidem
930 3002 1001 3056 sit
1033 3001 1248 3070 genitor
1277 3009 1333 3054 et
1367 2999 1528 3054 Pater
1555 3001 1722 3060 Deus,
1773 2998 1938 3069 hujus
1964 3015 2060 3052 au-

2163 526 2497 595 συνδεόμενα
2525 529 2706 597 σχέσει
2738 529 2938 596 ἄφετον
2967 529 3111 598 ἔχειν
3133 531 3340 598 οὐδαμῆ
3374 533 3736 600 συγχωρεῖται

2159 619 2579 686 τὴνσημαςίαν.
2617 620 2830 688 Ὥσπερ
2871 615 2964 673 οἷν
3008 621 3166 672 οὐσία
3211 620 3238 671 ὀ
3279 621 3492 690 llatth
3525 621 3681 672 θῦῖίπ
3713 624 3740 672 ὁ

2161 711 2310 772 Υἱὸς,
2341 713 2496 766 οὐσία
2532 711 2591 763 τὸ
2625 711 2845 778 Πνεῦμα
2877 712 2939 762 τὸ
2975 714 3148 778 Ξγιον,
3183 710 3356 772 οὕτως
3399 711 3505 780 ἄρα
3532 713 3625 763 καὶ
3655 727 3738 762 σο-

2163 801 2260 872 φία
2302 803 2329 854 6
2365 803 2576 871 Πατὴρ,
2612 801 2773 867 σοφία
2810 804 2836 854 6
2891 801 3040 865 Υἱὸς,
3083 801 3244 869 σοφία
3289 801 3350 852 τὸ
3405 801 3632 870 Πνεῦμα
3682 801 3741 852 τδ

2161 893 2316 960 ἅγιον
2335 908 2350 922 ⁶
2379 891 2474 944 καὶ
2497 891 2632 960 ὁμοῦ
2662 891 2759 960 μία
2781 890 2942 956 σοφία
2965 890 3039 950 ὡς
3061 889 3158 956 μία
3181 889 3359 951 οὐσία,
3396 890 3488 940 καὶ
3511 887 3572 938 οὐ
3593 889 3742 956 τρεῖς

2165 984 2350 1052 σοφίαι
2381 983 2572 1052 ὥσπερ
2603 981 2722 1034 οὐδὲ
2756 983 2908 1050 τρεῖς
2959 981 3159 1034 οὐσίαι.
3191 980 3362 1032 Ὅταν
3413 978 3507 1032 οὖν
3544 982 3573 1031 6
3615 979 3744 1041 Υίδς

2161 1074 2320 1143 λέγῃ,
2358 1092 2376 1124 ι
2421 1072 2565 1140 Ἐγὼ
2595 1075 2711 1142 εἰμι
2743 1073 2776 1140 ἡ
2810 1071 2996 1140 σοφία,
3037 1089 3056 1121 ›
3102 1070 3196 1124 καὶ
3224 1070 3294 1124 αὖ
3324 1073 3350 1124 6
3393 1071 3738 1135 ’Λπὸστολος,

2169 1184 2187 1217 ι
2222 1165 2456 1236 Χριστὸς
2504 1163 2639 1216 Θεοῦ
2688 1163 2916 1228 δύναμις
2963 1163 3057 1215 καὶ
3093 1163 3229 1216 Θεοῦ
3287 1163 3470 1230 σοφία,
3507 1181 3526 1212 ι
3569 1163 3644 1226 ὡς
3679 1165 3742 1214 ἐκ

2169 1260 2381 1326 Πατρὶς
2410 1259 2697 1327 δυνάμεως
2733 1257 2884 1322 ὄντος
2936 1259 3032 1311 καὶ
3075 1259 3266 1328 σοφίας
3297 1260 3520 1322 νοεῖται,
3553 1257 3744 1326 ὥσπερ

2164 1351 2279 1418 φῶς
2308 1351 2372 1403 ἐκ
2407 1349 2585 1420 φωτὸς
2607 1351 2704 1402 καὶ
2731 1349 2862 1412 Θεὸς
2901 1350 2966 1401 ὲκ
2995 1349 3152 1403 Θεοῦ.
3191 1350 3299 1402 Ποῦ
3335 1351 3516 1404 τοίνυν
3551 1351 3652 1403 οὐκ
3679 1351 3746 1402 ἂν

2163 1442 2414 1504 ἀσεὸείας
2455 1441 2668 1495 ἐλαύνοι
2709 1442 2800 1494 τὸν
2827 1441 2960 1494 Θεὸν
2989 1441 3316 1496 ὑποκεῖσθαι
3347 1443 3525 1511 λέγειν
3553 1445 3620 1512 τῇ
3657 1459 3746 1493 σο-

2165 1534 2265 1604 φίᾳ
2294 1533 2544 1601 καθάπερ
2575 1533 2968 1602 συμϐεϐηκότι,
3003 1537 3096 1586 καὶ
3130 1533 3208 1604 μὴ
3237 1531 3381 1587 εἶναι
3418 1535 3622 1603 μᾶλλον
3647 1533 3744 1603 τὴν

2167 1627 2360 1694 σοφίαν
2402 1626 2614 1688 οὐσίαν,
2649 1625 2788 1696 μηδὲ
2821 1625 2913 1678 τὸν
2937 1625 3070 1680 Θεὸν
3099 1622 3264 1688 εἶναι,
3299 1625 3492 1694 ὥσπερ
3523 1627 3622 1696 τὴν
3652 1627 3746 1678 of»

2170 1717 2292 1768 σίαν
2327 1717 2513 1782 αὐτοῦ,
2550 1716 2692 1770 οὕτω
2720 1718 2815 1771 καὶ
2839 1719 2938 1788 τὴν
2964 1718 3158 1786 σοφίαν
3189 1717 3375 1784 αὐτοῦ,
3410 1717 3526 1770 ἀλλ’
3557 1721 3616 1772 ὲν
3647 1719 3748 1770 αὖ·

2166 1809 2242 1878 τῷ
2259 1808 2333 1873 ὡς
2357 1811 2413 1860 ἐν
2443 1810 2810 1878 ὑποκειμένῳ,
2839 1809 3092 1883 καθάπερ
3114 1813 3214 1882 τὴν
3245 1811 3500 1882 τεχνικὴν
3513 1813 3744 1880 ταυτηνὶ

2166 1902 2362 1969 σοφίαν
2398 1901 2456 1952 ὲν
2478 1901 2792 1973 ἀνθρωπίνῃ
2815 1901 3001 1974 diem;
3033 1903 3208 1958 Τοῦτο
3249 1907 3356 1975 γὰρ
3386 1905 3482 1956 καὶ
3507 1907 3534 1957 6
3569 1905 3744 1974 μέγας

2176 1993 2518 2058 Ἀϐανάσιος,
2559 1993 2750 2046 κανόσι
2781 1995 2876 2048 καὶ
2899 1995 3086 2065 νόμοις
3113 1998 3563 2066 ἔπιστημονικοῖς
3607 1997 3744 2066 ἀλη-

2165 2085 2315 2148 οείας
2351 2085 2639 2155 ἑπόμενος,
2665 2085 2784 2137 λίαν
2819 2087 3154 2158 ἀπαγορεύει
3187 2089 3283 2141 καὶ
3313 2089 3568 2152 ἀσεϐείας
3597 2091 3742 2142 ἀποο

2164 2178 2356 2248 κληροῖ
2382 2178 2703 2242 θιασώταις,
2735 2179 2868 2247 περὶ
2891 2180 2982 2232 τὸν
3011 2179 3144 2232 Θεὶν
3174 2174 3313 2235 εἶναι
3341 2181 3610 2245 φάσκουσι
3643 2181 3744 2250 τὴν

2165 2269 2354 2337 σοφίαν
2383 2269 2458 2332 ὡς
2489 2267 2601 2331 ἕξιν
2629 2267 3042 2337 συμϐαίνουσαν
3067 2271 3162 2322 καὶ
3195 2271 3742 2339 ἀποσυμὸαίνουσανν

2163 2360 2259 2410 καὶ
2293 2357 2504 2427 οὐδαμῆ
2537 2373 2599 2425 γε
2645 2357 2844 2425 σοφίαν
2891 2359 3072 2412 αὐτόν.
3111 2360 3317 2428 Διπλῆς
3359 2359 3598 2412 ἐνταῦθα
3628 2374 3740 2414 τοι·

2162 2449 2369 2521 γαροῠν
2397 2451 2500 2520 τῆς
2527 2449 2720 2518 σοφίας
2752 2449 2941 2518 οῡσης,
2979 2451 3077 2516 τῆς
3108 2451 3208 2519 μὲν
3248 2452 3649 2522 δημιουργικῆς

2160 2547 2253 2596 καὶ
2304 2543 2540 2612 ἀρχικῆς
2579 2543 2674 2596 καὶ
2728 2542 3042 2610 ποιητικῆς,
3073 2545 3171 2610 τῆς
3216 2543 3272 2596 δὲ
3303 2543 3744 2612 δημιουργουμέ-

2162 2652 2278 2704 νης,
2309 2635 2404 2686 καὶ
2432 2634 2534 2702 τῆς
2586 2633 2684 2704 μὲν
2713 2633 3064 2702 σοφιζούσης,
3117 2625 3218 2704 τῆς
3260 2635 3316 2687 δὲ
3353 2636 3738 2704 σοφιζομένης,

2161 2727 2256 2778 καὶ
2284 2727 2382 2796 τῆς
2415 2726 2515 2793 μὲν
2561 2726 2938 2794 γεννωμένης,
2977 2726 3076 2794 τῆς
3105 2725 3161 2778 δὲ
3214 2726 3572 2795 ποιουμένης,
3605 2725 3740 2778 ’έπε-

2162 2835 2252 2870 ται
2281 2818 2376 2885 τῆς
2403 2816 2469 2888 [ι.
2503 2816 2605 2872 152
2635 2813 2712 2887 r.]
2733 2815 2832 2885 μὲν
2863 2811 3004 2869 εἶναι
3035 2817 3337 2886 γεννήτορα
3365 2817 3458 2868 τὸν
3489 2815 3620 2869 Θεὸν
3643 2815 3740 2870 καὶ

2163 2911 2406 2979 Πατέρα,
2441 2909 2544 2973 τῆς
2574 2909 2630 2961 δὲ
2687 2911 2918 2980 ποιητὴν
2947 2912 3038 2962 καὶ
3081 2909 3444 2978 δημιουργὸν,
3471 2908 3564 2961 καὶ
3597 2904 3740 2964 εἶναι

2160 3003 2248 3055 διὰ
2277 3001 2451 3054 ταῦτα
2477 3003 2572 3053 καὶ
2607 3001 2812 3054 τούτων
2843 3002 2942 3070 τὴν
2986 3001 3085 3070 μὲν
3131 3003 3318 3054 οὐσίαν
3355 3002 3528 3055 ἀΐδιόν
3557 3021 3614 3056 τε
3645 3005 3740 3056 καὶ

477 3107 584 3148 tem
611 3093 804 3148 artifex
838 3102 896 3146 et
933 3101 1175 3158 creator,
1211 3099 1266 3144 et
1314 3103 1374 3145 ut
1411 3101 1700 3161 propterea
1741 3091 1934 3143 harum
1988 3091 2055 3144 sit

2161 3097 2435 3165 ἄτρεπτον
2463 3095 2556 3148 καὶ
2605 3095 2868 3162 ἀκίνητον
2900 3095 3030 3164 (δεῖν
3066 3094 3174 3165 γὰρ
3215 3089 3356 3146 εἶναι
3385 3097 3740 3150 παντάπασιν

473 3189 642 3242 altera
676 3185 924 3238 essentia
960 3183 1294 3252 sempiterna
1322 3193 1377 3236 et
1421 3184 1644 3236 immota
1711 3190 1768 3236 et
1800 3183 2056 3235 immuta-

475 3277 624 3340 bilis,
669 3283 1068 3343 ClllllOpOl’ltial
1109 3289 1236 3327 esse
1295 3273 1522 3327 omnino
1583 3273 1878 3328 essentiam
1934 3288 2056 3342 quae

473 3368 733 3421 universa
759 3367 993 3433 primum
1035 3374 1251 3418 moveat
1313 3365 1596 3418 immotam
1648 3373 1704 3418 et
1741 3377 1838 3432 per
1889 3379 1948 3417 se
1999 3373 2056 3417 et

476 3455 865 3526 peraccidens,
919 3455 1098 3508 altera
1155 3463 1336 3507 autem
1388 3469 1604 3522 semper
1657 3453 1940 3507 mutabilis
2001 3461 2058 3506 ct

475 3549 693 3602 mobilis
723 3557 778 3600 et
844 3563 1063 3615 semper
1121 3554 1266 3598 mota
1316 3545 1620 3599 secundum
1684 3545 1895 3598 similes
1957 3544 2052 3613 qui

475 3641 530 3695 iu
565 3641 900 3694 creationem
929 3650 982 3692 et
1021 3641 1316 3692 essentiam
1349 3647 1406 3691 et
1455 3637 1710 3691 ordinem
1762 3636 1898 3691 ﬁunt
1925 3652 2054 3706 pro-

473 3739 674 3786 ventus
704 3745 896 3784 eorum
923 3745 1044 3796 qua:
1063 3727 1222 3798 335
1247 3728 1390 3798 apud
1424 3743 1526 3782 nos
1578 3737 1728 3792 sunt,
1786 3737 1838 3781 et
1872 3728 2046 3780 inter-

475 3825 604 3877 dum
650 3839 714 3877 ex
753 3821 983 3874 monade
1011 3821 1236 3874 deﬁnita
1267 3821 1320 3873 in
1381 3819 1753 3874 multitudinis
1809 3819 2054 3873 inﬁnita-

475 3924 584 3968 tem
643 3915 908 3983 proeedat
985 3913 1351 3975 indelinitam;
1417 3911 1698 3964 interdum
1749 3922 1932 3965 autem
1987 3925 2055 3964 ex

477 4007 683 4059 unitate
708 4005 931 4058 delinita
961 4008 1265 4058 secundum
1296 4005 1704 4073 Oppositionem
1738 4003 1806 4056 ad
1867 4001 2052 4056 inlini-

477 4107 642 4151 tatem
679 4103 892 4152 recedat
915 4097 1278 4148 indetinitain.
1319 4095 1552 4149 Generis
1581 4094 1727 4148 enim
1766 4093 2053 4161 cujusdam

473 4189 723 4243 obtinere
754 4197 810 4242 et
841 4189 1071 4240 rationis
1105 4187 1284 4240 locum
1321 4187 1488 4238 etiam
1523 4183 1880 4252 artificiosam
1909 4183 2052 4236 hanc

473 4277 794 4343 sapientiam
827 4277 1086 4328 dixerunt
1117 4285 1329 4329 veteres
1347 4273 1658 4343 philosophi
1691 4284 1746 4328 et
1779 4273 2051 4341 theologi;

473 4376 640 4434 atque
673 4376 733 4420 ut
767 4383 945 4435 neque
989 4383 1160 4436 genus
1185 4368 1374 4421 abesse
1405 4376 1584 4436 potest
1619 4365 1690 4420 ab
1723 4366 1790 4419 iis
1817 4379 2052 4434 quarum

2157 3185 2255 3253 τὴν
2290 3183 2356 3236 τὰ
2413 3185 2590 3237 πάντα
2639 3185 2875 3255 πρώτως
2932 3185 3198 3237 κινοῦσαν
3253 3185 3443 3238 οὐσίαν
3479 3187 3742 3254 ἀκίνητον

2157 3273 2280 3328 καθ’
2313 3274 2446 3327 αὐτό
2481 3291 2538 3326 τε
2577 3273 2693 3344 ἅμα
2719 3275 2814 3327 καὶ
2845 3276 2984 3326 κατά
3015 3275 3411 3346 συμϐεϐηκὸς),
3453 3277 3556 3348 τὴν
3579 3279 3622 3330 6"
3652 3280 3742 3332 ἀεὶ

2157 3367 2400 3438 τρεπτὴν
2448 3369 2542 3420 καὶ
2595 3367 2894 3437 ἀλλοιωτὴν
2927 3371 3020 3421 καὶ
3065 3369 3153 3424 ἀεὶ
3210 3371 3539 3442 κινουμένην
3597 3374 3742 3426 κατά

2156 3457 2254 3516 τάς
2290 3458 2369 3518 είς
2419 3457 2636 3522 γένεσιν
2685 3453 2779 3508 καὶ
2811 3457 3066 3508 οὐσίωσιν
3097 3459 3191 3509 καὶ
3233 3457 3393 3522 τάξιν
3437 3460 3742 3527 ἀναλόγους

2161 3545 2421 3618 προόδους
2451 3547 2558 3599 τῶν
2591 3545 2714 3600 καθ’
2739 3549 2910 3616 ἡμᾶς,
2942 3551 3036 3600 καὶ
3069 3549 3164 3601 νῦν
3206 3549 3305 3617 μὲν
3331 3549 3390 3615 ἐξ
3421 3551 3738 3620 ὡρισμένης

2163 3639 2390 3706 μονάδος
2445 3641 2522 3701 είς
2575 3640 2815 3710 πλήθους
2865 3641 3123 3709 ἀπειρίαν
3153 3641 3412 3712 ἀνιοῦσαν
3461 3643 3736 3712 ἀίριστον,

2157 3731 2254 3783 νῦν
2283 3731 2329 3782 δ’
2361 3731 2418 3797 ἐξ
2450 3731 2764 3800 ὡρισμένης
2810 3731 3062 3800 ὁλότητος
3107 3733 3227 3784 κατ’
3273 3711 3738 3806 ἀντιπεπόνθησιν

2157 3825 2295 3892 πρὸς
2321 3825 2581 3892 ἀπειρίαν
2601 3823 2902 3876 κατιοῦσαν
2934 3825 3213 3894 ἀόριστον.
3239 3821 3438 3889 Γένους
3464 3829 3574 3896 γάρ
3591 3844 3740 3891 τινος

2158 3915 2378 3984 ἐπέχειν
2431 3916 2525 3966 καὶ
2578 3916 2718 3978 ἰδέας
2750 3917 2918 3968 τόπον
2949 3915 3043 3968 καὶ
3083 3917 3180 3984 τὴν
3234 3919 3492 3987 τεχνικὴν
3529 3921 3738 3990 ταύτην

2159 4007 2354 4073 σοφίαν
2382 4005 2594 4074 ἔφασαν
2641 4009 2689 4058 οἱ
2725 4007 2890 4060 πάλαι
2921 4007 3390 4078 φιλοσοφήσαντες
3419 4011 3514 4062 καὶ
3559 4011 3740 4062 020100-

2159 4101 2446 4169 γήσαντες.
2483 4097 2593 4151 Καὶ
2619 4099 2692 4162 ὼς
2727 4099 2850 4153 οὔτε
2877 4101 2940 4154 τὸ
2965 4101 3120 4170 γένος
3159 4103 3384 4154 ἀπεῖναι
3409 4103 3639 4156 δυνατὸν
3663 4099 3736 4156 ὧν

2157 4192 2272 4242 ἐστι
2297 4191 2452 4258 γένος
2485 4190 2641 4242 εἱδῶν
2671 4191 2764 4243 καὶ
2793 4193 3036 4260 ἀτόμων,
3083 4190 3196 4245 οὒτ’
3223 4187 3290 4246 αὖ
3333 4192 3432 4261 τὴν
3465 4193 3612 4246 ίδέαν
3651 4194 3740 4246 οἴε-

2159 4296 2257 4332 σαν
2286 4279 2472 4330 οὐσίαν
2499 4271 2573 4330 ὧν
2601 4281 2752 4330 ἐστιν
2781 4278 2895 4344 ίδέα
2922 4283 3285 4348 πραγμάτων,
3311 4281 3482 4343 οὕτως
3501 4281 3619 4336 οὐδὲ
3645 4283 3738 4352 τὴν

2155 4371 2410 4438 τεχνικὴν
2446 4369 2639 4437 σοφίαν
2678 4372 2846 4440 χωρὶς
2881 4367 3024 4425 εἶναι
3066 4373 3174 4425 τῶν
3207 4375 3330 4425 καθ’
3373 4375 3584 4428 ἕκαστα
3617 4379 3740 4427 ταύ-

473 4469 559 4512 est
586 4457 966 4524 genusformis
995 4467 1050 4512 et
1076 4459 1292 4523 atomis,
1347 4473 1526 4527 neque
1577 4458 1716 4510 ratio
1776 4471 1898 4525 quae
1963 4465 2048 4510 est

2160 4479 2256 4530 της
2314 4462 2470 4516 είδῶν
2505 4461 2598 4514 καὶ
2655 4463 2895 4532 ἀτόμων,
2933 4465 2994 4516 οὗ
3059 4465 3263 4535 μᾶλλόν
3303 4467 3353 4534 γ’
3385 4470 3452 4520 ἀν
3503 4468 3533 4535 ἢ
3571 4468 3636 4520 τά
3683 4471 3738 4520 ἐν

473 4547 712 4602 essentia
742 4549 810 4600 ab
852 4549 938 4614 iis,
969 4564 1202 4616 quarum
1249 4558 1334 4602 est
1365 4551 1504 4602 ratio
1550 4547 1737 4612 rebus,
1771 4547 1847 4600 ita
1875 4561 2056 4616 neque

473 4639 826 4692 artiﬁciosum
866 4639 1188 4706 sapientiam
1219 4639 1524 4709 sejunctam
1583 4653 1704 4693 esse
1766 4652 1797 4690 a
1825 4637 2056 4707 quibus-

475 4746 582 4798 que
613 4729 772 4799 hujus
803 4728 995 4782 innuis
1019 4741 1073 4784 et
1102 4732 1300 4784 atomis
1340 4747 1354 4784 :
1389 4746 1499 4784 non
1527 4730 1697 4799 magis
1755 4745 1917 4798 quam
1959 4745 2054 4784 su-

477 4817 727 4890 perlicies
751 4837 1065 4888 ιὀηιοΐιιιιὶ,
1089 4839 1226 4890 quas
1249 4833 1306 4877 et
1331 4825 1476 4892 ipsas
1499 4839 1608 4877 non
1640 4839 1762 4878 esse
1813 4838 2049 4892 unquam

477 4929 572 4980 per
599 4927 654 4964 se
683 4912 886 4965 scimus
926 4913 1040 4966 sive
1069 4915 1366 4982 suppositis
1400 4929 1633 4982 quorum
1689 4923 1818 4967 sunt
1864 4929 2054 4982 super-

478 5002 644 5054 ticies.
691 5003 892 5055 Omnes
916 5003 1082 5070 igitur
1107 5005 1354 5056 scientiae
1412 5010 1468 5056 et
1503 5013 1649 5056 artes
1679 5005 1958 5071 sapientes
1983 5019 2052 5056 ex

475 5096 578 5148 hac
629 5099 900 5165 sapentia
963 5098 1262 5151 artiﬁciosa
1309 5097 1568 5164 pendent,
1635 5099 1786 5150 velut
1847 5097 2050 5150 diversi

472 5187 669 5242 radicis
719 5190 882 5243 unius
914 5191 1050 5242 rami
1099 5197 1194 5242 :et
1227 5199 1286 5241 ut
1317 5189 1462 5240 Deus
1514 5195 1598 5239 est
1637 5187 1886 5240 omnium
1949 5203 2052 5240 au-

471 5287 591 5332 ctor
622 5287 678 5333 et
735 5281 1049 5350 progenitor
1083 5321 1098 5344 ,
1139 5279 1214 5332 ita
1254 5279 1422 5331 etiam
1469 5277 1632 5346 hujus
1682 5291 1746 5330 ex
1803 5293 1908 5344 qua
1971 5278 2048 5330 illi

469 5373 731 5440 pendent.
764 5373 1126 5438 Quamobrem
1164 5371 1237 5422 ibi
1284 5369 1506 5438 quidem
1564 5369 1880 5438 conjunctio
1930 5385 2050 5422 mu-

445 5447 561 5516 ltua
595 5473 652 5515 et
683 5465 876 5517 relatio
931 5467 1108 5516 locum
1177 5461 1392 5516 obtinet
1466 5471 1522 5514 ut
1583 5461 1859 5528 propriam
1935 5463 2042 5514 vim

469 5557 696 5608 onmino
717 5557 986 5609 sinceram
1027 5565 1226 5618 servet,
1264 5571 1386 5608 cum
1414 5556 1525 5608 sint
1551 5555 1796 5624 ejusdem
1829 5554 2046 5623 generis

468 5646 1062 5714 etidrpioddividitur
1115 5657 1170 5698 et
1201 5661 1262 5698 ea
1335 5648 1388 5698 in
1437 5662 1556 5714 qua:
1607 5644 1912 5700 dividitur:
1958 5645 2044 5696 hin

464 5748 646 5790 autem
689 5741 776 5792 ida
807 5754 928 5792 cum
967 5739 1076 5792 sint
1117 5749 1288 5808 usque
1341 5741 1404 5793 ad
1439 5739 1611 5796 solam
1667 5753 1854 5791 \ocem
1909 5739 2040 5790 ιιιιί-

973 5933 1002 5958 Ι

2159 4553 2382 4624 σώμασι
2421 4553 2716 4623 χρώματα,
2763 4553 2798 4607 ἃ
2833 4557 2926 4607 καὶ
2956 4555 3096 4610 αὐτά
3129 4557 3205 4627 μὴ
3247 4554 3385 4612 εἶναί
3435 4577 3566 4612 ποτε
3613 4562 3737 4612 καθ’

2157 4647 2298 4699 αὑτά
2325 4646 2482 4714 ίσμεν
2501 4646 2631 4700 ἄνευ
2649 4639 2725 4699 ὧν
2749 4647 2892 4699 ἐστιν
2914 4649 3296 4720 ὑποκειμένων
3313 4651 3600 4720 χρώματα.
3629 4655 3740 4705 lli-

2157 4755 2250 4790 σαι
2282 4738 2462 4790 τοίνυν
2496 4737 2799 4807 ἐπιστῆμαι
2822 4737 2916 4790 καὶ
2940 4739 3124 4808 τέχναι
3159 4743 3320 4807 σοφαὶ
3345 4743 3441 4810 τῆς
3476 4745 3736 4810 τεχνικῆς

2155 4829 2358 4898 ταύτης
2392 4830 2584 4896 σοφίας
2623 4829 2970 4899 ὲξήρτηνται,
3004 4831 3258 4902 καθάπερ
3302 4833 3536 4903 διάφορα
3581 4836 3736 4904 ῥίζης

2159 4922 2284 4989 μιᾶς
2317 4919 2697 4990 βλαστήματα.
2722 4923 2826 4973 Καὶ
2853 4921 3000 4974 ἔστιν
3033 4921 3222 4992 ὥσπερ
3241 4924 3446 4976 τούτων
3477 4925 3736 4978 ἀπαιτων

2163 5013 2334 5072 αἴτιος
2355 5013 2446 5064 καὶ
2483 5012 2843 5081 προαγωγεὺς
2874 5014 2901 5064 ὁ
2923 5012 3075 5075 Θεὸς,
3101 5013 3244 5066 οὕτω
3276 5017 3372 5067 καὶ
3398 5016 3608 5084 ταύτης
3642 5011 3738 5082 dig?

2153 5097 2218 5174 ἦς
2239 5106 2440 5156 ἐκεῖνα.
2457 5105 2658 5173 Διόπερ
2675 5107 2792 5156 ἐκεῖ
2815 5105 2914 5173 μὲν
2948 5107 2980 5173 ἡ
3007 5107 3232 5177 σχετικὴ
3261 5108 3528 5175 συνάφεια
3558 5107 3650 5160 καὶ
3673 5109 3736 5159 ἁ-

2152 5194 2362 5262 ναφορά
2408 5195 2595 5260 χώραν
2646 5193 2758 5263 ἔχει
2789 5195 2846 5246 τὸ
2888 5195 3086 5248 οἰκεῖον
3119 5195 3338 5266 ἀξίωμα
3385 5199 3738 5250 παντάπασιν

2153 5285 2530 5353 ἁκαπήλευτον
2549 5285 2855 5351 διασώζειν.
2873 5289 2966 5341 ἆτε
2999 5290 3168 5342 ὄντων
3201 5292 3480 5358 ὁμογενῶν
3503 5295 3734 5359 ἀμφοῖν,

2151 5377 2244 5426 τοῦ
2269 5393 2325 5426 τε
2357 5377 2744 5446 διαιρουμένου
2761 5381 3012 5449 καὶπρὸς
3032 5381 3370 5451 ἀδιαιρεῖται
3393 5384 3662 5436 ’ἐνταῦθα
3679 5384 3737 5438 δὲ

2156 5469 2317 5536 μέχρι
2363 5469 2530 5537 μνένης
2575 5471 2841 5541 ἐνάρθρου
2879 5475 2973 5526 καὶ
3019 5473 3366 5544 σημαντικῆς
3417 5477 3602 5544 φωνῆς
3643 5482 3736 5529 αἰ-

2151 5559 2310 5610 τιατὰ
2337 5559 2468 5612 ὅντα
2506 5561 2645 5613 αὐτὰ
2671 5564 2806 5630 πρὸς
2837 5563 2926 5616 τὸν
2957 5565 3136 5616 αὐτῶν
3159 5567 3334 5618 αἴτιον
3365 5568 3458 5618 καὶ
3503 5567 3735 5637 ποιητὴν

2152 5649 2246 5717 τὴν
2273 5652 2554 5720 ἀναφορὰν
2586 5655 3072 5712 ἀπευθύνει,“Ωστε
3109 5659 3424 5710 διαϐάλλειν
3461 5661 3561 5728 μὲν
3609 5661 3732 5728 ἤκι-

2156 5757 2178 5766 ρ.

2155 5757 2251 5791 ςεα
2281 5741 2495 5794 πάντων
2515 5745 2652 5810 ἐστὶ,
2679 5748 2914 5816 (inopi:
2933 5767 2974 5798 ιν
2994 5746 3142 5802 δ’(ιῦν
3169 5751 3313 5814 ἄξιον
3335 5753 3570 5821 pii-asta
3609 5771 3736 5806 παν-
