4046 6290
316 313 432 375 2m

1306 316 1750 375 ΒΥΖΛΝΤΙΝιῈ
1790 317 1872 375 lll

1985 318 2178 376 Jth’E
2220 318 2362 380 LIB.
2407 320 2588 380 XXX.
3445 321 3552 382 2θῖ

308 440 430 478 των
459 422 716 494 Μάξιμον
746 427 952 477 ἐκεῖνον
972 425 1062 478 τὸν
1088 425 1228 488 θεῖον
1269 427 1370 495 τῆς
1428 427 1708 490 εὐσεϐείας
1735 429 1878 480 διδά-

1985 428 2213 480 eulatam
2246 436 2299 480 et
2331 427 2726 495 significantem
2763 427 2979 489 effecta,
3040 428 3106 480 ad
3160 437 3435 481 auctorem
3495 439 3549 481 et

307 514 539 576 (καλον,
565 513 827 566 κάλλιστα
848 514 1062 567 πάντων
1097 516 1328 568 ἐνταῦθα
1360 520 1486 584 περὶ
1519 521 1707 586 σοφίας
1734 519 1880 585 φιλο-

310 605 656 674 σοφήσαντα,
703 607 798 658 καὶ
846 607 1086 658 διελόντα
1138 608 1328 673 σαφῶς
1374 609 1630 678 ἑκάτερα,
1683 612 1780 678 τήν
1820 627 1877 661 τε

310 698 513 766 σοφίαν
539 699 638 764 τὴν
664 697 937 763 ἇκτιστον,
973 698 1038 749 δι’
1063 692 1130 768 ἧς
1173 702 1265 752 καὶ
1287 702 1346 752 ὲν
1463 702 1530 752 τὰ.
1563 701 1744 753 πάντα
1787 702 1876 767 γέ-

309 801 467 852 γονε,
501 783 592 836 καὶ
619 782 686 835 αὖ
710 783 808 851 τὴν
844 784 935 835 ὑπ’
970 785 1140 853 αὐτῆς
1169 790 1264 838 καὶ
1292 787 1359 838 δι’
1393 788 1564 854 αὐτῆς
1601 804 1876 854 συνυφανο

309 875 504 927 θεῖσαν
559 874 654 928 καὶ
695 875 1042 927 συντεθεῖσαν
1079 877 1292 946 οὐρανῷ
1349 879 1442 930 καὶ
1492 881 1560 947 γῇ
1607 879 1700 930 καὶ
1747 879 1875 930 πᾶσι

306 965 578 1033 τεχνικῶς
599 982 657 1016 τε
674 967 764 1018 καὶ
784 966 960 1033 σοφῶς
983 970 1090 1029 τοῖς
1123 969 1404 1038 κτίσμασι,
1435 969 1593 1038 ψιλὴν
1622 967 1719 1021 καὶ¹
1751 969 1879 1020 ἀνυ-

310 1059 581 1108 πόστατον
611 1062 852 1126 φάμενον
911 1057 1031 1132 καθξ
1057 1058 1223 1128 αὐτὴν
1262 1061 1526 1116 ἐπίνοιαν.

1990 527 2295 570 creatorum
2345 518 2664 571 relationem
2729 517 3040 578 advertunt,
3104 518 3172 568 ita
3229 528 3284 570 ut
3328 519 3549 571 otii-nino

1988 620 2095 657 non
2124 605 2421 658 debeamus
2438 603 2734 666 criminari,
2783 606 2875 658 sed
2907 607 3137 660 maxime
3181 607 3344 675 336
3377 607 3549 658 admi-

1989 697 2097 750 rari
2123 697 2410 749 Maximum
2437 696 2586 748 illum
2612 697 2856 748 divinum
2890 697 3108 765 pictatis
3134 706 3547 765 prteeeptorem,

1986 785 2129 853 quod
2157 785 2529 853 pulcherrime
2563 785 2806 837 omnium
2844 787 2933 838 hic
2964 791 3030 838 de
3077 786 3345 855 sapientia
3377 788 3553 854 philo-

1985 878 2434 944 s0phatusestet
2459 869 2737 944 sapienter
2793 886 3089 945 utrumque
3145 881 3400 942 secrevit,
3465 896 3550 932 sa-

1985 968 2244 1036 pientiam
2274 967 2530 1018 nimirum
2565 967 2892 1028 increatam,
2943 982 3046 1034 qua
3094 977 3149 1019 et
3179 967 3231 1019 in
3260 983 3362 1036 qva
3425 970 3549 1020 uni-

1984 1073 2142 1111 versa
2165 1057 2302 1111 facta
2335 1065 2481 1119 sunt,
2532 1067 2578 1110 et
2639 1074 2831 1112 rursus
2882 1059 3108 1111 alteram
3146 1060 3213 1110 ab
3255 1076 3316 1112 ea
3353 1072 3408 1113 et
3455 1077 3552 1128 per

315 1166 436 1204 eam
474 1152 738 1205 intextam
801 1160 859 1205 et
891 1153 1251 1221 compositam
1284 1154 1424 1209 coelo
1487 1165 1542 1208 et
1575 1163 1730 1208 terra:
1775 1162 1830 1208 et
1889 1151 2146 1222 omnibys
2197 1153 2398 1205 creatis
2454 1153 2748 1208 artificiose
2809 1167 2865 1207 et
2918 1155 3194 1222 sapienter
3264 1171 3424 1220 qnam
3477 1166 3554 1209 te-

310 1258 480 1297 nuem
525 1243 659 1297 dicit
721 1251 780 1296 et
817 1243 1126 1299 substantia
1191 1256 1470 1300 carentem
1507 1262 1605 1316 per
1653 1244 2144 1315 secogitationem.

392 1339 523 1393 K62
578 1341 700 1393 Ἐπὶ
743 1340 808 1409 δὴ
837 1340 1047 1402 τούτοις
1090 1342 1183 1394 καὶ
1223 1345 1334 1404 τοῖς
1384 1343 1648 1406 τοιούτοις
1707 1343 1874 1403 πολὺς

307 1432 511 1498 ἐφεξῆς
547 1433 574 1483 ὁ
602 1433 889 1502 Γρηγορᾶς
916 1432 1084 1502 ὲῤῥύη
1127 1433 1484 1504 κατατρέχων
1524 1435 1786 1501 Παλαμᾶν
1816 1450 1874 1484 τε

308 1526 480 1576 αὐτὸν
503 1523 594 1574 καὶ
616 1523 712 1583 τὰς
743 1521 909 1575 αὐτοῦ
942 1523 1314 1592 βλασφημίας,
1345 1525 1624 1594 ἀλλότριον
1656 1525 1878 1592 ἐπιστή-

313 1632 425 1682 μης
461 1616 682 1682 ἀπάσης
718 1614 931 1674 δεικνὺς
962 1610 1059 1686 τῆς
1093 1631 1148 1669 τι
1178 1616 1457 1685 ἡμετέρας
1489 1619 1580 1668 καὶ
1621 1615 1874 1685 θύραθεν.

305 1709 395 1759 Δι’
422 1707 458 1760 ἃ
511 1709 606 1758 καὶ
661 1705 859 1768 κακίας
902 1706 1133 1774 ὄργανον
1173 1710 1456 1774 γεγονέναι
1491 1708 1685 1779 ῥᾳδίως
1714 1708 1876 1760 αὐτίν

2059 1338 2252 1395 XXIX.
2312 1342 2388 1393 Ad
2424 1342 2534 1394 ha'e
2564 1354 2613 1395 et
2651 1344 2774 1396 talia
2816 1342 3011 1395 deinde
3051 1343 3320 1411 Gregoras
3352 1346 3548 1398 multas

1980 1445 2105 1484 suas
2145 1433 2194 1483 in
2235 1431 2503 1484 Palamam
2545 1434 2770 1500 ejusque
2823 1433 3188 1500 blasphemias
3236 1434 3430 1487 effudit
3469 1436 3550 1487 in-

1981 1519 2333 1585 set-lationes,
2365 1523 2704 1576 ostendendo
2731 1524 2970 1576 alienum
3011 1541 3135 1592 eum
3165 1539 3285 1577 esse
3305 1524 3371 1578 ab
3400 1527 3548 1578 onmi

1983 1609 2211 1664 scientia
2235 1621 2288 1664 et
2325 1619 2510 1664 nostra
2563 1621 2618 1665 et
2664 1623 2928 1677 externa;
2993 1624 3327 1681 quapropter
3383 1615 3546 1665 etiam

1983 1698 2268 1765 pravitatis
2302 1699 2725 1753 instrumentum
2757 1701 2906 1752 illum
2959 1702 3159 1753 factum
3209 1716 3331 1755 esse
3388 1702 3547 1754 facile

308 1799 572 1849 ὲϐεόαίου
621 1815 679 1849 τε
719 1799 810 1849 καὶ
861 1799 1239 1868 συνεπέραινε,
1270 1800 1367 1868 τῆς
1418 1799 1650 1868 ἀληθοῦς
1683 1799 1872 1867 σοφίας

1985 1786 2281 1842 atlirmabat
2311 1798 2366 1842 et
2389 1789 2769 1851 concludebat,
2800 1809 2827 1844 ιι
2873 1809 2996 1843 vera
3055 1793 3322 1858 sapientia
3377 1797 3545 1847 senn-l

309 1888 557 1951 εἰσάπαξ
597 1889 958 1958 ἀπερρωγότα
1011 1891 1104 1942 καὶ
1155 1891 1624 1957 ἑκτετοπισμὲνον.
1659 1891 1822 1942 Ὀθεν
1852 1892 1880 1942 ὁ

309 1978 649 2047 βαρύστονος
679 1980 885 2040 ἐκεῖνος
898 1982 990 2031 καὶ
1015 1979 1293 2048 ἁλιτήριος
1321 1979 1385 2050 [Γ.
1414 1980 1516 2034 152
1543 1979 1620 2051 υ.]
1652 1981 1882 2048 πληγεὶς

312 2073 418 2139 τὴν
447 2071 678 2141 καρδίαν
709 2071 804 2124 καὶ
834 2066 945 2124 οἷον
978 2072 1344 2143 ὲμόρόντητος
1378 2073 1621 2141 γεγονὼς
1662 2074 1790 2126 ἐϐόα
1821 2090 1880 2125 τε

307 2163 586 2230 ἀσελγῶς,
617 2164 685 2215 τὰ
714 2163 918 2232 συνήθη
951 2165 1158 2234 φύρδην
1189 2166 1283 2216 καὶ
1315 2166 1736 2232 συγκεχυμένως
1757 2183 1880 2218 συν-

312 2256 509 2322 είρων,
570 2256 665 2307 καὶ
706 2247 818 2308 οἷον
853 2257 1031 2310 εἰπεῖν
1060 2259 1325 2327 ὲμεμήνει
1372 2257 1434 2309 τὺ
1465 2259 1746 2328 κάθαρμα.
1791 2258 1884 2309 Διὸ

313 2350 418 2399 καὶ
448 2349 476 2398 ὁ
504 2345 755 2417 βασιλεὺς
783 2349 944 2399 οίονεί
975 2366 1094 2410 πως
1123 2349 1287 2400 αὑτοῦ
1331 2349 1663 2418 φειδόμενος,
1692 2349 1881 2418 πράως

310 2440 418 2493 καὶ
477 2440 616 2509 μετὰ
653 2440 856 2510 σεμνοῦ
897 2441 1252 2510 μειδιάματος
1315 2442 1576 2510 στραφεὶς
1627 2442 1761 2510 πρὸς
1793 2441 1883 2492 τὸν

311 2533 634 2600 Γρηγορᾶν,
687 2531 860 2602 ἡσυχῆ
929 2550 1044 2592 πως
1096 2532 1188 2583 καὶ
1237 2533 1363 2584 ὅσον
1419 2534 1491 2601 μὴ
1532 2532 1882 2595 ἐξακούεσθαι

309 2621 460 2690 πρὸς
505 2621 596 2672 τὸν
653 2621 938 2689 Παλαμᾶν,
989 2621 1222 2690 παρῄνει
1269 2639 1328 2673 τε
1379 2622 1474 2674 καὶ
1530 2621 1881 2673 συνεϐούλευε

307 2713 644 2780 πραοτέρως
674 2711 995 2764 ἀντιδιδόναι
1030 2711 1156 2773 τοὺς
1182 2710 1374 2779 λόγους
1403 2709 1572 2778 αὐτῷ,
1605 2710 1677 2778 μή
1712 2727 1765 2760 τι
1791 2711 1883 2761 καὶ

305 2806 468 2876 πάθῃ
505 2805 611 2856 τῶν
636 2803 932 2873 ἀδοκήτων.
981 2804 1039 2856 Ὀ
1071 2803 1138 2869 δ’,
1187 2823 1205 2855 ι
1246 2802 1440 2856 Ἔσται
1467 2801 1643 2864 τοῦτο,
1691 2820 1708 2851 ι
1745 2803 1880 2852 ἁπο-

306 2899 647 2966 κρινάμενος
682 2895 959 2962 ἐσιώπησε
1003 2894 1098 2946 τοῦ
1133 2894 1343 2947 λοιποῦ.

386 2990 467 3040 Λ’.
499 2988 566 3038 Ὅ
625 3006 687 3055 γε
724 2986 829 3055 μὴν
879 2987 1143 3054 Παλαμᾶς
1201 2987 1298 3053 τὴν
1329 2986 1523 3038 ἑαυτοῦ
1563 2985 1882 3055 βουλόμενος

309 3083 397 3134 ἔτι
425 3082 719 3133 πολυθεῖαν
754 3082 1031 3150 συνιστᾷν,
1063 3080 1190 3142 τοὺς
1235 3081 1334 3145 μὲν
1374 3080 1880 3149 προενηνεγμένους

1981 1879 2276 1946 abruptum
2303 1890 2359 1934 et
2382 1881 2647 1935 exsulem.
2671 1882 2878 1936 Deinde
2909 1885 3073 1936 miser
3111 1886 3197 1936 ille
3237 1893 3289 1936 et
3311 1885 3547 1952 piacula-

1984 1970 2061 2023 ris
2099 1979 2286 2038 pectus
2315 1973 2539 2040 pulsans
2563 1981 2619 2026 et
2651 1984 2709 2025 ut
2743 1976 3010 2027 attonitus
3039 1976 3203 2030 nimis
3258 1979 3411 2030 valde
3437 1981 3547 2032 cla-

1983 2061 2187 2125 mabat,
2213 2062 2502 2115 notissima
2535 2062 2836 2116 indiscrete
2888 2073 2939 2116 et
2976 2066 3200 2119 confuse
3227 2083 3543 2128 (3011501⁸01ιῇ

1980 2162 2120 2204 etut
2153 2153 2224 2204 ita
2263 2153 2461 2216 dicam,
2492 2153 2704 2206 furebat
2771 2155 2958 2208 hostiae
3011 2159 3190 2208 modo.
3252 2159 3544 2226 Proptetea

1980 2243 2142 2295 etiam
2176 2259 2269 2295 rex
2310 2244 2714 2311 quodammodo
2742 2245 2790 2296 ei
2823 2261 3049 2311 parcens
3096 2258 3150 2298 et.
3183 2248 3387 2314 placide
3428 2251 3545 2302 ant—

1984 2349 2182 2401 tnoqtte
2210 2339 2379 2402 ςεοιμιο
2417 2344 2473 2388 et
2519 2347 2748 2405 augusto
2797 2353 2916 2388 ettm
2977 2340 3087 2389 risu
3130 2341 3195 2391 ad
3247 2341 3541 2409 Gregoram

1982 2440 2301 2488 conversus,
2330 2426 2528 2480 leniter
2575 2427 2688 2480 fere
2745 2439 2799 2481 et
2845 2432 2916 2478 ita
2956 2441 3010 2482 ut
3038 2445 3065 2482 a
3116 2433 3330 2485 l’alama
3366 2436 3542 2488 audiri

1984 2533 2088 2570 non
2131 2527 2337 2586 posset,
2366 2502 2651 2572 suadebat.
2680 2520 2948 2589 dabatque
2985 2524 3298 2586 consilium,
3331 2538 3388 2578 ut
3417 2528 3498 2594 pla
3533 2561 3540 2565 -

1983 2608 2222 2662 cidiores
2245 2610 2295 2663 ei
2317 2609 2572 2665 redderet
2604 2627 2906 2676 sermones,
2945 2629 3010 2666 ne
3041 2615 3170 2681 quid
3203 2615 3544 2684 inexspecta-

1985 2708 2096 2753 tum
2130 2709 2428 2769 pateretur.
2483 2703 2586 2767 Qui
2635 2718 2782 2763 cum,
2848 2705 2957 2757 Ilot:
3001 2707 3126 2769 erit,
3154 2710 3544 2774 respondisset,

1979 2789 2088 2857 jam
2121 2793 2378 2845 conticuit
2418 2801 2622 2860 pestea.

2058 2967 2222 3020 X.\X.
2254 2968 2498 3022 Paiamas
2529 2977 2705 3022 tamen
2744 2986 2865 3024 cum
2927 2972 3116 3041 dogma
3149 2991 3306 3028 Suum
3333 2981 3502 3032 multo
3537 3015 3542 3019 -

1987 3077 2105 3113 rum
2142 3061 2370 3115 deorum
2407 3068 2574 3131 magis
2592 3065 2914 3118 confirmare
2936 3067 3094 3136 337
3130 3070 3308 3133 vellet,
3374 3077 3548 3139 prola-

309 3173 572 3242 ἐλέγχους
605 3173 846 3233 ἐκείνους
903 3171 1053 3238 αύτῴ
1087 3171 1181 3222 καὶ
1217 3171 1314 3237 τὴν
1340 3174 1463 3222 κατ’
1505 3169 1668 3221 αὐτοῦ
1705 3169 1880 3237 χυθεῖ-

1989 3162 2167 3206 torum
2201 3165 2649 3222 argumentm-um
2707 3158 2927 3211 illorum
2988 3163 3443 3218 cteavillationis
3491 3169 3543 3219 in

311 3280 418 3316 σαν
458 3263 654 3333 χλεύην
684 3263 771 3331 ἐφ’
805 3256 883 3324 οἷς
917 3260 1187 3330 προύθετο
1227 3262 1360 3313 πᾶσι
1398 3261 1626 3329 τάχιστα
1662 3259 1883 3312 ἐκλαθό-

313 3374 483 3419 μενος
523 3356 611 3408 διά
649 3354 995 3424 σκληρότητα
1051 3355 1154 3414 καὶ,
1201 3353 1557 3420 ἀναλγησίαν,
1591 3351 1664 3414 ὡς
1717 3351 1883 3414 ἔοικε,

309 3443 567 3511 γνώμης,
628 3443 821 3511 ἑτέρας
877 3436 1036 3501 αὖθις
1099 3441 1286 3509 εἰσῆγε
1344 3439 1516 3505 λόγων
1557 3439 1881 3508 προφάσεις,

312 3535 852 3606 παραθαρῤύνοντας
880 3533 1019 3604 ἔχων
1053 3536 1238 3596 ὁποῖος
1269 3533 1429 3596 αὐτὸς
1463 3533 1738 3596 θιασώτας
1769 3535 1885 3586 ἐκεῖ

307 3632 382 3682 τὰ
421 3629 901 3697 προστυγχάνοντα
941 3627 1122 3695 λέγειν
1153 3628 1259 3689 ἀεὶ,
1295 3627 1368 3696 μὴ
1416 3631 1699 3696 σιωπήσας
1756 3628 1880 3698 δόξῃ

310 3721 574 3774 νικᾶσθαι
600 3723 711 3780 τοῖς
747 3719 1043 3784 πλείστοις,
1065 3717 1113 3770 οἳ
1143 3719 1203 3769 τὸ
1235 3720 1388 3787 νικᾷν
1426 3719 1560 3789 μόνῃ
1590 3719 1653 3787 δὴ
1692 3721 1758 3788 τῇ
1786 3737 1884 3770 πο-

309 3810 542 3879 λυλογίᾳ
572 3807 1044 3879 παραμετροῦσιν.
1083 3808 1300 3876 Ἰταμὸν
1329 3808 1438 3877 γὰρ
1469 3810 1500 3876 ἡ
1541 3808 1755 3875 ἀμαθία
1785 3808 1881 3859 καὶ

314 3903 524 3970 σφόδρα
548 3917 604 3952 τι
630 3899 863 3961 ἀναιδὲς,
896 3899 990 3950 καὶ
1020 3898 1164 3966 φιλεῖ
1192 3915 1254 3966 γε
1283 3900 1357 3960 ὡς
1395 3900 1463 3950 τὰ
1491 3899 1659 3952 πολλά
1682 3901 1741 3950 τὸ
1784 3900 1882 3966 τῆς

315 3992 608 4062 μαθήσεως
636 3989 845 4052 ἐλλιπὲς
875 3990 1109 4059 θράσους
1135 3988 1436 4052 ἀνασώζειν
1461 3989 1764 4058 πλεονεξίᾳ.
1788 3991 1884 4042 καὶ

313 4081 540 4152 μάλισθ’
566 4083 694 4133 ὅταν
731 4080 1000 4148 ἀμαθέσιν
1026 4082 1324 4151 ἀκροαταῖς
1351 4081 1674 4152 ἐντυγχάνῃ.
1707 4084 1802 4132 ’Ἂν
1827 4082 1884 4134 δὲ

311 4174 414 4226 καὶ
445 4173 674 4240 ἰταμοὺς
722 4173 924 4241 ὁμοίως
958 4171 1271 4242 ἐξεπίτηδες
1305 4171 1476 4233 ἐνίους
1517 4171 1614 4240 ἔχη
1651 4171 1885 4223 σπουδα-

312 4259 474 4320 στὰς,
504 4259 741 4326 ἀσήμοις
777 4257 1202 4326 ἐπικροτοῦντας
1248 4260 1519 4327 κραυγαῖς
1551 4259 1641 4310 καὶ
1680 4260 1745 4327 τῇ
1785 4262 1884 4326 τῆς

309 4350 489 4418 ἀκοῆς
525 4349 1035 4416 ἀντιπαταγούντας
1073 4349 1356 4420 ἐλευθερίᾳ
1409 4355 1500 4401 καὶ
1552 4351 1884 4418 συγχέοντας

1984 3260 2109 3296 eum
2165 3245 2348 3299 elfusa:
2393 3256 2616 3315 prOpter
2653 3263 2714 3299 ea
2762 3264 2879 3316 qua:
2927 3251 3186 3305 omnibus
3241 3271 3474 3322 preposu
3507 3275 3545 3312 t.

1986 3338 2189 3390 oblitus
2215 3338 2522 3402 celerrime,
2563 3352 2783 3408 propter
2811 3343 3042 3412 rigerem
3071 3356 3125 3397 et
3177 3355 3451 3415 torporem
3491 3367 3551 3403 ιιι

1987 3430 2206 3482 videtur
2238 3430 2428 3493 animi,
2463 3433 2598 3485 alias
2665 3450 2856 3488 rursus
2923 3436 3300 3492 introducelml
3342 3457 3547 3494 sermo—

1986 3537 2115 3574 nutn
2145 3524 2380 3591 species,
2425 3540 2549 3578 cum
2585 3525 2812 3579 haberet
2882 3528 3173 3583 incitantes
3212 3533 3306 3594 ibi,
3367 3537 3547 3602 qualis

1984 3614 2099 3683 ipse
2129 3626 2267 3681 erat,
2298 3618 2479 3671 socios
2503 3618 2568 3672 ad
2602 3622 2783 3671 omnia
2809 3637 3026 3690 semper
3055 3623 3280 3678 dici-uda
3307 3637 3544 3694 parntes.

1986 3722 2054 3760 ne
2086 3708 2128 3760 si
2159 3716 2364 3761 taceret
2393 3710 2670 3776 plerisque
2710 3712 2850 3763 vinci
2896 3715 3194 3776 videretur,
3249 3720 3340 3784 qui
3382 3721 3550 3771 vieto-

1992 3800 2132 3852 riam
2208 3801 2542 3868 loquacitate
2585 3803 2699 3854 sola
2750 3803 3075 3857 metiuntur.
3162 3807 3348 3860 Audax
3400 3811 3543 3861 enim

1983 3891 2292 3960 ignorantia
2353 3900 2437 3944 est
2507 3899 2563 3944 et
2604 3891 2846 3958 profecto
2911 3895 3070 3948 valde
3133 3896 3456 3965 impmlens:
3492 3911 3547 3953 et

1987 3990 2135 4034 amat
2198 3982 2520 4050 plerumque
2582 3983 2910 4052 cognitionis
2975 3985 3212 4054 inopiam
3260 3992 3548 4044 restituor:

1985 4075 2228 4128 audacim
2256 4076 2590 4138 accessione,
2642 4085 2695 4128 et
2733 4075 2964 4129 maxime
3005 4092 3128 4130 cum
3165 4079 3217 4131 in
3270 4082 3546 4136 auditores

1987 4168 2234 4220 indoctos
2268 4167 2478 4220 incidit.
2510 4166 2646 4221 Cum
2681 4176 2862 4222 autem
2901 4169 3062 4222 etiam
3117 4185 3270 4238 teque
3311 4174 3546 4227 audaces

1987 4257 2192 4310 affatim
2220 4258 2511 4311 nonnullos
2540 4257 2704 4312 habet
2753 4258 3008 4322 asseclas,
3054 4261 3144 4328 qui
3212 4262 3546 4315 οιιιιιιοτίιιιις

1985 4357 2213 4416 crepent
2241 4348 2570 4404 indistinctis
2593 4359 2649 4402 et
2683 4355 2873 4402 centra
2923 4353 3180 4406 narrandi
3235 4355 3543 4409 libertatem

308 4443 377 4493 τὸ
429 4441 527 4508 τῆς
553 4440 812 4508 ἀληθείας
849 4441 1155 4510 κριτήριον,
1197 4440 1302 4493 ποῦ
1355 4440 1456 4492 οὐκ
1503 4439 1570 4491 ἂν
1613 4443 1672 4492 τὸ
1709 4442 1880 4495 δεινὸν

1987 4440 2226 4494 fremant
2255 4451 2308 4494 et
2332 4440 2580 4494 veritatis
2610 4457 2859 4495 normam
2895 4443 3252 4506 confundant,
3293 4462 3402 4515 quo
3439 4465 3544 4502 non

312 4533 612 4593 αὐθαδείας
667 4532 946 4600 προϐαίη;
983 4533 1076 4584 Διὸ
1113 4535 1206 4584 καὶ
1272 4531 1476 4600 βιόλίον
1521 4534 1616 4584 ἐπὶ
1673 4534 1880 4593 τούτοις

311 4624 573 4691 ἀνεῳγὼς
605 4625 632 4675 ὁ
673 4623 939 4693 Παλαμᾶς
971 4624 1306 4690 ἀνεγίνωσκε
1346 4625 1507 4692 ῥῆσιν
1540 4623 1669 4676 ἄλλο
1694 4625 1881 4689 λέγου-

315 4727 420 4762 σαν
442 4707 697 4762 είναιτδν
725 4709 1055 4780 ἐνεργοῦντα
1106 4711 1200 4762 καὶ
1247 4709 1374 4763 ἄλλο
1413 4710 1471 4762 τὸ
1533 4712 1883 4780 ἐνεργητικὸν

313 4799 418 4849 καὶ
452 4797 581 4849 ἄλλο
607 4798 714 4867 τὴν
737 4800 1024 4867 ἐνέργειαν
1050 4798 1144 4850 καὶ
1177 4797 1306 4868 ἀλλο
1335 4799 1394 4848 τὸ
1418 4797 1719 4866 ἐνέργημα.
1751 4794 1882 4849 Εἶτα

309 4889 636 4960 ἡρμήνευεν
693 4890 802 4942 ἀπὸ
841 4889 1088 4957 γλώττης
1152 4888 1338 4952 αὐτὸς,
1401 4888 1731 4958 ἐνεργοῦντα
1786 4890 1882 4955 μὲν

307 4980 460 5034 εἶναι
483 4981 574 5034 τὸν
601 4981 756 5048 Θεὸν,
792 4981 1148 5050 ἐνεργητικὸν
1171 4980 1227 5032 δὲ
1251 4981 1349 5050 τὴν
1381 4979 1568 5048 φύσιν,
1603 4981 1883 5048 ἐνέργειαν

305 5075 370 5127 δὲ
409 5074 506 5140 τὴν
535 5073 791 5127 ἄκτιστον
834 5073 999 5124 αὑτοῦ
1054 5072 1306 5140 θεότητα,
1357 5072 1524 5142 ἄλλην
1571 5073 1736 5125 οὖσαν
1788 5070 1882 5123 τοῦ

301 5165 668 5232 ἐνεργοῦντος
694 5181 750 5215 τε
781 5165 873 5215 καὶ
899 5161 1178 5225 κινοῦντος
1203 5165 1397 5232 αὐτὴν,
1427 5164 1712 5232 ἐνέργημα
1739 5163 1795 5215 δὲ
1823 5163 1882 5214 τὸ

303 5255 703 5325 ἀποτέλεσμα·
761 5251 900 5307 εἶναι
957 5255 1001 5308 δ’
1068 5256 1351 5322 ἐνέργειαν
1399 5261 1494 5307 καὶ
1530 5258 1776 5324 ἐνεργεῖν
1823 5256 1882 5307 τὸ

303 5348 467 5402 αὐτὸ.
502 5349 610 5400 Καὶ
630 5348 721 5398 ἐπὶ
759 5347 970 5408 τούτοις
1006 5345 1194 5414 ἠρώτα
1231 5346 1283 5397 τί
1331 5347 1395 5398 ἂν
1430 5347 1514 5414 εἴη
1553 5348 1608 5397 τὸ
1638 5349 1882 5414 ἐνεργεῖν

302 5440 557 5504 οἵεσθαι;
590 5434 662 5489 Ἷι
700 5439 761 5489 οὐ
801 5438 997 5489 ταυτὸν
1046 5439 1122 5505 τῷ
1181 5437 1571 5506 δημιουργεῖν;
1603 5434 1731 5507 Ἆρ’
1788 5437 1880 5491 οὖν

306 5534 530 5586 κτιστὸν
585 5529 837 5595 εἴποιμεν
874 5531 939 5581 ἂν
967 5529 1026 5579 τὸ
1053 5529 1388 5596 δημουργείν
1422 5531 1513 5580 ἐπὶ
1562 5529 1656 5580 τοῦ
1707 5529 1878 5595 Θεοῦ;

307 5629 527 5694 Ἄπαγε
559 5626 666 5694 τῆς
700 5622 940 5687 ἀλογίας.
974 5619 1085 5673 Εἶθ’
1109 5621 1378 5687 emam
1402 5622 1487 5673 ἐπ’
1517 5622 1695 5684 ἄλλοις
1718 5639 1883 5691 προσ-

314 5721 514 5785 ετίθει,
538 5713 762 5772 δεικνὺς
791 5712 848 5764 τὸ
878 5713 1232 5780 δημιουργεῖν
1263 5711 1388 5763 ἄλλο
1420 5729 1476 5763 τε
1507 5714 1599 5766 καὶ
1624 5714 1878 5782 διάφορον

653 5809 922 5874 Pyrum”
969 5809 1082 5864 (in.
1111 5803 1376 5864 CXLIX.

1987 4527 2370 4596 progrediatur
2427 4530 2698 4598 superbia:
2760 4531 3100 4598 periculum?
3158 4535 3326 4602 Igitur
3381 4537 3543 4590 etiam

1985 4617 2187 4670 librum
2240 4626 2504 4684 prteterea
2557 4619 2845 4674 revolvens
2867 4621 3113 4676 I’alamas
3165 4623 3426 4677 recitabat
3467 4628 3547 4678 di-

1984 4715 2153 4773 ctum,
2195 4708 2340 4776 quod
2381 4708 2477 4773 ait,
2510 4709 2657 4762 aliud
2687 4726 2807 4765 esse
2852 4712 3198 4779 ellicicntem,
3255 4716 3402 4770 aliud
3435 4718 3547 4770 elli-

1992 4815 2113 4861 cax,
2171 4809 2228 4851 et
2273 4799 2423 4851 aliud
2484 4799 2848 4865 efﬁcientiam,
2892 4804 3039 4856 aliud
3072 4806 3347 4859 effectura.
3407 4807 3543 4860 Tmn

1988 4891 2102 4958 ipse
2127 4906 2191 4945 ev
2233 4898 2480 4959 tempore
2538 4891 3019 4960 interpretal‘iatur,
3063 4895 3383 4951 eflieientem
3426 4916 3546 4954 esse

1991 4984 2184 5045 Deum,
2227 4981 2418 5035 eﬂicax
2476 4993 2768 5036 naturam:
2801 4986 3147 5040 efﬁcientiam
3203 4989 3545 5045 divinitatem

1988 5073 2109 5141 ejus
2137 5073 2435 5124 increatam
2461 5087 2581 5140 quae
2605 5075 2710 5128 alia
2739 5085 2884 5128 esset
2933 5085 3094 5145 atque
3129 5077 3368 5135 cfliciens
3399 5098 3545 5136 eam—

1985 5179 2090 5230 que
2119 5178 2363 5230 movens,
2404 5164 2660 5219 effectum
2691 5180 2810 5219 esse
2851 5165 3256 5235 perfectionem.
3291 5171 3419 5224 Esse
3451 5191 3551 5227 au~

1988 5261 2094 5306 tem
2151 5254 2502 5308 efficientiam
2530 5265 2585 5308 et
2635 5256 2849 5310 efficere
2915 5273 3082 5310 unum
3149 5260 3402 5330 idemque
3444 5275 3547 5317 :ct

1984 5355 2244 5413 praeterea
2274 5348 2574 5414 qumrebat,
2611 5347 2738 5416 quid
2769 5363 2914 5402 esset
2946 5353 3252 5416 putandum
3299 5354 3545 5412 efficere.

1983 5439 2146 5508 338
2201 5453 2268 5490 an
2328 5455 2436 5492 non
2496 5438 2639 5493 idem
2691 5456 2814 5494 cum
2887 5443 3341 5498 creando?'fum
3415 5461 3546 5498 sane

1984 5539 2225 5582 creatmn
2261 5528 2568 5583 diceremus
2597 5546 2784 5584 creare
2842 5532 2896 5585 in
2945 5534 3054 5586 Deo
3085 5554 3097 5587 :
3127 5551 3295 5603 apage
3355 5537 3547 5587 stulti-

1987 5624 2113 5676 tiam
2150 5622 2346 5675 istam!
2378 5621 2493 5674 Alia
2529 5621 2788 5692 deinceps
2828 5625 2949 5679 aliis
3007 5626 3265 5689 addebat,
3321 5626 3549 5680 demon.

1993 5728 2175 5769 strans
2208 5727 2394 5767 creare
2423 5713 2570 5768 aliud
2608 5729 2726 5770 csse
2769 5727 2825 5770 et
2850 5717 3126 5772 diversum
3193 5717 3258 5770 ab
3308 5720 3546 5775 essentia

3089 5809 3162 5866 10
