4046 6290
477 331 584 393 299

1675 320 2096 384 NiCEl‘ilORI
2139 317 2530 380 GREGORBE

3599 319 3707 382 350

479 459 530 500 et
559 449 864 500 int-reatum
904 457 1001 511 per
1031 457 1112 508 se,
1141 442 1414 510 simulque
1463 441 1630 495 multa
1698 441 1915 494 locutus
1940 449 2042 501 est,

2164 440 2244 504 ςῆς
2279 438 2464 496 οὐσίας
2507 433 2602 486 καὶ
2633 433 2892 487 ᾶκτιστον
2925 435 3046 488 καθ’
3089 435 3238 488 αὑτό.
3279 435 3386 488 Καὶ
3421 435 3540 504 ἅμα
3589 439 3714 489 ἐπο-

482 535 719 604 plurima
749 545 1046 585 conserens
1075 529 1320 600 ejusdem
1361 537 1566 582 natura:
1596 537 1652 581 ct
1682 529 1894 580 ordinis
1919 543 2040 580 eum

485 627 760 695 l:l"0!‘ll_lllS
817 623 922 677 illis
957 633 1012 676 et
1047 622 1240 684 mediis
1274 621 1540 675 conviciis
1569 621 1709 690 ejus,
1747 635 1814 674 ne
1846 619 1948 672 alia
1990 620 2043 672 iu

482 718 643 770 aliam
669 725 872 769 tnutata
907 729 1123 781 semper
1150 712 1325 765 etsibi
1361 725 1675 780 repugnans
1709 720 1854 765 esset
1907 709 2048 765 Cha-

483 811 616 862 lanze
651 823 800 861 novae
831 807 997 859 turris
1024 805 1282 858 a-difieata
1315 813 1368 857 et
1419 819 1761 873 quaecunque
1795 803 1860 856 ad
1921 819 2048 872 pur-

484 903 756 972 gationem
792 901 912 968 igne
941 898 1174 966 egebant
1221 895 1576 951 Sodomitico.
1632 895 1734 950 Sed
1779 895 2047 964 Gregoras

487 993 758 1062 plerisque
790 988 1164 1058 przetermissis
1216 987 1330 1040 lucc
1361 989 1410 1041 ei
1467 985 1604 1040 dixit
1640 1004 1652 1039 :
1687 987 1741 1040 Si
1768 985 1916 1038 aliud
1965 997 2049 1042 est

485 1099 671 1136 creare
703 1091 758 1134 et
799 1079 1132 1140 inereatnm,
1167 1079 1470 1132 secundum
1502 1087 1574 1140 te.
1637 1091 1854 1144 semper
1883 1077 2049 1146 igitur

485 1181 622 1235 erat,
654 1177 710 1222 et
745 1168 1059 1221 necessario
1084 1168 1192 1238 jam
1225 1167 1448 1228 accidit,
1485 1173 1544 1220 ut
1579 1165 1690 1218 sint
1727 1167 1888 1218 simul
1921 1181 2045 1216 euut

485 1263 746 1314 Creatore
774 1261 1106 1326 sempiterna
1162 1275 1282 1326 qua:
1305 1259 1499 1311 effecta
1541 1265 1688 1322 sunt;
1724 1273 1844 1310 eum
1879 1258 2045 1321 enim,

485 1353 787 1406 secundant
849 1359 920 1410 te,
953 1363 1170 1417 semper
1233 1357 1378 1401 esset
1439 1347 1665 1400 Creator
1725 1356 1781 1400 et
1837 1361 2052 1414 semper

487 1453 719 1506 crearet,
753 1455 970 1509 semper
1003 1441 1168 1509 igitur
1220 1449 1338 1493 erat
1367 1439 1531 1492 etiam
1595 1437 1833 1490 mundus
1885 1436 2050 1490 simul

486 1549 609 1588 eum
646 1531 902 1586 Creatore
942 1549 958 1588 :
1000 1532 1050 1583 id
1083 1531 1228 1599 quod
1283 1531 1526 1598 ineptum
1561 1537 1644 1583 est
1694 1541 1750 1583 et
1800 1527 2050 1597 impium.

485 1623 786 1680 Providere
818 1623 966 1676 enim
995 1623 1162 1676 semel
1205 1621 1406 1676 creatis
1431 1622 1574 1674 Deus
1607 1619 1811 1674 dicitur
1854 1627 1908 1672 et
1939 1633 2056 1672 ser-

489 1732 615 1770 vare
703 1715 1008 1770 secundum
1088 1729 1252 1783 quam
1340 1713 1480 1767 facta
1567 1723 1696 1768 sunt
1765 1713 2051 1778 rationem,

489 1823 668 1876 neque
697 1823 826 1860 vero
855 1821 1076 1869 creare;
1119 1819 1242 1857 cum
1277 1820 1384 1858 non
1417 1804 1698 1874 indigeant
1729 1805 2050 1856 accessione
2080 1777 2128 1836 B

488 1913 676 1968 Opera,
705 1911 823 1965 qum
849 1895 1032 1948 omnia
1067 1895 1153 1947 die
1199 1895 1430 1962 septimo
1487 1894 1664 1946 finivit
1695 1911 1707 1946 :
1745 1893 2050 1961 praisertim

487 2007 609 2044 cum
637 1986 987 2042 efﬁcientiam
1014 1995 1068 2039 et
1096 1985 1312 2038 efficere
1345 1985 1486 2038 idem
1519 1999 1640 2038 esse
1685 1995 1738 2038 et
1773 1984 1890 2050 ipse
1919 1997 2054 2038 cou-

487 2081 682 2145 ecdas;
715 2077 1010 2132 efficientia
1042 2089 1222 2130 autem
1273 2085 1358 2130 est
1391 2076 1561 2128 motio
1618 2075 1820 2129 effecta
1883 2075 2056 2142 magis

487 2187 650 2242 quant
684 2170 952 2224 efﬁciens.
992 2167 1048 2222 Si
1099 2169 1242 2220 enim
1285 2167 1699 2228 estefticicntia,
1726 2168 1801 2219 ait
1827 2181 2057 2234 magnus

489 2266 542 2318 in
578 2262 848 2330 theologia
876 2259 1199 2328 Gregorius,
1224 2259 1500 2312 efficietur
1557 2257 1842 2320 videlicet,
1875 2271 2052 2324 neque

489 2371 618 2409 Vero
647 2353 853 2408 efficiet
883 2367 894 2402 :
923 2360 978 2406 et
1019 2351 1348 2417 simulatque
1379 2347 1543 2418 339
1574 2347 1768 2401 eiTeela
1819 2357 1902 2401 est
1958 2348 2058 2400 de-

491 2449 654 2502 siuet.
683 2445 854 2499 Desiit
887 2443 1070 2511 itaque
1100 2437 1159 2492 το
1184 2457 1372 2494 creare
1413 2443 1616 2496 coelum
1656 2439 1806 2494 aliud
1842 2449 1896 2493 et
1947 2449 2058 2493 ter-

493 2553 606 2592 ram
641 2537 802 2590 aliam
833 2546 889 2588 et
942 2534 1110 2588 solem
1147 2542 1202 2586 et
1273 2533 1454 2586 sidera
1517 2541 1572 2586 et
1630 2532 1756 2585 talia
1811 2531 2055 2600 quidem,

494 2641 657 2698 atque
687 2627 730 2681 si
758 2627 938 2690 desiit,
973 2625 1134 2702 etiam
1165 2625 1379 2676 initium
1410 2623 1600 2677 habuit
1629 2621 1875 2675 omnino.
1903 2621 2058 2686 Quod

494 2732 678 2774 autem
711 2719 905 2788 incipit
933 2729 989 2772 et
1025 2717 1226 2771 desinit
1255 2715 1532 2784 quomodo
1565 2716 1706 2769 idem
1731 2729 1851 2768 esse
1885 2722 2062 2781 potest

493 2831 618 2868 cum
647 2829 734 2876 eo,
767 2811 914 2880 quod
965 2824 1142 2878 neque
1178 2808 1372 2874 incipit
1427 2821 1606 2874 neque
1659 2805 1906 2858 desiuit?
1951 2821 2060 2858 non

495 2909 662 2977 igitur
689 2919 878 2960 creare
907 2903 1303 2971 sempiternum
1334 2909 1418 2953 est
1450 2899 1608 2952 simul
1661 2913 1784 2952 cum
1825 2899 1951 2950 Deo.
1993 2895 2063 2952 Ut

495 2999 642 3048 enim
667 2995 807 3064 ignis
831 3003 1022 3047 natura
1059 3001 1140 3044 est
1172 2989 1400 3042 facultas
1436 2987 1651 3052 urendi,
1675 2997 1732 3042 ut
1759 2988 1851 3042 Dei
1887 2987 2061 3040 facul-

499 3097 580 3140 tas
604 3083 850 3145 creandi,
879 3081 1170 3137 efficientia
1207 3091 1388 3133 autem
1418 3088 1700 3141 csturere,
1721 3079 1864 3148 quod
1897 3080 2060 3132 etiam

505 3187 778 3246 praesente
807 3189 896 3238 eo,
931 3173 1078 3243 quod
1137 3173 1217 3225 uri
1281 3179 1477 3242 potest,
1547 3169 1770 3225 efﬁcere
1821 3171 2058 3233 videtur,

503 3271 730 3324 absente
760 3278 941 3322 autem
987 3268 1078 3322 illo
1118 3267 1282 3320 etiam
1341 3266 1486 3319 ustio
1545 3265 1723 3326 abest,
1788 3263 1861 3321 ita
1897 3265 2060 3318 etiam

497 3365 554 3418 in
587 3370 810 3416 creante
863 3343 1008 3414 dicat
1055 3359 1300 3428 aliquis:
1339 3357 1393 3410 Si
1437 3357 1590 3410 adest
1655 3356 1800 3426 quod
1865 3357 2063 3410 debeat

498 3454 674 3506 creari
713 3452 892 3506 locum
929 3451 1162 3504 fortasse
1217 3448 1430 3502 obtinet
1476 3448 1642 3500 etiam
1715 3463 1952 3512 creare;
2015 3447 2060 3499 si

499 3546 635 3600 illud
666 3545 841 3608 deest,
871 3541 1034 3597 desiit
1061 3541 1223 3596 etiam
1285 3555 1494 3593 creare.
1553 3537 1760 3592 Deinde
1811 3539 2059 3592 efficien-

501 3641 632 3692 tiam
674 3642 814 3689 hane
843 3650 962 3703 quae
989 3643 1070 3686 est
1112 3634 1166 3685 in
1200 3631 1400 3684 creatis
1465 3630 1785 3698 compositis
1837 3643 2063 3682 necesse

499 3737 584 3781 est
617 3726 860 3794 cogitare
889 3732 948 3780 ut
998 3723 1300 3776 motionem
1329 3721 1608 3784 effectam,
1643 3729 1707 3773 ut
1738 3720 1960 3773 divinus
1986 3719 2064 3772 ait

499 3821 743 3876 Joannes
793 3815 1182 3876 Damascenus,
1233 3829 1353 3882 qua:
1411 3823 1492 3865 est
1527 3812 1691 3866 etiam
1735 3811 1928 3865 relatio
1967 3824 2064 3862 ρει

501 3923 674 3964 trema
705 3909 1070 3978 conjungens,
1105 3919 1280 3974 neque
1311 3905 1430 3958 sine
1457 3903 1642 3958 relatis
1674 3903 1898 3972 cogitari
1973 3917 2066 3971 po-

500 4015 622 4058 test.
659 4003 914 4057 Extrema
970 4009 1152 4054 autem
1199 3999 1324 4052 dico
1380 3997 1598 4051 efﬁcere
1647 4007 1700 4050 et
1751 3995 2007 4050 effectum
2049 4013 2062 4048 :

500 4095 671 4148 motio
706 4103 888 4147 autem
925 4099 1008 4145 est
1041 4091 1094 4142 in
1130 4101 1377 4155 tempore
1413 4097 1470 4142 et
1507 4089 1706 4156 prioris
1771 4093 1828 4140 et
1879 4095 2066 4154 poste-

500 4187 661 4239 rioris
691 4183 980 4254 praesentia
1011 4179 1452 4241 administratur,
1507 4177 1711 4231 ﬁnibus
1751 4184 2061 4244 temporum

499 4287 556 4328 et
586 4283 824 4328 locorum
864 4271 1166 4338 subjieeus
1229 4268 1538 4322 libertatem
1573 4284 1586 4319 :
1619 4281 1782 4335 quam
1839 4266 2066 4334 quidem

501 4367 614 4420 Deo
641 4363 971 4426 attribuere,
1009 4359 1254 4413 omnium
1284 4367 1368 4411 est
1395 4357 1820 4426 ineptissimum.
1847 4355 2068 4425 Cogita-

2152 529 2436 596 λυλόγησε,
2477 527 2700 579 πλείστα
2731 529 2992 598 συνείρων
3033 529 3255 597 ὁμοφυᾶ
3287 531 3378 581 καὶ
3427 531 3715 599 ὁμόστοιχα

2149 623 2262 682 τοῖς
2299 621 2582 690 προτέροις
2605 621 2832 680 ἐκείνοις
2871 623 2966 672 καὶ
3004 621 3188 688 μέσοις
3225 619 3574 690 βλασφήμοις
3621 627 3716 674 αύ-

2149 715 2268 776 τοῦ,
2313 713 2398 765 ἵνα
2429 711 2494 784 [Γ.
2529 711 2630 764 155
2657 710 2731 780 r.]
2785 711 2858 781 μὴ
2895 713 3328 780 ἁλλοπρόσαλλός
3372 729 3454 775 τις
3541 715 3632 766 καὶ
3663 713 3721 766 ὰ-

2153 805 2438 872 σύμφωνος
2477 803 2658 870 ἐαυτῷ
2687 803 2715 854 6
2743 803 2843 869 τῆς
2875 803 2999 864 νέας
3043 803 3298 873 Χαλάνης
3333 804 3546 873 πύργος
3577 807 3722 856 οἱκο-

2152 895 2510 965 δομούμενος,
2543 895 2639 946 καὶ
2669 895 2768 947 ὅσα
2817 895 2910 947 τοῦ
2941 895 3294 964 Σοδομιτικοῦ
3347 899 3520 966 πυρὶς
3555 896 3722 948 ἐδεῖτο

2151 989 2284 1055 προς
2349 985 2635 1055 κάθαρσιν.
2681 986 2822 1038 Ἀλλ’
2867 987 2895 1037 6
2951 986 3238 1055 Γρηγορᾶς
3293 987 3434 1055 πρὸς
3461 987 3628 1038 αὐτὸν
3655 987 3722 1038 τὰ.

2151 1079 2324 1129 πλείω
2357 1078 2552 1143 παρεὶς
2580 1077 2764 1130 ἐκεῖνὰ
2795 1093 2980 1146 φησιν·
3017 1078 3076 1129 Ei
3109 1077 3238 1131 ἄλλο
3271 1079 3334 1129 τὸ
3369 1077 3722 1146 δημιουργεῖν
3747 1095 3772 1140 ’δ

2154 1173 2248 1222 καὶ
2303 1171 2560 1223 ἄκτιστον
2611 1171 2752 1222 κατὰ
2793 1169 2875 1232 σὲ,
2907 1170 2994 1222 ἀεὶ
3031 1171 3136 1237 ἄρα
3183 1165 3272 1238 ἦν,
3308 1170 3722 1237 καὶσυμϐαίνει
3777 1179 3782 1184 ”

2152 1262 2340 1314 λοιπον
2373 1261 2430 1323 ἐξ
2463 1261 2712 1326 ἀνάγκης
2733 1255 2869 1312 εἶναι
2899 1259 2976 1327 τῷ
3011 1259 3330 1328 δημιουργῷ
3375 1259 3620 1312 συναῒδια
3655 1261 3724 1312 τὰ

2154 1353 2644 1420 δημιουργήματαο
2677 1351 2764 1402 ἀεὶ
2795 1351 2902 1420 γὰρ
2937 1349 3090 1411 ὄντος
3127 1351 3224 1402 τοῦ
3267 1349 3606 1418 δημιουργοῦ
3631 1353 3725 1402 καὶ

2156 1445 2242 1496 ἀεὶ
2272 1442 2714 1512 δημουργοῦντος
2753 1443 2894 1494 κατὰ
2925 1442 3004 1503 σὲ,
3039 1443 3126 1494 ἀεὶ
3149 1443 3258 1512 ἄρα
3296 1437 3364 1512 ἦν
3411 1445 3502 1495 καὶ
3539 1445 3569 1494 ὁ
3635 1443 3726 1496 κό-

2159 1551 2294 1602 σμος
2313 1533 2445 1602 ὁμοῦ
2467 1535 2544 1602 τῷ
2575 1531 2912 1602 δημιουργῷ.
2937 1533 3116 1601 Ὅπερ
3145 1537 3344 1588 ἄτοπον
3377 1533 3470 1586 καὶ
3507 1535 3722 1596 ἀσεϐές.

2157 1625 2508 1694 Προνοείσθαι
2543 1625 2638 1694 μὲν
2667 1624 2776 1693 γὰρ
2805 1625 2914 1676 τῶν
2957 1624 3105 1688 ἅπαξ
3141 1624 3660 1693 δημιουργηθέντων
3695 1625 3725 1676 6

2157 1717 2286 1778 Θεοί,
2323 1717 2560 1784 λέγεται,
2595 1719 2687 1770 καὶ
2721 1719 3010 1786 συντηρεῖν
3041 1717 3166 1770 καθ’
3201 1717 3260 1769 ὃν
3288 1717 3544 1785 γεγόνασι
3565 1717 3729 1784 λόγον

2155 1809 2316 1871 αὐτὰ,
2359 1809 2714 1876 δημιουργεῖν
2762 1805 2912 1872 δὀὓ,
2959 1807 3032 1877 μὴ
3081 1808 3350 1878 δεομένων
3401 1809 3726 1876 προσθήκης

2156 1898 2230 1954 ὧν
2256 1901 2598 1954 κατέπαυσεν
2649 1901 2824 1970 ἔργων
2857 1902 3114 1955 ἁπάντων
3151 1903 3216 1970 τῇ
3277 1901 3480 1970 ἐῦδόμῃ
3519 1901 3726 1972 ἡμέρα.

2161 1991 2364 2052 Ἄλλως
2387 2009 2444 2044 τε
2479 1991 2572 2044 καὶ
2603 1991 2790 2060 ἐπειδὴ
2825 1994 3072 2060 ἐνεργεῖν
3119 1993 3315 2044 ταυτὸν
3341 1995 3436 2045 καὶ
3461 1993 3625 2054 αὐτος
3654 1987 3732 2044 εῖ-

2157 2094 2246 2130 ναι
2268 2077 2572 2145 ὁμολογεῖς,
2597 2077 2709 2130 ἐστι
2737 2077 2782 2130 δ’
2799 2083 2832 2145 η
2859 2077 3105 2145 ἐνέργεια
3125 2079 3334 2146 κίνησις
3357 2077 3728 2149 ἐνεργουμένη

2160 2169 2362 2243 μᾶλλον
2389 2169 2421 2236 ἢ
2455 2169 2756 2236 ὲνεργούσα
2789 2171 2856 2236 (εί
2899 2171 3010 2240 γὰρ
3035 2169 3285 2238 ἐνέργειά
3321 2173 3462 2234 ἐστι,
3495 2171 3663 2240 φησὶν
3699 2171 3734 2222 6

2161 2261 2334 2329 μέγας
2367 2263 2424 2312 ἐν
2464 2261 2713 2330 θεολογίᾳ
2743 2261 3062 2332 Γρηγόριος,
3083 2263 3508 2331 ἐνεργηθήσεται
3541 2261 3734 2329 δηλονο

2159 2353 2263 2414 ότι,
2303 2355 2396 2406 καὶ
2441 2357 2541 2406 οἰκ
2585 2355 2895 2423 ἐνεργήσει,
2957 2353 3054 2408 καὶ
3093 2354 3228 2424 ὁμοῦ
3259 2354 3336 2422 τῷ
3365 2354 3732 2422 ἐνεργηθῆναι

2171 2444 2506 2510 παύσεται),
2568 2445 2846 2498 πέπαυται
2888 2447 2995 2514 ἄρα
3047 2445 3108 2496 τὸ
3165 2445 3518 2514 δημιουργεῖν
3561 2446 3734 2513 οὐρα-

2161 2533 2252 2584 νὺν
2297 2532 2454 2585 ἄλλον
2505 2534 2600 2585 καλ⁵
2643 2539 2746 2600 γῆν
2799 2533 2962 2601 ἄλλην
3018 2535 3112 2585 καὶ
3165 2533 3318 2601 ἥλιον
3367 2538 3456 2586 καὶ
3491 2535 3732 2602 ἀστέρας

2159 2629 2256 2678 καὶ
2309 2626 2378 2677 τά
2427 2641 2490 2692 γε
2537 2627 2804 2678 τοιαῦτα·
2849 2625 2944 2678 καὶ
3007 2629 3056 2678 εί
3113 2626 3408 2690 πέπαυται,
3478 2628 3572 2679 καὶ
3623 2627 3726 2695 ἧρ-

2163 2717 2288 2780 ξατο
2337 2719 2574 2780 πάντως.
2610 2715 2681 2769 Τὸ
2730 2716 2774 2768 δ’
2825 2717 3128 2784 ἀρχόμενον
3159 2717 3254 2768 καὶ
3301 2717 3603 2784 παυόμενον
3647 2715 3732 2786 τῷ

2167 2812 2302 2880 μήτε
2348 2811 2636 2878 ἀρχομένῳ
2683 2809 2818 2878 μήτε
2871 2809 3166 2878 παυομένῳ
3217 2809 3334 2870 πῶς
3373 2809 3437 2860 ἂν
3485 2809 3568 2877 εἴη
3599 2825 3736 2861 ταυ-

2163 2904 2294 2966 τόν;
2331 2902 2443 2952 Ούκ
2493 2900 2600 2969 ἄρα
2642 2899 2702 2951 τὸ
2745 2899 3102 2969 δημιουργεῖν
3160 2900 3432 2953 συναῖδιον
3473 2901 3550 2967 τῷ
3586 2899 3730 2967 Θεῷ.

2169 2993 2386 3063 ’Ὠσπερ
2421 2993 2528 3060 γὰρ
2561 2991 2654 3042 τοῦ
2701 2993 2870 3058 πυρὸς
2921 2991 3084 3058 φύσις
3120 2993 3219 3060 μέν
3251 2993 3368 3044 ἐστι
3405 2992 3467 3044 τὸ
3513 3007 3738 3044 καυστι-

2166 3083 2262 3134 κδν
2313 3084 2387 3146 ὡς
2437 3081 2530 3134 τοῦ
2583 3080 2717 3134 Θεοῦ
2751 3081 2809 3134 τὸ
2838 3081 3252 3151 δημιουργικὸν,
3285 3081 3538 3151 ἐνέργεια
3581 3081 3640 3132 δὲ
3671 3080 3738 3132 τὸ

2166 3175 2363 3237 καίειν,
2395 3173 2421 3226 ὅ
2453 3175 2546 3226 καὶ
2577 3173 2842 3242 παρόντος
2877 3171 2978 3242 μὲν
3015 3172 3108 3225 τοῦ
3143 3171 3392 3225 καίεσθαι
3425 3173 3736 3240 δυναμένου

2163 3267 2310 3318 δοκεῖ
2347 3267 2610 3332 ἐνεργεῖν,
2670 3263 2902 3326 ἀπόντος
2957 3265 3002 3318 δ’
3047 3265 3260 3316 ἐκείνου
3307 3264 3401 3316 καὶ
3445 3263 3506 3316 τὸ
3555 3263 3740 3316 καίειν

2169 3353 2435 3404 ἄπεστιν·
2469 3349 2610 3404 οὕτω
2643 3351 2786 3403 κάπὶ
2839 3350 2932 3412 τοῦ
2973 3351 3430 3420 δημιουργοῦντας
3475 3353 3612 3422 φαίη
3653 3367 3740 3412 τις

2165 3443 2252 3508 ἂν,
2287 3443 2554 3512 παρόντος
2593 3441 2690 3510 μὲν
2713 3440 2810 3494 τοῦ
2851 3442 3302 3510 δημιουργεῖοθαι
3337 3443 3592 3510 δεομένου
3625 3443 3740 3510 χὼ-

2169 3555 2266 3607 ραν
2295 3540 2423 3598 ἴσως
2455 3535 2568 3604 ἔχει
2595 3535 2688 3586 καὶ
2711 3535 2770 3586 τὸ
2795 3535 3172 3604 δημιουργεῖν,
3199 3533 3410 3588 ἐκείνου
3437 3534 3482 3587 δ’
3505 3534 3740 3595 ἀπόντος

2165 3631 2440 3682 πέπαυται
2487 3629 2583 3680 καὶ
2627 3627 2689 3680 τὸ
2737 3629 3118 3695 δημιουργεῖν.
3153 3627 3386 3680 Ἔπειτα
3433 3625 3533 3695 τὴν
3575 3627 3736 3695 ἐνέρ-

2165 3738 2320 3789 γειαν
2353 3719 2560 3788 ταύτην
2590 3721 2646 3772 ἐν
2681 3723 2794 3781 τοῖς
2825 3718 3101 3780 συνθέτοις
3141 3719 3411 3787 κτίσμασι
3456 3717 3564 3790 χρὴ
3593 3721 3736 3772 νοεῖν

2166 3813 2382 3880 κίνησιν
2425 3811 2592 3864 οζσαν
2637 3811 3062 3880 ἐνεργουμένην,
3089 3811 3168 3872 ὡς
3207 3813 3234 3863 6
3271 3811 3410 3873 θεῖος
3437 3813 3502 3864 ἐκ
3543 3813 3738 3878 Δαμα-

2169 3901 2300 3954 σκοῦ
2338 3919 2504 3969 φησιν
2558 3900 2832 3968 Ἰωάννης.
2882 3899 3044 3962 Ἤτις
3089 3900 3184 3950 καὶ
3229 3899 3416 3965 σχέσις
3453 3898 3568 3950 ἐστὶ
3611 3913 3742 3948 συν-

2169 3995 2358 4063 θετικὴ
2393 3995 2500 4046 τῶν
2539 3993 2744 4060 ἄκρων,
2797 3993 2894 4044 καὶ
2932 3991 3060 4044 ἄνευ
3103 3990 3211 4042 τῶν
3241 3990 3449 4057 σχετῶν
3497 3987 3738 4040 νοεῖσθαι

2173 4087 2249 4156 μὴ
2283 4086 2598 4152 δυναμένη·
2641 4085 2788 4152 ἄκρα
2825 4083 2880 4134 δέ
2921 4099 3064 4150 φημι
3093 4083 3154 4133 τό
3187 4097 3242 4132 τε
3281 4077 3535 4147 ἐνεργοῦν
3562 4079 3656 4131 καὶ
3677 4079 3742 4130 τὸ

2170 4175 2584 4242 ἐνεργούμενον.
2624 4173 2690 4222 ’11
2725 4171 2783 4222 δὲ
2833 4171 3046 4239 κίνησις
3085 4169 3142 4220 ἐν
3187 4168 3365 4236 χρόνῳ
3401 4169 3458 4218 τέ
3490 4168 3608 4218 ἐστι
3645 4166 3742 4218 καὶ

2169 4271 2232 4338 τῇ
2273 4266 2368 4319 τοῦ
2405 4267 2668 4334 προτέρου
2705 4265 2798 4316 καὶ
2839 4262 3070 4330 ὑστέρου
3116 4261 3390 4330 παρουσίᾳ
3435 4259 3738 4321 διοικεῖται,

2172 4363 2316 4430 ὅροις
2347 4357 2589 4418 τοπικοῖς
2637 4353 2774 4421 ὁμοῦ
2823 4355 2918 4408 καὶ
2969 4355 3244 4424 χρονικοῖς
3290 4351 3607 4404 δουλώσασα
3643 4350 3742 4420 τὴν

505 4469 614 4510 tum
644 4457 932 4524 enituerat
959 4453 1162 4506 factum
1197 4451 1252 4503 in
1287 4451 1416 4516 Deo,
1477 4452 1590 4518 ipsa
1649 4448 1934 4502 voluntate
1997 4447 2060 4499 ad

2175 4449 2508 4518 ἐλευθερίαν.
2546 4445 2764 4516 Ταύτην
2797 4446 2840 4499 δ’
2877 4445 3188 4498 ἀνατιθέναι
3224 4443 3344 4510 Θεῷ
3387 4443 3498 4495 τῶν
3521 4443 3744 4494 πάντων

503 4549 868 4602 t-enstitutum
902 4543 1065 4598 finem
1100 4551 1417 4596 transeunte
1455 4559 1467 4594 :
1497 4541 1796 4595 discrimen
1855 4547 2068 4606 tempo-

505 4643 578 4694 ris
611 4648 704 4692 aut
739 4637 844 4691 loci
877 4636 951 4689 ibi
995 4635 1347 4689 introducere
1407 4647 1738 4702 quocunque
1791 4629 1951 4683 modo
1977 4643 2072 4682 co-

503 4733 767 4802 gitatione
803 4727 1036 4799 quadam
1057 4727 1300 4780 omnium
1332 4736 1416 4780 est
1453 4725 1854 4794 ineptissimum
1891 4735 2070 4788 neque

504 4825 665 4895 340
703 4823 818 4876 fieri
855 4829 1054 4890 potest.
1091 4839 1108 4871 ι
1147 4817 1394 4888 Impetus
1439 4817 1588 4870 enim
1623 4815 1840 4870 consilii
1872 4812 2066 4877 divini,

502 4929 580 4971 ait
605 4916 898 4985 Gregorius
919 4913 1214 4984 Nyssenus,
1241 4927 1364 4966 cum
1397 4911 1514 4962 vult
1545 4925 1629 4962 res
1669 4909 1764 4972 fit,
1784 4915 1838 4960 et
1873 4906 2070 4959 volun-

506 5021 590 5060 tas
629 5006 870 5061 essentia
931 5004 1186 5068 afficitur,
1249 5003 1322 5056 ita
1365 5011 1421 5054 ut
1455 4999 1638 5054 statim
1693 4999 1786 5050 fiat
1849 5007 2066 5058 natura,

505 5099 761 5152 voluntas
817 5095 1076 5150 nimirum
1141 5093 1426 5162 potestatis
1487 5087 1898 5157 omnipotentis,
1949 5101 2070 5154 quae

503 5192 870 5262 quodcunque
905 5189 1184 5257 sapienter
1245 5195 1300 5238 et
1345 5182 1638 5235 artificiose
1697 5179 1811 5232 vult
1862 5177 2066 5242 eftieit,

507 5299 567 5338 ut
601 5283 856 5336 voluntas
900 5293 1009 5332 non
1036 5286 1220 5332 careat
1275 5273 1603 5327 substantia.
1632 5289 1649 5320 ι
1710 5271 1886 5324 Locus
1919 5269 2067 5324 enim

506 5385 562 5428 et
593 5376 732 5428 ι’.ιιίυ
765 5373 918 5426 nullo
945 5370 1109 5423 modo
1135 5365 1494 5433 conspicitur,
1531 5363 1836 5417 secundum
1888 5362 2068 5432 Cyril-

502 5469 612 5520 lu.n
645 5467 918 5527 divinum,
951 5458 1301 5514 intercedeus
1335 5457 1478 5508 inter
1507 5465 1808 5508 creatorem
1836 5465 1890 5508 et
1915 5469 2070 5508 erea-

503 5571 616 5613 tum
650 5574 663 5612 :
693 5553 1044 5610 efficientiam
1077 5559 1260 5602 autem
1293 5549 1346 5600 in
1380 5549 1488 5602 Deo
1521 5551 1952 5602 demonstratum
1984 5553 2068 5598 est

503 5663 621 5700 esse
651 5647 770 5715 ejus
797 5641 1226 5698 declarationem
1277 5655 1596 5710 magnorum
1647 5649 1701 5692 et
1730 5636 2068 5690 mirabilium

509 5755 737 5804 (:pCl'tllll
805 5737 966 5791 nobis
1013 5733 1258 5788 factam:
1303 5735 1416 5786 iure
1475 5743 1656 5786 autem
1719 5739 1844 5784 sunt
1903 5742 2068 5796 Opera

2177 4544 2326 4596 ἐστὶν
2373 4539 2746 4594 ἀτοπώτατον.
2799 4539 2872 4590 Τὸ
2919 4539 3030 4606 γὰρ
3077 4537 3315 4606 ἐννόημα
3359 4536 3519 4604 ἔργον
3559 4531 3626 4605 ἦν
3649 4536 3747 4588 ἐπὶ

2175 4633 2334 4697 Θεοῦ,
2372 4633 2592 4700 ἁμέσως
2630 4627 2725 4680 τοῦ
2771 4627 3116 4698 βουλήματος
3161 4629 3296 4696 πρὸς
3343 4629 3402 4680 τὸ
3431 4627 3572 4680 κατὰ
3605 4627 3748 4696 πρό-

2176 4723 2323 4774 θεσιν
2351 4721 2507 4783 τέλος
2557 4717 2974 4788 μεθισταμένου.
3025 4717 3126 4770 Καὶ
3167 4717 3446 4786 διάστημα
3491 4717 3746 4785 χρονικὸν

2175 4815 2208 4884 ἢ
2249 4813 2471 4865 τοπικδν
2505 4814 2622 4864 ἐκεῖ
2669 4813 3028 4881 παρεισάγειν
3075 4811 3324 4863 ὁπωσοῦν
3371 4810 3590 4880 ἐπινοίᾳ
3637 4811 3748 4861 τινὶ

2174 4904 2281 4954 τῶν
2306 4902 2524 4953 πάντων
2563 4901 2710 4951 ἐστὶν
2757 4899 3105 4952 ἀτοπώτατον
3153 4905 3248 4952 καὶ
3297 4899 3588 4953 ἀδύνατον.
3617 4917 3636 4948 ι
3685 4898 3746 4952 ’Π

2177 4993 2282 5061 γὰρ
2311 4995 2453 5061 ὁρμὴ
2481 4992 2580 5060 τῆς
2611 4991 2762 5053 θείας
2793 4993 3188 5059 προαιρέσεως,
3225 5008 3244 5038 ι
3271 4993 3438 5060 φησιν
3467 4993 3496 5044 ὁ
3521 4991 3748 5058 Νύσσης

2175 5084 2498 5153 Γρηγόριος,
2543 5099 2561 5132 ι
2595 5083 2722 5134 ὅταν
2771 5081 2927 5152 ἐθέλῃ
2981 5085 3214 5153 πρᾶγμα
3252 5084 3482 5146 γίνεται,
3531 5083 3626 5136 καὶ
3653 5085 3750 5136 οὐ-

2179 5173 2388 5227 σιοῦται
2443 5175 2502 5226 τὸ
2545 5171 2793 5242 βούλημα
2845 5175 3010 5236 εὐθὺς
3071 5173 3234 5242 φύσις
3289 5174 3600 5242 γινόμενον,
3647 5174 3750 5242 τῆς

2179 5267 2590 5335 παντοδυνάμου
2647 5265 2920 5328 ἐξουσίας,
2979 5267 3114 5334 ὅπερ
3169 5264 3236 5318 ἂν
3299 5265 3480 5332 σοφῶς
3537 5281 3598 5316 τε
3657 5267 3750 5316 καὶ

2175 5356 2440 5426 τεχνικῶς
2503 5355 2768 5426 ἐθελήσῃ,
2821 5355 2897 5424 μὴ
2951 5355 3326 5408 ἀνυπόστατον
3379 5355 3642 5422 ποιούσης
3690 5357 3750 5406 τὸ

2177 5449 2406 5518 θέλημα.
2448 5466 2465 5499 ι
2511 5448 2686 5510 Τόπος
2741 5449 2848 5516 γὰρ
2897 5449 2992 5500 καὶ
3023 5447 3181 5518 λόγος
3225 5447 3344 5499 οὐδε
3369 5463 3394 5508 ς
3435 5444 3497 5516 [Γ.
3539 5447 3642 5500 155
3673 5445 3749 5516 tu]

2177 5544 2388 5610 ὁρᾶται,
2409 5541 2548 5592 κατὰ
2575 5541 2664 5590 τὸν
2691 5543 2826 5590 θεῖον
2849 5541 3138 5609 Κύριλλον,
3166 5541 3371 5609 μεταξὺ
3405 5542 3634 5610 ποιητοῦ
3655 5547 3748 5595 καὶ

2177 5633 2492 5700 κτίσματος.
2531 5631 2808 5700 Ἐνὲργεια
2835 5630 2879 5682 δ’
2915 5633 3002 5683 ἐπὶ
3048 5633 3184 5683 Θεοῦ
3225 5633 3498 5684 δέδεικται
3537 5630 3678 5686 εἶναι
3717 5639 3748 5702 η

2178 5724 2283 5776 τῶν
2343 5723 2594 5792 μεγάλων
2658 5725 2749 5776 καὶ
2785 5724 3114 5794 ⁹θαυμασίων
3173 5723 3348 5794 ἔργων
3399 5725 3564 5778 αὑτοῦ
3615 5728 3748 5796 πρὸς
