4046 6290
318 353 425 416 301

1294 353 1741 416 Brzmrtm
1781 350 2166 412 uts'ronue
2200 349 2350 410 [ιε.
2391 327 2569 412 axx.

3450 344 3555 408 302

317 464 472 533 ἡμᾶς
509 465 840 535 φανέρωσις.
877 465 1063 520 Ταῦτα
1104 466 1148 520 δ’
1189 468 1303 521 ἔστι
1354 471 1636 540 ποιήματα
1678 466 1892 529 κτιστὰ,

2005 475 2183 519 creata
2222 483 2232 516 :
2270 482 2443 530 neqm-
2479 478 2607 515 vero
2641 462 2750 515 ullo
2804 459 2969 514 modo
3002 457 3079 512 dii
3131 468 3188 513 et
3239 455 3559 515 divinitates

315 557 414 607 καὶ
444 556 657 628 οὐδαμῆ
697 557 812 610 θεοὶ
844 559 937 610 καὶ⁵
968 558 1220 628 θεότητες
1248 560 1516 616 ἄκτιστοι.
1537 556 1641 616 Ὧν
1671 562 1893 630 οὐδεμία

312 666 406 710 τις
435 648 792 718 προηγήσατο
821 649 1057 719 κίνησις,
1107 651 1176 721 ἣν
1234 651 1515 722 ἐνέργειαν
1564 652 1698 720 σύγε
1754 648 1894 706 εἶναι

318 739 692 802 ἀναπλάττεις
728 738 825 792 νῦν
858 742 951 793 καὶ
999 740 1229 810 θεότητα
1279 743 1710 812 προσαγορεύεις
1743 743 1896 796 ἀκτι-

318 847 451 883 στον
495 829 593 883 καὶ
648 833 748 900 τῆς
795 829 943 894 θείας
985 830 1174 895 οὐσίας
1217 832 1494 902 διάφορον.
1540 833 1895 902 Ἀνάπλασμα

316 926 431 995 ἄρα
466 924 567 994 σῆς
600 923 839 987 διανοίας
869 926 903 993 ἡ
931 925 997 996 σὴ
1033 925 1220 993 θεότης
1256 927 1424 987 ἐστὶν,
1461 919 1572 979 οἷον
1596 925 1708 978 οὐδ’
1742 926 1808 979 ἂν
1847 926 1895 978 οί

318 1019 450 1080 τοὺς
481 1017 862 1087 τραγελάφους
889 1016 1217 1082 πλάττοντες
1250 1019 1584 1088 ὲννοήσαιεν.

397 1110 523 1162 AA'.
559 1107 766 1177 Πολλῆς
791 1125 856 1177 γε
909 1109 1017 1178 μὴν
1057 1110 1361 1173 ὲνστάσεως
1410 1109 1519 1162 τῶν
1557 1110 1899 1179 ἑκατέρωθεν

324 1201 644 1270 γενομένης,
682 1201 776 1255 καὶ
818 1201 996 1268 λόγων
1045 1202 1255 1272 συχνῶν
1280 1232 1283 1233 ν
1308 1201 1652 1256 κενωθέντων
1699 1202 1843 1266 οἵους
1871 1208 1899 1257 ὁ

317 1294 422 1363 τῆς
452 1293 626 1363 ἔριδος
665 1293 818 1362 μίτος
861 1294 1099 1361 ὑφαίνει,
1130 1295 1222 1347 καὶ
1260 1293 1378 1363 ἅμα
1415 1293 1646 1364 θορύὸου
1681 1294 1897 1363 μακροῦ

315 1385 433 1436 τῶν
486 1384 717 1453 ἀμαθῶς
767 1386 992 1439 ἐκείνων
1041 1386 1498 1456 παρασπιζόντων
1542 1386 1620 1456 τῷ
1664 1385 1899 1459 Παλαμᾷ

317 1478 828 1547 περιόομὸήσαντος
882 1479 984 1542 τὰς
1048 1480 1206 1549 ήμῶν
1255 1481 1447 1545 ἀκοὰς,
1490 1480 1567 1544 ὡς
1607 1480 1732 1551 μηδ’
1779 1481 1900 1545 ἐξα-

318 1570 585 1622 κούεσθαι
631 1569 894 1623 δύνασθαί
939 1589 991 1623 τι
1040 1571 1150 1624 τῶν
1202 1571 1535 1642 λεγομένων,
1590 1573 1899 1642 ἀνεχαίτισε

315 1663 413 1715 τδν
442 1663 643 1732 δρόμον
693 1664 721 1715 ὁ
754 1662 1041 1732 Γρηγορᾶς
1076 1662 1304 1717 ἐκείνων
1353 1662 1466 1716 τῶν
1516 1662 1776 1732 ἐλέγχων,
1811 1663 1898 1716 ἶνα

320 1752 400 1822 μὴ
447 1754 543 1806 καὶ
586 1752 856 1821 πρόφασίς
901 1768 986 1815 τις
1029 1753 1321 1823 ὑπονοῆται
1364 1752 1473 1805 τῶν
1519 1752 1615 1805 τοῦ
1662 1753 1899 1823 Παλαμᾶ

315 1845 689 1899 καθίστασθαι
747 1843 1127 1914 βλασφημιῶν.
1194 1845 1567 1913 Παυσαμὲνων
1621 1845 1730 1915 γὰρ
1784 1845 1895 1899 τῶν

318 1935 568 2007 ἐλέγχων
599 1938 753 2006 φησι,
787 1936 884 1990 καὶ
934 1936 1131 2007 μηκέτι
1176 1935 1237 1989 τὸ
1283 1937 1495 2007 ἀμαθὲς
1541 1936 1894 2007 ὲρεθιζόντων

316 2029 562 2094 ἐκείνου,
592 2027 895 2082 παύσεσθαι
916 2032 1014 2081 καὶ⁵
1045 2028 1106 2081 τὸ
1140 2028 1396 2097 πολέμιον
1427 2028 1587 2093 εὐθὺς
1617 2030 1713 2082 καὶ
1740 2028 1893 2091 ἀντί-

321 2119 498 2173 παλον
524 2119 863 2189 τῆς-ἐκείνου
896 2119 1216 2191 βλασφήμου
1248 2118 1496 2190 γλώττης
1526 2121 1619 2174 καὶ
1650 2121 1895 2190 ἀπεραν-

316 2213 594 2280 τολογίας.
635 2231 654 2264 ι
688 2213 922 2283 Ἔχομεν
960 2213 1015 2265 δὲ
1072 2213 1166 2265 καὶ
1217 2212 1317 2281 τὴν
1374 2211 1606 2282 μίμησιν
1650 2214 1728 2276 είς
1766 2212 1897 2274 τοὺς

319 2305 527 2368 θείους,
564 2305 791 2376 ἔφησεν,
823 2307 1062 2368 ἐκείνους
1096 2304 1393 2373 φωστῆρας
1415 2303 1510 2355 καὶ
1538 2303 1893 2367 διδασκάλους

316 2393 431 2467 τῆς,
462 2393 793 2462 Ἐκκλησίας
839 2379 1172 2459 ἀνενεγκεῖν,
1224 2391 1347 2443 κατ’
1397 2390 1667 2459 Εὑνομίου
1724 2391 1897 2445 πάλαι

318 2484 680 2553 φερομένους.
727 2482 839 2552 Τῆς
868 2483 976 2554 γὰρ
1019 2484 1228 2537 ἐκείνου
1265 2481 1624 2549 καταγνόντες
1659 2483 1896 2554 ἀναλγη-

317 2576 469 2641 σίας,
521 2574 799 2636 Βασίλειος
839 2574 937 2645 μὲν
990 2576 1018 2627 ὁ
1074 2574 1269 2643 μέγας,
1309 2592 1327 2625 ι
1387 2572 1698 2642 Ἐοίκαμεν,
1737 2575 1894 2646 φησὶ,

312 2667 412 2720 διὰ
459 2664 560 2738 τὴν
616 2668 817 2736 πολλὴν
868 2666 969 2735 τῆς
1020 2666 1275 2729 ἀσεϐείας
1328 2664 1619 2737 ἐνάργειαν
1672 2667 1893 2732 ἀπορεῖν

312 2757 521 2825 λόγων,
549 2759 646 2812 καὶ
680 2759 779 2811 οὐκ
809 2757 953 2829 ἔχειν
987 2759 1104 2821 πῶς
1129 2761 1230 2828 τῆς
1260 2757 1484 2824 ἀλογίας
1512 2759 1693 2812 αὐτῶν
1721 2761 1895 2813 καθα-

312 2846 558 2917 ψόμεθα,
590 2847 728 2902 ὥστε
775 2866 867 2919 μοι
904 2847 1120 2902 δοκοῦσί
1168 2864 1220 2903 τι
1270 2850 1569 2919 κερδαίνειν
1611 2848 1892 2922 mva

313 2938 567 3007 ἄγνοιαν.
603 2940 693 3003 Ὠς
718 2941 788 3006 γὰ
799 2958 831 3009 ρ
857 2941 924 2994 τὰ
959 2941 1180 3009 μαλακὰ
1207 2943 1302 2996 καὶ
1330 2942 1623 2997 ὑπείκοντα
1650 2943 1759 2996 τῶν
1788 2961 1893 2997 σω-

320 3025 517 3094 μάτων
542 3025 618 3095 τῷ
652 3027 726 3095 μὴ
756 3025 897 3097 ἔχειν
922 3028 1225 3095 ἀντέρεισιν
1251 3029 1350 3081 οὐκ
1375 3029 1489 3083 ἔστι
1518 3029 1772 3098 γενναίαν
1795 3031 1895 3103 τὴν

1999 557 2275 616 ἰηςτοιιιτι,
2303 556 2501 622 quibus
2534 553 2684 607 nulla
2732 550 3011 608 antecedit
3050 548 3243 610 motio,
3300 564 3467 618 quam
3498 558 3557 603 tu

1998 648 2222 717 quidem
2291 646 2642 702 efficientiam
2668 660 2789 702 esse
2819 645 2978 715 ﬁngis
3000 658 3150 699 nunc
3178 652 3238 698 et
3295 641 3560 715 divinita-

1998 747 2106 792 tem
2137 739 2381 807 appellas
2409 739 2703 793 increatam
2722 745 2778 792 et
2803 736 2872 791 ab
2919 735 3164 791 essentia
3229 733 3416 787 divina
3473 731 3567 787 di-

1995 845 2234 888 versam.
2268 828 2441 885 Fietio
2471 832 2639 900 igitur
2694 830 2896 885 mentis
2920 839 3025 884 tua:
3046 837 3130 889 est
3153 827 3415 882 divinitas
3445 836 3562 891 tua,

1997 921 2215 990 qualem
2253 937 2319 976 ne
2346 921 2693 992 tragelapbos
2745 921 2970 991 quidem
3029 922 3295 991 tingentes
3346 934 3567 989 excogi-

2000 1022 2117 1068 tare
2151 1013 2387 1082 possint.

2067 1105 2260 1161 XXXI.
2289 1106 2475 1177 Magna
2509 1106 2732 1177 quidem
2775 1106 3121 1176 oppositione
3161 1105 3334 1175 partis
3356 1103 3568 1159 utrius-

2000 1212 2107 1270 que
2142 1199 2282 1253 facta
2312 1206 2368 1251 et
2402 1197 2589 1252 verbis
2641 1196 2988 1265 consumptis
3017 1194 3202 1264 qualia
3229 1194 3568 1264 objurgatio-

1999 1292 2086 1345 nis
2108 1287 2307 1344 Filium
2341 1289 2605 1354 contexit,
2641 1287 2916 1356 simulque
2964 1286 3203 1340 tumultu
3252 1300 3452 1350 magno
3478 1300 3572 1338 ρισ-

2000 1389 2125 1436 orto
2184 1382 2402 1433 illorum
2457 1378 2679 1433 indocte
2725 1377 3102 1449 adjuvantiutn
3148 1378 3421 1431 Palamam
3473 1377 3569 1445 qui

2000 1484 2161 1524 aures
2193 1476 2406 1522 nostras
2433 1467 2745 1536 obstrepuit
2774 1467 2850 1521 ita
2879 1474 2940 1521 ut
2963 1480 3142 1536 neque
3169 1465 3418 1519 exaudiri
3444 1480 3571 1533 pos-

2001 1567 2085 1613 set
2118 1557 2421 1627 quidquam
2449 1557 2745 1621 dictorum,
2774 1556 3048 1627 Gregoras
3077 1572 3304 1612 cursum
3335 1557 3563 1611 retinuit

2001 1657 2452 1718 argumentorum
2512 1648 2759 1711 illorum,
2810 1663 2882 1702 ne
2935 1649 3156 1717 species
3212 1647 3571 1704 simularetur

2000 1740 2377 1795 conviciorum
2405 1740 2638 1795 Palamaa
2660 1750 2718 1793 ut
2739 1740 3132 1793 consisterent.
3170 1739 3381 1794 Etenim
3408 1740 3455 1794 si
3479 1740 3572 1794 de-

2001 1833 2248 1886 sinerent
2300 1841 2646 1900 argumenta,
2704 1830 2801 1895 ait,
2852 1830 3009 1901 341
3048 1846 3225 1900 neque
3282 1831 3394 1900 jam
3421 1829 3570 1885 illius

2000 1922 2368 1993 ignorantiam
2396 1925 2725 1988 excitarent,
2770 1922 2888 1977 fore
2918 1933 2979 1976 ut
3023 1922 3189 1976 etiam
3223 1922 3428 1977 bellum
3461 1935 3573 1977 su-

2002 2017 2097 2071 tim
2128 2026 2183 2072 et
2207 2016 2487 2087 Oppositio
2538 2016 2688 2070 illius
2750 2016 2954 2085 linguae
2990 2016 3356 2071 conviciantis
3387 2024 3441 2069 et
3488 2016 3575 2070 lo-

2001 2108 2297 2178 quacitatis
2326 2108 2670 2164 desinerent.
2705 2126 2724 2159 ι
2751 2107 3058 2162 Possumus
3086 2107 3253 2161 etiam
3312 2108 3577 2163 imitatio-

2003 2215 2125 2253 nem
2183 2200 2253 2253 ad
2312 2198 2552 2266 divinos,
2609 2198 2810 2269 inquit,
2870 2207 3240 2267 praeceptores
3276 2209 3332 2255 et
3363 2199 3572 2253 lumina

1996 2291 2260 2348 Ecclesia:
2314 2291 2518 2348 referre
2575 2301 2765 2347 contra
2841 2291 3171 2347 Eunotnium
3227 2292 3573 2347 invehentes.

2002 2385 2139 2440 Cum
2172 2386 2316 2440 enim
2346 2385 2493 2440 illius
2521 2385 2916 2455 impudentiam
2954 2395 3372 2454 cognoscerent.
3425 2384 3577 2440 Basi-

1998 2476 2108 2531 lius
2142 2477 2382 2546 Magnus,
2434 2477 2751 2543 «Yidemur,
2809 2478 3008 2548 inquit,
3071 2486 3296 2548 propter
3347 2479 3575 2534 multam

2002 2569 2295 2637 impietatis
2329 2568 2773 2639 perspicuitatem
2816 2570 3003 2625 verbis
3033 2584 3227 2625 carere
3258 2584 3440 2640 neque
3472 2572 3577 2626 lia-

2002 2660 2132 2715 bere
2160 2660 2436 2730 quomodo
2487 2661 2757 2716 insaniam
2811 2675 3002 2716 eorum
3042 2671 3352 2732 tangamus,
3409 2666 3484 2720 ita
3517 2673 3581 2720 ut

2014 2748 2254 2804 fructum
2283 2765 2481 2821 capere
2497 2761 2696 2821 praeter
2713 2751 3079 2822 ignorantiam
3107 2753 3243 2808 mihi
3266 2754 3575 2813 videantur.

2004 2839 2075 2896 Ut
2111 2840 2260 2894 enim
2301 2842 2485 2897 mollia
2526 2849 2583 2897 et
2612 2843 2950 2897 remittentia
3003 2857 3261 2913 corpora,
3303 2845 3434 2914 quia
3489 2862 3581 2902 re-

1999 2931 2198 2986 sistere
2229 2947 2337 2987 non
2373 2943 2623 3003 possunt,
2648 2933 2860 3004 justum
2912 2933 3123 2988 vulnus
3181 2936 3437 3004 accipere
3476 2952 3577 2993 ne—

2000 3031 2233 3092 queunt,
2297 3026 2370 3079 ita
2438 3040 2619 3094 neque
2678 3038 2776 3080 eos
2807 3039 3046 3095 quorum
3111 3025 3430 3095 ignorantia
3493 3039 3579 3086 est

317 3118 541 3188 πληγὴν
596 3119 860 3187 ἐνεγκεῖν,
915 3119 1090 3183 οὕτως
1149 3119 1269 3174 οὑδὲ
1322 3120 1432 3174 τῶν
1484 3121 1768 3192 προδήλων
1817 3125 1896 3188 είς

2003 3126 2191 3188 aperta
2226 3126 2287 3172 ut
2308 3128 2632 3189 argumento
2660 3118 2871 3188 ingenti
2901 3129 3192 3190 tangamus
3218 3119 3339 3175 ﬁeri
3360 3130 3575 3192 potest;

316 3211 511 3263 ἄνοιαν
532 3210 755 3264 δυνατὸν
785 3211 992 3281 ἐλέγχῳ
1015 3212 1245 3281 νεανικῷ
1274 3212 1618 3267 καθικέσθαι.
1644 3213 1900 3268 Λείπεται

316 3298 417 3352 οὖν
451 3302 630 3371 σιωπῇ
667 3301 726 3353 τὸ
771 3299 1063 3371 βδελυκτὸν
1095 3302 1275 3355 αὐτῶν
1308 3302 1407 3373 τῆς
1445 3303 1698 3367 ἀσεϐείας
1724 3321 1902 3376 παρα⁴

315 3392 575 3462 δραμεῖν.
609 3411 627 3443 ι
682 3391 982 3465 Γρηγόριος
1019 3392 1062 3446 δ’
1112 3391 1268 3456 αὖθις
1319 3394 1346 3445 ὁ
1404 3392 1720 3457 Νυσσαέων,
1779 3410 1901 3447 κατ’

318 3483 592 3552 Εὑνομίου
615 3483 908 3555 φερόμενος
937 3485 1031 3538 καὶ
1050 3484 1212 3547 αὑτὸς
1234 3485 1326 3536 καὶ
1353 3483 1445 3537 τὸν
1468 3485 1628 3536 αὐτὸν
1654 3483 1901 3555 τάδελφῷ

317 3574 723 3645 σταδιοδρομῶν
748 3575 982 3638 δίαυλον,
1018 3594 1036 3627 ι
1065 3575 1260 3639 Καλῶς
1279 3580 1344 3630 ἂν
1370 3577 1504 3645 ἔχοι,
1534 3576 1687 3644 φησὶ,
1719 3578 1897 3647 σιωπῇ

318 3665 534 3734 μᾶλλον
559 3665 652 3719 τὸν
685 3664 843 3735 λόγον
881 3664 1232 3737 βδελύξασθαι
1279 3668 1371 3720 καλ
1414 3665 1656 3735 βύσαντα
1687 3665 1754 3718 τὰ
1786 3660 1900 3719 ὦτα

313 3760 518 3824 φυγεῖν
548 3757 656 3810 ἀπὺ
696 3757 867 3828 ἀκοῆς
905 3758 1169 3827 πονηρᾶς.
1199 3775 1218 3809 ι
1264 3756 1389 3808 Ἐπὶ
1431 3757 1640 3819 τούτοις
1675 3759 1701 3810 ὁ
1747 3757 1902 3826 βασι-

314 3844 449 3907 λεὺς
477 3861 537 3896 τε
575 3844 796 3914 ἀνέστη,
829 3845 919 3898 καὶ
949 3847 978 3897 ὁ
1015 3844 1272 3913 σύλλογος
1303 3844 1597 3900 διελέλυτο.
1626 3846 1688 3897 Εἰ
1713 3844 1768 3897 δὲ
1809 3844 1900 3896 καὶ

316 3938 489 4006 ἕτερα
526 3936 697 3990 πλείω
728 3938 930 4007 μεταξὺ
968 3936 1271 4007 λαληθέντα
1304 3938 1454 4005 παρὰ
1507 3938 1601 3990 τοῦ
1640 3938 1898 4006 name,

319 4029 486 4097 σιγῆς
527 4029 843 4100 ὑπάρχοντα
881 4031 975 4083 καὶ
1004 4032 1063 4083 οὐ
1100 4031 1319 4101 μνήμης
1362 4030 1608 4084 οὐδέποτ’
1643 4033 1899 4101 οὐδεμιᾶς

314 4120 475 4186 ἄξια,
509 4123 633 4188 σιγῇ
668 4121 1140 4191 παρετέμφθησαν
1180 4123 1276 4175 καὶ
1304 4123 1477 4195 ταύτῃ
1521 4125 1585 4193 τῇ
1619 4124 1898 4193 διηγήσει,

318 4209 629 4280 μεμφέσθω
681 4212 899 4280 μηδείς·
948 4212 1176 4283 περιττὰ
1220 4212 1329 4284 γὰρ
1375 4214 1470 4266 καὶ⁸
1513 4212 1781 4282 ἑπιῦλαόἧ
1825 4210 1897 4285 [ι’.

322 4300 433 4355 154
465 4299 538 4374 r.]
562 4301 665 4381 καὶ
712 4290 1148 4374 συμπεφυρμένα
1175 4306 1269 4357 καὶ
1311 4304 1659 4376 βλασφημίας
1695 4322 1899 4359 παντο-

314 4395 506 4465 δαπῆς
561 4398 655 4448 καὶ
706 4398 956 4469 ποικίλης
1009 4400 1310 4470 ἀνάμεστα,
1369 4399 1571 4467 μᾶλλον
1627 4399 1683 4452 δὲ
1733 4403 1900 4472 χείρω

2006 3210 2342 3276 relinquitur
2372 3208 2562 3281 igitur,
2610 3218 2672 3264 ut
2728 3210 3066 3280 impietatem
3104 3226 3301 3267 eorum
3329 3213 3576 3277 odiosam

2005 3300 2229 3357 silentio
2265 3304 2775 3372 prmtertnittamus.
2821 3321 2840 3356 ι
2888 3304 3103 3359 Rursus
3133 3314 3320 3360 autem
3376 3306 3583 3378 Grego-

2006 3394 2120 3448 rius
2142 3394 2419 3465 Nyssenus
2444 3397 2495 3450 itt
2516 3395 2844 3451 Eunomium
2880 3397 3146 3452 invehens
3176 3406 3232 3453 et
3263 3397 3380 3467 ipse
3402 3399 3583 3455 idem~

2004 3499 2113 3553 que
2143 3501 2265 3539 cum
2299 3484 2469 3542 fratre
2504 3501 2734 3542 currens
2760 3489 3028 3554 stadium,
3084 3506 3105 3541 ‹
3136 3488 3440 3545 Honestum
3469 3502 3578 3555 est,

2005 3576 2205 3645 inquit,
2241 3577 2462 3632 silentio
2495 3577 2680 3647 potius
2720 3595 3006 3637 sermones
3038 3580 3225 3635 odisse
3267 3591 3322 3637 et
3349 3564 3582 3638 auribus

2002 3668 2271 3723 obturatis
2302 3671 2639 3725 auditionem
2674 3672 2932 3726 miseram
2961 3672 3203 3743 Ingere.»
3236 3675 3318 3729 Ad
3341 3676 3456 3731 haec
3482 3689 3577 3732 rex

2003 3759 2381 3811 assurrexitet
2418 3759 2751 3828 colloquium
2806 3759 3018 3814 ﬁnitum
3074 3771 3180 3816 est.
3208 3762 3415 3829 Quodsi
3470 3765 3578 3819 alia

2004 3862 2225 3916 quoque
2258 3848 2412 3916 plura
2444 3857 2706 3917 ρωποι-εει
2736 3849 2883 3904 dicta
2909 3866 2939 3904 a
2966 3850 3203 3916 l‘alama,
3252 3868 3374 3922 qua:
3402 3855 3575 3908 silen-

2007 3939 2083 3991 tio
2115 3939 2361 4008 subjecta
2420 3954 2599 4008 neque
2656 3941 2766 3995 ulla
2830 3957 3073 4009 unquam
3124 3945 3385 3998 memoria
3412 3946 3580 4016 digna

2003 4038 2151 4092 sunt,
2181 4032 2350 4084 etiam
2399 4032 2719 4087 narratione
2777 4032 2883 4089 hac
2938 4034 3161 4088 silentio
3212 4037 3583 4100 praetenuissa

2001 4130 2151 4186 sunt,
2172 4136 2332 4176 nemo
2353 4121 2458 4177 hoc
2486 4123 2891 4193 reprehendat;
2915 4139 3321 4195 supervacanea
3352 4127 3501 4180 enim
3524 4137 3581 4181 et

2002 4214 2165 4269 noxia
2192 4223 2248 4269 et
2275 4212 2437 4287 342
2463 4215 2694 4271 confusa
2749 4227 2879 4273 sunt
2920 4227 2977 4272 et
3015 4218 3252 4272 convicii
3289 4218 3494 4274 diversi
3517 4228 3577 4275 et

2010 4306 2151 4360 varii
2177 4307 2339 4376 plena
2369 4324 2385 4361 :
2420 4306 2534 4362 sive
2562 4308 2745 4376 potius
2775 4309 2959 4379 pejora
2998 4308 3225 4363 omnino
3272 4322 3475 4363 nausea
3508 4324 3578 4363 ne

2003 4396 2285 4451 auditione
2327 4397 2552 4467 quidem
2584 4398 2813 4453 minima
2848 4416 2877 4453 a
2910 4398 3152 4470 Gregora
3190 4400 3351 4470 digna
3388 4400 3577 4457 habita

315 4489 675 4543 παντάπασιν
699 4488 732 4559 ἦ
761 4492 983 4561 ναυτιᾷν
1012 4492 1162 4555 ὄντα,
1191 4491 1298 4544 οὐδ’
1331 4493 1499 4562 ἀκοῆς
1528 4491 1661 4559 γοῦν
1694 4493 1896 4561 μικρᾶς

2003 4502 2148 4541 sunt.
2184 4489 2480 4559 Propterea
2516 4500 2571 4544 et
2597 4490 2713 4560 ipse
2759 4493 2979 4546 Stlentio
3003 4507 3065 4546 ea
3109 4492 3576 4561 praetermittenda

313 4580 583 4651 ἠξίωνται
621 4581 757 4649 πρὸς
787 4582 882 4634 τοῦ
917 4584 1191 4652 Γρηγορᾶ.
1246 4584 1346 4637 Διά
1384 4583 1543 4637 τοῦτο
1591 4584 1687 4637 καὶ
1732 4585 1895 4647 αὑτὸς

315 4675 457 4744 σιγῇ
504 4676 899 4745 παραπέμπειν
953 4674 1145 4746 ἔκρινα
1197 4676 1327 4739 δεῖν,
1378 4677 1520 4730 δυοῖν
1574 4677 1759 4744 ἕνεκα,
1806 4677 1894 4731 ἵνα

310 4766 526 4837 δςλαδὴ
579 4767 707 4836 μήθ’
755 4770 882 4836 ὅρια
941 4769 1201 4843 Πατέρων
1258 4771 1698 4844 ὑπερϐαίνωμεν,
1756 4773 1895 4843 μήτε

318 4858 705 4931 βλασφημίαις
748 4861 1097 4931 Παλαμικαίς
1135 4863 1296 4917 ἀκοαὶ
1333 4864 1574 4934 καθαραὶ
1613 4864 1894 4918 καταϐλά-

316 4971 369 5006 π
384 4970 598 5008 εωνται.

398 5044 526 5100 AB’.
560 5041 632 5100 Εὖ
664 5063 748 5114 γε,
799 5041 845 5101 ὦ
873 5047 1041 5116 φίλων
1074 5047 1266 5118 ἄριστε
1303 5046 1638 5116 Ἀγαθόνικε.
1669 5045 1779 5099 Καί
1813 5063 1897 5100 σοι

309 5134 428 5202 τῆς
453 5132 757 5203 διηγήσεως
786 5136 973 5204 μακρά.
1002 5152 1084 5199 τις
1112 5134 1356 5188 κείσεται
1383 5136 1547 5206 χάρις
1580 5136 1637 5186 ὲν
1661 5138 1772 5197 τοῖς
1795 5135 1897 5203 τῆς

310 5224 471 5294 ἐμῆς
496 5226 723 5296 καρδίας
749 5225 1036 5294 θαλάμοις.
1083 5226 1284 5288 Ἡδέως
1310 5227 1354 5278 δ’
1389 5226 1455 5280 ἂν
1493 5226 1767 5296 πυθοίμην
1801 5227 1895 5279 καὶ

307 5318 446 5386 ἥτις
480 5313 513 5382 ἡ
553 5315 731 5383 ψῆφος
767 5313 858 5366 ἐπὶ
884 5314 1095 5378 τούτοις
1135 5315 1218 5385 εἴη
1251 5314 1348 5368 τοῦ
1399 5332 1460 5367 τε
1492 5315 1757 5386 βασιλέως
1792 5317 1891 5368 αὐ-

302 5400 413 5457 τοῦ
448 5403 543 5457 καὶ
573 5402 691 5473 ἆμα
721 5402 821 5472 τῆς
850 5405 957 5455 τῶν
990 5403 1214 5468 ἐνδόξων
1239 5405 1530 5473 γερουσίας
1559 5405 1794 5473 ἐκείνης.

388 5579 515 5636 AI”.
561 5580 706 5635 Ἀλλ’
732 5582 852 5635 οὑδὲ
873 5582 1077 5652 ταύτην
1100 5585 1318 5657 ὀκνήσω
1344 5602 1448 5650 σοι,
1492 5584 1732 5654 βέλτιστε
1769 5586 1895 5637 Θεό-

309 5690 471 5744 τιμε,
503 5674 896 5744 διηγήσασθαι.
926 5676 1249 5743 Κατέγνωκε
1275 5680 1378 5747 μὲν
1398 5677 1506 5729 τῶν
1547 5681 1774 5747 μακρῶν
1796 5678 1892 5731 τοῦ

313 5764 560 5835 Παλαμᾶ
591 5766 688 5817 καὶ
715 5764 975 5818 ποικίλων
1005 5765 1366 5837 βλασφημιῶν
1392 5769 1419 5818 ὁ
1447 5767 1697 5835 βασιλεὺς
1718 5766 1893 5820 ὁπόσα

2007 4594 2130 4634 esse
2160 4583 2379 4647 censui,
2402 4582 2617 4639 duabus
2650 4598 2717 4638 ex
2749 4586 2932 4639 causis
2959 4602 2972 4639 :
3004 4585 3263 4638 nimirum
3331 4599 3401 4638 ne
3443 4583 3580 4638 ﬁnes

2011 4671 2233 4727 Patrum
2256 4674 2674 4743 egrederentur,
2700 4691 2841 4731 neve
2868 4677 3138 4732 conviciis
3165 4675 3454 4732 Palamicis
3480 4693 3581 4731 atto

2019 4778 2113 4820 res
2148 4763 2377 4820 sincerae
2406 4765 2838 4823 oll’enderentur.

2081 5034 2302 5093 XXXII.
2358 5037 2572 5104 Optime
2626 5040 2894 5109 profecto,
2969 5043 3330 5096 canticorum
3373 5042 3581 5111 optime

2007 5124 2347 5195 Agatltonice
2377 5141 2392 5179 :
2424 5135 2587 5195 atque
2624 5132 2955 5182 narrationis
3013 5131 3170 5183 istius
3223 5144 3417 5200 magna
3476 5131 3578 5184 tibi

2009 5216 2188 5269 aderit
2256 5219 2425 5286 gratia
2488 5218 2543 5270 in
2605 5220 2839 5286 peetoris
2907 5221 3012 5272 mei
3067 5220 3580 5286 Spatiiszlibcnter

2008 5317 2189 5360 autem
2219 5309 2363 5361 scire
2402 5309 2547 5367 volo.
2592 5311 2751 5377 quale
2798 5310 3069 5379 judicium
3130 5312 3202 5364 sit
3243 5311 3346 5367 ltac
3404 5313 3461 5367 in
3517 5328 3579 5367 re

2008 5398 2151 5467 regis
2184 5399 2358 5469 ipsius
2388 5401 2663 5470 simulque
2715 5403 2962 5455 virorum
3008 5403 3310 5458 illusttiutn
3356 5405 3578 5460 concilii

2008 5492 2180 5545 illius.
3328 5488 3374 5511 ⁸⁸

2078 5581 2321 5636 XXXIII.
2358 5581 2560 5639 Verum
2594 5600 2774 5654 neque
2827 5588 2948 5651 hoc,
3004 5589 3295 5644 Theotimo
3344 5590 3575 5660 optime,

2011 5676 2107 5730 tibi
2143 5689 2399 5729 enarrare
2431 5674 2687 5731 invidebo
2732 5694 2746 5735 :
2776 5678 3045 5749 judicavit
3066 5681 3289 5750 quidem
3323 5697 3417 5735 rex
3445 5696 3580 5734 con-

2010 5776 2091 5819 tra
2150 5780 2341 5836 magna
2391 5767 2624 5821 l’alautae
2689 5778 2744 5823 et
2801 5772 2950 5826 varia
3007 5770 3255 5827 convicia
3317 5771 3371 5824 id
3428 5772 3579 5844 quod
