4046 6290
569 331 678 396 303

1763 314 2190 376 NlCEPllOBI
2233 311 2618 372 GREGOIUE

3687 317 3780 380 304

565 459 782 515 aequum
819 451 974 507 erat;
1009 437 1228 510 aperuit
1258 447 1442 492 autem
1469 433 1606 488 nihil
1639 433 1750 486 ullo
1785 429 1980 492 modo;
2035 425 2130 480 sed

2238 427 2408 489 εἰκὸς,
2443 427 2670 494 ἐξέφηνε
2701 426 2746 478 δ’
2783 427 2936 481 οὐδὲν
2982 430 3218 498 οὐδαμῆ.
3264 431 3405 485 Ἀλλ’
3435 429 3702 502 ἄφθογγον
3729 431 3784 484 τὸ

567 550 776 593 mutam
807 535 1038 590 omnino
1083 533 1324 600 linguam
1383 527 1560 584 tenuit
1597 533 1790 578 cautus
1820 520 2032 574 duabus
2063 531 2128 569 ex

565 631 767 694 causis,
811 628 1022 698 primo,
1051 625 1176 694 quia
1211 637 1386 690 neque
1437 621 1616 688 ipsum
1651 615 1802 668 illum
1855 611 2128 666 Palamam

565 719 786 788 publice
835 715 1190 784 spectandum
1257 710 1502 780 praebere
1556 705 1775 760 volebat
1831 707 2130 770 aperteque

563 825 784 874 vexare,
829 822 1008 875 neque
1033 820 1130 873 per
1159 817 1283 855 eum
1328 815 1482 867 mque
1513 799 1978 858 Cantaeuzcnum,
2034 790 2128 860 qui

564 914 713 956 tutus
745 909 931 969 aperte
963 913 1026 950 ex
1061 895 1290 948 Palatina:
1339 891 1513 958 gratia
1561 896 1620 942 et
1646 885 1963 942 conditione
1999 897 2131 952 pcn-

561 996 766 1056 debat;
800 987 1067 1052 secundo,
1101 985 1229 1054 quia
1277 985 1442 1036 etiam
1481 981 1616 1034 tales
1639 995 1671 1032 a
1707 987 1903 1032 natura
1941 975 2132 1028 habuit

561 1101 740 1138 lliOl't‘S
773 1100 786 1134 :
826 1095 1002 1148 neque
1057 1079 1204 1130 enim
1239 1075 1306 1128 ad
1339 1071 1758 1128 conviciandum
1823 1074 2128 1138 promptam

564 1176 754 1229 habuit
803 1175 1050 1241 linguam
1117 1178 1296 1236 neque
1337 1167 1403 1220 ad
1441 1163 1818 1234 castigandum
1855 1174 2076 1214 manum
2111 1173 2128 1210 :

560 1267 652 1320 sed
687 1270 1030 1318 mansuetum
1057 1260 1282 1312 omnino
1308 1255 1588 1321 ingenium
1635 1251 1901 1306 continuo
1922 1256 2128 1312 servat,

559 1367 772 1416 natum,
811 1363 870 1405 ut
905 1353 980 1405 ita
1018 1350 1219 1412 dicam,
1253 1355 1311 1399 et
1340 1344 1624 1398 excultum
1657 1341 1723 1394 ad
1758 1340 2125 1394 clementiam.

557 1447 850 1512 Propterea
872 1443 1036 1511 igitur
1059 1439 1218 1509 3&3
1245 1438 1334 1490 hic
1357 1450 1576 1504 quoque
1601 1447 1782 1501 neque
1810 1431 1925 1499 ipse
1943 1444 2128 1484 coram

556 1539 728 1593 voluit
748 1535 1022 1590 Palatinam
1045 1529 1414 1601 proseindere.
1431 1541 1606 1593 neque
1622 1525 1786 1580 alium
1807 1535 2130 1590 quemquam

559 1631 662 1683 hoc
695 1628 875 1680 facere
917 1639 1106 1692 passus
1139 1630 1224 1674 est
1258 1637 1270 1672 :
1308 1617 1485 1672 sedet
1539 1617 1656 1684 ipse
1695 1613 1880 1682 lingua
1917 1618 2128 1663 tacente

555 1719 842 1775 sententia:
893 1729 1006 1770 sua:
1065 1712 1286 1766 etIatum
1345 1711 1397 1761 in
1459 1717 1671 1774 tempus
1701 1705 1845 1758 aliud
1887 1700 2130 1771 reposuit

2231 521 2490 585 παράπαν
2518 521 2614 588 τὴν
2646 519 2892 585 γλῶτταν
2929 519 3042 590 εἶχε
3070 509 3414 592 τετηρηκὼς,
3443 523 3584 576 δυοῖν
3610 523 3780 586 ἕνεκα,

2230 610 2348 671 ἐνὸς
2381 609 2480 673 μὲν
2509 611 2590 662 ὅτι
2645 609 2758 661 οὔτ’
2791 612 2954 664 αὑτὸν
3009 613 3276 681 Παλαμᾶν
3311 614 3614 684 θεατρίζειν
3643 615 3782 668 ἐδού-

2230 699 2350 752 λετο
2379 701 2616 770 δημοσίᾳ
2645 701 2736 754 καὶ
2768 701 2958 754 λυπεῖν
3005 705 3068 755 ἐκ
3099 704 3193 756 τοῦ
3223 705 3552 774 προφανοῦς,
3591 706 3695 760 οὖς’
3728 708 3786 760 αὖ

2233 784 2298 838 δι’
2321 783 2488 838 αὑτοῦ
2523 785 2996 856 Καντακουζηνδν,
3035 789 3157 844 ὅλον
3181 793 3280 858 τῆς
3305 791 3402 844 τοῦ
3429 795 3664 862 Παλαμᾶ
3697 814 3788 848 πε-

2233 876 2474 944 ριφανῶς
2505 877 2876 946 ἐξηρτημένον
2926 880 3150 950 ἀγάπης
3185 884 3278 935 καὶ
3324 885 3562 952 σχέσεως
3585 901 3598 914 ·
3627 887 3791 938 δευτέ-

2233 985 2328 1035 ρου
2361 967 2408 1019 δ’
2433 970 2512 1021 ὅτι
2549 970 2642 1022 καὶ
2676 971 2915 1024 τοιοῦτον
2944 974 3006 1026 ἐκ
3043 978 3258 1041 φύσεως
3295 975 3421 1046 ἔσχε
3447 978 3536 1026 τλιν
3561 979 3750 1046 τρόπον
3774 995 3786 1006 ·

2231 1055 2354 1110 οὔτε
2392 1059 2500 1127 γὰρ
2550 1062 2606 1121 ἐς
2653 1060 2715 1111 τὸ
2763 1061 3029 1130 λοιδορεῖν
3086 1065 3378 1134 πρόχειρον
3423 1067 3524 1134 τὴν
3561 1067 3790 1132 γλῶτται

2229 1147 2343 1201 οὔτ’
2377 1151 2432 1212 ἐς
2491 1150 2552 1201 τὸ
2601 1151 2858 1214 κολάζειν
2919 1153 3044 1224 ἔσχε
3101 1159 3200 1225 τὴν
3239 1161 3417 1226 χεῖρα.
3455 1159 3572 1211 ἀλλ’
3601 1159 3790 1226 ἥμερον

2233 1241 2547 1293 παντάπασι
2593 1241 2652 1294 τδ
2679 1238 2808 1312 ἦθος
2841 1244 3096 1311 φυλάττει
3125 1248 3410 1316 διηνεκῶς,
3441 1251 3704 1318 αὐτοφυὲς
3725 1251 3790 1310 ὡς

2242 1333 2416 1384 εἰπεῖν
2465 1334 2562 1386 καὶ
2613 1334 3038 1404 αὖτοχάλκευτον
3099 1335 3238 1407 ἔχων
3283 1341 3413 1392 αὐτὸ
3455 1341 3590 1409 πρὸς
3635 1343 3788 1392 ἐπιεί-

2231 1439 2405 1477 κειαν.
2434 1426 2528 1476 Διὰ
2563 1425 2626 1496 δὴ
2661 1427 2816 1480 τοῦτο
2866 1427 3146 1480 κάνταῦθα
3199 1430 3460 1498 λοιδορεῖν
3488 1431 3600 1482 οὔτ’
3641 1433 3790 1490 αὐτος

2230 1515 2488 1586 ἄντικρυς
2549 1517 2870 1588 βεϐούληται
2909 1520 3198 1588 Παλαμᾶν,
3249 1523 3363 1574 οὔτ’
3408 1522 3792 1576 ἄλλονούδένα

2231 1607 2386 1709 τοῦ.το
2442 1609 2576 1709 δρᾷ-ι
2599 1609 3068 1709 ’συγκεχώρηκεεη
3127 1612 3243 1665 ἀλλ’
3297 1613 3459 1675 αὑτός
3485 1631 3542 1665 τε
3592 1613 3788 1682 σιγώσῃ

2231 1699 2454 1767 γλώσσῃ
2483 1699 2658 1768 τὸτῆς
2695 1699 2922 1770 γνώμης
2967 1703 3257 1772 κριτήριον
3305 1705 3385 1764 εἰς
3435 1703 3623 1770 ἕτερον
3673 1705 3790 1755 ἐτα-

555 1822 613 1867 ct
634 1809 996 1880 dispensavit,
1024 1815 1080 1860 et
1104 1804 1240 1857 alios
1267 1809 1326 1854 ut
1359 1801 1502 1854 idem
1537 1800 1779 1852 facerent
1811 1794 2131 1848 adhortatus

2237 1789 2500 1856 μιεύσατο
2531 1789 2746 1860 χρόνον,
2785 1793 2877 1843 καὶ
2912 1795 3038 1854 τοὺς
3083 1793 3279 1856 ἄλλους
3312 1795 3382 1846 τὰ
3413 1795 3580 1861 ὃμοια
3625 1793 3791 1862 παρῄ-

554 1913 658 1958 est.
689 1902 794 1958 Sed
823 1903 1068 1956 Palamas
1095 1897 1245 1950 nullo
1263 1894 1423 1948 modo
1449 1909 1513 1946 ex
1533 1888 1842 1950 verisimili,
1874 1887 1966 1941 sed
1995 1901 2127 1939 con-

557 2008 639 2052 tra
667 2011 735 2049 ex
770 1994 980 2048 incerto
1014 1987 1160 2059 regis
1189 1985 1518 2042 sententiam
1547 1983 1916 2049 interpretans
1945 1987 2000 2030 et
2027 1977 2130 2029 lin-

553 2101 706 2158 gens,
747 2086 892 2139 diem
927 2093 1210 2151 posterum
1239 2074 1591 2132 naturalibus
1631 2068 1984 2140 impudentia-
2015 2079 2130 2118 tur~-

555 2154 642 2232 bis
669 2187 726 2230 et
745 2173 1044 2243 impetibus
1107 2167 1412 2224 tt-merariis
1467 2173 1522 2216 et
1567 2157 1935 2230 praecipitibus
1971 2154 2130 2224 plano

553 2266 901 2336 consumpsit
927 2272 987 2317 ut
1021 2269 1210 2316 taurus
1241 2267 1411 2314 uestro
1449 2255 1502 2307 in
1547 2253 1784 2306 furorem
1807 2248 2085 2317 conjectus
2113 2261 2126 2298 :

553 2371 610 2414 et
641 2369 783 2414 totas
825 2363 1034 2426 plateas
1089 2363 1144 2408 et
1195 2352 1311 2404 vias
1353 2343 1824 2414 circumgrediens
1871 2339 2131 2408 pervertit

556 2453 742 2507 uninia
790 2449 1121 2517 loquacitate
1156 2457 1252 2496 sua
1307 2449 1364 2494 et
1401 2452 1590 2490 vocum
1631 2433 1896 2486 inanitate
1951 2429 2130 2496 reple-

555 2545 638 2598 vit
682 2560 694 2594 :
735 2549 792 2596 et
820 2543 870 2593 in
899 2547 1038 2608 quos
1095 2535 1363 2588 incideret
1417 2526 1660 2582 omnium
1722 2521 1989 2574 obruebat
2035 2534 2127 2571 au-

553 2651 646 2688 res
675 2633 918 2700 glorians
963 2643 1098 2680 vana
1155 2635 1212 2679 et
1247 2623 1366 2676 [icta
1435 2631 1492 2673 et
1524 2630 1863 2688 qua-cunque
1921 2627 1988 2665 ex
2043 2612 2126 2664 in-

554 2741 623 2794 cp
652 2740 680 2778 ιι
717 2723 804 2776 illa
835 2720 1097 2788 phalange
1119 2721 1296 2768 erant.
1325 2710 1514 2779 Neque
1545 2721 1677 2761 vero
1709 2703 1882 2759 solum
1916 2701 2124 2754 nullum

557 2793 710 2868 urbis
745 2811 1072 2879 templorum
1121 2807 1378 2858 Minerva:
1426 2799 1647 2866 reliquit
1698 2804 1755 2848 et
1792 2793 1950 2846 aliter
1982 2805 2128 2842 tom-

556 2919 870 2977 paratarum
901 2900 1242 2959 scholarum,
1302 2894 1435 2963 quin
1489 2891 1756 2944 insereret
1791 2885 2128 2952 circumgre-

555 2975 712 3054 diens
743 3006 872 3050 nota
907 3001 962 3046 et
986 2991 1210 3060 profana
1242 2993 1406 3041 sectae
1431 2983 1708 3051 dogmata,
1740 2978 1833 3032 sed
1865 2975 2030 3029 etiam
2069 2975 2122 3026 in

2233 1897 2354 1932 νεσε
2383 1881 2534 1950 δρᾷν.
2581 1879 2720 1934 Ἀλλ’
2766 1883 2792 1934 ὁ
2835 1885 3096 1954 Παλαμᾶς
3119 1885 3332 1953 οὐδαμῆ
3365 1885 3506 1936 κατὰ
3540 1885 3600 1936 τδ
3631 1885 3788 1946 εἰκὸς,

2232 1971 2347 2022 ἀλλ’
2379 1973 2440 2022 ἐκ
2459 1971 2752 2041 διαμέτρου
2795 1973 2928 2042 πρὸς
2968 1976 3027 2026 τὸ
3061 1974 3362 2043 ἐπισφαλὲς
3389 1978 3486 2043 τῆς
3519 1973 3616 2027 τοῦ
3650 1976 3790 2043 βασι-

2232 2059 2367 2121 λέως
2414 2061 2958 2130 καταστοχασάμενος
3002 2065 3095 2116 καὶ
3137 2063 3630 2132 καταψευσάμενος
3661 2061 3788 2130 γνὼ-

2235 2169 2363 2220 μης,
2405 2153 2517 2214 τοῖς
2547 2156 2800 2220 φυσικοῖς
2835 2153 2934 2222 τῆς
2965 2154 3240 2216 ἀναιδείας
3265 2155 3535 2224 κινήμασι
3565 2154 3657 2206 καὶ
3679 2155 3790 2214 ταῖς

2231 2243 2584 2311 ἀταμιεύτοις
2619 2245 2711 2296 καὶ
2739 2243 3062 2314 ὀξυρρόποις
3111 2247 3416 2316 ὁλοσχερῶς
3445 2249 3652 2316 ὁρμαῖς
3679 2245 3788 2298 ἐδε-

2231 2334 2394 2387 δώκει
2447 2335 2547 2404 τὴν
2600 2337 2912 2407 ὑστεραίαν,
2965 2337 3214 2411 καθάπερ
3275 2339 3790 2410 οἰστρηλατούμενος

2230 2427 2449 2496 ταῦρος.
2475 2429 2583 2479 Καὶ
2616 2429 2742 2492 ὅλας
2775 2430 3032 2492 πλατείας
3066 2431 3160 2484 καὶ
3177 2431 3374 2498 ἀγυιὰς
3405 2431 3637 2500 περιιὼν
3661 2431 3790 2498 ἁμε-

2229 2536 2258 2570 τ
2267 2519 2467 2588 ροεπὴς
2493 2519 2722 2590 ἐκολῴα,
2750 2523 2844 2573 καὶ
2867 2522 3017 2584 ὅλους
3036 2521 3277 2590 ἐξήντλει
3298 2523 3562 2590 ῥημάτων
3583 2521 3786 2589 ὄγκους.

2233 2611 2343 2664 Καὶ
2375 2613 2519 2675 ὅσοις
2575 2613 2641 2664 ἂν
2697 2613 2930 2683 ἐντύχοι,
2987 2613 3167 2666 πᾶσαν
3221 2612 3558 2676 κατέκλυζεν
3606 2613 3788 2682 ἀκοὴν,

2231 2707 2650 2776 ἐγκαυχὼμενος
2681 2705 2940 2776 ἀνεμιαῖα
2970 2705 3062 2758 καὶ
3094 2705 3262 2774 ψευδῆ
3303 2707 3396 2757 καὶ
3427 2708 3530 2759 ὅσα
3555 2707 3654 2775 τῆς
3677 2705 3790 2758 ἀτό-

2231 2815 2331 2851 που
2364 2797 2666 2866 φάλαγγος.
2723 2795 2831 2848 Καὶ
2859 2797 2920 2848 οὑ
2957 2796 3115 2867 μόνον
3136 2797 3289 2848 οὐδὲν
3318 2795 3426 2848 τῶν
3452 2783 3558 2865 τῆς
3595 2797 3790 2858 πόλεως

2227 2888 2295 2960 ἧν
2324 2889 2470 2958 αὐτῷ
2500 2889 2831 2960 παρειμένον
2865 2887 3232 2956 παρθευὼνων
3257 2905 3314 2941 τε
3353 2887 3445 2940 καὶ
3483 2889 3598 2939 τῶν
3627 2887 3789 2948 ἄλλως

2230 2977 2460 3046 ἐχόντων
2496 2977 2950 3045 φροντιστηρίων,
2983 2969 3065 3036 οἷς
3111 2975 3520 3044 ἐγκατέσπειρε
3555 2971 3702 3026 διιὼν
3730 2971 3791 3022 τὰ

555 3093 812 3148 domibus
851 3085 1150 3156 majoribus
1200 3089 1256 3134 et
1297 3076 1626 3139 minoribus,
1661 3087 1730 3126 ne
1769 3068 2126 3139 lupanaribus

2234 3067 2435 3138 συνήθη
2497 3067 2586 3119 καὶ
2621 3066 2824 3136 βέϐηλα
2881 3067 2980 3136 τῆς
3028 3067 3296 3135 αἱρέσεως
3346 3065 3620 3134 δόγματα,
3667 3061 3788 3132 ἀλλᾷ

555 3183 779 3254 quidem
819 3175 1088 3245 exceptis,
1129 3186 1308 3240 neque
1342 3169 1386 3222 si
1427 3182 1546 3238 quas
1577 3180 1714 3220 anus
1757 3169 1914 3217 erant
1941 3161 2126 3223 ebria),

560 3289 754 3332 omnes
788 3269 1033 3341 implerit
1075 3279 1240 3320 aures
1281 3262 1426 3318 foedo
1462 3259 1695 3314 tumultu
1727 3276 1739 3312 :
1772 3270 1930 3309 mane
1957 3267 2128 3323 usque

557 3371 624 3424 ad
661 3377 950 3436 vesperum
977 3361 1211 3416 invicem
1243 3355 1686 3410 circumcurrens
1723 3357 1952 3416 totoque
2005 3344 2128 3397 aui-

561 3465 632 3516 nzi
667 3435 870 3526 impetu
910 3463 966 3506 et
999 3451 1196 3521 pedum
1223 3446 1533 3506 celeritate,
1567 3451 1625 3495 et
1683 3439 1974 3492 emanabat
2014 3435 2128 3505 jam

561 3556 664 3608 hoc
695 3547 857 3603 modo
899 3559 994 3614 per
1034 3543 1242 3612 plateas
1273 3533 1626 3619 impudentiae
1657 3545 1847 3584 rumor
1876 3546 1890 3582 :
1922 3537 1974 3582 et
2004 3526 2128 3596 qui—

561 3647 796 3700 buscum
827 3644 1048 3708 propter
1099 3617 1463 3686 rusticitatem
1513 3621 1718 3678 versari
1779 3628 2021 3690 poterat,
2060 3617 2128 3672 ad

563 3751 660 3790 eos
690 3733 854 3786 etiam
885 3740 1106 3780 rumore
1165 3719 1433 3775 accedere
1485 3721 1726 3784 poterat,
1761 3709 2130 3781 prudentibus

562 3824 728 3898 344
763 3831 968 3884 autem,
1001 3815 1096 3886 qui
1131 3813 1342 3867 ratione
1374 3817 1432 3863 et
1463 3806 1669 3860 amussi
1714 3802 1898 3856 audita
1926 3799 2133 3854 exami-

562 3891 780 3978 nari-iit,
813 3911 978 3968 nullis
1011 3908 1156 3961 dicta
1191 3899 1413 3972 probari
1450 3903 1728 3969 poterant,
1754 3909 1876 3949 cum
1904 3891 2129 3947 minime

563 4009 788 4065 creda'e
807 4011 1066 4074 possent,
1091 4008 1199 4052 tam
1226 3994 1485 4049 indecora
1509 3987 1754 4044 convicia
1811 3987 1953 4054 regis
1981 3999 2130 4037 men-

566 4115 674 4156 tem
709 4098 930 4167 fugisse.
963 4091 1118 4156 Quod
1154 4083 1532 4160 cumhineptia!
1563 4089 1724 4133 lautas
1773 4079 1890 4130 sive
1949 4074 2131 4144 potius

565 4189 954 4264 perversiunes
987 4183 1244 4246 falsaeque
1273 4173 1712 4233 criminationes,
1770 4181 1907 4236 quas
1939 4173 2130 4218 contra

567 4289 711 4354 regis
771 4279 1102 4336 sententiam
1151 4266 1455 4337 dirizlgavit
1509 4265 1755 4318 Palamas
1815 4257 2128 4327 impudens,

565 4380 681 4448 regi
713 4383 896 4428 essent
931 4368 1213 4427 nuntiatae,
1237 4361 1512 4427 simulque
1547 4367 1890 4424 qumcunque
1939 4357 2130 4403 contra

2229 3161 2326 3212 καὶ
2365 3157 2484 3211 κατ’
2521 3159 2701 3220 οἴκους
2733 3157 2956 3228 μείζους
3005 3173 3065 3208 τε
3111 3157 3206 3209 καὶ
3242 3157 3440 3225 ἥττους
3471 3156 3643 3226 μέχρι
3690 3153 3790 3206 τῶν

2229 3248 2664 3321 χαμαιτυπείων,
2700 3248 2792 3300 καὶ
2823 3249 2874 3300 εῖ
2916 3265 3058 3310 τινες
3091 3247 3149 3317 ιι.
3190 3248 3290 3302 154
3315 3246 3393 3318 υ.]
3426 3245 3540 3300 εἷεν
3563 3245 3792 3300 κωθωνι-

2230 3339 2456 3406 ζὸμεναι
2491 3338 2678 3404 γρᾶες,
2723 3335 2818 3387 τοῦ
2859 3335 3104 3386 τοιούτου
3147 3333 3379 3402 θορύϐου
3409 3333 3598 3396 πάσας
3627 3333 3790 3402 ἐμπέ-

2230 3429 2438 3497 πληκεν
2492 3427 2682 3490 ἀκοὰς,
2715 3425 2885 3478 ἔωθεν
2939 3427 2992 3488 ἐς,
3035 3427 3278 3496 ἑσπέραν
3309 3425 3611 3493 ἀμοιϐαδὸν
3641 3441 3790 3494 περι-

2229 3519 2439 3590 τρέχων
2471 3517 2566 3588 ὅλῃ
2601 3534 2658 3569 τε
2683 3517 2860 3586 ψυχῆς
2897 3516 3180 3586 προθυμίᾳ.
3215 3517 3308 3568 καὶ
3341 3516 3524 3568 ποδῶν
3557 3517 3788 3586 ὀξύτητι.

2230 3611 2506 3681 Καὶέρρει
2534 3610 2722 3663 λοιπὸν
2751 3611 2954 3664 οὑτωσὶ
2978 3610 3064 3662 διὰ
3095 3609 3202 3661 τῶν
3234 3609 3496 3680 ἀγυιῶνη
3525 3611 3624 3680 τῆς
3654 3611 3794 3664 ἀναι-

2229 3701 2376 3762 δείας
2409 3701 2590 3769 φήμη.
2622 3700 2727 3752 Καὶ
2781 3693 2862 3760 οἷς
2894 3699 2992 3767 μὲν
3041 3697 3297 3768 ἀγροικίᾳ
3329 3701 3606 3750 συνοικεῖν
3650 3699 3788 3764 ἐνῆν,

2231 3790 2437 3852 τούτοις
2461 3789 2553 3842 καὶ
2581 3791 2647 3858 τῇ
2681 3787 2837 3858 φήμῃ
2869 3789 3244 3859 συμφέρεσθαι
3281 3805 3398 3850 πως
3427 3789 3559 3857 ἐνῆν
3588 3805 3599 3817 ·
3632 3781 3709 3850 οἷς
3737 3787 3790 3840 δὲ

2231 3877 2534 3950 ἐλλογίμοις
2563 3879 2680 3933 οὖσι
2705 3881 3013 3949 βασανίζειν
3036 3881 3195 3952 ἐπῄει
3223 3881 3318 3934 σὺν
3347 3881 3490 3950 λόγῳ
3521 3880 3615 3933 καὶ
3638 3879 3789 3932 στάθ-

2234 3991 2309 4044 μη
2377 3973 2477 4042 τὴν
2533 3974 2722 4042 ἀκοὴν,
2781 3974 2984 4026 τούτων
3029 3975 3074 4026 δ’
3109 3973 3319 4043 οὐδαμῆ
3382 3972 3702 4042 προσίεσθαι
3732 3971 3792 4023 τὰ

2233 4066 2504 4135 λεγόμενα
2529 4066 2742 4120 οὐδέσιν
2763 4069 2911 4132 ἐνῆν,
2948 4068 3150 4135 ἥκιστα
3179 4067 3460 4119 πείθεσθαι
3485 4065 3792 4132 δυναμένων
3871 4059 3876 4066 ’

2231 4153 2304 4216 ὼς
2341 4154 2485 4206 οὕτω
2515 4153 2825 4225 παχύτητος
2877 4153 3094 4224 ἔχουσαι
3152 4155 3497 4222 βλασφημίαι
3521 4155 3619 4224 τὴν
3647 4153 3791 4223 βασι-

2232 4247 2366 4306 λέως
2389 4247 2632 4298 διάνοιαν
2666 4245 3013 4312 ἐλελήθεσαν.
3052 4247 3159 4300 Καὶ
3189 4246 3369 4315 μὲνδὴ
3403 4245 3503 4313 τῆς
3537 4243 3790 4312 τοσαύτης

2233 4336 2462 4400 ἀτοπίας
2499 4339 2555 4388 ἐν
2587 4340 2721 4406 ἀκοῇ
2763 4339 3037 4408 γενομέιῳ
3072 4339 3149 4410 τῷ
3201 4340 3434 4408 βασιλεῖ,
3489 4341 3690 4411 μᾶλλον
3739 4339 3789 4390 δὲ

569 4428 864 4522 ευῑιεὶιίιιιιι
891 4458 1072 4513 nobile
1106 4454 1312 4522 lingere
1342 4449 1430 4503 ille
1460 4463 1570 4500 non
1605 4445 1810 4498 veritus
1847 4448 1954 4500 est.
1985 4437 2126 4492 acci-

2237 4430 2332 4500 τῆς
2361 4428 2609 4496 διαδολῆς
2651 4433 2745 4480 καὶ
2794 4431 3158 4496 συκοφαντίας
3187 4431 3253 4499 ἦν
3294 4433 3433 4484 κατὰ
3460 4435 3558 4500 τῆς
3595 4433 3791 4499 βασιλι-

569 4563 673 4622 dit,
707 4567 762 4610 ut
786 4571 890 4608 non
920 4547 1271 4604 mediocriter
1299 4551 1636 4614 gravaretur.
1667 4534 1967 4605 Oportebat
1989 4531 2134 4584 enim

571 4653 846 4706 Pulaniam
886 4653 1082 4714 praeter
1112 4640 1246 4693 alios
1263 4647 1318 4690 et
1349 4653 1459 4704 prae
1483 4634 1606 4688 aliis
1635 4629 1748 4700 regi
1782 4636 1996 4697 gratum
2017 4639 2135 4678 esse

574 4753 796 4816 prOpter
821 4739 938 4807 ejus
967 4734 1312 4788 clementiam
1348 4741 1404 4782 et
1434 4723 1860 4796 providentiam,
1893 4733 2002 4786 qua
2054 4715 2136 4770 fa-

579 4847 725 4890 ctum
762 4843 864 4894 est,
901 4837 960 4881 ut
997 4841 1104 4880 non
1156 4825 1208 4877 in
1241 4821 1490 4874 exsilium
1551 4816 1860 4869 mitteretur
1923 4818 2139 4878 propter

579 4938 768 4992 magna
813 4915 1174 4982 illaconvicia
1211 4931 1223 4968 :
1259 4912 1347 4965 ille
1385 4905 1788 4964 autemetlccit,
1812 4911 1869 4955 ut
1901 4916 1992 4954 rex
2017 4915 2140 4968 erga

567 5031 700 5068 .r-um
747 5009 1022 5066 beneﬁcus
1049 5003 1294 5060 etiamin
1332 5001 1695 5066 suspicionem
1740 4993 1956 5046 caderet
1979 4989 2141 5042 alter-

577 5107 755 5159 utrius
794 5121 806 5156 :
853 5110 946 5155 aut
976 5098 1119 5168 quod
1148 5109 1325 5163 neque
1387 5105 1480 5143 rex
1517 5101 1694 5154 neque
1729 5085 1959 5136 aliorum
1993 5082 2142 5149 quis-

577 5213 763 5264 quam,
792 5209 912 5261 qua!
942 5192 1084 5244 dicta
1118 5195 1304 5242 essent
1332 5183 1399 5236 ab
1429 5178 1595 5247 impio
1631 5183 1820 5228 contra
1860 5175 2140 5240 pietatem,

577 5286 954 5347 intellexisset,
987 5291 1081 5333 aut
1108 5275 1252 5346 quod
1273 5267 1596 5337 intelligenti
1621 5271 1930 5330 contempta
1963 5269 2020 5313 et
2049 5274 2143 5312 ne-

577 5379 752 5446 glecta
819 5379 1004 5426 essent
1051 5385 1113 5423 ea
1149 5381 1270 5434 quae
1302 5362 1558 5431 plurima,
1595 5357 1710 5408 sive
1775 5355 1954 5420 potius
1995 5348 2142 5401 omni

551 5443 710 5518 .cnra
748 5465 1034 5530 studioque
1062 5465 1243 5512 eSSent
1269 5455 1434 5521 digna
1465 5467 1480 5502 :
1511 5458 1735 5519 propter
1786 5443 1928 5513 quod
1980 5443 2142 5498 etiam

581 5574 688 5610 non
723 5555 881 5608 modo
915 5549 1138 5609 accidit,
1178 5555 1238 5598 ut
1265 5545 1515 5598 Palamas
1539 5551 1764 5608 pr0ptcr
1795 5533 2145 5603 impudentes

581 5661 630 5700 et
667 5665 862 5714 pravus
897 5659 1079 5697 mores
1106 5643 1483 5696 danmaretur,
1539 5633 1632 5688 sed
1665 5637 1871 5691 essent,
1926 5628 2016 5694 qui
2055 5628 2146 5676 adv

583 5745 912 5792 ducerentur
939 5743 998 5788 ut
1035 5747 1144 5786 non
1169 5731 1344 5786 solum
1377 5729 1586 5789 horam,
1611 5737 1716 5792 qua
1747 5719 1979 5772 maxime
2005 5727 2146 5771 esset

2240 4519 2342 4587 κῆς
2369 4521 2678 4572 διεσκέδασε
2709 4519 2930 4588 γνώμης
2949 4523 2974 4571 ὁ
3005 4522 3228 4591 ἀναιδὴς
3256 4523 3543 4590 Παλαμᾶς,
3565 4525 3656 4576 καὶ
3683 4523 3789 4588 ἅμα

2239 4611 2410 4661 ὁπόσα
2436 4611 2883 4676 καταψεύσασθαι
2917 4613 3010 4663 καὶ
3062 4613 3160 4680 τῆς
3208 4613 3464 4678 εὐγενοῦς
3511 4614 3787 4682 γερουσίας

2240 4707 2340 4755 οὐκ
2370 4701 2634 4771 ὤκνησεν,
2670 4704 2728 4753 οὑ
2770 4703 3008 4771 μετρίως
3037 4703 3367 4773 ἀχθεσθῆναι
3405 4705 3784 4771 συμπέπτωκε.

2241 4795 2366 4846 Δέον
2392 4795 2495 4862 γὰρ
2532 4793 2792 4860 llaiiztpdiv
2821 4794 3165 4863 εὐχαριστεῖν
3199 4795 3334 4863 πρὸς
3381 4811 3444 4862 γε
3478 4797 3591 4854 τοῖς
3621 4793 3788 4851 ἄλλοις

2241 4887 2334 4938 καὶ
2362 4888 2465 4953 πρὸ
2494 4901 2556 4952 γε
2579 4885 2685 4936 τῶν
2719 4885 2894 4938 ἄλλων
2917 4885 2991 4953 τῷ
3031 4885 3243 4953 βασιλεί
3277 4888 3374 4955 τῆς
3413 4886 3788 4957 μακροθυμίας

2244 4983 2336 5030 καὶ
2359 4979 2702 5045 προμηθείας
2728 4977 2819 5028 τοῦ
2849 4977 2925 5045 μὴ
2974 4979 3312 5046 ἐκκήρυκτον
3355 4983 3636 5046 γεγονέναι
3691 4977 3788 5030 τῶν

2246 5069 2472 5138 μακρῶν
2499 5069 2721 5120 ἐκείνων
2753 5069 2912 5122 ἕνεκα
2931 5069 3310 5138 βλασφημιῶν,
3334 5071 3362 5121 ὁ
3390 5072 3444 5122 δὲ
3467 5073 3558 5122 καὶ
3582 5073 3646 5121 δι’
3672 5071 3788 5120 ὑπο-

2242 5164 2367 5232 ψίας
2407 5161 2721 5229 ἐληλυθέναι
2759 5161 3006 5230 πέπραχε
3055 5163 3145 5212 τ’»ν
3207 5163 3504 5230 εὐεργέτην
3560 5161 3788 5228 ὁποτέρῳ

2243 5257 2409 5316 δυοῖν,
2445 5255 2477 5321 ἢ
2507 5255 2586 5305 ὅτι
2616 5253 2688 5322 μὴ
2724 5255 2958 5320 συνῆκεν
2983 5252 3095 5304 οὗθ’
3118 5255 3146 5303 ὁ
3177 5253 3430 5319 βασιλεὺς
3469 5253 3593 5305 οὔτε
3627 5253 3788 5307 ἄλλων

2243 5345 2414 5407 οὐδεὶς
2443 5345 2546 5395 τῶν
2573 5345 2650 5412 τῷ
2691 5346 2890 5412 ἀνοσίῳ
2939 5345 3277 5411 λαληθέντων
3329 5347 3472 5396 κατὰ
3517 5345 3617 5412 τῆς
3645 5344 3788 5395 εὐσε-

2245 5435 2418 5500 ϐείας,
2451 5436 2483 5504 ἢ
2525 5435 2758 5486 συνιέντι
2797 5437 3262 5504 περιπεφρόιηταί
3313 5453 3371 5487 τε
3420 5439 3510 5490 καὶ
3549 5437 3784 5500 παρεῖται

2245 5528 2313 5578 τὰ
2339 5526 2618 5593 πλείστης,
2659 5525 2857 5593 μᾶλλον
2904 5522 2948 5575 δ’
2966 5524 3178 5590 ἁπάσης
3217 5523 3342 5586 ἀξια
3387 5527 3659 5596 φροντίδος
3703 5521 3788 5572 καὶ

2249 5616 2504 5684 σπουδῆς.
2546 5616 2636 5666 Διὸ
2663 5613 2726 5684 δὴ
2758 5617 2852 5666 καὶ
2899 5616 2958 5666 οὔ
2993 5615 3151 5682 μόνον
3179 5617 3270 5668 τοῦ
3326 5613 3567 5674 αναιδοῢς
3601 5628 3656 5664 τε
3701 5609 3785 5660 καὶ

2249 5708 2506 5778 ἀγεννοῦς
2535 5708 2694 5776 ἤθους
2747 5708 3116 5774 κατεγνῶσθαι
3163 5708 3348 5776 γέγονε
3379 5707 3653 5774 [Ιαλα;ιιῑ.ν,
3685 5699 3784 5756 ἀνί
