4046 6290
278 429 393 492 305

1251 431 1703 493 ΒῩΖΛΝΊῚΝλΕ
1747 432 2135 494 llISTORl/E
2176 436 2305 496 LIB
2369 436 2553 496 XXX.

3447 436 3557 500 306

268 537 423 610 ἦσαν
455 540 505 593 οἳ
543 541 639 592 καὶ
670 539 1019 606 καταρᾶσθαι
1069 541 1327 612 ὲξήγοντο
1360 560 1436 614 μη
1464 547 1530 615 τῇ
1565 543 1681 614 ὥρα
1711 545 1874 613 μόνον

1988 556 2166 605 natus.
2201 548 2296 602 sed
2330 547 2493 601 etiam
2528 560 2626 601 eos
2653 546 2746 610 qui
2793 559 2918 598 eum
2951 515 3298 616 peperissent
3337 557 3389 600 et
3422 563 3562 601 eun-

272 634 333 685 ὲν
428 632 730 703 τετύχηκεν
783 631 948 686 αὐτὸν
1006 634 1394 702 γεγεννῆσθαι,
1445 636 1582 688 ἀλλὰ
1634 639 1726 689 καὶ
1754 639 1866 699 τοῖς

273 725 449 777 αὐτὸν
491 725 791 795 γεννήσασι
838 727 932 778 καὶ
959 725 1352 796 θρεψαμένοις.
1403 729 1499 782 Ἐκ
1541 730 1650 800 γὰρ
1687 730 1867 800 ῥίζης,

273 817 357 880 ὡς
389 817 590 876 ἔοικεν,
627 817 837 884 ἔλεγον,
872 820 972 886 τῆς
999 819 1260 890 πατρῴου
1301 822 1361 873 τὸ
1410 821 1666 875 τοσοῦτον
1719 823 1872 891 αὐτῷ

273 913 382 979 τῆς
406 911 734 973 δυσσεϐείας
770 911 1156 982 ἐγκατέσκηψε
1212 914 1454 982 νόσημα,
1486 915 1741 986 καθάπερ
1788 933 1872 978 τις

278 1006 419 1070 άλλη
445 1005 602 1075 κηλὶς
633 1007 755 1066 ταῖς
786 1008 973 1072 γοναῖς
992 1007 1088 1058 καὶ
1119 1010 1348 1076 τροφαῖς
1381 1008 1870 1077 ἐγκεκαλυμμένη*

282 1097 347 1148 οὐ
377 1098 486 1165 γὰρ
515 1096 583 1148 ἂν
615 1099 672 1159 ἐς
703 1095 865 1164 βάθος
891 1097 1035 1151 οὕτω
1061 1100 1251 1152 κακῶν
1283 1103 1542 1154 ἐνέπιπτε
1589 1102 1650 1153 τὸ
1678 1103 1874 1171 γέννηο

287 1207 368 1258 μα
403 1187 502 1240 κα)⁸
533 1189 793 1259 ἀπορῥὼξ
824 1190 1056 1259 ὲρινὺων
1086 1193 1252 1260 φάναι
1309 1191 1409 1263 τὴν
1449 1195 1678 1262 γνώμην
1715 1195 1876 1246 καθί-

284 1297 476 1334 στατο.
519 1280 609 1332 Διὸ
641 1280 766 1333 οὔτε
800 1284 1043 1345 ἐκείνους
1078 1283 1293 1347 ἀθώους
1325 1285 1566 1352 ἔφασκον
1592 1286 1744 1352 ἄξιον
1780 1287 1873 1354 μέ-

284 1391 402 1425 νειν
427 1373 528 1440 τῆς
579 1374 903 1442 καταδίκης,
949 1377 1159 1440 αἰτίους
1214 1379 1312 1446 μὲν
1350 1377 1500 1448 αὐτῷ
1551 1379 1652 1446 τῆς
1692 1381 1748 1442 ἐς
1784 1379 1876 1431 τὸν

285 1465 410 1534 βίον
472 1469 801 1536 γενομένους
855 1469 1225 1540 παραγωγῆς,
1260 1470 1472 1536 αἰτίους
1534 1472 1591 1524 δὲ
1627 1471 1721 1524 τοῦ
1778 1475 1877 1541 τῆς

296 1559 638 1626 Ἐκκλησίας
671 1560 738 1613 δι’
772 1563 936 1614 αὐτὸν
993 1564 1286 1632 χειμῶνος,
1345 1566 1458 1618 οὔτ’
1509 1565 1673 1618 αὐτὸν
1725 1565 1878 1617 οὐδὲν

283 1652 632 1720 ἐξαιρεῖσθαι
661 1654 763 1723 τῆς
810 1656 1138 1722 καταδίκης,
1175 1657 1556 1726 μεσιτεύοντος
1606 1659 1740 1720 ἴσως
1784 1657 1877 1709 τοῦ

283 1745 596 1807 ἀδουλήτου
625 1745 715 1797 διὰ
745 1749 844 1810 τὰς
875 1751 1260 1818 σπερματικὰς
1293 1751 1356 1803 ὲκ
1387 1751 1654 1818 γενέσεως
1704 1750 1878 1819 ἀρχὰς

285 1840 383 1893 καὶ
401 1839 582 1907 βιαίας
599 1840 857 1908 δυνάμεις
873 1841 976 1910 τῆς
1018 1845 1291 1914 πατρικῆς
1311 1847 1596 1915 πονηρίας,
1621 1843 1878 1908 ζιζανίων

284 1931 447 1999 δίκην
503 1933 886 2004 ὲρανισθείσας
940 1937 1151 1989 ἐκεῖθεν
1196 1939 1289 1991 καὶ
1322 1937 1874 2008 προκαταϐληθείσας

289 2024 458 2088 εῦθὶις
483 2025 576 2092 ἀφ’
593 2026 776 2090 ἑστίας
800 2028 861 2105 ἐν
877 2031 942 2098 τῇ
971 2029 1252 2085 συστάσει.
1272 2031 1415 2082 Ἀλλ’
1445 2032 1728 2102 ἑκατέροις
1747 2031 1878 2083 ἐκά-

288 2135 443 2188 τεροι
471 2119 579 2172 τῶν
606 2119 757 2190 ἀρῶν
808 2121 904 2174 καὶ
926 2121 1206 2194 λοιδοριῶν
1237 2125 1634 2194 κοινωνήσουσί
1665 2142 1744 2186 τε,
1778 2123 1876 2176 καὶ

292 2211 550 2283 ὀστράκῳ
577 2212 639 2284 [Γ.
677 2213 779 2268 15⁸5
801 2213 875 2286 r.]
911 2215 1225 2270 δουλεύσειν
1263 2219 1613 2288 ἀμφοτέρους
1640 2217 1774 2287 όμοῦ
1799 2215 1877 2285 τῷ

294 2303 448 2373 αὐτῷ
476 2307 860 2374 συμπεσεῖται,
895 2311 1008 2372 τοῖς
1043 2310 1140 2379 μὲν
1161 2310 1236 2373 ὡς
1259 2311 1494 2382 πονηρδν
1521 2309 1878 2378 ὲξενεγκοῦσι

295 2393 394 2450 καὶ
428 2395 664 2466 θρέψασι
697 2398 859 2451 τόκον
890 2400 968 2470 τῷ
1000 2401 1122 2471 βίῳ,
1173 2403 1268 2456 καὶ
1299 2403 1399 2456 οὐκ
1429 2405 1510 2465 εἰς
1559 2403 1877 2475 Κιθαιρῶνα

294 2486 390 2538 καὶ
417 2486 713 2556 Χάρυϐδιν,
745 2491 840 2544 καὶ
870 2493 923 2544 ετ
946 2493 1049 2544 πού
1082 2511 1172 2558 τις
1191 2494 1257 2547 ὲκ
1283 2497 1534 2566 μηχανῆς
1566 2495 1880 2567 καινότερος

293 2576 624 2644 ἑταμιεῦετο
678 2578 908 2644 θάνατος
955 2583 1014 2634 ὲν
1049 2583 1354 2654 χαράδραις
1385 2586 1479 2638 καὶ
1508 2584 1716 2656 κύμασι
1776 2589 1880 2657 γῆς

292 2668 394 2719 καὶ
426 2668 719 2740 θαλάττης,
751 2672 976 2742 ῥίψασιν
1002 2673 1247 2740 ἑκθετον,
1273 2674 1446 2740 εὐθὺς
1489 2677 1732 2748 ἐκραγὲν
1779 2679 1882 2748 τῆς

292 2763 502 2815 ἀτόπου
535 2765 791 2834 γαστρὸς,
827 2767 904 2837 τῷ
937 2767 993 2820 δὲ
1019 2767 1094 2831 ῶς
1129 2768 1256 2839 μήτ’
1287 2769 1587 2840 ἀϐούλητον
1613 2771 1712 2841 τὴν
1736 2773 1882 2826 ὲκεί-

291 2873 406 2907 νων
449 2856 802 2926 ποιησαμένῳ
833 2857 1054 2920 κακίαν,
1098 2857 1192 2910 ἇτε
1233 2857 1393 2922 λόγου
1429 2861 1754 2930 μετασχόντι
1788 2863 1884 2914 καὶ

295 2943 555 3006 παιδείας
588 2943 859 3009 ὁπωσοῦν,
906 2939 973 3017 ἧς
1047 2950 1291 3015 μετεῖναι
1355 2949 1466 3012 τοῖς
1513 2949 1763 3016 γονεῦσιν
1820 2951 1880 3003 οὐ

298 3032 715 3103 συμπέπτωκε,
779 3038 918 3108 μήτε
969 3038 1139 3108 μηδὲν
1203 3041 1614 3111 ἐπιεικέστερον
1668 3041 1886 3106 οὐδενὸς

296 3126 622 3194 διατεθέντι,
653 3129 706 3181 εί
732 3145 816 3193 τις
849 3131 1249 3202 παραπλησίως
1281 3135 1510 3196 ἐκείνοις
1542 3133 1738 3193 ἐνόσει.
1779 3152 1886 3206 μη-

1975 639 2271 704 trivissent,
2295 638 2780 694 maledicercntur.
2803 639 2840 692 E
2865 638 3047 692 radice
3073 638 3220 690 enim
3250 642 3561 692 necessario

1973 742 2198 802 paterna
2230 731 2486 786 dicebant
2527 732 2577 784 iu
2611 746 2737 785 eum
2767 730 3028 784 incidisse
3071 739 3283 784 tantum
3314 729 3560 798 impieta-

1977 825 2046 879 tis
2077 825 2352 886 morbum,
2384 833 2442 876 nt
2479 823 2688 876 macula
2717 823 2818 874 alia
2856 823 3002 876 natis
3039 833 3092 875 et
3127 822 3376 876 educatis
3405 824 3563 875 invo-

1975 915 2112 966 luta.
2146 911 2334 982 Neque
2377 912 2526 966 enim
2575 913 2629 966 in
2667 912 3098 982 profunditatem
3136 915 3407 966 malorum
3465 929 3562 966 na-

1977 1017 2091 1058 tum
2124 1016 2411 1073 tantopere
2442 1004 2714 1059 incideret
2737 1019 2920 1072 neque
2954 1006 3027 1057 ita
3060 1004 3222 1074 345
3255 1004 3563 1058 constitue-

1979 1108 2059 1152 ret
2088 1108 2351 1159 mentem,
2377 1096 2732 1152 utdiceretur
2761 1097 3026 1150 furiarum
3058 1113 3323 1166 propago.
3355 1099 3563 1162 Quam-

1977 1192 2168 1245 obrem
2201 1189 2632 1255 contendebant,
2686 1206 2865 1258 neque
2903 1191 3024 1243 illos
3059 1191 3264 1244 liberos
3309 1205 3430 1242 esse
3463 1191 3564 1243 de-

1977 1285 2109 1338 bere
2141 1282 2631 1343 coudemnatione,
2687 1283 2781 1351 qui
2841 1296 3100 1337 auctores
3155 1283 3388 1334 fuissent
3441 1281 3566 1350 ejus

1976 1379 2100 1430 vitae
2129 1374 2404 1442 simulque
2441 1375 2783 1441 tempestatis
2815 1389 2910 1440 per
2941 1390 3065 1426 eum
3122 1384 3313 1426 contra
3368 1373 3561 1425 Eccle-

1978 1470 2114 1522 siam
2148 1477 2380 1530 exortae,
2440 1481 2622 1534 neque
2672 1465 2978 1534 quidquam
3039 1466 3192 1518 illum
3228 1463 3566 1518 condemna-

1981 1567 2130 1615 tione
2164 1563 2434 1620 eximere.
2465 1558 2622 1628 quasi
2653 1558 2865 1612 invitus
2900 1565 3127 1613 coactus
3158 1567 3308 1613 esset
3340 1567 3567 1626 propter

1979 1653 2210 1709 seminis
2243 1655 2354 1708 nati
2387 1653 2648 1722 origines,
2680 1665 2735 1705 et
2777 1662 3042 1721 cogentes
3085 1652 3230 1705 vires
3281 1649 3569 1718 pravitatis

1983 1759 2224 1818 paterna:
2269 1748 2387 1802 lolii
2449 1748 2626 1802 instar
2651 1755 2998 1814 comparatas
3029 1744 3158 1798 inde
3209 1755 3264 1797 et
3296 1742 3480 1797 statim
3512 1743 3566 1796 in

1984 1840 2096 1907 ipsa
2128 1839 2338 1909 origine
2371 1838 2642 1910 deiectas.
2700 1835 2806 1890 Sed
2865 1847 3098 1903 uterque
3159 1847 3283 1886 cum
3331 1841 3568 1900 utroque

1982 1933 2382 1986 detestationes
2407 1941 2460 1984 et
2499 1930 2746 1984 convicia
2785 1925 3225 1982 communicabit
3258 1934 3314 1978 et
3358 1923 3571 1977 accidet

1981 2034 2039 2078 ut
2072 2033 2305 2093 uterque
2361 2022 2527 2076 simul
2563 2021 2742 2075 cidem
2799 2021 3015 2091 judicio
3077 2017 3451 2088 subiiciatur:
3491 2015 3568 2069 illi

1978 2115 2126 2185 quod
2158 2116 2516 2184 propaginem
2552 2127 2776 2183 pravam
2816 2113 2868 2165 in
2906 2112 3074 2165 vitam
3122 2109 3484 2179 protulissnut
3517 2115 3571 2160 et

1979 2209 2396 2271 enutrivissent,
2448 2222 2627 2276 neque
2669 2209 2722 2260 in
2757 2205 3067 2260 Cithaerona
3123 2212 3179 2257 et
3229 2200 3567 2272 Charybdin,

1981 2320 2044 2358 ac
2067 2304 2111 2358 si
2142 2318 2246 2371 qua
2288 2303 2463 2373 magis
2499 2317 2638 2356 nova
2672 2302 2899 2356 inventa
2935 2307 3085 2354 esset
3120 2313 3268 2353 mors
3320 2298 3373 2351 in
3408 2313 3570 2350 voea-

1981 2393 2205 2464 ginibus
2227 2403 2282 2447 et
2317 2390 2572 2448 ﬂuctibus
2615 2401 2776 2466 terrge
2807 2400 2864 2447 et
2923 2390 3094 2446 maris
3123 2392 3305 2444 statim
3336 2386 3571 2458 dejeeis-

1983 2495 2109 2540 sent
2139 2485 2271 2541 illttd
2324 2503 2354 2540 e
2381 2498 2574 2541 ventre
2616 2487 2809 2555 inepto
2845 2493 3172 2554 proruptum
3205 2500 3219 2537 :
3257 2484 3348 2537 hic
3381 2491 3565 2536 autem

1983 2581 2130 2649 quod
2188 2595 2369 2650 neque
2415 2579 2624 2634 invitus
2691 2578 2911 2632 illorum
2949 2579 3278 2647 pravitatem
3343 2584 3572 2631 secutus

1983 2669 2153 2738 esset,
2187 2685 2312 2725 cum
2342 2671 2575 2726 rationis
2606 2682 2754 2725 esset
2801 2671 3086 2740 particeps
3117 2683 3172 2724 et
3201 2668 3570 2729 educationis.

1987 2778 2106 2832 quae
2137 2762 2460 2832 parentibus
2493 2778 2603 2816 non
2633 2761 2980 2831 contigisset,
3009 2778 3188 2828 neque
3233 2762 3406 2814 nihilo
3460 2775 3573 2813 me-

1985 2860 2094 2914 lius
2124 2857 2487 2927 disposuisset
2516 2871 2679 2926 quam
2705 2856 2749 2910 si
2783 2856 2909 2925 quis
2943 2855 3051 2908 illis
3079 2853 3340 2908 similiter
3389 2868 3566 2921 aegro-

1989 2961 2152 3018 taret,
2185 2967 2360 3021 neque
2391 2950 2611 3004 silentio
2644 2959 2796 3004 muto
2826 2949 3025 3002 malum
3054 2946 3239 3001 fovere
3271 2946 3568 3007 voluisset,

1987 3043 2084 3098 sed
2122 3043 2294 3097 multo
2325 3041 2712 3097 miserioribus
2734 3051 2788 3096 et
2818 3040 2976 3095 valde
3009 3038 3424 3110 impudentibus
3441 3052 3574 3090 enu-

1990 3136 2127 3191 siliis
2159 3135 2459 3190 voluntatis
2487 3135 2852 3205 principatum
2889 3132 3246 3204 prodidisset.
3303 3131 3371 3186 Et
3420 3129 3569 3184 acci-

298 3214 359 3266 δὲ
398 3218 554 3287 κωφῇ
586 3216 716 3284 γοῦν
746 3223 925 3290 σιωπῇ
972 3221 1032 3275 τὸ
1085 3223 1254 3275 κακδν
1284 3224 1647 3293 περιθάλπειν
1689 3225 1883 3295 βεεου-

1988 3229 2066 3282 dit
2097 3228 2194 3291 illi,
2225 3244 2347 3282 cum
2381 3227 2538 3281 malis
2568 3227 2738 3281 malos
2763 3227 3094 3280 admisceret
3122 3240 3308 3278 mores
3354 3233 3408 3278 et
3447 3239 3574 3277 sen-

301 3309 549 3379 ληυένῳ,
598 3310 734 3363 ἀλλὰ
793 3313 972 3382 πολλῷ
1003 3313 1080 3385 τῷ
1135 3317 1321 3386 μέτρῳ
1362 3317 1790 3389 μοχθηροτέρως
1819 3319 1883 3389 δή

299 3418 417 3454 τισι
454 3402 548 3454 καὶ
597 3404 803 3474 σφόδρα
847 3405 1090 3460 ἀναιδέσι
1145 3409 1430 3479 λογισμοῖς
1476 3412 1888 3482 παραδεδωκότι

300 3495 406 3563 τὴν
435 3492 535 3561 τῆς
566 3494 794 3565 γνώμης
846 3499 1171 3568 ἠγεμονίαν.
1221 3502 1330 3554 Καὶ
1368 3507 1560 3565 κακοῖς
1602 3507 1748 3558 κακὰ
1779 3522 1889 3557 πα-

306 3585 604 3656 ραμίξαντι
658 3585 763 3656 ἢθη
804 3590 898 3640 καὶ
946 3589 1190 3658 δόγματα
1229 3597 1459 3664 μακροῖς
1519 3612 1628 3648 τισι
1661 3595 1888 3666 διαστή-

303 3696 448 3750 μασι
476 3681 576 3748 τήν
602 3696 661 3731 τε
698 3679 959 3751 πατρῴαν
981 3685 1288 3755 παρελάσαι
1316 3689 1730 3742 συνεπεπτώκει
1768 3690 1892 3743 δυσ-

301 3773 556 3837 σέϐειαν,
616 3775 710 3825 καὶ
739 3774 855 3844 ἆμα
879 3775 1082 3846 ψυχαῖς
1129 3777 1413 3842 εὐσεϐείας
1447 3780 1712 3850 ἁπλότητι
1763 3799 1890 3835 συν-

297 3865 632 3934 τραφείσαις
663 3864 966 3935 θανάσιμον
995 3867 1104 3920 ἀπὸ
1131 3869 1378 3939 γλώττης
1404 3873 1638 3941 κεράσαι
1659 3876 1720 3926 τὸ
1753 3875 1893 3942 φάρ-

303 3971 509 4025 μακον.
548 3954 798 4026 Πατέρας
835 3957 945 4024 γὰρ
977 3958 1144 4027 μέχρι
1169 3957 1362 4011 τούτου
1384 3961 1549 4029 τιμᾷν
1581 3961 1891 4031 προαιροῖτ’

300 4050 372 4101 ἂν
403 4065 490 4110 τις
516 4049 764 4111 εἳκότως.
798 4048 956 4119 μέχρι
987 4051 1125 4120 πρὸς
1155 4051 1216 4104 τὸ
1245 4051 1472 4113 εὐσεϐὲς
1501 4053 1602 4114 τὰς
1631 4054 1734 4122 τῆς
1760 4071 1889 4122 τρο-

301 4139 417 4207 φῆς
442 4140 534 4190 καὶ
560 4138 809 4202 παιδείας
837 4142 1040 4210 πηγὰς,
1066 4143 1162 4195 καὶ
1190 4143 1291 4194 ὅσα
1316 4144 1426 4205 τοῖς
1457 4143 1747 4213 ἑπομένοις
1774 4146 1890 4198 ἔστι

299 4232 377 4282 δι’
416 4232 658 4299 ἐφέσεως
713 4230 808 4283 καὶ
839 4231 1123 4303 ῥᾳστώνης
1165 4234 1492 4304 λαμϐάνειν,
1533 4238 1634 4308 δρᾷ
1672 4239 1893 4308 προϊού-

302 4341 411 4386 σας
432 4341 446 4354 ο
481 4325 706 4376 ἐπειδὰν
740 4324 797 4376 δὲ
829 4326 964 4395 πρὸς
996 4327 1424 4396 κακοδαιμονίαν
1455 4329 1516 4382 τὸ
1540 4332 1661 4399 ῥέον
1699 4331 1889 4402 ἕρπειν

297 4417 403 4468 τοῦ
434 4416 628 4486 χρόνον
679 4415 827 4488 δόξῃ,
884 4417 992 4470 τῶν
1049 4419 1190 4472 πάνυ
1223 4437 1274 4472 τι
1307 4421 1704 4491 προσηκόντων
1730 4426 1889 4478 ἁλλο-

301 4507 596 4576 τριοῦσθαι
631 4507 898 4578 νομίζοιτ’
919 4511 1002 4575 ἂν,
1033 4511 1130 4579 τῆς
1161 4510 1257 4564 τοῦ
1291 4513 1484 4582 καιροῦ
1513 4518 1892 4584 περιστάσεως

307 4601 653 4672 βιαζομένης
687 4603 749 4655 τὸ
777 4599 966 4669 φιλοῦν
1010 4603 1108 4672 τῆς
1142 4603 1318 4675 ψυχῆς
1349 4606 1412 4658 ἐκ
1439 4605 1534 4658 τοῦ
1591 4609 1891 4674 συγγενοῦς

306 4694 489 4746 κακοῦ
512 4694 647 4763 πρὸς
685 4694 998 4763 τάλλότριον
1033 4697 1381 4764 μετατιθέναι
1412 4697 1634 4764 ἀγαθόν.
1663 4701 1769 4752 Καὶ
1795 4702 1894 4767 μὲν

302 4789 378 4854 δη
415 4786 614 4854 δεῆσαν
654 4783 810 4850 αὖθις
846 4787 1149 4858 ἐληλυθότα
1207 4788 1375 4858 μέρος
1405 4790 1501 4843 καὶ
1535 4792 1696 4844 αὑτὸν
1735 4794 1894 4860 γενέ-

304 4877 445 4930 σθαι
476 4876 582 4929 τῶν
608 4878 783 4932 ἄλλων
799 4873 880 4940 οἷς
913 4880 1044 4948 περὶ
1073 4880 1162 4931 τὸν
1191 4879 1416 4950 βασιλέα
1444 4882 1582 4946 τέως
1613 4881 1894 4935 συνέϐαινε

306 4972 537 5045 μείζοσί
582 4989 640 5024 τε
689 4976 782 5025 καὶ
813 4973 1004 5042 ἥττοσι
1059 4973 1158 5044 τὴν
1207 4973 1388 5039 ἀξίαν,
1432 4971 1502 5044 ἦν
1565 4977 1750 5046 σχεδὸν
1785 4976 1894 5029 τῶν

297 5063 575 5120 ἁπάντων
617 5065 794 5128 οὐδεὶς
850 5059 895 5133 ᾧ
952 5065 1028 5136 μὴ
1079 5066 1320 5136 λοίδορος
1347 5067 1618 5122 ὥπλισται
1665 5069 1890 5135 γλῶσσα

304 5157 440 5211 κατ’
468 5157 652 5218 αὐτοῦ,
705 5160 804 5220 τὰς
837 5157 1067 5228 ἔναγχος
1115 5159 1464 5228 βλασφημίας
1511 5162 1727 5222 ἐκείνας
1758 5179 1892 5230 προ-

302 5251 629 5318 ὖαλλομένη
671 5253 805 5318 πρὸς
841 5252 1062 5320 ἔλεγχον
1089 5252 1183 5304 νῦν
1215 5252 1306 5305 ὑπ’
1334 5252 1484 5321 αὐτῷ
1515 5255 1762 5324 μάρτυρι
1794 5255 1891 5308 καὶ

299 5345 575 5412 αῦτηκόῳ
600 5344 674 5411 τῷ
703 5344 932 5413 βασιλεῖ.
956 5341 1133 5397 Ἷισαν
1155 5346 1201 5397 δ’
1224 5345 1272 5396 οἳ
1307 5347 1398 5398 καὶ
1429 5347 1589 5416 μέχρι
1625 5347 1727 5416 πρὸ
1754 5347 1891 5398 ἐτῶν

299 5443 327 5493 ὲ
345 5437 687 5491 πταιαίδεκα
713 5436 788 5503 Η)
813 5437 908 5506 τὴν
930 5440 1149 5508 μνήμην
1173 5437 1568 5507 ἀναπόμπιμον
1590 5437 1893 5505 ἐποιοῦντο,

298 5534 340 5588 ὃ.
384 5532 555 5584 παλαι
591 5531 656 5600 δὴ
690 5537 784 5583 καὶ
807 5532 1001 5598 δρᾶσαι
1032 5534 1124 5584 καὶ
1165 5533 1360 5585 παθεῖν
1394 5533 1559 5584 αὑτὸν
1592 5534 1891 5600 ἐξεγένετο,

299 5625 408 5677 καὶ
432 5622 779 5694 ἁναθέμασιν
806 5622 1105 5690 ἐγγράφοις
1152 5625 1244 5675 καὶ
1274 5623 1538 5692 χωρισμῷ
1566 5622 1703 5674 Θεοῦ
1734 5623 1892 5676 καθυ.

384 5803 464 5870 (1)
503 5803 585 5858 An
641 5803 994 5877 δυοκαίδεκαῗ
1055 5824 1176 5860 nam
1229 5809 1472 5877 synodus
1515 5811 1566 5863 ill
1622 5813 1890 5866 Palamam

303 5883 503 5929 coacta
541 5884 621 5928 est
663 5890 806 5927 anno
837 5875 1036 5932 Christi
1074 5875 1387 5946 1535;]th
1419 5894 1602 5937 autem
1649 5885 1888 5952 disputa—

1994 3322 2192 3377 tentias
2224 3328 2284 3373 ut
2323 3318 2503 3387 longis
2535 3317 2846 3372 intervallis
2877 3327 3165 3386 paternam
3207 3316 3373 3388 346
3410 3331 3575 3385 supe-

1993 3425 2141 3468 raret
2175 3412 2538 3481 impietatem,
2570 3411 2847 3480 simulque
2879 3411 3081 3465 animis
3111 3411 3166 3464 in
3199 3410 3417 3480 pietatis
3445 3411 3576 3463 sim-

1992 3505 2236 3575 plicitate
2261 3503 2514 3560 educatis
2572 3503 2926 3558 mortiferum
2986 3503 3173 3558 subito
3227 3502 3576 3556 immisceret

1990 3612 2290 3652 venenum.
2319 3596 2513 3650 Patres
2563 3595 2710 3650 enim
2745 3595 3012 3665 usquead
3051 3595 3154 3650 hoc
3197 3595 3380 3650 colere
3422 3604 3575 3650 certe

1995 3689 2149 3741 malit
2173 3688 2429 3755 quisque,
2462 3687 2641 3741 donec
2667 3686 2733 3740 ad
2761 3686 3020 3755 pietatem
3065 3687 3248 3740 victus
3277 3695 3333 3739 et
3370 3686 3576 3740 educa-

1996 3779 2162 3833 tionis
2201 3779 2383 3832 l‘ontes
2437 3787 2492 3831 et
2555 3793 2900 3847 quaecunque
2947 3787 3244 3847 sequentes
3274 3778 3576 3845 cupiditate

1994 3877 2051 3922 et
2084 3867 2345 3922 facilitate
2373 3868 2625 3935 accipere
2657 3875 2909 3935 possunt,
2943 3867 3201 3936 progredi
3227 3867 3379 3922 videt
3407 3883 3420 3920 :
3448 3881 3572 3919 cum

1994 3969 2178 4014 autem
2209 3959 2413 4013 ﬂumen
2455 3958 2726 4026 temporis
2758 3957 2811 4011 in
2845 3958 3214 4012 calamitatem
3251 3959 3359 4012 labi
3388 3958 3576 4012 videa-

1995 4064 2106 4114 tur,
2133 4068 2161 4106 a
2195 4051 2430 4106 maxime
2451 4050 2716 4105 amnibus
2751 4050 3056 4105 abalienari
3123 4064 3182 4104 se
3223 4057 3401 4119 putet,
3447 4065 3573 4104 cum

1995 4145 2267 4216 temporis
2287 4143 2534 4199 conditio
2564 4152 2723 4214 cogat
2750 4142 2921 4197 animi
2972 4156 3217 4195 amorem
3251 4157 3280 4194 a
3339 4151 3574 4210 cognato

1997 4239 2218 4294 maloin
2253 4238 2460 4292 bonum
2501 4251 2817 4307 quanquam
2850 4234 3092 4290 alienum
3149 4232 3474 4296 transferre,
3518 4242 3575 4287 et

1996 4333 2174 4403 ipsum
2205 4333 2556 4387 accedentem
2591 4331 2708 4386 ﬁeri
2744 4339 2954 4400 partem
2999 4327 3375 4382 deiicientem.
3427 4327 3577 4381 Alio-

1998 4441 2141 4487 rum,
2171 4425 2263 4494 qtti
2294 4425 2436 4477 circa
2474 4439 2656 4493 regem
2685 4424 2894 4492 majore
2925 4421 3011 4475 vel
3039 4427 3254 4474 minore
3273 4428 3431 4472 erant
3457 4418 3578 4487 die;-

1997 4518 2190 4583 nitate,
2230 4519 2478 4572 omuimn
2525 4517 2639 4571 fere
2676 4531 2838 4570 nemo
2894 4525 3037 4578 erat,
3103 4515 3193 4568 cui
3257 4528 3365 4566 non
3427 4520 3577 4566 esset

1998 4621 2312 4678 comparata
2345 4610 2530 4678 lingua
2566 4608 2791 4662 mordax
2853 4609 2906 4662 in
2945 4606 3409 4676 vituperationem
3444 4615 3576 4659 tunc

1997 4703 2288 4773 proterens
2319 4703 2438 4770 ipso
2479 4710 2616 4756 teste
2651 4716 2776 4772 rege
2811 4710 2867 4754 et
2900 4709 3170 4769 prtesente
3207 4708 3396 4754 centra
3447 4712 3574 4751 eum

1995 4795 2245 4848 convicia
2283 4794 2368 4847 illa
2407 4809 2582 4862 nuper
2614 4793 2775 4846 abeo
2803 4793 2972 4847 dicta.
3030 4793 3202 4848 Erant
3260 4802 3444 4846 autem
3477 4792 3572 4862 qui

1999 4888 2318 4941 memoriam
2351 4885 2630 4942 reminisci
2648 4886 2906 4956 juberent
2927 4901 2992 4941 ea
3018 4902 3138 4956 qua:
3163 4886 3294 4939 olim
3314 4886 3423 4954 jam
3447 4897 3576 4940 ante

1999 4980 2392 5050 septemdecim
2421 4995 2597 5033 annos
2634 4981 2841 5033 fecerat
2891 4991 2948 5032 et
2979 4995 3172 5046 passus
3201 4990 3342 5045 erat,
3389 4980 3576 5033 illum-

1997 5090 2104 5144 que
2147 5074 2495 5127 anathemate
2545 5067 2912 5141 proscriptum
2967 5079 3022 5125 et
3073 5072 3408 5140 separatioui
3477 5071 3574 5126 Dei

1997 5167 2306 5236 subjectum
2347 5181 2470 5219 esse
2511 5180 2540 5217 a
2604 5164 3044 5233 patriarcharqu
3106 5175 3163 5218 et
3219 5164 3573 5219 sacerdotum

1998 5259 2388 5328 primariormn
2426 5257 2696 5310 conciliis.
2761 5256 2939 5325 Atque
2971 5265 3032 5308 ut
3086 5256 3331 5312 breviter
3365 5257 3573 5319 dicam,

1999 5366 2228 5419 magnus
2283 5357 2402 5402 erat
2462 5349 2702 5416 illlpclllS
2748 5349 2851 5403 hoc
2903 5348 2992 5402 die
3041 5349 3374 5418 iudiciorum
3435 5364 3574 5403 con-

1998 5445 2108 5499 cilii
2140 5442 2286 5495 illius
2335 5441 2479 5495 beati
2510 5441 2669 5512 347
2707 5440 2848 5509 apud
2907 5457 3089 5510 regem
3135 5442 3591 5496 adolescentem..

1998 5551 2117 5605 quae
2176 5545 2367 5588 contra
2420 5533 2692 5586 Palamam
2763 5542 2875 5586 tum
2927 5533 3206 5602 aperirent
3244 5550 3257 5585 :
3295 5548 3421 5587 cum
3479 5531 3571 5585 alii

1999 5627 2104 5681 alia
2155 5625 2403 5680 dicerent
2462 5632 2520 5678 et
2578 5623 2671 5676 alii
2727 5624 2851 5678 aliis
2908 5625 3306 5679 aemularentur
3358 5633 3412 5677 et
3477 5621 3572 5676 alii

1995 5815 2080 5935 ﬂio
2121 5810 2337 5864 videtur
2389 5810 2665 5880 pertinere
2702 5811 2766 5866 ad
2819 5827 3020 5868 annum
3076 5808 3208 5862 1356
3262 5807 3568 5866 ineuntem.

2039 5899 2269 5935 oti-usos.

2039 5899 2269 5938 Ol'v'lNUb.
