4046 6290
565 401 672 472 307

1763 411 2178 473 NlCEl‘IlUltl
2227 417 2609 479 GREtmILE
3665 419 3768 483 .308

566 509 705 572 alios
733 515 1002 572 conviciis
1049 520 1347 589 majoribus
1395 535 1744 590 superarent.
1809 525 1974 579 Erant
2021 541 2160 588 θυι,

2238 531 2598 598 ποδεὸλῆσθαι
2633 532 2764 602 πρὸς
2797 532 2906 584 τῶν
2935 533 3053 584 τότε
3082 533 3440 604 πατριαρχῶν
3479 535 3570 588 καὶ
3603 535 3770 604 ἀρχι-

569 621 719 676 tem,
805 615 900 681 qui
979 628 1102 666 eum
1163 613 1324 666 etiam
1391 614 1727 682 proditorem
1787 618 2124 686 appellarent

564 712 622 756 et
649 704 792 772 regis
829 703 1002 772 ipsius
1029 713 1084 756 et
1109 704 1376 766 omnium,
1401 705 1494 772 qui
1545 707 1655 774 regi
1694 706 1882 762 amnes
1941 719 2124 762 essent

564 809 764 860 genere
796 802 848 846 et
883 795 1052 862 gloria
1089 809 1102 846 :
1131 805 1186 848 et
1215 795 1370 864 quasi
1396 796 1498 850 hoc
1519 796 1582 848 ad
1609 812 1667 851 se
1691 799 1990 866 pertineret
2017 815 2124 854 non

565 885 852 948 abstinuit,
887 900 1008 936 cum
1045 883 1412 952 principatum
1449 887 1738 942 sententia:
1771 889 1941 948 semel
1996 893 2128 944 sull-

561 977 784 1045 jecisset
821 975 977 1028 factis
1003 985 1056 1028 et
1088 977 1437 1030 sermonibus
1473 979 1684 1046 pravis.
1735 981 1870 1048 quin
1935 997 2128 1038 omnes

569 1069 622 1122 in
657 1069 972 1120 universum
1017 1067 1274 1124 violentae
1319 1072 1480 1122 morti
1517 1071 1712 1124 daret:
1761 1085 1940 1140 neque
1981 1073 2128 1126 enim

569 1159 713 1226 quod
735 1159 932 1226 gladiis
955 1159 1152 1214 ferreis
1171 1169 1227 1214 et
1259 1160 1374 1228 ipse
1397 1161 1720 1218 sicariorum
1751 1163 1914 1218 modo
1945 1174 2130 1233 aperte

567 1266 678 1304 non
719 1267 848 1308 usus
886 1263 1052 1318 esset,
1081 1253 1361 1308 videretur
1391 1269 1657 1308 summam
1682 1255 2128 1316 criminationum

569 1344 890 1410 gravitatem
933 1346 1072 1414 pati:
1099 1344 1192 1399 sed
1227 1346 1372 1414 quod
1399 1348 1692 1400 amicitiam
1719 1348 1986 1403 simulans
2015 1349 2132 1404 sine

575 1433 684 1486 ullo
733 1435 859 1488 dolo
913 1452 1038 1490 eum
1072 1439 1388 1491 amantibus
1435 1447 1606 1490 totum
1644 1437 1830 1492 dolose
1849 1437 2134 1494 elTudisset

569 1526 768 1580 memmi
819 1535 1113 1592 craterem,
1151 1528 1469 1596 priusquam
1525 1527 1615 1596 qui
1667 1541 1734 1580 eo
1788 1527 2134 1582 aﬂicerenlur

571 1615 798 1670 insidias
835 1617 1378 1672 animadvertissent:
1431 1623 1596 1686 atque
1639 1617 1718 1670 illi
1767 1617 2010 1686 quidem,
2041 1619 2132 1688 qui

572 1719 773 1772 genere
833 1713 888 1758 et
939 1705 1109 1772 gloria
1159 1714 1508 1774 prmstarcnt,
1551 1705 1624 1759 ita
1665 1705 1866 1760 invecti
1921 1707 2134 1760 suntin

572 1793 846 1848 Palamam
881 1796 1193 1862 scelestum,
1227 1805 1281 1850 et
1307 1797 1391 1850 his
1443 1796 1664 1865 judieiis
1699 1813 1822 1851 enm
1860 1798 1956 1851 ulti
1985 1807 2131 1852 sunt.

2231 621 2472 688 ρατικῶν
2499 623 2754 680 συνόδων.
2807 623 2914 677 Καὶ
2961 623 3234 676 συνελόντι
3292 623 3480 691 φάναι,
3515 625 3676 696 πολλή
3701 645 3771 692 τις

2227 710 2295 784 ἦν
2329 718 2362 784 ὴ
2387 715 2707 786 καταδρομὴ
2753 715 2862 768 τῶν
2887 717 3130 784 τήμερον
3181 714 3378 782 ψήφων
3415 715 3514 782 τῆς
3543 715 3776 778 εὐδαιμο-

2229 821 2318 865 νος
2347 805 2639 874 γερουσίας
2687 805 2902 872 ἐκείνης
2939 805 3031 856 ἐπὶ
3077 803 3170 855 τοῦ
3211 805 3334 856 νέου
3385 803 3666 871 βασιλέως,
3719 805 3777 866 ἃς

2231 895 2294 964 δὴ
2331 895 2470 948 κατὰ
2499 895 2590 946 τοῦ
2627 896 2862 962 Παλαμᾶ
2895 893 3196 961 τηνικαῦτα
3217 893 3592 960 ἀπεφήναντο,
3617 893 3778 944 ἄλλων

2231 983 2367 1035 ἀλλα
2393 983 2678 1049 λεγόντων,
2717 985 2810 1036 καὶ
2833 984 3007 1036 ἄλλων
3039 982 3220 1042 ἄλλοις
3255 979 3670 1049 ἁμιλλωμένων,
3695 982 3780 1030 καὶ

2231 1073 2406 1130 ἀλλων
2440 1074 2635 1136 ἄλλους
2693 1075 3002 1142 παριόντων
3031 1072 3108 1140 τῷ
3160 1073 3269 1124 τῶν
3307 1070 3590 1140 λοιδοριῶν
3623 1071 3780 1138 ὑπερ-

2232 1165 2507 1220 ϐάλλοντι.
2525 1162 2718 1236 ¹ἹΙσαν
2749 1166 2794 1220 δ’
2823 1166 2872 1218 οἳ
2896 1167 2990 1218 καὶ
3015 1163 3280 1234 προδότην
3305 1164 3468 1215 αὑτὸν
3499 1162 3782 1216 ἐπεκάλουν

2233 1255 2396 1310 αὑτοῦ
2419 1253 2480 1326 [Γ.
2509 1253 2706 1325 153υ.]
2739 1255 2996 1324 βασιλέως
3023 1255 3117 1307 καὶ
3139 1256 3252 1307 ὅσοι
3285 1253 3360 1322 τῷ
3386 1253 3598 1322 βασιλεῖ
3629 1267 3786 1318 προσ-

2234 1349 2462 1417 ήκοντες
2515 1343 2624 1400 εἷεν
2657 1348 2805 1415 γένει
2835 1349 2928 1400 καὶ
2959 1348 3106 1416 δόξῃ’
3137 1349 3232 1400 καὶ
3267 1347 3344 1408 ῶς
3379 1345 3440 1398 τό
3469 1361 3532 1412 γε
3555 1341 3684 1412 ἧκον
3713 1345 3784 1404 εἰς

2235 1441 2396 1493 αὐτὸν
2433 1441 2534 1494 οὐκ
2570 1441 2864 1508 ἀπέσχετο,
2910 1439 3008 1507 τὴν
3067 1437 3364 1506 ἡγεμονίαν
3415 1436 3516 1504 τῆς
3575 1434 3784 1502 γνώμης

2237 1531 2474 1598 ὑπήκοον
2503 1529 2651 1594 ἅπαξ
2691 1527 2869 1598 ἔργων
2907 1528 3002 1580 καὶ
3026 1527 3200 1594 λόγων
3227 1523 3363 1587 ὁμοῦ
3407 1523 3659 1594 πονηρῶν
3696 1539 3782 1576 πε·

2237 1622 2482 1692 πραχὼς,
2544 1621 2618 1690 μὴ
2670 1622 2732 1672 οὐ
2779 1621 2987 1680 πάντας
3040 1618 3344 1688 συλλήϐδην
3381 1617 3544 1686 βιαίῳ
3585 1617 3786 1684 θανάτῳ

2235 1710 2438 1764 δοῦναι.
2475 1709 2548 1762 Οὺ
2589 1709 2694 1776 γάρ
2721 1709 2802 1762 ὅτι
2828 1708 2901 1776 μὴ
2928 1707 3174 1776 σιδηραῖς
3199 1705 3291 1758 καὶ
3327 1705 3484 1766 αὐτὸς
3509 1703 3652 1756 κατὰ
3673 1703 3786 1764 τοὶς

2238 1804 2590 1872 ἀνδροφόνους
2627 1802 2900 1870 ἐχρήσατο
2954 1801 3178 1870 λόγχαις
3229 1801 3290 1850 ὲκ
3337 1797 3430 1850 τοῦ
3465 1793 3786 1864 προφανοῦς,

575 1886 690 1940 Rex
719 1896 900 1940 autem
935 1888 1026 1955 qui
1057 1895 1114 1942 et
1141 1889 1256 1958 ipse
1281 1887 1496 1942 silentio
1522 1889 1767 1942 convicia
1795 1888 1920 1942 talia
1943 1900 2133 1944 contra

2238 1889 2578 1958 ὑποϐεϐηκός
2621 1907 2674 1940 τι
2710 1889 2770 1940 τὸ
2812 1887 2976 1957 βάρος
3021 1887 3164 1954 ἔχειν
3197 1885 3322 1952 δόξῃ
3369 1883 3484 1934 τῶν
3517 1881 3789 1954 ἐγκλημά-

576 1977 852 2032 Palamam
893 1979 1034 2032 dicta
1081 1979 1382 2032 audivisset
1425 1989 1478 2034 et
1513 1989 1702 2034 contra
1743 1995 1867 2033 eum
1901 1979 2138 2048 castiga-

577 2069 784 2122 tionem
837 2085 1010 2138 pmnae
1061 2071 1330 2139 imperare
1383 2072 1666 2135 voluisset,
1703 2081 1882 2126 tamen
1921 2081 2139 2141 propter

582 2157 820 2210 innatam
854 2159 1200 2214 clementiam
1237 2176 1463 2228 parcere
1504 2161 1554 2216 ei
1585 2161 1758 2216 voluit
1789 2171 1842 2215 et
1869 2161 2136 2232 judicium

579 2255 806 2314 propter
835 2263 1119 2320 sermones
1150 2256 1202 2303 et
1235 2249 1372 2304 facta
1403 2250 1550 2304 illius
1576 2251 1782 2304 editum
1815 2252 2136 2320 prolatavit:

577 2347 740 2404 atque
769 2337 872 2392 hac
905 2340 958 2392 in
997 2325 1268 2394 sententia
1298 2341 1621 2408 permansit,
1659 2357 1968 2411 quanquam
1999 2357 2140 2412 aegre

573 2429 839 2483 ferentem
861 2431 1024 2502 348
1052 2441 1106 2484 et
1132 2443 1444 2500 gravantem
1471 2433 1606 2486 vidit
1625 2434 1934 2487 Palamam:
1961 2449 2136 2503 neque

575 2520 957 2574 eonviciantes
995 2521 1282 2589 prohibuit
1321 2521 1390 2576 ab
1419 2523 1659 2592 impetu,
1705 2523 1976 2591 simulque
2009 2540 2137 2594 gau-

575 2609 726 2663 dium
762 2611 930 2666 animi
961 2612 1042 2665 sui
1078 2613 1192 2666 risu
1223 2614 1455 2668 obscuro
1491 2613 1628 2667 clam
1665 2615 1909 2684 aperuit:
1952 2623 2010 2668 et
2043 2631 2139 2684 per

579 2703 810 2755 multum
869 2713 1085 2772 tempus
1134 2705 1415 2770 sustinuit,
1447 2705 1688 2759 convicia
1747 2715 1935 2760 contra
1989 2705 2138 2760 Pala-

574 2807 717 2844 mam
751 2791 894 2846 dicta
931 2793 1165 2852 lihenter
1202 2794 1464 2848 audiens:
1492 2807 1654 2866 atque
1700 2798 1799 2851 hoc
1843 2801 1963 2852 erat
1991 2798 2138 2866 judi-

577 2885 724 2937 cium
758 2893 854 2938 aut
905 2885 1100 2956 judicii
1147 2887 1473 2956 prommium
1521 2897 1575 2942 et
1621 2888 1968 2942 adumbratio
2015 2904 2138 2943 eru-

577 2983 751 3043 pturae
777 2977 885 3046 jam
921 2977 974 3030 in
1019 2977 1294 3033 Palamam
1342 2979 1814 3033 condcmnationis
1861 2980 2066 3050 prolata
2107 2995 2134 3033 a

579 3073 722 3136 rege
757 3081 810 3124 et
857 3069 1160 3124 illustribus
1214 3069 1322 3123 illis
1375 3071 1509 3124 viris
1549 3070 1614 3124 de
1658 3071 1931 3140 colloquio
1963 3087 2138 3141 nuper

579 3173 703 3212 cum
738 3159 976 3228 Gregora
1015 3161 1287 3214 instituto.

2241 1998 2371 2048 των,
2405 1980 2518 2032 ἀλλ’
2553 1981 2634 2033 δτι
2677 1979 2860 2047 φιλίαν
2894 1976 3356 2046 σχηματιζόμενος
3401 1973 3522 2026 ὅλον
3573 1971 3789 2040 δολερῶς

2243 2075 2478 2128 ὲκένωσε
2516 2076 2626 2134 τοῖς
2661 2073 2866 2134 ἀδόλως
2919 2067 3132 2138 φιλοῦσι
3186 2063 3415 2118 τὸνλτοῦ
3470 2063 3788 2132 δηλητηρίου

2243 2159 2516 2228 κρατῆρα,
2555 2159 2684 2228 πρὶν
2733 2157 2832 2226 τῆς
2885 2155 3177 2224 ἐπιϐουλῆς
3213 2152 3498 2206 αἰσθέσθαι
3541 2151 3664 2212 τοὺς
3695 2149 3788 2202 πά-

2244 2267 2496 2318 σχοντας.
2548 2251 2658 2302 Καὶ
2706 2249 2754 2301 οἱ
2821 2249 2920 2318 μὲν
2970 2249 3116 2314 γένει
3171 2247 3266 2297 καὶ
3311 2243 3439 2314 δόξῃ
3475 2240 3790 2310 προῦχοντες

2241 2343 2430 2411 ἄνδρες
2457 2343 2652 2394 ἐκεῖνοι
2685 2341 2827 2393 οὕτω
2861 2337 3312 2408 προσηνέχθησαν
3356 2337 3434 2408 τῷ
3471 2331 3653 2406 μιαρῷ
3691 2333 3791 2384 Πα-

2240 2435 2409 2505 λαμᾷ,
2459 2433 2552 2488 καὶ
2583 2433 2788 2496 ταύτας
2829 2431 3020 2501 ἐκείνῳ
3051 2429 3150 2494 τάς
3187 2429 3393 2500 κρίσεις
3439 2427 3736 2480 ἀπέτισαν·
3765 2422 3792 2471 ὁ

2239 2525 2294 2578 δὲ
2333 2525 2591 2594 βασιλεὺς
2613 2525 2710 2576 καὶ
2747 2522 2909 2584 αὐτὸς
2941 2523 3068 2592 σιγῇ
3119 2521 3229 2574 τῶν
3255 2520 3398 2572 κατά
3431 2517 3532 2570 τοῦ
3569 2515 3792 2584 Παλαμᾶ

2239 2617 2498 2670 τοιούτων
2520 2614 2798 2686 λοιδοριῶν
2821 2613 3087 2682 αὐτήκοος
3113 2613 3374 2680 γεγονὼς,
3397 2610 3492 2661 καὶ
3521 2607 3792 2678 βουληθές

2243 2714 2340 2782 μέν
2365 2729 2478 2774 πως
2501 2711 2600 2779 τὴν
2627 2711 2726 2778 τῆς
2758 2707 3091 2778 ἐκδικήσεως
3119 2706 3554 2776 προστεταχέναι
3586 2699 3791 2753 κόλασιν

2239 2803 2360 2854 κατ’
2414 2799 2600 2864 αὐτοῦ,
2661 2799 2990 2868 φεισάμενος
3027 2795 3072 2847 δ’
3126 2793 3217 2846 οὖν
3281 2793 3368 2844 διὰ
3425 2791 3528 2858 τὴν
3565 2787 3792 2856 ἔμφυτον

2239 2893 2557 2957 ἐπιείκειαν,
2595 2892 2730 2954 τέως
2773 2891 2872 2959 μὲν
2905 2890 3002 2958 τὴν
3035 2887 3141 2941 ἀπὸ
3172 2885 3416 2954 γλώττης
3448 2883 3550 2935 καὶ
3582 2880 3688 2933 τῶν
3717 2879 3794 2944 Ep-

2240 3003 2352 3052 γιον
2389 2983 2684 3054 ὑπερέθετο
2722 2981 2921 3052 ψῆφον,
2969 2980 3198 3046 ἐπέμενε
3229 2977 3274 3030 δ’
3303 2975 3398 3028 οὖν
3437 2975 3592 3042 ὅμως
3623 2969 3792 3038 ὕϐριο-

2241 3073 2520 3128 παθοῦντα
2549 3073 2690 3142 ὁρῶν
2725 3072 2818 3126 καὶ
2868 3070 3168 3142 ἀχθόμενον
3203 3066 3496 3136 Παλαμᾶν,
3558 3063 3652 3113 καὶ
3680 3059 3794 3112 οὒτε

2239 3165 2362 3226 τοὺς
2401 3163 2771 3233 λοιδοροῦντας
2799 3161 3059 3214 ἀνέκοπτε
3092 3159 3191 3228 τῆς
3221 3157 3420 3226 ὁρμῆς,
3445 3155 3547 3206 καὶ
3589 3155 3702 3222 ἅμα
3737 3149 3792 3198 τὴ

575 3253 762 3319 χαῖρον
804 3249 1068 3318 ὑπέφαινε
1121 3251 1218 3320 τῆς
1272 3251 1462 3306 ὲοιυτθᾖ
1515 3252 1694 3322 ψυκῆς
1731 3255 1992 3322 ἀμυδροῖς
2026 3271 2134 3307 τισι
2178 3253 2516 3324 μειδιάμασι,
2569 3253 2664 3307 καί
2717 3251 3110 3320 διεκαρτέρησε
3181 3252 3340 3318 μέχρι
3415 3245 3620 3298 πολλοῦ
3663 3257 3794 3302 τινος

575 3345 766 3411 χρόνου
791 3345 1056 3396 διακούων
1124 3347 1290 3415 ἡδέως
1358 3347 1466 3400 τῶν
1513 3347 1656 3400 κατὰ
1697 3347 1789 3398 τοῦ
1862 3347 2094 3417 Παλαμᾶ
2145 3347 2447 3418 λοιδοριῶν.
2471 3345 2582 3400 Καὶ
2617 3343 2684 3415 ἦν
2712 3345 2885 3396 ταῦτα
2916 3343 3094 3413 ψῆφος
3121 3343 3154 3410 ἢ
3195 3343 3375 3409 ψήφου
3406 3336 3794 3408 προαναφώνη·

577 3439 660 3502 σῐς
695 3457 777 3502 τις

829 3441 919 3492 καὶ
965 3441 1298 3504 διατύπωσις
1351 3447 1450 3514 τῆς
1510 3444 1810 3514 μελλούσης
1867 3444 1946 3496 ἔτι
2022 3445 2165 3498 κατά
2203 3444 2299 3496 τοῦ
2381 3441 2616 3510 Παλαμᾶ
2651 3439 2973 3510 καταδίκης,
3031 3435 3372 3508 ἐξενεχθεῖσα
3419 3433 3560 3504 πρός
3601 3451 3659 3486 τε
3711 3433 3794 3483 τοῦ

576 3537 838 3608 βασιλέως
893 3541 983 3591 καὶ
1044 3539 1152 3592 τῶν
1216 3539 1440 3604 ἐνδόξων
1494 3543 1714 3592 ἐκείνων
1752 3539 1954 3610 ἀνδρῶν
2005 3541 2101 3610 τῆς
2143 3542 2367 3609 ἔναγχος
2405 3537 2690 3604 διαλέξεως
2737 3537 2802 3607 ἢν
2839 3537 3133 3606 ἐποιήσατο
3179 3537 3315 3606 πρὸς
3346 3537 3433 3588 τὸν
3481 3536 3523 3587 Γ
3529 3531 3789 3606 ρηγορᾶν.

589 3763 1662 3782 Mm
1673 3757 3778 3776 “WW‘

1811 3878 1946 3930 ΤΟΥ
1985 3879 2219 3932 ΑΥΤΟΥ
2257 3879 2596 3932 ΜΟΝΔΧΟΥ

1017 4043 2011 4176 ΝΙΚΗΦΟΡΟΥ
2117 4045 2462 4177 ΤΟΥ
2557 4044 3338 4178 ΓΡΙ--ΙΓΟΡΑ

1898 4257 2070 4309 ΠΕΡΙ
2113 4257 2248 4310 [QN
2283 4259 2522 4312 ΑΥΤΩΝ

1267 4398 1634 4487 ΛΟΓΟΣ
1705 4401 2268 4490 ΔΕΥΤΕΡΟΣ.
2346 4401 3094 4489 ΔΟΓΜΑΤΙΚΟΣ.

1819 4645 2170 4705 EJUSDEM
2219 4645 2577 4706 MONACIII

1393 4836 2168 4949 NICEPHOBI
2271 4839 2982 4954 GBEGOR/E

2003 5073 2082 5114 DE
2126 5073 2360 5116 EISDEM

1219 5223 1616 5316 SERMO
1687 5185 2296 5319 SECUNDUS
2379 5231 3168 5321 DOGMA'l‘lCUS.

2151 5423 2224 5434 _.

639 5525 860 5597 3491.
879 5523 1008 5590 Qua'
1025 5518 1128 5574 adh
1139 5534 1204 5572 nc
1226 5518 1364 5572 dicta
1385 5525 1512 5572 sunt
1527 5531 1557 5570 a
1580 5527 1650 5580 te,
1667 5515 1990 5570 amicissime
2003 5518 2142 5584 Ago-

2317 5516 2394 5569 A'.
2433 5517 2509 5568 Τά
2557 5519 2653 5584 μὲν
2688 5519 2750 5584 δὴ
2801 5519 2958 5589 μέχρι
2999 5519 3090 5570 καὶ
3122 5519 3179 5580 ἐς
3215 5519 3334 5571 τόδε
3377 5535 3459 5570 σοι
3499 5515 3786 5587 εἰρημένα,

573 5621 815 5684 thenire,
835 5618 968 5672 satis
995 5613 1222 5666 multum
1245 5619 1300 5662 et
1325 5625 1482 5677 quam
1501 5608 1754 5678 equidem
1778 5608 2022 5661 volebam
2047 5623 2142 5662 eo-

573 5729 692 5764 rum
743 5727 861 5778 quzc
903 5705 1253 5768 qua-sivermu
1305 5703 1664 5770 cognitionem
1697 5701 1826 5753 mihi
1877 5701 2138 5768 prmstite-

572 5812 718 5856 runt.
747 5805 922 5866 Quare
953 5799 1120 5866 gratia
1155 5795 1250 5848 tibi
1278 5809 1302 5845 ει
1337 5796 1462 5848 Deo.
1488 5795 1626 5850 Sunt
1647 5803 1908 5848 autetncx
1931 5791 2128 5848 ibidem

2255 5609 2426 5674 φίλων
2461 5610 2648 5676 ἄριστε
2691 5611 3028 5678 Ἀγαθόνικε,
3065 5609 3261 5678 δαψιλῆ
3291 5627 3380 5678 μοι
3413 5611 3678 5680 παρέσχον
3707 5607 3788 5658 καὶ

2257 5700 2330 5760 ὡς
2377 5699 2553 5766 ἔγωγ-ε
2614 5699 2913 5767 ἐϐουλόμην
2963 5701 3061 5768 τὴν
3117 5699 3254 5760 τέως
3299 5699 3408 5751 τῶν
3461 5696 3788 5764 ζητουμένων

2257 5795 2494 5856 σύνεσιν,
2533 5793 2622 5845 καὶ
2663 5795 2814 5862 χάρις
2858 5793 2941 5860 εἴη
2987 5809 3066 5844 σοι
3109 5791 3239 5860 πρὸς
3275 5791 3436 5843 Θεόν⁹
3471 5791 3784 5842 ἐλλέλειπται
