4046 6290
339 380 452 441 309

1317 387 1761 447 ΒΥΖᾹΝΊῚΝᾹΞ
1802 388 2187 448 Ι·ἶ13ΤΟΒΙ.1ἰ
2223 393 2367 449 ΗΒ.
2415 393 2625 454 XXXI.

3477 394 3583 454 330

338 492 386 542 δ’
417 488 513 544 οὖν
554 509 638 545 σοι
669 491 777 544 τῶν
826 494 944 546 ἐκεί
992 495 1127 564 πρὸς
1163 497 1255 549 τοῦ
1289 499 1524 567 Παλαμᾶ
1571 501 1914 572 λαληθέντων

2028 516 2049 556 a
2077 503 2289 556 Palama
2323 502 2483 557 dictis
2516 502 2774 556 noiinnlla
2813 502 2906 556 tibi
2929 501 3146 564 relicta;
3176 511 3231 554 nt
3257 517 3284 553 a
3306 502 3582 554 nonnullis

340 582 488 648 ἔνια,
513 585 590 646 ὼς
617 583 777 636 ἐνίων
805 585 920 638 ἐκεῖ
949 589 1232 655 παρόντων
1259 590 1471 660 ἀκήκοα
1506 593 1702 659 φίλων,
1737 593 1916 662 σαθρᾶ

348 677 449 745 μὲν
487 677 583 728 καὶ
631 677 800 729 πλείω
834 678 935 746 τῆς
963 679 1220 743 ἀσεϐείας
1266 681 1364 750 τὴν
1389 676 1652 752 ’ἀμαθίαν
1701 685 1914 752 ἔχοντα,

345 768 692 821 ἐλλέλειπται
716 769 762 820 δ’
794 764 911 833 οὖν,
940 770 1173 840 ῥηθῆναί
1202 790 1281 824 σοι
1310 773 1428 825 δέον
1456 777 1550 826 καὶ
1583 775 1753 828 ταῦτα
1781 778 1913 843 πρὸς

347 861 411 912 τὸ
439 861 780 930 σαφέστερον
815 861 1038 915 ἀκούειν
1065 865 1370 932 ἐφιεμένων
1403 866 1581 935 ἡμῶν.
1626 867 1914 922 Ἀνατεθο-

346 953 554 1004 λῶσθαι
590 952 700 1021 γὰρ
732 954 817 1006 ἀεὶ
844 953 912 1005 τὰ
939 955 1036 1022 τῆς
1072 956 1239 1008 αὑτοῦ
1287 958 1610 1021 δυσσεϐείας
1661 961 1818 1026 φασὶ,
1848 965 1912 1032 τῇ

351 1039 572 1106 συνήθει
603 1038 703 1106 τῆς
735 1038 979 1108 γλώττης
1009 1040 1186 1112 ἀωρίᾳ
1234 1043 1413 1112 πάσης
1447 1043 1524 1104 ὡς
1576 1049 1914 1115 πορρωτάτω

354 1129 660 1196 βαδίζοντος
694 1129 948 1197 ἀληθείας
974 1133 1070 1183 καὶ
1103 1134 1446 1202 ἐπιστήμης,
1485 1135 1720 1201 μάλιστα
1752 1137 1799 1189 δ’
1825 1134 1918 1190 οὖν

349 1223 409 1272 ἐν
442 1220 673 1286 τούτοις,
701 1222 812 1273 εἴτε
843 1223 930 1274 διὰ
960 1224 1076 1285 δέος
1108 1219 1174 1296 ἦς
1205 1228 1452 1278 πείσεται
1487 1231 1706 1296 μακρᾶς
1727 1230 1918 1297 αἰσχύ-

349 1326 473 1378 νης,
500 1309 610 1361 εἴτε
646 1311 740 1362 καὶ
792 1311 1106 1378 συμπίπτον
1144 1312 1287 1366 οὕτω
1317 1314 1408 1366 διὰ
1437 1316 1497 1367 τὸ
1543 1317 1642 1384 τῆς
1673 1317 1915 1384 ἐμφύτου

355 1401 658 1470 μοχθηρίας
693 1401 983 1470 ἀλόγιστον
1015 1403 1158 1465 ἔθος.
1217 1405 1326 1458 Καὶ
1375 1406 1460 1458 ἵνα
1495 1408 1563 1458 τά
1595 1407 1822 1460 πλεῖστα
1851 1409 1917 1462 δι’

352 1493 611 1562 ἀκαιρίαν
637 1493 835 1563 παρεὶς
869 1496 1106 1564 μετρίων
1142 1497 1386 1569 μνησθῶ,
1417 1499 1474 1550 ἓν
1505 1498 1604 1565 μὲν
1636 1499 1731 1552 καὶ
1765 1499 1917 1566 πρῶ-

349 1601 444 1636 τον
474 1587 649 1637 ἐκεῖνο
679 1585 786 1638 τῶν
821 1590 1172 1656 παρειμένων
1223 1589 1378 1656 φασί.
1412 1589 1596 1642 Θέλων
1645 1592 1754 1662 γὰρ
1787 1593 1915 1644 ἑαυ-

346 1677 444 1729 τὸν
471 1677 843 1732 ἀπολύσασθαι
877 1683 972 1747 τῆς
1002 1683 1154 1750 αὐτῷ
1197 1683 1333 1750 πρὸς
1363 1685 1456 1734 τοῦ
1499 1684 1755 1754 Γρηγορᾶ
1783 1703 1919 1755 προ-

351 1771 728 1839 ενηνεγμένης
762 1774 1115 1840 κατηγορίας,
1156 1774 1230 1837 ὡς
1264 1779 1329 1828 ὲκ
1361 1776 1576 1829 πολλῶν
1602 1779 1695 1830 καὶ
1731 1777 1917 1847 διαφό-

355 1877 469 1927 ρων
487 1860 758 1932 θεοτήτων
785 1863 882 1916 εἴτ’
908 1864 1000 1916 οῦν
1024 1868 1325 1934 ποιοτήτων
1358 1869 1680 1937 συγκεῖσθαι
1702 1870 1916 1936 λέγοντι

349 1950 446 2004 τὸν
480 1952 632 2020 Θεὸν,
664 1955 758 2007 καλ⁴
789 1955 1050 2024 ἄντικρυς
1095 1959 1483 2028 περιπίπτοντι
1533 1965 1647 2024 τοῖς
1676 1963 1754 2032 τῷ
1789 1963 1918 2033 θείῳ

351 2041 700 2111 Δαμασκηνῷ
749 2043 1087 2113 λεγομένοις,
1136 2048 1216 2099 ὅτι
1258 2049 1316 2100 τὸ
1348 2050 1504 2102 Θεῖον
1546 2050 1754 2103 ἁπλοῦν
1797 2053 1916 2104 ἐστι

353 2133 448 2184 καὶ⁵
481 2132 792 2199 ἀσύνθετον,
828 2136 888 2187 16
920 2137 976 2189 δὲ
1007 2138 1070 2190 ὲκ
1097 2137 1308 2192 πολλῶν
1344 2144 1436 2192 καὶ
1473 2139 1748 2211 διαφόρων
1789 2158 1916 2207 συγ.

352 2221 610 2290 κείμενον
646 2222 902 2275 σύνθετόν
936 2224 1054 2276 ἐστι
1108 2228 1199 2278 καὶ
1227 2225 1289 2296 [Γ.
1324 2227 1426 2280 165
1449 2225 1526 2299 υ.]
1564 2227 1630 2281 τά
1684 2227 1831 2296 ἑξῆς,
1857 2229 1914 2280 οὐ

354 2313 501 2365 κατὰ
531 2314 629 2382 τὴν
661 2314 810 2368 θέσιν
845 2318 1060 2388 ὲκείνης
1093 2317 1192 2387 τῆς
1229 2320 1463 2388 ρήσεως,
1508 2319 1644 2373 ἀλλὰ
1675 2321 1918 2390 διαφθεί-

357 2423 479 2476 ρας,
515 2406 590 2469 ὡς
620 2407 799 2472 εἴωθε,
827 2410 996 2462 τοιάδ’
1043 2412 1397 2477 ἀπεκρίνατο.
1437 2413 1552 2466 Πᾶν
1602 2413 1663 2465 τὸ
1700 2412 1920 2480 συγκεί-

358 2515 523 2564 μενον
554 2500 646 2551 καὶ
678 2499 960 2564 οὐσιώδεις
990 2501 1258 2572 διαφορὰς
1290 2502 1413 2572 ἔχον
1447 2504 1700 2556 σύνθετόν
1745 2507 1915 2556 ἐστιν·

353 2591 384 2640 6
423 2589 481 2642 δὲ
511 2589 645 2653 Θεὸς
691 2590 816 2644 οὔτε
848 2591 958 2644 τῶν
1010 2592 1384 2662 συγκειμένων
1427 2593 1578 2646 ἐστὶν
1627 2592 1750 2647 οὕτε
1809 2595 1919 2646 τῶν

354 2681 638 2744 οὐσιὼδεις
685 2682 950 2752 διαφορὰς
1001 2684 1258 2751 ἐχόντων.
1313 2685 1593 2755 Οὐσιὼδης
1653 2687 1760 2756 γάρ
1801 2687 1919 2740 ἐστι

354 2775 592 2843 διαφορᾶ
615 2773 737 2826 καθ’
766 2777 831 2844 ἢν
858 2777 1106 2845 διαφέρει
1152 2777 1314 2830 οὐσία
1354 2778 1564 2843 οὐσίας,
1594 2777 1735 2831 ὥστε
1782 2781 1923 2834 κατὰ

356 2867 622 2921 πλειόνων
647 2868 799 2920 εἰδῶν
831 2868 926 2920 καὶ
959 2867 1154 2921 οὐσιῶν
1189 2868 1328 2921 εἰσιν
1361 2869 1416 2920 al
1441 2869 1719 2939 διαφοραί.
1770 2872 1924 2925 Ἐπεὶ

354 2961 454 3014 οὖν
487 2962 584 3031 μία
618 2963 711 3015 καὶ
740 2963 952 3031 ἀμερὴς
988 2962 1335 3015 παντάπασιν
1376 2964 1408 3032 ἡ
1445 2963 1538 3016 τοῦ
1577 2962 1714 3016 Θεοῦ
1746 2963 1922 3026 οὐσία,

359 3053 447 3106 διὰ
475 3053 634 3106 τοῦτο
662 3054 924 3122 διαφορὰς
955 3053 1054 3107 οὐκ
1082 3053 1194 3123 ἔχει
1223 3055 1526 3118 ούσιώδεις.
1554 3055 1700 3110 Μίαν
1737 3055 1835 3125 μὲν
1862 3055 1925 3126 δὴ

2018 594 2109 663 qui
2140 594 2338 648 ibidem
2377 601 2601 646 aderant
2648 595 2837 647 amicis
2891 594 3098 654 audivi,
3155 595 3336 646 inania
3377 602 3430 645 et
3462 597 3582 657 plus

2020 683 2336 752 ignorantiae
2383 699 2544 751 quam
2621 685 2915 751 impietatis
2983 685 3311 737 attestantia.
3395 683 3584 736 Restat

2020 776 2205 843 igitur,
2250 759 2340 827 ut)
2376 776 2488 829 haec
2529 775 2774 844 proferas
2831 776 2986 828 nobis
3047 775 3356 828 accuratius
3394 775 3584 827 audire

2019 865 2385 932 cupientibus.
2468 867 2805 934 lmpietatem
2866 869 3012 918 enim
3081 866 3270 920 dicunt
3365 866 3580 918 mistam

2020 969 2237 1021 semper
2259 954 2444 1007 innata
2467 956 2667 1024 linguae
2691 956 2997 1008 insnlsitatc
3023 972 3141 1022 ane
3163 972 3376 1008 omnem
3408 965 3582 1008 trans-

2021 1048 2060 1100 it
2096 1047 2376 1101 veritatem
2408 1056 2462 1100 et
2517 1048 2823 1108 scientiam,
2860 1049 3152 1116 [H‘II‘SBIIiln
3184 1050 3232 1100 in
3278 1047 3360 1100 his
3397 1047 3582 1108 rebus,

2022 1139 2138 1194 sive
2193 1149 2414 1208 propter
2472 1139 2591 1207 ejus
2621 1156 2782 1206 quam
2823 1155 3084 1207 passurus
3115 1149 3198 1192 est
3239 1139 3585 1192 contumelie

2022 1239 2253 1293 metum,
2307 1229 2422 1283 sive
2481 1229 2682 1281 aeridit
2719 1229 2892 1282 insita:
2934 1229 3218 1296 piavitatis
3253 1226 3582 1279 temeritate.

2027 1324 2090 1376 Et
2121 1333 2178 1378 ut
2210 1322 2460 1392 plurimis
2492 1323 2562 1375 ob
2601 1322 2865 1389 temporis
2909 1321 3410 1374 inconnumlitatem
3458 1320 3587 1372 reli—

2023 1416 2128 1470 ctis
2162 1430 2335 1486 pauca
2373 1414 2740 1476 meminerim,
2785 1429 2953 1465 unum
2999 1422 3048 1465 ct
3090 1413 3325 1480 primum
3361 1411 3586 1464 relicto-

2024 1521 2142 1561 rum
2210 1506 2340 1560 illud
2395 1507 2598 1559 lerunt.
2658 1504 2818 1572 350
2878 1503 3090 1557 Etenim
3154 1517 3210 1554 se
3253 1502 3585 1554 liberaturus

2026 1600 2226 1667 probro
2243 1614 2270 1651 a
2296 1597 2531 1667 Gregora
2555 1599 2766 1667 objecta
2784 1597 2924 1665 quod
2951 1596 3138 1648 multis
3157 1595 3398 1656 ctfvariis
3422 1594 3592 1647 deita-

2028 1691 2170 1744 tibus
2198 1689 2621 1758 etqualitatibus
2649 1687 3110 1752 continerillleum
3139 1685 3364 1739 dixisset
3388 1693 3441 1738 et
3465 1699 3594 1736 con-

2028 1789 2108 1834 tra
2130 1781 2409 1834 incidisset
2425 1780 2479 1833 in
2503 1794 2564 1832 ea
2589 1793 2706 1847 quc
2727 1778 2893 1830 adivo
2913 1776 3396 1829 Damascenodieta
3413 1784 3589 1833 erant,

2024 1873 2194 1927 Deum
2218 1887 2337 1926 esse
2368 1871 2595 1939 simplex
2625 1880 2680 1923 et
2714 1869 3136 1936 incompositum
3173 1887 3185 1932 ;
3227 1867 3371 1937 quod
3409 1873 3590 1920 autem

2026 1963 2212 2016 multis
2244 1971 2297 2014 et
2319 1961 2481 2014 variis
2503 1960 2818 2012 continetur
2839 1961 3201 2026 compositum
3232 1967 3350 2022 est;
3383 1955 3589 2024 reliqua
3615 2005 3624 2025 ,

2025 2068 2131 2108 non
2158 2052 2222 2106 ad
2249 2052 2392 2105 illius
2421 2052 2688 2104 orationis
2715 2059 3124 2118 argumentum,
3161 2049 3254 2103 sed
3289 2058 3592 2117 permutata

2025 2148 2096 2200 ita
2118 2155 2175 2199 ut
2195 2143 2592 2213 solet,protulit
2615 2141 2909 2210 :Quidquid
2924 2142 3236 2194 continetur
3257 2149 3310 2193 et
3334 2140 3593 2192 essentia-

2023 2239 2104 2293 les
2122 2237 2420 2307 varietates
2433 2234 2618 2296 habet,
2635 2233 2995 2302 compositum
3021 2233 3276 2286 est.Dcus
3293 2239 3470 2284 autem
3489 2245 3596 2281 non

2023 2328 2175 2384 exiis
2197 2342 2318 2395 qua:
2345 2325 2701 2378 continentur
2719 2330 2814 2376 aut
2842 2319 3164 2377 essentiales
3185 2320 3480 2374 varietates
3507 2321 3596 2371 ha-

2024 2419 2174 2473 bent.
2198 2415 2517 2471 Essentialis
2535 2415 2678 2467 enim
2700 2397 2938 2466 varietas
2958 2419 3064 2474 est,
3085 2426 3190 2481 qua
3210 2409 3390 2465 differt.
3409 2424 3598 2461 essen-

2027 2510 2098 2563 tia
2115 2508 2181 2562 ab
2193 2506 2426 2561 essentia
2450 2505 2522 2558 ita
2545 2515 2600 2557 ut
2621 2507 2804 2572 plures
2823 2503 3008 2558 formae
3024 2511 3078 2557 et
3094 2502 3345 2557 essentia:
3363 2501 3597 2555 cﬂiciant

2025 2601 2341 2655 varietates.
2403 2597 2539 2652 Cum
2594 2597 2759 2667 igitur
2814 2613 2923 2650 una
2980 2605 3036 2650 et
3089 2593 3365 2664 impertita
3399 2595 3470 2645 sit
3506 2593 3596 2644 Dri

2026 2691 2288 2752 essentia,
2341 2699 2633 2758 propterea
2685 2689 2978 2743 varietates
3032 2702 3137 2740 non
3189 2687 3354 2740 habet
3409 2701 3599 2739 essen-

2030 2784 2206 2838 tiales.
2237 2783 2410 2838 Unam
2443 2781 2587 2836 illius
2613 2797 2832 2836 causam
2857 2781 2922 2833 ad
2957 2780 3289 2833 narrationis
3327 2791 3429 2830 tua:
3456 2781 3596 2830 viam

2029 2888 2194 2943 pono,
2251 2872 2474 2925 alteram
2535 2872 2642 2924 divi
2720 2870 2997 2924 Athanasii
3055 2867 3378 2929 orationem,
3433 2881 3595 2935 quam

2032 2966 2149 3018 sine
2189 2962 2358 3016 dubio
2387 2961 2849 3031 religiosissimam
2883 2963 3001 3031 ipse
3039 2961 3093 3013 in
3131 2959 3477 3029 polythcismi
3513 2975 3601 3009 ar-

2034 3063 2352 3126 gumentum
2384 3054 2714 3107 immutavit.
2777 3054 2922 3107 Dixit
2950 3054 3094 3106 enim
3127 3053 3181 3106 in
3213 3053 3428 3118 dialogo
3470 3065 3602 3102 con-

362 3146 470 3197 τῶν
504 3146 714 3198 ἐκείνου
738 3146 942 3211 ταύτην
973 3145 1276 3216 προτίθημί
1303 3163 1397 3199 σου
1429 3149 1495 3217 τῇ
1525 3149 1774 3219 διηγήσει
1798 3147 1922 3218 πρό-

2035 3157 2115 3201 tra
2153 3147 2380 3200 Arium:
2413 3146 2532 3200 Non
2559 3161 2742 3200 rerum
2782 3156 3090 3199 creatarum
3123 3159 3286 3197 causa
3317 3143 3457 3196 dixit
3485 3142 3602 3195 Sal-

365 3253 528 3303 φασιν
556 3235 776 3305 ἐφεξῆς,
800 3235 1064 3304 δευτέραν
1098 3235 1153 3288 δὲ
1180 3237 1278 3305 τὴν
1317 3236 1641 3290 ’Λθανασίου
1667 3238 1756 3290 τοῦ
1783 3238 1928 3291 θείου

366 3330 547 3398 ῥῆσιν,
583 3328 651 3399 ἢν
688 3328 1090 3396 εὐσεϐεστάτην
1122 3328 1510 3397 ἀναμφιϐόλως
1536 3324 1701 3383 οὖσαν
1733 3332 1814 3392 είς
1836 3347 1933 3381 πο-

365 3421 580 3482 λυθεῖας
632 3420 793 3482 αὐτὸς
831 3419 1091 3472 ὑπόθεσιν
1121 3421 1498 3489 μετενηνοχεν.
1549 3421 1698 3490 Ἔφη
1735 3423 1843 3489 γὰρ
1875 3420 1931 3471 ἐν

364 3514 430 3580 τῇ
470 3509 606 3578 πρὸς
652 3508 869 3574 Ἀρειον
927 3505 1158 3572 διαλέξει
1213 3505 1287 3568 ὡς
1337 3508 1434 3574 οὐχ
1466 3506 1654 3560 ἕνεκεν
1694 3508 1930 3562 κτιστῶν

363 3599 706 3670 πραγμάτων
739 3597 842 3665 ἔφη
867 3598 893 3650 6
916 3597 1126 3667 Σωτήρ,
1163 3615 1181 3647 ι
1217 3597 1400 3652 Πάντα
1416 3600 1513 3650 ὅσα
1548 3599 1662 3668 ἔχει
1693 3601 1720 3651 6
1745 3601 1932 3670 Πατὴρ

2028 3247 2219 3293 vator:
2275 3239 2498 3294 «Omnia
2546 3253 2666 3307 qua:
2695 3238 2855 3292 Pater
2902 3237 3086 3298 habet,
3123 3252 3240 3290 mea
3273 3245 3452 3300 sunt,»
3505 3234 3601 3289 sed

2030 3345 2151 3399 quae
2177 3329 2367 3383 deitati
2409 3328 2587 3382 Patris
2622 3327 2899 3390 attribuit,
2952 3341 3016 3380 ea
3056 3326 3284 3395 prOpria
3320 3325 3458 3378 dixit
3491 3326 3601 3378 Do-

2033 3423 2232 3484 minus,
2268 3423 2417 3474 velut
2446 3417 2880 3487 incorruptibile,
2909 3414 3267 3479 immutabile,
3301 3415 3598 3476 inﬁnitum,

2032 3512 2403 3580 omnipotens,
2445 3509 2760 3577 providens,
2785 3514 2841 3560 et
2871 3521 3213 3576 quaecunque
3245 3513 3372 3560 sunt
3403 3504 3600 3566 Patris,

2032 3602 2220 3654 eadem
2253 3599 2473 3668 propria
2509 3599 2629 3652 Filii
2655 3605 2802 3651 sunt.

364 3697 471 3762 ἐμά
500 3697 670 3746 ἐστιν.
713 3711 732 3745 ι
797 3690 935 3742 Ἀλλ’
1004 3690 1106 3741 ὃσα
1175 3691 1346 3757 ἀνῆκε
1373 3695 1439 3758 τῇ
1484 3690 1696 3759 θεότητι
1743 3692 1837 3744 τοῦ
1881 3692 2115 3759 Πατρὺς,
2185 3693 2360 3767 ταῦτα
2397 3691 2503 3744 ἴδια
2567 3691 2669 3759 ἔφη
2711 3691 2738 3741 6
2793 3689 3016 3759 Κύριος,
3063 3689 3173 3744 οἷον
3208 3691 3268 3743 τὸ
3302 3691 3602 3759 ἄφθαρτον,

362 3790 420 3839 τὸ
459 3789 746 3856 ἄτρεπτον,
780 3785 840 3838 τὸ
902 3780 1308 3854 ἀκατάληπτον,
1370 3785 1430 3837 τὸ
1465 3785 1710 3850 δυνατὸν,
1741 3786 1801 3838 τὸ
1861 3787 2288 3853 προγνωστικὸν.
2355 3785 2464 3836 Kal.
2514 3785 2612 3835 ὅσα
2667 3785 2812 3835 ἐστὶν
2837 3785 2864 3836 6
2901 3786 3111 3855 Πατήρ,
3146 3784 3318 3835 ταῦτα
3357 3786 3464 3836 ἴδια.
3509 3781 3603 3834 τοῦ

365 3884 495 3936 Υίοῦ
536 3881 815 3948 τυγχάνει.

433 4067 510 4120 B'.
547 4065 691 4136 Πρὸς
716 4063 846 4132 γοῦν
886 4062 1088 4133 φιλίου,
1154 4061 1400 4132 βέλτιστε
1448 4062 1793 4130 Ἀγαθὸνικε,
1849 4063 1926 4132 μὴ

366 4157 598 4229 ζημιοῦν
637 4157 796 4222 ἀξίου
831 4173 896 4224 με
926 4155 1014 4208 τὸν
1044 4155 1198 4224 φίλον
1221 4153 1364 4206 οὕτω
1396 4154 1681 4223 βελτίστην
1724 4155 1927 4223 ἀκρόα-

367 4265 472 4310 σιν,
528 4246 771 4316 σχήματι
806 4245 1032 4298 εὐλαὸεἰ
1083 4245 1144 4297 16
1201 4246 1448 4314 ῥᾴθυμον
1502 4244 1928 4313 ὁπωσδήποτοῦν

365 4337 850 4406 ὑποκοριζόμενος,
878 4335 952 4398 ὼς
981 4334 1084 4388 κάν
1108 4333 1322 4397 πολλοῖς
1344 4333 1558 4398 είώθεις
1576 4336 1749 4386 ἐνίοτε
1773 4335 1926 4404 δρᾷν.

375 4429 518 4496 Ὀρῶ
548 4428 659 4497 γάρ
695 4443 753 4478 σε
787 4428 923 4496 πρὸς
964 4424 1129 4496 ἔτερα
1157 4426 1359 4496 τρόπον
1383 4425 1507 4477 τινὰ
1539 4425 1629 4476 τὸν
1657 4423 1782 4477 νοῦν
1829 4441 1928 4477 πε-

2102 4062 2258 4134 35]
2286 4062 2351 4116 ll.
2379 4061 2598 4126 Precor,
2627 4060 2833 4130 optimc.
2873 4059 3229 4130 Agathonice,
3259 4074 3323 4114 ne
3356 4076 3442 4114 me
3466 4062 3603 4114 a'ni-

2035 4172 2157 4212 cum
2187 4154 2437 4223 castiges,
2465 4153 2673 4223 optimo
2701 4167 2952 4206 sermone
2984 4167 3082 4220 per
3119 4151 3341 4204 nimiam
3377 4163 3603 4205 cuncta~

2036 4250 2236 4302 tionem
2286 4245 2466 4298 obiter
2538 4252 2746 4296 tantum
2817 4241 3252 4312 perstringendo,
3313 4251 3373 4295 ut
3417 4243 3602 4296 multis

2035 4339 2362 4409 quibusdam
2397 4337 2519 4389 aliis
2552 4336 2729 4390 facere
2760 4335 3030 4388 interdum
3075 4335 3236 4388 soles.
3278 4333 3411 4388 Nam
3444 4334 3603 4388 video

2037 4441 2272 4486 mentem
2319 4441 2462 4483 tuam
2502 4429 2555 4480 in
2588 4427 2870 4481 adversam
2906 4435 3112 4496 partem
3158 4426 3472 4480 distractam
3505 4435 3561 4478 et
3587 4469 3600 4487 ,

368 4519 716 4590 ρισπώμενον
745 4520 839 4571 καὶ
865 4519 988 4571 ὅσον
1011 4518 1230 4571 εἰκάσαι
1257 4516 1534 4588 λογισμῶν
1570 4517 1922 4570 πολυπλόκων

2034 4534 2296 4592 quantum
2343 4521 2596 4591 conjicio,
2633 4521 2904 4574 variarum
2941 4521 3158 4590 plenam
3207 4520 3603 4590 cogitationum

303 4626 312 4632 ’
365 4614 572 4683 μεστὸν
603 4614 704 4683 τὴν
737 4613 933 4682 ὀφρύν.

436 4705 513 4758 Γ’.
559 4705 722 4772 Ἐμὸν
753 4706 902 4757 τουτὶ
927 4703 1119 4766 πάθος,
1153 4697 1196 4756 ὦ
1224 4704 1343 4770 φίλε
1374 4703 1624 4770 Θεότιμε,
1655 4707 1749 4752 καὶ
1789 4700 1930 4754 πάνυ

363 4816 426 4865 γε
455 4798 694 4866 ἄχθομαι
731 4795 807 4864 τῷ
837 4795 1242 4865 συμϐεόηκὸτιο
1269 4796 1333 4865 ll.
1373 4795 1472 4850 166
1509 4793 1583 4860 r.]
1613 4793 1766 4846 ἔοικα
1821 4794 1930 4863 γάρ

365 4908 480 4951 πως
511 4888 1089 4956 ἀγνοοῦντι.πολλάκις
1133 4889 1228 4940 καὶ
1254 4881 1363 4939 οἷον
1415 4885 1513 4938 οὐκ
1555 4887 1800 4938 ὲπαΐοντι
1857 4878 1930 4937 ὧν

364 4981 537 5032 ἐνίοτε
581 4978 789 5048 ὁμιλεῖν
833 4997 924 5048 μοι
988 4979 1340 5046 προσγίνεται
1379 4977 1549 5046 λήθης
1598 4978 1928 5047 ἐξορχουμέ-

364 5085 462 5136 ’.ης
496 5067 570 5130 ὡς
608 5068 676 5120 τά
713 5066 885 5118 πολλά
914 5067 1052 5117 κατὰ
1081 5064 1176 5116 τοῦ
1219 5064 1613 5131 φανταστικοῦ,
1649 5064 1676 5116 ὃ
1723 5067 1815 5117 καὶ
1849 5064 1931 5134 βι-

364 5159 516 5211 ϐλίον
551 5159 716 5228 φασὶν
746 5160 793 5210 oi
830 5158 986 5226 σοφοὶ
1015 5158 1116 5224 τῆς
1142 5154 1342 5224 ψυχῆς.
1375 5156 1464 5208 At?)
1497 5158 1591 5208 καὶ
1641 5157 1772 5225 πρὸς
1833 5159 1930 5219 τὰς

365 5251 466 5311 ait;
508 5251 585 5302 ἔτι
617 5246 903 5313 διεξιόντος
934 5248 1496 5318 παρασκευαζόμενος
1529 5249 1780 5312 πεύσεις,
1808 5251 1932 5302 ἀνε-

362 5340 664 5408 λογιζόμην
687 5356 747 5390 τε
777 5341 870 5390 καὶ
900 5340 1136 5406 συνῆγον
1170 5339 1269 5390 ὅσα
1317 5338 1377 5408 δὴ
1418 5339 1516 5406 τὴν
1580 5340 1802 5407 μνήμην
1838 5338 1931 5402 ⁵ἒξιει

365 5435 653 5504 περιέρρει
681 5433 886 5500 κύκλῳ,
919 5432 1013 5483 καὶ
1049 5431 1221 5483 ὁπόσα
1249 5431 1456 5500 ταύτης
1500 5427 1566 5484 αὖ
1610 5431 1931 5501 παρερρυή-

363 5543 451 5578 κει
479 5525 671 5598 πὸῥρω
694 5526 787 5578 τοῦ
823 5525 1084 5594 βήματος,
1107 5526 1239 5587 ἴσως
1267 5525 1508 5594 μείζοσιν
1541 5525 1720 5585 ἄλλοις
1750 5542 1929 5593 παρα-

361 5617 682 5688 χωροῦντα·
725 5618 823 5669 καὶ
863 5617 1004 5670 τοῦτ’
1043 5613 1110 5687 ἦν
1135 5620 1162 5670 ὃ
1191 5636 1283 5686 μοι
1325 5617 1421 5686 τὴν
1461 5617 1555 5669 τοῦ
1608 5618 1772 5688 ἤθους
1795 5617 1934 5676 τέως

365 5709 540 5760 ἐποίει
567 5707 928 5776 παράλλαξιν.
965 5709 1130 5762 Ὅθεν
1168 5712 1259 5760 καὶ
1285 5709 1450 5778 άλλης
1502 5709 1559 5774 ιε
1591 5710 1752 5762 ἄλλου
1797 5727 1934 5776 φαν-

364 5802 560 5863 τασίας
596 5803 730 5870 ἡμῖν
765 5800 1187 5872 ὀπωσδητιοτοῦν
1218 5801 1600 5873 ἀθροισθείσης
1648 5802 1784 5871 πρὸς
1816 5803 1932 5854 ἔδα-

2033 4613 2288 4666 frontem.

2102 4705 2189 4757 lli.
2233 4704 2342 4758 lloc
2395 4704 2524 4757 mihi
2563 4704 2847 4766 accidisse,
2885 4704 3215 4758 amicissime
3264 4704 3558 4760 Theotime
3588 4747 3602 4768 ,

2031 4799 2258 4851 moleste
2290 4798 2435 4856 fero;
2463 4797 2520 4849 lit
2541 4797 2687 4848 enim
2719 4795 2918 4864 quibus
2949 4796 3213 4849 intersum
3241 4804 3297 4847 ut
3331 4811 3474 4865 saepe
3497 4812 3607 4849 non

2031 4887 2468 4949 animadvertere
2515 4903 2694 4955 neque
2738 4888 2930 4941 audire
2967 4888 3175 4952 videar,
3225 4888 3354 4940 dum
3402 4889 3608 4942 oblivio

2031 4979 2201 5031 multa
2235 4979 2459 5046 depellit
2488 4994 2518 5032 e
2556 4980 2840 5042 memoria,
2869 4996 3027 5048 quam
3064 4980 3229 5033 animi
3264 4980 3461 5032 librum
3491 4981 3611 5048 phi-

2032 5069 2245 5136 losophi
2283 5068 2494 5123 dicunt.
2554 5069 2920 5134 Quamobrem
2973 5070 3038 5122 ad
3091 5070 3421 5138 quaestiones
3475 5084 3610 5136 quas

2033 5160 2349 5230 prol'crebas
2381 5168 2643 5224 attentus,
2669 5161 3059 5214 concludebam
3098 5161 3239 5228 apud
3278 5175 3363 5213 me
3398 5171 3451 5214 et
3479 5177 3611 5211 con-

2034 5253 2269 5307 ferebam
2309 5267 2430 5321 quae
2460 5268 2559 5320 per
2591 5255 2906 5306 memoriam
2940 5252 3181 5320 dispersa
3216 5263 3373 5306 erant
3405 5263 3459 5304 et
3489 5267 3610 5319 qme

2033 5345 2154 5396 aliis
2184 5344 2324 5396 forte
2354 5353 2408 5396 et
2438 5345 2783 5410 gravioribus
2809 5353 3108 5396 cesserant.
3165 5343 3277 5395 lloe
3306 5351 3427 5396 crat
3466 5341 3610 5407 quod

2034 5435 2275 5485 animum
2323 5448 2501 5485 meum
2537 5433 3027 5487 mutaveratUmle
3057 5447 3180 5486 cum
3218 5433 3323 5484 alia
3354 5430 3513 5483 nobis
3543 5443 3611 5483 ex

2035 5523 2136 5576 alia
2201 5525 2478 5591 cogitatio,
2548 5533 2606 5576 ut
2672 5524 2828 5587 solet,
2883 5525 2936 5576 in
2988 5534 3224 5577 mentem
3275 5521 3608 5591 pervenerit,

2035 5617 2163 5671 licet
2215 5617 2312 5670 tibi
2366 5617 2634 5684 reliquum
2678 5616 2944 5670 orationis
3003 5625 3340 5670 momentum
3409 5611 3602 5666 videre

2037 5711 2102 5761 ad
2150 5709 2485 5761 voluntatem
2543 5717 2688 5760 tuam
2736 5707 2910 5760 ιρι-ειη
2965 5722 3170 5760 moram
3237 5714 3612 5757 removentcm

2041 5817 2184 5857 nunc
2219 5801 2362 5856 sicut
2393 5807 2573 5866 antea,
2610 5809 2917 5869 promptam
2951 5813 3082 5854 vero
3106 5803 3290 5866 aperte
3341 5794 3610 5864 recipien-
