4046 6290
1682 211 1722 239 κ

425 364 531 427 31ζῖ

1379 372 1825 433 ΒΥΖΑΝΤΙΝᾸΞ
1866 372 2251 434 HISTORLE
2295 380 2449 439 LIB.
2491 380 2711 439 XXXI.

3549 384 3653 449 314

422 483 606 549 λέγειν
627 479 770 537 εἶναι
797 484 1052 540 σύνθετον
1076 487 1136 540 τὸ
1165 488 1344 552 Θεῖον,
1379 489 1502 559 μηδ’
1533 492 1597 543 ἐκ
1649 489 1858 543 πολλῶν
1886 490 1980 541 καὶ

2098 493 2150 546 ια
2187 494 2410 547 verbum
2445 495 2776 563 respondere
2799 495 3033 562 videtur,
3065 495 3158 551 sed
3182 497 3343 551 aliam
3375 497 3658 567 ingressus

421 570 698 639 διαφόρων
757 575 1138 641 συγκείμενον,
1197 576 1233 629 ἃ.
1288 575 1427 646 ἦσαν
1484 580 1546 630 τὸ
1604 579 1878 641 ἀκτιστον,
1922 577 1982 630 τὸ

422 662 684 731 ἄναρχον,
722 664 785 715 τὸ
838 665 1254 736 δημιουργικὸν,
1317 669 1378 720 τὸ
1407 670 1848 740 ἀπερίγραπτον,
1888 670 1982 722 καὶ

420 754 522 806 ὅσα
546 753 816 821 δήπουθεν
856 757 903 808 οἱ
931 755 1075 825 ἀμφὶ
1107 758 1198 810 τὸν
1249 760 1510 830 Παλαμᾶν
1556 761 1730 814 πολλά
1763 777 1822 812 τε
1885 761 1983 812 καὶ

422 844 662 910 διάφορα
694 845 759 895 τὰ
789 845 1018 896 ἄκτιστα
1055 847 1143 898 ἐπὶ
1167 850 1232 917 τῇ
1271 849 1407 920 μόνῃ
1441 849 1678 919 ἀκτίστῳ
1715 850 1807 902 καὶ
1834 849 1982 919 ἁπλῇ

428 935 856 1004 συναριθμοῦσιν
909 937 1085 1008 οὐσίᾳ.
1125 941 1190 992 '0
1238 939 1294 991 δὲ
1328 941 1548 1009 λέληθεν
1601 942 1796 994 ἑαυτὸν
1841 942 1985 994 δυοῖν

425 1028 780 1093 περιπίπτων
809 1030 1048 1091 ἀτόποις.
1106 1031 1243 1084 Οὔτε
1291 1031 1399 1102 γὰρ
1454 1033 1606 1085 οὐδὲν
1659 1033 1796 1101 πρὸς
1856 1033 1986 1094 ἔπος

424 1119 570 1172 ἔοικε
597 1118 806 1187 λέγειν,
841 1122 956 1174 ἀλλ’
997 1123 1166 1193 ἀλλην
1218 1127 1433 1195 τρέχων
1487 1125 1654 1192 ἄλλην
1687 1126 1750 1197 [ί.
1801 1126 1902 1178 167
1933 1125 1985 1197 ν]

425 1211 706 1276 ἐϐάδισεν,
736 1212 859 1264 οὕτε
914 1216 963 1266 εί
1002 1215 1312 1282 ἀντιλέγειν
1368 1217 1642 1278 ὲόούλετο,
1683 1216 1781 1278 τάς
1821 1217 1987 1285 ὁμόσε

427 1302 812 1372 προσηκούσας
886 1304 1185 1370 ἀντιθέσεις
1240 1308 1568 1377 ἐπήνεγκεν,
1641 1308 1756 1360 ἀλλ’
1801 1309 1990 1376 ὅμοιον

428 1401 571 1448 ποιεῖ
611 1397 800 1468 ὥσπερ
845 1399 911 1452 ἂν
946 1400 994 1452 εί
1021 1400 1118 1470 τὴν
1165 1401 1300 1471 πρὸς
1347 1400 1422 1454 ἔω
1467 1400 1576 1454 τῶν
1605 1417 1666 1453 τε
1716 1401 1988 1454 Αἰθιόπων

429 1490 521 1541 καὶ
547 1489 728 1541 Ἰνδῶν
788 1491 964 1542 εἰπεῖν
1007 1491 1410 1560 ἀπαιτούμενος
1463 1493 1696 1560 οἴκησιν,
1765 1493 1793 1544 ὁ
1829 1491 1872 1544 δ’
1925 1494 1989 1544 ὲκ

427 1579 722 1645 διαμέτρου
753 1577 882 1638 τοὺς
920 1577 1214 1646 ἑσπερίους
1261 1581 1524 1648 ἐπειρᾶτο
1553 1581 1825 1632 δεικνύειν
1853 1581 1990 1633 Κελ-

428 1667 704 1730 τοὺς,καὶ
736 1667 996 1720 exon
1057 1667 1336 1738 Βρετανῶν
1396 1670 1782 1736 προσοικοῦσιν
1838 1671 1988 1738 ἔθνη.

434 1759 543 1810 Ποῦ
576 1759 680 1828 γάρ
720 1758 750 1827 ἢ
782 1759 1074 1820 ἀκόλουθος
1109 1761 1142 1829 ἢ
1175 1763 1450 1824 ἀντίθετος
1491 1764 1524 1832 ἡ
1574 1763 1728 1825 λύσις
1765 1763 1900 1832 πρὸς
1929 1764 1989 1815 τὸ

430 1849 716 1920 προτεθὲν,
745 1851 826 1903 ὅτι
853 1852 911 1902 τὸ
944 1853 1008 1903 ὲκ
1032 1851 1242 1905 πολλῶν
1294 1854 1390 1906 καὶ
1452 1855 1726 1927 διαφόρων
1772 1856 1990 1923 συγκεί-
2019 1837 2061 1892 Β

435 1955 596 2006 μενον
653 1939 905 1992 σύνθετόν
954 1942 1124 2005 ἐστιν,
1159 1942 1224 2012 ἢν
1267 1943 1428 2006 αὐτὸς
1477 1946 1691 2013 ὲπάγει,
1735 1945 1878 2012 λέγω
1925 1945 1992 2015 δὴ

430 2034 529 2098 τὴν
557 2031 946 2085 ἀναπίδεικεον
981 2033 1257 2100 ἀπόδειξιν
1315 2036 1412 2088 καὶ
1456 2038 1557 2106 τὴν
1614 2036 1994 2090 ἀκατάσκευον

432 2123 781 2192 κατασκευὴν
834 2125 1056 2177 καὶτὸν
1119 2126 1514 2195 ἀσυλλόγιστον
1608 2128 1992 2197 συλλογισμὸν,

437 2211 639 2280 μᾶλλον
668 2213 714 2264 δ’
739 2213 941 2282 ἀμεσόν
989 2232 1048 2267 τε
1109 2217 1204 2269 καὶ
1252 2219 1651 2289 διεσπασμένον
1713 2220 1998 2289 συμπέρα-

436 2319 578 2372 σμα;
627 2305 778 2369 Ἐπε)
807 2306 938 2376 γὰρ,
965 2308 1118 2377 φησὶ,
1159 2310 1257 2377 μία
1288 2309 1383 2362 καὶ
1417 2309 1635 2381 ἀμερὴς
1663 2312 1698 2375 ἡ
1719 2309 1812 2363 τοῦ
1859 2309 1995 2362 Θεοῦ

431 2395 614 2458 οὐσία,
640 2398 778 2450 κατά
807 2399 1072 2453 πλειόνων
1103 2401 1212 2470 ἄρα
1248 2401 1406 2454 εἰδῶν
1431 2403 1527 2456 καὶ
1550 2404 1751 2458 οὐσιῶν
1779 2404 1920 2456 εἰσιν
1938 2405 1994 2456 αἱ

432 2488 708 2558 διαφοραί.
735 2487 863 2560 'Ap‘
885 2493 946 2544 οὑ
971 2495 1311 2563 Δημοκρίτου
1341 2496 1424 2548 δεῖ
1447 2496 1514 2549 τά
1566 2495 1811 2560 τοιαῦτα,
1849 2497 1994 2548 πάνυ

435 2579 702 2646 γελῶντος
725 2581 822 2652 τὴν
847 2582 940 2636 τοῦ
973 2584 1166 2654 ἀνδρὸς
1220 2586 1482 2654 ἀμαθίαν,
1517 2587 1548 2657 ἢ
1589 2589 1791 2655 μᾶλλον
1825 2589 1999 2658 Ἥρα-

446 2671 658 2723 κλείτου
697 2671 1021 2740 θρηνοῦντος
1043 2675 1139 2745 τὴν
1160 2677 1326 2728 αὐτοῦ
1369 2695 1430 2744 γε
1461 2679 1754 2744 ἁπόνοιαν;
1788 2679 1998 2731 Τοσαύ-

443 2780 542 2831 της
577 2764 682 2830 γαρ
709 2764 743 2818 ἃ
773 2763 920 2832 λέγει
952 2767 1048 2834 τῆς
1103 2767 1326 2834 ἀλογίας
1389 2769 1570 2837 γέμει,
1623 2770 1696 2831 ὡς
1751 2772 1885 2839 μήτε
1921 2770 1998 2840 τῷ

437 2854 648 2920 λέγοντι
676 2856 912 2920 ξυνιέντι
940 2857 1076 2910 εἶναι
1106 2851 1180 2911 ὧν
1205 2859 1378 2926 λέγει,
1417 2862 1558 2930 μήτε
1597 2865 1706 2924 τοῖς
1735 2863 1996 2916 ἀκούουσι

439 2946 699 3008 ξυνιεῖσιν
727 2945 800 3000 ὦν
826 2949 1141 3004 ἀκούουσιν.
1176 2952 1293 3004 Ἵνα
1321 2955 1431 3022 γὰρ
1468 2953 1633 3007 τάλλα
1662 2957 1788 3025 σιγῇ
1823 2973 2000 3024 παρα-

435 3039 753 3107 ὃροὶμωμεν,
787 3039 908 3093 τίνα
960 3046 1248 3097 κοινωνίαν
1305 3044 1542 3097 ἐνταῦθα
1587 3046 1702 3113 ἔχει
1749 3048 1819 3098 τά
1872 3048 2000 3100 νόθα

437 3129 597 3182 ταυτὶ
631 3133 724 3181 καὶ
769 3131 1001 3201 διάφορα
1053 3135 1161 3186 τῶν
1221 3135 1388 3188 αὑτοῦ
1440 3140 1761 3206 προτάσεων
1809 3139 1995 3208 ἀμαθῆ
2023 3170 2066 3227 C

439 3222 887 3291 συμπεράσματα
917 3225 1054 3292 πρὸς
1103 3227 1197 3288 τὰς
1243 3227 1602 3296 προτεθείσας
1654 3232 1841 3298 ῥήσεις
1902 3231 1996 3282 τοῦ

439 3312 630 3378 ἀγίου;
674 3312 734 3364 Ὀ
762 3313 806 3365 δ’
836 3315 1052 3376 ὲκείνας
1082 3317 1412 3387 ζητούμενος
1445 3323 1604 3373 ταυτὶ
1630 3322 1988 3390 συνεπέρανε,

438 3405 957 3473 παραπαιδαγωγῶν
995 3409 1091 3460 καὶ
1120 3408 1520 3479 μεθαρμόττων
1547 3412 1762 3474 ἀσεϐῶς
1799 3414 1880 3475 είς
1909 3416 1999 3465 τὸν

438 3492 638 3542 οἰκεῖον
691 3491 786 3559 τῆς
844 3493 1083 3560 ἀμαθίας
1113 3496 1379 3566 κρημνὸν.
1437 3497 1610 3550 Βαὸαὶ
1653 3499 1753 3566 τῆς
1807 3501 2001 3567 καινῆς

440 3585 748 3652 ἐπιστήμης
775 3584 984 3653 καὶτῆς
1013 3603 1073 3652 γε
1099 3586 1206 3641 τῶν
1231 3591 1442 3659 φρενῶν
1474 3591 1797 3662 λεπτότητος
1821 3596 1834 3647 ι
1867 3595 2002 3647 Καί-

438 3692 522 3726 τοι
546 3677 592 3725 εξ
631 3676 936 3743 ἀντιλέγειν
969 3677 1226 3733 ἐϐούλετο
1260 3681 1536 3754 ἄντικρυς,
1567 3686 2002 3755 φιλονεικότερον

443 3765 546 3830 μὲν
581 3764 731 3829 ἴσως,
767 3765 1198 3836 ὲλλογιμώτερον
1230 3768 1274 3820 δ’
1303 3765 1417 3834 οὖν,
1449 3773 1498 3824 εἰ
1546 3774 1640 3825 καὶ
1696 3775 1772 3844 μὴ
1799 3774 1998 3842 ὀρθῶς,

438 3851 593 3906 εἶπεν
621 3855 686 3907 ἂν
721 3856 812 3908 καὶ
837 3857 998 3920 αὐτὸς
1024 3857 1059 3911 ἃ
1088 3859 1348 3922 πολλάκις
1386 3861 1519 3916 ἔνιοι
1563 3865 1660 3933 τῆς
1692 3864 1756 3936 [ί.
1793 3865 1892 3918 168
1923 3865 1999 3938 r.]

442 3947 720 4016 μοχθηρᾶς
753 3949 917 4002 αὑτοῦ
959 3952 1191 4022 φατρίας
1246 3953 1574 4020 προῦτειναν
1608 3959 1686 4020 εἰς
1726 3959 2002 4010 ἀντίθεσιν

441 4042 669 4110 ῥήματα
695 4039 786 4092 τοῦ
818 4042 973 4108 ἀγίου
1003 4043 1168 4097 αὐτοῦ
1199 4046 1341 4098 κατὰ
1379 4047 1486 4099 τῶν
1521 4047 1687 4100 αὐτοῦ
1745 4049 2002 4120 (δεδόχθω

439 4134 552 4202 γὰρ
579 4132 661 4194 ἂν,
693 4126 773 4194 οἷς
794 4133 1072 4196 ἀσυνέτως
1104 4135 1346 4202 μετιέναι
1390 4136 1592 4196 ἔπεισι.
1643 4137 1816 4191 ταῦτα
1853 4142 2002 4192 ἀντί-

442 4223 590 4274 παλα
631 4218 770 4274 εἶναι
802 4221 1052 4290 ἀλλήλοις
1101 4223 1350 4296 ἄλληλα),
1393 4226 1579 4279 ἐκεῖνα
1637 4228 1701 4300 δή
1734 4246 1878 4298 φημι
1935 4230 2003 4284 τά

445 4312 712 4381 περὶτῶν
759 4311 853 4364 τοῦ
895 4313 1130 4383 Χριστοῦ
1182 4315 1274 4367 δύο
1331 4316 1547 4384 φύσεων
1602 4319 1678 4386 τῷ
1731 4321 1870 4391 ἀγίῳ
1917 4322 2004 4375 λε-

443 4410 659 4478 χθέντα.
688 4408 822 4462 Τίνα
848 4409 910 4476 δὴ
939 4407 1147 4474 ταῦτα;
1185 4410 1423 4463 Ἀνωθεν
1457 4413 1564 4483 γάρ
1587 4413 1897 4485 ἀρξάμενος
1911 4419 2006 4470 καὶ

2082 585 2225 637 viam
2264 585 2424 638 aliam
2457 586 2729 653 sequitur,
2757 602 2857 640 nec
2879 587 2924 641 si
2955 589 3346 642 contradicere
3376 589 3530 651 velit,
3555 606 3657 659 op-

2084 676 2386 746 positiones
2416 677 2482 730 ad
2521 693 2634 730 rem
2682 679 2928 732 eamdem
2965 680 3301 747 pertinentes
3343 680 3521 741 aﬁ‘ert,
3559 681 3653 733 sed

2085 768 2264 822 simile
2286 768 2416 826 facit
2447 786 2509 823 ac
2530 771 2573 822 si
2600 771 2661 823 ad
2690 771 2955 826 orientem
2980 771 3299 840 [Ethiopum
3323 783 3378 826 et
3399 772 3655 824 ludorum

2084 875 2335 929 quaerens
2363 861 2774 927 habitationem,
2800 864 2912 930 ipse
2933 879 2964 916 e
2987 865 3259 916 contrario
3285 865 3656 918 occidentales

2087 951 2245 1004 vellet
2289 954 2579 1004 ostendere
2613 950 2792 1005 Celtas
2812 962 2862 1005 et
2893 951 3375 1028 qttaa.Britanniant
3403 951 3654 1004 incolunt

2086 1051 2295 1109 gentes.
2331 1040 2617 1106 Quomodo
2644 1043 2789 1094 enim
2828 1052 2919 1096 ant
2951 1057 3293 1109 consequens
3322 1049 3409 1094 est
3437 1052 3531 1094 ant
3560 1057 3656 1108 op-

2086 1135 2261 1203 posita
2296 1134 2497 1187 solutio
2537 1135 2602 1187 ad
2638 1135 2997 1202 propositum.
3021 1137 3163 1202 quod
3196 1135 3382 1188 multis
3407 1143 3461 1187 et
3490 1134 3658 1185 variis

2087 1225 2454 1286 cmitiueatur,
2488 1225 2539 1277 id
2575 1240 2694 1278 esse
2730 1226 3111 1292 compositum,
3137 1225 3279 1292 quod
3315 1224 3430 1292 ipse
3472 1223 3656 1284 aﬁ'crt.

2087 1316 2211 1369 dico
2236 1316 2761 1384 argumentationem
2789 1316 2934 1368 illam
2965 1315 3083 1368 sine
3111 1325 3457 1383 argumento,
3485 1321 3655 1366 artem

2087 1408 2206 1460 sine
2231 1419 2368 1469 arte,
2396 1406 2769 1459 irrationalem
2802 1405 3300 1464 ratiocinationem,
3332 1405 3450 1457 sine
3476 1402 3659 1455 medio

2087 1506 2143 1551 et
2172 1498 2560 1567 conjunctione
2591 1496 3033 1550 conclusionem?
3061 1496 3196 1549 Cum
3226 1495 3371 1546 enim
3406 1509 3510 1546 una
3533 1532 3546 1554 .
3579 1495 3662 1550 ing-

2089 1589 2246 1656 quit,
2281 1597 2336 1642 ct
2380 1587 2616 1640 indivisa
2683 1597 2764 1642 est
2808 1588 2902 1642 Dei
2960 1589 3218 1648 essentia,
3263 1587 3450 1654 plures
3495 1585 3661 1653 igitur

2091 1679 2276 1734 former
2308 1688 2363 1732 et
2396 1683 2647 1735 essentia:
2691 1679 2931 1734 efﬁciunt
2963 1681 3273 1733 varietates.
3315 1677 3504 1731 Nonne
3534 1675 3660 1728 talia

2091 1771 2249 1839 digna
2272 1770 2575 1824 Democrito
2598 1771 2689 1838 qui
2717 1771 3004 1824 cavillatur
3023 1769 3662 1838 hominisignorantiam,

2093 1870 2189 1915 aut
2231 1863 2414 1929 potius
2447 1862 2740 1926 Heraclito,
2777 1862 2869 1929 qui
2897 1863 3015 1931 ejus
3048 1861 3344 1914 amentiam
3377 1857 3664 1927 deplorat?

2092 1953 2243 2007 Adeo
2273 1953 2418 2006 enim
2460 1968 2520 2004 ea
2554 1968 2674 2020 quae
2704 1953 2948 2018 loquitur
2990 1953 3235 2006 stultitiae
3280 1952 3436 2018 plena
3491 1956 3662 2010 sunt,

2101 2056 2162 2099 ut
2199 2059 2298 2097 nec
2326 2044 2416 2112 qui
2469 2043 2713 2111 loquitur
2764 2043 3029 2111 intelligat
3077 2060 3198 2111 qua:
3244 2043 3511 2110 loquitur,
3566 2054 3665 2092 nec

2094 2138 2185 2206 qui
2214 2137 2438 2190 audiunt
2474 2136 2780 2203 intelligant
2808 2151 2930 2204 qnze
2958 2135 3200 2188 audiant.
3229 2134 3360 2187 Nam
3387 2140 3660 2185 utczetera

2095 2228 2316 2283 silentio
2348 2237 2735 2295 prattereamus
2756 2268 2770 2288 ,
2804 2227 3019 2294 qualem
3069 2224 3509 2293 conjunctionein
3560 2222 3660 2273 Ita-

2097 2320 2229 2374 bent
2277 2319 2408 2372 falsa
2442 2327 2495 2371 et
2526 2317 2892 2384 discrepantia
2926 2316 3046 2384 ejus
3082 2313 3519 2383 propositionum
3573 2313 3662 2364 in-

2097 2414 2256 2468 docte
2284 2412 2539 2466 conclusa
2560 2411 2623 2463 ad
2656 2408 2814 2478 355
2832 2406 3238 2476 proposita.viri
3263 2405 3430 2459 sancti
3456 2403 3620 2457 verba
3642 2403 3666 2454 ?

2096 2505 2220 2559 Illas
2255 2503 2401 2556 enim
2434 2502 2768 2571 quaesiturus
2799 2501 2913 2553 haec
2953 2500 3117 2566 impie
3150 2498 3204 2551 in
3245 2499 3482 2565 propriae
3514 2495 3667 2563 igno-

2100 2595 2287 2648 rantiae
2319 2594 2628 2662 voraginem
2674 2592 2894 2646 seduxit
2927 2591 3358 2657 transvexitque.
3389 2588 3432 2642 0
3466 2600 3662 2640 novam

2098 2686 2406 2742 doctrinam
2439 2693 2494 2738 et
2543 2684 2743 2752 ingenii
2774 2682 3166 2736 acrimoniam!
3201 2679 3364 2747 Atqui
3393 2678 3438 2732 si
3471 2685 3663 2731 contra

2097 2779 2269 2832 voluit
2288 2779 2493 2840 dicere,
2514 2775 2652 2830 forte
2674 2773 2960 2842 litigiosius
2986 2772 3228 2840 quidem,
3250 2780 3305 2824 at
3331 2769 3542 2823 doctius
3561 2766 3665 2821 etsi

2099 2888 2208 2926 non
2232 2881 2401 2932 recte,
2423 2867 2649 2921 dixisset
2673 2882 2793 2934 qua;
2815 2879 2956 2931 saepe
2989 2863 3237 2915 nonnulli
3269 2859 3528 2927 improba:
3555 2873 3667 2910 sua:

2100 2961 2279 3032 gentis
2306 2960 2358 3012 in
2389 2957 2788 3028 oppositionem
2821 2954 3170 3023 pretulerunt
3197 2953 3310 3020 ipsa
3338 2949 3510 3004 sancti
3545 2963 3667 3000 ver-

2103 3030 2189 3115 ba,
2218 3053 2381 3119 (quze.
2420 3051 2465 3103 si
2497 3049 2622 3117 quis
2667 3046 3043 3116 imprudenter
3075 3043 3229 3112 sequi
3263 3030 3426 3104 volet,
3457 3040 3665 3095 utinam

2102 3141 2243 3194 inter
2258 3155 2377 3195 sese
2402 3149 2644 3207 pugnare
2663 3138 2952 3192 videantur
2969 3134 3006 3206 ἓ)
3029 3134 3152 3189 dico
3164 3149 3226 3188 ea
3240 3149 3359 3202 quae
3373 3132 3441 3185 de
3458 3129 3666 3184 Christi

2101 3231 2315 3284 duabus
2345 3229 2554 3282 naturis
2582 3228 2726 3282 dicta
2766 3243 2796 3281 a
2827 3237 3018 3280 sancto
3065 3233 3210 3280 sunt.
3243 3223 3499 3288 Quaenam
3534 3219 3668 3272 illa?

2100 3321 2232 3376 Inde
2258 3322 2327 3375 ab
2359 3321 2518 3375 initio
2552 3319 2841 3388 incipiens,
2867 3318 3120 3372 oratione
3159 3314 3336 3369 doctis
3357 3322 3410 3366 et
3451 3311 3667 3379 religio-

2101 3413 2176 3468 sis
2221 3411 2785 3480 argumentationibus
2827 3410 3037 3462 intenta
3074 3407 3232 3461 divus
3262 3405 3512 3460 Joannes
3558 3402 3666 3454 Da-

2101 3518 2388 3558 mascenus
2417 3521 2430 3556 :
2466 3520 2482 3553 ι
2517 3503 2844 3556 Naturarum
2864 3500 3118 3564 duarum,
3143 3497 3340 3566 inquit,
3365 3495 3433 3548 ad
3463 3497 3668 3547 verita-

2103 3605 2210 3649 tem
2253 3595 2394 3647 inter
2422 3608 2481 3648 se
2524 3593 2577 3645 in
2611 3607 2773 3645 unam
2821 3589 2942 3644 Filii
2982 3589 3076 3643 Dei
3112 3602 3399 3658 personam
3435 3587 3669 3652 conjun-

2102 3693 2310 3736 ctarum
2339 3696 2555 3734 manere
2600 3679 2945 3734 essentialem
2976 3677 3339 3731 diﬁ‘erentiam
3379 3675 3670 3729 constitui.-

2103 3790 2243 3828 mus.
2265 3773 2395 3824 Nam
2417 3779 2659 3825 creatum
2686 3771 2884 3824 mansit
2913 3778 3180 3834 creatum,
3205 3770 3505 3821 increatum
3534 3781 3674 3817 vero

2104 3866 2426 3925 iucreatum,
2456 3863 2682 3916 mortale
2717 3861 2915 3915 mansit
2935 3861 3180 3924 mortale,
3206 3858 3510 3912 immortale
3536 3872 3675 3910 vero

2105 3955 2440 4015 immortale,
2482 3954 2692 4006 ﬁnitum
2727 3952 2982 4015 ﬁnitum,
3027 3951 3301 4004 inﬁnitum
3349 3949 3672 4012 inﬁnitum,

2107 4046 2318 4101 visibilc
2351 4044 2565 4097 visibile
2591 4082 2606 4107 ,
2642 4042 2922 4096 invisibile
2975 4041 3270 4094 invisibile.
3309 4059 3329 4091 ι
3384 4039 3450 4093 Et
3478 4039 3674 4107 paucis

2107 4138 2428 4208 interjectis,
2453 4155 2470 4186 ι
2503 4134 2714 4190 Scimus
2737 4136 2906 4194 enim,
2925 4132 3081 4195 dixit,
3100 4134 3242 4201 quod
3295 4139 3354 4184 ut
3415 4147 3520 4182 una
3548 4129 3669 4198 ejus

2105 4243 2359 4300 persona,
2421 4227 2494 4281 ita
2539 4223 2843 4279 essentialis
2897 4223 3058 4276 etiam
3113 4232 3433 4276 naturarum
3488 4219 3667 4272 varic-

2109 4331 2188 4376 tas
2244 4328 2448 4374 manet.
2482 4335 2499 4368 ι
2538 4312 2821 4383 Quomodo
2885 4323 3068 4366 autem
3137 4321 3352 4366 maneat
3428 4311 3672 4364 varietas.

2107 4429 2215 4468 non
2250 4409 2596 4465 manentibus
2636 4408 2702 4461 iis
2727 4423 2846 4476 quae
2892 4406 3210 4460 varietatem
3251 4402 3413 4472 356
3443 4402 3582 4456 inter
3611 4414 3673 4454 se

442 4499 769 4564 ἀποδείξεων
793 4501 1232 4569 ὲπιστημονικῶν
1263 4501 1358 4554 καὶ
1399 4501 1719 4574 θεοπρεπῶν
1758 4509 1848 4560 τὸν
1903 4510 1990 4569 λῶ

2098 4503 2334 4559 habent?
2367 4501 2547 4566 Vides,
2587 4510 2644 4554 ut
2674 4501 2831 4552 divus
2855 4499 3092 4552 Joannes
3128 4496 3492 4549 Damascenus
3531 4492 3673 4544 nihil

443 4609 542 4658 γον
581 4591 950 4659 ὲμπεπληκὼς
975 4594 1004 4644 ὁ
1025 4592 1162 4656 θεῖος
1191 4595 1398 4659 ἐκεῖνος
1420 4599 1782 4670 Δαμασκηνὸς
1823 4605 2003 4659 Ἰωάν-

445 4695 543 4748 νης
578 4677 676 4747 (1),
703 4695 721 4727 t
761 4674 873 4730 Εἶθ’
897 4678 1224 4747 ὲνωθεισῶν,
1257 4698 1274 4731 ι
1313 4683 1499 4751 φησὶν,
1527 4701 1545 4733 ‹
1574 4685 1837 4755 ἀλλήλαις
1864 4694 2004 4745 κατά

446 4768 706 4838 ἀλήθειαν
730 4768 836 4822 τῶν
860 4768 952 4822 δύο
983 4769 1198 4837 φύσεων
1225 4774 1306 4834 εἰς
1372 4775 1504 4841 μίαν
1563 4774 1862 4830 ὑπόστασιν
1908 4780 2004 4832 τοῦ

447 4860 580 4914 Υἱοῦ
602 4859 694 4912 τοῦ
733 4861 893 4924 Θεοῦ,
922 4862 1190 4925 σώζεσθαι
1220 4864 1400 4918 αὐτῶν
1453 4866 1552 4936 τὴν
1599 4868 1832 4938 οὑσιὼδη
1887 4871 2004 4923 δια-

447 4950 625 5018 φορὰν
652 4951 970 5019 ὀριζόμεθα.
1005 4952 1078 5005 Τὸ
1109 4955 1213 5023 γάρ
1267 4957 1485 5009 κτιστδν
1531 4959 1813 5028 μεμένηκε
1882 4979 2006 5015 κτι-

449 5041 572 5092 στδν
599 5042 692 5093 καὶ
715 5042 775 5093 τὸ
803 5042 1055 5094 ἄκτιστον
1085 5043 1363 5110 ἀκτιστον,
1394 5051 1486 5100 καὶ
1515 5049 1574 5101 τὸ
1600 5049 1791 5118 θνητὸν
1816 5050 2006 5120 ἔμεινε

449 5132 644 5198 θνητὸν
675 5137 767 5185 καὶ
798 5135 858 5184 τὸ
897 5135 1168 5188 ἀθάνατον
1196 5135 1490 5202 ἀθάνατον,
1522 5142 1618 5193 καὶ
1650 5143 1710 5194 τὸ
1741 5161 2011 5212 περιγρα-

449 5222 584 5273 πτὺν
609 5225 982 5293 περιγραπτὸν
1006 5231 1100 5280 καὶ
1130 5229 1191 5280 τὸ
1244 5229 1658 5300 ἀπερίγραπτον
1704 5236 2009 5305 ἀπερίγρα-

451 5328 610 5377 πτον,
647 5315 740 5365 καὶ
766 5316 826 5367 τὸ
860 5316 1054 5384 ὁρατὸν
1091 5318 1287 5386 ὁρατὸν
1318 5321 1412 5372 καὶ
1443 5321 1505 5372 τὸ
1550 5321 1780 5391 ἀόρατον
1841 5326 2010 5394 ἀόρα-

446 5419 562 5456 τον.
604 5421 623 5454 ι
681 5406 792 5457 Καὶ
833 5407 950 5476 μετ’
1007 5409 1184 5475 ὀλίγα,
1252 5427 1270 5460 ι
1315 5411 1503 5480 Ἵσμεν
1557 5413 1688 5482 γάρ,
1731 5432 1749 5465 ι
1820 5419 2005 5487 φησιν,

456 5511 475 5545 ε
501 5493 692 5565 ὥσπερ
723 5498 854 5565 μίαν
880 5500 1043 5552 αὑτοῦ
1071 5501 1168 5570 τὴν
1203 5503 1528 5566 ὑπόστασιν,
1581 5504 1724 5558 οὕτω
1762 5512 1853 5559 καὶ
1912 5509 2006 5574 τὴν

448 5584 559 5637 τῶν
603 5587 820 5654 φύσεων
853 5591 1087 5661 οὐσιώδη
1137 5594 1401 5662 διαφορὰν
1451 5596 1740 5661 σώζεσθαι.
1802 5617 1819 5648 ι
1885 5599 2004 5661 Πῶς

2105 4609 2330 4666 prorsus
2373 4592 2590 4662 quidem
2672 4589 2952 4644 contendit
3008 4604 3197 4642 eorum
3253 4601 3373 4654 quae
3405 4599 3552 4638 nunc
3618 4583 3676 4634 in

2107 4701 2231 4739 cum
2266 4680 2652 4737 conferuntur?
2683 4681 2930 4734 Proiecto
2973 4679 3119 4732 enim
3175 4677 3296 4746 ipse
3345 4690 3530 4730 secum
3568 4689 3667 4742 pu--

2104 4785 2331 4846 enaret;
2371 4773 2467 4826 sed
2516 4772 2582 4824 iis
2619 4774 2713 4840 qui
2761 4772 2961 4824 talibus
2995 4768 3354 4823 varietatibus
3393 4764 3666 4820 contineri

2107 4867 2348 4920 divinam
2381 4864 2676 4919 essentiam
2708 4863 2899 4917 dicunt
2932 4863 3122 4932 objicit
3155 4872 3211 4914 et
3253 4866 3554 4929 repugnat,
3603 4872 3680 4911 ne

2106 4957 2432 5014 essentiales
2467 4957 2522 5009 in
2554 4956 2662 5009 Deo
2698 4955 2989 5009 varietates
3020 4969 3138 5008 esse
3173 4955 3378 5013 dicant,
3428 4965 3549 5018 quae
3577 4963 3668 5002 es-

2107 5050 2335 5104 sentiam
2367 5048 2624 5113 eﬁiciant,
2656 5057 2713 5100 ut
2746 5047 2802 5098 in
2836 5046 3013 5107 nobis,
3038 5044 3130 5098 sed
3158 5061 3278 5113 qua:
3304 5061 3332 5096 a
3363 5041 3563 5096 creatis
3584 5053 3674 5092 es-

2107 5142 2301 5196 sentiis
2331 5140 2692 5208 distinguant,
2734 5137 2925 5190 Divina
2970 5135 3115 5188 enim
3161 5134 3398 5188 essentia
3424 5173 3438 5196 ,
3471 5146 3576 5185 una
3615 5138 3676 5183 et

2107 5231 2342 5299 simplex
2372 5270 2386 5294 ,
2423 5229 2602 5282 omnis
2647 5236 2702 5280 ct
2733 5225 3060 5280 omnimoda:
3093 5225 3372 5277 varietatis
3423 5220 3672 5290 imparti-

2105 5337 2232 5388 ceps
2267 5327 2370 5370 est.
2409 5317 2543 5370 Nam
2573 5316 2804 5369 varietas
2828 5327 2945 5381 qua:
2971 5310 3471 5364 dissimilitudinem
3505 5303 3672 5358 habet

2106 5421 2301 5464 natura
2324 5407 2542 5471 factam,
2580 5403 2846 5475 pluralem
2878 5403 3060 5456 statim
3096 5415 3384 5455 numerum
3419 5395 3669 5450 involvit.

2105 5501 2208 5558 Ubi
2232 5513 2494 5553 numerus
2513 5507 2568 5551 et
2593 5495 2891 5551 multitudo
2907 5505 3009 5559 est,
3036 5497 3208 5546 unicre
3236 5487 3567 5558 simplicitati
3591 5487 3673 5540 lo-

2106 5609 2202 5648 cus
2240 5591 2421 5645 ltllllUS
2457 5588 2781 5644 est.Eodcm
2811 5588 2971 5642 modo
2996 5587 3160 5643 etiam
3196 5586 3254 5640 D.
3273 5581 3538 5638 Maximus
3562 5579 3669 5634 itu.-

520 5769 603 5842 (1)
649 5772 1008 5842 Δαμασκηνοῦ
1042 5777 1102 5829 ἐκ
1134 5775 1222 5830 τοῦ
1259 5777 1383 5845 πῖρὶ
1432 5774 1534 5826 τῶν
1567 5773 1613 5843 β’
1637 5775 1848 5841 φύσεων
1882 5773 1973 5826 τοῦ
2005 5771 2265 5844 Χριστοῦ.
