  <div class='ocr_page' id='page_1' title='image "/cluster/home/n/w/nwhite01/storage/ocr_20150623/149/mdp.39015078384750/165.png"; bbox 0 0 4046 6290; ppageno 0'>
   <div class='ocr_carea' id='block_1_1' title="bbox 442 369 552 434">
    <p class='ocr_par' dir='ltr' id='par_1_1' title="bbox 442 369 552 434">
     <span class='ocr_line' id='line_1_1' title="bbox 442 369 552 434; baseline 0.027 -4"><span class='ocrx_word' id='word_1_1' title='bbox 442 369 552 434; x_wconf 75' lang='grc'>315</span> 
     </span>
    </p>
   </div>
   <div class='ocr_carea' id='block_1_2' title="bbox 1641 373 2496 439">
    <p class='ocr_par' dir='ltr' id='par_1_2' title="bbox 1641 373 2496 439">
     <span class='ocr_line' id='line_1_2' title="bbox 1641 373 2496 439; baseline 0.009 -8"><span class='ocrx_word' id='word_1_2' title='bbox 1641 373 2068 435; x_wconf 79' lang='lat' dir='ltr'>NICEPIIORI</span> <span class='ocrx_word' id='word_1_3' title='bbox 2109 377 2496 439; x_wconf 65' lang='lat' dir='ltr'>GREGORIE</span> 
     </span>
    </p>
   </div>
   <div class='ocr_carea' id='block_1_3' title="bbox 3583 381 3678 444">
    <p class='ocr_par' dir='ltr' id='par_1_3' title="bbox 3583 381 3678 444">
     <span class='ocr_line' id='line_1_3' title="bbox 3583 381 3678 444; baseline 0.021 -2"><span class='ocrx_word' id='word_1_4' title='bbox 3583 381 3678 444; x_wconf 75' lang='lat'>310</span> 
     </span>
    </p>
   </div>
   <div class='ocr_carea' id='block_1_4' title="bbox 441 479 2024 559">
    <p class='ocr_par' dir='ltr' id='par_1_4' title="bbox 441 479 2022 550">
     <span class='ocr_line' id='line_1_4' title="bbox 441 479 2022 550; baseline 0.004 -16"><span class='ocrx_word' id='word_1_5' title='bbox 441 481 712 550; x_wconf 86' lang='lat' dir='ltr'><strong>partitum</strong></span> <span class='ocrx_word' id='word_1_6' title='bbox 743 481 915 536; x_wconf 90' lang='lat' dir='ltr'><strong>Deum</strong></span> <span class='ocrx_word' id='word_1_7' title='bbox 947 479 1080 536; x_wconf 88' lang='lat' dir='ltr'><strong>dicit</strong></span> <span class='ocrx_word' id='word_1_8' title='bbox 1113 493 1167 538; x_wconf 87' lang='lat' dir='ltr'>ct</span> <span class='ocrx_word' id='word_1_9' title='bbox 1201 480 1500 536; x_wconf 82' lang='lat' dir='ltr'><strong>inﬁnitum.</strong></span> <span class='ocrx_word' id='word_1_10' title='bbox 1531 481 1594 536; x_wconf 84' lang='lat' dir='ltr'><strong>Et</strong></span> <span class='ocrx_word' id='word_1_11' title='bbox 1621 483 1754 538; x_wconf 87' lang='lat' dir='ltr'><strong>alias</strong></span> <span class='ocrx_word' id='word_1_12' title='bbox 1787 500 1800 538; x_wconf 93' lang='lat'>:</span> <span class='ocrx_word' id='word_1_13' title='bbox 1831 485 2022 540; x_wconf 86' lang='lat' dir='ltr'>Omnis</span> 
     </span>
    </p>
   </div>
   <div class='ocr_carea' id='block_1_5' title="bbox 2124 479 3678 559">
    <p class='ocr_par' dir='ltr' id='par_1_5' title="bbox 2124 485 3678 559">
     <span class='ocr_line' id='line_1_5' title="bbox 2124 485 3678 559; baseline 0.003 -20"><span class='ocrx_word' id='word_1_14' title='bbox 2124 485 2180 539; x_wconf 76' lang='grc' dir='ltr'>δὲ</span> <span class='ocrx_word' id='word_1_15' title='bbox 2211 487 2406 557; x_wconf 87' lang='grc' dir='ltr'>σωθείη</span> <span class='ocrx_word' id='word_1_16' title='bbox 2431 485 2683 557; x_wconf 79' lang='grc' dir='ltr'>διαφορά,</span> <span class='ocrx_word' id='word_1_17' title='bbox 2722 486 2793 556; x_wconf 80' lang='grc' dir='ltr'>μὴ</span> <span class='ocrx_word' id='word_1_18' title='bbox 2819 487 3145 554; x_wconf 78' lang='grc' dir='ltr'>σωζομένων</span> <span class='ocrx_word' id='word_1_19' title='bbox 3165 487 3272 540; x_wconf 79' lang='grc' dir='ltr'>τῶν</span> <span class='ocrx_word' id='word_1_20' title='bbox 3297 505 3392 558; x_wconf 85' lang='grc' dir='ltr'>την</span> <span class='ocrx_word' id='word_1_21' title='bbox 3422 488 3678 559; x_wconf 69' lang='grc' dir='ltr'>διαφορὰν</span> 
     </span>
    </p>
   </div>
   <div class='ocr_carea' id='block_1_6' title="bbox 440 572 2022 644">
    <p class='ocr_par' dir='ltr' id='par_1_6' title="bbox 440 572 2022 644">
     <span class='ocr_line' id='line_1_6' title="bbox 440 572 2022 644; baseline 0.003 -19"><span class='ocrx_word' id='word_1_22' title='bbox 440 572 680 626; x_wconf 92' lang='lat' dir='ltr'><strong>varietas</strong></span> <span class='ocrx_word' id='word_1_23' title='bbox 723 589 844 642; x_wconf 62' lang='lat' dir='ltr'><strong>qua:</strong></span> <span class='ocrx_word' id='word_1_24' title='bbox 873 589 1058 628; x_wconf 89' lang='lat' dir='ltr'><strong>rerum</strong></span> <span class='ocrx_word' id='word_1_25' title='bbox 1093 576 1235 628; x_wconf 90' lang='lat' dir='ltr'><strong>inter</strong></span> <span class='ocrx_word' id='word_1_26' title='bbox 1269 591 1328 630; x_wconf 89' lang='lat' dir='ltr'>se</span> <span class='ocrx_word' id='word_1_27' title='bbox 1362 575 1786 644; x_wconf 70' lang='lat' dir='ltr'><strong>discrepantiam</strong></span> <span class='ocrx_word' id='word_1_28' title='bbox 1817 585 1874 628; x_wconf 93' lang='lat' dir='ltr'>et</span> <span class='ocrx_word' id='word_1_29' title='bbox 1908 576 2022 630; x_wconf 87' lang='lat' dir='ltr'><strong>dis-</strong></span> 
     </span>
    </p>
   </div>
   <div class='ocr_carea' id='block_1_7' title="bbox 443 663 2022 736">
    <p class='ocr_par' dir='ltr' id='par_1_7' title="bbox 443 663 2022 736">
     <span class='ocr_line' id='line_1_7' title="bbox 443 663 2022 736; baseline 0.004 -20"><span class='ocrx_word' id='word_1_30' title='bbox 443 663 866 720; x_wconf 84' lang='lat' dir='ltr'><strong>similitudinem</strong></span> <span class='ocrx_word' id='word_1_31' title='bbox 891 667 956 720; x_wconf 88' lang='lat' dir='ltr'>ad</span> <span class='ocrx_word' id='word_1_32' title='bbox 983 666 1268 736; x_wconf 71' lang='lat' dir='ltr'>qualitatis</span> <span class='ocrx_word' id='word_1_33' title='bbox 1292 667 1556 720; x_wconf 83' lang='lat' dir='ltr'><strong>rationem</strong></span> <span class='ocrx_word' id='word_1_34' title='bbox 1585 667 1820 735; x_wconf 71' lang='lat' dir='ltr'><strong>explicat</strong></span> <span class='ocrx_word' id='word_1_35' title='bbox 1843 681 2022 736; x_wconf 82' lang='lat' dir='ltr'><strong>quan-</strong></span> 
     </span>
    </p>
   </div>
   <div class='ocr_carea' id='block_1_8' title="bbox 448 757 2022 820">
    <p class='ocr_par' dir='ltr' id='par_1_8' title="bbox 448 757 2022 820">
     <span class='ocr_line' id='line_1_8' title="bbox 448 757 2022 820; baseline 0.001 -9"><span class='ocrx_word' id='word_1_36' title='bbox 448 759 665 812; x_wconf 88' lang='lat' dir='ltr'><strong>titatem</strong></span> <span class='ocrx_word' id='word_1_37' title='bbox 703 773 886 814; x_wconf 89' lang='lat' dir='ltr'><strong>rerum</strong></span> <span class='ocrx_word' id='word_1_38' title='bbox 922 759 1272 812; x_wconf 79' lang='lat' dir='ltr'><strong>dissimilium</strong></span> <span class='ocrx_word' id='word_1_39' title='bbox 1309 771 1494 812; x_wconf 81' lang='lat' dir='ltr'><strong>secum</strong></span> <span class='ocrx_word' id='word_1_40' title='bbox 1527 757 1758 820; x_wconf 88' lang='lat' dir='ltr'><strong>inducit,</strong></span> <span class='ocrx_word' id='word_1_41' title='bbox 1787 759 1904 812; x_wconf 90' lang='lat' dir='ltr'><strong>sive</strong></span> <span class='ocrx_word' id='word_1_42' title='bbox 1933 773 2022 812; x_wconf 85' lang='lat' dir='ltr'><strong>es-</strong></span> 
     </span>
    </p>
   </div>
   <div class='ocr_carea' id='block_1_9' title="bbox 447 850 2028 919">
    <p class='ocr_par' dir='ltr' id='par_1_9' title="bbox 447 850 2028 919">
     <span class='ocr_line' id='line_1_9' title="bbox 447 850 2028 919; baseline 0.001 -15"><span class='ocrx_word' id='word_1_43' title='bbox 447 851 754 904; x_wconf 86' lang='lat' dir='ltr'><strong>sentiarum</strong></span> <span class='ocrx_word' id='word_1_44' title='bbox 782 850 896 905; x_wconf 82' lang='lat' dir='ltr'><strong>sive</strong></span> <span class='ocrx_word' id='word_1_45' title='bbox 930 851 1280 919; x_wconf 82' lang='lat' dir='ltr'><strong>qualitatum,</strong></span> <span class='ocrx_word' id='word_1_46' title='bbox 1309 851 1422 904; x_wconf 83' lang='lat' dir='ltr'><strong>sive</strong></span> <span class='ocrx_word' id='word_1_47' title='bbox 1451 851 1868 918; x_wconf 78' lang='lat' dir='ltr'>proprietatum.</span> <span class='ocrx_word' id='word_1_48' title='bbox 1895 851 2028 917; x_wconf 71' lang='lat' dir='ltr'><strong>Quae</strong></span> 
     </span>
    </p>
   </div>
   <div class='ocr_carea' id='block_1_10' title="bbox 443 941 2018 1006">
    <p class='ocr_par' dir='ltr' id='par_1_10' title="bbox 443 941 2018 1006">
     <span class='ocr_line' id='line_1_10' title="bbox 443 941 2018 1006; baseline 0.001 -12"><span class='ocrx_word' id='word_1_49' title='bbox 443 941 590 994; x_wconf 87' lang='lat' dir='ltr'><strong>enim</strong></span> <span class='ocrx_word' id='word_1_50' title='bbox 639 958 745 996; x_wconf 87' lang='lat' dir='ltr'>non</span> <span class='ocrx_word' id='word_1_51' title='bbox 792 943 1017 996; x_wconf 83' lang='lat' dir='ltr'>omnino</span> <span class='ocrx_word' id='word_1_52' title='bbox 1056 941 1244 996; x_wconf 87' lang='lat' dir='ltr'><strong>eadem</strong></span> <span class='ocrx_word' id='word_1_53' title='bbox 1283 943 1428 996; x_wconf 87' lang='lat' dir='ltr'><strong>inter</strong></span> <span class='ocrx_word' id='word_1_54' title='bbox 1472 958 1530 996; x_wconf 89' lang='lat' dir='ltr'>se</span> <span class='ocrx_word' id='word_1_55' title='bbox 1581 952 1729 1006; x_wconf 86' lang='lat' dir='ltr'><strong>sunt,</strong></span> <span class='ocrx_word' id='word_1_56' title='bbox 1765 957 1929 996; x_wconf 85' lang='lat' dir='ltr'><strong>unam</strong></span> <span class='ocrx_word' id='word_1_57' title='bbox 1961 952 2018 998; x_wconf 90' lang='lat' dir='ltr'>et</span> 
     </span>
    </p>
   </div>
   <div class='ocr_carea' id='block_1_11' title="bbox 446 1031 2018 1102">
    <p class='ocr_par' dir='ltr' id='par_1_11' title="bbox 446 1031 2018 1102">
     <span class='ocr_line' id='line_1_11' title="bbox 446 1031 2018 1102; baseline 0.003 -18"><span class='ocrx_word' id='word_1_58' title='bbox 446 1031 692 1085; x_wconf 84' lang='lat' dir='ltr'><strong>eamdem</strong></span> <span class='ocrx_word' id='word_1_59' title='bbox 715 1033 966 1086; x_wconf 72' lang='lat' dir='ltr'><strong>essentia:</strong></span> <span class='ocrx_word' id='word_1_60' title='bbox 991 1035 1258 1088; x_wconf 88' lang='lat' dir='ltr'><strong>rationem</strong></span> <span class='ocrx_word' id='word_1_61' title='bbox 1283 1048 1390 1086; x_wconf 91' lang='lat' dir='ltr'>non</span> <span class='ocrx_word' id='word_1_62' title='bbox 1413 1033 1864 1102; x_wconf 77' lang='lat' dir='ltr'><strong>admittunt,qu:e</strong></span> <span class='ocrx_word' id='word_1_63' title='bbox 1885 1050 2018 1088; x_wconf 84' lang='lat' dir='ltr'><strong>vero</strong></span> 
     </span>
    </p>
   </div>
   <div class='ocr_carea' id='block_1_12' title="bbox 449 1122 2016 1194">
    <p class='ocr_par' dir='ltr' id='par_1_12' title="bbox 449 1122 2016 1194">
     <span class='ocr_line' id='line_1_12' title="bbox 449 1122 2016 1194; baseline 0.006 -21"><span class='ocrx_word' id='word_1_64' title='bbox 449 1122 594 1175; x_wconf 89' lang='lat' dir='ltr'><strong>inter</strong></span> <span class='ocrx_word' id='word_1_65' title='bbox 624 1137 680 1176; x_wconf 90' lang='lat' dir='ltr'>se</span> <span class='ocrx_word' id='word_1_66' title='bbox 717 1123 930 1186; x_wconf 85' lang='lat' dir='ltr'><strong>eadem,</strong></span> <span class='ocrx_word' id='word_1_67' title='bbox 964 1125 1250 1178; x_wconf 87' lang='lat' dir='ltr'><strong>varietatis</strong></span> <span class='ocrx_word' id='word_1_68' title='bbox 1281 1125 1648 1194; x_wconf 86' lang='lat' dir='ltr'><strong>imparticipia</strong></span> <span class='ocrx_word' id='word_1_69' title='bbox 1695 1135 1842 1181; x_wconf 87' lang='lat' dir='ltr'><strong>sunt.</strong></span> <span class='ocrx_word' id='word_1_70' title='bbox 1879 1125 2016 1182; x_wconf 87' lang='lat' dir='ltr'><strong>Nam</strong></span> 
     </span>
    </p>
   </div>
   <div class='ocr_carea' id='block_1_13' title="bbox 447 1215 2021 1286">
    <p class='ocr_par' dir='ltr' id='par_1_13' title="bbox 447 1215 2021 1286">
     <span class='ocr_line' id='line_1_13' title="bbox 447 1215 2021 1286; baseline 0.004 -20"><span class='ocrx_word' id='word_1_71' title='bbox 447 1227 570 1266; x_wconf 90' lang='lat' dir='ltr'>cum</span> <span class='ocrx_word' id='word_1_72' title='bbox 607 1215 908 1284; x_wconf 86' lang='lat' dir='ltr'><strong>simplicem</strong></span> <span class='ocrx_word' id='word_1_73' title='bbox 937 1225 1096 1270; x_wconf 83' lang='lat' dir='ltr'><strong>antea</strong></span> <span class='ocrx_word' id='word_1_74' title='bbox 1117 1216 1252 1270; x_wconf 83' lang='lat' dir='ltr'><strong>dixit</strong></span> <span class='ocrx_word' id='word_1_75' title='bbox 1281 1215 1468 1280; x_wconf 85' lang='lat' dir='ltr'><strong>Deum,</strong></span> <span class='ocrx_word' id='word_1_76' title='bbox 1501 1217 1629 1270; x_wconf 88' lang='lat' dir='ltr'><strong>dein</strong></span> <span class='ocrx_word' id='word_1_77' title='bbox 1656 1217 1888 1286; x_wconf 82' lang='lat' dir='ltr'><strong>simplex</strong></span> <span class='ocrx_word' id='word_1_78' title='bbox 1919 1234 2021 1274; x_wconf 81' lang='lat' dir='ltr'>va-</span> 
     </span>
    </p>
   </div>
   <div class='ocr_carea' id='block_1_14' title="bbox 449 1303 2023 1377">
    <p class='ocr_par' dir='ltr' id='par_1_14' title="bbox 449 1303 2023 1377">
     <span class='ocr_line' id='line_1_14' title="bbox 449 1303 2023 1377; baseline 0.006 -22"><span class='ocrx_word' id='word_1_79' title='bbox 449 1303 660 1356; x_wconf 85' lang='lat' dir='ltr'><strong>rietatis</strong></span> <span class='ocrx_word' id='word_1_80' title='bbox 689 1321 810 1360; x_wconf 88' lang='lat' dir='ltr'><strong>esse</strong></span> <span class='ocrx_word' id='word_1_81' title='bbox 837 1307 1058 1362; x_wconf 85' lang='lat' dir='ltr'>omnino</span> <span class='ocrx_word' id='word_1_82' title='bbox 1085 1308 1436 1377; x_wconf 88' lang='lat' dir='ltr'><strong>imparticeps</strong></span> <span class='ocrx_word' id='word_1_83' title='bbox 1463 1308 1620 1362; x_wconf 75' lang='lat' dir='ltr'><strong>dixit.</strong></span> <span class='ocrx_word' id='word_1_84' title='bbox 1647 1307 1774 1362; x_wconf 86' lang='lat' dir='ltr'><strong>Ideo</strong></span> <span class='ocrx_word' id='word_1_85' title='bbox 1799 1309 2023 1364; x_wconf 87' lang='lat' dir='ltr'><strong>omnino</strong></span> 
     </span>
    </p>
   </div>
   <div class='ocr_carea' id='block_1_15' title="bbox 447 1394 2026 1468">
    <p class='ocr_par' dir='ltr' id='par_1_15' title="bbox 447 1394 2026 1468">
     <span class='ocr_line' id='line_1_15' title="bbox 447 1394 2026 1468; baseline 0.005 -22"><span class='ocrx_word' id='word_1_86' title='bbox 447 1394 552 1448; x_wconf 84' lang='lat' dir='ltr'><strong>sibi</strong></span> <span class='ocrx_word' id='word_1_87' title='bbox 607 1395 752 1450; x_wconf 87' lang='lat' dir='ltr'><strong>idem</strong></span> <span class='ocrx_word' id='word_1_88' title='bbox 803 1397 964 1467; x_wconf 85' lang='lat'><strong>357</strong></span> <span class='ocrx_word' id='word_1_89' title='bbox 1017 1407 1072 1452; x_wconf 86' lang='lat' dir='ltr'>et</span> <span class='ocrx_word' id='word_1_90' title='bbox 1129 1401 1350 1452; x_wconf 89' lang='lat' dir='ltr'><strong>unicum</strong></span> <span class='ocrx_word' id='word_1_91' title='bbox 1376 1407 1433 1454; x_wconf 83' lang='lat' dir='ltr'>et</span> <span class='ocrx_word' id='word_1_92' title='bbox 1485 1408 1769 1462; x_wconf 81' lang='lat' dir='ltr'><strong>constans,</strong></span> <span class='ocrx_word' id='word_1_93' title='bbox 1823 1399 2026 1468; x_wconf 85' lang='lat' dir='ltr'><strong>quippe</strong></span> 
     </span>
    </p>
   </div>
   <div class='ocr_carea' id='block_1_16' title="bbox 447 1488 2028 1561">
    <p class='ocr_par' dir='ltr' id='par_1_16' title="bbox 447 1488 2028 1561">
     <span class='ocr_line' id='line_1_16' title="bbox 447 1488 2028 1561; baseline 0.004 -23"><span class='ocrx_word' id='word_1_94' title='bbox 447 1488 772 1554; x_wconf 81' lang='lat' dir='ltr'><strong>quantitatis</strong></span> <span class='ocrx_word' id='word_1_95' title='bbox 803 1505 980 1558; x_wconf 81' lang='lat' dir='ltr'><strong>genus</strong></span> <span class='ocrx_word' id='word_1_96' title='bbox 1009 1503 1116 1544; x_wconf 87' lang='lat' dir='ltr'>non</span> <span class='ocrx_word' id='word_1_97' title='bbox 1149 1492 1380 1554; x_wconf 81' lang='lat' dir='ltr'><strong>habens,</strong></span> <span class='ocrx_word' id='word_1_98' title='bbox 1411 1507 1540 1561; x_wconf 81' lang='lat' dir='ltr'><strong>ergo</strong></span> <span class='ocrx_word' id='word_1_99' title='bbox 1575 1492 1732 1560; x_wconf 86' lang='lat' dir='ltr'><strong>plane</strong></span> <span class='ocrx_word' id='word_1_100' title='bbox 1771 1505 1881 1545; x_wconf 89' lang='lat' dir='ltr'>non</span> <span class='ocrx_word' id='word_1_101' title='bbox 1926 1507 2028 1545; x_wconf 83' lang='lat' dir='ltr'><strong>nu-</strong></span> 
     </span>
    </p>
   </div>
   <div class='ocr_carea' id='block_1_17' title="bbox 2121 577 3680 650">
    <p class='ocr_par' dir='ltr' id='par_1_17' title="bbox 2121 577 3680 650">
     <span class='ocr_line' id='line_1_17' title="bbox 2121 577 3680 650; baseline 0.003 -22"><span class='ocrx_word' id='word_1_102' title='bbox 2121 579 2354 644; x_wconf 75' lang='grc' dir='ltr'>ὲχόντων</span> <span class='ocrx_word' id='word_1_103' title='bbox 2381 577 2516 647; x_wconf 64' lang='grc' dir='ltr'>πρδς</span> <span class='ocrx_word' id='word_1_104' title='bbox 2555 578 2797 647; x_wconf 84' lang='grc' dir='ltr'>ἀλληλα;</span> <span class='ocrx_word' id='word_1_105' title='bbox 2854 577 3019 647; x_wconf 76' lang='grc' dir='ltr'>Ὁρᾷς</span> <span class='ocrx_word' id='word_1_106' title='bbox 3063 578 3139 640; x_wconf 86' lang='grc' dir='ltr'>ὡς</span> <span class='ocrx_word' id='word_1_107' title='bbox 3195 579 3294 630; x_wconf 77' lang='grc' dir='ltr'>οὐκ</span> <span class='ocrx_word' id='word_1_108' title='bbox 3347 581 3680 650; x_wconf 77' lang='grc' dir='ltr'>ἀπαγορεύει</span> 
     </span>
    </p>
   </div>
   <div class='ocr_carea' id='block_1_18' title="bbox 2131 667 3681 739">
    <p class='ocr_par' dir='ltr' id='par_1_18' title="bbox 2131 667 3681 739">
     <span class='ocr_line' id='line_1_18' title="bbox 2131 667 3681 739; baseline 0.001 -18"><span class='ocrx_word' id='word_1_109' title='bbox 2131 670 2391 739; x_wconf 82' lang='grc' dir='ltr'>Ἰωάννης</span> <span class='ocrx_word' id='word_1_110' title='bbox 2419 671 2446 722; x_wconf 84' lang='grc' dir='ltr'>ό</span> <span class='ocrx_word' id='word_1_111' title='bbox 2477 669 2620 730; x_wconf 87' lang='grc' dir='ltr'>θεῖος</span> <span class='ocrx_word' id='word_1_112' title='bbox 2647 667 2708 721; x_wconf 80' lang='grc' dir='ltr'>ὲκ</span> <span class='ocrx_word' id='word_1_113' title='bbox 2737 667 3034 738; x_wconf 79' lang='grc' dir='ltr'>Δαμασκοῦ</span> <span class='ocrx_word' id='word_1_114' title='bbox 3089 669 3202 720; x_wconf 84' lang='grc' dir='ltr'>οὐδ’</span> <span class='ocrx_word' id='word_1_115' title='bbox 3223 671 3342 722; x_wconf 77' lang='grc' dir='ltr'>ἐκεῖ</span> <span class='ocrx_word' id='word_1_116' title='bbox 3379 671 3504 723; x_wconf 80' lang='grc' dir='ltr'>κατ’</span> <span class='ocrx_word' id='word_1_117' title='bbox 3533 673 3681 725; x_wconf 75' lang='grc' dir='ltr'>οὐδὲν</span> 
     </span>
    </p>
   </div>
   <div class='ocr_carea' id='block_1_19' title="bbox 2122 757 3682 832">
    <p class='ocr_par' dir='ltr' id='par_1_19' title="bbox 2122 757 3682 832">
     <span class='ocr_line' id='line_1_19' title="bbox 2122 757 3682 832; baseline 0.002 -22"><span class='ocrx_word' id='word_1_118' title='bbox 2122 759 2182 810; x_wconf 69' lang='grc' dir='ltr'>τὸ</span> <span class='ocrx_word' id='word_1_119' title='bbox 2219 759 2482 828; x_wconf 82' lang='grc' dir='ltr'>παράπαν</span> <span class='ocrx_word' id='word_1_120' title='bbox 2507 757 2542 811; x_wconf 81' lang='grc' dir='ltr'>ἃ</span> <span class='ocrx_word' id='word_1_121' title='bbox 2570 757 2665 811; x_wconf 79' lang='grc' dir='ltr'>νῦν</span> <span class='ocrx_word' id='word_1_122' title='bbox 2693 761 2781 810; x_wconf 71' lang='grc' dir='ltr'>ἐπὶ</span> <span class='ocrx_word' id='word_1_123' title='bbox 2805 759 2960 810; x_wconf 83' lang='grc' dir='ltr'>τοῦδε</span> <span class='ocrx_word' id='word_1_124' title='bbox 3020 759 3371 825; x_wconf 87' lang='grc' dir='ltr'>συντίθεται;</span> <span class='ocrx_word' id='word_1_125' title='bbox 3419 757 3454 830; x_wconf 81' lang='grc' dir='ltr'>ἦ</span> <span class='ocrx_word' id='word_1_126' title='bbox 3483 759 3592 832; x_wconf 82' lang='grc' dir='ltr'>γὰρ</span> <span class='ocrx_word' id='word_1_127' title='bbox 3621 763 3682 813; x_wconf 78' lang='grc' dir='ltr'>ἂν</span> 
     </span>
    </p>
   </div>
   <div class='ocr_carea' id='block_1_20' title="bbox 2121 845 3682 920">
    <p class='ocr_par' dir='ltr' id='par_1_20' title="bbox 2121 845 3682 920">
     <span class='ocr_line' id='line_1_20' title="bbox 2121 845 3682 920; baseline 0.003 -20"><span class='ocrx_word' id='word_1_128' title='bbox 2121 845 2190 920; x_wconf 79' lang='grc' dir='ltr'>ἦν</span> <span class='ocrx_word' id='word_1_129' title='bbox 2217 851 2381 914; x_wconf 75' lang='grc' dir='ltr'>αὐτὸς</span> <span class='ocrx_word' id='word_1_130' title='bbox 2407 851 2588 918; x_wconf 79' lang='grc' dir='ltr'>ἐαυτῳ</span> <span class='ocrx_word' id='word_1_131' title='bbox 2619 850 2953 919; x_wconf 76' lang='grc' dir='ltr'>μαχόμενος.</span> <span class='ocrx_word' id='word_1_132' title='bbox 3007 849 3168 902; x_wconf 75' lang='grc' dir='ltr'>Ἀλλὰ</span> <span class='ocrx_word' id='word_1_133' title='bbox 3200 852 3314 914; x_wconf 84' lang='grc' dir='ltr'>τοϊς</span> <span class='ocrx_word' id='word_1_134' title='bbox 3353 853 3414 903; x_wconf 81' lang='grc' dir='ltr'>ὲκ</span> <span class='ocrx_word' id='word_1_135' title='bbox 3437 853 3549 904; x_wconf 85' lang='grc' dir='ltr'>τῶν</span> <span class='ocrx_word' id='word_1_136' title='bbox 3573 871 3682 904; x_wconf 86' lang='grc' dir='ltr'>τοι-</span> 
     </span>
    </p>
   </div>
   <div class='ocr_carea' id='block_1_21' title="bbox 2125 939 3684 1012">
    <p class='ocr_par' dir='ltr' id='par_1_21' title="bbox 2125 939 3684 1012">
     <span class='ocr_line' id='line_1_21' title="bbox 2125 939 3684 1012; baseline -0.001 -18"><span class='ocrx_word' id='word_1_137' title='bbox 2125 943 2296 994; x_wconf 87' lang='grc' dir='ltr'>ούτων</span> <span class='ocrx_word' id='word_1_138' title='bbox 2322 941 2596 1012; x_wconf 81' lang='grc' dir='ltr'>διαφορῶν</span> <span class='ocrx_word' id='word_1_139' title='bbox 2661 941 2978 1006; x_wconf 83' lang='grc' dir='ltr'>συγκεῖσθαι</span> <span class='ocrx_word' id='word_1_140' title='bbox 3035 939 3135 1008; x_wconf 84' lang='grc' dir='ltr'>τὴν</span> <span class='ocrx_word' id='word_1_141' title='bbox 3174 941 3328 994; x_wconf 82' lang='grc' dir='ltr'>Θείαν</span> <span class='ocrx_word' id='word_1_142' title='bbox 3385 942 3684 1012; x_wconf 77' lang='grc' dir='ltr'>φάσκουσιν</span> 
     </span>
    </p>
   </div>
   <div class='ocr_carea' id='block_1_22' title="bbox 2123 1033 3686 1103">
    <p class='ocr_par' dir='ltr' id='par_1_22' title="bbox 2123 1033 3686 1103">
     <span class='ocr_line' id='line_1_22' title="bbox 2123 1033 3686 1103; baseline 0.001 -20"><span class='ocrx_word' id='word_1_143' title='bbox 2123 1033 2311 1084; x_wconf 74' lang='grc' dir='ltr'>οὐσίαν</span> <span class='ocrx_word' id='word_1_144' title='bbox 2338 1033 2588 1103; x_wconf 74' lang='grc' dir='ltr'>ἐπιτιμᾷ,</span> <span class='ocrx_word' id='word_1_145' title='bbox 2617 1033 2708 1084; x_wconf 70' lang='grc' dir='ltr'>καὶ</span> <span class='ocrx_word' id='word_1_146' title='bbox 2742 1033 2999 1086; x_wconf 79' lang='grc' dir='ltr'>ἀνασοϐεἴ</span> <span class='ocrx_word' id='word_1_147' title='bbox 3038 1035 3114 1103; x_wconf 82' lang='grc' dir='ltr'>μὴ</span> <span class='ocrx_word' id='word_1_148' title='bbox 3167 1034 3350 1101; x_wconf 83' lang='grc' dir='ltr'>λέγειν</span> <span class='ocrx_word' id='word_1_149' title='bbox 3411 1034 3686 1094; x_wconf 80' lang='grc' dir='ltr'>οὐσιῶδεις</span> 
     </span>
    </p>
   </div>
   <div class='ocr_carea' id='block_1_23' title="bbox 2123 1123 3688 1196">
    <p class='ocr_par' dir='ltr' id='par_1_23' title="bbox 2123 1123 3688 1196">
     <span class='ocr_line' id='line_1_23' title="bbox 2123 1123 3688 1196; baseline 0 -20"><span class='ocrx_word' id='word_1_150' title='bbox 2123 1123 2388 1191; x_wconf 74' lang='grc' dir='ltr'>διαφορὰς</span> <span class='ocrx_word' id='word_1_151' title='bbox 2435 1124 2527 1176; x_wconf 66' lang='lat' dir='ltr'><strong>lari.</strong></span> <span class='ocrx_word' id='word_1_152' title='bbox 2565 1123 2722 1186; x_wconf 80' lang='grc' dir='ltr'>Θεοῦ,</span> <span class='ocrx_word' id='word_1_153' title='bbox 2763 1123 2820 1176; x_wconf 81' lang='grc' dir='ltr'>αἶ</span> <span class='ocrx_word' id='word_1_154' title='bbox 2869 1127 2971 1196; x_wconf 85' lang='grc' dir='ltr'>τὴν</span> <span class='ocrx_word' id='word_1_155' title='bbox 3015 1125 3203 1179; x_wconf 82' lang='grc' dir='ltr'>οὐσίαν</span> <span class='ocrx_word' id='word_1_156' title='bbox 3261 1126 3566 1179; x_wconf 81' lang='grc' dir='ltr'>συντιθέναι</span> <span class='ocrx_word' id='word_1_157' title='bbox 3601 1126 3688 1176; x_wconf 88' lang='grc' dir='ltr'>λέ-</span> 
     </span>
    </p>
   </div>
   <div class='ocr_carea' id='block_1_24' title="bbox 2117 1212 3689 1286">
    <p class='ocr_par' dir='ltr' id='par_1_24' title="bbox 2117 1212 3689 1286">
     <span class='ocr_line' id='line_1_24' title="bbox 2117 1212 3689 1286; baseline 0.001 -18"><span class='ocrx_word' id='word_1_158' title='bbox 2117 1231 2305 1282; x_wconf 90' lang='grc' dir='ltr'>γονται</span> <span class='ocrx_word' id='word_1_159' title='bbox 2329 1215 2403 1276; x_wconf 83' lang='grc' dir='ltr'>ὡς</span> <span class='ocrx_word' id='word_1_160' title='bbox 2433 1212 2518 1282; x_wconf 72' lang='grc' dir='ltr'>ἐφ’</span> <span class='ocrx_word' id='word_1_161' title='bbox 2573 1218 2728 1286; x_wconf 81' lang='grc' dir='ltr'>ἡμῖν,</span> <span class='ocrx_word' id='word_1_162' title='bbox 2762 1217 2880 1271; x_wconf 78' lang='grc' dir='ltr'>ἀλλ’</span> <span class='ocrx_word' id='word_1_163' title='bbox 2911 1217 2968 1270; x_wconf 83' lang='grc' dir='ltr'>αἳ</span> <span class='ocrx_word' id='word_1_164' title='bbox 3017 1219 3428 1271; x_wconf 76' lang='grc' dir='ltr'>διαστέλλουσιν</span> <span class='ocrx_word' id='word_1_165' title='bbox 3464 1219 3526 1270; x_wconf 84' lang='grc' dir='ltr'>ὲκ</span> <span class='ocrx_word' id='word_1_166' title='bbox 3583 1218 3689 1270; x_wconf 82' lang='grc' dir='ltr'>τῶν</span> 
     </span>
    </p>
   </div>
   <div class='ocr_carea' id='block_1_25' title="bbox 2119 1305 3686 1377">
    <p class='ocr_par' dir='ltr' id='par_1_25' title="bbox 2119 1305 3686 1377">
     <span class='ocr_line' id='line_1_25' title="bbox 2119 1305 3686 1377; baseline 0.001 -19"><span class='ocrx_word' id='word_1_167' title='bbox 2119 1305 2355 1358; x_wconf 87' lang='grc' dir='ltr'>κτιστῶν</span> <span class='ocrx_word' id='word_1_168' title='bbox 2397 1305 2615 1361; x_wconf 76' lang='grc' dir='ltr'>οὐσιῶν.</span> <span class='ocrx_word' id='word_1_169' title='bbox 2661 1309 2735 1360; x_wconf 87' lang='grc' dir='ltr'>Τὸ</span> <span class='ocrx_word' id='word_1_170' title='bbox 2771 1310 2878 1377; x_wconf 73' lang='grc' dir='ltr'>γὰρ</span> <span class='ocrx_word' id='word_1_171' title='bbox 2919 1310 3021 1376; x_wconf 82' lang='grc' dir='ltr'>τῆς</span> <span class='ocrx_word' id='word_1_172' title='bbox 3059 1309 3214 1372; x_wconf 79' lang='grc' dir='ltr'>θείας</span> <span class='ocrx_word' id='word_1_173' title='bbox 3247 1309 3439 1374; x_wconf 78' lang='grc' dir='ltr'>οὐσίας</span> <span class='ocrx_word' id='word_1_174' title='bbox 3482 1311 3686 1362; x_wconf 79' lang='grc' dir='ltr'>ἑνιαῖον</span> 
     </span>
    </p>
   </div>
   <div class='ocr_carea' id='block_1_26' title="bbox 2121 1398 3691 1473">
    <p class='ocr_par' dir='ltr' id='par_1_26' title="bbox 2121 1398 3691 1473">
     <span class='ocr_line' id='line_1_26' title="bbox 2121 1398 3691 1473; baseline 0.001 -23"><span class='ocrx_word' id='word_1_175' title='bbox 2121 1398 2436 1452; x_wconf 79' lang='grc' dir='ltr'>παντάπασι</span> <span class='ocrx_word' id='word_1_176' title='bbox 2477 1401 2575 1452; x_wconf 77' lang='grc' dir='ltr'>καὶ</span> <span class='ocrx_word' id='word_1_177' title='bbox 2609 1399 2815 1454; x_wconf 81' lang='grc' dir='ltr'>ἁπλοῦν</span> <span class='ocrx_word' id='word_1_178' title='bbox 2845 1400 2909 1472; x_wconf 71' lang='grc' dir='ltr'>[Γ.</span> <span class='ocrx_word' id='word_1_179' title='bbox 2941 1399 3042 1456; x_wconf 79' lang='grc'>168</span> <span class='ocrx_word' id='word_1_180' title='bbox 3073 1401 3151 1473; x_wconf 83' lang='grc' dir='ltr'>υ.]</span> <span class='ocrx_word' id='word_1_181' title='bbox 3187 1403 3369 1471; x_wconf 85' lang='grc' dir='ltr'>πάσης</span> <span class='ocrx_word' id='word_1_182' title='bbox 3411 1403 3502 1454; x_wconf 74' lang='grc' dir='ltr'>καὶ</span> <span class='ocrx_word' id='word_1_183' title='bbox 3553 1419 3691 1455; x_wconf 87' lang='grc' dir='ltr'>παν-</span> 
     </span>
    </p>
   </div>
   <div class='ocr_carea' id='block_1_27' title="bbox 2121 1490 3720 1564">
    <p class='ocr_par' dir='ltr' id='par_1_27' title="bbox 2121 1490 3720 1564">
     <span class='ocr_line' id='line_1_27' title="bbox 2121 1490 3720 1564; baseline 0.003 -22"><span class='ocrx_word' id='word_1_184' title='bbox 2121 1491 2274 1552; x_wconf 81' lang='grc' dir='ltr'>τοίας</span> <span class='ocrx_word' id='word_1_185' title='bbox 2305 1490 2483 1560; x_wconf 81' lang='grc' dir='ltr'>πάντη</span> <span class='ocrx_word' id='word_1_186' title='bbox 2508 1491 2772 1562; x_wconf 74' lang='grc' dir='ltr'>διαφορᾶς</span> <span class='ocrx_word' id='word_1_187' title='bbox 2797 1493 3168 1548; x_wconf 72' lang='grc' dir='ltr'>ἀνεπίδεκτον.</span> <span class='ocrx_word' id='word_1_188' title='bbox 3209 1494 3274 1546; x_wconf 88' lang='grc' dir='ltr'><strong>Ἦ</strong></span> <span class='ocrx_word' id='word_1_189' title='bbox 3319 1495 3428 1564; x_wconf 76' lang='grc' dir='ltr'>γὰρ</span> <span class='ocrx_word' id='word_1_190' title='bbox 3459 1495 3720 1562; x_wconf 65' lang='grc' dir='ltr'>διαφορά.</span> 
     </span>
    </p>
   </div>
   <div class='ocr_carea' id='block_1_28' title="bbox 449 1577 2024 1655">
    <p class='ocr_par' dir='ltr' id='par_1_28' title="bbox 449 1577 1217 1636">
     <span class='ocr_line' id='line_1_28' title="bbox 449 1577 1217 1636; baseline 0.01 -9"><span class='ocrx_word' id='word_1_191' title='bbox 449 1577 712 1632; x_wconf 81' lang='lat' dir='ltr'><strong>merabile</strong></span> <span class='ocrx_word' id='word_1_192' title='bbox 743 1595 847 1633; x_wconf 75' lang='lat' dir='ltr'>nec</span> <span class='ocrx_word' id='word_1_193' title='bbox 877 1581 1217 1636; x_wconf 84' lang='lat' dir='ltr'><strong>dissolubile.</strong></span> 
     </span>
    </p>
   </div>
   <div class='ocr_carea' id='block_1_29' title="bbox 2124 1577 3692 1655">
    <p class='ocr_par' dir='ltr' id='par_1_29' title="bbox 2126 1583 3692 1655">
     <span class='ocr_line' id='line_1_29' title="bbox 2126 1583 3692 1655; baseline 0.003 -22"><span class='ocrx_word' id='word_1_194' title='bbox 2126 1583 2374 1652; x_wconf 81' lang='grc' dir='ltr'>φυσικῶς</span> <span class='ocrx_word' id='word_1_195' title='bbox 2401 1583 2674 1652; x_wconf 78' lang='grc' dir='ltr'>ἑπομένην</span> <span class='ocrx_word' id='word_1_196' title='bbox 2707 1584 2906 1654; x_wconf 68' lang='grc' dir='ltr'>ἔχουσα</span> <span class='ocrx_word' id='word_1_197' title='bbox 2937 1586 3036 1655; x_wconf 81' lang='grc' dir='ltr'>τὴν</span> <span class='ocrx_word' id='word_1_198' title='bbox 3093 1587 3412 1654; x_wconf 76' lang='grc' dir='ltr'>ἑτερότητα,</span> <span class='ocrx_word' id='word_1_199' title='bbox 3453 1588 3692 1654; x_wconf 79' lang='grc' dir='ltr'>πληθυν-</span> 
     </span>
    </p>
   </div>
   <div class='ocr_carea' id='block_1_30' title="bbox 447 1673 3690 1748">
    <p class='ocr_par' dir='ltr' id='par_1_30' title="bbox 447 1673 3690 1748">
     <span class='ocr_line' id='line_1_30' title="bbox 447 1673 3690 1748; baseline 0.002 -24"><span class='ocrx_word' id='word_1_200' title='bbox 447 1675 598 1724; x_wconf 62' lang='grc' dir='ltr'>τικίν</span> <span class='ocrx_word' id='word_1_201' title='bbox 621 1673 784 1734; x_wconf 83' lang='grc' dir='ltr'>εὐθὺς</span> <span class='ocrx_word' id='word_1_202' title='bbox 812 1676 1044 1742; x_wconf 81' lang='grc' dir='ltr'>ἀριθμὸν</span> <span class='ocrx_word' id='word_1_203' title='bbox 1071 1676 1416 1744; x_wconf 77' lang='grc' dir='ltr'>συνεισάγει·</span> <span class='ocrx_word' id='word_1_204' title='bbox 1443 1676 1578 1728; x_wconf 80' lang='grc' dir='ltr'>ὅπου</span> <span class='ocrx_word' id='word_1_205' title='bbox 1633 1675 1681 1729; x_wconf 84' lang='grc' dir='ltr'>δ’</span> <span class='ocrx_word' id='word_1_206' title='bbox 1739 1675 1972 1746; x_wconf 79' lang='grc' dir='ltr'>ἀριθμὸς</span> <span class='ocrx_word' id='word_1_207' title='bbox 1991 1678 2088 1729; x_wconf 72' lang='grc' dir='ltr'>καὶ</span> <span class='ocrx_word' id='word_1_208' title='bbox 2131 1675 2358 1744; x_wconf 72' lang='grc' dir='ltr'>πλῆθος,</span> <span class='ocrx_word' id='word_1_209' title='bbox 2403 1677 2640 1747; x_wconf 81' lang='grc' dir='ltr'>ἁπλότης</span> <span class='ocrx_word' id='word_1_210' title='bbox 2695 1673 2835 1730; x_wconf 73' lang='grc' dir='ltr'>εἶναι</span> <span class='ocrx_word' id='word_1_211' title='bbox 2871 1679 2931 1730; x_wconf 87' lang='grc' dir='ltr'>ού</span> <span class='ocrx_word' id='word_1_212' title='bbox 2985 1679 3357 1748; x_wconf 85' lang='grc' dir='ltr'>συγχωρεϊται</span> <span class='ocrx_word' id='word_1_213' title='bbox 3391 1677 3690 1748; x_wconf 65' lang='grc' dir='ltr'>μοναδική⁸</span> 
     </span>
    </p>
   </div>
   <div class='ocr_carea' id='block_1_31' title="bbox 450 1765 3698 1840">
    <p class='ocr_par' dir='ltr' id='par_1_31' title="bbox 450 1765 3698 1840">
     <span class='ocr_line' id='line_1_31' title="bbox 450 1765 3698 1840; baseline 0.002 -25"><span class='ocrx_word' id='word_1_214' title='bbox 450 1765 706 1836; x_wconf 77' lang='grc' dir='ltr'>καθάπερ</span> <span class='ocrx_word' id='word_1_215' title='bbox 733 1773 824 1820; x_wconf 76' lang='grc' dir='ltr'>καὶ</span> <span class='ocrx_word' id='word_1_216' title='bbox 849 1771 879 1820; x_wconf 88' lang='grc' dir='ltr'>ό</span> <span class='ocrx_word' id='word_1_217' title='bbox 911 1768 1053 1830; x_wconf 82' lang='grc' dir='ltr'>θεῖος</span> <span class='ocrx_word' id='word_1_218' title='bbox 1082 1769 1336 1837; x_wconf 79' lang='grc' dir='ltr'>Μάξιμος</span> <span class='ocrx_word' id='word_1_219' title='bbox 1363 1769 1565 1840; x_wconf 75' lang='grc' dir='ltr'>ἀμερές</span> <span class='ocrx_word' id='word_1_220' title='bbox 1597 1785 1731 1838; x_wconf 87' lang='grc' dir='ltr'>φησι</span> <span class='ocrx_word' id='word_1_221' title='bbox 1761 1769 1824 1821; x_wconf 81' lang='grc' dir='ltr'>τὸ</span> <span class='ocrx_word' id='word_1_222' title='bbox 1850 1769 2024 1830; x_wconf 83' lang='grc' dir='ltr'>Θεῖον,</span> <span class='ocrx_word' id='word_1_223' title='bbox 2067 1769 2208 1820; x_wconf 81' lang='grc' dir='ltr'>διότι</span> <span class='ocrx_word' id='word_1_224' title='bbox 2243 1767 2341 1820; x_wconf 71' lang='grc' dir='ltr'>καὶ</span> <span class='ocrx_word' id='word_1_225' title='bbox 2378 1770 2601 1823; x_wconf 79' lang='grc' dir='ltr'>ἄποσον.</span> <span class='ocrx_word' id='word_1_226' title='bbox 2644 1769 2754 1822; x_wconf 78' lang='grc' dir='ltr'>Καὶ</span> <span class='ocrx_word' id='word_1_227' title='bbox 2821 1769 3004 1834; x_wconf 80' lang='grc' dir='ltr'>πάλιν,</span> <span class='ocrx_word' id='word_1_228' title='bbox 3055 1771 3230 1834; x_wconf 80' lang='grc' dir='ltr'>Πᾶσα,</span> <span class='ocrx_word' id='word_1_229' title='bbox 3265 1772 3421 1840; x_wconf 72' lang='grc' dir='ltr'>φησὶ,</span> <span class='ocrx_word' id='word_1_230' title='bbox 3465 1769 3698 1838; x_wconf 58' lang='grc' dir='ltr'>διαφορά</span> 
     </span>
    </p>
   </div>
   <div class='ocr_carea' id='block_1_32' title="bbox 447 1857 3698 1936">
    <p class='ocr_par' dir='ltr' id='par_1_32' title="bbox 447 1857 3698 1936">
     <span class='ocr_line' id='line_1_32' title="bbox 447 1857 3698 1936; baseline 0.001 -24"><span class='ocrx_word' id='word_1_231' title='bbox 447 1857 548 1922; x_wconf 80' lang='grc' dir='ltr'>τῆς</span> <span class='ocrx_word' id='word_1_232' title='bbox 585 1859 760 1912; x_wconf 66' lang='grc' dir='ltr'>ἄλλων</span> <span class='ocrx_word' id='word_1_233' title='bbox 779 1862 914 1930; x_wconf 78' lang='grc' dir='ltr'>πρὸς</span> <span class='ocrx_word' id='word_1_234' title='bbox 937 1863 1072 1915; x_wconf 82' lang='grc' dir='ltr'>ἄλλα</span> <span class='ocrx_word' id='word_1_235' title='bbox 1107 1865 1249 1916; x_wconf 82' lang='grc' dir='ltr'>κατὰ</span> <span class='ocrx_word' id='word_1_236' title='bbox 1275 1864 1367 1916; x_wconf 83' lang='grc' dir='ltr'>τὸν</span> <span class='ocrx_word' id='word_1_237' title='bbox 1398 1863 1491 1915; x_wconf 79' lang='grc' dir='ltr'>τοῦ</span> <span class='ocrx_word' id='word_1_238' title='bbox 1521 1864 1638 1926; x_wconf 88' lang='grc' dir='ltr'>πῶς</span> <span class='ocrx_word' id='word_1_239' title='bbox 1663 1860 1801 1916; x_wconf 81' lang='grc' dir='ltr'>εἶναι</span> <span class='ocrx_word' id='word_1_240' title='bbox 1827 1863 1984 1930; x_wconf 87' lang='grc' dir='ltr'>λόγον</span> <span class='ocrx_word' id='word_1_241' title='bbox 1997 1863 2384 1932; x_wconf 81' lang='grc' dir='ltr'>ἀνομοιότητός</span> <span class='ocrx_word' id='word_1_242' title='bbox 2414 1877 2474 1916; x_wconf 86' lang='grc' dir='ltr'>τε</span> <span class='ocrx_word' id='word_1_243' title='bbox 2502 1867 2593 1915; x_wconf 71' lang='grc' dir='ltr'>καὶ</span> <span class='ocrx_word' id='word_1_244' title='bbox 2616 1865 2934 1934; x_wconf 77' lang='grc' dir='ltr'>ἑτερότητος</span> <span class='ocrx_word' id='word_1_245' title='bbox 2959 1861 3094 1920; x_wconf 77' lang='grc' dir='ltr'>οὖσα</span> <span class='ocrx_word' id='word_1_246' title='bbox 3120 1865 3415 1936; x_wconf 81' lang='grc' dir='ltr'>δηλωτικὴ,</span> <span class='ocrx_word' id='word_1_247' title='bbox 3441 1867 3504 1919; x_wconf 82' lang='grc' dir='ltr'>τὸ</span> <span class='ocrx_word' id='word_1_248' title='bbox 3533 1866 3698 1918; x_wconf 68' lang='grc' dir='ltr'>ποσὸν</span> 
     </span>
    </p>
   </div>
   <div class='ocr_carea' id='block_1_33' title="bbox 449 1953 3698 2028">
    <p class='ocr_par' dir='ltr' id='par_1_33' title="bbox 449 1953 3698 2028">
     <span class='ocr_line' id='line_1_33' title="bbox 449 1953 3698 2028; baseline 0.001 -23"><span class='ocrx_word' id='word_1_249' title='bbox 449 1955 554 2005; x_wconf 70' lang='grc' dir='ltr'>τῦν</span> <span class='ocrx_word' id='word_1_250' title='bbox 579 1954 942 2022; x_wconf 73' lang='grc' dir='ltr'>διαφερόντων</span> <span class='ocrx_word' id='word_1_251' title='bbox 963 1957 1304 2024; x_wconf 74' lang='grc' dir='ltr'>πραγμάτων</span> <span class='ocrx_word' id='word_1_252' title='bbox 1339 1957 1690 2021; x_wconf 81' lang='grc' dir='ltr'>συνεισάγειν</span> <span class='ocrx_word' id='word_1_253' title='bbox 1707 1957 1872 2024; x_wconf 78' lang='grc' dir='ltr'>ἑαυτῇ</span> <span class='ocrx_word' id='word_1_254' title='bbox 1894 1955 2159 2023; x_wconf 80' lang='grc' dir='ltr'>πέφυκεν,</span> <span class='ocrx_word' id='word_1_255' title='bbox 2191 1953 2292 2006; x_wconf 73' lang='grc' dir='ltr'>εἴτ’</span> <span class='ocrx_word' id='word_1_256' title='bbox 2313 1957 2515 2010; x_wconf 81' lang='grc' dir='ltr'>οὐσιῶν</span> <span class='ocrx_word' id='word_1_257' title='bbox 2539 1957 2652 2008; x_wconf 81' lang='grc' dir='ltr'>εἴτε</span> <span class='ocrx_word' id='word_1_258' title='bbox 2708 1957 3011 2027; x_wconf 80' lang='grc' dir='ltr'>ποιοτήτων</span> <span class='ocrx_word' id='word_1_259' title='bbox 3035 1959 3131 2010; x_wconf 75' lang='grc' dir='ltr'>εἴτ’</span> <span class='ocrx_word' id='word_1_260' title='bbox 3160 1959 3438 2028; x_wconf 83' lang='grc' dir='ltr'>ίδιοτήτων</span> <span class='ocrx_word' id='word_1_261' title='bbox 3455 1975 3468 1988; x_wconf 90' lang='grc'>·</span> <span class='ocrx_word' id='word_1_262' title='bbox 3498 1959 3565 2010; x_wconf 78' lang='grc' dir='ltr'>τὰ</span> <span class='ocrx_word' id='word_1_263' title='bbox 3603 1958 3698 2024; x_wconf 77' lang='grc' dir='ltr'>μὲν</span> 
     </span>
    </p>
   </div>
   <div class='ocr_carea' id='block_1_34' title="bbox 447 2045 3697 2122">
    <p class='ocr_par' dir='ltr' id='par_1_34' title="bbox 447 2045 3697 2122">
     <span class='ocr_line' id='line_1_34' title="bbox 447 2045 3697 2122; baseline 0.002 -26"><span class='ocrx_word' id='word_1_264' title='bbox 447 2047 558 2115; x_wconf 74' lang='grc' dir='ltr'>γὰρ</span> <span class='ocrx_word' id='word_1_265' title='bbox 594 2047 666 2114; x_wconf 82' lang='grc' dir='ltr'>μὴ</span> <span class='ocrx_word' id='word_1_266' title='bbox 699 2046 948 2116; x_wconf 72' lang='grc' dir='ltr'>ἀλλήλοις</span> <span class='ocrx_word' id='word_1_267' title='bbox 973 2049 1149 2116; x_wconf 82' lang='grc' dir='ltr'>πάντη</span> <span class='ocrx_word' id='word_1_268' title='bbox 1173 2049 1346 2102; x_wconf 77' lang='grc' dir='ltr'>ταυτὰ</span> <span class='ocrx_word' id='word_1_269' title='bbox 1377 2049 1470 2101; x_wconf 78' lang='grc' dir='ltr'>ἕνα</span> <span class='ocrx_word' id='word_1_270' title='bbox 1507 2049 1600 2101; x_wconf 78' lang='grc' dir='ltr'>καὶ</span> <span class='ocrx_word' id='word_1_271' title='bbox 1635 2049 1724 2101; x_wconf 84' lang='grc' dir='ltr'>τὸν</span> <span class='ocrx_word' id='word_1_272' title='bbox 1758 2049 1920 2100; x_wconf 85' lang='grc' dir='ltr'>αὐτὸν</span> <span class='ocrx_word' id='word_1_273' title='bbox 1948 2049 2042 2100; x_wconf 81' lang='grc' dir='ltr'>τοῦ</span> <span class='ocrx_word' id='word_1_274' title='bbox 2061 2045 2198 2101; x_wconf 84' lang='grc' dir='ltr'>εἶναι</span> <span class='ocrx_word' id='word_1_275' title='bbox 2230 2050 2484 2120; x_wconf 72' lang='grc' dir='ltr'>οὐδαμῶς</span> <span class='ocrx_word' id='word_1_276' title='bbox 2511 2053 2815 2122; x_wconf 79' lang='grc' dir='ltr'>ἐπιδέχεται</span> <span class='ocrx_word' id='word_1_277' title='bbox 2839 2052 3020 2120; x_wconf 84' lang='grc' dir='ltr'>λόγον,</span> <span class='ocrx_word' id='word_1_278' title='bbox 3055 2053 3121 2106; x_wconf 81' lang='grc' dir='ltr'>τὰ</span> <span class='ocrx_word' id='word_1_279' title='bbox 3146 2053 3200 2104; x_wconf 79' lang='grc' dir='ltr'>δὲ</span> <span class='ocrx_word' id='word_1_280' title='bbox 3233 2051 3410 2122; x_wconf 80' lang='grc' dir='ltr'>πάντη</span> <span class='ocrx_word' id='word_1_281' title='bbox 3446 2051 3697 2120; x_wconf 80' lang='grc' dir='ltr'>ἀλλήλοις</span> 
     </span>
    </p>
   </div>
   <div class='ocr_carea' id='block_1_35' title="bbox 447 2141 3699 2218">
    <p class='ocr_par' dir='ltr' id='par_1_35' title="bbox 447 2141 3699 2218">
     <span class='ocr_line' id='line_1_35' title="bbox 447 2141 3699 2218; baseline 0.002 -26"><span class='ocrx_word' id='word_1_282' title='bbox 447 2143 618 2193; x_wconf 62' lang='grc' dir='ltr'>ταυτα</span> <span class='ocrx_word' id='word_1_283' title='bbox 673 2143 938 2211; x_wconf 77' lang='grc' dir='ltr'>διαφορᾶς</span> <span class='ocrx_word' id='word_1_284' title='bbox 995 2145 1344 2198; x_wconf 85' lang='grc' dir='ltr'>ἁνεπίδεκτα.</span> <span class='ocrx_word' id='word_1_285' title='bbox 1420 2147 1528 2198; x_wconf 77' lang='grc' dir='ltr'>Καὶ</span> <span class='ocrx_word' id='word_1_286' title='bbox 1560 2146 1669 2213; x_wconf 83' lang='grc' dir='ltr'>γὰρ</span> <span class='ocrx_word' id='word_1_287' title='bbox 1695 2143 1901 2198; x_wconf 81' lang='grc' dir='ltr'>ἁπλοῦν</span> <span class='ocrx_word' id='word_1_288' title='bbox 1933 2143 2306 2214; x_wconf 80' lang='grc' dir='ltr'>ὡμολογηκὼς</span> <span class='ocrx_word' id='word_1_289' title='bbox 2335 2147 2597 2218; x_wconf 87' lang='grc' dir='ltr'>πρότερον</span> <span class='ocrx_word' id='word_1_290' title='bbox 2627 2143 2767 2202; x_wconf 74' lang='grc' dir='ltr'>εῖναι</span> <span class='ocrx_word' id='word_1_291' title='bbox 2791 2148 2850 2201; x_wconf 81' lang='grc' dir='ltr'>τδ</span> <span class='ocrx_word' id='word_1_292' title='bbox 2877 2149 3050 2211; x_wconf 84' lang='grc' dir='ltr'>Θεῖον,</span> <span class='ocrx_word' id='word_1_293' title='bbox 3078 2141 3195 2200; x_wconf 80' lang='grc' dir='ltr'>εἶτα</span> <span class='ocrx_word' id='word_1_294' title='bbox 3229 2149 3288 2200; x_wconf 77' lang='grc' dir='ltr'>τὸ</span> <span class='ocrx_word' id='word_1_295' title='bbox 3327 2148 3504 2216; x_wconf 84' lang='grc' dir='ltr'>πάντη</span> <span class='ocrx_word' id='word_1_296' title='bbox 3538 2149 3699 2214; x_wconf 65' lang='grc' dir='ltr'>φησιν</span> 
     </span>
    </p>
   </div>
   <div class='ocr_carea' id='block_1_36' title="bbox 451 2233 3698 2310">
    <p class='ocr_par' dir='ltr' id='par_1_36' title="bbox 451 2233 3698 2310">
     <span class='ocr_line' id='line_1_36' title="bbox 451 2233 3698 2310; baseline 0.002 -23"><span class='ocrx_word' id='word_1_297' title='bbox 451 2233 652 2288; x_wconf 79' lang='grc' dir='ltr'>ἁπλοῦν</span> <span class='ocrx_word' id='word_1_298' title='bbox 679 2236 942 2305; x_wconf 75' lang='grc' dir='ltr'>διαφορᾶς</span> <span class='ocrx_word' id='word_1_299' title='bbox 987 2233 1125 2289; x_wconf 74' lang='grc' dir='ltr'>εῖναι</span> <span class='ocrx_word' id='word_1_300' title='bbox 1151 2238 1507 2292; x_wconf 78' lang='grc' dir='ltr'>ἀνεπίδεκτον</span> <span class='ocrx_word' id='word_1_301' title='bbox 1529 2255 1543 2270; x_wconf 82' lang='lat'><strong>&#39;</strong></span> <span class='ocrx_word' id='word_1_302' title='bbox 1573 2239 1705 2293; x_wconf 83' lang='grc' dir='ltr'>διότι</span> <span class='ocrx_word' id='word_1_303' title='bbox 1731 2241 1825 2292; x_wconf 71' lang='grc' dir='ltr'>καὶ</span> <span class='ocrx_word' id='word_1_304' title='bbox 1854 2241 2031 2308; x_wconf 84' lang='grc' dir='ltr'>πάντη</span> <span class='ocrx_word' id='word_1_305' title='bbox 2065 2241 2264 2294; x_wconf 80' lang='grc' dir='ltr'>ταυτὸν</span> <span class='ocrx_word' id='word_1_306' title='bbox 2295 2241 2472 2309; x_wconf 83' lang='grc' dir='ltr'>ἐαυτῷ</span> <span class='ocrx_word' id='word_1_307' title='bbox 2500 2241 2592 2294; x_wconf 76' lang='grc' dir='ltr'>καὶ</span> <span class='ocrx_word' id='word_1_308' title='bbox 2621 2241 2909 2310; x_wconf 69' lang='grc' dir='ltr'>μοναδικὶν</span> <span class='ocrx_word' id='word_1_309' title='bbox 2931 2241 3026 2294; x_wconf 71' lang='grc' dir='ltr'>καὶ</span> <span class='ocrx_word' id='word_1_310' title='bbox 3057 2241 3177 2293; x_wconf 81' lang='grc' dir='ltr'>ὅλον</span> <span class='ocrx_word' id='word_1_311' title='bbox 3199 2240 3332 2302; x_wconf 80' lang='grc' dir='ltr'>ὅλως</span> <span class='ocrx_word' id='word_1_312' title='bbox 3351 2240 3598 2310; x_wconf 71' lang='grc' dir='ltr'>ἄσχετον,</span> <span class='ocrx_word' id='word_1_313' title='bbox 3627 2242 3698 2301; x_wconf 85' lang='grc' dir='ltr'>ὼς</span> 
     </span>
    </p>
   </div>
   <div class='ocr_carea' id='block_1_37' title="bbox 447 2329 3688 2404">
    <p class='ocr_par' dir='ltr' id='par_1_37' title="bbox 447 2329 3688 2404">
     <span class='ocr_line' id='line_1_37' title="bbox 447 2329 3688 2404; baseline 0.002 -21"><span class='ocrx_word' id='word_1_314' title='bbox 447 2331 510 2383; x_wconf 75' lang='grc' dir='ltr'>τὸ</span> <span class='ocrx_word' id='word_1_315' title='bbox 537 2333 594 2380; x_wconf 80' lang='grc' dir='ltr'>ἐν</span> <span class='ocrx_word' id='word_1_316' title='bbox 637 2329 790 2396; x_wconf 79' lang='grc' dir='ltr'>ποσῷ</span> <span class='ocrx_word' id='word_1_317' title='bbox 818 2333 972 2396; x_wconf 84' lang='grc' dir='ltr'>γένος</span> <span class='ocrx_word' id='word_1_318' title='bbox 997 2331 1094 2382; x_wconf 85' lang='grc' dir='ltr'>οὐκ</span> <span class='ocrx_word' id='word_1_319' title='bbox 1121 2329 1243 2399; x_wconf 74' lang='grc' dir='ltr'>ἕχον</span> <span class='ocrx_word' id='word_1_320' title='bbox 1277 2332 1792 2401; x_wconf 82' lang='grc' dir='ltr'>κατηγορούμενον,</span> <span class='ocrx_word' id='word_1_321' title='bbox 1823 2333 1918 2386; x_wconf 73' lang='grc' dir='ltr'>καὶ</span> <span class='ocrx_word' id='word_1_322' title='bbox 1949 2333 2038 2386; x_wconf 85' lang='grc' dir='ltr'>διὰ</span> <span class='ocrx_word' id='word_1_323' title='bbox 2057 2333 2216 2387; x_wconf 81' lang='grc' dir='ltr'>τοῦτο</span> <span class='ocrx_word' id='word_1_324' title='bbox 2246 2333 2525 2398; x_wconf 84' lang='grc' dir='ltr'>παντελῶς</span> <span class='ocrx_word' id='word_1_325' title='bbox 2563 2333 2664 2386; x_wconf 75' lang='grc' dir='ltr'>οὐκ</span> <span class='ocrx_word' id='word_1_326' title='bbox 2703 2334 3112 2404; x_wconf 76' lang='grc' dir='ltr'>ἀριθμούμενον</span> <span class='ocrx_word' id='word_1_327' title='bbox 3135 2331 3258 2386; x_wconf 72' lang='grc' dir='ltr'>οὐδὲ</span> <span class='ocrx_word' id='word_1_328' title='bbox 3285 2333 3688 2404; x_wconf 77' lang='grc' dir='ltr'>διαιρούμενον.</span> 
     </span>
    </p>
   </div>
   <div class='ocr_carea' id='block_1_38' title="bbox 522 2419 2024 2493">
    <p class='ocr_par' dir='ltr' id='par_1_38' title="bbox 522 2419 2024 2488">
     <span class='ocr_line' id='line_1_38' title="bbox 522 2419 2024 2488; baseline 0.001 -14"><span class='ocrx_word' id='word_1_329' title='bbox 522 2419 849 2482; x_wconf 73' lang='lat' dir='ltr'><strong>V.Videsne,</strong></span> <span class='ocrx_word' id='word_1_330' title='bbox 875 2428 934 2472; x_wconf 90' lang='lat' dir='ltr'>ut</span> <span class='ocrx_word' id='word_1_331' title='bbox 957 2420 1050 2473; x_wconf 80' lang='lat' dir='ltr'>ubi</span> <span class='ocrx_word' id='word_1_332' title='bbox 1077 2419 1380 2488; x_wconf 84' lang='lat' dir='ltr'><strong>duplicatio</strong></span> <span class='ocrx_word' id='word_1_333' title='bbox 1409 2431 1727 2475; x_wconf 84' lang='lat' dir='ltr'><strong>naturarum</strong></span> <span class='ocrx_word' id='word_1_334' title='bbox 1757 2432 1814 2477; x_wconf 94' lang='lat' dir='ltr'>et</span> <span class='ocrx_word' id='word_1_335' title='bbox 1837 2437 2024 2476; x_wconf 86' lang='lat' dir='ltr'><strong>nume-</strong></span> 
     </span>
    </p>
   </div>
   <div class='ocr_carea' id='block_1_39' title="bbox 2124 2419 3696 2493">
    <p class='ocr_par' dir='ltr' id='par_1_39' title="bbox 2209 2419 3696 2493">
     <span class='ocr_line' id='line_1_39' title="bbox 2209 2419 3696 2493; baseline -0.001 -19"><span class='ocrx_word' id='word_1_336' title='bbox 2209 2419 2286 2476; x_wconf 84' lang='lat' dir='ltr'>E&#39;.</span> <span class='ocrx_word' id='word_1_337' title='bbox 2334 2421 2498 2493; x_wconf 81' lang='grc' dir='ltr'>Ὁρᾷς</span> <span class='ocrx_word' id='word_1_338' title='bbox 2531 2422 2648 2482; x_wconf 86' lang='grc' dir='ltr'>πῶς</span> <span class='ocrx_word' id='word_1_339' title='bbox 2678 2423 2813 2476; x_wconf 84' lang='grc' dir='ltr'>ὅπου</span> <span class='ocrx_word' id='word_1_340' title='bbox 2842 2421 3036 2492; x_wconf 79' lang='grc' dir='ltr'>διπλόη</span> <span class='ocrx_word' id='word_1_341' title='bbox 3077 2421 3295 2490; x_wconf 76' lang='grc' dir='ltr'>φύσεων</span> <span class='ocrx_word' id='word_1_342' title='bbox 3319 2422 3412 2474; x_wconf 69' lang='grc' dir='ltr'>καὶ</span> <span class='ocrx_word' id='word_1_343' title='bbox 3443 2422 3696 2490; x_wconf 71' lang='grc' dir='ltr'>ἀριθμὸς,</span> 
     </span>
    </p>
   </div>
   <div class='ocr_carea' id='block_1_40' title="bbox 449 2511 2032 2582">
    <p class='ocr_par' dir='ltr' id='par_1_40' title="bbox 449 2511 2032 2582">
     <span class='ocr_line' id='line_1_40' title="bbox 449 2511 2032 2582; baseline 0.002 -19"><span class='ocrx_word' id='word_1_344' title='bbox 449 2527 548 2564; x_wconf 83' lang='lat' dir='ltr'>rus</span> <span class='ocrx_word' id='word_1_345' title='bbox 571 2521 678 2570; x_wconf 86' lang='lat' dir='ltr'><strong>est.</strong></span> <span class='ocrx_word' id='word_1_346' title='bbox 718 2511 968 2566; x_wconf 83' lang='lat' dir='ltr'><strong>varietati</strong></span> <span class='ocrx_word' id='word_1_347' title='bbox 999 2513 1120 2566; x_wconf 91' lang='lat' dir='ltr'><strong>loco</strong></span> <span class='ocrx_word' id='word_1_348' title='bbox 1155 2511 1304 2574; x_wconf 89' lang='lat' dir='ltr'><strong>dato,</strong></span> <span class='ocrx_word' id='word_1_349' title='bbox 1332 2511 1622 2566; x_wconf 86' lang='lat' dir='ltr'><strong>dissolutio</strong></span> <span class='ocrx_word' id='word_1_350' title='bbox 1649 2521 1734 2566; x_wconf 89' lang='lat' dir='ltr'>est</span> <span class='ocrx_word' id='word_1_351' title='bbox 1765 2521 1820 2566; x_wconf 86' lang='lat' dir='ltr'>et</span> <span class='ocrx_word' id='word_1_352' title='bbox 1855 2513 2032 2582; x_wconf 87' lang='lat' dir='ltr'><strong>parti-</strong></span> 
     </span>
    </p>
   </div>
   <div class='ocr_carea' id='block_1_41' title="bbox 451 2603 2032 2672">
    <p class='ocr_par' dir='ltr' id='par_1_41' title="bbox 451 2603 2032 2672">
     <span class='ocr_line' id='line_1_41' title="bbox 451 2603 2032 2672; baseline 0 -15"><span class='ocrx_word' id='word_1_353' title='bbox 451 2605 551 2664; x_wconf 87' lang='lat' dir='ltr'><strong>tio,</strong></span> <span class='ocrx_word' id='word_1_354' title='bbox 601 2605 696 2656; x_wconf 91' lang='lat' dir='ltr'>ubi</span> <span class='ocrx_word' id='word_1_355' title='bbox 725 2613 906 2658; x_wconf 87' lang='lat' dir='ltr'><strong>autem</strong></span> <span class='ocrx_word' id='word_1_356' title='bbox 935 2603 1096 2658; x_wconf 91' lang='lat' dir='ltr'><strong>unica</strong></span> <span class='ocrx_word' id='word_1_357' title='bbox 1127 2603 1454 2672; x_wconf 79' lang='lat' dir='ltr'><strong>simplicitas</strong></span> <span class='ocrx_word' id='word_1_358' title='bbox 1476 2643 1490 2666; x_wconf 89' lang='lat'>,</span> <span class='ocrx_word' id='word_1_359' title='bbox 1523 2603 1701 2658; x_wconf 87' lang='lat' dir='ltr'><strong>aliena</strong></span> <span class='ocrx_word' id='word_1_360' title='bbox 1733 2613 1787 2657; x_wconf 91' lang='lat' dir='ltr'>et</span> <span class='ocrx_word' id='word_1_361' title='bbox 1833 2603 2032 2657; x_wconf 87' lang='lat' dir='ltr'><strong>intole-</strong></span> 
     </span>
    </p>
   </div>
   <div class='ocr_carea' id='block_1_42' title="bbox 452 2693 2026 2764">
    <p class='ocr_par' dir='ltr' id='par_1_42' title="bbox 452 2693 2026 2764">
     <span class='ocr_line' id='line_1_42' title="bbox 452 2693 2026 2764; baseline 0.001 -16"><span class='ocrx_word' id='word_1_362' title='bbox 452 2693 644 2750; x_wconf 82' lang='lat' dir='ltr'><strong>rabilis</strong></span> <span class='ocrx_word' id='word_1_363' title='bbox 693 2695 930 2749; x_wconf 80' lang='lat' dir='ltr'><strong>varietas</strong></span> <span class='ocrx_word' id='word_1_364' title='bbox 981 2701 1036 2748; x_wconf 92' lang='lat' dir='ltr'>et</span> <span class='ocrx_word' id='word_1_365' title='bbox 1081 2695 1562 2764; x_wconf 85' lang='lat' dir='ltr'><strong>partitio?ltaque</strong></span> <span class='ocrx_word' id='word_1_366' title='bbox 1587 2693 2026 2749; x_wconf 87' lang='lat' dir='ltr'><strong>concludendum</strong></span> 
     </span>
    </p>
   </div>
   <div class='ocr_carea' id='block_1_43' title="bbox 451 2780 2027 2856">
    <p class='ocr_par' dir='ltr' id='par_1_43' title="bbox 451 2780 2027 2856">
     <span class='ocr_line' id='line_1_43' title="bbox 451 2780 2027 2856; baseline 0.002 -19"><span class='ocrx_word' id='word_1_367' title='bbox 451 2799 538 2838; x_wconf 85' lang='lat' dir='ltr'>est</span> <span class='ocrx_word' id='word_1_368' title='bbox 562 2785 825 2839; x_wconf 83' lang='lat' dir='ltr'><strong>Joannem</strong></span> <span class='ocrx_word' id='word_1_369' title='bbox 855 2785 1254 2841; x_wconf 86' lang='lat' dir='ltr'><strong>Damascenum</strong></span> <span class='ocrx_word' id='word_1_370' title='bbox 1287 2785 1512 2839; x_wconf 87' lang='lat' dir='ltr'><strong>minime</strong></span> <span class='ocrx_word' id='word_1_371' title='bbox 1549 2780 1732 2840; x_wconf 63' lang='lat' dir='ltr'><strong>sec&#39;um</strong></span> <span class='ocrx_word' id='word_1_372' title='bbox 1763 2801 2027 2856; x_wconf 78' lang='lat' dir='ltr'><strong>pugnare,</strong></span> 
     </span>
    </p>
   </div>
   <div class='ocr_carea' id='block_1_44' title="bbox 451 2875 2029 2947">
    <p class='ocr_par' dir='ltr' id='par_1_44' title="bbox 451 2875 2029 2947">
     <span class='ocr_line' id='line_1_44' title="bbox 451 2875 2029 2947; baseline 0.002 -20"><span class='ocrx_word' id='word_1_373' title='bbox 451 2878 544 2944; x_wconf 80' lang='lat' dir='ltr'>qui</span> <span class='ocrx_word' id='word_1_374' title='bbox 582 2876 670 2930; x_wconf 89' lang='lat' dir='ltr'><strong>hic</strong></span> <span class='ocrx_word' id='word_1_375' title='bbox 699 2877 846 2931; x_wconf 89' lang='lat' dir='ltr'><strong>dicat</strong></span> <span class='ocrx_word' id='word_1_376' title='bbox 877 2875 1203 2940; x_wconf 87' lang='lat' dir='ltr'><strong>increatum,</strong></span> <span class='ocrx_word' id='word_1_377' title='bbox 1225 2877 1558 2942; x_wconf 87' lang='lat' dir='ltr'><strong>immortale,</strong></span> <span class='ocrx_word' id='word_1_378' title='bbox 1576 2887 1632 2933; x_wconf 83' lang='lat' dir='ltr'>et</span> <span class='ocrx_word' id='word_1_379' title='bbox 1657 2877 1866 2946; x_wconf 87' lang='lat' dir='ltr'><strong>reliqua</strong></span> <span class='ocrx_word' id='word_1_380' title='bbox 1885 2877 2029 2947; x_wconf 84' lang='lat' dir='ltr'><strong>ejus-</strong></span> 
     </span>
    </p>
   </div>
   <div class='ocr_carea' id='block_1_45' title="bbox 451 2968 2028 3033">
    <p class='ocr_par' dir='ltr' id='par_1_45' title="bbox 451 2968 2028 3033">
     <span class='ocr_line' id='line_1_45' title="bbox 451 2968 2028 3033; baseline 0.001 -11"><span class='ocrx_word' id='word_1_381' title='bbox 451 2968 600 3022; x_wconf 84' lang='lat' dir='ltr'><strong>modi</strong></span> <span class='ocrx_word' id='word_1_382' title='bbox 633 2983 739 3023; x_wconf 92' lang='lat' dir='ltr'>non</span> <span class='ocrx_word' id='word_1_383' title='bbox 781 2983 902 3023; x_wconf 90' lang='lat' dir='ltr'><strong>esse</strong></span> <span class='ocrx_word' id='word_1_384' title='bbox 929 2970 1224 3022; x_wconf 84' lang='lat' dir='ltr'><strong>varietates</strong></span> <span class='ocrx_word' id='word_1_385' title='bbox 1250 2969 1593 3033; x_wconf 83' lang='lat' dir='ltr'><strong>essentiales,</strong></span> <span class='ocrx_word' id='word_1_386' title='bbox 1637 2969 1750 3022; x_wconf 89' lang='lat' dir='ltr'><strong>illic</strong></span> <span class='ocrx_word' id='word_1_387' title='bbox 1782 2985 1912 3023; x_wconf 78' lang='lat' dir='ltr'><strong>vero</strong></span> <span class='ocrx_word' id='word_1_388' title='bbox 1944 2985 2028 3023; x_wconf 87' lang='lat' dir='ltr'><strong>es-</strong></span> 
     </span>
    </p>
   </div>
   <div class='ocr_carea' id='block_1_46' title="bbox 453 3060 2024 3116">
    <p class='ocr_par' dir='ltr' id='par_1_46' title="bbox 453 3060 2024 3116">
     <span class='ocr_line' id='line_1_46' title="bbox 453 3060 2024 3116; baseline 0.001 -4"><span class='ocrx_word' id='word_1_389' title='bbox 453 3061 736 3113; x_wconf 85' lang='lat' dir='ltr'><strong>sentialem</strong></span> <span class='ocrx_word' id='word_1_390' title='bbox 775 3075 1063 3114; x_wconf 87' lang='lat' dir='ltr'><strong>remanere</strong></span> <span class='ocrx_word' id='word_1_391' title='bbox 1091 3060 1414 3114; x_wconf 81' lang='lat' dir='ltr'><strong>varietatem</strong></span> <span class='ocrx_word' id='word_1_392' title='bbox 1447 3061 1502 3113; x_wconf 91' lang='lat' dir='ltr'>in</span> <span class='ocrx_word' id='word_1_393' title='bbox 1526 3061 1759 3115; x_wconf 91' lang='lat' dir='ltr'><strong>duarum</strong></span> <span class='ocrx_word' id='word_1_394' title='bbox 1787 3061 1908 3116; x_wconf 85' lang='lat' dir='ltr'><strong>Filii</strong></span> <span class='ocrx_word' id='word_1_395' title='bbox 1933 3062 2024 3115; x_wconf 85' lang='lat' dir='ltr'><strong>Dei</strong></span> 
     </span>
    </p>
   </div>
   <div class='ocr_carea' id='block_1_47' title="bbox 453 3148 2027 3220">
    <p class='ocr_par' dir='ltr' id='par_1_47' title="bbox 453 3148 2027 3220">
     <span class='ocr_line' id='line_1_47' title="bbox 453 3148 2027 3220; baseline 0.003 -19"><span class='ocrx_word' id='word_1_396' title='bbox 453 3157 775 3202; x_wconf 80' lang='lat' dir='ltr'><strong>naturarum</strong></span> <span class='ocrx_word' id='word_1_397' title='bbox 830 3148 884 3201; x_wconf 92' lang='lat' dir='ltr'>in</span> <span class='ocrx_word' id='word_1_398' title='bbox 939 3163 1103 3202; x_wconf 88' lang='lat' dir='ltr'><strong>unam</strong></span> <span class='ocrx_word' id='word_1_399' title='bbox 1159 3163 1448 3216; x_wconf 87' lang='lat' dir='ltr'><strong>personam</strong></span> <span class='ocrx_word' id='word_1_400' title='bbox 1506 3151 1918 3220; x_wconf 87' lang='lat' dir='ltr'><strong>conjunctione,</strong></span> <span class='ocrx_word' id='word_1_401' title='bbox 1971 3159 2027 3205; x_wconf 91' lang='lat' dir='ltr'>et</span> 
     </span>
    </p>
   </div>
   <div class='ocr_carea' id='block_1_48' title="bbox 453 3239 2023 3301">
    <p class='ocr_par' dir='ltr' id='par_1_48' title="bbox 453 3239 2023 3301">
     <span class='ocr_line' id='line_1_48' title="bbox 453 3239 2023 3301; baseline 0 -11"><span class='ocrx_word' id='word_1_402' title='bbox 453 3251 676 3291; x_wconf 88' lang='lat' dir='ltr'><strong>manere</strong></span> <span class='ocrx_word' id='word_1_403' title='bbox 709 3245 955 3291; x_wconf 83' lang='lat' dir='ltr'><strong>creatum</strong></span> <span class='ocrx_word' id='word_1_404' title='bbox 1001 3247 1272 3300; x_wconf 90' lang='lat' dir='ltr'><strong>creatum,</strong></span> <span class='ocrx_word' id='word_1_405' title='bbox 1322 3239 1628 3292; x_wconf 88' lang='lat' dir='ltr'><strong>increatum</strong></span> <span class='ocrx_word' id='word_1_406' title='bbox 1681 3239 2023 3301; x_wconf 86' lang='lat' dir='ltr'><strong>increatum,</strong></span> 
     </span>
    </p>
   </div>
   <div class='ocr_carea' id='block_1_49' title="bbox 455 3329 2024 3398">
    <p class='ocr_par' dir='ltr' id='par_1_49' title="bbox 455 3329 2024 3398">
     <span class='ocr_line' id='line_1_49' title="bbox 455 3329 2024 3398; baseline 0 -15"><span class='ocrx_word' id='word_1_407' title='bbox 455 3331 686 3384; x_wconf 86' lang='lat' dir='ltr'><strong>mortale</strong></span> <span class='ocrx_word' id='word_1_408' title='bbox 710 3331 958 3396; x_wconf 84' lang='lat' dir='ltr'><strong>mortale,</strong></span> <span class='ocrx_word' id='word_1_409' title='bbox 981 3329 1288 3384; x_wconf 89' lang='lat' dir='ltr'><strong>immortale</strong></span> <span class='ocrx_word' id='word_1_410' title='bbox 1319 3331 1645 3394; x_wconf 86' lang='lat' dir='ltr'><strong>immortale,</strong></span> <span class='ocrx_word' id='word_1_411' title='bbox 1673 3339 1729 3384; x_wconf 91' lang='lat' dir='ltr'>et</span> <span class='ocrx_word' id='word_1_412' title='bbox 1752 3329 2024 3398; x_wconf 75' lang='lat' dir='ltr'><strong>ejusmodi</strong></span> 
     </span>
    </p>
   </div>
   <div class='ocr_carea' id='block_1_50' title="bbox 455 3419 2022 3488">
    <p class='ocr_par' dir='ltr' id='par_1_50' title="bbox 455 3419 2022 3488">
     <span class='ocr_line' id='line_1_50' title="bbox 455 3419 2022 3488; baseline -0.004 -12"><span class='ocrx_word' id='word_1_413' title='bbox 455 3421 707 3476; x_wconf 85' lang='lat' dir='ltr'><strong>similiter</strong></span> <span class='ocrx_word' id='word_1_414' title='bbox 737 3422 942 3476; x_wconf 84' lang='lat' dir='ltr'><strong>omnia.</strong></span> <span class='ocrx_word' id='word_1_415' title='bbox 977 3421 1082 3476; x_wconf 89' lang='lat' dir='ltr'><strong>Sed</strong></span> <span class='ocrx_word' id='word_1_416' title='bbox 1119 3435 1243 3474; x_wconf 91' lang='lat' dir='ltr'>cum</span> <span class='ocrx_word' id='word_1_417' title='bbox 1287 3420 1513 3488; x_wconf 82' lang='lat' dir='ltr'><strong>utrique</strong></span> <span class='ocrx_word' id='word_1_418' title='bbox 1560 3419 1824 3472; x_wconf 64' lang='lat' dir='ltr'><strong>doctrinae</strong></span> <span class='ocrx_word' id='word_1_419' title='bbox 1862 3429 2022 3472; x_wconf 83' lang='lat' dir='ltr'><strong>suum</strong></span> 
     </span>
    </p>
   </div>
   <div class='ocr_carea' id='block_1_51' title="bbox 455 3511 2025 3588">
    <p class='ocr_par' dir='ltr' id='par_1_51' title="bbox 455 3511 2025 3588">
     <span class='ocr_line' id='line_1_51' title="bbox 455 3511 2025 3588; baseline -0.003 -20"><span class='ocrx_word' id='word_1_420' title='bbox 455 3513 682 3574; x_wconf 63' lang='lat' dir='ltr'><strong>tsibuat,</strong></span> <span class='ocrx_word' id='word_1_421' title='bbox 713 3513 958 3582; x_wconf 84' lang='lat' dir='ltr'><strong>loquitur</strong></span> <span class='ocrx_word' id='word_1_422' title='bbox 993 3527 1180 3567; x_wconf 86' lang='lat' dir='ltr'><strong>secum</strong></span> <span class='ocrx_word' id='word_1_423' title='bbox 1213 3521 1267 3566; x_wconf 90' lang='lat' dir='ltr'>et</span> <span class='ocrx_word' id='word_1_424' title='bbox 1299 3527 1424 3566; x_wconf 91' lang='lat' dir='ltr'>cum</span> <span class='ocrx_word' id='word_1_425' title='bbox 1457 3511 1690 3588; x_wconf 72' lang='lat' dir='ltr'><strong>veritate</strong></span> <span class='ocrx_word' id='word_1_426' title='bbox 1717 3525 2025 3578; x_wconf 79' lang='lat' dir='ltr'><strong>congruen-</strong></span> 
     </span>
    </p>
   </div>
   <div class='ocr_carea' id='block_1_52' title="bbox 454 3600 2022 3660">
    <p class='ocr_par' dir='ltr' id='par_1_52' title="bbox 454 3600 2022 3660">
     <span class='ocr_line' id='line_1_52' title="bbox 454 3600 2022 3660; baseline -0.002 -3"><span class='ocrx_word' id='word_1_427' title='bbox 454 3606 553 3658; x_wconf 85' lang='lat' dir='ltr'><strong>tia.</strong></span> <span class='ocrx_word' id='word_1_428' title='bbox 581 3604 686 3658; x_wconf 86' lang='lat' dir='ltr'>Sed</span> <span class='ocrx_word' id='word_1_429' title='bbox 713 3604 1019 3659; x_wconf 87' lang='lat' dir='ltr'><strong>audiendus</strong></span> <span class='ocrx_word' id='word_1_430' title='bbox 1047 3613 1130 3659; x_wconf 87' lang='lat' dir='ltr'>est</span> <span class='ocrx_word' id='word_1_431' title='bbox 1157 3603 1322 3660; x_wconf 87' lang='lat' dir='ltr'><strong>etiam</strong></span> <span class='ocrx_word' id='word_1_432' title='bbox 1353 3603 1512 3657; x_wconf 88' lang='lat' dir='ltr'><strong>divus</strong></span> <span class='ocrx_word' id='word_1_433' title='bbox 1539 3601 1802 3656; x_wconf 79' lang='lat' dir='ltr'><strong>Maximus</strong></span> <span class='ocrx_word' id='word_1_434' title='bbox 1825 3601 1919 3654; x_wconf 89' lang='lat' dir='ltr'>ubi</span> <span class='ocrx_word' id='word_1_435' title='bbox 1953 3600 2022 3654; x_wconf 89' lang='lat' dir='ltr'>ob</span> 
     </span>
    </p>
   </div>
   <div class='ocr_carea' id='block_1_53' title="bbox 455 3691 2028 3766">
    <p class='ocr_par' dir='ltr' id='par_1_53' title="bbox 455 3691 2028 3766">
     <span class='ocr_line' id='line_1_53' title="bbox 455 3691 2028 3766; baseline -0.001 -18"><span class='ocrx_word' id='word_1_436' title='bbox 455 3695 599 3750; x_wconf 88' lang='lat' dir='ltr'><strong>dicta</strong></span> <span class='ocrx_word' id='word_1_437' title='bbox 623 3697 822 3750; x_wconf 77' lang='lat' dir='ltr'><strong>refutat</strong></span> <span class='ocrx_word' id='word_1_438' title='bbox 844 3696 1139 3762; x_wconf 83' lang='lat' dir='ltr'><strong>Palamam,</strong></span> <span class='ocrx_word' id='word_1_439' title='bbox 1170 3697 1372 3766; x_wconf 88' lang='lat' dir='ltr'><strong>quippe</strong></span> <span class='ocrx_word' id='word_1_440' title='bbox 1391 3695 1620 3764; x_wconf 78' lang='lat' dir='ltr'><strong>simplex</strong></span> <span class='ocrx_word' id='word_1_441' title='bbox 1638 3693 1858 3749; x_wconf 89' lang='lat' dir='ltr'><strong>deitatis</strong></span> <span class='ocrx_word' id='word_1_442' title='bbox 1879 3691 2028 3746; x_wconf 84' lang='lat' dir='ltr'><strong>aufe-</strong></span> 
     </span>
    </p>
   </div>
   <div class='ocr_carea' id='block_1_54' title="bbox 2132 2511 3698 2584">
    <p class='ocr_par' dir='ltr' id='par_1_54' title="bbox 2132 2511 3698 2584">
     <span class='ocr_line' id='line_1_54' title="bbox 2132 2511 3698 2584; baseline 0 -18"><span class='ocrx_word' id='word_1_443' title='bbox 2132 2515 2250 2567; x_wconf 81' lang='grc' dir='ltr'>ὲκεῖ</span> <span class='ocrx_word' id='word_1_444' title='bbox 2278 2515 2368 2566; x_wconf 73' lang='grc' dir='ltr'>καὶ</span> <span class='ocrx_word' id='word_1_445' title='bbox 2397 2513 2500 2582; x_wconf 83' lang='grc' dir='ltr'>τῆς</span> <span class='ocrx_word' id='word_1_446' title='bbox 2540 2513 2803 2583; x_wconf 77' lang='grc' dir='ltr'>διαφορᾶς</span> <span class='ocrx_word' id='word_1_447' title='bbox 2829 2513 3012 2584; x_wconf 85' lang='grc' dir='ltr'>χώραν</span> <span class='ocrx_word' id='word_1_448' title='bbox 3045 2511 3277 2584; x_wconf 78' lang='grc' dir='ltr'>ἐχούσης</span> <span class='ocrx_word' id='word_1_449' title='bbox 3307 2513 3422 2566; x_wconf 76' lang='grc' dir='ltr'>ἔστι</span> <span class='ocrx_word' id='word_1_450' title='bbox 3442 2516 3535 2566; x_wconf 73' lang='grc' dir='ltr'>καὶ</span> <span class='ocrx_word' id='word_1_451' title='bbox 3561 2515 3698 2568; x_wconf 82' lang='grc' dir='ltr'>διαί-</span> 
     </span>
    </p>
   </div>
   <div class='ocr_carea' id='block_1_55' title="bbox 2135 2603 3698 2674">
    <p class='ocr_par' dir='ltr' id='par_1_55' title="bbox 2135 2603 3698 2674">
     <span class='ocr_line' id='line_1_55' title="bbox 2135 2603 3698 2674; baseline 0.001 -19"><span class='ocrx_word' id='word_1_452' title='bbox 2135 2621 2282 2674; x_wconf 87' lang='grc' dir='ltr'>ρεσις</span> <span class='ocrx_word' id='word_1_453' title='bbox 2333 2605 2496 2667; x_wconf 79' lang='grc' dir='ltr'>εὐθὺς</span> <span class='ocrx_word' id='word_1_454' title='bbox 2529 2603 2628 2656; x_wconf 73' lang='grc' dir='ltr'>καὶ</span> <span class='ocrx_word' id='word_1_455' title='bbox 2656 2603 2952 2674; x_wconf 71' lang='grc' dir='ltr'>μερισμὸς,</span> <span class='ocrx_word' id='word_1_456' title='bbox 2993 2603 3127 2656; x_wconf 81' lang='grc' dir='ltr'>ὅπου</span> <span class='ocrx_word' id='word_1_457' title='bbox 3161 2603 3207 2656; x_wconf 86' lang='grc' dir='ltr'>δ’</span> <span class='ocrx_word' id='word_1_458' title='bbox 3253 2603 3500 2672; x_wconf 75' lang='grc' dir='ltr'>ἁπλότης</span> <span class='ocrx_word' id='word_1_459' title='bbox 3535 2621 3698 2672; x_wconf 77' lang='grc' dir='ltr'>μονα-</span> 
     </span>
    </p>
   </div>
   <div class='ocr_carea' id='block_1_56' title="bbox 2131 2695 3696 2766">
    <p class='ocr_par' dir='ltr' id='par_1_56' title="bbox 2131 2695 3696 2766">
     <span class='ocr_line' id='line_1_56' title="bbox 2131 2695 3696 2766; baseline -0.001 -19"><span class='ocrx_word' id='word_1_460' title='bbox 2131 2695 2278 2765; x_wconf 80' lang='grc' dir='ltr'>δικὴ,</span> <span class='ocrx_word' id='word_1_461' title='bbox 2307 2696 2435 2765; x_wconf 81' lang='grc' dir='ltr'>ξένη</span> <span class='ocrx_word' id='word_1_462' title='bbox 2487 2695 2547 2747; x_wconf 87' lang='grc' dir='ltr'>τὸ</span> <span class='ocrx_word' id='word_1_463' title='bbox 2577 2697 2870 2766; x_wconf 81' lang='grc' dir='ltr'>παράπαν,</span> <span class='ocrx_word' id='word_1_464' title='bbox 2907 2697 3020 2747; x_wconf 80' lang='grc' dir='ltr'>ἐκεῖ</span> <span class='ocrx_word' id='word_1_465' title='bbox 3047 2695 3140 2746; x_wconf 69' lang='grc' dir='ltr'>καὶ</span> <span class='ocrx_word' id='word_1_466' title='bbox 3166 2695 3440 2764; x_wconf 55' lang='grc' dir='ltr'>ἀτόρητός</span> <span class='ocrx_word' id='word_1_467' title='bbox 3492 2695 3635 2746; x_wconf 77' lang='grc' dir='ltr'>ἐστιν</span> <span class='ocrx_word' id='word_1_468' title='bbox 3665 2697 3696 2763; x_wconf 79' lang='grc' dir='ltr'>ἡ</span> 
     </span>
    </p>
   </div>
   <div class='ocr_carea' id='block_1_57' title="bbox 2129 2785 3697 2858">
    <p class='ocr_par' dir='ltr' id='par_1_57' title="bbox 2129 2785 3697 2858">
     <span class='ocr_line' id='line_1_57' title="bbox 2129 2785 3697 2858; baseline -0.002 -19"><span class='ocrx_word' id='word_1_469' title='bbox 2129 2786 2364 2854; x_wconf 71' lang='grc' dir='ltr'>διαφορὰ</span> <span class='ocrx_word' id='word_1_470' title='bbox 2389 2787 2483 2838; x_wconf 71' lang='grc' dir='ltr'>καὶ</span> <span class='ocrx_word' id='word_1_471' title='bbox 2507 2787 2534 2838; x_wconf 87' lang='grc' dir='ltr'>ὁ</span> <span class='ocrx_word' id='word_1_472' title='bbox 2572 2787 2880 2858; x_wconf 80' lang='grc' dir='ltr'>μερισμός;</span> <span class='ocrx_word' id='word_1_473' title='bbox 2914 2785 3051 2839; x_wconf 86' lang='grc' dir='ltr'>ὥστε</span> <span class='ocrx_word' id='word_1_474' title='bbox 3085 2785 3461 2852; x_wconf 84' lang='grc' dir='ltr'>συλλογιστέον</span> <span class='ocrx_word' id='word_1_475' title='bbox 3493 2787 3588 2838; x_wconf 81' lang='grc' dir='ltr'>καὶ</span> <span class='ocrx_word' id='word_1_476' title='bbox 3609 2785 3697 2838; x_wconf 82' lang='grc' dir='ltr'>τὸν</span> 
     </span>
    </p>
   </div>
   <div class='ocr_carea' id='block_1_58' title="bbox 2130 2867 3698 2942">
    <p class='ocr_par' dir='ltr' id='par_1_58' title="bbox 2130 2867 3698 2942">
     <span class='ocr_line' id='line_1_58' title="bbox 2130 2867 3698 2942; baseline -0.001 -17"><span class='ocrx_word' id='word_1_477' title='bbox 2130 2875 2494 2942; x_wconf 70' lang='grc' dir='ltr'>Δαμασκηνὸν</span> <span class='ocrx_word' id='word_1_478' title='bbox 2543 2875 2798 2942; x_wconf 77' lang='grc' dir='ltr'>Ἰωάννην</span> <span class='ocrx_word' id='word_1_479' title='bbox 2837 2872 3064 2942; x_wconf 79' lang='grc' dir='ltr'>μηδαμῆ</span> <span class='ocrx_word' id='word_1_480' title='bbox 3112 2873 3418 2940; x_wconf 79' lang='grc' dir='ltr'>μαχόμενον</span> <span class='ocrx_word' id='word_1_481' title='bbox 3446 2867 3586 2924; x_wconf 76' lang='grc' dir='ltr'>εἶναι</span> <span class='ocrx_word' id='word_1_482' title='bbox 3615 2873 3698 2924; x_wconf 84' lang='grc' dir='ltr'>δο-</span> 
     </span>
    </p>
   </div>
   <div class='ocr_carea' id='block_1_59' title="bbox 2129 2963 3698 3032">
    <p class='ocr_par' dir='ltr' id='par_1_59' title="bbox 2129 2963 3698 3032">
     <span class='ocr_line' id='line_1_59' title="bbox 2129 2963 3698 3032; baseline -0.003 -14"><span class='ocrx_word' id='word_1_483' title='bbox 2129 2967 2244 3018; x_wconf 79' lang='grc' dir='ltr'>κεῖν</span> <span class='ocrx_word' id='word_1_484' title='bbox 2273 2967 2438 3018; x_wconf 75' lang='grc' dir='ltr'>αὐτὸν</span> <span class='ocrx_word' id='word_1_485' title='bbox 2489 2965 2691 3032; x_wconf 80' lang='grc' dir='ltr'>ἐαυτῷ,</span> <span class='ocrx_word' id='word_1_486' title='bbox 2725 2964 2802 3016; x_wconf 81' lang='grc' dir='ltr'>ὅτ’</span> <span class='ocrx_word' id='word_1_487' title='bbox 2852 2965 2970 3015; x_wconf 83' lang='grc' dir='ltr'>ἐκεῖ</span> <span class='ocrx_word' id='word_1_488' title='bbox 3031 2963 3129 3032; x_wconf 79' lang='grc' dir='ltr'>μὲν</span> <span class='ocrx_word' id='word_1_489' title='bbox 3159 2963 3310 3030; x_wconf 80' lang='grc' dir='ltr'>λέγει</span> <span class='ocrx_word' id='word_1_490' title='bbox 3355 2963 3415 3014; x_wconf 79' lang='grc' dir='ltr'>τὸ</span> <span class='ocrx_word' id='word_1_491' title='bbox 3446 2963 3698 3016; x_wconf 82' lang='grc' dir='ltr'>ἄκτιστον</span> 
     </span>
    </p>
   </div>
   <div class='ocr_carea' id='block_1_60' title="bbox 2127 3047 3698 3121">
    <p class='ocr_par' dir='ltr' id='par_1_60' title="bbox 2127 3047 3698 3121">
     <span class='ocr_line' id='line_1_60' title="bbox 2127 3047 3698 3121; baseline -0.003 -13"><span class='ocrx_word' id='word_1_492' title='bbox 2127 3055 2222 3108; x_wconf 72' lang='grc' dir='ltr'>καὶ</span> <span class='ocrx_word' id='word_1_493' title='bbox 2259 3053 2530 3107; x_wconf 80' lang='grc' dir='ltr'>ἀθάνατον</span> <span class='ocrx_word' id='word_1_494' title='bbox 2566 3053 2755 3106; x_wconf 75' lang='grc' dir='ltr'>καὶτὰ</span> <span class='ocrx_word' id='word_1_495' title='bbox 2782 3049 3010 3105; x_wconf 79' lang='grc' dir='ltr'>τοιαῦτα</span> <span class='ocrx_word' id='word_1_496' title='bbox 3044 3051 3118 3119; x_wconf 83' lang='grc' dir='ltr'>μὴ</span> <span class='ocrx_word' id='word_1_497' title='bbox 3148 3047 3288 3103; x_wconf 73' lang='grc' dir='ltr'>εἶναι</span> <span class='ocrx_word' id='word_1_498' title='bbox 3313 3051 3578 3121; x_wconf 69' lang='grc' dir='ltr'>διαφορὰς</span> <span class='ocrx_word' id='word_1_499' title='bbox 3611 3053 3698 3104; x_wconf 80' lang='grc' dir='ltr'>οὐ-</span> 
     </span>
    </p>
   </div>
   <div class='ocr_carea' id='block_1_61' title="bbox 2129 3141 3698 3212">
    <p class='ocr_par' dir='ltr' id='par_1_61' title="bbox 2129 3141 3698 3212">
     <span class='ocr_line' id='line_1_61' title="bbox 2129 3141 3698 3212; baseline -0.003 -14"><span class='ocrx_word' id='word_1_500' title='bbox 2129 3145 2358 3209; x_wconf 83' lang='grc' dir='ltr'>σιώδεις,</span> <span class='ocrx_word' id='word_1_501' title='bbox 2385 3145 2621 3198; x_wconf 80' lang='grc' dir='ltr'>ἐνταῦθα</span> <span class='ocrx_word' id='word_1_502' title='bbox 2643 3143 2700 3196; x_wconf 83' lang='grc' dir='ltr'>δὲ</span> <span class='ocrx_word' id='word_1_503' title='bbox 2733 3143 2829 3212; x_wconf 78' lang='grc' dir='ltr'>τὴν</span> <span class='ocrx_word' id='word_1_504' title='bbox 2872 3142 3108 3212; x_wconf 83' lang='grc' dir='ltr'>οὖσιὼδη</span> <span class='ocrx_word' id='word_1_505' title='bbox 3142 3141 3408 3205; x_wconf 74' lang='grc' dir='ltr'>σώζεσθαι</span> <span class='ocrx_word' id='word_1_506' title='bbox 3433 3141 3698 3212; x_wconf 58' lang='grc' dir='ltr'>διαφορὰν</span> 
     </span>
    </p>
   </div>
   <div class='ocr_carea' id='block_1_62' title="bbox 2127 3232 3700 3306">
    <p class='ocr_par' dir='ltr' id='par_1_62' title="bbox 2127 3232 3700 3306">
     <span class='ocr_line' id='line_1_62' title="bbox 2127 3232 3700 3306; baseline 0.001 -18"><span class='ocrx_word' id='word_1_507' title='bbox 2127 3237 2219 3289; x_wconf 69' lang='grc' dir='ltr'>ἐπὶ</span> <span class='ocrx_word' id='word_1_508' title='bbox 2250 3235 2348 3306; x_wconf 81' lang='grc' dir='ltr'>τῆς</span> <span class='ocrx_word' id='word_1_509' title='bbox 2369 3237 2450 3298; x_wconf 80' lang='grc' dir='ltr'>εἰς</span> <span class='ocrx_word' id='word_1_510' title='bbox 2470 3235 2600 3304; x_wconf 90' lang='grc' dir='ltr'>μίαν</span> <span class='ocrx_word' id='word_1_511' title='bbox 2633 3235 2936 3286; x_wconf 81' lang='grc' dir='ltr'>ὑπόστασιν</span> <span class='ocrx_word' id='word_1_512' title='bbox 2955 3232 3202 3297; x_wconf 79' lang='grc' dir='ltr'>ὲνὼσεως</span> <span class='ocrx_word' id='word_1_513' title='bbox 3221 3235 3325 3286; x_wconf 89' lang='grc' dir='ltr'>τῶν</span> <span class='ocrx_word' id='word_1_514' title='bbox 3359 3235 3451 3287; x_wconf 86' lang='grc' dir='ltr'>δύο</span> <span class='ocrx_word' id='word_1_515' title='bbox 3485 3236 3700 3305; x_wconf 71' lang='grc' dir='ltr'>φύσεων</span> 
     </span>
    </p>
   </div>
   <div class='ocr_carea' id='block_1_63' title="bbox 2125 3324 3702 3398">
    <p class='ocr_par' dir='ltr' id='par_1_63' title="bbox 2125 3324 3702 3398">
     <span class='ocr_line' id='line_1_63' title="bbox 2125 3324 3702 3398; baseline 0 -18"><span class='ocrx_word' id='word_1_516' title='bbox 2125 3328 2219 3380; x_wconf 81' lang='grc' dir='ltr'>τοῦ</span> <span class='ocrx_word' id='word_1_517' title='bbox 2249 3325 2420 3398; x_wconf 72' lang='lat' dir='ltr'><strong>H.169</strong></span> <span class='ocrx_word' id='word_1_518' title='bbox 2444 3325 2516 3398; x_wconf 92' lang='lat' dir='ltr'><strong>r.]</strong></span> <span class='ocrx_word' id='word_1_519' title='bbox 2545 3327 2679 3380; x_wconf 82' lang='grc' dir='ltr'>Υίοῦ</span> <span class='ocrx_word' id='word_1_520' title='bbox 2703 3326 2798 3378; x_wconf 83' lang='grc' dir='ltr'>τοῦ</span> <span class='ocrx_word' id='word_1_521' title='bbox 2821 3324 2977 3392; x_wconf 78' lang='grc' dir='ltr'>Θεοῦ,</span> <span class='ocrx_word' id='word_1_522' title='bbox 2999 3325 3094 3380; x_wconf 70' lang='grc' dir='ltr'>καὶ</span> <span class='ocrx_word' id='word_1_523' title='bbox 3121 3327 3303 3396; x_wconf 88' lang='grc' dir='ltr'>μένειν</span> <span class='ocrx_word' id='word_1_524' title='bbox 3319 3327 3378 3379; x_wconf 91' lang='grc' dir='ltr'>τό</span> <span class='ocrx_word' id='word_1_525' title='bbox 3407 3345 3464 3380; x_wconf 88' lang='grc' dir='ltr'>τε</span> <span class='ocrx_word' id='word_1_526' title='bbox 3485 3329 3702 3381; x_wconf 75' lang='grc' dir='ltr'>κτιστδν</span> 
     </span>
    </p>
   </div>
   <div class='ocr_carea' id='block_1_64' title="bbox 2124 3417 3700 3488">
    <p class='ocr_par' dir='ltr' id='par_1_64' title="bbox 2124 3417 3700 3488">
     <span class='ocr_line' id='line_1_64' title="bbox 2124 3417 3700 3488; baseline 0.001 -17"><span class='ocrx_word' id='word_1_527' title='bbox 2124 3421 2340 3472; x_wconf 67' lang='grc' dir='ltr'>κτιστδν</span> <span class='ocrx_word' id='word_1_528' title='bbox 2371 3419 2467 3473; x_wconf 72' lang='grc' dir='ltr'>καὶ</span> <span class='ocrx_word' id='word_1_529' title='bbox 2495 3418 2555 3472; x_wconf 74' lang='grc' dir='ltr'>τὸ</span> <span class='ocrx_word' id='word_1_530' title='bbox 2587 3419 2844 3472; x_wconf 79' lang='grc' dir='ltr'>άκτιστον</span> <span class='ocrx_word' id='word_1_531' title='bbox 2888 3417 3163 3480; x_wconf 84' lang='grc' dir='ltr'>ἄκτιστον,</span> <span class='ocrx_word' id='word_1_532' title='bbox 3199 3418 3294 3469; x_wconf 69' lang='grc' dir='ltr'>καὶ</span> <span class='ocrx_word' id='word_1_533' title='bbox 3317 3419 3396 3471; x_wconf 76' lang='grc' dir='ltr'>ἔτι</span> <span class='ocrx_word' id='word_1_534' title='bbox 3419 3417 3479 3470; x_wconf 61' lang='grc' dir='ltr'>τ),</span> <span class='ocrx_word' id='word_1_535' title='bbox 3509 3419 3700 3488; x_wconf 70' lang='grc' dir='ltr'>θνητὸν</span> 
     </span>
    </p>
   </div>
   <div class='ocr_carea' id='block_1_65' title="bbox 2125 3505 3699 3579">
    <p class='ocr_par' dir='ltr' id='par_1_65' title="bbox 2125 3505 3699 3579">
     <span class='ocr_line' id='line_1_65' title="bbox 2125 3505 3699 3579; baseline -0.001 -18"><span class='ocrx_word' id='word_1_536' title='bbox 2125 3507 2318 3579; x_wconf 72' lang='grc' dir='ltr'>θνητὸν</span> <span class='ocrx_word' id='word_1_537' title='bbox 2350 3505 2547 3562; x_wconf 51' lang='grc' dir='ltr'>καῖ-εδ</span> <span class='ocrx_word' id='word_1_538' title='bbox 2606 3509 2879 3561; x_wconf 75' lang='grc' dir='ltr'>ἀθάνατον</span> <span class='ocrx_word' id='word_1_539' title='bbox 2937 3507 3224 3570; x_wconf 80' lang='grc' dir='ltr'>ἀθάνατον,</span> <span class='ocrx_word' id='word_1_540' title='bbox 3254 3511 3349 3561; x_wconf 75' lang='grc' dir='ltr'>καὶ</span> <span class='ocrx_word' id='word_1_541' title='bbox 3393 3510 3461 3560; x_wconf 80' lang='grc' dir='ltr'>τά</span> <span class='ocrx_word' id='word_1_542' title='bbox 3493 3509 3699 3562; x_wconf 78' lang='grc' dir='ltr'>τοιαῦτ’</span> 
     </span>
    </p>
   </div>
   <div class='ocr_carea' id='block_1_66' title="bbox 2129 3599 3697 3672">
    <p class='ocr_par' dir='ltr' id='par_1_66' title="bbox 2129 3599 3697 3672">
     <span class='ocr_line' id='line_1_66' title="bbox 2129 3599 3697 3672; baseline 0.001 -19"><span class='ocrx_word' id='word_1_543' title='bbox 2129 3601 2332 3667; x_wconf 80' lang='grc' dir='ltr'>ὁμοίοις</span> <span class='ocrx_word' id='word_1_544' title='bbox 2365 3603 2584 3654; x_wconf 70' lang='grc' dir='ltr'>ἃπαντα</span> <span class='ocrx_word' id='word_1_545' title='bbox 2607 3613 2622 3628; x_wconf 84' lang='grc'><strong>⁸</strong></span> <span class='ocrx_word' id='word_1_546' title='bbox 2655 3599 2792 3653; x_wconf 83' lang='grc' dir='ltr'>ἀλλὰ</span> <span class='ocrx_word' id='word_1_547' title='bbox 2819 3601 2877 3652; x_wconf 79' lang='grc' dir='ltr'>τὺ</span> <span class='ocrx_word' id='word_1_548' title='bbox 2909 3601 3188 3672; x_wconf 75' lang='grc' dir='ltr'>προσῇκον</span> <span class='ocrx_word' id='word_1_549' title='bbox 3216 3599 3453 3670; x_wconf 75' lang='grc' dir='ltr'>ἑκατέρᾳ</span> <span class='ocrx_word' id='word_1_550' title='bbox 3490 3599 3697 3654; x_wconf 82' lang='grc' dir='ltr'>διδόντα</span> 
     </span>
    </p>
   </div>
   <div class='ocr_carea' id='block_1_67' title="bbox 2085 3691 3698 3764">
    <p class='ocr_par' dir='ltr' id='par_1_67' title="bbox 2085 3691 3698 3764">
     <span class='ocr_line' id='line_1_67' title="bbox 2085 3691 3698 3764; baseline -0.001 -18"><span class='ocrx_word' id='word_1_551' title='bbox 2085 3691 2475 3761; x_wconf 66' lang='grc' dir='ltr'>.ξ.διδασκαλίᾳ,</span> <span class='ocrx_word' id='word_1_552' title='bbox 2537 3692 2806 3761; x_wconf 77' lang='grc' dir='ltr'>σύμφωνα</span> <span class='ocrx_word' id='word_1_553' title='bbox 2853 3691 3187 3760; x_wconf 68' lang='grc' dir='ltr'>φθέγγεσθαι</span> <span class='ocrx_word' id='word_1_554' title='bbox 3233 3693 3488 3758; x_wconf 81' lang='grc' dir='ltr'>καθάπαξ</span> <span class='ocrx_word' id='word_1_555' title='bbox 3521 3693 3698 3764; x_wconf 74' lang='grc' dir='ltr'>ἑαυτῷ</span> 
     </span>
    </p>
   </div>
   <div class='ocr_carea' id='block_1_68' title="bbox 455 3771 2024 3855">
    <p class='ocr_par' dir='ltr' id='par_1_68' title="bbox 455 3783 2024 3855">
     <span class='ocr_line' id='line_1_68' title="bbox 455 3783 2024 3855; baseline -0.001 -15"><span class='ocrx_word' id='word_1_556' title='bbox 455 3798 660 3842; x_wconf 81' lang='lat' dir='ltr'><strong>rentem</strong></span> <span class='ocrx_word' id='word_1_557' title='bbox 685 3797 740 3842; x_wconf 87' lang='lat' dir='ltr'>et</span> <span class='ocrx_word' id='word_1_558' title='bbox 767 3789 965 3843; x_wconf 82' lang='lat' dir='ltr'><strong>multas</strong></span> <span class='ocrx_word' id='word_1_559' title='bbox 1005 3787 1302 3843; x_wconf 87' lang='lat' dir='ltr'><strong>varietates</strong></span> <span class='ocrx_word' id='word_1_560' title='bbox 1328 3797 1380 3841; x_wconf 88' lang='lat' dir='ltr'>et</span> <span class='ocrx_word' id='word_1_561' title='bbox 1403 3783 1836 3855; x_wconf 86' lang='lat' dir='ltr'><strong>compositiones</strong></span> <span class='ocrx_word' id='word_1_562' title='bbox 1858 3785 2024 3840; x_wconf 90' lang='lat' dir='ltr'><strong>deita-</strong></span> 
     </span>
    </p>
   </div>
   <div class='ocr_carea' id='block_1_69' title="bbox 2124 3771 3698 3855">
    <p class='ocr_par' dir='ltr' id='par_1_69' title="bbox 2133 3783 3698 3855">
     <span class='ocr_line' id='line_1_69' title="bbox 2133 3783 3698 3855; baseline 0.001 -19"><span class='ocrx_word' id='word_1_563' title='bbox 2133 3785 2228 3836; x_wconf 73' lang='grc' dir='ltr'>καὶ</span> <span class='ocrx_word' id='word_1_564' title='bbox 2256 3789 2321 3855; x_wconf 86' lang='grc' dir='ltr'>τῇ</span> <span class='ocrx_word' id='word_1_565' title='bbox 2356 3786 2605 3854; x_wconf 75' lang='grc' dir='ltr'>ἀληθείᾳ..</span> <span class='ocrx_word' id='word_1_566' title='bbox 2635 3785 2975 3855; x_wconf 85' lang='grc' dir='ltr'>Προσεκτέον</span> <span class='ocrx_word' id='word_1_567' title='bbox 3003 3783 3058 3836; x_wconf 81' lang='grc' dir='ltr'>δὲ</span> <span class='ocrx_word' id='word_1_568' title='bbox 3077 3787 3170 3838; x_wconf 71' lang='grc' dir='ltr'>καὶ</span> <span class='ocrx_word' id='word_1_569' title='bbox 3199 3785 3275 3854; x_wconf 79' lang='grc' dir='ltr'>τῷ</span> <span class='ocrx_word' id='word_1_570' title='bbox 3311 3785 3440 3854; x_wconf 85' lang='grc' dir='ltr'>θείῳ</span> <span class='ocrx_word' id='word_1_571' title='bbox 3465 3786 3698 3853; x_wconf 77' lang='grc' dir='ltr'>Μαξίμῳ</span> 
     </span>
    </p>
   </div>
   <div class='ocr_carea' id='block_1_70' title="bbox 453 3878 1952 3950">
    <p class='ocr_par' dir='ltr' id='par_1_70' title="bbox 453 3878 1952 3950">
     <span class='ocr_line' id='line_1_70' title="bbox 453 3878 1952 3950; baseline -0.002 -15"><span class='ocrx_word' id='word_1_572' title='bbox 453 3881 598 3936; x_wconf 88' lang='lat' dir='ltr'><strong>tibus</strong></span> <span class='ocrx_word' id='word_1_573' title='bbox 637 3881 750 3936; x_wconf 82' lang='lat' dir='ltr'><strong>suis</strong></span> <span class='ocrx_word' id='word_1_574' title='bbox 779 3891 874 3935; x_wconf 89' lang='lat' dir='ltr'>aut</span> <span class='ocrx_word' id='word_1_575' title='bbox 901 3881 1080 3950; x_wconf 87' lang='lat' dir='ltr'><strong>potius</strong></span> <span class='ocrx_word' id='word_1_576' title='bbox 1113 3879 1228 3935; x_wconf 89' lang='lat' dir='ltr'><strong>deis</strong></span> <span class='ocrx_word' id='word_1_577' title='bbox 1256 3879 1572 3949; x_wconf 87' lang='lat' dir='ltr'><strong>deabusque</strong></span> <span class='ocrx_word' id='word_1_578' title='bbox 1597 3878 1952 3933; x_wconf 88' lang='lat' dir='ltr'><strong>tribuentem.</strong></span> 
     </span>
    </p>
   </div>
   <div class='ocr_carea' id='block_1_71' title="bbox 2121 3875 3695 3948">
    <p class='ocr_par' dir='ltr' id='par_1_71' title="bbox 2121 3875 3695 3948">
     <span class='ocr_line' id='line_1_71' title="bbox 2121 3875 3695 3948; baseline 0 -20"><span class='ocrx_word' id='word_1_579' title='bbox 2121 3877 2212 3930; x_wconf 69' lang='grc' dir='ltr'>τὸν</span> <span class='ocrx_word' id='word_1_580' title='bbox 2237 3875 2504 3944; x_wconf 86' lang='grc' dir='ltr'>Παλαμᾶν</span> <span class='ocrx_word' id='word_1_581' title='bbox 2527 3877 2616 3930; x_wconf 82' lang='grc' dir='ltr'>διὰ</span> <span class='ocrx_word' id='word_1_582' title='bbox 2637 3877 2744 3928; x_wconf 88' lang='grc' dir='ltr'>τῶν</span> <span class='ocrx_word' id='word_1_583' title='bbox 2770 3878 3074 3948; x_wconf 81' lang='grc' dir='ltr'>εἰρημένων</span> <span class='ocrx_word' id='word_1_584' title='bbox 3093 3879 3349 3948; x_wconf 83' lang='grc' dir='ltr'>ἄντικρυς</span> <span class='ocrx_word' id='word_1_585' title='bbox 3405 3877 3695 3946; x_wconf 71' lang='grc' dir='ltr'>ἐλέγχοντι,</span> 
     </span>
    </p>
   </div>
   <div class='ocr_carea' id='block_1_72' title="bbox 451 3967 3697 4052">
    <p class='ocr_par' dir='ltr' id='par_1_72' title="bbox 451 3967 3697 4052">
     <span class='ocr_line' id='line_1_72' title="bbox 451 3967 3697 4052; baseline -0.001 -26"><span class='ocrx_word' id='word_1_586' title='bbox 451 3975 512 4052; x_wconf 82' lang='grc' dir='ltr'>τό</span> <span class='ocrx_word' id='word_1_587' title='bbox 543 3991 603 4027; x_wconf 85' lang='grc' dir='ltr'>τε</span> <span class='ocrx_word' id='word_1_588' title='bbox 650 3975 856 4027; x_wconf 73' lang='grc' dir='ltr'>ἁπλοῦν</span> <span class='ocrx_word' id='word_1_589' title='bbox 891 3975 990 4038; x_wconf 67' lang='grc' dir='ltr'>τῆς</span> <span class='ocrx_word' id='word_1_590' title='bbox 1023 3975 1152 4042; x_wconf 85' lang='grc' dir='ltr'>μιᾶς</span> <span class='ocrx_word' id='word_1_591' title='bbox 1183 3973 1484 4038; x_wconf 78' lang='grc' dir='ltr'>ἐξωθοῦντα</span> <span class='ocrx_word' id='word_1_592' title='bbox 1537 3973 1813 4040; x_wconf 82' lang='grc' dir='ltr'>θεότητος,</span> <span class='ocrx_word' id='word_1_593' title='bbox 1867 3973 1963 4024; x_wconf 73' lang='grc' dir='ltr'>καὶ</span> <span class='ocrx_word' id='word_1_594' title='bbox 1991 3969 2194 4032; x_wconf 82' lang='grc' dir='ltr'>πολλὰς</span> <span class='ocrx_word' id='word_1_595' title='bbox 2226 3969 2326 4032; x_wconf 80' lang='grc' dir='ltr'>τὰς</span> <span class='ocrx_word' id='word_1_596' title='bbox 2361 3967 2624 4038; x_wconf 74' lang='grc' dir='ltr'>διαφοράς</span> <span class='ocrx_word' id='word_1_597' title='bbox 2669 3969 2762 4020; x_wconf 81' lang='grc' dir='ltr'>καὶ</span> <span class='ocrx_word' id='word_1_598' title='bbox 2793 3968 3071 4029; x_wconf 81' lang='grc' dir='ltr'>συνθέσεις</span> <span class='ocrx_word' id='word_1_599' title='bbox 3105 3969 3226 4030; x_wconf 88' lang='grc' dir='ltr'>ταῖς</span> <span class='ocrx_word' id='word_1_600' title='bbox 3258 3967 3422 4020; x_wconf 80' lang='grc' dir='ltr'>αὑτοῦ</span> <span class='ocrx_word' id='word_1_601' title='bbox 3481 3971 3697 4039; x_wconf 76' lang='grc' dir='ltr'>χαριζόο</span> 
     </span>
    </p>
   </div>
   <div class='ocr_carea' id='block_1_73' title="bbox 455 4061 2380 4135">
    <p class='ocr_par' dir='ltr' id='par_1_73' title="bbox 455 4061 2380 4135">
     <span class='ocr_line' id='line_1_73' title="bbox 455 4061 2380 4135; baseline -0.002 -17"><span class='ocrx_word' id='word_1_602' title='bbox 455 4079 617 4132; x_wconf 83' lang='grc' dir='ltr'>μενον</span> <span class='ocrx_word' id='word_1_603' title='bbox 684 4065 924 4135; x_wconf 81' lang='grc' dir='ltr'>θεότησι,</span> <span class='ocrx_word' id='word_1_604' title='bbox 997 4063 1196 4134; x_wconf 79' lang='grc' dir='ltr'>μᾶλλον</span> <span class='ocrx_word' id='word_1_605' title='bbox 1266 4063 1310 4116; x_wconf 83' lang='grc' dir='ltr'>δ’</span> <span class='ocrx_word' id='word_1_606' title='bbox 1351 4065 1530 4115; x_wconf 74' lang='grc' dir='ltr'>εἰπεῖν</span> <span class='ocrx_word' id='word_1_607' title='bbox 1563 4061 1714 4125; x_wconf 84' lang='grc' dir='ltr'>θεαῖς</span> <span class='ocrx_word' id='word_1_608' title='bbox 1735 4063 1835 4116; x_wconf 78' lang='grc' dir='ltr'>καὶ</span> <span class='ocrx_word' id='word_1_609' title='bbox 1861 4063 2006 4127; x_wconf 81' lang='grc' dir='ltr'>θεοῖς</span> <span class='ocrx_word' id='word_1_610' title='bbox 2032 4063 2380 4128; x_wconf 76' lang='grc' dir='ltr'>οἰκειότερον.</span> 
     </span>
    </p>
   </div>
   <div class='ocr_carea' id='block_1_74' title="bbox 525 4155 2022 4226">
    <p class='ocr_par' dir='ltr' id='par_1_74' title="bbox 525 4155 2022 4226">
     <span class='ocr_line' id='line_1_74' title="bbox 525 4155 2022 4226; baseline 0 -16"><span class='ocrx_word' id='word_1_611' title='bbox 525 4157 610 4212; x_wconf 82' lang='lat' dir='ltr'><strong>Vl.</strong></span> <span class='ocrx_word' id='word_1_612' title='bbox 643 4157 746 4212; x_wconf 80' lang='lat' dir='ltr'>Sed</span> <span class='ocrx_word' id='word_1_613' title='bbox 785 4159 1096 4226; x_wconf 79' lang='lat' dir='ltr'><strong>recipienda</strong></span> <span class='ocrx_word' id='word_1_614' title='bbox 1123 4167 1209 4212; x_wconf 87' lang='lat' dir='ltr'>est</span> <span class='ocrx_word' id='word_1_615' title='bbox 1241 4157 1439 4211; x_wconf 88' lang='lat' dir='ltr'><strong>oratio.</strong></span> <span class='ocrx_word' id='word_1_616' title='bbox 1489 4155 1644 4222; x_wconf 82' lang='lat' dir='ltr'><strong>Quod</strong></span> <span class='ocrx_word' id='word_1_617' title='bbox 1681 4158 1833 4210; x_wconf 88' lang='lat' dir='ltr'><strong>enim</strong></span> <span class='ocrx_word' id='word_1_618' title='bbox 1871 4169 2022 4211; x_wconf 83' lang='lat' dir='ltr'><strong>com-</strong></span> 
     </span>
    </p>
   </div>
   <div class='ocr_carea' id='block_1_75' title="bbox 451 4249 2022 4321">
    <p class='ocr_par' dir='ltr' id='par_1_75' title="bbox 451 4249 2022 4321">
     <span class='ocr_line' id='line_1_75' title="bbox 451 4249 2022 4321; baseline -0.002 -17"><span class='ocrx_word' id='word_1_619' title='bbox 451 4251 625 4321; x_wconf 86' lang='lat' dir='ltr'><strong>posita</strong></span> <span class='ocrx_word' id='word_1_620' title='bbox 655 4251 841 4305; x_wconf 86' lang='lat' dir='ltr'><strong>nostra</strong></span> <span class='ocrx_word' id='word_1_621' title='bbox 873 4251 1089 4314; x_wconf 87' lang='lat' dir='ltr'><strong>attinet,</strong></span> <span class='ocrx_word' id='word_1_622' title='bbox 1139 4249 1461 4304; x_wconf 86' lang='lat' dir='ltr'><strong>essentiales</strong></span> <span class='ocrx_word' id='word_1_623' title='bbox 1511 4250 1802 4303; x_wconf 88' lang='lat' dir='ltr'><strong>varietates</strong></span> <span class='ocrx_word' id='word_1_624' title='bbox 1837 4249 2022 4317; x_wconf 76' lang='lat' dir='ltr'><strong>dvpli-</strong></span> 
     </span>
    </p>
   </div>
   <div class='ocr_carea' id='block_1_76' title="bbox 451 4341 2021 4410">
    <p class='ocr_par' dir='ltr' id='par_1_76' title="bbox 451 4341 2021 4410">
     <span class='ocr_line' id='line_1_76' title="bbox 451 4341 2021 4410; baseline -0.001 -14"><span class='ocrx_word' id='word_1_625' title='bbox 451 4357 567 4396; x_wconf 84' lang='lat' dir='ltr'>cem</span> <span class='ocrx_word' id='word_1_626' title='bbox 599 4345 876 4397; x_wconf 89' lang='lat' dir='ltr'><strong>notionem</strong></span> <span class='ocrx_word' id='word_1_627' title='bbox 908 4341 1170 4397; x_wconf 82' lang='lat' dir='ltr'><strong>eﬂiciunt.</strong></span> <span class='ocrx_word' id='word_1_628' title='bbox 1193 4341 1412 4396; x_wconf 89' lang='lat' dir='ltr'><strong>Formas</strong></span> <span class='ocrx_word' id='word_1_629' title='bbox 1426 4341 1572 4395; x_wconf 90' lang='lat' dir='ltr'><strong>enim</strong></span> <span class='ocrx_word' id='word_1_630' title='bbox 1590 4341 1753 4410; x_wconf 79' lang='lat'>358</span> <span class='ocrx_word' id='word_1_631' title='bbox 1768 4341 2021 4395; x_wconf 82' lang='lat' dir='ltr'><strong>animan-</strong></span> 
     </span>
    </p>
   </div>
   <div class='ocr_carea' id='block_1_77' title="bbox 445 4433 2022 4503">
    <p class='ocr_par' dir='ltr' id='par_1_77' title="bbox 445 4433 2022 4503">
     <span class='ocr_line' id='line_1_77' title="bbox 445 4433 2022 4503; baseline -0.001 -14"><span class='ocrx_word' id='word_1_632' title='bbox 445 4435 589 4489; x_wconf 71' lang='lat' dir='ltr'><strong>tium</strong></span> <span class='ocrx_word' id='word_1_633' title='bbox 654 4444 848 4503; x_wconf 87' lang='lat' dir='ltr'><strong>sponte</strong></span> <span class='ocrx_word' id='word_1_634' title='bbox 893 4435 1178 4489; x_wconf 80' lang='lat' dir='ltr'><strong>formando</strong></span> <span class='ocrx_word' id='word_1_635' title='bbox 1237 4443 1575 4502; x_wconf 84' lang='lat' dir='ltr'><strong>componunt</strong></span> <span class='ocrx_word' id='word_1_636' title='bbox 1612 4443 1666 4487; x_wconf 88' lang='lat' dir='ltr'>et</span> <span class='ocrx_word' id='word_1_637' title='bbox 1711 4449 1740 4486; x_wconf 90' lang='lat' dir='ltr'>a</span> <span class='ocrx_word' id='word_1_638' title='bbox 1787 4433 2022 4488; x_wconf 83' lang='lat' dir='ltr'><strong>diversis</strong></span> 
     </span>
    </p>
   </div>
   <div class='ocr_carea' id='block_1_78' title="bbox 445 4527 2022 4597">
    <p class='ocr_par' dir='ltr' id='par_1_78' title="bbox 445 4527 2022 4597">
     <span class='ocr_line' id='line_1_78' title="bbox 445 4527 2022 4597; baseline 0 -15"><span class='ocrx_word' id='word_1_639' title='bbox 445 4531 709 4582; x_wconf 80' lang='lat' dir='ltr'><strong>cssentiis</strong></span> <span class='ocrx_word' id='word_1_640' title='bbox 741 4527 1050 4597; x_wconf 72' lang='lat' dir='ltr'><strong>seiungunt.</strong></span> <span class='ocrx_word' id='word_1_641' title='bbox 1082 4527 1272 4592; x_wconf 84' lang='lat' dir='ltr'><strong>Quoad</strong></span> <span class='ocrx_word' id='word_1_642' title='bbox 1310 4537 1489 4580; x_wconf 88' lang='lat' dir='ltr'><strong>autem</strong></span> <span class='ocrx_word' id='word_1_643' title='bbox 1539 4527 1750 4581; x_wconf 87' lang='lat' dir='ltr'><strong>beatam</strong></span> <span class='ocrx_word' id='word_1_644' title='bbox 1787 4527 1932 4580; x_wconf 90' lang='lat' dir='ltr'><strong>illam</strong></span> <span class='ocrx_word' id='word_1_645' title='bbox 1967 4535 2022 4582; x_wconf 88' lang='lat' dir='ltr'>et</span> 
     </span>
    </p>
   </div>
   <div class='ocr_carea' id='block_1_79' title="bbox 455 4617 2020 4690">
    <p class='ocr_par' dir='ltr' id='par_1_79' title="bbox 455 4617 2020 4690">
     <span class='ocr_line' id='line_1_79' title="bbox 455 4617 2020 4690; baseline -0.001 -17"><span class='ocrx_word' id='word_1_646' title='bbox 455 4623 669 4674; x_wconf 87' lang='lat' dir='ltr'><strong>unicam</strong></span> <span class='ocrx_word' id='word_1_647' title='bbox 699 4621 1014 4680; x_wconf 87' lang='lat' dir='ltr'><strong>essentiam,</strong></span> <span class='ocrx_word' id='word_1_648' title='bbox 1043 4621 1214 4672; x_wconf 88' lang='lat' dir='ltr'><strong>altera</strong></span> <span class='ocrx_word' id='word_1_649' title='bbox 1245 4618 1571 4687; x_wconf 87' lang='lat' dir='ltr'><strong>compositio</strong></span> <span class='ocrx_word' id='word_1_650' title='bbox 1594 4619 1703 4690; x_wconf 87' lang='lat' dir='ltr'><strong>jam</strong></span> <span class='ocrx_word' id='word_1_651' title='bbox 1733 4633 1763 4674; x_wconf 87' lang='lat' dir='ltr'>a</span> <span class='ocrx_word' id='word_1_652' title='bbox 1791 4617 1886 4672; x_wconf 88' lang='lat' dir='ltr'>SS.</span> <span class='ocrx_word' id='word_1_653' title='bbox 1921 4619 2020 4672; x_wconf 81' lang='lat' dir='ltr'><strong>i’a-</strong></span> 
     </span>
    </p>
   </div>
   <div class='ocr_carea' id='block_1_80' title="bbox 455 4707 2020 4777">
    <p class='ocr_par' dir='ltr' id='par_1_80' title="bbox 455 4707 2020 4777">
     <span class='ocr_line' id='line_1_80' title="bbox 455 4707 2020 4777; baseline 0.001 -15"><span class='ocrx_word' id='word_1_654' title='bbox 455 4709 635 4762; x_wconf 86' lang='lat' dir='ltr'><strong>tribus</strong></span> <span class='ocrx_word' id='word_1_655' title='bbox 683 4707 910 4777; x_wconf 84' lang='lat' dir='ltr'><strong>probata</strong></span> <span class='ocrx_word' id='word_1_656' title='bbox 953 4717 1056 4770; x_wconf 87' lang='lat' dir='ltr'><strong>est,</strong></span> <span class='ocrx_word' id='word_1_657' title='bbox 1094 4709 1262 4761; x_wconf 88' lang='lat' dir='ltr'><strong>altera</strong></span> <span class='ocrx_word' id='word_1_658' title='bbox 1297 4709 1364 4761; x_wconf 89' lang='lat' dir='ltr'>ab</span> <span class='ocrx_word' id='word_1_659' title='bbox 1401 4709 1658 4762; x_wconf 91' lang='lat' dir='ltr'><strong>omnibus</strong></span> <span class='ocrx_word' id='word_1_660' title='bbox 1693 4709 1891 4762; x_wconf 85' lang='lat' dir='ltr'><strong>creatis</strong></span> <span class='ocrx_word' id='word_1_661' title='bbox 1933 4723 2020 4763; x_wconf 88' lang='lat' dir='ltr'>es-</span> 
     </span>
    </p>
   </div>
   <div class='ocr_carea' id='block_1_81' title="bbox 445 4799 2022 4868">
    <p class='ocr_par' dir='ltr' id='par_1_81' title="bbox 445 4799 2022 4868">
     <span class='ocr_line' id='line_1_81' title="bbox 445 4799 2022 4868; baseline 0 -16"><span class='ocrx_word' id='word_1_662' title='bbox 445 4800 646 4853; x_wconf 38' lang='lat' dir='ltr'><strong>‘sentiis</strong></span> <span class='ocrx_word' id='word_1_663' title='bbox 678 4799 948 4868; x_wconf 83' lang='lat' dir='ltr'><strong>scjunctio</strong></span> <span class='ocrx_word' id='word_1_664' title='bbox 974 4799 1329 4853; x_wconf 83' lang='lat' dir='ltr'><strong>vehementer</strong></span> <span class='ocrx_word' id='word_1_665' title='bbox 1345 4799 1601 4868; x_wconf 82' lang='lat' dir='ltr'><strong>quadrat.</strong></span> <span class='ocrx_word' id='word_1_666' title='bbox 1619 4799 1754 4860; x_wconf 88' lang='lat' dir='ltr'><strong>Nam</strong></span> <span class='ocrx_word' id='word_1_667' title='bbox 1789 4800 2022 4853; x_wconf 89' lang='lat' dir='ltr'><strong>duarum</strong></span> 
     </span>
    </p>
   </div>
   <div class='ocr_carea' id='block_1_82' title="bbox 455 4889 2022 4960">
    <p class='ocr_par' dir='ltr' id='par_1_82' title="bbox 455 4889 2022 4960">
     <span class='ocr_line' id='line_1_82' title="bbox 455 4889 2022 4960; baseline 0 -16"><span class='ocrx_word' id='word_1_668' title='bbox 455 4889 578 4944; x_wconf 85' lang='lat' dir='ltr'><strong>Filii</strong></span> <span class='ocrx_word' id='word_1_669' title='bbox 620 4889 712 4944; x_wconf 87' lang='lat' dir='ltr'>Dei</span> <span class='ocrx_word' id='word_1_670' title='bbox 761 4902 1077 4944; x_wconf 90' lang='lat' dir='ltr'><strong>naturarum</strong></span> <span class='ocrx_word' id='word_1_671' title='bbox 1133 4892 1276 4944; x_wconf 87' lang='lat' dir='ltr'><strong>inter</strong></span> <span class='ocrx_word' id='word_1_672' title='bbox 1322 4905 1379 4944; x_wconf 91' lang='lat' dir='ltr'>se</span> <span class='ocrx_word' id='word_1_673' title='bbox 1417 4891 1474 4944; x_wconf 91' lang='lat' dir='ltr'>in</span> <span class='ocrx_word' id='word_1_674' title='bbox 1520 4905 1685 4944; x_wconf 90' lang='lat' dir='ltr'><strong>unam</strong></span> <span class='ocrx_word' id='word_1_675' title='bbox 1733 4907 2022 4960; x_wconf 88' lang='lat' dir='ltr'><strong>personam</strong></span> 
     </span>
    </p>
   </div>
   <div class='ocr_carea' id='block_1_83' title="bbox 455 4981 2022 5051">
    <p class='ocr_par' dir='ltr' id='par_1_83' title="bbox 455 4981 2022 5051">
     <span class='ocr_line' id='line_1_83' title="bbox 455 4981 2022 5051; baseline 0.001 -17"><span class='ocrx_word' id='word_1_676' title='bbox 455 4981 872 5051; x_wconf 81' lang='lat' dir='ltr'><strong>conjunctarum</strong></span> <span class='ocrx_word' id='word_1_677' title='bbox 908 4997 1127 5038; x_wconf 89' lang='lat' dir='ltr'><strong>manere</strong></span> <span class='ocrx_word' id='word_1_678' title='bbox 1163 4983 1240 5037; x_wconf 90' lang='lat' dir='ltr'>ait</span> <span class='ocrx_word' id='word_1_679' title='bbox 1261 4982 1604 5038; x_wconf 81' lang='lat' dir='ltr'><strong>essentialem</strong></span> <span class='ocrx_word' id='word_1_680' title='bbox 1628 4983 2022 5050; x_wconf 76' lang='lat' dir='ltr'><strong>dillerentiam,</strong></span> 
     </span>
    </p>
   </div>
   <div class='ocr_carea' id='block_1_84' title="bbox 453 5071 1181 5131">
    <p class='ocr_par' dir='ltr' id='par_1_84' title="bbox 453 5071 1181 5131">
     <span class='ocr_line' id='line_1_84' title="bbox 453 5071 1181 5131; baseline 0.008 -7"><span class='ocrx_word' id='word_1_681' title='bbox 453 5071 678 5127; x_wconf 85' lang='lat' dir='ltr'><strong>deitatis</strong></span> <span class='ocrx_word' id='word_1_682' title='bbox 714 5083 770 5128; x_wconf 88' lang='lat' dir='ltr'>et</span> <span class='ocrx_word' id='word_1_683' title='bbox 802 5075 1181 5131; x_wconf 84' lang='lat' dir='ltr'><strong>humanitatis.</strong></span> 
     </span>
    </p>
   </div>
   <div class='ocr_carea' id='block_1_85' title="bbox 529 5345 2023 5413">
    <p class='ocr_par' dir='ltr' id='par_1_85' title="bbox 529 5345 2023 5413">
     <span class='ocr_line' id='line_1_85' title="bbox 529 5345 2023 5413; baseline 0.003 -15"><span class='ocrx_word' id='word_1_684' title='bbox 529 5347 632 5400; x_wconf 78' lang='lat' dir='ltr'><strong>Vll.</strong></span> <span class='ocrx_word' id='word_1_685' title='bbox 667 5345 806 5413; x_wconf 84' lang='lat' dir='ltr'><strong>Quid</strong></span> <span class='ocrx_word' id='word_1_686' title='bbox 853 5349 920 5400; x_wconf 90' lang='lat' dir='ltr'>ad</span> <span class='ocrx_word' id='word_1_687' title='bbox 967 5348 1082 5403; x_wconf 74' lang='lat' dir='ltr'><strong>lure</strong></span> <span class='ocrx_word' id='word_1_688' title='bbox 1131 5349 1287 5412; x_wconf 75' lang='lat' dir='ltr'><strong>diris,</strong></span> <span class='ocrx_word' id='word_1_689' title='bbox 1322 5347 1653 5402; x_wconf 72' lang='lat' dir='ltr'><strong>amicissime</strong></span> <span class='ocrx_word' id='word_1_690' title='bbox 1687 5347 2023 5402; x_wconf 81' lang='lat' dir='ltr'><strong>Theotimo?</strong></span> 
     </span>
    </p>
   </div>
   <div class='ocr_carea' id='block_1_86' title="bbox 455 5439 2021 5504">
    <p class='ocr_par' dir='ltr' id='par_1_86' title="bbox 455 5439 2021 5504">
     <span class='ocr_line' id='line_1_86' title="bbox 455 5439 2021 5504; baseline 0.001 -12"><span class='ocrx_word' id='word_1_691' title='bbox 455 5439 648 5494; x_wconf 83' lang='lat' dir='ltr'><strong>Nonne</strong></span> <span class='ocrx_word' id='word_1_692' title='bbox 683 5441 778 5494; x_wconf 88' lang='lat' dir='ltr'><strong>tibi</strong></span> <span class='ocrx_word' id='word_1_693' title='bbox 813 5441 1024 5496; x_wconf 81' lang='lat' dir='ltr'><strong>\idetur</strong></span> <span class='ocrx_word' id='word_1_694' title='bbox 1057 5443 1303 5496; x_wconf 73' lang='lat' dir='ltr'><strong>Palatinas</strong></span> <span class='ocrx_word' id='word_1_695' title='bbox 1349 5443 1656 5504; x_wconf 78' lang='lat' dir='ltr'><strong>evidenter,</strong></span> <span class='ocrx_word' id='word_1_696' title='bbox 1717 5442 1844 5496; x_wconf 85' lang='lat' dir='ltr'><strong>licet</strong></span> <span class='ocrx_word' id='word_1_697' title='bbox 1907 5443 2021 5494; x_wconf 86' lang='lat' dir='ltr'><strong>ins-</strong></span> 
     </span>
    </p>
   </div>
   <div class='ocr_carea' id='block_1_87' title="bbox 457 5532 2026 5600">
    <p class='ocr_par' dir='ltr' id='par_1_87' title="bbox 457 5532 2026 5600">
     <span class='ocr_line' id='line_1_87' title="bbox 457 5532 2026 5600; baseline -0.001 -18"><span class='ocrx_word' id='word_1_698' title='bbox 457 5533 890 5594; x_wconf 75' lang='lat' dir='ltr'><strong>cius,baccltico</strong></span> <span class='ocrx_word' id='word_1_699' title='bbox 955 5533 1270 5585; x_wconf 86' lang='lat' dir='ltr'><strong>insanorum</strong></span> <span class='ocrx_word' id='word_1_700' title='bbox 1330 5551 1480 5586; x_wconf 84' lang='lat' dir='ltr'><strong>more</strong></span> <span class='ocrx_word' id='word_1_701' title='bbox 1538 5549 1724 5586; x_wconf 80' lang='lat' dir='ltr'><strong>sacras</strong></span> <span class='ocrx_word' id='word_1_702' title='bbox 1779 5532 2026 5600; x_wconf 65' lang='lat' dir='ltr'><strong>Scriptu-</strong></span> 
     </span>
    </p>
   </div>
   <div class='ocr_carea' id='block_1_88' title="bbox 457 5623 2026 5693">
    <p class='ocr_par' dir='ltr' id='par_1_88' title="bbox 457 5623 2026 5693">
     <span class='ocr_line' id='line_1_88' title="bbox 457 5623 2026 5693; baseline 0 -19"><span class='ocrx_word' id='word_1_703' title='bbox 457 5637 550 5674; x_wconf 83' lang='lat' dir='ltr'>ras</span> <span class='ocrx_word' id='word_1_704' title='bbox 584 5625 734 5677; x_wconf 86' lang='lat' dir='ltr'><strong>adire</strong></span> <span class='ocrx_word' id='word_1_705' title='bbox 777 5635 832 5678; x_wconf 88' lang='lat' dir='ltr'>et</span> <span class='ocrx_word' id='word_1_706' title='bbox 877 5623 1124 5678; x_wconf 83' lang='lat' dir='ltr'><strong>inductas</strong></span> <span class='ocrx_word' id='word_1_707' title='bbox 1159 5625 1543 5678; x_wconf 83' lang='lat' dir='ltr'><strong>conclusiones</strong></span> <span class='ocrx_word' id='word_1_708' title='bbox 1591 5623 1878 5693; x_wconf 65' lang='lat' dir='ltr'><strong>proferre?</strong></span> <span class='ocrx_word' id='word_1_709' title='bbox 1914 5633 2026 5675; x_wconf 87' lang='lat' dir='ltr'>tum</span> 
     </span>
    </p>
   </div>
   <div class='ocr_carea' id='block_1_89' title="bbox 459 5723 2024 5784">
    <p class='ocr_par' dir='ltr' id='par_1_89' title="bbox 459 5723 2024 5784">
     <span class='ocr_line' id='line_1_89' title="bbox 459 5723 2024 5784; baseline -0.001 -20"><span class='ocrx_word' id='word_1_710' title='bbox 459 5723 790 5780; x_wconf 82' lang='lat' dir='ltr'><strong>spontanee.</strong></span> <span class='ocrx_word' id='word_1_711' title='bbox 823 5726 934 5768; x_wconf 85' lang='lat' dir='ltr'>tum</span> <span class='ocrx_word' id='word_1_712' title='bbox 981 5731 1088 5768; x_wconf 79' lang='lat' dir='ltr'>non</span> <span class='ocrx_word' id='word_1_713' title='bbox 1135 5723 1348 5784; x_wconf 85' lang='lat' dir='ltr'><strong>sponte,</strong></span> <span class='ocrx_word' id='word_1_714' title='bbox 1401 5731 1544 5768; x_wconf 77' lang='lat' dir='ltr'><strong>nunc</strong></span> <span class='ocrx_word' id='word_1_715' title='bbox 1575 5730 1698 5767; x_wconf 85' lang='lat' dir='ltr'>cum</span> <span class='ocrx_word' id='word_1_716' title='bbox 1748 5727 2024 5782; x_wconf 84' lang='lat' dir='ltr'><strong>quoquam</strong></span> 
     </span>
    </p>
   </div>
   <div class='ocr_carea' id='block_1_90' title="bbox 459 5803 2034 5873">
    <p class='ocr_par' dir='ltr' id='par_1_90' title="bbox 459 5803 2034 5873">
     <span class='ocr_line' id='line_1_90' title="bbox 459 5803 2034 5873; baseline -0.006 -8"><span class='ocrx_word' id='word_1_717' title='bbox 459 5807 826 5873; x_wconf 57' lang='lat' dir='ltr'><strong>consetnicns,</strong></span> <span class='ocrx_word' id='word_1_718' title='bbox 852 5823 997 5863; x_wconf 86' lang='lat' dir='ltr'><strong>nunc</strong></span> <span class='ocrx_word' id='word_1_719' title='bbox 1024 5821 1122 5862; x_wconf 83' lang='lat' dir='ltr'>nec</span> <span class='ocrx_word' id='word_1_720' title='bbox 1153 5821 1276 5861; x_wconf 89' lang='lat' dir='ltr'>cum</span> <span class='ocrx_word' id='word_1_721' title='bbox 1325 5805 1688 5860; x_wconf 80' lang='lat' dir='ltr'><strong>familiaribus</strong></span> <span class='ocrx_word' id='word_1_722' title='bbox 1708 5819 1810 5860; x_wconf 88' lang='lat' dir='ltr'>nec</span> <span class='ocrx_word' id='word_1_723' title='bbox 1843 5803 2034 5871; x_wconf 85' lang='lat' dir='ltr'><strong>impie-</strong></span> 
     </span>
    </p>
   </div>
   <div class='ocr_carea' id='block_1_91' title="bbox 2199 4149 3695 4223">
    <p class='ocr_par' dir='ltr' id='par_1_91' title="bbox 2199 4149 3695 4223">
     <span class='ocr_line' id='line_1_91' title="bbox 2199 4149 3695 4223; baseline -0.01 -11"><span class='ocrx_word' id='word_1_724' title='bbox 2199 4155 2292 4223; x_wconf 71' lang='grc' dir='ltr'>ς’.</span> <span class='ocrx_word' id='word_1_725' title='bbox 2334 4155 2478 4207; x_wconf 83' lang='grc' dir='ltr'>Ἀλλ’</span> <span class='ocrx_word' id='word_1_726' title='bbox 2523 4149 2859 4206; x_wconf 81' lang='grc' dir='ltr'>ὲπ“ανακτέον</span> <span class='ocrx_word' id='word_1_727' title='bbox 2905 4155 2998 4206; x_wconf 68' lang='grc' dir='ltr'>τὸν</span> <span class='ocrx_word' id='word_1_728' title='bbox 3050 4152 3226 4220; x_wconf 82' lang='grc' dir='ltr'>λόγον.</span> <span class='ocrx_word' id='word_1_729' title='bbox 3267 4151 3390 4204; x_wconf 75' lang='grc' dir='ltr'>Ἐπὶ</span> <span class='ocrx_word' id='word_1_730' title='bbox 3445 4152 3548 4220; x_wconf 84' lang='grc' dir='ltr'>μὲν</span> <span class='ocrx_word' id='word_1_731' title='bbox 3591 4152 3695 4220; x_wconf 73' lang='grc' dir='ltr'>γὰρ</span> 
     </span>
    </p>
   </div>
   <div class='ocr_carea' id='block_1_92' title="bbox 2128 4243 3696 4316">
    <p class='ocr_par' dir='ltr' id='par_1_92' title="bbox 2128 4243 3696 4316">
     <span class='ocr_line' id='line_1_92' title="bbox 2128 4243 3696 4316; baseline -0.004 -16"><span class='ocrx_word' id='word_1_732' title='bbox 2128 4249 2238 4300; x_wconf 89' lang='grc' dir='ltr'>τῶν</span> <span class='ocrx_word' id='word_1_733' title='bbox 2294 4247 2566 4300; x_wconf 82' lang='grc' dir='ltr'>συνθέτων</span> <span class='ocrx_word' id='word_1_734' title='bbox 2599 4247 2756 4316; x_wconf 75' lang='grc' dir='ltr'>ἡμῶν</span> <span class='ocrx_word' id='word_1_735' title='bbox 2789 4247 2842 4298; x_wconf 82' lang='grc' dir='ltr'>αἱ</span> <span class='ocrx_word' id='word_1_736' title='bbox 2875 4243 3156 4306; x_wconf 83' lang='grc' dir='ltr'>ούσιώδεις</span> <span class='ocrx_word' id='word_1_737' title='bbox 3198 4243 3456 4313; x_wconf 79' lang='grc' dir='ltr'>διαφοραὶ</span> <span class='ocrx_word' id='word_1_738' title='bbox 3506 4243 3696 4308; x_wconf 72' lang='grc' dir='ltr'>διπλῆν</span> 
     </span>
    </p>
   </div>
   <div class='ocr_carea' id='block_1_93' title="bbox 2132 4333 3694 4408">
    <p class='ocr_par' dir='ltr' id='par_1_93' title="bbox 2132 4333 3694 4408">
     <span class='ocr_line' id='line_1_93' title="bbox 2132 4333 3694 4408; baseline -0.006 -14"><span class='ocrx_word' id='word_1_739' title='bbox 2132 4337 2346 4394; x_wconf 77' lang='grc' dir='ltr'>ποιοῦσι</span> <span class='ocrx_word' id='word_1_740' title='bbox 2372 4343 2467 4394; x_wconf 68' lang='grc' dir='ltr'>καὶ</span> <span class='ocrx_word' id='word_1_741' title='bbox 2507 4338 2605 4408; x_wconf 83' lang='grc' dir='ltr'>τὴν</span> <span class='ocrx_word' id='word_1_742' title='bbox 2639 4338 2938 4407; x_wconf 76' lang='grc' dir='ltr'>σημασίαν.</span> <span class='ocrx_word' id='word_1_743' title='bbox 2973 4335 3054 4389; x_wconf 86' lang='grc' dir='ltr'>Τά</span> <span class='ocrx_word' id='word_1_744' title='bbox 3093 4352 3150 4386; x_wconf 89' lang='grc' dir='ltr'>τε</span> <span class='ocrx_word' id='word_1_745' title='bbox 3179 4335 3290 4403; x_wconf 85' lang='grc' dir='ltr'>γὰρ</span> <span class='ocrx_word' id='word_1_746' title='bbox 3327 4335 3432 4387; x_wconf 72' lang='grc' dir='ltr'>ὑπὸ</span> <span class='ocrx_word' id='word_1_747' title='bbox 3464 4335 3522 4386; x_wconf 83' lang='grc' dir='ltr'>τδ</span> <span class='ocrx_word' id='word_1_748' title='bbox 3557 4333 3694 4398; x_wconf 79' lang='grc' dir='ltr'>ζῶον</span> 
     </span>
    </p>
   </div>
   <div class='ocr_carea' id='block_1_94' title="bbox 2130 4425 3696 4502">
    <p class='ocr_par' dir='ltr' id='par_1_94' title="bbox 2130 4425 3696 4502">
     <span class='ocr_line' id='line_1_94' title="bbox 2130 4425 3696 4502; baseline -0.006 -17"><span class='ocrx_word' id='word_1_749' title='bbox 2130 4433 2245 4502; x_wconf 78' lang='grc' dir='ltr'>εἴδη</span> <span class='ocrx_word' id='word_1_750' title='bbox 2278 4432 2627 4484; x_wconf 80' lang='grc' dir='ltr'>συντιθέασιν</span> <span class='ocrx_word' id='word_1_751' title='bbox 2671 4425 3062 4492; x_wconf 85' lang='grc' dir='ltr'>είδοποιοῦσαι,</span> <span class='ocrx_word' id='word_1_752' title='bbox 3091 4425 3185 4476; x_wconf 83' lang='grc' dir='ltr'>καὶ</span> <span class='ocrx_word' id='word_1_753' title='bbox 3219 4428 3351 4492; x_wconf 84' lang='grc' dir='ltr'>πρός</span> <span class='ocrx_word' id='word_1_754' title='bbox 3391 4441 3452 4491; x_wconf 81' lang='grc' dir='ltr'>γε</span> <span class='ocrx_word' id='word_1_755' title='bbox 3483 4425 3564 4476; x_wconf 80' lang='grc' dir='ltr'>ἔτι</span> <span class='ocrx_word' id='word_1_756' title='bbox 3591 4425 3696 4476; x_wconf 86' lang='grc' dir='ltr'>τῶν</span> 
     </span>
    </p>
   </div>
   <div class='ocr_carea' id='block_1_95' title="bbox 2131 4515 3696 4592">
    <p class='ocr_par' dir='ltr' id='par_1_95' title="bbox 2131 4515 3696 4592">
     <span class='ocr_line' id='line_1_95' title="bbox 2131 4515 3696 4592; baseline -0.004 -17"><span class='ocrx_word' id='word_1_757' title='bbox 2131 4523 2442 4592; x_wconf 79' lang='grc' dir='ltr'>ὲτεροφυῶν</span> <span class='ocrx_word' id='word_1_758' title='bbox 2491 4519 2894 4572; x_wconf 74' lang='grc' dir='ltr'>διαστέλλουσιν</span> <span class='ocrx_word' id='word_1_759' title='bbox 2927 4517 3146 4570; x_wconf 84' lang='grc' dir='ltr'>οὐσιῶν.</span> <span class='ocrx_word' id='word_1_760' title='bbox 3195 4517 3320 4568; x_wconf 72' lang='grc' dir='ltr'>Ἐπὶ</span> <span class='ocrx_word' id='word_1_761' title='bbox 3364 4516 3419 4567; x_wconf 83' lang='grc' dir='ltr'>δὲ</span> <span class='ocrx_word' id='word_1_762' title='bbox 3449 4515 3552 4582; x_wconf 79' lang='grc' dir='ltr'>τῆς</span> <span class='ocrx_word' id='word_1_763' title='bbox 3595 4535 3696 4585; x_wconf 83' lang='grc' dir='ltr'>μα-</span> 
     </span>
    </p>
   </div>
   <div class='ocr_carea' id='block_1_96' title="bbox 2127 4606 3695 4683">
    <p class='ocr_par' dir='ltr' id='par_1_96' title="bbox 2127 4606 3695 4683">
     <span class='ocr_line' id='line_1_96' title="bbox 2127 4606 3695 4683; baseline -0.006 -17"><span class='ocrx_word' id='word_1_764' title='bbox 2127 4615 2326 4683; x_wconf 82' lang='grc' dir='ltr'>καρίας</span> <span class='ocrx_word' id='word_1_765' title='bbox 2371 4612 2586 4682; x_wconf 75' lang='grc' dir='ltr'>ἐκείνης</span> <span class='ocrx_word' id='word_1_766' title='bbox 2618 4609 2714 4663; x_wconf 72' lang='grc' dir='ltr'>καὶ</span> <span class='ocrx_word' id='word_1_767' title='bbox 2761 4609 2972 4672; x_wconf 77' lang='grc' dir='ltr'>ἐνιαίας</span> <span class='ocrx_word' id='word_1_768' title='bbox 3004 4607 3192 4672; x_wconf 76' lang='grc' dir='ltr'>οὐσίας</span> <span class='ocrx_word' id='word_1_769' title='bbox 3223 4607 3450 4676; x_wconf 82' lang='grc' dir='ltr'>θάτερον</span> <span class='ocrx_word' id='word_1_770' title='bbox 3485 4606 3608 4674; x_wconf 78' lang='grc' dir='ltr'>μὲν,</span> <span class='ocrx_word' id='word_1_771' title='bbox 3635 4607 3695 4658; x_wconf 74' lang='grc' dir='ltr'>τ’)</span> 
     </span>
    </p>
   </div>
   <div class='ocr_carea' id='block_1_97' title="bbox 2128 4695 3693 4776">
    <p class='ocr_par' dir='ltr' id='par_1_97' title="bbox 2128 4695 3693 4776">
     <span class='ocr_line' id='line_1_97' title="bbox 2128 4695 3693 4776; baseline -0.006 -16"><span class='ocrx_word' id='word_1_772' title='bbox 2128 4707 2226 4775; x_wconf 85' lang='grc' dir='ltr'>τῆς</span> <span class='ocrx_word' id='word_1_773' title='bbox 2263 4705 2560 4776; x_wconf 83' lang='grc' dir='ltr'>συνθήκης,</span> <span class='ocrx_word' id='word_1_774' title='bbox 2596 4703 3047 4772; x_wconf 81' lang='grc' dir='ltr'>ἀπηγορευμένον</span> <span class='ocrx_word' id='word_1_775' title='bbox 3083 4703 3194 4762; x_wconf 84' lang='grc' dir='ltr'>τοῖς</span> <span class='ocrx_word' id='word_1_776' title='bbox 3235 4699 3400 4762; x_wconf 86' lang='grc' dir='ltr'>θείοις</span> <span class='ocrx_word' id='word_1_777' title='bbox 3429 4695 3693 4768; x_wconf 76' lang='grc' dir='ltr'>ἐνομίσθη</span> 
     </span>
    </p>
   </div>
   <div class='ocr_carea' id='block_1_98' title="bbox 2127 4789 3692 4866">
    <p class='ocr_par' dir='ltr' id='par_1_98' title="bbox 2127 4789 3692 4866">
     <span class='ocr_line' id='line_1_98' title="bbox 2127 4789 3692 4866; baseline -0.008 -14"><span class='ocrx_word' id='word_1_778' title='bbox 2127 4797 2398 4866; x_wconf 75' lang='grc' dir='ltr'>Πατράσι,</span> <span class='ocrx_word' id='word_1_779' title='bbox 2433 4797 2660 4864; x_wconf 81' lang='grc' dir='ltr'>θάτερον</span> <span class='ocrx_word' id='word_1_780' title='bbox 2685 4795 2765 4854; x_wconf 81' lang='grc' dir='ltr'>δὲ,</span> <span class='ocrx_word' id='word_1_781' title='bbox 2789 4794 2849 4847; x_wconf 71' lang='grc' dir='ltr'>τὸ</span> <span class='ocrx_word' id='word_1_782' title='bbox 2879 4793 2979 4861; x_wconf 83' lang='grc' dir='ltr'>τῆς</span> <span class='ocrx_word' id='word_1_783' title='bbox 3007 4793 3068 4844; x_wconf 80' lang='grc' dir='ltr'>ὲκ</span> <span class='ocrx_word' id='word_1_784' title='bbox 3095 4791 3285 4845; x_wconf 83' lang='grc' dir='ltr'>πασῶν</span> <span class='ocrx_word' id='word_1_785' title='bbox 3317 4791 3423 4843; x_wconf 90' lang='grc' dir='ltr'>τῶν</span> <span class='ocrx_word' id='word_1_786' title='bbox 3456 4789 3692 4842; x_wconf 85' lang='grc' dir='ltr'>κτιστῶν</span> 
     </span>
    </p>
   </div>
   <div class='ocr_carea' id='block_1_99' title="bbox 2126 4883 3694 4958">
    <p class='ocr_par' dir='ltr' id='par_1_99' title="bbox 2126 4883 3694 4958">
     <span class='ocr_line' id='line_1_99' title="bbox 2126 4883 3694 4958; baseline -0.004 -16"><span class='ocrx_word' id='word_1_787' title='bbox 2126 4891 2416 4958; x_wconf 79' lang='grc' dir='ltr'>διαστολῆς</span> <span class='ocrx_word' id='word_1_788' title='bbox 2481 4885 2701 4950; x_wconf 77' lang='grc' dir='ltr'>οὐσιῶν,</span> <span class='ocrx_word' id='word_1_789' title='bbox 2739 4889 2835 4940; x_wconf 81' lang='grc' dir='ltr'>καὶ</span> <span class='ocrx_word' id='word_1_790' title='bbox 2889 4885 3096 4955; x_wconf 73' lang='grc' dir='ltr'>σφόδρα</span> <span class='ocrx_word' id='word_1_791' title='bbox 3157 4883 3530 4937; x_wconf 77' lang='grc' dir='ltr'>συνδέδοκταιο</span> <span class='ocrx_word' id='word_1_792' title='bbox 3565 4883 3694 4935; x_wconf 82' lang='grc' dir='ltr'>ἐνω-</span> 
     </span>
    </p>
   </div>
   <div class='ocr_carea' id='block_1_100' title="bbox 2127 4975 3694 5048">
    <p class='ocr_par' dir='ltr' id='par_1_100' title="bbox 2127 4975 3694 5048">
     <span class='ocr_line' id='line_1_100' title="bbox 2127 4975 3694 5048; baseline -0.004 -14"><span class='ocrx_word' id='word_1_793' title='bbox 2127 4981 2326 5034; x_wconf 85' lang='grc' dir='ltr'>θεισῶν</span> <span class='ocrx_word' id='word_1_794' title='bbox 2369 4983 2479 5048; x_wconf 82' lang='grc' dir='ltr'>γὰρ</span> <span class='ocrx_word' id='word_1_795' title='bbox 2527 4977 2811 5047; x_wconf 79' lang='grc' dir='ltr'>ἀλλήλαις,</span> <span class='ocrx_word' id='word_1_796' title='bbox 2871 4978 3024 5047; x_wconf 70' lang='grc' dir='ltr'>φησὶ,</span> <span class='ocrx_word' id='word_1_797' title='bbox 3079 4977 3185 5028; x_wconf 86' lang='grc' dir='ltr'>τῶν</span> <span class='ocrx_word' id='word_1_798' title='bbox 3225 4976 3318 5028; x_wconf 90' lang='grc' dir='ltr'>δύο</span> <span class='ocrx_word' id='word_1_799' title='bbox 3358 4975 3575 5042; x_wconf 76' lang='grc' dir='ltr'>φύσεων</span> <span class='ocrx_word' id='word_1_800' title='bbox 3616 4977 3694 5038; x_wconf 85' lang='grc' dir='ltr'>είς</span> 
     </span>
    </p>
   </div>
   <div class='ocr_carea' id='block_1_101' title="bbox 2055 5065 3692 5170">
    <p class='ocr_par' dir='ltr' id='par_1_101' title="bbox 2055 5065 3692 5170">
     <span class='ocr_line' id='line_1_101' title="bbox 2055 5065 3692 5170; baseline -0.002 -50"><span class='ocrx_word' id='word_1_801' title='bbox 2055 5119 2100 5170; x_wconf 69' lang='lat' dir='ltr'>n</span> <span class='ocrx_word' id='word_1_802' title='bbox 2134 5071 2264 5138; x_wconf 86' lang='grc' dir='ltr'>μίαν</span> <span class='ocrx_word' id='word_1_803' title='bbox 2305 5071 2610 5122; x_wconf 82' lang='grc' dir='ltr'>ὑπόστασιν</span> <span class='ocrx_word' id='word_1_804' title='bbox 2647 5067 2742 5119; x_wconf 84' lang='grc' dir='ltr'>τοῦ</span> <span class='ocrx_word' id='word_1_805' title='bbox 2779 5069 2906 5120; x_wconf 81' lang='grc' dir='ltr'>Υἰοῦ</span> <span class='ocrx_word' id='word_1_806' title='bbox 2937 5067 3030 5118; x_wconf 84' lang='grc' dir='ltr'>τοῦ</span> <span class='ocrx_word' id='word_1_807' title='bbox 3091 5067 3248 5126; x_wconf 84' lang='grc' dir='ltr'>Θεοῦ,</span> <span class='ocrx_word' id='word_1_808' title='bbox 3301 5065 3570 5128; x_wconf 76' lang='grc' dir='ltr'>σώζεσθαι</span> <span class='ocrx_word' id='word_1_809' title='bbox 3603 5067 3692 5119; x_wconf 78' lang='grc' dir='ltr'>αὺ-</span> 
     </span>
    </p>
   </div>
   <div class='ocr_carea' id='block_1_102' title="bbox 2126 5157 3696 5232">
    <p class='ocr_par' dir='ltr' id='par_1_102' title="bbox 2126 5157 3696 5232">
     <span class='ocr_line' id='line_1_102' title="bbox 2126 5157 3696 5232; baseline -0.002 -19"><span class='ocrx_word' id='word_1_810' title='bbox 2126 5163 2238 5214; x_wconf 86' lang='grc' dir='ltr'>τῶν</span> <span class='ocrx_word' id='word_1_811' title='bbox 2289 5163 2388 5232; x_wconf 77' lang='grc' dir='ltr'>τὴν</span> <span class='ocrx_word' id='word_1_812' title='bbox 2441 5159 2672 5230; x_wconf 78' lang='grc' dir='ltr'>οὐσιὼδη</span> <span class='ocrx_word' id='word_1_813' title='bbox 2728 5161 2993 5231; x_wconf 75' lang='grc' dir='ltr'>διαφορὰν</span> <span class='ocrx_word' id='word_1_814' title='bbox 3025 5158 3277 5230; x_wconf 77' lang='grc' dir='ltr'>ὁρίζοντα</span> <span class='ocrx_word' id='word_1_815' title='bbox 3324 5157 3576 5228; x_wconf 79' lang='grc' dir='ltr'>θεότητος</span> <span class='ocrx_word' id='word_1_816' title='bbox 3603 5159 3696 5212; x_wconf 77' lang='grc' dir='ltr'>καὶ</span> 
     </span>
    </p>
   </div>
   <div class='ocr_carea' id='block_1_103' title="bbox 2123 5253 3308 5322">
    <p class='ocr_par' dir='ltr' id='par_1_103' title="bbox 2123 5253 3308 5322">
     <span class='ocr_line' id='line_1_103' title="bbox 2123 5253 3308 5322; baseline -0.003 -17"><span class='ocrx_word' id='word_1_817' title='bbox 2123 5253 2564 5322; x_wconf 77' lang='grc' dir='ltr'>ἁνθρωπότητος.</span> <span class='ocrx_word' id='word_1_818' title='bbox 3305 5297 3308 5302; x_wconf 94' lang='grc'>.</span> 
     </span>
    </p>
   </div>
   <div class='ocr_carea' id='block_1_104' title="bbox 2193 5335 3695 5414">
    <p class='ocr_par' dir='ltr' id='par_1_104' title="bbox 2193 5335 3695 5414">
     <span class='ocr_line' id='line_1_104' title="bbox 2193 5335 3695 5414; baseline -0.005 -16"><span class='ocrx_word' id='word_1_819' title='bbox 2193 5342 2272 5398; x_wconf 84' lang='lat' dir='ltr'>Z&#39;.</span> <span class='ocrx_word' id='word_1_820' title='bbox 2303 5343 2368 5396; x_wconf 88' lang='grc' dir='ltr'>Τί</span> <span class='ocrx_word' id='word_1_821' title='bbox 2403 5343 2536 5412; x_wconf 76' lang='grc' dir='ltr'>πρὸς</span> <span class='ocrx_word' id='word_1_822' title='bbox 2565 5341 2738 5396; x_wconf 79' lang='grc' dir='ltr'>ταῦτα</span> <span class='ocrx_word' id='word_1_823' title='bbox 2773 5345 2898 5414; x_wconf 75' lang='grc' dir='ltr'>φὴς,</span> <span class='ocrx_word' id='word_1_824' title='bbox 2928 5337 2972 5395; x_wconf 82' lang='grc' dir='ltr'>ὦ</span> <span class='ocrx_word' id='word_1_825' title='bbox 3009 5343 3130 5409; x_wconf 75' lang='grc' dir='ltr'>φίλε</span> <span class='ocrx_word' id='word_1_826' title='bbox 3177 5342 3447 5408; x_wconf 83' lang='grc' dir='ltr'>Θεότιμε;</span> <span class='ocrx_word' id='word_1_827' title='bbox 3479 5335 3556 5392; x_wconf 85' lang='grc' dir='ltr'><strong>Ἦ</strong></span> <span class='ocrx_word' id='word_1_828' title='bbox 3589 5337 3695 5408; x_wconf 75' lang='grc' dir='ltr'>γάρ</span> 
     </span>
    </p>
   </div>
   <div class='ocr_carea' id='block_1_105' title="bbox 2125 5429 3696 5504">
    <p class='ocr_par' dir='ltr' id='par_1_105' title="bbox 2125 5429 3696 5504">
     <span class='ocr_line' id='line_1_105' title="bbox 2125 5429 3696 5504; baseline -0.013 -15"><span class='ocrx_word' id='word_1_829' title='bbox 2125 5437 2186 5489; x_wconf 86' lang='grc' dir='ltr'>ού</span> <span class='ocrx_word' id='word_1_830' title='bbox 2213 5435 2496 5503; x_wconf 73' lang='grc' dir='ltr'>λεληθέναι</span> <span class='ocrx_word' id='word_1_831' title='bbox 2522 5433 2668 5486; x_wconf 81' lang='grc' dir='ltr'>δοκεῖ</span> <span class='ocrx_word' id='word_1_832' title='bbox 2697 5452 2778 5486; x_wconf 88' lang='grc' dir='ltr'>σοι</span> <span class='ocrx_word' id='word_1_833' title='bbox 2804 5437 2986 5504; x_wconf 71' lang='grc' dir='ltr'>σαφῶς</span> <span class='ocrx_word' id='word_1_834' title='bbox 3013 5435 3203 5486; x_wconf 65' lang='grc' dir='ltr'>ἐαυτδν</span> <span class='ocrx_word' id='word_1_835' title='bbox 3225 5437 3252 5484; x_wconf 81' lang='grc' dir='ltr'><strong>ὁ</strong></span> <span class='ocrx_word' id='word_1_836' title='bbox 3278 5433 3540 5499; x_wconf 73' lang='grc' dir='ltr'>Παλαμᾶς</span> <span class='ocrx_word' id='word_1_837' title='bbox 3567 5429 3696 5499; x_wconf 70' lang='grc' dir='ltr'>βικ-</span> 
     </span>
    </p>
   </div>
   <div class='ocr_carea' id='block_1_106' title="bbox 2127 5524 3687 5597">
    <p class='ocr_par' dir='ltr' id='par_1_106' title="bbox 2127 5524 3687 5597">
     <span class='ocr_line' id='line_1_106' title="bbox 2127 5524 3687 5597; baseline -0.004 -19"><span class='ocrx_word' id='word_1_838' title='bbox 2127 5527 2429 5597; x_wconf 69' lang='grc' dir='ltr'>χικώτερον</span> <span class='ocrx_word' id='word_1_839' title='bbox 2497 5526 2640 5576; x_wconf 69' lang='grc' dir='ltr'>κατὰ</span> <span class='ocrx_word' id='word_1_840' title='bbox 2693 5527 2818 5588; x_wconf 69' lang='grc' dir='ltr'>τοὺς</span> <span class='ocrx_word' id='word_1_841' title='bbox 2881 5527 3237 5594; x_wconf 79' lang='grc' dir='ltr'>μαινομένους</span> <span class='ocrx_word' id='word_1_842' title='bbox 3302 5524 3504 5592; x_wconf 84' lang='grc' dir='ltr'>τρόπον</span> <span class='ocrx_word' id='word_1_843' title='bbox 3569 5525 3687 5582; x_wconf 83' lang='grc' dir='ltr'>ταῖς</span> 
     </span>
    </p>
   </div>
   <div class='ocr_carea' id='block_1_107' title="bbox 2131 5611 3694 5688">
    <p class='ocr_par' dir='ltr' id='par_1_107' title="bbox 2131 5611 3694 5688">
     <span class='ocr_line' id='line_1_107' title="bbox 2131 5611 3694 5688; baseline -0.006 -17"><span class='ocrx_word' id='word_1_844' title='bbox 2131 5619 2305 5679; x_wconf 77' lang='grc' dir='ltr'>θείαις</span> <span class='ocrx_word' id='word_1_845' title='bbox 2331 5617 2574 5688; x_wconf 68' lang='grc' dir='ltr'>Γραφαῖς</span> <span class='ocrx_word' id='word_1_846' title='bbox 2607 5618 2875 5687; x_wconf 83' lang='grc' dir='ltr'>προσιὼν,</span> <span class='ocrx_word' id='word_1_847' title='bbox 2907 5619 3002 5670; x_wconf 74' lang='grc' dir='ltr'>καὶ</span> <span class='ocrx_word' id='word_1_848' title='bbox 3045 5615 3406 5686; x_wconf 75' lang='grc' dir='ltr'>μεθαρμόζων</span> <span class='ocrx_word' id='word_1_849' title='bbox 3441 5611 3694 5682; x_wconf 84' lang='grc' dir='ltr'>ἀμούσως</span> 
     </span>
    </p>
   </div>
   <div class='ocr_carea' id='block_1_108' title="bbox 2133 5701 3692 5779">
    <p class='ocr_par' dir='ltr' id='par_1_108' title="bbox 2133 5701 3692 5779">
     <span class='ocr_line' id='line_1_108' title="bbox 2133 5701 3692 5779; baseline -0.004 -17"><span class='ocrx_word' id='word_1_850' title='bbox 2133 5709 2230 5762; x_wconf 83' lang='grc' dir='ltr'>καὶ</span> <span class='ocrx_word' id='word_1_851' title='bbox 2279 5708 2470 5779; x_wconf 67' lang='grc' dir='ltr'>πόρρω</span> <span class='ocrx_word' id='word_1_852' title='bbox 2519 5708 2658 5760; x_wconf 86' lang='grc' dir='ltr'>θέων</span> <span class='ocrx_word' id='word_1_853' title='bbox 2688 5709 2956 5779; x_wconf 71' lang='grc' dir='ltr'>’βαλϐῖδος</span> <span class='ocrx_word' id='word_1_854' title='bbox 3001 5711 3199 5772; x_wconf 86' lang='grc' dir='ltr'>εἰπεῖν,</span> <span class='ocrx_word' id='word_1_855' title='bbox 3261 5707 3376 5768; x_wconf 71' lang='grc' dir='ltr'>πῶς</span> <span class='ocrx_word' id='word_1_856' title='bbox 3407 5707 3505 5776; x_wconf 78' lang='grc' dir='ltr'>μὲν</span> <span class='ocrx_word' id='word_1_857' title='bbox 3535 5701 3692 5762; x_wconf 78' lang='grc' dir='ltr'>ἑκὼν.</span> 
     </span>
    </p>
   </div>
   <div class='ocr_carea' id='block_1_109' title="bbox 2137 5793 3694 5872">
    <p class='ocr_par' dir='ltr' id='par_1_109' title="bbox 2137 5793 3694 5872">
     <span class='ocr_line' id='line_1_109' title="bbox 2137 5793 3694 5872; baseline -0.004 -17"><span class='ocrx_word' id='word_1_858' title='bbox 2137 5799 2252 5862; x_wconf 86' lang='grc' dir='ltr'>πῶς</span> <span class='ocrx_word' id='word_1_859' title='bbox 2283 5797 2346 5869; x_wconf 68' lang='grc' dir='ltr'>υ.</span> <span class='ocrx_word' id='word_1_860' title='bbox 2381 5797 2479 5853; x_wconf 76' lang='grc'>169</span> <span class='ocrx_word' id='word_1_861' title='bbox 2502 5795 2552 5868; x_wconf 67' lang='grc' dir='ltr'>ι]</span> <span class='ocrx_word' id='word_1_862' title='bbox 2587 5799 2628 5850; x_wconf 84' lang='grc' dir='ltr'>δ’</span> <span class='ocrx_word' id='word_1_863' title='bbox 2656 5801 2750 5870; x_wconf 76' lang='grc' dir='ltr'>οὐχ</span> <span class='ocrx_word' id='word_1_864' title='bbox 2796 5803 2954 5868; x_wconf 76' lang='grc' dir='ltr'>ἑκὼν,</span> <span class='ocrx_word' id='word_1_865' title='bbox 2998 5801 3090 5854; x_wconf 79' lang='grc' dir='ltr'>καὶ</span> <span class='ocrx_word' id='word_1_866' title='bbox 3128 5799 3318 5872; x_wconf 38' lang='grc' dir='ltr'>μγλδέσι</span> <span class='ocrx_word' id='word_1_867' title='bbox 3370 5793 3694 5866; x_wconf 75' lang='grc' dir='ltr'>συμφωνῶν,</span> 
     </span>
    </p>
   </div>
  </div>
