4046 6290
351 393 448 454 3l7

1309 393 1754 452 ΙὶΥΖΑΝΤΙΝιΕ
1799 389 2180 451 ΙΠΞΤΟΒῙΕ
2222 395 2369 456 LIB.
2415 396 2630 456 XXXI.

3495 393 3600 457 318

354 505 493 570 μήτε
539 505 649 563 τοῖς
679 503 904 565 θὶκείοις
936 503 1032 556 καὶ
1062 503 1445 573 ὁμογνώμοσιν
1497 503 1644 573 αὐτῷ
1672 502 1769 571 τὴν
1795 501 1922 553 δυσ-

2030 501 2150 555 tatis
2175 504 2338 558 sociis
2363 520 2465 558 nec
2493 521 2616 559 cum
2640 505 2968 558 adversariis
2993 517 3090 557 nec
3112 519 3235 558 cum
3261 503 3600 572 semetipso?

353 594 598 655 sér’iztav,
635 596 773 663 μήτε
819 597 927 657 τοῖς
969 597 1292 659 ἀντιθέτοις,
1335 596 1460 666 μήθ’
1510 597 1724 664 ἑαυτῷς
1757 596 1817 648 El
1867 596 1922 648 δὲ

351 683 550 754 βούλει,
590 686 788 756 μικρὸν
827 687 1132 753 ἀναμείνας
1161 686 1371 756 ἀκούσῃ
1400 686 1551 739 καὶᾶ
1593 688 1795 756 μεταξὺ
1836 687 1926 739 λέ-

352 790 465 839 γων
514 775 540 825 6
591 773 880 843 Γρηγορᾶς
919 777 1175 844 περὶτῆς
1226 779 1317 831 τοῦ
1357 779 1593 846 Παλαμᾶ
1638 781 1924 841 κακονοίας

353 863 734 932 συνελογίσατό
768 883 826 917 τε
884 867 980 917 καὶ
1018 868 1364 939 ἀπεφήνατο.
1404 870 1616 924 Ἐκεῖνα
1648 870 1747 934 μὲν
1793 872 1920 940 γὰρ,

354 959 540 1024 φησὶν,
584 958 646 1008 οὐ
689 958 996 1024 προσίεται,
1031 959 1217 1024 δεδιὼς
1268 966 1356 1014 τὸν
1409 965 1635 1017 αὐτόθεν
1679 965 1796 1017 κατ’
1826 966 1925 1017 αὐ-

351 1048 446 1099 τοῦ
507 1047 777 1116 φυόμενον
805 1049 1032 1119 ἔλεγχον
1065 1052 1130 1104 ἐκ
1176 1053 1269 1104 τοῦ
1307 1055 1511 1117 εὐθέος,
1539 1057 1634 1108 ὅιτε
1671 1057 1924 1111 σύνθεσιν

349 1137 512 1198 αὐτὸς
543 1139 684 1190 κατὰ
714 1141 818 1207 τῆς
860 1140 1009 1203 θείας
1061 1142 1290 1196 ἐπινοῶν
1340 1144 1436 1197 καὶ
1479 1145 1652 1212 λέγων
1698 1148 1918 1209 οὐσίας’

349 1224 522 1278 ταῦτα
554 1225 598 1277 δ’
633 1225 701 1279 αὖ
751 1227 924 1297 λήθης
967 1227 1110 1281 ἑκὼν
1167 1232 1534 1300 παραπέμπει
1573 1235 1772 1301 βυθοῖς,
1824 1234 1920 1287 ἅτε

351 1313 444 1364 καὶ
471 1315 656 1376 αὐτοῖς
709 1317 1123 1387 ἐναντιούμενος
1181 1321 1441 1392 ἄντικρυς
1493 1326 1586 1377 καὶ
1622 1325 1794 1392 λέγων
1826 1330 1922 1378 καὶ

349 1405 602 1474 γράφων.
639 1407 1028 1477 Μεμενηκέναι
1056 1413 1161 1482 γὰρ
1192 1414 1218 1466 6
1249 1414 1402 1481 ἅγιος
1444 1414 1548 1482 ἔφη
1592 1419 1651 1467 1:6
1688 1418 1922 1485 ἀόρατον

350 1497 589 1566 ἀόρατον
621 1497 714 1549 καὶ
742 1498 803 1550 τὸ
829 1502 1250 1571 ἁπερίγραπτον
1284 1505 1718 1575 ἁπερίγραπτον,
1745 1508 1838 1560 καὶ
1861 1507 1920 1559 τὸ

348 1591 605 1641 ἄκτιστον
640 1589 842 1659 ὁμοίως
885 1595 981 1644 καὶ
1023 1595 1082 1645 τὸ
1129 1595 1380 1665 ἄπειρον,
1430 1600 1522 1650 καὶ
1559 1597 1701 1652 οὕτω
1748 1599 1922 1661 σώζε-

350 1676 475 1727 σθαι
509 1677 698 1744 σαφῶς
732 1677 831 1747 τὴν
865 1679 970 1732 τῶν
1000 1679 1094 1732 δύο
1125 1681 1340 1749 φύσεων
1366 1684 1596 1752 ούσιώδη
1620 1686 1916 1756 διαφοράν·

345 1771 371 1820 6
403 1767 460 1820 δὲ
488 1769 708 1834 μιγνύει
732 1770 800 1823 τὰ
829 1771 1059 1841 ἄμικτα,
1093 1773 1302 1845 φύρδην
1335 1776 1507 1841 οὕτως
1540 1779 1794 1846 συγχέων
1827 1779 1918 1831 καὶ

346 1863 724 1929 ἁνακεραννὺς
752 1865 1114 1933 κακοτρόπως
1149 1843 1517 1934 καὶὶἀμοθῶς.
1549 1843 1687 1922 Οὔτε
1716 1872 1823 1938 γὰρ
1858 1872 1916 1922 τὸ
1954 1843 1993 1895 Β

343 1951 582 2020 ἀόρατον
616 1954 1070 2023 μένειν’ἀόρατον
1097 1957 1280 2010 δίδωσι
1328 1959 1471 2012 κατά
1511 1962 1610 2030 τὴν
1640 1962 1732 2013 τοῦ
1768 1963 1922 2014 ἀκτί-

347 2060 479 2096 στου
517 2062 574 2097 τε
617 2046 712 2098 καὶ
761 2048 995 2118 ἀπείρου
1052 2050 1214 2116 φύσιν
1256 2051 1351 2104 καὶ
1404 2052 1664 2122 ἰδιότητα,
1711 2055 1835 2106 οὔτε
1863 2057 1921 2108 τὸ

347 2138 770 2206 ἀπερίγραπτον
814 2139 1230 2210 ἀπερίγραπτον
1252 2158 1266 2172 ·
1314 2143 1428 2196 ἀλλ’
1458 2145 1514 2196 ὲν
1545 2149 1609 2215 τῇ
1639 2147 1732 2198 τοῦ
1766 2164 1923 2217 περι-

345 2231 596 2297 γραπτοῦ
628 2233 722 2283 καὶ
755 2232 950 2298 ὁρατοῦ
977 2233 1135 2301 φύσει
1178 2235 1350 2288 ταῦτα
1374 2239 1523 2306 παρὰ
1560 2238 1720 2304 φύσιν
1745 2241 1771 2290 ὁ
1811 2242 1922 2307 μά-

343 2338 500 2384 ταιος
538 2323 856 2377 συνελαύνει
879 2365 893 2390 ,
924 2327 1018 2380 καὶ
1048 2327 1167 2395 ἅμα
1191 2330 1256 2398 τῇ
1293 2331 1399 2381 τῶν
1439 2331 1773 2399 κτισμάτων.
1801 2333 1922 2394 Πῶς

343 2410 460 2480 γὰρ
475 2410 539 2462 ἂν
565 2410 642 2464 ἔτι
675 2411 895 2464 δύναιτο
926 2414 1106 2482 μένειν
1131 2417 1192 2468 τὸ
1219 2416 1477 2471 ἄκτιστον
1498 2420 1754 2473 ἄκτιστον
1786 2422 1924 2492 ὁρώ-

351 2500 519 2567 μενόν
546 2517 604 2550 τε
629 2501 720 2552 καὶ
745 2503 1224 2571 περιγραφόμενον
1249 2510 1582 2573 σωματικοῖς
1600 2509 1922 2580 ὀφθαλμοῖς,

345 2590 414 2641 τὶ
478 2591 704 2657 νοεροῖς,
768 2591 862 2644 καὶ
909 2593 1082 2645 ταῦτα
1127 2595 1584 2664 κεκαθαρμένοις,
1639 2600 1749 2652 οὐδ’
1792 2601 1926 2665 ὅλως

343 2680 666 2748 δυνάμενον;
684 2683 758 2745 ὡς
775 2684 930 2755 γὰρῆ
954 2702 1010 2736 τε
1031 2688 1306 2758 ἐπιστήμη
1324 2690 1418 2741 καὶ
1435 2691 1460 2742 6
1476 2691 1644 2761 ταύτῃ
1659 2693 1924 2762 ἑπόμενος

346 2772 581 2843 Νύσσης
609 2773 914 2844 Γρηγόριος
944 2777 1166 2844 φάσκει,
1200 2778 1262 2830 τὸ
1311 2785 1828 2853 περιγεγραμμένον
1861 2786 1924 2839 ἄ·-

344 2879 543 2932 πειρον
567 2864 627 2920 οὐ
652 2864 876 2918 δύναται
904 2863 1045 2919 εῖναι
1066 2885 1078 2898 ·
1115 2867 1174 2938 μ’.
1209 2867 1312 2921 170
1338 2868 1411 2940 r.]
1435 2870 1462 2921 ὃ
1485 2872 1541 2924 δὲ
1574 2873 1648 2942 μὴ
1671 2875 1922 2944 ἄπειρον,

346 2956 783 3024 πεπερασμένον
809 2957 1050 3019 πάντως.
1091 2961 1518 3032 Πεπερασμένος
1544 2964 1654 3034 ἄρα
1685 2969 1711 3019 6
1738 2967 1925 3034 διάφο-

347 3063 450 3114 ρος
475 3048 572 3116 τῆς
601 3047 749 3110 θείας
787 3049 976 3113 οὐσίας
1019 3051 1341 3122 Παλαμὶτης
1379 3055 1636 3119 ἄκτιστος
1663 3059 1795 3120 Θεὸς
1829 3061 1926 3114 καὶ

2029 595 2084 649 Si
2130 596 2330 649 morari
2368 598 2644 664 paulisper
2667 597 2822 657 velis,
2858 597 3049 649 audias
3072 611 3189 664 qua!
3223 597 3438 648 interim
3471 597 3604 650 Gre-

2027 701 2186 757 goras
2211 686 2279 740 de
2303 686 2538 740 Palamae
2568 688 2799 740 stultitia
2827 686 3098 739 conclusit
3126 693 3182 740 et
3225 687 3474 754 protulit.
3507 687 3601 739 llla

2027 779 2270 853 quidem,
2313 779 2511 847 inquit,
2574 796 2678 832 non
2721 781 3058 848 aggreditur,
3112 794 3312 832 verens
3359 793 3427 832 ne
3474 778 3600 830 inde

2025 883 2217 926 contra
2271 887 2330 926 se
2383 873 2563 926 statim
2621 882 2904 924 moveatur
2954 872 3248 934 accusatio,
3303 870 3444 939 quod
3481 870 3597 936 ipse

2027 963 2083 1016 in
2117 961 2319 1016 deitatc
2353 962 2808 1029 compositionem
2863 964 3064 1028 Cogitat
3102 971 3154 1012 et
3190 961 3418 1028 profert.
3480 960 3604 1013 llsec

2025 1070 2159 1107 vero
2191 1054 2245 1106 in
2293 1053 2627 1108 oblivionem
2665 1062 2860 1120 sponte
2894 1053 3059 1104 mittit
3093 1053 3290 1120 quippe
3333 1052 3397 1104 iis
3435 1068 3600 1119 repu-

2025 1160 2196 1214 gnans
2222 1153 2275 1198 et
2295 1144 2452 1198 dictis
2486 1155 2540 1198 et
2571 1144 2805 1210 scriptis.
2831 1144 3056 1196 Manere
3091 1143 3232 1196 enim
3262 1153 3484 1195 sanctus
3514 1141 3601 1195 di—

2025 1239 2098 1290 cit
2138 1236 2406 1290 invisibile
2438 1235 2733 1295 invisihile,
2771 1234 3040 1286 infinitum
3065 1234 3361 1300 infinitum,
3390 1233 3601 1288 increa-

2028 1338 2137 1382 tutn
2170 1328 2428 1382 similiter
2459 1337 2513 1381 et
2546 1325 2888 1379 indeﬁnitum
2909 1367 2921 1389 ,
2952 1334 3004 1378 et
3034 1326 3101 1376 ita
3137 1340 3356 1378 manere
3412 1334 3602 1394 aperte

2024 1419 2256 1472 duarum
2305 1431 2627 1472 naturarum
2664 1418 3006 1472 essentialem
3039 1417 3202 1484 359
3251 1416 3598 1470 varietatem.

2025 1514 2119 1567 llle
2144 1528 2271 1566 vero
2296 1512 2482 1565 miscet
2522 1527 2630 1564 non
2661 1511 2962 1571 miscenda,
2993 1522 3223 1577 prorsus
3254 1507 3600 1562 confundens

2024 1614 2074 1656 ον
2101 1602 2426 1670 perturbans
2451 1600 2684 1667 maligne
2703 1609 2759 1652 et
2789 1598 3028 1651 indocte.
3057 1597 3245 1666 Neque
3275 1599 3423 1651 enim
3452 1597 3598 1650 invi-

2029 1693 2431 1754 sibilelmancre
2452 1690 2724 1743 invisibile
2749 1688 3003 1742 concedit
3024 1690 3326 1741 secundum
3371 1686 3601 1742 increatl

2024 1796 2080 1839 et
2113 1783 2376 1838 indeliniti
2433 1792 2682 1836 naturam
2725 1793 2780 1835 et
2817 1771 3224 1850 preprietatem,
3278 1796 3452 1850 neque
3480 1780 3600 1832 inii-

2024 1879 2198 1931 nitum
2225 1875 2521 1933 inﬁnitum.
2545 1874 2636 1928 sed
2663 1875 2712 1926 in
2739 1873 2874 1926 [initi
2910 1883 2962 1927 et
2995 1873 3228 1926 visibilis
3268 1882 3458 1924 natura
3490 1872 3606 1925 haec

2023 1979 2209 2022 contra
2227 1976 2478 2020 naturam
2509 1966 2709 2019 stultus
2727 1966 2813 2019 ille
2835 1965 3115 2018 consociat
3140 1980 3262 2016 cum
3292 1973 3599 2016 creatorum

2026 2070 2242 2114 natura.
2276 2057 2561 2122 Quomodo
2593 2065 2779 2124 posset
2813 2056 3113 2109 increatum
3146 2070 3366 2108 manere
3401 2055 3608 2108 increa-

2030 2161 2142 2204 tum
2180 2158 2234 2201 et
2287 2145 2504 2199 visibile
2558 2154 2612 2199 et
2658 2145 3019 2213 perceptibile
3069 2145 3349 2211 corporeis
3404 2143 3601 2204 oculis,

2026 2238 2170 2308 quod
2209 2255 2273 2292 ne
2302 2237 2629 2294 mentalibus
2663 2235 2885 2304 quidem
2935 2243 2989 2287 et
3041 2233 3193 2302 puris
3243 2233 3404 2301 plane
3450 2232 3602 2285 cerni

2025 2329 2241 2397 potest?
2272 2328 2421 2382 Hanc
2444 2326 2688 2381 eamdem
2720 2325 3025 2378 doctrinam
3059 2331 3278 2377 secutus
3301 2322 3603 2391 Gregorius

2029 2421 2307 2491 Nysscnus
2367 2419 2501 2472 dicit
2533 2436 2545 2472 :
2581 2417 2818 2471 Finitum
2849 2416 3174 2469 immensum
3206 2429 3324 2468 esse
3361 2429 3466 2467 non
3508 2427 3606 2481 p0-

2027 2525 2151 2569 test.
2177 2513 2330 2580 Quod
2370 2528 2502 2566 vero
2526 2513 2854 2566 immensum
2888 2525 2996 2562 non
3036 2520 3143 2571 est,
3173 2508 3599 2561 determinatum

2025 2607 2270 2660 omnino.
2298 2604 2699 2657 Determinatus
2725 2602 2889 2670 igitur
2917 2601 3009 2654 ille
3032 2612 3086 2654 et
3129 2615 3157 2652 a
3193 2599 3378 2653 divina
3406 2613 3598 2652 essen-

2029 2697 2103 2751 tia
2143 2696 2394 2750 diversus
2433 2693 2823 2748 Palamitarum
2873 2691 3152 2745 inereatus
3208 2690 3349 2743 Deus
3396 2699 3604 2742 attento

2027 2798 2082 2840 et
2125 2786 2372 2840 increato
2404 2782 2634 2836 Palamre
2683 2787 2949 2848 cognatus
2981 2787 3085 2832 est.
3131 2778 3238 2831 Sua
3270 2779 3415 2830 enim
3451 2778 3600 2830 ἱΙΙιιιιι

2029 2878 2366 2930 convincunt
2399 2874 2618 2942 scripta.
2667 2882 2726 2924 ut
2752 2887 2813 2924 se
2843 2871 3018 2939 ipsum
3050 2869 3300 2922 ostendet
3325 2879 3372 2922 et
3409 2869 3451 2921 si
3481 2869 3605 2934 quis

2027 2968 2096 3022 ad
2125 2983 2251 3023 eum
2287 2965 2548 3019 accedere
2583 2961 2731 3030 velit,
2773 2975 2965 3014 omnes
3010 2959 3168 3028 plane
3219 2961 3491 3012 increatos
3542 2971 3604 3009 se

2028 3060 2209 3114 facere
2242 3073 2404 3126 posse
2432 3056 2714 3124 promens;
2752 3054 2827 3106 ita
2865 3051 3069 3106 venalis
3113 3047 3464 3103 increationis
3509 3062 3600 3100 res

345 3140 600 3207 ὁμοφυὴς
629 3138 704 3208 τῷ
755 3139 974 3211 ἀνάρχῳ
1009 3143 1101 3194 καὶ
1141 3145 1381 3214 ἀκτίστῳ
1413 3149 1622 3216 γίνεται
1657 3151 1910 3222 Παλαμᾷ.

2030 3161 2159 3217 facta
2190 3159 2273 3203 est
2299 3147 2512 3214 abjecto
2538 3146 2665 3198 huic
2696 3143 2924 3206 homini,
2951 3141 3105 3210 quasi
3137 3141 3262 3208 quis
3291 3147 3440 3192 emat
3476 3152 3604 3206 pre-

346 3228 434 3282 Τὰ
458 3231 566 3300 γὰρ
587 3233 773 3284 τούτου
801 3232 989 3284 τοῦτον
1013 3235 1221 3304 ἐλέγχει
1251 3238 1576 3306 γράμματα,
1599 3241 1674 3303 ὡς
1698 3243 1914 3314 δειχθή-

2026 3247 2100 3299 tio
2134 3241 2407 3295 drachma:
2440 3239 2491 3290 in
2525 3238 2662 3291 foro.

349 3343 508 3379 σεται
567 3327 759 3379 ἑαυτόν
790 3345 847 3378 τε
884 3333 977 3381 καὶ
1032 3328 1088 3379 εἴ
1129 3347 1212 3392 τις
1241 3330 1484 3400 βούλοιτό
1548 3335 1598 3387 οἱ
1671 3340 1978 3405 προσιέναι,
2016 3340 2227 3397 πάντας
2285 3332 2454 3400 ἄρδην
2489 3331 2777 3388 ἀκτίστους
2817 3328 3078 3382 δύνασθαι
3124 3330 3299 3380 ποιεῖν
3331 3325 3606 3394 ίσχυριζὸ-

350 3435 514 3490 μενος
541 3436 554 3448 ’
585 3419 761 3484 οὕτως
793 3419 990 3474 εὔωνον
1030 3423 1346 3478 παντάπασι
1377 3424 1434 3476 τὸ
1466 3425 1565 3496 τῆς
1622 3427 2012 3501 ἀκτιστότητος
2065 3429 2259 3497 γέγονε
2292 3425 2479 3492 χρῆμα
2542 3420 2622 3490 τῷ
2659 3419 2978 3490 καταράτῳ,
3003 3421 3094 3472 καὶ
3125 3416 3236 3472 οἷον
3292 3417 3358 3471 ἂν
3395 3417 3454 3481 ἐξ
3477 3417 3608 3484 ἀγο-

355 3514 455 3585 ρᾶς
481 3529 564 3574 τις
587 3513 806 3582 πρίαιτο
839 3514 1113 3585 δραχμῆς.

429 3607 510 3662 Il'.
545 3607 749 3661 Ἐκεῖνο
780 3609 836 3662 δὲ
868 3611 983 3673 πῶς
1015 3612 1081 3666 ἄν
1110 3629 1194 3674 τις
1222 3613 1404 3680 κωφὸν
1435 3616 1807 3686 παραδράμοι,
1838 3618 1923 3681 τὸ,

358 3700 512 3751 Ἐπεὶ
541 3700 640 3768 μία
682 3699 775 3752 καὶ
800 3701 1014 3769 ἀμερὴς
1052 3705 1084 3771 ἡ
1123 3701 1216 3755 τοῦ
1257 3704 1393 3756 Θεοῦ
1433 3707 1606 3772 οὐσία,
1647 3709 1733 3762 διὰ
1772 3709 1928 3762 τοῦτο

357 3791 620 3859 διαφορὰς
662 3792 759 3842 οὐκ
799 3790 908 3860 ἕχει
949 3793 1245 3859 ούσιώδεις;
1280 3795 1478 3866 Ἐχρῆν
1511 3800 1620 3868 γὰρ
1662 3800 1807 3868 αὐτῷ
1852 3800 1926 3869 μὴ

358 3882 680 3952 ἀνατρέπειν
711 3883 836 3944 τοὺς
867 3885 1023 3950 ὄρους
1056 3887 1150 3938 καὶ
1178 3887 1299 3946 τοὺς
1335 3891 1794 3959 ὲπιστημονικοὺς
1826 3908 1927 3942 κα-

357 3975 510 4037 νόνας
545 3974 640 4028 τοῦ
672 3993 732 4026 τε
761 3974 933 4026 αἰτίου
968 3975 1063 4028 καὶ
1094 3977 1364 4041 αἰτιατοῦ,
1397 3981 1519 4048 μηδ’
1546 3981 1927 4051 ἁντιστρέφειν

360 4067 589 4135 ἀμαθῶς
620 4067 816 4118 οὑτωσί
841 4083 854 4096 ·
888 4067 978 4118 ἐπὶ
1008 4069 1116 4135 γὰρ
1144 4069 1252 4120 τῶν
1289 4069 1432 4122 ἰδίων
1462 4087 1517 4122 τε
1549 4072 1643 4124 καὶ
1675 4074 1805 4125 ἴσων
1834 4072 1930 4124 ἀλ-

360 4157 539 4227 ληλοις
567 4157 636 4208 τὰ
663 4157 760 4226 τῆς
790 4159 1155 4226 ἁντιστροφῆς
1189 4161 1582 4228 συγχωρεῖται,
1616 4160 1689 4223 ὡς
1717 4161 1810 4213 τοῦ
1839 4179 1929 4228 γε·

362 4248 620 4302 λαστικοῦ
654 4249 747 4301 τοῦ
790 4249 1081 4314 ἀνθρώπου
1122 4251 1217 4302 καὶ
1249 4249 1340 4302 τοῦ
1382 4250 1802 4319 χρεμετιστικοῦ
1837 4252 1926 4304 τοῦ

359 4343 527 4395 ἵππου
548 4383 563 4407 ,
599 4341 693 4394 καὶ
727 4343 828 4393 οὐκ
860 4341 986 4394 ἔνθα
1016 4344 1075 4393 τὸ
1113 4340 1296 4410 μεῖζόν
1335 4359 1385 4393 τε
1423 4342 1516 4394 καὶ
1551 4342 1768 4395 ἔλαττον
1803 4344 1835 4413 ἢ
1870 4345 1931 4396 τὸ

361 4432 581 4502 πρῶτον
602 4433 696 4484 καὶ
716 4431 966 4500 δεύτερον
990 4433 1292 4502 θεωρεῖται.
1323 4433 1503 4486 Αἴτιον
1525 4436 1632 4504 γὰρ
1656 4435 1930 4488 κάνταῦθα

362 4523 454 4575 καὶ
487 4521 738 4592 πρῶτον,
770 4525 866 4592 οὐχ
894 4523 964 4585 ὡς
997 4523 1224 4592 ἀμαθῶς
1255 4524 1412 4586 αὐτὸς
1445 4542 1610 4594 φησι,
1638 4526 1770 4579 διότι
1799 4529 1934 4595 ἁμε-

362 4614 459 4685 ρὴς
486 4615 520 4686 ὴ
551 4614 728 4679 οὐσία,
757 4614 845 4667 διὰ
869 4609 1027 4666 τοῦτο
1053 4614 1315 4682 διαφορὰς
1345 4615 1445 4668 οὐκ
1473 4615 1586 4685 ἔχει
1614 4615 1894 4677 οὐσιώδεις
1917 4633 1931 4646 ’

361 4702 497 4757 ἀλλὰ
523 4705 852 4770 τούναντίον,
881 4705 928 4756 εξ
957 4707 1052 4756 καὶ
1080 4704 1240 4757 τοῦτο
1264 4705 1382 4772 δοίη
1409 4721 1494 4768 τις
1519 4704 1774 4771 ἐνταῦθα,
1801 4705 1935 4758 διότι

363 4792 624 4860 διαφορὰς
653 4791 752 4842 οὐκ
779 4791 890 4858 ἔχει
922 4789 1219 4854 ούσιώδεις,
1249 4791 1341 4843 διὰ
1366 4791 1510 4843 τοῦτ’
1537 4792 1668 4854 ἴσως
1695 4793 1814 4844 ἐστὶ
1843 4793 1936 4844 καὶ

366 4879 597 4947 ἀμερής.
637 4879 828 4931 Καίτοι
870 4880 1036 4948 ἐχρῆν
1073 4877 1351 4931 κάνταῦθα
1386 4878 1651 4948 τεχνικῶς
1695 4879 1937 4932 διελόντα

369 4970 630 5040 πρότερον
674 4973 866 5031 εἰπεῖν,
912 4968 1147 5040 ποτέρας
1193 4968 1300 5021 τῶν
1343 4969 1617 5022 ούσιωδῶν
1664 4970 1936 5041 διαφορῶν

368 5061 601 5115 ἐνταῦθα
631 5061 918 5129 λαμϐάνει.
947 5061 1059 5122 Τὰς
1095 5060 1193 5129 μὲν
1222 5061 1331 5130 γάρ
1363 5077 1529 5129 φασιν
1559 5057 1698 5114 εἶναι
1727 5061 1850 5114 καθ’
1870 5062 1935 5125 ἃς

371 5153 575 5206 ἄνωθεν
607 5153 756 5204 κάτω
787 5152 855 5202 τὰ
888 5151 1016 5218 γένη
1049 5150 1335 5218 διαιρεῖται
1371 5153 1449 5214 εἰς
1481 5153 1595 5222 εἴδη
1634 5154 1728 5205 καὶ
1761 5151 1935 5206 ταῦτα

372 5247 446 5308 είς
469 5245 668 5313 ἄτομα,
695 5243 758 5315 [ἰ.
783 5243 881 5297 1⁵10
903 5241 979 5314 υ.]
1003 5244 1034 5312 ἦ
1062 5243 1260 5311 μᾶλλον
1284 5246 1455 5296 εἰπεῖν
1476 5245 1544 5297 τὰ
1567 5246 1663 5297 ὅλα
1687 5246 1764 5306 είς
1794 5245 1933 5313 μέρη

373 5337 512 5403 (ὅλον
545 5336 653 5406 γὰρ
692 5337 980 5404 ἑκάτερον,
1017 5339 1075 5388 τό
1111 5352 1168 5388 τε
1215 5333 1366 5400 γένος
1405 5337 1500 5386 καὶ
1533 5336 1594 5387 τὸ
1632 5329 1804 5402 εἶδος,
1842 5339 1937 5390 καὶ

370 5429 468 5480 ὅσα
497 5427 696 5479 οὑτωσὶ
725 5427 862 5497 πρὸς
892 5425 1025 5478 ἄλλα
1055 5424 1386 5494 διαιρεῖται),
1417 5426 1516 5488 τὰς
1544 5423 1600 5477 δὲ
1630 5427 1752 5479 καθ’
1776 5426 1842 5490 ἃς
1868 5427 1936 5480 τὰ

371 5519 710 5588 διαιρεθέντα
739 5518 1104 5572 είδοποιείται.
1132 5519 1318 5586 Ὅμως
1351 5518 1410 5581 ἐξ
1437 5512 1502 5588 ἧς
1533 5518 1781 5586 ἐπιφέρει
1808 5537 1937 5588 γρα-

376 5610 540 5679 φικῆς
575 5609 878 5679 μαρτυρίας
897 5648 909 5670 ,
939 5607 1097 5676 δῆλον
1123 5609 1266 5670 ὅπως
1298 5608 1427 5659 ποτὲ
1458 5608 1552 5659 καὶ
1578 5609 1731 5660 τοῦτο
1763 5611 1934 5671 ποιεί,

374 5700 452 5752 ὅτι
479 5703 580 5761 τὰς
610 5699 945 5769 διαιρετικὰς
978 5701 1066 5750 καὶ
1098 5699 1302 5752 ἄνωΟεν
1329 5701 1390 5750 ἐκ
1421 5699 1526 5750 τῶν
1555 5699 1712 5765 φύσει
1743 5700 1935 5766 προτέ-

378 5809 482 5860 ρων
509 5791 588 5855 εἰς
612 5790 672 5843 τὸ
701 5791 845 5844 κάτω
877 5791 1233 5862 μεριζομένας
1263 5791 1463 5858 πλῆθος
1489 5791 1758 5859 ὀαολογεῖ,
1786 5791 1931 5844 ἄκων

2109 3609 2243 3665 V’lll.
2281 3605 2568 3674 Quomodo
2602 3604 2875 3673 quispiam
2913 3610 3114 3656 temere
3135 3610 3423 3670 praetereat
3449 3601 3608 3659 illud.

2035 3703 2172 3758 Cum
2212 3717 2318 3754 una
2343 3710 2400 3752 et
2428 3698 2704 3767 impartita
2739 3695 2834 3747 Dei
2865 3693 3101 3747 essentia
3124 3702 3227 3755 est,
3264 3693 3388 3746 ideo
3415 3707 3608 3746 essen-

2035 3794 2190 3847 tiales
2218 3789 2554 3843 diﬂ'crentias
2582 3803 2690 3840 non
2722 3785 2913 3838 habet?
2949 3783 3247 3853 Oportebat
3289 3784 3452 3852 360
3481 3800 3605 3838 eum

2034 3900 2143 3937 non
2179 3882 2313 3935 ﬁnes
2344 3879 2611 3933 excedere
2655 3888 2714 3932 ct
2752 3876 3022 3935 doctrinae
3072 3876 3288 3944 regulas
3337 3875 3407 3928 de
3444 3889 3608 3929 causa

2033 3984 2090 4030 et
2121 3981 2364 4034 eausato.
2393 3984 2571 4038 neque
2600 3981 2707 4022 tam
2732 3968 2952 4021 indocte
2989 3981 3328 4035 oppugnare.
3375 3966 3510 4020 Nam
3552 3967 3606 4018 iu

2033 4064 2305 4120 similibus
2348 4072 2404 4116 et
2434 4062 2662 4130 paribus
2695 4057 3107 4126 tran-spositioni
3144 4058 3296 4110 locus
3329 4065 3432 4118 est,
3458 4057 3624 4110 velut.

2036 4154 2610 4214 hominiscachinnus
2641 4163 2699 4206 et
2727 4151 2854 4220 equi
2883 4149 3150 4210 hinnitus,
3198 4163 3301 4201 nec
3336 4148 3408 4201 ibi
3431 4148 3609 4218 majus

2035 4259 2092 4304 et
2121 4249 2321 4308 minus,
2379 4251 2472 4299 aut
2501 4244 2734 4314 primum
2771 4251 2826 4296 et
2874 4241 3104 4295 alterum
3157 4241 3358 4292 habent
3403 4239 3610 4292 locum.

2035 4341 2208 4396 Causa
2236 4339 2381 4393 enim
2407 4347 2491 4392 est
2528 4348 2584 4390 et
2608 4335 2867 4406 primum,
2905 4348 3014 4387 non
3043 4343 3104 4386 ut
3131 4332 3246 4400 ipse
3269 4331 3488 4384 indocte
3520 4329 3610 4382 di—

2038 4433 2133 4495 cit,
2163 4431 2306 4500 quod
2341 4428 2614 4497 impartita
2645 4425 2908 4488 essentia,
2942 4425 3148 4479 idcirco
3181 4423 3472 4475 varietates
3497 4434 3630 4474 non-

2037 4525 2201 4578 habet
2218 4521 2556 4585 essentiales,
2589 4518 2683 4574 sed
2723 4516 3081 4583 contrarium,
3101 4516 3143 4568 si
3167 4515 3292 4584 quis
3314 4513 3446 4567 illud
3477 4527 3632 4566 con-A

2035 4614 2213 4668 cedit:
2246 4612 2394 4680 quod
2424 4611 2720 4664 varietates
2747 4623 2855 4663 non
2883 4609 3048 4662 habet
3089 4606 3436 4667 essentiales,
3480 4617 3639 4672 ergo

2036 4721 2146 4758 non
2183 4702 2462 4770 impartita
2498 4709 2603 4758 est.
2653 4701 2976 4768 Quanquam
3028 4711 3254 4752 necesse
3290 4705 3409 4748 erat
3449 4695 3632 4749 docte-

2035 4795 2464 4862 d'tstinguentem
2497 4791 2652 4862 prius
2681 4792 2886 4854 dicere,
2914 4800 3096 4844 utram
3130 4788 3486 4842 essentialem
3518 4801 3616 4839 va-

2037 4885 2288 4939 rietatem
2346 4881 2597 4951 recipiat.
2649 4881 2783 4937 Esse
2814 4882 2962 4933 enim
3010 4879 3225 4942 dicunt,
3277 4877 3344 4930 ad
3398 4889 3535 4945 quas
3583 4889 3627 4929 ας

2035 4991 2254 5030 summo
2287 4975 2352 5029 ad
2386 4975 2556 5028 imum
2589 4987 2788 5044 genera
2813 4971 3136 5026 dividuntur
3166 4970 3222 5022 in
3278 4969 3509 5038 species,
3557 4973 3634 5021 et:-

2034 5068 2118 5121 hac
2166 5069 2218 5120 in
2239 5075 2417 5120 atoma
2450 5063 2740 5134 autpotius
2767 5073 2878 5117 tela
2908 5064 2962 5116 in
2986 5071 3192 5131 partes,
3222 5060 3419 5131 (totum
3463 5057 3631 5113 enim-

2037 5168 2349 5228 utrumque,
2374 5173 2569 5227 genus,
2598 5156 2900 5225 species.et
2917 5169 3260 5224 quaecunque
3282 5154 3426 5207 inter
3446 5169 3503 5206 se
3526 5151 3615 5204 di-

2035 5246 2319 5316 viduntur)
2366 5261 2489 5300 esse
2537 5255 2744 5309 autem,
2777 5243 2844 5298 ad
2887 5257 3026 5312 quas
3076 5243 3254 5297 divisa
3285 5244 3614 5298 formantur.

2038 5337 2242 5390 Tamen
2268 5352 2334 5390 ex
2365 5336 2662 5405 Scripturae
2691 5335 3031 5399 testimonio,
3061 5335 3208 5406 quod
3241 5335 3421 5397 aﬂert,
3443 5333 3618 5386 etiam

2038 5427 2144 5482 hoc
2195 5427 2460 5490 declarat.
2491 5427 2802 5480 dividentes
2833 5435 2888 5478 et
2921 5443 3044 5496 quae
3074 5443 3103 5482 a
3148 5443 3364 5483 summo
3396 5427 3622 5494 priores?

2038 5525 2233 5570 natura
2252 5524 2381 5570 sunt
2401 5515 2468 5568 ad
2497 5529 2786 5568 numerum
2810 5514 2948 5568 infra
2967 5515 3270 5571 divisarum
3290 5531 3348 5570 se
3370 5528 3609 5583 aequare.

2037 5607 2264 5661 Temere
2317 5616 2372 5660 et
2424 5605 2638 5659 indocte
2675 5604 2995 5674 quidem,at
3047 5609 3119 5661 ita
3148 5606 3294 5662 iacit.
3335 5605 3606 5660 Pluralem

2038 5701 2100 5754 1).
2155 5698 2417 5752 Maximus
2448 5698 2523 5752 ait
2555 5713 2676 5751 esse
2728 5698 2895 5751 Deum
2941 5697 3373 5768 unumquodque
3410 5712 3604 5753 eorum

2038 5805 2157 5860 qua:
2187 5798 2314 5846 sunt
2359 5787 2687 5858 praecognita
2716 5796 2917 5844 eventu
2967 5787 3354 5855 multiplicata,
3383 5802 3606 5844 manere
