4046 6290
425 384 534 447 319

1611 394 2025 453 ΝΙΟΕΡΠΟΠΙ
2069 401 2112 456 G
2133 397 2456 455 REGORE
3546 396 3638 458 3°23

424 495 762 564 impartitum
797 513 965 552 unum
997 509 1056 554 ut
1082 501 1250 556 solem
1280 503 1479 556 multos
1516 504 1696 557 radios
1723 505 1983 558 emitten-

2115 505 2190 556 ιὲν
2219 507 2308 555 καὶ
2343 502 2568 570 ἀμαθῶς
2598 501 2739 554 κατά
2773 501 2829 554 τὸ
2861 501 3170 570 αὐτόματον
3201 502 3371 554 εἰπεῖν
3397 543 3410 563 ,
3443 508 3578 558 ποιεῖ
3601 497 3639 558 δ’

425 596 556 650 tem,
591 589 749 659 361
800 601 1117 645 manentem
1162 609 1294 645 vero
1348 595 1400 645 in
1439 595 1666 648 unitate.
1717 595 1988 648 Pluralcm

423 692 546 731 esse
577 679 746 732 Deum
779 685 1128 751 prmcognitis
1159 686 1469 744 eventibus.
1497 685 1600 738 hoc
1627 695 1731 749 est,
1766 696 1990 740 natura-

422 768 568 822 libus
603 779 658 823 et
682 777 1198 841 supernaturalilms
1228 777 1538 842 miraculis;
1567 778 1766 831 divisio
1789 787 1845 830 et
1868 793 1993 846 par-

427 858 552 911 titio
614 869 698 913 est
731 862 796 913 ad
849 863 1284 918 similitmlinem.
1337 867 1580 920 As.~entit
1614 865 1994 922 lraudulentus

423 947 512 1000 ille
542 959 594 1001 et
642 949 703 1004 D.
741 950 1027 1004 Maximum
1081 953 1460 1007 calumniatur.
1494 955 1807 1008 Orationem
1847 955 1992 1010 enim

426 1038 477 1088 in
546 1043 882 1093 contrariam
944 1053 1149 1108 partem
1209 1045 1466 1097 transfert
1516 1047 1885 1111 perturbatam
1941 1056 1996 1098 et

422 1142 694 1188 eversam,
731 1129 797 1180 de
835 1146 944 1196 quo
977 1131 1130 1198 plura
1165 1133 1346 1186 dicere
1381 1143 1436 1186 et
1473 1133 1756 1187 indoctum
1784 1135 1995 1189 exami-

423 1231 553 1269 nare
581 1227 634 1270 et
673 1217 867 1272 docere
895 1221 1128 1289 iuvaret,
1151 1223 1243 1276 sed
1285 1233 1494 1291 tempus
1529 1225 1637 1292 jam
1670 1235 1852 1291 aptum
1885 1240 1995 1279 non

420 1308 600 1360 video.
641 1310 772 1362 Nam
812 1327 998 1364 rerum
1037 1312 1162 1366 inde
1189 1312 1256 1365 ab
1282 1313 1437 1366 initio
1467 1315 1640 1368 series
1660 1330 1765 1368 non
1790 1316 1996 1384 patitur

421 1413 505 1449 me
541 1400 740 1452 morati
764 1427 774 1438 ο
801 1402 890 1454 ubi
927 1412 1148 1470 prepler
1171 1404 1402 1458 inertem
1432 1413 1487 1457 et
1517 1404 1806 1473 malignam
1843 1421 1994 1459 men-

422 1497 526 1540 ιιιῐη
562 1505 669 1543 non
728 1491 883 1546 facile
943 1496 1156 1563 assequi
1190 1496 1304 1548 sani
1353 1495 1650 1565 quidquam
1691 1511 1991 1568 possemus,

420 1593 489 1632 ne
526 1579 846 1636 brevissimo
877 1585 1096 1652 quidem
1125 1595 1396 1655 tempore.

2087 593 2202 648 οὖν.
2237 595 2611 663 Πληούνεσθαι
2646 597 2754 663 γὰρ
2783 594 2842 646 τὸ
2872 592 2964 644 τοῦ
2996 591 3143 644 Θείου
3174 595 3370 661 φάσκει
3398 594 3642 664 Μαξίμου

2088 686 2178 736 τὸν
2210 684 2343 735 Θεὸν
2372 685 2432 734 τὸ
2467 683 2589 735 καθ’
2612 686 2844 737 ἕκαστον
2875 685 2954 744 είς
2987 684 3326 751 παραγωγὴν
3355 684 3459 735 τῶν
3489 684 3644 736 ὅντων

2091 773 2408 841 βουλήματα
2432 777 2549 836 ταῖς
2577 777 2962 841 προπνοητικαίς
2992 771 3237 841 προόδοις
3265 773 3647 827 πολλαπλασια-

2092 863 2338 930 ζόμενον,
2371 865 2552 932 μένειν
2580 864 2624 916 δ’
2649 865 2753 928 ἀμε
2767 863 2960 932 ρίστως
2990 863 3086 914 ἕνα
3115 862 3370 931 καθάπερ
3397 864 3485 915 τὸν
3509 865 3648 933 ἥλιον

2098 957 2321 1016 ἀκτῖνας
2353 954 2552 1016 πολλὰς
2587 954 3010 1024 προπέμποντα,
3049 955 3272 1021 μένοντα
3301 954 3345 1005 δ’
3371 956 3425 1006 ὲν
3452 957 3514 1024 τῇ
3548 957 3649 1008 ἐνό-

2100 1062 2224 1114 τητι
2251 1061 2265 1076 ⁶
2299 1049 2358 1098 τὸ
2393 1047 2499 1114 γὰρ
2532 1046 2893 1116 πληθύνεσθαι
2921 1046 3013 1098 τὸν
3043 1046 3138 1098 ἕνα
3167 1045 3298 1097 Θεὸν
3327 1049 3443 1106 ταῖς
3473 1063 3653 1114 προνο-

2099 1136 2318 1201 ητικαίς
2362 1134 2630 1202 προόδοις,
2675 1134 2921 1186 τουτέστι
2963 1136 3074 1195 τοῖς
3114 1149 3172 1185 τε
3219 1134 3528 1202 ἐγκοσμίοις
3569 1136 3653 1185 καὶ

2103 1225 2495 1292 ὑπερκοσμίοις
2539 1224 2802 1292 θαύμασι,
2845 1223 3169 1286 διαιρεῖσθαι
3212 1223 3304 1275 καὶ
3346 1223 3653 1292 μερίζεσθαί

2098 1316 2246 1366 ἐστιν
2281 1314 2558 1382 ἀναλόγως
2579 1353 2595 1377 ,
2632 1317 3044 1384 συμμαρτυρεῖν
3079 1315 3358 1368 κάνταῦθά
3395 1314 3444 1366 οἱ
3478 1314 3652 1382 ψευδὲε

2111 1423 2269 1474 μενος
2303 1408 2396 1460 καὶ
2438 1408 2792 1474 συκοφαντῶν
2823 1408 2915 1460 τὸν
2953 1408 3228 1460 θειότατον
3257 1407 3532 1474 Μάξιμον.
3572 1405 3658 1464 Et;

2101 1497 2209 1565 γὰρ
2235 1496 2420 1564 ἕτερον
2458 1497 2556 1566 τὴν
2603 1499 2759 1568 ῥῆσιν
2807 1498 3102 1567 μεταφέρει
3143 1497 3287 1562 νοῦν,
3318 1496 3660 1566 κακοτρόπως

2105 1589 2395 1655 συγκυκῶν
2444 1591 2537 1642 καὶ
2580 1589 2988 1659 ἀναμοχλεύων.
3039 1590 3171 1656 Περί
3226 1585 3292 1660 ἦς
3347 1590 3439 1640 καὶ
3499 1588 3659 1639 πλείω

423 1669 603 1738 λέγειν
663 1675 758 1724 καί
803 1675 1078 1739 ἐξετάζειν
1129 1679 1223 1730 καὶ
1270 1679 1543 1734 διδάσκειν
1615 1681 1891 1734 κάνταῦθα
1940 1681 2032 1732 τὸν
2069 1680 2255 1748 ἀμαθῆ
2311 1679 2630 1749 βουλόμενος
2666 1681 2840 1747 ἔγωγε
2866 1682 3216 1749 προσήκοντα
3241 1678 3446 1729 νῦντδν
3473 1677 3660 1746 καιρὸν

421 1764 518 1832 οὐχ
554 1765 684 1835 ὁρῶ·
721 1765 747 1818 ὃ
799 1783 860 1820 τε
909 1769 1018 1838 γάρ
1073 1769 1184 1820 τῶν
1235 1770 1408 1822 ἄλλων
1458 1771 1663 1825 ἄνωθεν
1691 1773 1964 1826 ἀνθέλκων
2004 1771 2192 1839 είρμὸς
2226 1773 2326 1824 οὐκ
2365 1773 2428 1842 ἑᾷ
2472 1772 2772 1841 διατρίϐειν
2796 1788 2885 1842 με,
2913 1771 3006 1822 καί
3040 1773 3157 1837 ἅμα
3184 1770 3318 1837 πρὸς
3352 1767 3576 1838 ἄτεχνόν
3607 1785 3661 1826 τε

423 1857 517 1907 καὶ
551 1857 878 1926 κακότεχνον
905 1859 1083 1931 ψυχὴν
1111 1861 1208 1913 οὐκ
1239 1863 1462 1915 εἰσιέναι
1489 1863 1694 1917 δύναιτ’
1723 1864 1789 1917 ἂν
1830 1863 2026 1933 ῥαδίως
2063 1861 2183 1915 οὔτε
2235 1862 2367 1930 γοῦν
2405 1862 2580 1933 βραχύ
2632 1881 2682 1916 τι
2731 1864 2837 1915 τῶν
2880 1861 3115 1929 εὐλόγων
3159 1860 3324 1929 μέρος
3355 1858 3418 1931 [ί.
3452 1858 3546 1912 ΠΙ
3594 1853 3659 1924 r.]

422 1949 545 2002 οὔτε
584 1950 688 2016 μὴν
719 1951 774 2001 ὲν
805 1951 1128 2022 βραχυτάτῳ
1172 1954 1328 2023 μέρει
1365 1955 1578 2024 χρόνου.

496 2042 588 2096 ιχ.
646 2044 751 2099 Sed
801 2047 912 2116 jam
972 2049 1039 2101 ad
1105 2048 1391 2116 pristinam
1445 2051 1755 2109 orationem.
1807 2050 1998 2104 redea-

2183 2047 2261 2101 8'.
2318 2047 2510 2114 Ὅμως
2564 2046 2633 2099 ἶν’
2688 2043 2898 2098 ἐκεῖθεν
2943 2041 3302 2112 ἀναλάϐωμεν
3359 2038 3663 2101 ἐπανιόντες

424 2149 567 2188 mus.
603 2135 1025 2192 Elementalium
1049 2142 1418 2196 essentiarum
1474 2158 1812 2212 unaquasqne
1841 2144 2002 2196 unica

425 2234 508 2280 est
538 2236 593 2280 et
627 2228 884 2296 primaria
940 2240 995 2285 et
1046 2230 1348 2301 impartita,
1383 2245 1437 2288 et
1471 2234 1540 2287 ob
1576 2234 1627 2286 id
1678 2235 1851 2301 ipsum
1893 2249 2002 2289 non

427 2318 782 2373 dissolubilis.
820 2320 939 2374 Non
976 2323 1122 2375 enim
1158 2324 1342 2391 specie
1366 2334 1461 2377 aut
1494 2339 1724 2377 numero
1750 2337 2002 2380 eonsmre

429 2410 595 2461 ullam
628 2410 1018 2474 intelleximus,
1060 2413 1186 2468 ideo
1211 2415 1566 2468 elementales
1592 2416 1870 2469 essentias
1907 2431 2003 2468 vo-

429 2515 639 2554 camus.
675 2501 1007 2558 Essentiales
1042 2514 1221 2558 tamen
1251 2505 1545 2560 varietates
1571 2507 1778 2560 habent
1805 2507 1856 2560 in
1881 2523 2006 2576 pro-

430 2590 564 2658 priis
597 2591 712 2645 suis
735 2593 955 2647 tinibus.
997 2593 1140 2648 Nihil
1169 2595 1315 2649 enim
1347 2610 1538 2649 eorum
1574 2612 1695 2664 (ιιιιι⁵
1750 2609 2002 2666 separata

429 2691 559 2736 sunt
593 2693 688 2736 aut
721 2684 991 2738 dissoluta
1050 2693 1147 2738 aut
1199 2688 1424 2756 partita,
1479 2689 1803 2743 essentiales
1850 2690 1902 2742 in
1945 2706 2004 2744 se

429 2774 767 2829 dill‘erentias
810 2776 994 2839 habet,
1036 2777 1131 2832 sed
1167 2778 1235 2832 ab
1264 2778 1422 2833 initio
1454 2780 1891 2850 progredientem
1924 2797 2008 2834 re-

432 2866 578 2934 cipit
605 2865 982 2920 dcﬁuitionem
1036 2869 1395 2937 compositam
1429 2885 1495 2923 ex
1538 2885 1741 2939 genere
1769 2879 1824 2924 et
1853 2885 2007 2924 eom-

431 2958 763 3024 ponentibus
820 2959 1202 3014 varietatibus.
1257 2959 1589 3014 Deﬁnientes
1618 2961 1765 3014 enim
1829 2962 2009 3016 homi-

432 3063 578 3106 nem.
627 3065 735 3102 non
767 3049 1124 3104 elementales
1152 3058 1206 3102 et
1237 3061 1446 3103 natura:
1496 3052 1771 3121 subjectas
1813 3067 2007 3106 esseu-

434 3142 538 3193 tias
567 3143 962 3208 perscrutanda
1008 3141 1284 3205 dicimus;
1332 3144 1566 3212 exempli
1613 3145 1807 3213 gratia.
1848 3145 2008 3215 362

431 3232 579 3298 quod
611 3233 678 3285 ab
708 3233 945 3287 llomero
967 3233 1176 3288 dictum
1205 3244 1288 3290 est
1315 3251 1330 3288 :
1357 3253 1374 3286 t
1404 3235 1700 3290 Contortus
1728 3237 2006 3300 humeros,

433 3321 644 3388 fuscus,
677 3322 970 3391 densisque
1003 3325 1237 3393 capillis,
1285 3342 1304 3375 ι
1342 3335 1396 3379 et
1429 3325 1474 3379 si
1500 3326 1603 3380 tale
1638 3326 1767 3395 quid
1814 3326 1879 3379 ad
1921 3343 2009 3380 se-

434 3425 650 3484 paratas
678 3415 941 3469 duntaxat
963 3417 1226 3471 essentias
1251 3419 1518 3486 pertinet;
1547 3418 1640 3473 sed
1659 3419 1860 3472 animal
1886 3435 2010 3475 esse

436 3507 754 3561 rationabile
787 3518 842 3562 et
865 3509 1500 3578 mortale,intelligenti:e
1523 3519 1580 3564 et
1614 3511 1856 3565 scientia:
1883 3527 2008 3580 par-

437 3599 636 3666 ticeps.
676 3598 876 3654 Primis
921 3615 950 3654 a
1001 3601 1276 3670 principio
1321 3613 1534 3656 natura:
1567 3603 1857 3658 elementis
1881 3619 2005 3657 eum

435 3690 776 3756 explicantes
804 3706 912 3744 non
937 3691 1176 3746 dicimus
1220 3693 1495 3748 hominem
1525 3709 1645 3749 esse
1677 3695 1825 3764 quod
1867 3697 1920 3749 in
1949 3711 2008 3751 se

437 3782 636 3837 habeat
664 3784 946 3839 Platonem
971 3795 1025 3838 et
1069 3785 1374 3853 Socratem,
1401 3787 1496 3841 has
1523 3787 1613 3842 ille
1645 3789 2009 3844 elementalcs

437 3882 491 3926 et
516 3873 815 3942 impartitas
837 3876 1124 3941 essentias,
1151 3887 1209 3932 ιιι
1231 3878 1488 3945 diximus,
1509 3881 1600 3934 sed
1625 3881 1767 3950 quod
1789 3885 1852 3935 ad
1889 3885 2011 3936 ani-

442 3966 668 4018 malium
696 3983 867 4034 genus
900 3976 956 4022 ct
981 3970 1288 4022 nominatas
1309 3984 1698 4040 componentes
1722 3974 2015 4028 varietates

437 4057 788 4124 componitur
839 4068 897 4112 ct
931 4058 1204 4114 formatur
1230 4072 1286 4114 et
1321 4062 1373 4114 in
1410 4062 1689 4116 deﬁnitam
1733 4065 2014 4118 inducitur

439 4154 714 4200 naturam.
739 4147 982 4202 Palamas
1011 4159 1194 4204 autem
1219 4150 1290 4204 ob
1344 4166 1594 4220 magnam
1648 4154 2009 4222 ignorantiam

440 4235 672 4291 adverso
715 4236 959 4302 ﬂumine,
1001 4249 1062 4293 ut
1104 4241 1330 4306 dicitur,
1363 4241 1558 4298 lluvios
1603 4245 1683 4299 ire
1717 4248 1889 4316 cogit,
1919 4247 2011 4300 ubi

439 4323 758 4378 dicit:Cum
795 4327 955 4380 unica
978 4335 1035 4382 et
1071 4328 1351 4396 impartita
1389 4331 1460 4386 sit
1501 4332 1590 4386 Dei
1623 4340 1883 4398 essentia,
1914 4353 2013 4390 va-

441 4414 674 4470 rietates
723 4432 834 4470 non
867 4416 1034 4472 habet
1081 4421 1428 4476 essentiales.
1462 4424 1526 4477 Et
1555 4424 1717 4478 dein:
1768 4427 2013 4494 (Ioujun-

442 4505 553 4559 ctio
604 4514 688 4560 est
745 4507 1050 4575 probabilis
1103 4519 1160 4564 et
1193 4512 1567 4566 exsistcntiam
1603 4524 1656 4568 et
1684 4516 2010 4583 positionem

441 4599 856 4667 consequentia:
913 4602 1185 4656 causalem
1233 4603 1512 4670 allerens,
1570 4608 1712 4676 quod
1764 4609 1876 4662 dtto
1925 4611 2012 4664 illa

2111 2138 2268 2202 αὖθις
2321 2139 2414 2193 τὸν
2460 2139 2651 2207 λόγον,
2703 2137 2797 2190 καὶ
2841 2136 2950 2190 τῶν
2983 2137 3204 2206 ἀτόμων
3238 2135 3438 2188 οὐσιῶν
3470 2133 3670 2202 ἑκάστη

2109 2232 2206 2300 μία
2240 2233 2334 2284 καὶ
2377 2230 2572 2300 πρώτη
2609 2231 2701 2284 καὶ
2743 2228 3046 2297 ἀδιαίρετός
3101 2231 3238 2291 ἐστι,
3269 2227 3364 2280 καί
3399 2226 3522 2278 κατ’
3550 2225 3672 2278 αὐτό

2105 2341 2165 2390 γε
2199 2322 2358 2376 τοῦτο
2399 2323 2494 2375 καὶ
2530 2323 2764 2392 ἀμερής.
2797 2319 2938 2374 Οὔτε
2985 2321 3096 2390 γὰρ
3142 2319 3273 2372 εἴδει
3307 2317 3432 2370 οὐτε
3463 2315 3672 2386 ἀριθμῷ

2107 2413 2250 2469 εἶναι
2307 2417 2430 2468 καθ’
2466 2413 2635 2484 αὐτὴν
2699 2415 3104 2485 μεμαθήκαμεν
3155 2412 3421 2483 οὐδεμίαν
3470 2408 3670 2462 αὐτῶνθ

2104 2507 2194 2560 διὰ
2223 2509 2331 2576 γάρ
2361 2506 2518 2560 τοῦτο
2543 2507 2639 2560 καὶ
2677 2507 2922 2576 ἀτόμους
2946 2506 3136 2567 οὐσίας
3167 2503 3350 2572 φαμὲν
3381 2501 3455 2554 τά
3484 2499 3673 2552 τοιάδεο

2106 2599 2224 2653 ἀλλ’
2257 2600 2534 2661 οὐσιῶδεις
2569 2599 2721 2668 ὅμως
2753 2600 2938 2668 ἔχουσι
2973 2597 3235 2665 διαφορὰς
3283 2597 3340 2647 ὲν
3388 2592 3469 2662 τῷ
3495 2593 3674 2658 οἰκείῳ

2107 2692 2238 2760 ὅρῳ.
2271 2689 2406 2742 Οὐδὲ
2445 2689 2553 2758 γὰρ
2579 2690 2732 2742 οὐδὲν
2757 2688 2881 2741 οὐτε
2909 2689 3016 2740 τῶν
3049 2686 3390 2757 ὁριζομένων
3415 2683 3538 2736 οὗτε
3575 2682 3677 2734 τῶν

2108 2781 2551 2852 διαιρουμένωνῆ
2582 2781 2954 2852 μεριζομένων
2977 2781 3066 2848 ὑφ’
3098 2781 3230 2831 αὐτὸ
3261 2779 3360 2840 τὰς
3402 2775 3676 2835 οὐσιὼδεις

2109 2876 2222 2946 ἔχει
2273 2874 2571 2944 διαφορὰς,
2612 2872 2726 2926 ἀλλ’
2760 2872 2968 2928 ἀνωθεν
3010 2870 3273 2922 κατιόντα
3325 2868 3545 2936 δέχεται
3594 2863 3679 2916 τὸν

2111 2965 2426 3019 συντιθέντα
2473 2963 2725 3032 ὁρισμὸν,
2770 2962 2835 3014 ὲκ
2886 2961 3078 3028 γένους
3121 2960 3251 3011 ὄντα
3283 2959 3380 3011 καὶ
3418 2974 3676 3010 συστατι-

2109 3058 2224 3111 κῶν
2267 3055 2584 3124 διαφορῶν*
2633 3051 2941 3123 ὁριζόμενοι
2992 3053 3103 3120 γὰρ
3153 3051 3243 3103 τὸν
3294 3048 3588 3120 ἄνθρωπον
3625 3047 3681 3099 οὐ

2108 3151 2208 3212 τὰς
2253 3149 2492 3217 ἀτόμους
2547 3146 2640 3199 καὶ
2681 3145 2843 3213 φύσει
2895 3145 3158 3211 δευτέρας
3205 3141 3394 3203 οὐσίας
3439 3138 3684 3192 κάτωθεν

2112 3239 2495 3310 ἀνιχνεύοντες
2525 3238 2779 3308 λέγομεν,
2811 3237 2947 3306 φέρε
2987 3236 3162 3287 εἰπεῖν
3189 3236 3366 3287 ἐκεῖνο
3395 3232 3463 3300 δὴ
3497 3227 3558 3284 «et
3591 3235 3685 3300 ρη-

2121 3332 2212 3386 θὲν
2240 3332 2331 3398 ὐφ’
2377 3330 2642 3399 Ὀμήρου,
2677 3349 2693 3379 ι
2728 3329 2899 3397 Γυρδς
2926 3329 2980 3380 ὲν
3016 3325 3236 3394 ὤμοισι,
3305 3325 3684 3394 μελανόχροος,

2119 3422 2518 3491 οὐλοκάρηνος,
2583 3439 2601 3471 ι
2639 3419 2734 3472 καὶ
2806 3416 2861 3470 εί
2906 3416 2960 3469 τί
3007 3434 3108 3470 που
3156 3415 3358 3468 τοιονδὶ
3395 3418 3518 3477 ταῖς
3570 3412 3687 3466 καθ’

2123 3515 2328 3568 ἕκαστα
2372 3515 2466 3565 καὶ
2519 3512 2774 3582 μερικαῖς
2823 3509 3227 3578 συμπέπτωκεν
3273 3508 3524 3568 οὐσίαις’
3557 3505 3689 3557 ἀλλά

2127 3603 2266 3668 ζῶον
2304 3598 2446 3656 εἷναί
2488 3618 2668 3670 φαμεν
2704 3601 2921 3666 λογικὸν
2943 3598 3162 3668 θνητὸν,
3198 3598 3291 3650 νοῦ
3338 3597 3436 3648 καί⁵
3468 3595 3690 3662 ἐπιστή-

2127 3713 2233 3765 μης
2289 3695 2558 3758 δεκτικὸν,
2606 3694 2669 3743 ἐκ
2718 3691 2824 3742 τῶν
2864 3690 3070 3744 ἀνωθεν
3118 3689 3210 3740 καὶ
3246 3686 3407 3753 φύσει
3463 3685 3690 3753 πρώτων

2121 3781 2410 3850 meum;
2442 3782 2626 3839 αὐτὸν,
2662 3781 2786 3831 ἐπεὶ
2837 3779 2973 3847 μηδὲ
3026 3776 3209 3844 φαμὲν
3238 3774 3529 3842 ἄνθρωπον
3555 3770 3688 3824 εἶναι

2121 3875 2210 3927 διὰ
2238 3875 2300 3925 τὴ
2331 3873 2476 3940 ἔχειν
2503 3871 2595 3938 ὑφ’
2624 3871 2786 3922 αὐτὸν
2835 3869 3098 3923 Πλάτωνα
3131 3868 3226 3920 καὶ
3259 3867 3562 3936 Σωκράτην
3600 3867 3689 3917 καὶ

2123 3964 2221 4025 τὰς
2247 3963 2531 4024 τοιαύτας,
2571 3961 2644 4022 ὡς
2678 3960 2909 4030 ἔφημεν,
2943 3959 3178 4028 ἀτόμους
3215 3957 3404 4020 οὐσίας
3437 3960 3533 4010 καὶ
3563 3959 3688 4025 ἀμε-

2127 4057 2241 4125 ρεῖς
2260 4095 2274 4115 ,
2304 4054 2419 4107 ἀλλ’
2445 4054 2527 4105 ὅτι
2556 4053 2646 4105 διὰ
2670 4051 2765 4104 τοῦ
2790 4051 2982 4118 γένους
3003 4050 3099 4103 τοῦ
3126 4048 3266 4113 ζώου
3292 4050 3387 4101 καὶ
3411 4049 3522 4100 τῶν
3550 4050 3689 4118 εἰρη-

2129 4154 2308 4216 μένων
2340 4144 2683 4199 συστατικῶν
2717 4143 2993 4212 διαφορῶν
3027 4141 3376 4194 εἰδοποιείται
3405 4143 3503 4195 καὶ
3534 4157 3688 4208 περι-

2125 4242 2398 4310 γράφεται
2467 4240 2562 4290 καὶ
2619 4238 2700 4299 εἰς
2755 4235 3075 4307 ὡρισμένην
3129 4234 3456 4287 καθίσταται
3512 4235 3686 4302 φύσιν.

2137 4331 2197 4384 '0
2232 4330 2289 4382 δὲ
2332 4329 2601 4397 Παλαμᾶς
2629 4328 2685 4390 ἐξ
2714 4327 2958 4397 ἀμαθίας
3003 4328 3222 4396 μακρᾶς
3262 4321 3374 4378 ἀνω
3407 4325 3688 4394 ποταμῶν,

2127 4424 2186 4474 τὸ
2233 4424 2331 4490 τῆς
2379 4420 2708 4489 παροιμίας,
2745 4420 2946 4488 χωρεῖν
2995 4419 3092 4480 τὰς
3141 4416 3323 4485 πηγὰς
3372 4417 3688 4484 ἀναγκάζει,

2123 4514 2297 4580 λέγων
2325 4513 2398 4574 ὠς
2426 4511 2584 4564 Ἐπεὶ
2623 4511 2719 4580 μία
2752 4511 2848 4562 καὶ
2871 4510 3081 4579 ἀμερὴς
3103 4510 3160 4596 ,ἡ
3214 4507 3309 4561 τοῦ
3341 4507 3480 4560 Θεοῦ
3521 4508 3688 4585 οὐσία.

2127 4599 2190 4672 [Γ.
2235 4600 2328 4653 ΓΗ
2367 4597 2445 4669 tu]
2491 4599 2579 4650 διὰ
2611 4599 2770 4650 τοῦτο
2812 4597 3070 4666 διαφορὰς
3099 4599 3198 4649 οὐκ
3236 4597 3349 4666 ἔχει
3397 4597 3692 4658 οὐσιῶδεις.

445 4691 705 4758 utrinque
737 4692 994 4746 conciliat
1017 4704 1075 4747 et
1110 4709 1328 4748 causam
1363 4712 1553 4749 eorum
1598 4698 1850 4753 involvit.
1896 4699 2007 4753 llwt

2127 4695 2235 4747 Καὶ
2267 4693 2372 4761 μὴν
2403 4692 2486 4758 τὸ,
2512 4692 2666 4743 Ἐπεὶ
2689 4691 2984 4759 σύνδεσμός
3017 4693 3131 4742 ἐστι
3175 4687 3693 4746 κατασκευαστικὸς.

445 4783 590 4836 dicta
641 4782 714 4836 ita
766 4793 995 4853 propter
1040 4786 1314 4840 inscitiam
1357 4789 1574 4842 turbata
1614 4799 1762 4853 sunt,
1812 4801 1871 4844 ut
1901 4791 2021 4846 Cal-

446 4875 645 4930 chante
674 4888 797 4929 vate
821 4872 1116 4933 Homerico
1145 4895 1285 4948 opus
1307 4881 1400 4933 sit.
1452 4881 1560 4935 Sed
1592 4897 1662 4936 ne
1688 4883 1840 4936 illum
1897 4883 2023 4951 qui-

447 4967 569 5020 dem
615 4978 748 5037 puto
792 4969 1044 5025 obscuris
1069 4971 1154 5026 his
1187 4974 1626 5042 qumstionibus,
1675 4975 1720 5028 si
1773 4975 2024 5038 adesset,

444 5059 867 5128 explicationem
906 5062 1102 5118 all'erre
1141 5080 1334 5132 posse,
1382 5081 1512 5120 cum
1547 5067 1687 5134 ipse,
1717 5075 1778 5119 ut
1805 5066 2026 5134 opinor,

447 5166 569 5218 quae
595 5167 659 5205 ex
692 5167 789 5206 sua
824 5152 995 5222 ipsius
1031 5167 1214 5210 mente
1239 5157 1488 5226 protulit,
1523 5157 1740 5211 solvere
1768 5167 2027 5224 nequeat.

447 5245 577 5308 Qua:
603 5245 749 5298 enim
779 5248 982 5302 causali
1028 5248 1240 5302 ratione
1279 5255 1578 5316 ponuntur,
1613 5262 1675 5300 ea
1737 5247 1902 5301 simili
1935 5263 2028 5302 ra-

451 5337 599 5392 tione
638 5337 963 5405 solvuntur;
1001 5359 1119 5411 qua:
1145 5358 1276 5404 non,
1303 5357 1366 5395 ea
1402 5357 1508 5393 non
1539 5341 1845 5394 solvuntur.

2128 4785 2223 4838 καὶ
2262 4784 2508 4853 ὓπαρξιν
2560 4783 2656 4836 καὶ
2713 4783 2864 4848 τάξιν
2917 4782 3332 4850 ἀκολουθήσεως
3388 4779 3696 4846 αἰτιατικὴν

2130 4879 2328 4946 δηλῶν,
2364 4879 2460 4930 ἀτε
2511 4877 2839 4938 συναπτικὸς
2883 4876 2989 4928 τῶν
3020 4875 3363 4944 ἑκατέρωθεν
3389 4876 3573 4944 ἄκρων
3603 4873 3696 4924 ὐπ-

2133 4968 2442 5037 άρχωνααί
2477 4967 2576 5036 τὴν
2623 4966 2805 5019 αἰτίαν
2830 4965 2970 5034 ἔχων
3009 4966 3208 5018 αὐτῶν.
3255 4965 3442 5033 Τούτῳ
3492 4961 3697 5015 δὀὖτω

2133 5060 2201 5111 δι’
2229 5060 2470 5127 ἀμαθίαν
2499 5058 2899 5110 ἁνατεθόλωται
2940 5058 3008 5109 τὰ
3039 5057 3301 5126 εἰρημένα
3334 5056 3409 5118 ὡς
3452 5054 3698 5121 Κάλχαν-

2135 5153 2224 5213 τός
2275 5169 2420 5213 τινος
2480 5151 2692 5203 δεῖσθαι
2750 5151 2997 5219 μάντεως
3053 5148 3384 5217 Ὀμηρικοῦ.
3432 5147 3572 5199 Ἀλλ’
3595 5143 3696 5196 οὐδ’

2137 5246 2348 5297 ἐκεῖνον
2379 5241 2535 5313 οἶμαι
2583 5243 2879 5312 δυνηθῆναι
2911 5241 2976 5294 ἂν
3007 5239 3083 5310 τῷ
3113 5238 3459 5304 ἀνακολούθῳ
3491 5236 3587 5305 τῆς
3616 5235 3696 5286 θέ›

2139 5353 2300 5401 σεωςι
2357 5338 2406 5387 εί
2464 5336 2673 5406 παρῆν,
2705 5335 2807 5403 τὴν
2849 5333 3004 5385 λύσιν
3054 5333 3389 5402 παρασχεῖν-
3427 5329 3543 5390 πῶς
3571 5327 3694 5396 γὰρ,

452 5433 488 5486 ἆ
522 5437 643 5503 μηδ’
677 5437 841 5490 αὐτὸν
876 5438 1026 5491 λύειν
1057 5435 1212 5507 οἶμαι
1283 5437 1547 5491 δύνασθαι
1582 5439 1674 5491 τὸν
1743 5438 1802 5502 ἐξ
1844 5439 1982 5503 ἰδίας
2048 5436 2285 5507 γαστρὸς
2333 5432 2693 5502 ἐρευγόμενον
2763 5430 2832 5483 τά
2892 5428 3106 5492 ’τοιάδεῖ
3163 5429 3231 5480 Ἀ
3293 5427 3403 5497 γὰρ
3464 5421 3698 5478 αἰτιῶδει

454 5527 598 5596 λόγῳ
625 5527 890 5592 τίθενται,
925 5530 1100 5582 ταῦτα
1147 5529 1417 5596 δήπουθεν
1459 5531 1555 5583 καὶ
1600 5531 1742 5602 λόγῳ
1789 5532 2006 5584 λύονται
2045 5528 2258 5598 τοιῷδε,
2289 5526 2324 5580 ἃ
2353 5525 2409 5578 δὲ
2441 5524 2534 5593 μὴ,
2565 5520 2742 5576 ταῦτα
2786 5521 2853 5592 δὴ
2897 5524 2994 5592 μὴ.

524 5619 596 5678 Χ.
651 5625 810 5694 363
849 5625 1152 5680 Videndum
1189 5625 1353 5693 igitur
1394 5639 1477 5683 est
1523 5641 1644 5698 post
1676 5628 1904 5697 primam
1949 5628 2029 5681 in-

460 5715 672 5771 scitiam
703 5732 822 5785 qua:
869 5717 940 5772 sit
981 5717 1240 5771 secunda.
1280 5717 1411 5772 Nam
1446 5721 1498 5773 in
1527 5737 1594 5774 eo
1615 5719 1759 5790 quod
1789 5729 1872 5774 est
1900 5733 2028 5772 cau-

468 5821 581 5861 sam
614 5809 775 5863 simul
806 5824 929 5864 cum
977 5818 1204 5865 causato
1241 5823 1364 5864 esse
1413 5811 1590 5866 nescit
1637 5825 1738 5866 nec
1786 5809 1905 5864 sine
1960 5825 2026 5864 eo

2205 5620 2556 5676 1’.Σκεπτέον
2596 5613 2691 5671 οὖν
2735 5617 2802 5672 ἂν
2844 5618 2930 5688 εἴη
2966 5617 3057 5668 καὶ
3089 5617 3187 5685 τὴν
3232 5615 3464 5680 ὑστέραν
3493 5612 3691 5678 ταύτην

2138 5711 2374 5782 ἀμαθίαν
2404 5711 2497 5763 ἐπὶ
2521 5713 2587 5780 τῇ
2623 5711 2868 5780 προτέρα
2915 5709 3081 5762 αὐτοῦ
3109 5725 3122 5740 °
3155 5707 3274 5760 οὐδὲ
3306 5707 3418 5777 γὰρ
3454 5701 3590 5758 οἶδεν
3619 5703 3691 5764 ὡς

2134 5795 2242 5862 τῶν
2272 5803 2407 5874 πρός
2430 5821 2482 5856 τι
2516 5803 2575 5856 ὃν
2605 5803 2664 5856 τὸ
2700 5802 2874 5857 αίτιον
2919 5802 3038 5872 ἃμα
3086 5801 3204 5854 ἐστὶ
3231 5798 3308 5870 τῷ
3336 5794 3560 5867 αἰτιατῷ
3599 5793 3688 5848 καὶ
