4046 6290
304 345 404 410 3Ξ1

1219 374 1228 382 -
1265 341 1718 402 ΒΥΖΑΝΤιΝιΕ
1764 338 2153 400 ΠΙΞΤΟΠΗΞ
2195 342 2344 404 LIB.
2390 342 2608 404 XXXI.

3480 387 3582 418 ’διά

302 461 433 512 ἄνευ
485 457 654 511 αὐτοῦ
711 455 953 510 νοεῖσθαι
1001 457 1102 510 οὐκ
1152 457 1287 526 ἔχει,
1315 455 1414 508 ἅτε
1457 471 1718 523 σχετικην
1763 469 1886 505 τινα

2000 466 2158 519 posse
2200 453 2452 523 cogitari,
2493 453 2640 522 quod
2677 455 3044 524 copulativam
3082 467 3138 512 et
3171 459 3578 525 coniunctivam

303 557 400 606 καὶ
432 551 752 621 ουνδετικὴν
795 550 1025 618 δύναμιν
1075 550 1280 620 ταύτην
1332 548 1470 618 πρὸς
1518 546 1727 615 ἄλληλα
1771 545 1883 597 τῶν

305 645 497 712 ἄκρων
544 644 823 713 ἑχόντων·
874 639 986 696 οἷον
1036 643 1113 706 ὡς
1163 644 1220 696 έν
1267 642 1632 708 ὑποδείγματι
1669 638 1885 708 βραχεῖ,

309 734 595 804 πολλαχῶς
646 733 946 802 λεγομένου
989 732 1084 786 τοῦ
1123 731 1318 793 αἰτίου,
1381 729 1668 799 ποιητικόν
1737 730 1886 778 ἐστιν

305 828 505 888 αἴτιον,
553 825 630 886 ὡς
668 826 696 878 ὁ
739 824 1023 893 οἰκοδόμος
1070 823 1163 875 τοῦ
1211 821 1362 875 οἴκου
1392 837 1406 850 ’
1460 819 1698 881 τελικὸν,
1740 820 1815 881 ὡς
1855 819 1886 886 ἠ

309 919 489 988 σκέπη
523 917 592 970 δι’
623 919 689 988 ἢν
719 920 746 972 ὀ
783 914 932 982 οἶκος
953 931 968 948 ⁶
998 915 1204 980 ὑλικὸν,
1249 915 1324 977 ὡς
1358 915 1498 967 λίθοι
1540 914 1636 966 καὶ
1665 912 1795 976 ξύλα
1829 911 1888 975 ἐξ

307 1007 384 1063 ὧν
439 1013 468 1062 ὁ
513 1009 661 1073 οἶκος
689 1027 705 1041 ⁸
742 1009 966 1075 εἰδικδν,
1003 1011 1080 1071 ὡς
1112 1010 1144 1076 ἡ
1177 1007 1585 1075 διατυπουμένη
1622 1005 1718 1058 καὶ
1748 1005 1886 1056 εἰδο-

308 1100 611 1170 ποιουμένη
645 1099 928 1170 μόρφωσις
961 1101 1017 1152 ὲν
1054 1099 1134 1169 τῷ
1168 1095 1525 1166 φανταστικῷ
1564 1096 1658 1149 τοῦ
1707 1098 1888 1165 τεχνί-

304 1207 435 1242 του·
495 1191 1025 1261 παραδειγματικδν,
1057 1190 1133 1252 ὠς
1183 1191 1375 1259 ἕτερος
1427 1185 1574 1250 οἶκος
1631 1189 1772 1258 πρὸς
1827 1189 1886 1241 ὃν

305 1281 529 1352 ἀφορῶν
557 1285 584 1335 ὁ
617 1283 866 1352 τεχνίτης
887 1282 949 1334 τὸ
971 1281 1074 1335 ἀνὰ
1107 1282 1296 1351 χεῖρας
1327 1280 1489 1346 ἔργον
1519 1279 1696 1331 τελεῖ·
1733 1295 1892 1345 φυσι-

308 1377 424 1438 uti»),
449 1373 524 1436 ὡς
564 1376 590 1426 ὁ
617 1373 804 1444 πατὴρ
844 1372 938 1426 τοῦ
971 1371 1115 1426 υίοῦ.
1155 1372 1276 1424 Εἰσὶ
1308 1371 1403 1424 καὶ
1432 1370 1680 1438 ἀλλήλων
1713 1370 1885 1432 αἴτια,

302 1465 378 1527 ὡς
412 1467 513 1534 τῆς
550 1463 767 1529 εὐεξίας
795 1463 856 1516 τὸ
898 1467 1086 1516 πονεῖν
1120 1465 1216 1518 καὶ
1263 1463 1354 1515 τοῦ
1407 1463 1591 1514 πονεῖν
1620 1463 1652 1531 ἡ
1682 1458 1889 1526 εὐεξία.

302 1559 541 1624 Λέγουσι
591 1558 636 1610 δ’
675 1557 806 1612 ἔνιοι
847 1559 956 1610 τῶν
1005 1560 1188 1627 σοφῶν
1228 1559 1324 1611 καὶ
1378 1559 1478 1626 τὴν
1528 1556 1700 1626 τύχην
1745 1556 1891 1609 κατὰ

303 1649 660 1718 συμὸεόηκὸς
694 1651 968 1703 συναίτιον
1001 1649 1176 1701 ἐνίοτε
1217 1649 1276 1700 ὲν
1305 1649 1417 1710 τοῖς
1461 1647 1604 1700 κατὰ
1636 1646 1892 1717 προαίρε-

305 1760 396 1797 σιν
455 1744 619 1798 ἕνεκά
671 1762 765 1796 του
828 1743 1160 1813 γινομένοις.
1220 1741 1508 1795 Τοσούτων
1556 1741 1738 1794 τοίνυν
1793 1742 1888 1792 κει)⁵

301 1831 570 1884 πλειόνων
618 1831 789 1884 ὅντων
827 1831 924 1884 τοῦ
983 1830 1159 1883 αἰτίου
1209 1829 1385 1890 εἱδῶν,
1437 1827 1499 1898 μ’.
1545 1829 1650 1882 472
1686 1826 1761 1900 r.]
1793 1831 1888 1884 καὶ

302 1923 527 1973 πάντων
574 1920 724 1988 σαιιεῆ
753 1919 850 1988 τὴν
899 1918 1036 1987 πρὸς
1067 1916 1278 1988 ἄλληλα
1322 1917 1680 1987 κεκτημένων
1720 1919 1885 1971 συνά-

303 2031 492 2083 φειαν,
537 2012 745 2081 λεγέτω
809 2030 903 2082 μοι
960 2013 1250 2083 παρελθὼν
1297 2013 1511 2072 ἐκεῖνος
1557 2012 1663 2066 ὐπὸ
1720 2014 1890 2068 ποίων

299 2106 512 2158 τούτων
550 2106 744 2172 ἀνάγει
807 2104 906 2176 τὴν
967 2107 1076 2159 τῶν
1131 2105 1282 2174 αὐτῷ
1341 2122 1405 2170 γε
1444 2104 1540 2158 νῦν
1585 2107 1890 2174 εἰρημένην

303 2201 516 2270 σχέσιν.
552 2199 736 2269 Τριῶν
783 2199 891 2265 γὰρ
943 2199 1294 2267 τούλάχιστον
1329 2200 1472 2269 ὅρων
1525 2205 1584 2254 ὲν
1619 2202 1730 2262 τοῖς
1766 2200 1891 2252 συλ-

301 2295 588 2362 λογισμοῖς
640 2292 730 2345 ἁεὶ
779 2291 1236 2360 λαμϐανομένων,
1267 2293 1366 2359 τὴν
1419 2292 1739 2361 συνδετικὴν
1783 2292 1892 2344 τῶν

299 2386 496 2452 ἄκρων
538 2383 595 2446 ἐξ
650 2382 893 2451 ἀνάγκης
953 2381 1098 2450 ἔχειν
1155 2383 1183 2433 ὁ
1220 2381 1382 2450 μέσος
1439 2382 1622 2434 αἰτίαν
1661 2383 1890 2448 ὀφείλει.

312 2473 465 2525 Ἀλλ’
496 2474 596 2541 οὐχ
618 2470 761 2524 οὕτω
809 2471 906 2523 καὶ
936 2473 1001 2540 τῇ
1036 2469 1129 2522 τοῦ
1169 2470 1404 2538 Παλαμᾶ
1453 2471 1602 2523 δοκεῖ
1635 2471 1848 2542 ἀμαθίᾳ.
1876 2487 1891 2501 ο

300 2566 499 2634 ὅμοιον
543 2565 651 2634 γὰρ
689 2562 751 2616 τὸ
789 2562 924 2632 παρ’
956 2561 1123 2614 αὐτοῦ
1165 2561 1460 2630 λεγόμενόν
1515 2563 1662 2616 ἐστιν
1705 2563 1896 2632 ὥσπερ

301 2661 376 2713 ἂν
427 2658 480 2711 εἴ
522 2673 606 2720 τις
652 2655 838 2723 ἔλεγεν
863 2655 968 2717 ὅτι,
1008 2653 1245 2723 ἐπείπερ
1293 2655 1326 2724 ἡ
1378 2653 1510 2724 χιὼν
1544 2655 1711 2726 λευκή
1753 2658 1894 2719 ἔστι,

298 2754 400 2805 διὰ
446 2750 606 2803 τοῦτο
649 2749 749 2802 οὐκ
801 2747 951 2800 ἔστιν
999 2745 1321 2813 αίσθητικύν
1349 2760 1361 2774 °
1396 2745 1472 2809 ὡς
1527 2747 1636 2815 γὰρ
1664 2747 1896 2800 ἐνταῦθα.

302 2844 614 2909 συνάφειαν
663 2840 869 2909 μεταξὺ
928 2839 1192 2907 σχετικὴν
1241 2838 1504 2908 οὐδεμίαν
1549 2841 1580 2908 ἡ
1630 2839 1898 2909 λευκότης

299 2937 425 3006 ἔχει
456 2934 592 3003 πρδς
615 2933 674 2985 τὸ
704 2931 1046 3000 αἰσθητικὸν,
1067 2930 1382 2998 ἀναγκαίως
1416 2930 1793 3000 ἐφελκομένην
1832 2931 1898 2984 -ιὰ

299 3029 456 3096 ἄκρα
471 3028 604 3092 πρὸς
622 3025 822 3094 ἑαυτὴν
835 3021 1171 3096 (ἐτερογενὲς
1189 3023 1296 3093 γὰρ
1315 3022 1571 3092 ἑκάτερον
1587 3024 1894 3091 ἐκατέρου),

1993 544 2100 596 vim
2154 543 2300 598 inter
2349 561 2408 599 se
2441 561 2655 600 summa
2688 547 2781 601 illa
2815 548 3035 602 habent.
3067 551 3351 605 Addamus
3415 553 3581 605 breve

1990 636 2326 705 exemplum,
2347 652 2468 690 cum
2498 652 2644 706 saepe
2669 653 2830 692 causa
2857 639 3112 703 addatur,
3141 655 3306 694 causa
3332 641 3577 697 efﬁciens

1990 737 2094 791 est,
2120 738 2177 780 ut
2197 730 2393 782 domus
2435 728 2794 796 architectus;
2816 729 2962 794 ﬁnis,
2985 732 3154 786 tutela
3181 744 3583 802 propterquam

1988 825 2134 872 ardes
2165 819 2431 873 aediﬁcata
2455 831 2533 873 est
2559 837 2572 884 ;
2609 823 2861 885 materia,
2885 822 3096 891 lapides
3123 831 3178 878 et
3210 824 3350 893 ligna
3383 825 3585 892 quibus

1989 916 2305 971 exstructa;
2361 909 2568 977 ﬁgura,
2619 909 2792 963 forma
2847 911 2901 963 in
2947 913 3176 968 artiﬁcis
3224 914 3409 968 animo
3449 929 3584 966 ron-

1990 1007 2147 1067 cepta
2179 1007 2234 1051 et
2269 1000 2428 1062 ﬁcta;
2458 1001 2761 1069 exemplar,
2791 1001 2937 1055 aliud
2965 1003 3258 1057 atdiliciunt
3305 1005 3371 1059 ad
3425 1006 3585 1072 cujus

1989 1091 2268 1160 exemplar
2287 1092 2480 1146 artifex
2512 1093 2563 1146 id
2587 1094 2733 1161 quod
2763 1093 2814 1147 in
2841 1095 3096 1149 manibus
3124 1095 3288 1151 habet
3323 1097 3530 1164 perﬁcit
3563 1115 3576 1156 ;

1989 1182 2263 1246 naturale,
2293 1191 2350 1236 ut
2377 1192 2533 1252 pater
2562 1183 2678 1236 ﬁlii.
2712 1183 2851 1238 Sunt
2884 1185 3030 1238 enim
3059 1185 3161 1240 sibi
3189 1188 3423 1241 invicetn
3461 1204 3588 1241 cau-

1992 1274 2154 1343 salia,
2192 1284 2252 1328 ut
2306 1276 2526 1328 sanitati
2595 1277 2860 1332 insanitas
2911 1288 2966 1331 et
3009 1280 3288 1334 insanitati
3355 1283 3582 1334 sanitas.

1991 1367 2250 1422 Nonnulli
2291 1369 2438 1422 docti
2482 1385 2610 1424 casu
2654 1371 2925 1424 ca‘usalcm
2961 1372 3238 1425 interdum
3289 1373 3481 1427 dicunt
3529 1373 3581 1424 in

1993 1461 2160 1516 rebus
2179 1461 2412 1515 consilio
2440 1463 2677 1530 quodam
2710 1464 2787 1518 rei
2806 1465 3040 1533 alicujus
3065 1479 3229 1517 causa
3251 1464 3427 1519 factis.
3447 1446 3584 1520 Cum

1994 1550 2163 1620 igitur
2195 1551 2381 1618 plures
2403 1552 2516 1606 sint
2543 1568 2720 1606 causae
2756 1552 2948 1607 formae
2976 1570 3097 1622 qua:
3122 1571 3313 1611 omnes
3335 1570 3580 1626 apertam

1995 1641 2141 1695 inter
2182 1658 2240 1696 se
2289 1644 2742 1713 conjunctionem
2781 1645 3024 1709 habent,
3081 1645 3232 1700 dicat
3275 1649 3407 1700 mihi
3451 1649 3539 1701 ille.
3566 1691 3578 1710 ,

1998 1732 2102 1787 sub
2127 1748 2264 1801 quas
2294 1733 2509 1803 redigat
2541 1734 2816 1788 dictorum
2847 1750 3075 1789 suorum
3125 1739 3417 1792 rationem.
3449 1740 3586 1794 Tres

1994 1823 2141 1876 enim
2195 1822 2263 1876 ad
2321 1824 2609 1876 tninimutn
2668 1826 2804 1877 lines
2847 1823 2901 1876 in
2961 1824 3416 1880 conclusionibus
3462 1844 3586 1880 cum

1993 1931 2212 1986 semper
2279 1918 2668 1984 admittantur,
2717 1919 3168 1988 conjunctionum
3243 1936 3584 1975 summorum

1992 2023 2213 2061 causam
2246 2007 2455 2063 habere
2485 2009 2703 2063 medius
2736 2012 3052 2064 necessario
3087 2011 3270 2064 debet.
3305 2011 3422 2066 Non
3456 2029 3588 2066 vero

1995 2099 2066 2152 ita
2099 2099 2331 2154 Palam-a3
2357 2101 2590 2155 inscitia:
2617 2103 2816 2170 placet.
2847 2099 3005 2168 Nam,
3031 2104 3175 2171 quod
3209 2104 3366 2162 dicit.
3397 2105 3581 2158 simile

1993 2205 2077 2249 est
2112 2211 2174 2249 ac
2216 2196 2260 2248 si
2299 2197 2425 2264 quis
2465 2195 2702 2249 dixerit:
2769 2195 2927 2260 Quod
2987 2197 3077 2248 nix
3131 2195 3252 2248 alba
3298 2205 3402 2261 est,
3457 2212 3590 2264 crto

1998 2303 2108 2340 non
2139 2299 2224 2342 est
2255 2289 2556 2344 sensibilis.
2596 2288 2666 2343 Ut
2705 2289 2853 2342 enim
2899 2290 3097 2342 albedo
3144 2288 3309 2360 36!.
3348 2288 3586 2358 conjun-

1994 2381 2232 2433 ctionem
2270 2398 2391 2449 «μου
2422 2396 2637 2436 summa
2667 2381 2756 2435 illa
2807 2397 2903 2450 per
2927 2397 2985 2435 se
3015 2382 3081 2434 ad
3133 2396 3360 2436 sensum
3405 2382 3590 2434 trahat

1995 2472 2198 2526 nullam
2225 2473 2411 2535 habet,
2447 2474 2728 2527 diversum
2757 2475 2906 2527 enim
2943 2485 3263 2542 tttrumque,
3293 2473 3368 2528 ita
3402 2490 3585 2542 nequc

1994 2561 2063 2616 ad
2107 2562 2485 2618 essentialiter
2529 2562 2872 2632 itnpartitum
2934 2547 3062 2618 esse
3105 2573 3319 2633 spectat
3359 2565 3588 2617 minimc

1996 2655 2204 2710 habere
2235 2654 2569 2710 essentiales
2599 2656 2918 2710 varietates.
2957 2656 3090 2710 Dein
3120 2657 3363 2710 divinam
3398 2673 3587 2709 essen-

1998 2745 2128 2799 tiam
2172 2746 2401 2802 dillerre
2437 2747 2691 2802 dicentes
2716 2747 2785 2800 ab
2832 2749 3184 2802 naturalibus
3217 2760 3273 2804 et
3316 2765 3589 2818 superna-

1997 2839 2277 2893 turalibus
2308 2839 2570 2894 omnibus
2625 2840 2906 2905 essetttiis,
2946 2840 3194 2910 ejusdem
3246 2842 3587 2910 impartitum

1998 2932 2225 2988 minime
2255 2934 2583 3001 premimus.
2617 2932 2966 3002 [inpartitum
3001 2943 3088 2987 est
3118 2950 3227 2988 non
3280 2914 3608 2988 secundum

1999 3027 2098 3080 has
2129 3027 2183 3079 in
2216 3021 2422 3082 mundo
2473 3027 2832 3082 elementales
2871 3027 3148 3081 essentias
3190 3029 3459 3098 (stultum
3509 3043 3593 3083 est

299 3119 481 3182 οὕτως
528 3117 640 3171 οὐδ’
693 3118 814 3170 ἐκεῖ
868 3115 1006 3182 πρὸς
1068 3113 1130 3166 τὸ
1185 3113 1286 3182 τῆς
1345 3113 1536 3176 οὐσίας
1580 3115 1789 3184 ἀμερὲς
1834 3114 1894 3165 τὸ

2002 3119 2104 3173 hoc
2133 3119 2378 3188 cogitare
2409 3130 2503 3172 aut
2539 3118 2783 3188 dicere),
2811 3118 2905 3172 sed
2939 3119 3087 3188 quod
3114 3119 3501 3188 incorporeum
3535 3131 3592 3175 et

301 3212 492 3283 ἥκιστ’
523 3210 669 3280 ἔχειν
723 3206 1006 3268 οὐσιῶδεις
1048 3204 1338 3275 διαφοράς.
1378 3203 1613 3257 Ἔπειτα
1653 3207 1746 3256 καὶ
1795 3204 1894 3274 τὴν

307 3304 468 3356 θείαν
498 3301 689 3354 οὐσίαν
713 3299 997 3370 διαφέρειν
1028 3296 1333 3365 φάσκοντες
1356 3296 1466 3348 τῶν
1491 3313 1550 3348 τε
1579 3296 1895 3365 ὲγκοσμίων

311 3397 407 3446 καὶ
442 3391 832 3460 ὐπερκοσμίων
891 3387 1083 3440 πασῶν
1129 3386 1351 3449 οὐσιῶν,
1387 3385 1599 3456 οὐδαμῆ
1648 3386 1726 3456 τῷ
1767 3385 1897 3438 1:113-

312 3499 412 3552 της
463 3482 664 3551 ἀμερεῖ
699 3477 1028 3549 ἐνοχλοῦμεν
1053 3491 1067 3506 ·
1117 3473 1324 3544 ταύτης
1353 3476 1460 3546 γὰρ
1497 3475 1558 3528 τὸ
1593 3475 1802 3544 ἀμερὲς
1836 3473 1895 3526 οὐ

314 3573 455 3627 κατὰ
517 3574 616 3634 τὰς
651 3572 710 3624 ὲν
743 3570 936 3639 κόσμῳ
992 3567 1195 3630 ταύτας
1224 3565 1460 3634 ἀτόμους
1513 3565 1662 3620 ἐστὶν
1707 3567 1897 3629 οὐσίας

315 3667 551 3737 μῖλίθιον
603 3664 713 3734 γὰρ
753 3665 850 3717 καὶ
886 3663 1025 3714 νοεῖν
1054 3659 1148 3712 καὶ
1201 3657 1384 3726 λέγειν
1432 3659 1629 3727 τουτὶ),
1672 3657 1788 3711 ἀλλ’
1815 3660 1898 3712 ὅτι

315 3756 610 3826 οσώματόν
648 3772 709 3807 τε
768 3754 859 3806 καὶ
895 3754 1094 3820 ἄογκον
1153 3752 1247 3804 atati.
1296 3751 1532 3820 ἄναρχον
1567 3751 1664 3804 καὶ
1707 3751 1901 3819 ἀπερί-

313 3866 558 3920 γραπτον
581 3851 677 3899 καὶ
701 3844 1026 3914 ὐπερούσιον
1049 3844 1141 3895 καὶ
1171 3843 1390 3896 πάντων
1413 3842 1615 3909 ἥκιστα
1642 3844 1894 3912 ὁρισμοῖς

312 3942 408 3995 καὶ
437 3940 728 4010 μερισμοῖς
759 3937 1032 4004 τεχνικοῖς
1067 3935 1398 3997 ὐποπίπτον,
1445 3932 1584 4002 πλὴν
1625 3933 1673 3984 εί
1708 3931 1783 4002 μὴ
1811 3932 1899 3983 διὰ

304 4034 410 4104 τὴν
455 4031 538 4101 τῷ
593 4030 722 4098 θείῳ
778 4027 1044 4094 Βασιλείῳ
1108 4023 1737 4092 συγκαταϐατικώτερον
1801 4023 1901 4093 μέν

307 4145 437 4181 τινα
485 4124 706 4191 τρόπον,
740 4121 1122 4189 ὲμφιλοσόφως
1171 4119 1216 4171 δ’
1265 4119 1360 4173 οὖν
1395 4120 1491 4171 καὶ
1517 4119 1640 4170 κατ’
1669 4117 1901 4187 ἐπιστή-

315 4236 427 4287 μην
458 4213 892 4283 ὲξενηνεγμένην
939 4212 1319 4280 ἁποφαντικὴν
1355 4209 1536 4278 ῥῆσιν,
1567 4209 1642 4270 ὡς
1677 4209 1770 4262 ὲπὶ
1804 4210 1900 4276 τῆς

312 4310 497 4378 ἁπλῆς
528 4307 628 4360 καὶ
659 4304 951 4375 ἀσωμάτου
986 4304 1203 4373 φύσεως
1233 4303 1324 4354 τὸν
1367 4301 1531 4354 αὐτὸν
1562 4303 1594 4368 ὴ
1638 4301 1796 4352 οὐσία
1834 4303 1896 4370 τῇ

313 4400 567 4470 ἐνεργείᾳ.
595 4397 810 4467 δέχεται
841 4395 1025 4462 λόγον,
1064 4395 1199 4465 φαίη
1241 4410 1324 4456 τις
1360 4392 1426 4446 ἂν
1473 4394 1792 4464 ὁριζόμενος
1822 4395 1895 4457 ὡς

2002 3213 2364 3266 immateriale
2398 3221 2456 3266 et
2506 3221 2778 3266 internum
2811 3219 2865 3265 ct
2899 3211 3246 3266 indeﬁnitum
3305 3226 3360 3266 et
3395 3228 3590 3283 supcr-

2001 3306 2365 3360 substantiale
2395 3314 2451 3360 et
2482 3305 2652 3359 nullis
2704 3304 2932 3359 omnino
2979 3305 3181 3359 ﬁnibus
3209 3314 3265 3359 et
3287 3307 3422 3359 artis
3447 3307 3592 3360 divi-

1999 3395 2254 3449 sionibus
2304 3395 2606 3450 obnoxium
2659 3402 2764 3448 est.
2825 3393 2940 3448 Nisi
2985 3410 3214 3464 propter
3263 3394 3594 3463 explicatio-

1999 3503 2124 3541 nem
2153 3486 2218 3540 D.
2249 3485 2431 3540 Basilii
2470 3487 2536 3542 ad
2573 3487 2977 3557 philosophiam
2997 3497 3052 3541 et
3079 3485 3386 3541 doctrinam
3422 3487 3595 3555 magis

2001 3575 2475 3629 accommodatam
2504 3613 2520 3641 ,
2579 3577 2635 3630 in
2678 3577 2910 3647 simplici
2961 3587 3016 3630 et
3041 3578 3366 3644 incorporea
3397 3585 3594 3628 natura

2002 3670 2296 3722 essentiam
2327 3666 2579 3722 eamdem
2644 3672 2694 3724 vi
2745 3685 2841 3724 sua
2875 3669 3258 3724 deﬁnitionem
3296 3669 3548 3736 accipere
3579 3711 3594 3730 ,

2000 3759 2276 3829 quispiam
2318 3760 2646 3816 deﬁniturus
2681 3761 2919 3822 dixerit,
2966 3763 3256 3816 essentiam
3293 3776 3416 3816 esse
3469 3778 3585 3814 rem

2001 3868 2101 3921 per
2141 3868 2200 3906 se
2225 3852 2606 3916 easistentem,
2632 3869 2742 3906 non
2765 3853 2940 3907 altero
2965 3853 3029 3906 ad
3050 3854 3430 3908 exsistentiam
3459 3868 3598 3921 Opus

2001 3944 2322 3999 habentem.
2364 3943 2478 3998 Soli
2525 3947 2673 3999 enim
2707 3945 2907 3999 divinte
2943 3945 3021 4000 illi
3071 3955 3128 3999 et
3174 3945 3598 4013 simplicissime

2001 4043 2214 4090 naturae
2252 4035 2413 4089 talem
2443 4050 2565 4090 esse
2597 4035 2970 4090 deﬁnitionem
2996 4036 3254 4096 dicimus,
3287 4035 3443 4091 alteri
3477 4053 3596 4090 om-

2002 4126 2154 4180 nium
2209 4134 2518 4178 creatorum
2577 4123 2737 4178 nulli.
2789 4123 3124 4193 Composita:
3171 4123 3321 4177 enim
3377 4137 3592 4175 omnes.

2003 4217 2177 4274 Omne
2209 4227 2394 4272 autem
2423 4218 2794 4287 compositum
2835 4233 2902 4270 ex
2933 4218 3103 4270 variis
3127 4215 3296 4268 habet
3337 4229 3482 4279 esse,
3516 4214 3598 4266 al-

2005 4319 2184 4365 terum
2213 4309 2390 4364 altero
2422 4309 2652 4380 indiget.
2697 4309 2813 4364 Non
2868 4309 3037 4379 igitur
3075 4324 3184 4363 non
3221 4307 3416 4377 indiga).
3467 4316 3599 4362 sunt

2004 4411 2212 4470 partes,
2243 4415 2342 4453 nec
2367 4410 2538 4454 totum
2575 4417 2640 4455 ex
2673 4400 2873 4471 indigis
2909 4402 3296 4469 compositum.
3327 4401 3592 4470 Apertum

317 4491 556 4563 πρᾶγμά
590 4506 653 4558 γε
684 4487 747 4560 [Γ.
782 4488 886 4542 172
914 4485 994 4558 r.]
1025 4488 1111 4555 εἴη
1163 4485 1548 4554 αὐθύπαρκτον
1578 4489 1607 4555 ἡ
1635 4487 1795 4539 οὐσία
1831 4486 1895 4556 μίτ

2013 4492 2157 4546 enim
2183 4500 2567 4562 argumentum
2605 4493 2792 4558 habet,
2829 4508 2890 4548 se
2913 4502 3071 4546 antea
3103 4493 3348 4545 omnium
3379 4492 3597 4546 illorum

317 4583 571 4653 δεόμενον
603 4581 792 4650 ἑτέρου
837 4580 974 4648 πρδς
1024 4575 1305 4631 σύστασιν.
1357 4577 1573 4647 Ἐκείνῃ
1619 4578 1727 4646 γὰρ
1762 4577 1897 4648 μόνῃ

321 4679 385 4746 τῇ
418 4677 541 4744 θεία
570 4675 665 4727 καὶ
695 4672 1048 4740 ἁπλουστάτη
1091 4669 1255 4736 φύσει
1314 4669 1407 4721 τὸν
1459 4669 1699 4721 τοιοῦτον
1733 4687 1900 4736 προσ-

322 4773 476 4838 ήκειν
502 4765 682 4836 φαμὲν
709 4763 957 4835 ὁρισμὸν,
986 4762 1151 4832 ἑτέρᾳ
1181 4761 1226 4812 δ’
1265 4762 1489 4832 οὐδεμιᾷ
1519 4761 1626 4813 τῶν
1668 4763 1902 4815 κτιστῶν

323 4861 573 4915 ἁπασῶν.
601 4858 857 4911 Σύνθετοι
897 4859 1004 4926 γὰρ
1038 4856 1276 4920 ἅπασαι,
1311 4857 1418 4906 πᾶν
1451 4855 1508 4908 δὲ
1537 4854 1790 4907 σύνθετον
1837 4858 1901 4908 ὲκ

321 4953 594 5022 διαφόρων
624 4951 738 5020 ἕχει
772 4949 834 5002 τὸ
864 4944 1004 5002 εἶναι
1033 4965 1046 4981 ·
1071 4943 1146 5002 ὦν
1176 4948 1384 5000 ἕκαστα
1413 4948 1587 5000 δεῖται
1630 4946 1900 5016 ἀλλήλων.

325 5046 436 5098 Οὐκ
482 5043 548 5096 ἂν
581 5041 673 5095 οὖν
715 5041 942 5093 ἀνενδεᾶ
983 5041 1068 5108 εἴη
1100 5038 1228 5091 οὐτε
1269 5039 1338 5090 τὰ
1367 5039 1507 5106 μέρη
1543 5036 1660 5089 οὐθ’
1694 5038 1814 5090 ὅλον
1844 5036 1902 5098 ἐξ

327 5138 518 5188 ἐνδεῶν
565 5133 1087 5204 συμπληρούμενον.
1145 5132 1300 5199 Σχφῆ
1349 5133 1457 5203 γὰρ
1489 5135 1589 5203 τὴν
1622 5136 1903 5198 ἀπόδειξιν

327 5229 437 5298 ἔχει
468 5228 560 5279 τοῦ
593 5226 722 5296 πρὶν
748 5228 845 5295 τῆς
877 5225 1123 5278 ἑκάστων
1181 5225 1406 5277 ἐκείνων
1448 5228 1773 5297 προσθήκης
1816 5231 1904 5278 ὲν-

326 5321 439 5384 δεες
481 5317 641 5371 εἶναι.
683 5320 792 5371 Καὶ
846 5317 962 5384 ἅμα
995 5318 1320 5386 ἀρχόμενον,
1349 5320 1449 5371 οὐκ
1488 5320 1657 5390 ἄρχον
1682 5337 1696 5350 ·
1735 5321 1903 5389 ἡττᾶ-

329 5412 449 5466 σθαι
475 5413 581 5481 γὰρ
615 5415 828 5480 ἀνάγ.‹η
861 5405 919 5463 ob
953 5410 1123 5462 δεῖται
1147 5413 1208 5462 τὸ
1238 5410 1435 5472 ἐνδεές.
1472 5405 1542 5481 ᾯ
1566 5413 1621 5463 δέ
1645 5429 1697 5464 τι
1734 5413 1901 5482 ἦττηο

329 5522 436 5570 ται,
471 5504 646 5573 τοότῳ
699 5506 790 5556 καί
829 5502 1176 5555 δεδούλωται.
1222 5503 1285 5552 '0
1343 5502 1401 5554 δὲ
1449 5501 1664 5569 δοῦλον,
1700 5505 1800 5556 οὐκ
1839 5505 1905 5556 ἂν

331 5597 410 5667 εἴη
443 5595 635 5664 κύριον
658 5594 764 5646 οὐδ’
795 5593 1205 5661 αὐθύπαρκτον.
1233 5594 1350 5646 Οὐκ
1381 5593 1508 5660 ἄρα,
1548 5595 1691 5664 πλὴν
1739 5595 1907 5664 μόνης

336 5692 429 5757 τῆς
487 5687 639 5750 θείας
678 5683 886 5747 οὐσίας,
941 5685 1052 5736 τῶν
1104 5684 1282 5737 ἄλλων
1317 5685 1547 5756 οὐδεμιᾷ
1594 5687 1655 5737 τὸ
1705 5688 1908 5757 κυρίως

342 5781 598 5851 ἁρμόττει
645 5777 1050 5848 αὐθύπαρκτον.
1109 5775 1323 5831 Damam
1372 5779 1480 5850 γὰρ
1513 5779 1908 5849 πεποιωμένων

2007 4584 2342 4639 accessionis
2362 4583 2531 4640 fuisse
2553 4586 2799 4654 indigum
2822 4596 2876 4640 et
2899 4587 3062 4640 sit’nul
3087 4586 3410 4656 inemptum,
3433 4586 3594 4656 365

2012 4692 2123 4729 non
2160 4676 2454 4745 incipiens.
2489 4677 2723 4732 Inferius
2776 4679 2924 4731 enim
2974 4693 3094 4733 esse
3139 4694 3365 4732 necesse
3415 4691 3495 4732 est
3547 4681 3597 4732 id

2009 4783 2120 4839 quo
2157 4768 2405 4838 indigum
2441 4769 2671 4840 indiget.
2706 4769 2774 4825 Ut
2814 4770 3049 4824 inferius
3081 4770 3157 4831 ﬁt,
3200 4767 3280 4824 ita
3319 4772 3370 4824 in
3427 4773 3600 4824 serti-

2011 4871 2182 4917 tutem
2219 4862 2390 4914 venit.
2437 4859 2592 4926 Quod
2654 4863 2842 4926 servit,
2873 4879 2980 4916 non
3037 4872 3118 4916 est
3170 4865 3451 4933 proprium
3491 4869 3598 4925 sui,

2011 4968 2113 5006 nec
2149 4967 2247 5022 per
2283 4966 2342 5006 se
2373 4951 2673 5007 exsistens.
2710 4953 2831 5008 Non
2864 4954 3036 5023 igitur
3080 4967 3277 5022 prreter
3322 4972 3481 5008 unam
3515 4957 3594 5005 di-

2012 5043 2194 5097 vinam
2222 5045 2542 5110 essentiam,
2593 5046 2828 5100 aliarum
2870 5048 2965 5101 ulli
3000 5057 3084 5101 est
3109 5064 3206 5116 per
3233 5063 3291 5102 se
3334 5049 3597 5102 exsistcn-

2014 5134 2111 5189 tia.
2147 5135 2524 5190 lissentiarum
2557 5139 2705 5191 enim
2753 5138 3016 5206 qualitate
3068 5139 3418 5205 Ira-ditatum
3453 5158 3603 5193 ουλ-

2017 5235 2192 5280 torem
2229 5242 2354 5282 esse
2412 5227 2584 5280 Deum
2633 5227 2695 5280 l).
2733 5227 2999 5280 Maximus
3056 5228 3378 5292 declaravit,
3415 5238 3470 5281 et
3515 5247 3604 5280 Ita-

2015 5326 2137 5371 tura
2171 5319 2286 5388 ipsa
2319 5319 2480 5373 docet
2510 5319 2961 5389 perceptionibus
3015 5329 3252 5373 mentem
3287 5320 3602 5389 adjuvanti-

2018 5412 2138 5463 bus.
2175 5409 2290 5463 Una
2333 5411 2502 5476 enim,
2531 5411 2728 5477 inquit,
2757 5421 2810 5463 et
2842 5411 3072 5478 simplex
3115 5422 3170 5464 et
3203 5427 3310 5463 non
3351 5411 3603 5479 indigens

2017 5512 2074 5556 et
2117 5501 2414 5555 immobilis
2441 5503 2676 5556 creatrix
2707 5503 2947 5556 universi
2971 5503 3213 5556 essentia
3243 5513 3446 5554 sancite
3479 5502 3600 5554 Tri-

2022 5592 2237 5646 nitatis.
2276 5592 2466 5646 Omnis
2517 5604 2701 5646 autem
2751 5605 3006 5650 creatura
3055 5595 3357 5662 composita
3401 5604 3487 5647 est
3539 5613 3601 5648 ex

2019 5687 2257 5738 essentia
2293 5696 2347 5739 et
2380 5685 2670 5754 qualitate.
2708 5687 2901 5742 Omnis
2940 5689 3179 5757 qualitas
3215 5698 3299 5741 est
3351 5690 3602 5744 ρδεοηιίιιι

2020 5781 2245 5834 omnino
2274 5780 2540 5848 subjecta,
2583 5779 2637 5833 in
2661 5797 2768 5851 qua
2797 5783 3042 5836 cernitur
3065 5792 3119 5834 et
3158 5780 3383 5841 dicitur,
3440 5782 3601 5835 titini-
