4046 6290
454 325 559 386 323
1473 328 1477 335 ε
1637 292 2045 372 Nicen-tom

2163 310 2491 372 REGOlli’E
2788 306 2797 315 ”
3611 302 3705 365 324

451 452 539 488 me
571 444 667 504 per
693 449 754 490 se
784 434 992 489 habens
1015 431 1417 487 cxsistentiam.
1448 428 1574 482 Ideo
1614 427 1736 482 sine
1789 426 2026 495 nudita-

2150 419 2271 475 ῑῒναι
2298 421 2530 492 ποιητὴν
2560 419 2653 473 τὸν
2684 418 2816 474 Θεδν
2846 423 2872 475 6
2898 423 3040 485 θεῖός
3083 440 3141 476 τε
3193 423 3517 493 ἀπεφήνατο
3544 418 3709 483 Μάξι-

453 530 601 581 tibus
625 529 827 595 cuique
862 530 1004 595 aptis
1035 526 1236 579 nullam
1268 526 1395 577 licet
1432 521 1728 575 essentiam
1754 519 2024 580 invenire,

2150 531 2254 578 tog,
2313 514 2406 566 καὶ
2463 514 2496 582 ἡ
2558 512 2721 582 φύσις
2764 514 2903 584 αὐτὴ
2956 516 3279 579 διδάσκαλος
3311 517 3431 577 ταῖς
3500 511 3709 565 συνέσει

452 633 573 687 qua:
607 617 778 685 possit
810 619 1074 670 exsistere
1105 615 1158 666 in
1191 615 1414 666 mundo.
1450 609 1695 678 Exempli
1723 608 1917 677 gratia,
1980 607 2025 660 si

2150 605 2518 674 Ξιαφερούσαις
2560 605 2850 675 αἰσθήσεσι
2888 607 3123 675 γίνεται.
3152 609 3308 676 Μόνη
3348 607 3484 676 γὰρ,
3526 604 3709 674 φησὶν,

450 712 580 778 quis
606 707 919 775 abstulerit,
953 719 1060 761 non
1099 721 1155 758 re
1186 705 1385 763 dicam,
1444 701 1589 771 quod
1642 701 1759 754 ﬁeri
1810 698 2024 767 nequit,

2150 697 2279 766 ἱπλῆ
2337 700 2427 749 καὶ
2489 697 2745 766 ἀνενδεὴς
2788 701 2883 750 καὶ
2927 700 3199 768 ἄτρεπτος
3253 701 3286 769 ἡ
3340 693 3710 766 δημιουργικὴ

453 813 645 852 verum
678 797 1035 866 cogitatione,
1067 794 1263 863 lapidis
1295 801 1389 845 aut
1438 792 1580 845 nivis
1629 790 1823 844 insitas
1854 788 2030 858 quali-

2150 790 2239 843 ςῶν
2269 790 2406 844 ὅλων
2435 789 2594 842 οὐσία
2634 791 2731 859 τῆς
2762 790 2924 858 ἁγίας
2954 791 3204 861 Τριὰδος.
3240 790 3394 843 Πᾶσα
3444 788 3504 840 δὲ
3538 786 3712 847 κτίσις

459 890 967 953 tates,albedinem,
1022 889 1214 956 f-igus,
1260 886 1567 947 humorem,
1617 882 1720 934 tale
1744 879 2027 950 quiddam,

2150 880 2394 943 ςύνθετός
2447 883 2595 932 ἐστιν
2626 880 2685 946 ἐξ
2717 881 2908 947 οὐσίας
2957 882 3053 935 καὶ
3107 881 3417 951 ποιότητος.
3450 878 3614 931 Πᾶσα
3661 876 3715 929 δὲ

454 987 601 1034 esset
632 979 880 1033 relicmm
933 976 1156 1031 omnino
1192 974 1349 1027 nihil.
1397 972 1545 1026 Nihil
1593 980 1776 1024 autem
1828 984 1925 1037 per
1971 982 2029 1023 se

2150 970 2366 1038 πού-της
2418 970 2786 1040 ὑποκειμένης
2823 970 3040 1035 πάντως
3085 972 3274 1035 οὐσίας
3308 971 3450 1031 ἐστὶ,
3488 970 3618 1038 περὶ
3653 967 3717 1038 ἢν

455 1069 731 1137 quomodo
780 1066 1047 1122 exsistat?
1075 1065 1231 1131 Quod
1263 1064 1317 1118 in
1372 1063 1649 1117 similibus
1687 1060 1893 1128 ubique
1941 1073 2031 1113 es—

2150 1062 2234 1113 καὶ
2277 1060 2566 1130 θεωρεῖται
2623 1064 2721 1117 καὶ
2777 1063 3017 1131 λέγεται,
3058 1065 3120 1116 τὸ
3170 1063 3295 1118 καθ’
3350 1062 3525 1133 αὐτὴν
3581 1055 3716 1113 εἶναι

455 1160 646 1213 s.mtiis
679 1160 819 1213 idem
850 1160 1122 1213 invenies.

2150 1151 2386 1220 νῦδαμῶς
2417 1154 2635 1222 ἔχουσα.
2665 1155 2757 1208 Διδ
2795 1156 2889 1209 καί¹
2919 1154 3044 1225 δίχα
3078 1158 3381 1224 ποιοτήτων
3436 1154 3719 1221 ἀναλόγων

455 1257 709 1317 ἑκάστοις
784 1255 884 1305 οὔκ
917 1252 1071 1305 ἔστιν
1127 1253 1314 1323 εὑρεῖν
1376 1248 1637 1319 οὐδεμίαν
1698 1246 1892 1300 οὐσίαν
1929 1244 2267 1312 ὑφίστασθαι
2304 1250 2615 1320 δυναμένην
2642 1252 2701 1303 ὲν
2740 1252 2957 1323 κόσμῳ.
2990 1248 3115 1308 Οἷον
3153 1255 3226 1315 ὡς
3258 1253 3349 1306 ἐπὶ
3383 1251 3720 1319 ὑποδείγμα-

454 1362 567 1409 τος,
633 1348 687 1397 εί
740 1362 822 1407 τις
865 1344 1078 1412 ἀφέλοι,
1133 1340 1388 1414 ἐνεργείᾳ
1449 1340 1547 1410 μὲν
1598 1339 1700 1392 οὐκ
1748 1340 1814 1391 ἂν
1856 1336 2024 1406 φαίην
2065 1336 2352 1407 (ἀδύνατον
2402 1341 2510 1411 γάρ
2557 1343 2756 1412 τουτὶ),
2815 1344 3034 1416 ἐπινοίᾳ
3084 1345 3130 1397 δ’
3180 1345 3278 1398 οὖν
3330 1346 3505 1416 ὅμως,
3572 1344 3719 1396 λίθου

455 1439 623 1502 τινὸς,
657 1438 690 1506 ἢ
746 1436 946 1505 μᾶλλον
996 1438 1196 1499 εἰπεῖν,
1255 1436 1354 1497 τὰς
1400 1434 1501 1503 τῆς
1566 1431 1744 1502 χιόνος
1809 1429 2087 1498 ἐμφύτους
2140 1428 2457 1498 ποιότητας,
2483 1431 2584 1501 τήν
2622 1448 2681 1485 τε
2715 1432 3025 1505 λευκότητα
3048 1435 3252 1506 δηλαδὴ
3280 1438 3373 1489 καὶ
3400 1436 3721 1509 ψυχρότητα

456 1536 552 1588 καὶ
615 1532 677 1604 [ί.
719 1532 822 1585 175
854 1528 927 1601 r.]
962 1531 1240 1603 ὑγρότητα
1291 1532 1385 1583 καὶ
1415 1528 1469 1582 εῐ
1497 1547 1548 1582 τι
1582 1528 1846 1592 τοιοῦτον,
1870 1519 2011 1577 εἶναι
2049 1524 2111 1576 τὸ
2149 1510 2470 1595 λειπόμενον
2522 1528 2741 1593 πάντως
2786 1531 2964 1587 οὐδέν.
3003 1531 3067 1586 ‘0
3096 1532 3141 1586 δ’
3194 1534 3347 1587 οὐδὲν
3401 1535 3530 1588 καθ’
3570 1536 3720 1602 αὐτὸ,

459 1630 579 1694 πῶς
625 1628 1048 1696 αὺθύπαρκτον;
1090 1629 1202 1681 Καὶ
1247 1629 1341 1680 ἐπὶ
1388 1627 1496 1679 τῶν
1550 1626 1721 1678 ὄντων
1769 1624 2024 1694 εὑρήσεις
2067 1622 2326 1676 ἁπάντων
2359 1624 2565 1693 ὁμοίως
2597 1628 2685 1680 ἀεὶ
2707 1629 2805 1682 καὶ
2839 1630 3032 1683 πασῶν
3066 1631 3267 1685 οὐσιῶν
3293 1634 3500 1692 τουτσῇ

531 1724 620 1778 XI.
647 1725 809 1777 Potes
830 1724 1016 1790 igitur,
1048 1724 1376 1777 amicissime
1423 1721 1732 1783 Theotime,
1774 1719 1829 1773 in
1863 1717 2046 1787 paucis

2225 1717 2521 1791 1Α⁹.¹Έχεις
2539 1724 2736 1787 τοίνυν,
2758 1718 2801 1777 ὧ
2820 1724 2939 1792 φίλε
2954 1725 3207 1794 Θεότιμε,
3221 1727 3305 1779 διὰ
3326 1728 3582 1797 βραχέων
3594 1730 3723 1801 ὁρᾷν

460 1818 646 1872 videre
696 1816 928 1870 Palama:
982 1815 1318 1885 irregularcs
1354 1814 1501 1868 etab
1532 1813 1680 1868 omni
1712 1812 1919 1881 regula
1957 1826 2040 1864 re-

2150 1812 2269 1875 τοὺς
2290 1815 2678 1877 ἁκανονίστους
2698 1815 2791 1867 καὶ
2814 1817 3003 1886 πόρρω
3020 1818 3219 1881 παντὸς
3237 1820 3464 1882 κανόνος
3495 1821 3723 1886 κανόνας

462 1918 639 1964 motas
667 1909 886 1978 regulas
913 1916 969 1962 et
996 1907 1212 1961 inﬁrma
1250 1906 1606 1960 fundamenta
1639 1914 1692 1959 et
1716 1903 1881 1975 366
1907 1917 2042 1956 nor—

465 2016 608 2054 mam
647 2000 799 2069 styli,
824 2007 883 2052 ut
916 1999 987 2051 ita
1017 1998 1219 2073 dicam,
1247 1997 1493 2051 Lesbiaci
1542 1995 1682 2050 male
1718 1994 2041 2057 normalem,

461 2093 849 2148 conclusiones
872 2090 996 2145 dico
1018 2092 1232 2159 ineptas
1258 2104 1394 2159 quas
1422 2098 1647 2159 propter
1683 2088 1953 2143 inscitiam
1978 2100 2041 2137 ex

461 2185 675 2248 abiecto
693 2183 899 2236 insana:
925 2182 1126 2235 mentis
1146 2182 1339 2236 aerario
1361 2179 1760 2250 illedepromit,
1780 2189 1832 2234 et
1851 2194 2044 2247 quem-

461 2275 757 2329 admodum
783 2272 1015 2327 maculis
1049 2272 1238 2326 multis
1281 2282 1333 2326 et
1366 2273 1551 2342 pravis
1576 2273 1819 2341 implevit
1853 2287 2041 2339 puram

465 2377 521 2422 et
549 2381 735 2421 sanam
787 2363 1128 2433 religionem,
1147 2364 1345 2428 effusa,
1367 2374 1426 2418 ut
1467 2365 1728 2434 sapientis
1759 2362 2045 2432 Sophoclis

464 2458 635 2512 verbo
678 2466 819 2514 utar.
858 2455 1039 2522 inepta
1094 2455 1151 2506 in
1182 2455 1354 2523 ipsam
1418 2456 1617 2523 linéua.
1646 2455 1834 2523 Neque
1894 2454 2041 2506 enim

465 2543 700 2597 liberum
759 2542 908 2595 illato
966 2543 1263 2609 opprobrio
1319 2557 1377 2595 se
1427 2543 1734 2596 subducere
1770 2545 2047 2612 potuitet

465 2649 716 2703 magnam
750 2632 1111 2703 ignorantiam
1147 2634 1252 2688 sibi
1288 2636 1491 2688 sociam
1541 2634 1820 2703 propalam
1864 2647 2047 2687 oszen-

465 2726 547 2780 dit
572 2735 628 2780 et
651 2726 914 2795 majorem
945 2724 1219 2780 haereseos
1245 2725 1561 2779 stultitiam.
1584 2725 1879 2793 Propterea
1901 2735 2047 2779 recte

451 2817 623 2893 audit
645 2832 766 2887 qua:
793 2832 898 2871 non
929 2819 1066 2883 vult,
1092 2833 1201 2871 non
1230 2830 1377 2872 recte
1406 2820 1700 2872 enuntians
1738 2834 1858 2887 qum
1908 2820 2044 2885 vult,

464 2923 577 2963 non
631 2908 792 2962 modo
838 2909 987 2978 quod
1042 2909 1307 2978 profanus
1337 2921 1390 2962 et
1444 2909 1806 2980 irreligiosus,
1853 2924 2044 2964 verum

465 3000 633 3054 etiam
676 2999 823 3068 quod
864 3010 1071 3054 temere
1097 2999 1357 3068 profanus
1380 3009 1436 3053 et
1481 3000 1820 3068 irreligiosus
1865 3009 1948 3055 est
1991 3008 2047 3054 et

465 3100 657 3153 omnes
683 3091 1019 3159 irreligiosos
1038 3089 1203 3143 nimia
1235 3090 1514 3159 impietate
1546 3101 1843 3159 exsuperat
1868 3103 1922 3146 et
1954 3106 2046 3146 ne-

464 3182 690 3237 fandum
734 3178 1001 3236 honorem
1028 3183 1386 3236 accumulatis
1414 3183 1480 3236 ad
1508 3183 1832 3239 immensum
1860 3185 2043 3253 pravis

479 3272 808 3328 ’acinoribus
835 3273 940 3327 sibi
976 3276 1253 3329 conciliat.
1285 3279 1459 3342 Atque
1490 3277 1557 3328 dc
1580 3277 1751 3345 prima
1786 3278 1882 3330 tibi
1916 3292 2045 3346 pro-

472 3373 580 3415 tata
635 3362 939 3430 quaestione
998 3362 1133 3416 satis
1197 3362 1404 3415 dictum
1454 3371 1561 3416 est.
1613 3364 1686 3416 De
1747 3364 1940 3428 altera,
1979 3364 2039 3416 ι).

478 3454 752 3510 Athanasii
786 3454 957 3520 dicto,
982 3455 1055 3508 ita
1088 3456 1372 3522 respondit
1395 3453 1690 3523 Grcgoras,
1716 3465 1775 3508 ut
1800 3456 2048 3509 testimo-

478 3546 581 3600 niis
603 3562 634 3601 e
659 3545 939 3615 Scriptura
959 3546 1299 3615 depromptis
1316 3560 1425 3599 rem
1453 3549 1706 3615 probaret
1737 3554 1812 3608 et,
1841 3560 1960 3616 quae
1979 3558 2045 3599 ex

476 3638 656 3704 priore
679 3638 982 3706 quaestione
1009 3637 1198 3691 relicta
1232 3646 1410 3700 erant,
1437 3638 1677 3692 adderet.
1711 3637 1830 3692 Scis
1875 3637 2043 3700 enim,

473 3728 808 3783 amicissime
835 3728 1142 3789 Theotime,
1170 3729 1222 3781 in
1245 3729 1517 3798 colloquio
1533 3729 1600 3782 ad
1618 3728 1807 3781 Arium
1842 3728 2048 3781 dixisse

472 3819 827 3873 Athanasium
854 3839 868 3872 :
895 3818 1016 3873 Non
1042 3829 1346 3873 creatarum
1384 3836 1562 3873 rerum
1586 3836 1751 3876 causa
1769 3821 1905 3875 dixit
1927 3820 2049 3874 Sal-

2071 3136 2119 3202 C

2142 1904 2236 1955 τοῦ
2270 1904 2524 1974 Παλαμᾶ,
2557 1907 2773 1969 καὶτὰς
2806 1908 3465 1975 ἁκαθέκτουςκαθέτους,
3492 1913 3592 1965 καὶ
3626 1914 3721 1981 τὴν

2145 1994 2520 2066 ἀστάθμητον,
2549 1998 2615 2051 ἶν’
2648 1998 2822 2062 οὓτως
2855 2000 3018 2066 εἴπω,
3048 2001 3297 2072 στάθμην
3337 2003 3442 2069 τῆς
3482 2003 3721 2066 Λεσϐίας

2144 2089 2454 2158 οἰκοδομῆς,
2498 2091 2627 2151 τοὺς
2662 2091 3090 2162 ἀσυλλογίστους
3117 2092 3261 2161 λέγω
3294 2093 3717 2164 συ).λογισμού-,

2144 2180 2366 2245 ὁποίους
2406 2182 2473 2234 δι’
2505 2184 2749 2252 ἀμαθίαν
2781 2184 3037 2254 πονηρῶν
3069 2186 3258 2254 ἐξεμεῖ
3295 2185 3597 2257 θησαυρῶν
3627 2189 3723 2254 τῆς

2146 2275 2349 2326 ἀτόπου
2373 2277 2613 2345 γαστρὸς
2646 2278 2881 2342 ἐκεῖνος,
2908 2278 3003 2331 καὶ
3034 2279 3184 2340 ὅπως
3230 2279 3466 2348 κηλίδων
3497 2280 3723 2350 μακρῶν

2147 2366 2240 2417 καὶ
2292 2367 2540 2438 ἀκαίρων
2585 2367 2970 2438 ἐμπέπληκεν,
3023 2386 3190 2423 ουσαν
3247 2370 3479 2423 ἀνενδεᾶ
3525 2388 3586 2423 τε
3633 2372 3723 2423 καὶ

2149 2458 2523 2523 ὑγιαίνουσαν,
2554 2461 2654 2528 τὴν
2700 2460 2987 2514 εὐσέϐειαν
3038 2462 3066 2515 6
3115 2462 3491 2533 ταλαίπωρος,
3550 2463 3723 2533 μάτην

2148 2553 2345 2619 ἐκχέας
2385 2553 2526 2605 κατὰ
2555 2553 2649 2604 τὸν
2690 2553 2855 2620 σοφὸν
2883 2553 3163 2621 Σοφοκλέα
3195 2555 3294 2627 τὴν
3322 2557 3528 2609 ἄτοπον
3556 2555 3727 2623 γλῶτ-

2148 2659 2246 2693 ταν
2277 2642 2443 2695 αὐτοῦ
2494 2643 2616 2696 κατ’
2652 2646 2843 2714 αὐτῆς.
2881 2644 3018 2698 Οὑτε
3058 2646 3166 2716 γὰρ
3206 2645 3501 2716 ἐλεύθερον
3533 2648 3724 2701 ἑαυτὶν

2148 2733 2246 2798 τῆς
2282 2732 2722 2802 ἐπενηνεγμένης
2754 2734 2902 2803 αὐτῷ
2937 2738 3278 2804 κατηγορίας
3313 2736 3554 2806 φυλάξαι
3580 2737 3723 2790 δεδύ-

2150 2838 2330 2887 νηται,
2363 2824 2456 2875 καὶ
2508 2821 2626 2892 ἃμα
2667 2823 2901 2894 φανερὸν
2950 2825 3256 2896 ἐπεπράχει
3282 2827 3461 2899 ,πολλῇ
3502 2829 3605 2898 μὲν
3636 2846 3724 2881 συ-

2150 2912 2331 2975 ζῶντα
2391 2915 2457 2984 τῇ
2512 2915 2747 2983 ἀμαθίᾳ,
2799 2915 3010 2968 πλείονι
3061 2917 3116 2969 δὲ
3177 2920 3242 2989 τῇ
3296 2919 3394 2989 τῆς
3460 2920 3723 2989 αἱρέσεως

2148 3005 2462 3077 κακοδοξίᾳ.
2493 3008 2694 3076 Διόπερ
2724 3006 2915 3060 ἀκούει
2942 3009 3167 3074 δικαίως
3192 3010 3228 3065 ἃ.
3266 3011 3341 3081 μὴ
3375 3000 3724 3082 βεϐούληται,

2150 3097 2366 3167 φράσας
2416 3097 2616 3162 ἀδίκως
2646 3100 2747 3153 ὅσα
2780 3099 3136 3170 βεϐούληται,
3168 3102 3229 3155 οὐ
3262 3103 3424 3171 μόνον
3452 3105 3541 3157 ὅτι
3574 3104 3728 3175 βέϐη-

2147 3189 2236 3252 λος
2283 3191 2376 3243 καὶ
2403 3191 2693 3261 δυσσεϐὴς,
2740 3193 2857 3245 ἀλλ’
2903 3193 3071 3262 ὃτιγε
3108 3196 3205 3247 καὶ
3237 3197 3440 3266 προῖκα
3503 3196 3729 3267 βέϐηλος

2146 3281 2241 3335 καὶ
2293 3282 2583 3361 δυσσεϐῂς,
2618 3285 2711 3337 καὶ
2739 3285 2948 3348 πάντας
2975 3287 3259 3352 δυσσεϐεῖς
3306 3290 3421 3350 rei;
3465 3290 3609 3357 ἄγαν
3633 3289 3724 3359 βε-

2146 3375 2332 3445 ϐήλοις
2410 3375 2618 3442 νικῶν,
2698 3378 2792 3431 καὶ
2874 3379 3170 3448 πρεσϐεῖον
3241 3380 3584 3450 κακόδαιμον
3650 3383 3727 3447 είς

2152 3465 2447 3536 μοχθηρῶν
2502 3467 2847 3535 πραγμάτων
2904 3467 3213 3538 ὑπερϐολὴν
3246 3468 3491 3531 έκτιννύς
3529 3469 3725 3538 ἐαυτῷ.

2148 3557 2258 3610 Καὶ
2303 3561 2431 3623 περὶ
2480 3557 2579 3627 μὲν
2632 3558 2726 3611 τοῦ
2781 3559 3001 3629 πρώτου
3050 3577 3133 3612 σοι
3197 3559 3565 3629 προτεθέντος
3633 3562 3727 3629 ζη-

2147 3650 2394 3717 τήματος
2441 3650 2658 3718 ἀπόχρη
2710 3650 2780 3703 τὰ
2841 3650 3151 3720 εἰρημέναο
3201 3651 3332 3721 περί
3386 3668 3451 3720 γε
3501 3651 3610 3720 μὴν
3636 3651 3724 3702 τοῦ

2147 3739 2422 3810 δευτέρου,
2451 3742 2547 3809 τῆς
2588 3739 2912 3794 ’Λθανασίου
2940 3741 3084 3809 λέγω
3104 3741 3199 3794 τοῦ
3235 3741 3379 3796 θείου
3414 3740 3479 3814 [ί.
3523 3744 3621 3797 157
3648 3738 3723 3811 υ.]

2150 3830 2382 3900 ρήσεως,
2418 3830 2618 3883 οὑτωσί
2659 3848 2775 3894 πως
2804 3833 3123 3902 ἀπήντησεν
3159 3828 3317 3894 αὖθις
3347 3835 3374 3886 ὁ
3412 3834 3721 3904 Γρηγορᾶς,

470 3922 652 3965 valor:
685 3928 702 3961 ο
729 3909 921 3965 Omnia
938 3925 1059 3978 qua:
1074 3910 1234 3964 Pater
1249 3909 1412 3964 habet
1436 3926 1553 3965 mea
1579 3921 1761 3977 sunt,»
1784 3913 1879 3966 sed
1900 3929 2045 3982 qum-

2150 3921 2658 3990 ὲπεξεργαζόμενος
2690 3915 2804 3991 μέν’
2838 3921 2989 3992 αὑτῷ
3018 3923 3109 3976 διά
3160 3924 3487 3993 μαρτυριῶν
3524 3940 3723 3994 γραφι-

470 4017 688 4072 cunque
710 4000 898 4056 deitati
930 4001 1106 4056 Patris
1131 4002 1405 4065 attribuit,
1431 4019 1495 4058 ea
1524 4006 1745 4072 propria
1781 4004 1916 4058 dixit
1944 4005 2050 4058 Do-

477 4095 702 4157 minus;
750 4092 904 4147 verbi
946 4093 1142 4162 gratia,
1177 4093 1337 4164 367
1371 4095 1808 4163 incorruptibile,
1851 4095 2049 4149 immu-

477 4183 662 4248 tabile,
691 4183 1267 4253 iucomprehensibilc,
1313 4186 1681 4255 omnipotens,
1720 4187 2049 4254 providens;

470 4289 816 4343 quascunque
832 4285 963 4328 sunt
984 4275 1163 4340 Pater,
1192 4290 1255 4328 ea
1276 4278 1498 4345 propria
1524 4275 1642 4330 Filii
1671 4286 1820 4331 sunt.
1846 4276 2051 4331 Ibidem

467 4366 750 4433 Gregoras
806 4382 1064 4435 magnum
1098 4369 1177 4422 ait
1206 4369 1563 4423 Athanasium
1592 4369 1790 4438 plurali
1816 4371 2050 4424 dictioni

2151 4013 2280 4078 κῶν,
2311 4013 2425 4082 ἅμα
2450 4012 2495 4065 δ’
2525 4012 2857 4083 ἀναπληρῶν
2878 4013 2972 4064 καὶ
2995 4014 3062 4064 τὰ
3082 4012 3332 4065 ἐνδέοντα
3360 4014 3436 4084 τῷ
3466 4014 3718 4083 προτέρῳ

2152 4104 2451 4172 ζητήματι.
2490 4099 2663 4157 Οἶσθα
2698 4104 2830 4171 γὰρ,
2858 4096 2903 4155 ὧ
2932 4103 3051 4172 φίλε
3086 4104 3344 4173 Θεότιμε,
3387 4108 3447 4157 έν
3480 4107 3552 4175 τῇ
3591 4106 3719 4174 πρὸς

2156 4198 2374 4265 Ἀρειον
2399 4194 2633 4258 διαλέξει
2671 4195 2952 4263 φάσκοντα
2998 4193 3320 4247 ’Δθανάσιον
3362 4192 3438 4255 ὡς
3477 4196 3579 4263 οὐχ
3618 4194 3721 4245 ένε-

2154 4305 2247 4340 κεν
2282 4284 2515 4338 κτιστῶν
2548 4284 2890 4355 πραγμάτων
2914 4284 3018 4354 ἔφη
3040 4287 3068 4337 6
3095 4286 3308 4353 Σωτὴρ,
3342 4304 3361 4335 ι
3406 4285 3592 4337 Πάντα
3625 4284 3719 4336 ὅσα

2156 4377 2271 4450 έιει
2299 4395 2322 4428 ι
2359 4377 2567 4445 Πατὴρ,
2599 4375 2707 4445 ὲ.μά
2731 4378 2905 4438 ἐστιν,
2941 4395 2958 4426 ι
2992 4374 3109 4428 ἀλλ’
3142 4377 3247 4428 ὅσα
3293 4377 3469 4445 ἀνῆκε
3512 4378 3581 4444 τῇ
3612 4374 3721 4425 θεό-

479 4458 594 4520 illa,
616 4472 729 4511 non
759 4466 1069 4511 creatarum
1104 4474 1284 4513 rerum
1309 4475 1500 4525 causa,
1523 4476 1722 4530 negare
1748 4478 1855 4515 non
1879 4462 2045 4516 solum

2159 4486 2277 4538 -ςητι
2308 4468 2400 4520 τοῦ
2444 4468 2681 4539 Πατρὸς,
2710 4467 2884 4520 ταῦτα
2917 4468 3023 4520 ἴδια
3066 4468 3171 4535 ἔφη
3199 4466 3228 4518 6
3268 4468 3493 4536 Κύριος,
3522 4460 3631 4519 οἷον
3662 4464 3718 4517 τὸ

470 4559 659 4603 creata
684 4564 830 4613 esse,
867 4551 961 4605 sed
1000 4552 1162 4604 etiam
1206 4568 1295 4607 res
1321 4568 1460 4607 esse.
1499 4552 1554 4607 Si
1593 4567 1723 4608 vero
1768 4554 2043 4624 [legationi

470 4641 805 4709 positionem
836 4656 945 4695 non
980 4642 1211 4705 addi-dit,
1245 4642 1350 4696 hoc
1376 4643 1601 4698 minime
1640 4645 1868 4698 mirum.
1907 4646 2048 4699 Dicit

474 4735 624 4788 enim
654 4742 710 4787 et
756 4749 987 4802 magnus
1015 4736 1302 4806 theologus
1327 4737 1646 4808 Gregorius,
1701 4752 1822 4793 esse
1873 4739 2044 4792 multa

476 4840 598 4892 quae
630 4825 710 4879 sic
738 4825 985 4896 negative
1011 4827 1290 4893 dicuntur,
1318 4843 1422 4883 non
1447 4831 1698 4899 positive,
1722 4830 1902 4883 velut:
1926 4828 2045 4883 Non

461 4933 539 4970 μοι
581 4934 831 4972 mensura
864 4919 1005 4972 Deus
1045 4918 1304 4989 Spiritum
1348 4921 1577 4980 tribuit;
1623 4935 1733 4973 non
1771 4919 1915 4971 enim
1948 4919 2048 4973 tri-

464 5009 597 5062 .huit
629 5010 1010 5077 ponderatum.
1032 5026 1139 5063 non
1164 5020 1510 5064 mensuratur
1526 5010 1668 5079 apud
1696 5013 1862 5063 Deum
1887 5011 2047 5063 Deus.

470 5104 656 5170 Atque
687 5102 760 5154 ita
798 5101 995 5155 refellit
1027 5112 1214 5169 aperte
1245 5117 1342 5156 eos
1366 5100 1459 5169 qui
1514 5102 1713 5154 multas
1761 5116 1850 5155 res
1888 5112 1943 5155 et
1970 5101 2048 5156 si-

472 5193 592 5244 .tnul
636 5192 878 5245 increata
906 5201 1105 5260 putant
1146 5192 1258 5245 Deo
1303 5191 1465 5257 digna
1491 5200 1546 5244 et
1591 5191 1759 5243 multa
1802 5194 2045 5246 nomina.

479 5283 599 5337 Non
630 5284 799 5349 enim,
862 5286 1063 5354 inquit,
1123 5284 1416 5337 inultarum
1454 5298 1637 5336 rerum
1688 5298 1852 5338 causa
1910 5284 2050 5339 dixit

468 5377 727 5429 Salvator
760 5376 849 5430 illa
876 5376 1081 5431 omnia.
1121 5376 1464 5444 [inpossibile
1496 5376 1641 5429 enim
1673 5385 1759 5430 est
1790 5394 1898 5430 non
1927 5391 2047 5432 esse

471 5478 820 5536 -creata,qua:
841 5468 1015 5521 multa
1043 5474 1253 5520 suntet
1283 5465 1479 5535 plurali
1502 5483 1729 5521 numero
1759 5470 2043 5522 dicuntur.

471 5555 595 5611 nUna
623 5567 803 5612 autem
829 5567 914 5612 est
944 5557 1133 5609 divina
1185 5567 1401 5619 natura,
1430 5558 1640 5612 scilicet
1683 5569 1889 5613 sancta:
1922 5559 2041 5613 Tri-

470 5647 686 5703 nitatis.
724 5648 794 5703 Et
819 5664 1011 5712 unum,
1045 5663 1153 5702 non
1208 5648 1383 5701 multa
1434 5650 1576 5717 quod
1620 5665 1761 5719 saepe
1814 5668 1979 5719 supra
2016 5666 2045 5703 a

472 5741 640 5798 nobis
692 5740 1029 5813 argumentis
1060 5756 1090 5794 e
1141 5740 1422 5809 Scriptura
1476 5753 1707 5811 sumpts
1756 5746 2046 5812 probatum

2153 4561 2450 4628 ἄφθαρτον,
2481 4559 2541 4613 τὸ
2581 4560 2875 4630 ἄτρεπτον,
2908 4559 2968 4611 τὸ
3016 4560 3427 4629 ἀκατάληπτον,
3460 4562 3522 4611 τὸ
3570 4560 3720 4610 δυνα-

2151 4651 2263 4716 τὸν,
2300 4649 2360 4702 τὸ
2381 4650 2795 4719 προγνωστικὸν
2827 4649 2921 4702 καὶ
2945 4650 3048 4703 ὅσα
3079 4650 3228 4702 ἐστὶν
3252 4650 3280 4701 ὀ
3314 4651 3525 4718 Πατὴρ,
3553 4647 3717 4701 ταῦτα

2155 4738 2260 4790 ίδια
2297 4738 2390 4790 τοὺ
2448 4737 2575 4791 Υἱού
2623 4739 2907 4809 τυγχάνει.
2960 4738 3230 4792 Ἐνταῦθα
3290 4739 3473 4791 τοίνυν
3507 4742 3536 4792 6
3584 4740 3717 4806 Γρη-

2153 4826 2321 4896 γορᾶς
2344 4827 2435 4879 τὸν
2477 4829 2651 4896 μέγαν
2677 4827 2918 4895 ἔφασκεν
2966 4828 3293 4880 Ἀθανὰσιον
3325 4828 3416 4883 διὰ
3458 4828 3558 4897 τῆς
3591 4829 3693 4896 πλη

2154 4916 2407 4986 θυντικῆς
2467 4918 2918 4988 ἀπαγορεύσεως,
2962 4920 3063 4988 τῆς
3108 4919 3208 4986 οὐχ
3254 4918 3444 4972 ἕνεκεν
3491 4917 3717 4973 κτιστῶν

2153 5009 2515 5076 πραγμάτων,
2556 5010 2802 5076 ἀναιρεῖν
2863 5009 2939 5079 μὴ
2995 5009 3078 5061 ὅτι
3124 5008 3183 5060 οὐ
3240 5011 3460 5075 κτιστά,
3491 5009 3607 5062 ἀλλ’
3637 5009 3715 5061 ὅτι

2152 5099 2274 5150 οὐδὲ
2308 5101 2629 5168 πράγματα.
2661 5100 2725 5153 Εἰ
2767 5100 2824 5153 δὲ
2874 5100 2952 5170 μὴ
2990 5101 3085 5151 καὶ
3119 5098 3216 5167 τὴν
3248 5100 3400 5151 θέσιν
3435 5103 3501 5171 τῇ
3555 5099 3715 5168 ἀρνή-

2154 5202 2237 5240 σει
2279 5188 2604 5258 ἐπήνεγκεν,
2648 5190 2850 5257 ἥκιστα
2877 5189 3035 5241 τοῦτο
3086 5189 3294 5242 καινόν.
3324 5189 3464 5258 Φησὶ
3484 5191 3592 5260 γὰρ
3632 5192 3715 5240 καὶ

2153 5281 2180 5330 6
2234 5281 2404 5349 μέγας
2459 5281 2516 5332 ὲν
2569 5279 2821 5351 θεολογία
2856 5281 2894 5331 Γ
2901 5277 3157 5350 ρηγόριος
3215 5277 3355 5333 εἶναι
3394 5282 3566 5334 πολλά
3615 5280 3715 5332 τῶν

2154 5373 2297 5425 οὕτω
2342 5371 2678 5439 λεγομένων,
2726 5368 3036 5439 ἀρνητικῶς
3088 5371 3210 5439 μὲν,
3245 5370 3306 5421 οὐ
3367 5369 3598 5430 θετικῶς
3626 5368 3709 5419 δέ’

2154 5463 2229 5525 ὡς
2255 5463 2338 5525 τὸ,
2379 5479 2399 5511 ‹
2435 5462 2509 5513 Οὐ
2540 5460 2647 5528 γὰρ
2680 5461 2741 5513 ὲκ
2771 5462 2973 5530 μέτρου
2998 5462 3217 5513 δίδωσιν
3248 5463 3274 5513 6
3301 5462 3435 5524 Θεὸς
3466 5461 3524 5514 τὸ
3556 5458 3710 5512 Πνεῦο

2159 5572 2263 5624 μαι
2297 5572 2314 5605 ι
2351 5550 2488 5606 Οὔτε
2540 5554 2649 5622 γὰρ
2704 5552 2924 5605 δίδωσιν
2980 5550 3105 5604 οὐτε
3164 5555 3613 5625 μεμετρημένον
3653 5546 3709 5598 οὐ

2156 5647 2267 5716 γὰρ
2304 5647 2587 5715 μετρεῖται
2636 5648 2789 5717 παρὰ
2831 5647 2968 5699 Θεοῦ
3007 5647 3161 5707 Θεός.
3206 5647 3314 5698 Καὶ
3345 5646 3515 5709 οὕτως
3554 5640 3708 5699 εὐθὺς

2158 5741 2368 5810 ἀναιρεί
2404 5740 2694 5811 προφανῶς
2736 5740 2976 5803 ἐκείνους
3017 5740 3065 5793 οἳ
3100 5740 3271 5791 πολλὰ
3317 5757 3371 5791 τε
3423 5740 3704 5809 πράγματα
