4046 6290
367 330 484 391 3Ξ5

1342 331 1793 394 ΒΥΖᾹΝΤΙΝᾸΕ
1833 331 2228 391 ΗῐὸτίζηῖὶςΕ
2272 332 2419 387 LIB.
2473 331 2690 390 ΧΧΧῙ.

3533 329 3637 390 3Ξϐ

367 444 466 494 καὶ
493 441 609 511 ἅμα
640 441 874 496 ἄκτιστα
924 440 1130 495 οἴονται
1169 443 1238 494 τὰ
1267 443 1550 512 θεοπρεπῆ
1581 459 1639 494 τε
1671 444 1764 494 καὶ
1803 441 1942 493 κατὰ

2062 451 2150 491 est.
2189 439 2324 493 Dicit
2350 438 2515 492 etiam
2555 437 2871 490 Duloannns
2907 436 3301 492 Damascenus:
3339 437 3393 491 Si
3429 440 3636 496 multos

364 532 470 602 τὴν
528 534 817 602 προφορὰν
881 531 1052 583 πολλὰ
1103 532 1214 584 τῶν
1260 531 1584 601 ὀνομάτων·
1626 531 1737 599 Οὐχ
1768 531 1956 582 ⁶ἐνεκεν

363 624 500 692 γὰρ,
535 624 695 691 φησὶ,
729 623 1074 692 πραγμάτων
1106 624 1320 676 πολλῶν
1345 623 1450 693 ἔφη
1484 626 1510 676 ὁ
1546 622 1739 693 Σωτὴρ
1774 623 1956 674 ἐκεῖνα

367 717 442 768 τὰ
479 716 678 768 πάντα.
723 715 1013 768 Ἀδύνατον
1041 718 1148 787 γὰρ
1182 717 1258 784 μὴ
1287 717 1484 769 κτιστὰ
1521 711 1685 779 εἶναι,
1714 714 1749 768 ἃ
1780 715 1955 768 πολλά

368 809 433 861 τέ
500 811 617 862 ἐστι
674 808 766 861 καὶ
825 808 1208 877 πληθυντικῶς
1248 810 1486 876 λέγεται.
1519 808 1705 870 Μονὰς
1757 809 1867 877 γὰρ
1912 807 1945 876 ἡ

371 897 496 948 θεία
560 897 723 964 φύσις
775 897 954 948 εῖτυυν
1001 898 1034 967 ἡ
1093 897 1222 964 ἁγία
1261 896 1452 966 Τριὰς,
1496 897 1588 950 καὶ
1642 895 1699 948 ἓν
1744 897 1838 948 καὶ
1889 897 1949 947 οὐ

373 988 568 1049 πολλὰ,
603 989 676 1050 ὡς
734 987 997 1051 πολλάκις
1037 990 1171 1058 ἡμῖν
1210 989 1468 1057 ἀνωτέρω
1517 988 1604 1041 διὰ
1656 987 1953 1056 γραφικῶν

375 1080 758 1150 συνεπεράνθη
828 1080 1069 1146 δείξεων.
1117 1080 1256 1148 Φησὶ
1319 1081 1427 1148 γὰρ
1484 1080 1578 1134 καὶ
1622 1082 1649 1132 ό
1703 1080 1844 1144 θεῖος
1894 1082 1955 1132 ἐκ

2056 529 2190 582 deos
2240 530 2657 598 appellaremus,
2690 544 2910 582 necesse
2951 537 3096 582 esset
3129 538 3186 583 ut
3219 532 3454 584 varietas
3489 533 3631 586 inter

2061 621 2262 675 multos
2287 629 2627 674 cerneretur.
2653 617 2707 673 Si
2740 619 2882 672 nulla
2914 618 3057 672 inter
3082 634 3176 672 eos
3200 619 3510 676 diﬂ‘erentia
3529 632 3633 682 est.

2056 727 2201 767 unus
2233 723 2336 773 est,
2367 727 2476 766 non
2511 711 2689 764 multi.
2735 710 2852 764 Non
2895 710 3038 763 enim
3065 709 3347 765 tliilerrcnt
3400 711 3542 764 inter
3576 728 3636 764 se

2060 819 2180 873 qua:
2213 803 2478 858 differunt
2510 801 2652 871 apud
2703 799 2764 853 Ι).
2817 801 3135 865 Maximum,
3172 801 3275 854 nisi
3315 817 3490 856 causa:
3515 806 3640 871 qui-

2062 897 2164 949 bus
2194 897 2304 948 nati
2331 902 2478 955 sunt,
2515 893 2965 962 baberent368
2990 894 3327 946 varietatem.
3359 893 3470 947 Nec
3488 895 3636 946 enim

2063 986 2364 1056 perfectum
2396 1001 2498 1040 nec
2528 984 2856 1040 immensum
2878 1000 2979 1038 nec
3003 984 3344 1038 indeliuitum
3375 985 3427 1038 in
3453 986 3640 1041 multis

2069 1078 2280 1134 servari
2319 1085 2527 1147 potest.

372 1174 672 1244 Δαμασκοῦ
735 1177 1014 1244 Ἰωάννης,
1080 1174 1144 1247 [ί.
1186 1175 1469 1248 1741]ὼς
1539 1178 1586 1228 εί
1616 1175 1847 1237 πολλοὺς
1909 1172 2142 1244 ἐροῦμεν
2184 1173 2364 1237 θεοὺς,
2422 1174 2641 1243 ἀνάγκη
2673 1174 2952 1252 ,διαφορὰν
2999 1172 3056 1224 ὲν
3100 1174 3211 1234 τοῖς
3255 1169 3470 1234 πολλιϊς
3505 1169 3639 1222 θεω-

377 1269 614 1338 ρεῖσθαι.
651 1269 714 1319 Ei
753 1267 798 1322 δ’
827 1266 1056 1337 οὐδεμία
1086 1266 1322 1336 διαφορά
1356 1271 1414 1320 ἐν
1449 1268 1652 1330 αὐτοῖς,
1729 1261 1809 1328 εἷς
1853 1264 2054 1335 μᾶλλον
2121 1263 2215 1316 καὶ
2253 1263 2313 1316 οὐ
2347 1262 2557 1316 πολλοί.
2624 1263 2700 1315 Οὐ
2762 1264 2873 1330 γὰρ
2925 1261 2990 1313 ἂν
3016 1260 3264 1329 διέφερον
3296 1258 3543 1328 ἀλλήλων
3572 1260 3639 1311 τὰ

373 1364 704 1432 διαφέροντα
759 1365 902 1416 κατὰ
965 1363 1056 1416 τὸν
1110 1363 1255 1416 θεῖον
1315 1363 1594 1432 Μάξιμον,
1656 1364 1703 1414 εἰ
1759 1360 1832 1430 μὴ
1882 1360 1990 1414 τῶν
2030 1360 2205 1427 λόγων
2257 1353 2340 1421 οἷς
2414 1358 2705 1426 γεγόνασιν
2741 1357 2976 1426 ἐχόντων
3037 1355 3340 1426 διαφοράν·
3375 1354 3498 1408 οὔτε
3531 1361 3640 1425 γάρ

373 1459 438 1511 τὸ
465 1459 669 1511 τέλειον
725 1457 848 1511 οὔτε
882 1458 944 1512 τὸ
996 1459 1228 1529 ἄπειρον
1260 1458 1383 1512 οὔτε
1426 1460 1486 1512 τὸ
1517 1461 1931 1529 ὰπερίγραπτον
1968 1459 2024 1510 ὲν
2058 1458 2171 1517 τοῖς
2203 1456 2422 1518 πολλοῖς
2467 1453 2838 1523 φυλάττεσθαι
2865 1453 3113 1506 δύναται.

450 1554 549 1606 ιη’.
595 1553 759 1623 Ὁρᾷς
799 1553 938 1617 πῶς,
985 1554 1121 1608 ὃπου
1172 1556 1440 1624 διαφορᾶς
1484 1557 1511 1607 ό
1552 1555 1711 1622 λόγος
1747 1555 1956 1606 ἔννοιαν

377 1647 728 1713 παρεισάγει,
761 1643 954 1699 ἕπεται
983 1649 1083 1716 μὲν
1113 1648 1276 1710 εὐθὺς
1309 1650 1367 1700 τὸ
1401 1647 1628 1714 πλῆθος,
1667 1649 1954 1702 ἐλαύνεται

2135 1550 2253 1604 XII.
2288 1551 2549 1611 Videsne,
2580 1548 2879 1617 quomodo,
2912 1548 3005 1601 ubi
3038 1562 3201 1602 causa
3234 1547 3515 1600 varietatis
3544 1563 3637 1599 ne-

2066 1643 2268 1695 tionem
2305 1641 2490 1702 infert.
2519 1649 2783 1708 Sequatur
2813 1641 2994 1693 statim
3023 1639 3339 1704 multitudo,
3373 1647 3427 1692 et
3451 1639 3636 1710 depel-

375 1736 435 1788 δὲ
468 1737 527 1789 τὸ
561 1736 619 1789 ἓν
662 1737 801 1807 μετὰ
832 1737 927 1790 τοῦ
960 1739 1174 1792 τελείου
1222 1741 1316 1793 καὶ
1364 1741 1598 1810 ἀπείρου
1636 1740 1731 1794 καὶ
1757 1741 1954 1810 ἀπερι-

2062 1731 2206 1786 latur
2243 1748 2412 1786 unum
2438 1747 2562 1786 cum
2598 1732 2851 1785 absoluto
2877 1740 2932 1783 et
2961 1731 3230 1784 immenso
3259 1743 3315 1784 et
3345 1731 3558 1784 inﬁnito
3584 1739 3635 1782 it

375 1827 627 1896 ⁸(ρόὶπτου
673 1829 768 1880 καὶ
809 1829 911 1882 ὅσα
959 1831 1062 1898 τῆς
1108 1831 1260 1894 Θείας
1290 1833 1478 1894 οὐσίας
1509 1832 1638 1898 ῑδια,
1679 1832 1883 1899 μᾶλλον
1911 1833 1956 1884 δ’

376 1918 484 1970 ὅσα
517 1919 728 1986 πέφυκέ
775 1937 833 1972 τε
880 1922 975 1974 καὶ
1005 1922 1154 1976 ἐστιν
1188 1924 1220 1991 ἠ
1254 1923 1374 1976 Θεία
1402 1924 1558 1976 οὐσία
1587 1943 1601 1990 ;
1633 1924 1790 1978 '050’
1824 1926 1957 1978 ὅπου

376 2006 444 2059 τὸ
473 2007 680 2074 κυρίως
709 2008 830 2070 ἒν,ό
858 2009 993 2072 Θεὸς
1013 2009 1239 2078 δηλαδὴ,
1275 2010 1432 2080 χώρα
1470 2013 1580 2074 τοῖς
1611 2013 1828 2077 πολλοῖς
1862 2013 1958 2066 καὶ

374 2098 658 2167 διαφόροις
681 2100 782 2152 οὐκ
814 2101 961 2154 ἔστιν
1001 2102 1110 2155 οὐδ’
1143 2104 1478 2173 ἡτισοῦν.οὐ
1504 2105 1614 2173 γὰρ
1648 2105 1797 2158 θέσιν
1831 2107 1953 2160 τινὰ

374 2189 442 2242 τὸ
479 2191 620 2244 θεῖον
653 2193 829 2244 έκεῖνο
863 2192 921 2246 ἓν
964 2193 1136 2263 δηλοῖ,
1172 2196 1423 2265 καθάπερ
1478 2195 1539 2249 τὸ
1593 2199 1647 2250 ἐν
1687 2201 1802 2261 τοῖς
1834 2199 1956 2251 κτί-

375 2297 550 2347 σμασι
575 2284 1025 2352 καταχρηστικῶς
1053 2284 1349 2355 λεγόμενον
1385 2286 1479 2337 καὶ
1513 2287 1569 2338 ἐν
1601 2288 1715 2348 τοῖς
1745 2287 1959 2350 πολλοῖς

375 2374 757 2444 θεωρούμενον
790 2375 869 2432 ἓν.
901 2378 967 2428 ’Ὀ
1005 2380 1098 2430 καὶ
1139 2379 1316 2448 ἀρχὴν
1367 2373 1511 2431 εἶναί
1566 2398 1700 2446 φασι
1755 2381 1957 2444 παντὸς

377 2465 577 2528 π-ισοῦ,
614 2468 707 2520 καὶ
739 2468 880 2538 πλὴν
920 2470 1116 2522 οὐσίαν
1143 2471 1242 2540 οὐχ
1273 2471 1610 2538 ὑφίστασθαι
1644 2474 1765 2525 καθ’
1802 2476 1953 2537 αὐτὸ,

376 2558 474 2608 καὶ
516 2555 644 2608 ἄνευ
677 2556 770 2610 τοῦ
802 2557 920 2620 ἑνὸς
945 2557 1136 2610 τούτου
1173 2561 1247 2627 μὴ
1297 2555 1439 2612 εἶναι
1477 2561 1703 2631 πλῆθος.
1745 2565 1810 2616 Ἦ
1850 2565 1960 2633 γὰρ

380 2644 688 2714 μετάληψις
712 2645 808 2698 τοῦ
839 2646 958 2708 ἐνὸς
991 2647 1084 2699 καὶ
1118 2648 1178 2700 τὸ
1216 2641 1358 2712 είδος
1389 2651 1554 2704 αὐτοῦ
1579 2652 1636 2704 τὸ
1667 2652 1778 2706 τῶν
1828 2655 1960 2706 πολ-

379 2736 492 2788 λῶν
525 2736 781 2806 ὑφίστησι
811 2738 1000 2790 ποσόν.
1036 2737 1201 2790 Ὅθεν
1235 2739 1332 2791 καὶ
1359 2740 1527 2804 δεκάς
1577 2742 1676 2811 μία
1709 2742 1952 2810 λέγεται,

381 2830 478 2882 καὶ
503 2828 677 2897 χιλιὰς
707 2829 799 2880 καὶ
827 2827 1028 2897 μυριὰς
1054 2831 1148 2882 καὶ
1177 2831 1246 2883 τά
1280 2830 1361 2884 ἔτι
1394 2833 1600 2886 τούτων
1630 2835 1956 2904 λεπτότερα,

377 2920 581 2985 τετράς
613 2936 671 2972 τε
717 2919 813 2986 μία
855 2923 946 2973 καὶ
993 2921 1196 2984 πεντὰς
1227 2925 1320 2975 καὶ
1359 2923 1428 2976 τὰ
1451 2925 1694 2988 τοιαῦτα,
1731 2930 1825 2978 καὶ
1855 2927 1956 2980 ὅσα

379 3011 450 3078 τῇ
479 3007 572 3062 τοῦ
599 3009 770 3074 εῖδους
805 3014 1009 3082 μετοχῇ
1040 3011 1388 3076 ταυτίζονταί
1420 3032 1480 3068 τε
1510 3017 1608 3070 καὶ
1637 3018 1774 3087 πρὸς
1807 3018 1867 3070 τὸ
1895 3017 1955 3070 ἓν

2061 1840 2183 1892 qua:
2204 1823 2405 1877 divina:
2426 1824 2682 1876 essentia:
2705 1821 2927 1890 prepria
2951 1829 3080 1875 sunt
3107 1829 3203 1873 aut
3226 1822 3408 1889 potius
3435 1822 3654 1890 quibus-

2061 1925 2186 1968 nata
2211 1923 2298 1968 est
2329 1922 2386 1968 et
2415 1924 2498 1968 est
2533 1913 2716 1966 divina
2749 1914 3035 1967 essentia?
3059 1913 3245 1981 Itaque
3277 1913 3370 1968 ubi
3399 1923 3480 1967 est
3511 1930 3635 1982 pro-

2060 2006 2176 2074 prie
2207 2021 2400 2073 unum,
2439 2005 2654 2058 scilicet
2701 2006 2864 2070 Deus,
2894 2003 3083 2058 multis
3132 2012 3189 2057 et
3219 2005 3452 2060 diversis
3483 2007 3637 2060 locus

2061 2097 2245 2151 nullus
2277 2108 2378 2152 est.
2417 2099 2538 2152 Non
2587 2101 2736 2153 enim
2782 2098 3111 2166 positionem
3152 2099 3442 2165 quamdam
3499 2098 3635 2153 divi-

2060 2203 2191 2241 num
2220 2189 2353 2244 illud
2387 2205 2554 2244 unum
2590 2190 2844 2252 involvit,
2878 2189 3341 2257 quemadmodum
3378 2192 3428 2242 in
3479 2205 3636 2243 crea-
3692 2179 3700 2186 ’

2063 2279 2130 2333 tis
2165 2295 2272 2332 non
2298 2280 2753 2351 propriedicitur
2787 2290 2841 2334 et
2869 2281 2924 2334 in
2957 2281 3144 2334 multis
3170 2281 3416 2336 cernitur
3440 2295 3633 2342 unum,

2063 2371 2210 2440 quod
2245 2373 2578 2442 principium
2618 2388 2740 2428 esse
2795 2373 2986 2426 dicunt
3034 2373 3215 2426 omnis
3269 2374 3588 2440 quantitatis
3619 2409 3636 2436 ,

2061 2478 2162 2517 nec
2185 2465 2304 2518 sine
2338 2465 2577 2519 essentia
2616 2465 2883 2520 exsistere
2907 2480 3003 2533 per
3035 2479 3114 2529 se,
3139 2480 3239 2518 nec
3260 2465 3379 2518 sine
3402 2463 3505 2519 hoc
3527 2479 3636 2518 uno

2058 2569 2180 2609 esse
2215 2556 2649 2611 multitudinem.
2715 2556 2890 2612 Unius
2941 2556 3089 2610 enim
3146 2556 3539 2626 consequentia
3582 2571 3638 2614 et

2057 2646 2231 2702 forma
2267 2647 2491 2716 subjicit
2525 2649 2821 2702 multarum
2866 2665 3049 2702 rerum
3079 2649 3466 2718 quantitatem,
3494 2652 3635 2704 unde

2064 2752 2170 2790 una
2203 2737 2363 2791 deeas
2399 2738 2604 2792 dicitur
2651 2747 2708 2792 et
2762 2739 2961 2791 millias
2996 2749 3053 2791 et
3087 2739 3291 2792 decies.
3323 2739 3523 2795 millias
3579 2751 3638 2797 et

2059 2844 2181 2896 qua:
2205 2829 2292 2883 bis
2315 2839 2444 2883 sunt
2465 2829 2692 2894 leviora,
2716 2844 2822 2883 una
2851 2829 3164 2897 quaternio,
3187 2829 3379 2896 quinio
3402 2839 3456 2882 et
3477 2831 3636 2883 simi-

2063 2919 2132 2972 lia
2156 2936 2276 2988 qua:
2299 2921 2365 2973 ad
2398 2920 2589 2973 formae
2619 2921 3097 2989 participationem
3146 2919 3336 2973 eadem
3366 2919 3638 2974 habentur

2064 3022 2118 3066 et
2151 3011 2216 3065 ad
2239 3027 2406 3065 unum
2440 3012 2776 3066 referuntur.
2805 3013 2969 3066 Multa
2993 3014 3139 3066 enim
3171 3015 3438 3082 partibus,
3466 3031 3633 3068 unum

379 3100 769 3170 ἀναφέρονται.
807 3104 918 3155 Καὶ
953 3105 1060 3174 γὰρ
1092 3106 1152 3156 τὸ
1181 3105 1349 3158 πολλὰ
1381 3108 1492 3168 τοῖς
1521 3108 1751 3177 μέρεσιν
1784 3108 1844 3162 ἓν
1876 3111 1953 3179 τῷ

2062 3102 2398 3171 integritate,
2445 3104 2613 3156 multa
2656 3104 3107 3164 circumstantiis.
3141 3120 3307 3156 unum
3362 3103 3633 3174 subjecto,

381 3191 507 3266 ὅλῳ,
541 3193 636 3246 καλ⁵
681 3194 743 3245 τὸ
779 3194 950 3247 πολλὰ
983 3196 1098 3258 τοῖς
1150 3196 1559 3269 συμϐεϐηκόσιν
1597 3197 1655 3251 ἓν
1709 3201 1788 3271 τῷ
1825 3202 1958 3254 ὑπο-

385 3285 641 3352 κειμένῳ,
678 3285 771 3338 καὶ
801 3285 860 3338 τὸ
892 3284 1062 3340 πολλὰ
1091 3290 1202 3348 τοῖς
1234 3287 1432 3340 εἴδεσιν
1460 3288 1519 3341 ἓν
1550 3289 1626 3358 τῷ
1653 3290 1823 3356 γένει,
1861 3292 1955 3344 καὶ

382 3369 442 3421 τὸ
472 3371 642 3423 πολλὰ
669 3373 790 3434 ταῖς
837 3369 899 3442 [Γ.
950 3373 1052 3426 174
1072 3375 1154 3444 υ.]
1193 3373 1444 3444 προόδοις
1465 3373 1524 3426 ἓν
1554 3378 1618 3443 τῇ
1655 3375 1815 3445 ἀρχῇ.
1849 3379 1957 3430 Καὶ

384 3463 446 3514 οὐ
476 3463 637 3531 μόνον
668 3465 759 3516 ἐπὶ
785 3465 892 3516 τῶν
921 3465 1313 3532 διωρισμένων,
1346 3465 1482 3519 ἀλλὰ
1509 3468 1604 3519 καὶ
1635 3467 1704 3520 τὰ
1755 3469 1957 3538 συνεχῆ

386 3554 564 3606 πάντα
623 3553 852 3624 μεγέθη,
902 3556 952 3607 εί
1004 3553 1197 3623 φεύγει
1240 3553 1300 3606 τὸ
1337 3555 1414 3620 ἓν,
1454 3558 1534 3617 εἰς
1570 3555 1776 3624 πλῆθος
1814 3556 1958 3610 κατὰ

383 3637 844 3714 ἁντίπεπόνθησιν
912 3643 1288 3714 θρυπτόμενα,
1341 3646 1434 3697 καὶ
1489 3649 1588 3712 τὴν
1645 3645 1840 3699 οὐσίαν
1892 3650 1958 3717 ἣν

383 3730 530 3804 εἶχεν
570 3735 892 3798 ἀπόλλυσιν,
919 3735 1101 3788 οὐκέτι
1140 3734 1269 3787 ὄντα
1321 3733 1348 3786 ὃ
1392 3730 1480 3806 ἦν.
1518 3735 1655 3790 Καθ’
1687 3738 1811 3789 ὅσον
1843 3739 1953 3807 γὰρ

384 3825 445 3875 τὸ
473 3824 531 3875 ἓν
565 3823 881 3887 ἀπόλλυσιν,
913 3823 1170 3876 ἀλλάσσει
1221 3823 1316 3876 καὶ
1351 3824 1410 3875 τὸ
1456 3819 1596 3876 εἶναι
1652 3825 1954 3894 τμηθέντα,

386 3916 479 3969 διὰ
506 3918 568 3970 τὸ
599 3911 738 3970 εἶναι
770 3916 830 3969 τὸ
866 3915 924 3968 ἓν
982 3916 1235 3970 ἁπάντων
1292 3917 1576 3980 στοιχείων
1605 3917 1861 3969 ὲνωτικόν
1897 3933 1957 3968 τε

388 4006 487 4058 καὶ
548 4005 932 4076 συλληπτικὸν,
991 4005 1164 4060 ὁπότα
1229 4005 1439 4072 γένεσίς
1495 4023 1555 4058 τε
1620 4004 1803 4074 βόσκει
1863 4007 1958 4058 καὶ

392 4097 594 4166 φθορά.
633 4099 700 4149 Ἠ
728 4099 836 4165 γὰρ
881 4098 1134 4167 ἑτερότης
1158 4097 1421 4167 διαφορὰν
1459 4095 1554 4148 τοῦ
1600 4096 1751 4158 ὄντος
1805 4097 1956 4149 εἰσά-

391 4205 589 4256 γουσα,
617 4189 751 4259 πρὸς
788 4190 994 4242 ἔννοιαν
1017 4189 1107 4241 τοῦ
1143 4193 1220 4259 μὴ
1251 4189 1402 4250 ὄντος
1437 4187 1634 4258 ῥᾳδίως
1664 4187 1956 4257 ἐξίστησιν.

393 4283 468 4333 Οὐ
512 4282 623 4349 μὴν
656 4281 716 4332 τὸ
755 4281 910 4333 Θεῖον
939 4278 996 4334 ἒν
1023 4281 1194 4334 ἐκεῖνο
1224 4280 1468 4331 τοιοῦτον
1491 4295 1506 4310 ·
1536 4279 1820 4347 ποιητικὸν
1851 4280 1959 4347 γὰρ

389 4369 596 4422 τούτων
656 4369 927 4423 συνθέτων
979 4369 1171 4436 ὄντων,
1231 4369 1443 4422 ἁπλοῦν
1502 4368 1855 4421 παντάπασιν
1901 4368 1959 4421 ὃν

389 4465 566 4516 έκεῖνο
610 4463 704 4515 καὶ
751 4461 1144 4532 ὑπερκόσμιον.
1189 4462 1326 4515 Οὐδὲ
1362 4462 1511 4514 θέσιν
1540 4461 1752 4514 τοιάνδε
1782 4462 1955 4530 δηλοῖ,
1993 4437 2033 4492 D

386 4555 503 4608 ἀλλ’
532 4554 694 4624 ἄρσιν
727 4555 791 4606 ἐκ
834 4553 941 4605 τῶν
973 4552 1205 4616 πολλῶν,
1230 4553 1329 4604 ὅσα
1361 4569 1418 4606 τε
1452 4551 1689 4620 αἰσθητὰ
1727 4553 1818 4604 καὶ
1853 4554 1958 4605 ὅσα

389 4647 580 4715 νοητά.
615 4646 677 4697 Ei
712 4648 819 4716 γὰρ
847 4645 905 4696 τὸ
934 4645 1137 4713 κυρίως
1166 4642 1224 4696 ὃν
1257 4643 1337 4708 ἓν,
1361 4643 1514 4695 ἔσται
1549 4643 1657 4710 ἄρα
1690 4643 1779 4694 καὶ
1805 4645 1865 4694 τὸ
1900 4641 1958 4696 ἒν

389 4739 597 4807 κυρίως
627 4735 685 4789 ὃν
716 4740 808 4790 καὶ
867 4736 958 4789 νοῦ
1015 4736 1217 4798 παντὸς
1266 4736 1545 4789 ἐπέκεινα.
1579 4735 1684 4786 Τοῦ
1738 4734 1784 4786 δ’
1839 4735 1958 4797 ἑνὸς

387 4833 643 4884 ἐπέκεινα
677 4830 784 4884 τῶν
816 4832 1033 4884 πάντων
1065 4829 1236 4882 οὐδέν.
1269 4829 1431 4881 ’Ὅθεν
1462 4835 1553 4883 καὶ
1585 4826 1750 4881 είκὼν
1781 4828 1807 4879 ὁ
1836 4827 1959 4891 νοῦς

388 4922 486 4974 τοῦ
543 4923 659 4984 ἑνὸς
715 4921 924 4974 ἐκείνου
961 4923 1202 4988 λέγεται.
1238 4917 1390 4973 Εἶναι
1436 4926 1545 4988 γάρ
1597 4923 1688 4972 καὶ
1719 4919 1808 4972 τὸν
1832 4921 1956 4972 νοῦν

388 5014 507 5081 φῶς
565 5014 770 5066 ἄυπνον
821 5014 914 5064 καὶ
977 5012 1122 5080 ζωὴν
1181 5013 1452 5079 μένουσαν
1485 5012 1576 5063 καὶ
1634 5011 1820 5074 νόησιν
1858 5011 1958 5063 οὐκ

389 5105 718 5173 ἐνεργοῦσαν
747 5106 826 5166 είς
868 5104 926 5156 τὸ
963 5104 1178 5172 μέλλον,
1211 5102 1324 5154 ἀλλ’
1367 5106 1445 5162 εἰς
1489 5105 1555 5154 τά
1589 5103 1837 5172 παρόντα
1870 5103 1957 5154 ἀεὶ

389 5197 489 5247 καὶ
514 5197 772 5258 ὡσαύτως
819 5195 1034 5264 ἔχοντα,
1064 5193 1332 5264 σύμφωνά
1355 5212 1414 5245 τε
1453 5195 1583 5248 ὄντα
1617 5195 1831 5256 ἑαυτοῖς
1861 5195 1956 5246 κα)⁴

386 5287 599 5356 οὐδαμῆ
659 5304 788 5340 ποτε
828 5287 1130 5356 μαχόμενα.
1163 5286 1307 5356 Πρὸς
1358 5284 1421 5355 δὴ
1475 5286 1534 5338 τὸ
1579 5286 1818 5338 τοιοῦτον
1873 5283 1954 5348 ἓν,

384 5383 481 5434 τὸν
509 5385 640 5434 (θεὸν
683 5381 901 5452 δηλαδὴ,
941 5381 1094 5434 πάντ’
1130 5383 1311 5434 ἐκεῖνα
1360 5380 1428 5433 τὰ
1481 5379 1651 5431 πολλὰ
1698 5377 1807 5429 τῶν
1837 5377 1954 5427 όνο-

390 5471 579 5542 μάτων
611 5475 752 5524 κατὰ
807 5476 899 5524 τὴν
950 5473 1087 5523 θεῖον
1141 5471 1396 5538 φέρονται
1454 5470 1790 5532 ’Λθανάσιοεδ
1825 5465 1859 5519 ά
1897 5481 1955 5515 τε

390 5566 659 5634 πρότερον
713 5565 766 5615 ὲν
800 5564 976 5627 ἄλλοις
1024 5564 1213 5634 εἴρηκε
1273 5563 1471 5628 λόγοις,
1506 5562 1600 5610 καὶ
1654 5558 1688 5612 ἃ
1741 5558 1853 5619 νῦν,
1892 5556 1952 5608 τὸ

389 5653 669 5723 ἄφθαρτον
735 5654 952 5723 δηλαδὴ,
984 5654 1044 5706 τὸ
1115 5655 1404 5722 ἄτρεπτον,
1437 5651 1497 5701 τὸ
1547 5650 1951 5715 ἀκατάληπτον,

391 5748 452 5798 τὸ
485 5743 734 5808 δυνατὸν,
765 5744 822 5795 τὺ
875 5740 1298 5813 προγνωστικὸν,
1336 5743 1430 5793 καὶ
1472 5742 1563 5792 ὅσα
1606 5741 1749 5792 ἐστὶν
1784 5741 1810 5791 ὁ
1847 5740 1953 5789 llat-

2063 3195 2230 3249 multa
2266 3195 2478 3259 formis,
2517 3212 2686 3249 unum
2723 3211 2941 3264 genere,
2978 3196 3145 3250 multa
3196 3208 3419 3261 eventu,
3463 3213 3633 3251 unum

2060 3285 2355 3354 principio,
2385 3295 2440 3338 et
2466 3300 2571 3338 non
2604 3285 2766 3339 modo
2795 3284 2850 3338 in
2888 3286 3174 3354 separatis,
3198 3287 3290 3340 sed
3318 3288 3480 3340 etiam
3505 3303 3636 3341 cul-

2059 3388 2160 3432 cta:
2188 3377 2611 3446 magnitudines,
2648 3377 2690 3430 si
2722 3376 2943 3445 fugiunt
2975 3392 3168 3441 unum,
3207 3376 3275 3430 ad
3323 3377 3634 3431 multitudi-

2062 3483 2184 3520 nem
2243 3467 2700 3535 eompensatione
2759 3466 2922 3536 369
2960 3467 3168 3520 minuta
3222 3476 3276 3521 et
3329 3468 3626 3522 essentiam

2060 3573 2220 3627 quam
2271 3557 2545 3610 habebant
2584 3557 2864 3622 amittunt,
2890 3573 2991 3612 nec
3023 3557 3168 3626 quod
3193 3566 3354 3613 erant
3401 3559 3636 3626 amplius

2061 3661 2208 3704 sunt.
2226 3649 2327 3704 Ubi
2360 3650 2508 3703 enim
2531 3665 2698 3703 unum
2723 3651 3004 3714 amittunt,
3033 3649 3106 3702 ita
3136 3651 3492 3718 consequitur
3513 3664 3636 3703 esse

2061 3742 2281 3809 partita,
2319 3751 2543 3809 propter
2571 3755 2693 3795 esse
2723 3757 2915 3806 unum,
2947 3742 3254 3796 concilians
3305 3752 3361 3796 et
3388 3743 3628 3808 comple-

2073 3840 2230 3884 ctens
2256 3831 2439 3882 omnia
2466 3831 2735 3884 elementa
2759 3846 3098 3899 quaecunque
3127 3842 3285 3886 ortus
3324 3843 3377 3884 et
3406 3847 3633 3886 occasus

2062 3922 2191 3977 lert.
2230 3922 2546 3977 Dill‘erentia
2600 3924 2745 3977 enim
2800 3926 3117 3978 varietatem
3164 3923 3257 3975 τοῦ
3297 3939 3419 3978 esse
3457 3926 3633 3978 inVol-

2061 4027 2218 4075 vens,
2252 4013 2318 4066 ad
2358 4013 2449 4065 τοῦ
2483 4028 2596 4067 non
2630 4029 2753 4068 esse
2790 4014 2948 4068 facile
2975 4014 3240 4082 pervenit.
3281 4015 3502 4068 Minime
3547 4015 3634 4069 di-

2062 4102 2247 4155 vinum
2283 4102 2414 4156 illud
2443 4118 2633 4161 unum,
2664 4116 2860 4158 creans
2897 4105 3202 4172 composita
3250 4103 3361 4167 illa,
3402 4103 3633 4173 simplex

2061 4193 2285 4246 omnino
2315 4201 2371 4246 et
2425 4196 2843 4262 super-naturale
2872 4233 2887 4258 ,
2923 4210 3031 4249 non
3076 4195 3234 4249 talem
3299 4195 3637 4263 positionem

2060 4284 2457 4352 expositionem
2490 4285 2747 4352 explicat,
2780 4286 2875 4340 sed
2906 4286 3312 4354 exemptionem
3369 4302 3398 4338 e
3444 4287 3640 4341 multis

2062 4391 2183 4445 quae
2215 4385 2346 4428 sunt
2369 4376 2653 4430 sensibilia
2689 4387 2744 4432 et
2775 4377 3164 4446 intelligibilia.
3195 4375 3250 4430 Si
3274 4379 3444 4439 enim,
3486 4379 3637 4445 quod

2070 4467 2290 4537 preprie
2312 4476 2412 4530 est,
2449 4484 2618 4521 unum
2653 4479 2758 4532 est,
2803 4484 2975 4523 unum
2996 4484 3127 4537 ergo
3149 4468 3254 4522 erit
3285 4469 3508 4537 proprie
3535 4485 3636 4522 ex-

2067 4559 2266 4611 sistens
2314 4565 2371 4611 et
2431 4558 2570 4610 ultra
2629 4574 2850 4612 onmem
2892 4559 3180 4612 rationem.
3224 4557 3395 4613 Unius
3451 4569 3634 4611 autem

2066 4647 2203 4700 nihil
2235 4648 2371 4701 ultra
2401 4651 2738 4710 universum,
2778 4649 2925 4702 unde
2954 4648 3094 4704 ratio
3144 4649 3321 4718 imago
3356 4648 3516 4703 unius
3566 4650 3632 4702 il-

2065 4736 2174 4790 lius
2202 4737 2422 4792 dicitur.
2456 4737 2587 4792 Esse
2643 4737 2790 4792 enim
2847 4741 3112 4794 rationem
3163 4739 3348 4792 lumen
3404 4738 3530 4806 vigil
3579 4751 3638 4794 et

2067 4830 2210 4881 viam
2245 4841 2557 4884 manentem
2585 4839 2642 4883 et
2699 4839 2936 4884 mentem
2965 4845 3073 4886 non
3112 4829 3178 4884 ad
3229 4829 3473 4883 futurum
3504 4832 3639 4885 acti-

2065 4935 2209 4983 vam,
2246 4920 2337 4975 sed
2364 4921 2430 4974 ad
2464 4921 2750 4990 praesentia
2783 4933 2837 4976 et
2875 4937 2996 4990 quae
3032 4922 3231 4976 similia
3265 4933 3395 4976 sunt
3423 4931 3476 4975 et
3525 4923 3640 4976 sibi

2065 5009 2376 5074 concordia,
2425 5011 2646 5064 minime
2694 5025 2934 5079 unquam
2982 5014 3363 5079 repugnantia.
3414 5011 3492 5063 Ad
3527 5011 3643 5065 tale

2066 5115 2256 5162 unum,
2288 5100 2496 5155 scilicet
2529 5100 2719 5165 Deum,
2749 5100 2932 5153 omnia
2968 5101 3056 5153 illa
3080 5100 3302 5155 nomina
3329 5103 3642 5154 secundum

2065 5190 2126 5244 1).
2169 5192 2528 5246 Athanasium
2567 5191 2836 5257 feruntur,
2873 5208 2994 5261 qua:
3027 5202 3184 5244 antea
3227 5193 3278 5243 in
3313 5191 3436 5244 aliis
3480 5193 3643 5246 libris

2064 5284 2366 5350 protulitct
2389 5297 2510 5350 quae
2539 5298 2705 5346 nunc,
2740 5297 2932 5350 nempe
2981 5281 3417 5351 incorruptibile,
3450 5283 3641 5334 immu-

2066 5374 2246 5436 tabile,
2298 5371 2878 5441 incompreliensibile,
2923 5374 3638 5442 onmipotens,providens,

2064 5478 2401 5530 quaecunque
2421 5463 2580 5516 Pater
2604 5473 2731 5516 sunt
2781 5473 2834 5516 et
2873 5479 2992 5531 quae
3045 5464 3263 5534 prepria
3301 5465 3462 5518 etiam
3517 5464 3642 5519 Filii

2062 5569 2180 5607 esse
2233 5554 2386 5616 dicit,
2425 5554 2468 5607 si
2519 5556 2738 5623 quidem
2795 5557 3062 5610 naturalia
3101 5567 3156 5610 et
3200 5555 3530 5620 essentialia,
3573 5572 3646 5610 ne

2063 5647 2237 5700 dit-am
2278 5647 2452 5716 ipsum
2487 5661 2606 5700 csa
2638 5647 2852 5702 Filium.
2884 5651 3231 5717 Qua-cunque
3266 5646 3645 5702 attribuuntur-

2064 5737 2206 5791 Patri
2233 5735 2552 5791 naturaliter
2572 5746 2624 5792 ct
2645 5741 3029 5806 cssentialitcr,
3049 5741 3270 5810 370m
3302 5737 3432 5790 dicit
3451 5737 3510 5794 Ι).
3533 5743 3611 5809 (1y
3633 5769 3641 5779 -
