4046 6290
465 319 572 384 ε’ΞἾ
1628 315 2016 376 NlCEPIlOR

2130 309 2480 369 lIlEGOB.~‘E

3592 303 3686 366 323

465 435 772 498 rillus,harc
817 435 998 488 omnia
1041 441 1162 486 sunt
1190 433 1241 486 in
1263 433 1423 486 Filio.
1453 432 1595 500 Ergo
1629 431 2027 499 incorruptum,

2136 429 2260 494 τὴρ.
2299 429 2362 477 Ἃ
2411 426 2502 475 καὶ
2552 423 2659 475 ἴδια
2698 421 2911 474 καὶτοῦ
2947 419 3072 472 Υῖοῦ
3116 437 3280 488 φησιν
3319 413 3484 478 εἶναι,
3521 419 3689 471 εῐτουν

466 528 828 590 immutabile,
855 525 1424 593 iucomprehensibile,
1462 538 1677 590 petens,
1712 522 2024 588 providens,

464 634 802 688 quarumque
827 619 985 670 Pater
1015 618 1292 672 suut,h:rc
1318 615 1498 666 otuuia
1530 620 1656 664 sunt
1689 611 1831 670 Filii.
1855 613 1932 662 vel
1961 609 2026 660 ad

467 720 704 764 nostram
733 706 1218 762 circumscribendi
1255 703 1727 763 cot‘isuctudinem,
1761 715 1868 752 non
1898 700 2026 751 falsa

464 811 518 854 et
552 799 781 852 ascititia
827 797 942 850 Filii
977 798 1211 864 propria.
1243 793 1420 848 Unqu
1478 791 1622 843 enim
1665 789 1916 856 idemque
1943 787 2028 839 di-

467 896 605 945 v'na:
623 903 674 944 et
697 890 928 959 simplci
959 889 1402 940 onminonalurze
1432 883 1806 950 intelliguntur
1827 889 1880 932 et
1904 887 2031 932 sunt

465 992 520 1036 ct
549 984 805 1035 dicuntur
841 980 1045 1032 on‘mia.
1071 978 1416 1044 Qua-cunque
1445 975 1587 1027 cnim
1632 973 1818 1026 deitati
1875 970 2031 1024 attri-

469 1076 732 1138 buuntur,
769 1074 970 1141 inquit,
1021 1073 1178 1124 unice
1217 1080 1272 1122 et
1305 1071 1523 1138 proprie
1569 1067 1659 1119 ιιιιί
1699 1079 1752 1119 et
1793 1064 2028 1130 simplici

465 1175 518 1218 ct
549 1167 672 1226 soli,
700 1165 814 1216 [nec
844 1163 1155 1218 communia
1192 1162 1461 1213 naturalia
1495 1158 1673 1212 Patris
1705 1167 1760 1210 et
1811 1155 1933 1208 Filii
1975 1161 2030 1205 et

467 1275 633 1311 unum
686 1257 962 1324 idemque,
1013 1254 1158 1322 quod
1211 1253 1384 1306 deitas
1425 1267 1528 1304 uua
1561 1257 1663 1308 est,
1723 1259 1780 1300 ut
1815 1257 2028 1298 natura.

463 1349 707 1403 Asscutit
757 1346 1051 1400 Athanasio
1082 1345 1316 1413 Cyrillus
1355 1349 1406 1395 in
1447 1341 1728 1394 Thesauri:
1763 1338 2028 1406 Spiritum

465 1439 590 1492 Filii
623 1439 902 1506 proprium
937 1437 1251 1489 nominans.
1297 1433 1446 1497 Vide,
1490 1431 1765 1500 quomodo
1817 1433 1867 1480 iu
1903 1441 2030 1496 pro-

465 1529 740 1598 positione
769 1543 890 1580 cum
921 1525 1385 1578 multisdixisset:
1437 1543 1454 1573 ι
1489 1521 1680 1576 Omnia
1724 1537 1845 1589 qua!
1873 1520 2031 1573 habet

469 1623 653 1678 Pater,
711 1637 728 1668 ι
785 1628 840 1671 ct
886 1633 1006 1684 qua:
1057 1615 1314 1668 attribuit
1345 1614 1528 1667 ileilati
1567 1612 1757 1676 Patris,
1795 1609 1919 1662 dein
1975 1610 2030 1661 in

469 1727 636 1762 unum
663 1707 1134 1775 comprehendens
1159 1721 1264 1758 non
1298 1705 1453 1768 dicit,
1487 1725 1502 1755 ι
1547 1703 1894 1770 Quaecunque
1939 1701 2031 1754 ha-

2133 521 2334 585 φυσικὰ
2357 515 2448 568 καὶ
2470 515 2724 582 οὐσιὼδη,
2742 514 2941 582 μᾶλλον
2961 513 3004 564 δ’
3033 515 3208 565 εἰπεῖν
3227 513 3384 564 αύτδν
3412 509 3475 582 [Γ.
3501 511 3599 566 I75
3620 509 3689 580 ιη]

2131 609 2266 662 εἶναι
2335 611 2427 660 τὸν
2491 609 2634 660 Υἱόν.
2669 608 2809 657 Ὀσα
2861 609 2968 672 γὰρ
3029 607 3312 672 προσεῖναι
3369 603 3692 672 λέγεταιτῷ

2133 701 2305 768 Πατρὶ
2361 699 2605 767 φυσικῶς
2665 714 2723 748 τε
2762 698 2855 748 καὶ
2911 693 3212 761 ούσιωδιῖις,
3264 693 3400 745 κατὰ
3434 692 3530 746 τὸν
3558 693 3694 744 θεῖον

2135 791 2420 858 Κύριλλον,
2485 791 2657 841 ταῦτα
2718 788 2895 841 πάντα
2961 787 3107 838 ἐστὶν
3155 789 3182 838 6
3247 785 3394 846 Υἱός.
3455 783 3532 836 Τὸ
3589 784 3692 852 ἇρι

2131 883 2408 952 ἄφθαρτον
2438 882 2530 933 καὶ
2558 882 2824 948 ἄτρεπτον
2860 880 2952 930 καὶ
2993 877 3378 945 ἀκατάληπτον
3417 876 3515 927 καὶ
3549 875 3699 927 δυνα-

2131 977 2219 1026 τδν
2249 973 2342 1025 καὶ
2381 971 2788 1040 προγνωστικὸν
2818 971 2913 1022 καὶ
2941 971 3042 1022 ὅσα
3071 971 3216 1022 ἐστὶν
3248 971 3274 1021 6
3299 966 3697 1037 Πατὴρ,ταῦτα

2132 1065 2288 1119 πάντ’
2321 1065 2468 1116 ἐστὶν
2503 1065 2530 1115 6
2561 1064 2714 1126 Υἱός.
2749 1065 2807 1115 El
2854 1062 2962 1128 γάρ
2993 1064 3082 1114 καὶ
3117 1060 3576 1131 περιφραστικιῖις
3609 1058 3697 1108 καὶ

2133 1160 2272 1211 κατὰ
2301 1159 2400 1224 τήν
2443 1174 2507 1224 γε
2557 1157 2831 1224 ήιιετέραν
2885 1156 3094 1221 λέγοιτο
3143 1155 3454 1221 συνήθειαν,
3487 1153 3602 1204 ἀλλ’
3641 1152 3696 1200 οὐ

2132 1249 2258 1302 νόθα
2299 1249 2392 1301 καὶ
2447 1249 2715 1316 ἐπίκτητα
2746 1250 2815 1298 τά
2868 1246 2963 1298 τοῦ
3007 1247 3136 1298 Υῐοῦ
3177 1247 3318 1297 ἴδια·
3351 1245 3409 1295 ἓν
3454 1246 3564 1312 γὰρ
3612 1245 3700 1294 καὶ

2131 1339 2324 1390 ταυτὸν
2371 1341 2435 1405 τῇ
2481 1337 2602 1408 θείᾳ
2634 1338 2728 1389 καὶ
2779 1337 3134 1404 ἁπλουστάτη
3177 1336 3337 1403 φύσει
3371 1337 3578 1386 νοεῖται
3609 1335 3700 1385 καὶ

2131 1429 2246 1482 ἔστι
2279 1429 2374 1482 καὶ
2405 1429 2622 1496 λέγεται
2659 1427 2858 1480 πάντα.
2889 1428 3028 1479 ὐσα
3081 1427 3190 1494 γὰρ
3241 1427 3436 1494 ἀνήκει
3474 1425 3542 1492 τῇ
3589 1423 3701 1474 θεό-

2131 1541 2276 1592 τητι,
2318 1527 2502 1592 φησὶν,
2541 1523 2738 1585 ἑνικῶς
2789 1522 2884 1574 καὶ
2917 1522 3227 1592 μονοειδῶς,
3261 1523 3326 1590 τῇ
3367 1521 3469 1588 μιᾷ
3503 1519 3698 1588 δηλαδὴ

2135 1617 2227 1668 καὶ
2258 1615 2401 1683 ἁπλῇ
2427 1615 2521 1666 καὶ
2551 1615 2706 1682 μόνῃ,
2739 1611 2914 1664 ταῦτα
2944 1611 3099 1663 κοινὰ
3130 1611 3224 1663 καὶ
3257 1611 3464 1676 φυσικὰ
3496 1608 3702 1675 Πατρὸς

2135 1710 2226 1760 καὶ
2269 1707 2398 1759 Υίοῦ
2434 1709 2526 1758 καὶ
2567 1705 2624 1758 ἓν
2651 1707 2744 1758 καὶ
2791 1703 3010 1766 ταυτὸν,
3041 1703 3166 1755 ἐπεὶ
3207 1703 3300 1753 καὶ
3353 1701 3548 1768 θεότης
3587 1701 3698 1767 μία,

468 1801 604 1864 bet,
659 1817 676 1849 ι
717 1799 837 1858 sed,
872 1817 888 1848 ι
945 1797 1294 1864 Qua-cunque
1331 1805 1458 1848 sunt
1514 1795 1694 1848 Pater.
1749 1812 1768 1843 ι
1808 1793 2027 1846 Sublata

2134 1799 2388 1868 καθάπερ
2423 1799 2520 1850 καὶ
2561 1796 2750 1865 φύσις.
2786 1795 3091 1864 Συνηγορεῖ
3121 1793 3175 1846 δὲ
3210 1793 3302 1844 καὶ
3357 1791 3620 1860 Κύριλλος
3651 1793 3702 1842 ὲν

467 1893 614 1946 enim
641 1889 1177 1956 circumscriptione,
1220 1907 1237 1938 ι
1281 1887 1448 1940 habet
1487 1905 1504 1937 ι
1551 1895 1604 1936 ct
1660 1905 1677 1937 ι
1738 1885 2030 1938 multarum

465 1991 882 2047 creatas-umque
905 1994 1087 2031 rerum
1129 1995 1146 2028 ι
1175 1979 1400 2030 notione
1439 1977 1574 2029 dicit
1612 1992 1739 2040 non,
1765 1973 2034 2040 Quaecun-

467 2087 573 2140 que
601 2081 748 2134 sunt,
781 2084 880 2123 nec
917 2069 1262 2136 Qumcuuque
1322 2067 1485 2120 habet
1551 2067 1728 2128 Pater,
1759 2065 1852 2120 sed
1911 2065 2033 2132 qui-

469 2163 573 2216 bus
624 2171 706 2216 est
748 2179 776 2215 a
811 2163 968 2215 nobis
1025 2161 1332 2214 nominatus
1385 2169 1446 2212 ut
1490 2158 1666 2227 dignis
1697 2157 2028 2219 nominibus,

465 2269 590 2308 cum
624 2253 810 2306 divina
862 2253 947 2306 illa
989 2252 1308 2320 simplicitas
1357 2251 1618 2318 pluralem
1669 2249 1893 2302 omnino
1935 2263 2034 2300 uo-

466 2344 671 2397 tionem
707 2357 812 2394 non
843 2342 1100 2408 postulet.
1129 2339 1385 2400 Videsne,
1432 2349 1491 2392 ut
1541 2353 1768 2407 magnus
1795 2339 2032 2390 Athana-

465 2432 581 2485 sius
611 2431 988 2484 doctrinaliler
1047 2431 1098 2482 in
1139 2445 1307 2482 unum
1347 2428 1554 2496 redegit
1581 2428 1712 2480 illud
1751 2427 2033 2491 pluraliter

466 2525 709 2577 dictum:
745 2521 1104 2587 Qua-cunque
1133 2519 1300 2572 habet
1331 2517 1511 2578 Pater,
1541 2533 1657 2569 mea
1695 2525 1854 2576 sunt,
1906 2531 2032 2570 cum

469 2623 628 2667 antea
679 2620 931 2676 negasset.
968 2610 1034 2662 de
1087 2609 1273 2661 multis
1323 2615 1376 2657 ιιι
1410 2607 1611 2658 creatis
1641 2604 1806 2658 rebus
1853 2603 2032 2657 dicere

464 2705 623 2774 371
688 2702 930 2756 divinam
984 2701 1130 2752 illam
1185 2699 1489 2752 orationem
1544 2711 1664 2750 esse
1715 2697 2030 2765 putandam.

464 2798 600 2850 Nam
623 2795 688 2848 de
715 2811 801 2854 eo,
835 2791 978 2861 quod
1008 2790 1318 2860 possidetur
1355 2797 1410 2842 et
1471 2789 1616 2856 quod
1668 2786 1928 2856 possidet,
1964 2787 2032 2840 de

464 2889 654 2942 eodem
692 2896 746 2939 et.
769 2885 962 2942 altero,
995 2884 1062 2936 de
1089 2882 1365 2936 similibus
1393 2882 1507 2949 ipse
1555 2877 1880 2938 meministi.
1912 2893 2034 2945 qua:

465 2992 630 3046 supra
661 2975 900 3030 breviter
943 2975 1009 3026 ad
1036 2975 1187 3026 locos
1215 2972 1518 3039 unicuique
1573 2968 1800 3023 idoneos
1847 2968 2034 3038 dispu-

469 3079 578 3124 tata
611 3079 762 3122 sunt.

2139 1887 2478 1956 Θησιιυροῖς
2513 1885 2836 1954 Ἀθανασίῳ,
2871 1885 2998 1936 ἴδιον
3017 1882 3147 1935 Υίοῦ
3178 1881 3238 1933 τὺ
3263 1881 3487 1950 Πνεῦμα
3511 1881 3699 1946 λέγων,

2133 1981 2276 2048 Ὅρα
2316 1979 2372 2031 δὲ
2435 1977 2532 2030 καὶ
2599 1977 2716 2037 πῶς
2780 1977 2834 2027 ἐν
2897 1979 2960 2044 τῇ
3015 1975 3278 2044 προτάσει
3317 1972 3703 2041 πληθυντικῶς

2131 2069 2298 2122 εἰπὼν
2357 2067 2533 2119 πάντα
2577 2067 2676 2118 ὅσα
2725 2066 2838 2134 ἔχει
2870 2067 2896 2116 6
2949 2067 3134 2132 Πατὴρ
3175 2065 3268 2115 καὶ
3295 2064 3397 2114 ὅσα
3428 2063 3599 2130 ἀνῆκε
3629 2063 3692 2129 τῇ

2132 2160 2346 2226 θεότητι
2401 2157 2498 2209 τοῦ
2555 2157 2788 2224 Πατρὸς,
2830 2155 3002 2209 ἔπειτ’
3057 2158 3138 2218 εἰς
3184 2155 3242 2208 ἒν
3295 2154 3526 2222 ἀγαγὼν
3559 2169 3704 2205 συνε-

2133 2251 2386 2319 πέρανεν,
2421 2250 2520 2316 οὐχ
2572 2248 2670 2299 ὅσα
2723 2248 2837 2316 ἔχει
2885 2247 2913 2298 6
2955 2246 3164 2317 Πατὴρ,
3198 2246 3313 2299 ἀλλ’
3366 2247 3470 2298 ὃσα
3505 2245 3650 2296 ἐστὶν
3679 2245 3704 2294 6

2133 2341 2340 2410 Πατήρ.
2379 2341 2489 2393 Καὶ
2515 2339 2623 2407 γὰρ
2658 2337 2875 2403 ἀφελὼν
2909 2339 3010 2406 τήν
3041 2355 3100 2390 τε
3132 2339 3225 2389 τοῦ
3257 2337 3406 2406 ἔχειν
3439 2337 3704 2404 περίφρα-

2134 2429 2220 2484 σιν
2249 2435 2344 2485 καὶ
2373 2431 2469 2498 τῆν
2513 2431 2623 2482 τῶν
2670 2430 2882 2482 πολλῶν
2933 2431 3023 2482 καὶ
3073 2431 3312 2482 κτιστῶν
3359 2432 3704 2498 πραγμάτιον

2136 2524 2412 2584 ὑπόνοιαν,
2445 2522 2542 2592 οὐχ
2571 2524 2669 2574 ὅσα
2703 2523 2864 2586 εἰσὶν,
2903 2517 3078 2584 εἶπεν,
3112 2523 3226 2575 οὐδ’
3255 2523 3356 2574 ὅσα
3385 2523 3505 2589 ἔχει
3537 2523 3562 2572 6
3597 2522 3701 2572 [h-

2131 2612 2256 2681 τὴρ,
2289 2611 2402 2662 ἀλλ’
2429 2612 2529 2663 ὅσα
2561 2612 2709 2662 ἐστὶν
2759 2611 3169 2679 ὀνομαζόμενος
3197 2611 3484 2680 θεοπρεπῆ
3508 2610 3596 2678 δη)
3612 2607 3704 2676 αδὴ

2134 2704 2263 2771 παρ’
2292 2703 2448 2771 ἡμῶν
2477 2703 2738 2771 ὀνόματα,
2775 2702 2868 2755 ἆτε
2922 2704 3017 2754 καὶ
3055 2704 3151 2769 τῆς
3184 2703 3335 2764 θείας
3375 2702 3434 2753 ού
3485 2717 3704 2771 προσιε-

2137 2799 2302 2865 μένης
2343 2793 2562 2860 ἐκείνης
2617 2795 2921 2864 ἁπλότητος
2971 2791 3343 2864 πληθυντικὴν
3393 2813 3523 2847 τινα
3576 2794 3704 2854 ὅλως

2133 2883 2364 2936 ἔννοιαν.
2415 2881 2586 2953 Ὁρᾷς
2633 2883 2752 2945 πῶς
2787 2885 2812 2936 6
2847 2884 3021 2951 μέγας
3067 2883 3390 2941 Ἀθανὰσιος
3426 2881 3555 2934 κατ’
3589 2883 3702 2932 ἐπι-

2137 2975 2346 3042 στήμην
2387 2975 2466 3036 εἰς
2497 2974 2556 3026 τὸ
2579 2975 2636 3025 ἓν
2668 2975 2998 3042 συνεπέρανε
3030 2974 3093 3026 τὸ
3131 2973 3513 3043 πληθυντικῶς
3555 2975 3700 3040 εἰρηο

2065 3047 2106 3104 C
2143 3065 2325 3134 μένον,
2359 3085 2376 3116 ι
2419 3066 2602 3120 Πάντα.
2631 3067 2732 3118 ὅσα
2761 3066 2875 3134 ἔχει
2899 3067 2928 3119 6
2951 3068 3142 3136 Πατὴρ
3183 3067 3292 3136 ἐμά
3317 3069 3458 3128 ἐστι,
3510 3084 3529 3116 ι
3568 3067 3706 3130 ἀπη-

464 3161 746 3231 γορευκὼς
787 3161 1055 3230 πρότερον
1140 3156 1214 3227 μὴ
1265 3157 1395 3228 περὶ
1447 3159 1791 3227 πραγμάτων
1885 3155 2096 3208 πολλῶν
2133 3158 2227 3209 καὶ
2266 3159 2502 3212 κτιστῶν
2535 3159 2744 3212 οἴεσθαι
2793 3160 2973 3227 λέγειν
3005 3159 3220 3231 ἐκείνην
3269 3161 3366 3228 τὴν
3399 3159 3558 3213 θείαν
3599 3177 3704 3226 φω.

467 3257 582 3323 νήν.
615 3253 750 3321 Περὶ
785 3254 893 3320 γὰρ
927 3250 1082 3302 ὲκτοῦ
1131 3251 1226 3302 καὶ
1262 3249 1474 3320 ἔχοντος
1528 3251 1622 3302 καὶ
1677 3250 1875 3302 ταυτοῦ
1937 3251 2030 3302 καὶ
2069 3251 2257 3320 ἐτέρου
2301 3251 2396 3303 καὶ
2434 3251 2546 3304 τῶν
2592 3251 2852 3306 τοιούτων
2901 3253 3179 3323 μέμνησαι
3249 3253 3340 3305 καὶ
3415 3254 3583 3316 αὐτὸς
3635 3254 3704 3314 ὼς

465 3344 719 3412 ἀνωτέρω
747 3342 918 3412 βραχὺ
952 3341 1010 3412 [ι.
1047 3343 1148 3394 175
1172 3339 1248 3412 υ.]
1278 3342 1421 3394 κατὰ
1449 3343 1634 3412 χώραν
1659 3343 1870 3410 ἑκάστῳ
1897 3343 2281 3412 προσήκουσαν
2314 3345 2568 3416 τεχνικὴν
2597 3346 3002 3400 ἀποδέδεικται.

539 3438 674 3492 ιιιιι.
703 3438 819 3492 Jam
849 3451 1002 3500 vero,
1035 3438 1078 3490 si
1112 3437 1304 3505 placet,
1333 3453 1566 3492 concors
1597 3439 1686 3492 ille
1719 3437 2026 3492 advocetur

467 3529 530 3582 li.
580 3527 853 3592 Basilius,
897 3527 990 3594 qui
1039 3525 1262 3578 nomina
1302 3537 1358 3580 et
1399 3528 1655 3581 notiones
1689 3530 1796 3581 Deo
1833 3527 2025 3596 dignas

467 3620 608 3672 idem
645 3617 822 3670 valere
853 3619 996 3670 inter
1022 3631 1080 3670 se
1105 3632 1297 3670 omnes
1323 3617 1496 3683 dicit,
1526 3618 1670 3686 quod
1697 3619 1766 3672 ab
1793 3617 2022 3688 subjecti

465 3707 860 3779 signiﬁcatione
893 3723 1000 3761 non
1023 3707 1357 3776 discrepent.
1382 3709 1730 3778 Quaecunque
1753 3711 1920 3772 enim.
1943 3710 2024 3763 iu-

465 3803 620 3870 quit,
653 3799 720 3853 de
754 3799 862 3854 Deo
891 3800 1098 3853 dixeris
1127 3801 1346 3853 nomina
1375 3800 1746 3870 adjndicanlia
1775 3811 1831 3856 et
1865 3803 2022 3871 θωυ-

475 3892 715 3946 dicentia
739 3931 753 3954 ,
805 3891 1038 3960 positiva
1081 3901 1138 3944 et
1181 3891 1468 3960 negativa,
1519 3908 1640 3960 quae
1671 3902 1794 3962 apta
1825 3905 1881 3947 et
1915 3907 2026 3946 non

461 3995 584 4049 apta
635 3983 911 4036 interdum
955 3997 984 4035 a
1029 3983 1234 4036 sanctis
1281 3982 1560 4046 dicuntur,
1611 3999 1780 4036 unum
1811 3995 1892 4037 est
1923 4001 2024 4053 per

461 4075 642 4128 omnia
675 4073 1060 4142 signiﬁcatum,
1090 4076 1206 4127 sive
1240 4074 1468 4138 bonum,
1497 4073 1610 4128 sive
1635 4075 1866 4144 justum,
1903 4090 2024 4142 qua

462 4165 866 4236 adjudicantia,
903 4167 1018 4218 sive
1063 4165 1372 4219 immortale
1418 4165 1532 4220 sive
1571 4167 2017 4234 incorruptibilc,

462 4272 582 4324 qua:
611 4255 978 4326 abjudicantia
1007 4257 1290 4310 dicuntur.
1331 4255 1445 4309 lllis
1491 4255 1639 4309 enim
1661 4295 1676 4320 ,
1710 4271 1831 4324 quae
1866 4255 2022 4308 attri-

463 4347 731 4409 buuntur,
766 4347 1161 4416 exprimimus,
1190 4347 1277 4400 his
1323 4361 1443 4416 qum
1488 4362 1599 4400 non
1646 4348 2026 4402 attribuuntur

2203 3441 2300 3494 II".
2360 3441 2500 3494 Ἀλλ’
2531 3441 2580 3494 εἰ
2611 3440 2810 3511 βούλει,
2845 3444 3144 3513 συνήγορος
3177 3445 3310 3514 ἡμῖν
3357 3445 3450 3497 καὶ
3491 3447 3519 3498 6
3567 3445 3700 3507 θεῖος

2133 3533 2419 3601 κεκλήσθω
2471 3533 2779 3597 Βασίλειος,
2822 3535 3032 3600 Πάντα,
3069 3536 3266 3603 λέγων,
3301 3537 3369 3589 τὰ
3419 3538 3698 3607 θεοπρεπῆ

2131 3625 2372 3694 ὀνόματά
2397 3641 2455 3677 τε
2485 3627 2579 3679 καὶ
2605 3628 2854 3696 νοήματα
2875 3629 3154 3698 όμοτίμως
3184 3630 3298 3698 ἔχει
3331 3631 3467 3694 πρὸς
3496 3631 3696 3699 ἄλληλα

2129 3715 2207 3785 τῷ
2232 3715 2398 3784 μηδὲν
2430 3717 2582 3786 παρὰ
2607 3721 2706 3788 τὴν
2742 3719 2836 3772 τοῦ
2882 3721 3245 3790 ὑποκειμένου
3281 3723 3574 3792 διαφωνεῖν
3607 3743 3698 3792 ση-

2130 3805 2353 3876 μασίαν.
2393 3807 2534 3862 Ὅσα
2574 3809 2683 3878 γὰρ
2733 3809 2821 3872 ἂν,
2861 3815 3050 3879 φησὶν,
3087 3813 3250 3886 εἴπῃς
3282 3816 3376 3867 ἐπὶ
3406 3817 3548 3869 θεοῦ
3581 3819 3694 3870 6⁸νό-

2129 3915 2295 3966 ματα,
2326 3903 2674 3966 καταφατικὰ
2698 3919 2756 3954 τε
2787 3903 2987 3972 δηλαδὴ
3015 3907 3108 3958 καὶ
3133 3906 3476 3976 ἀποφατικὰ,
3518 3914 3688 3964 είτουν

2127 3990 2540 4062 ἁπαγορευτικὰ
2579 3994 2672 4046 καὶ
2703 3995 2997 4065 ἀρνητικὰ,
3025 3997 3060 4051 ἃ.
3106 3999 3169 4070 δὴ
3201 4001 3479 4070 προσόντα
3510 4021 3570 4056 τε
3601 4005 3691 4056 καὶ

2131 4079 2205 4148 μὴ
2249 4081 2520 4148 προσόντα
2573 4082 2793 4150 λέγεται
2849 4085 2984 4156 πρὸς
3021 4088 3130 4141 τῶν
3178 4089 3349 4158 ἁγίων
3377 4093 3552 4146 ἐνίοτε
3599 4096 3690 4146 καὶ

2129 4171 2386 4242 ἀλλαχοῦ,
2419 4173 2476 4225 ἒν
2515 4175 2602 4227 διὰ
2633 4177 2852 4230 πάντων
2882 4179 3000 4230 ἐστὶ
3029 4180 3089 4232 τὸ
3122 4186 3558 4254 σημαινόμενον,
3597 4187 3688 4240 εἴτ’

2129 4264 2330 4352 ἀγαθον
2359 4265 2455 4316 καὶ
2484 4265 2696 4319 δίκαιον
2731 4272 2824 4322 καὶ
2857 4272 2924 4324 τὰ
2969 4271 3115 4328 οὕτω
3141 4275 3409 4344 λεγόμενα
3441 4297 3688 4349 ica-tanga-

2133 4353 2276 4418 τικά,
2313 4353 2414 4404 εἴτ’
2451 4355 2722 4410 ἀθάνατον
2761 4361 2854 4412 καὶ
2897 4361 3176 4432 ἄφθαρτον
3205 4367 3301 4418 καὶ
3330 4369 3396 4419 τὰ
3425 4369 3568 4424 οὕτω
3607 4372 3688 4422 λε-

459 4439 862 4508 abjudicamus.
887 4437 1108 4506 itaque,
1141 4449 1199 4490 ul
1229 4437 1533 4492 Eunomius
1561 4437 1727 4504 dicit,
1761 4439 1816 4491 in
1850 4441 2026 4491 uomi-

2130 4443 2337 4510 γόμενα
2391 4445 2683 4515 ἁρνητικά.
2735 4451 2832 4501 Διὰ
2883 4453 2991 4521 γὰρ
3045 4455 3292 4520 ἐκείνων,
3333 4457 3368 4510 ἃ
3409 4465 3688 4527 προσεῖναι

463 4531 624 4584 uibus
649 4531 714 4584 de
737 4529 848 4583 Deo
871 4528 1035 4583 dictis
1061 4529 1179 4597 ipse
1203 4533 1401 4584 fertur.
1424 4529 1690 4596 Quocirca
1718 4530 2026 4584 inuomiua-

463 4629 551 4673 tus
589 4621 676 4674 ille
715 4621 903 4673 multis
939 4636 968 4672 a
1005 4621 1164 4674 nobis
1197 4622 1518 4675 nominibus
1551 4633 1796 4686 vocatur,
1826 4623 2030 4692 quippe

461 4712 552 4778 qui
595 4711 814 4765 neruine
847 4713 1064 4780 proprie
1107 4713 1411 4780 quadrante
1459 4713 1805 4781 indigeamus
1847 4726 1936 4780 et,
1971 4723 2031 4768 ut

463 4805 712 4873 plurimis
739 4804 1018 4857 nominum
1051 4806 1410 4860 varietatibus
1439 4807 1718 4860 notionem
1747 4808 1840 4861 Dei
1871 4808 2028 4860 nobis

465 4897 682 4946 llhllalll
711 4893 1048 4959 aperiamus,
1081 4909 1361 4964 erigantur.
1391 4895 1600 4948 Nomen
1637 4896 1782 4949 enim
1827 4895 2028 4951 divinae

463 4997 674 5038 natura:
703 4998 1033 5053 congruens,
1054 4983 1350 5054 Gregorius
1377 4985 1652 5054 Nysseuus
1679 4987 1774 5051 ait,
1803 5003 1908 5041 non
1934 5003 2027 5041 au-

461 5077 719 5130 divimus.
757 5077 1196 5145 Explicationem
1243 5079 1405 5150 hujus
1449 5081 1871 5150 appellationis,
1919 5097 2026 5150 qua

460 5169 952 5236 Comprehenditur
981 5171 1348 5240 intelligibilis
1381 5181 1436 5224 ct
1469 5171 1630 5240 372
1665 5173 1913 5226 invisihis
1933 5190 2028 5226 na-

461 5271 604 5325 tura,
629 5277 732 5312 non
758 5277 980 5328 prorsus
1003 5263 1341 5327 incognitum
1369 5263 1528 5314 nobis
1554 5263 2026 5331 putaiiius.gAtq'lIe

459 5351 768 5402 divinorum
803 5351 1088 5404 nominum
1125 5351 1423 5404 multitudo
1460 5351 1654 5405 similis
1687 5363 1770 5406 est
1800 5353 1959 5408 lineis
1993 5369 2024 5407 a

459 5441 658 5496 ﬁnibus
676 5443 864 5496 circuli
891 5445 944 5496 in
969 5453 1216 5497 centrum
1243 5453 1386 5497 recta
1411 5446 1883 5514 convergeutibus,
1905 5461 2024 5515 quae

461 5535 642 5588 divisa:
673 5537 801 5604 ipsa:
835 5546 986 5588 extra
1009 5576 1022 5600 ,
1056 5545 1305 5590 centrum
1343 5535 1589 5590 dividere
1623 5555 1730 5591 non
1771 5549 2018 5606 possunt.

461 5621 674 5677 Etenim
723 5626 773 5678 in
821 5625 1174 5692 disquireuda
1221 5626 1550 5694 intelligibili
1596 5639 1830 5692 natura,
1877 5643 2018 5695 quo-

458 5711 602 5764 niam
625 5729 786 5782 supra
811 5729 1068 5769 sensuum
1095 5718 1496 5783 perceptionem
1523 5721 1693 5788 posita
1720 5731 1822 5784 est,
1841 5729 2019 5772 mente

2133 4534 2406 4601 λέγονται,
2437 4539 2886 4608 καταφάσκομεν,
2920 4543 3008 4595 διὰ
3047 4544 3102 4598 δὲ
3133 4547 3336 4600 τούτων
3363 4551 3686 4622 ἀπαγορεύο-

2136 4645 2233 4696 μεν
2267 4628 2302 4681 ἃ
2339 4630 2414 4697 μὴ
2446 4631 2763 4699 πρόσεστιν,
2797 4635 2872 4696 ὡς
2913 4635 3075 4699 αὐτὸς
3115 4639 3171 4692 ἐν
3228 4645 3338 4705 τοῖς
3383 4647 3512 4715 περὶ
3559 4648 3684 4698 Θεοῦ

2131 4720 2446 4789 λεγομένοις
2479 4725 2642 4791 φησὶν
2670 4725 2895 4795 ὀνόμασι
2919 4730 3039 4780 κατ’
3073 4731 3340 4801 Εὑνομίου
3374 4740 3680 4805 φερόμενα.

2134 4811 2298 4864 Ὅθεν
2322 4813 2351 4864 6
2379 4813 2661 4883 ἀνώνυμος
2703 4815 3054 4888 πολυώνυμος
3082 4823 3212 4890 ἡμῖν
3250 4827 3545 4896 ἀποροῦσιν
3573 4831 3682 4882 ὀνό-

2133 4915 2304 4966 ματος
2354 4900 2445 4952 τοῦ
2479 4903 2678 4970 κυρίως
2730 4905 3095 4973 ἁρμόττοντος
3148 4912 3381 4978 γίνεται,
3415 4917 3682 4978 πλείστλις

2128 4989 2410 5058 διαφοραῖς
2453 4993 2732 5059 ὀνομάτων
2793 4998 3139 5068 ἁνακαλύῲαι
3189 5003 3536 5074 βιαζομένοις
3587 5007 3679 5077 τὴν

2131 5083 2258 5148 περὶ
2288 5080 2380 5132 τοῦ
2427 5085 2569 5135 θείου
2617 5087 2749 5154 ἡμῖν
2785 5091 3145 5161 ὲγγινομένην
3171 5095 3448 5151 ὑπόνοιαν.
3483 5101 3681 5166 Ὄνομα

2128 5175 2233 5242 γὰρ
2287 5177 2647 5243 σημαντικὸν,
2681 5181 2708 5230 6
2759 5181 3058 5236 Νυσσαέων
3107 5189 3310 5254 φάσκει
3367 5190 3676 5260 Γρηγόριος,

2126 5267 2223 5332 τῆς
2251 5266 2400 5326 θείας
2433 5268 2645 5333 φύσεως
2673 5272 2772 5323 οὐκ
2813 5275 3090 5346 ἐμάθομεν
3111 5295 3124 5309 ·
3151 5279 3386 5349 δήλωσιν
3424 5285 3480 5335 δὲ
3517 5301 3676 5354 προς-

2126 5357 2356 5425 ηγορίας
2389 5359 2642 5426 τοιαύτης
2673 5361 2736 5413 δι’
2769 5357 2835 5432 ἧς
2867 5367 3416 5437 ἐμπεριλαμϐάνεται
3453 5377 3485 5443 ἡ
3513 5375 3678 5442 ἄφρα-

2127 5449 2252 5510 στός
2280 5465 2339 5499 τε
2369 5449 2460 5501 καὶ
2489 5453 2716 5520 ἀόρατος
2757 5456 2917 5522 φύσις
2951 5459 2980 5526 ἢ
3022 5462 3120 5512 οὐκ
3151 5457 3287 5513 εἶναι
3329 5467 3550 5519 καθόλου
3583 5481 3678 5532 φα-

2128 5539 2246 5604 μὲν,
2280 5537 2312 5608 ἦ
2346 5541 2562 5601 πάντως
2607 5545 2738 5612 ημῖν
2769 5545 3050 5613 ἄγνωστον
3103 5548 3261 5606 εἶναι.
3295 5555 3409 5608 Καὶ
3445 5557 3583 5609 ἔοικε
3619 5555 3675 5606 τὸ

2123 5631 2230 5682 τῶν
2258 5633 2573 5698 θεοπρεπῶν
2603 5637 2881 5704 ὀνομάτων
2913 5642 3110 5710 πλῆθος
3147 5649 3264 5708 ταῖς
3295 5649 3358 5700 ὲκ
3381 5649 3487 5700 τῶν
3519 5647 3674 5716 περά-

2125 5737 2228 5770 των
2264 5737 2358 5771 του
2387 5723 2752 5816 κύκλουτρδς
2801 5734 2860 5784 τὸ
2893 5727 3136 5802 κέντρον·
3169 5743 3562 5810 συναγομέναις
3591 5740 3674 5790 εὑ..
