4046 6290
337 394 443 457 32)

1294 367 1745 452 Bt’iANTtN/E
1789 381 2354 450 nisTonnaLm.
2400 381 2608 451 XxXt.

3464 384 3566 451 33o

335 510 532 570 θείαις,
565 509 850 577 μερισταῖς
882 509 980 576 μὲν
1024 506 1211 570 οὔσαις
1258 506 1479 570 ἔξωθεν,
1509 507 1567 557 τὸ
1597 506 1650 558 δὲ
1683 507 1900 576 κέντρον

2010 505 2076 558 ad
2110 521 2170 558 ea
2198 521 2317 574 qua:
2349 521 2572 559 sensum
2605 503 2819 573 fugiunt
2852 519 2884 573 p
2921 522 2946 558 r
2979 507 3354 574 conjecturam
3392 505 3566 571 perci-

337 600 562 670 μερίσαι
596 599 670 667 μὴ
703 599 1048 669 δυναμέναις,
1082 598 1218 651 ἀλλὰ
1251 598 1475 667 μᾶλλον,
1511 597 1634 650 ὅσον
1661 597 1902 664 ἐφικτὸν,

334 690 696 755 ἑνιζομὲναις.
745 691 833 743 Ἐν
875 690 981 758 γὰρ
1019 693 1083 759 τῇ
1122 689 1344 759 θεωρίᾳ,
1379 687 1444 759 [1⁸.
1482 687 1582 742 176
1632 685 1704 758 1.]
1747 689 1901 757 φησι,

332 780 433 848 τῆς
458 781 653 849 νοερᾶς
685 779 924 847 φύσεως,
957 781 1046 833 διὰ
1075 779 1134 831 τὸ
1177 777 1540 847 ὑπερκεῖσθαι
1580 779 1679 845 τῆς
1714 777 1902 846 αἰσθη-

331 872 434 940 τῆς
464 873 633 942 αὐτὴν
679 872 1056 942 καταλήψεως,
1101 869 1476 938 στοχαστικῶς
1513 868 1614 936 τῆς
1661 869 1903 930 διανοίας

332 966 670 1034 ὀρεγομένης
721 966 829 1017 τῶν
875 963 1254 1033 ὲκφευγόντιυν
1305 965 1404 1030 τὴν
1436 962 1711 1028 αἴσθησιν,
1750 963 1900 1015 ἄλλοι

333 1055 511 1116 ἄλλως
557 1053 854 1121 κινούμεθά
893 1071 952 1106 τε
989 1055 1118 1123 περὶ
1151 1055 1208 1105 τὸ
1238 1052 1594 1121 ζητούμενον,
1629 1053 1724 1105 καὶ
1757 1053 1900 1105 κατὰ

333 1147 433 1215 τὴν
472 1147 831 1213 ἐγγενομένην
861 1145 1076 1214 ἑκάστῳ
1108 1145 1235 1213 περὶ
1287 1144 1347 1194 τὸ
1383 1144 1743 1212 ὑποκείμενον
1787 1144 1901 1197 διά-

332 1255 509 1301 νοιαν,
553 1239 699 1298 ὅπως
734 1235 799 1288 ἂν
823 1234 932 1288 οἷόν
961 1253 1017 1288 τε
1052 1251 1106 1307 ῃ,
1133 1235 1191 1286 τὸ
1236 1233 1426 1303 νοηθὲν
1471 1232 1895 1302 ἐξαγγέλλωμεν.

342 1329 406 1380 Ὀ
441 1327 488 1381 δ’
512 1327 726 1398 ἀμαθὴς
756 1328 1020 1395 Παλαμᾶς
1055 1329 1141 1378 διὰ
1179 1327 1408 1395 γνώμης
1447 1327 1650 1378 ἀτόπου
1693 1327 1899 1395 μοχθη-

335 1418 564 1489 ροτέραν
601 1421 715 1484 ἕξιν
761 1421 911 1490 παρὰ
963 1420 1166 1488 φαῦλον
1221 1419 1318 1481 τὰς
1352 1419 1461 1471 τῶν
1501 1418 1672 1486 ἁγίων
1711 1418 1896 1488 ῥήσεις

333 1511 724 1578 ποιησάμενος,
757 1511 856 1579 τὴν
909 1511 1004 1563 τοῦ
1053 1511 1187 1563 Θεοῦ
1243 1511 1612 1578 συνεκύκησεν
1659 1509 1896 1576 Ἐκκλη-

333 1603 477 1666 σίαν,
539 1603 638 1654 οὐκ
685 1598 784 1654 οἷδ’
833 1602 1113 1670 ὁπότερον,
1171 1601 1270 1654 εἶτ’
1323 1601 1470 1652 ἄκων
1524 1600 1736 1666 ἀγνοῶν
1794 1603 1893 1668 τὴν

330 1696 561 1748 ἐκείνων
607 1695 866 1758 διάνοιαν,
921 1695 1021 1746 εἴθ’
1089 1693 1228 1747 ἑκὼν
1291 1693 1632 1762 βλασφημῶν
1686 1695 1776 1744 καὶ
1835 1697 1893 1744 ἐν

332 1785 718 1855 ὑποκειμένοις
751 1786 842 1837 καὶ
874 1785 1151 1852 διαφόροις
1189 1783 1504 1852 πράγμασι.
1541 1783 1610 1834 τὰ
1658 1783 1891 1854 διάφορα

2007 595 2205 663 pienda
2223 605 2452 660 attenta,
2476 595 2567 648 alii
2593 596 2748 649 aliter
2775 595 3156 664 persequimur
3177 594 3230 647 id
3255 594 3400 662 quod
3425 609 3567 661 quaa-

2007 689 2278 752 rimus,et
2306 687 2371 740 ad
2394 688 2662 741 rationem
2690 687 2758 740 de
2786 688 3034 758 subjecto
3061 687 3260 757 cuique
3288 688 3530 741 innatam
3553 725 3568 749 ,

2005 778 2135 846 quid
2166 787 2221 830 et
2253 778 2412 846 quale
2439 777 2509 829 sit
2543 777 2594 829 id
2625 778 2772 845 quod
2804 778 3184 846 cogitavimus,
3217 775 3567 846 proferimus.

2005 866 2229 929 Ignarus
2270 876 2448 921 autem
2494 868 2742 921 Palatinas
2769 879 2995 936 propter
3019 867 3272 921 absurdae
3293 865 3571 935 opinionis

2004 961 2330 1028 pravitatem
2364 960 2644 1028 corruptis
2682 969 2997 1014 sanctorum
3036 961 3217 1016 verbis
3254 960 3349 1014 Dei
3383 959 3569 1014 Eccleo

2001 1049 2135 1100 siam
2183 1049 2560 1116 perturbavit,
2597 1050 2784 1120 nescio
2822 1063 2951 1102 num
3007 1049 3231 1112 invitus,
3294 1049 3566 1118 incognita

2001 1141 2220 1194 illorum
2273 1142 2585 1203 sententia,
2649 1157 2717 1194 an
2764 1140 2958 1210 sponte
3003 1141 3390 1210 blaspltemans
3423 1150 3480 1194 et
3515 1139 3568 1192 in

2001 1232 2264 1300 subjectis
2309 1243 2364 1284 et
2418 1233 2587 1285 variis
2654 1233 2821 1285 rebus
2871 1231 3019 1284 varia
3080 1233 3175 1285 illa
3240 1232 3421 1285 omnia
3487 1230 3572 1284 di-

2001 1322 2122 1376 vina
2196 1326 2413 1377 nemina
2489 1326 2653 1392 impie
2723 1326 3062 1387 sublaturus,
3088 1335 3142 1378 et
3197 1326 3394 1378 nzultos
3444 1323 3571 1377 inde

1998 1399 2283 1483 variosque
2331 1416 2601 1469 inereatos
2643 1417 2997 1470 nuntiaturus
3039 1417 3171 1470 deos
3215 1425 3270 1468 ct
3315 1415 3564 1468 deitates.

1997 1507 2114 1559 Non
2149 1507 2294 1559 enim
2325 1507 2538 1560 audisse
2561 1507 2776 1560 videtur
2801 1507 3120 1576 Gregorium
3155 1507 3453 1578 Nysscnum
3481 1505 3561 1559 di-

1995 1609 2246 1654 centem:
2283 1600 2337 1652 Si
2370 1615 2474 1653 non
2522 1617 2681 1654 unam
2745 1617 2866 1658 esse
2907 1603 3276 1657 venerabilem
3313 1615 3557 1656 naturam

1994 1694 2284 1745 crederent
2335 1693 2621 1756 hoinincs,
2664 1694 2759 1749 sed
2805 1695 2859 1749 in
2918 1697 3096 1749 varias
3143 1695 3375 1751 deitates
3419 1697 3564 1765 cegi-
3641 1703 3652 1711 '

1997 1785 2201 1836 latione
2241 1784 2664 1850 distribuerent,
2722 1799 2828 1841 non
2879 1797 3029 1842 esset
3086 1788 3235 1856 quod
3289 1788 3566 1841 notionem

328 1877 443 1930 τῶν
479 1851 688 1930 πολλῶν
727 1877 948 1928 ἐκείνων
983 1851 1304 1942 θεοπρεπῶν
1343 1851 1626 1942 όνομάτων
1682 1851 1895 1937 ἀσεϐῶς

2004 1871 2094 1924 Dei
2141 1886 2237 1941 per
2268 1887 2575 1928 creaturam
2611 1874 2971 1945 prodeuntem
3029 1881 3410 1944 constitueret,
3470 1878 3565 1930 sed

331 1969 714 2036 ἐκλαμϐάνων,
763 1969 854 2018 καὶ
894 1965 1096 2027 πολλὰς
1150 1965 1243 2018 καὶ
1298 1965 1588 2033 διαφόρους
1645 1966 1896 2018 ἐντεῦθεν

332 2062 626 2120 ἀκτίστους
656 2059 944 2127 κηρύττων
1001 2057 1157 2119 Θεοὺς
1186 2057 1280 2110 καὶ
1306 2055 1590 2125 θεότητας.
1625 2057 1760 2109 Οὐδὲ
1789 2057 1895 2127 γὰρ

330 2155 452 2206 οὐδὲ
507 2154 809 2222 Γρηγορίου
857 2149 952 2203 τοῦ
1013 2149 1254 2218 Νύσσης,
1307 2147 1383 2210 ὡς
1441 2147 1605 2211 ἷοικε,
1665 2147 1899 2215 βοῶντος

333 2246 596 2313 ἀκήκοεν,
621 2245 694 2305 ὡς
723 2244 854 2295 ὅταν
899 2243 988 2311 Δμὴ
1036 2241 1162 2310 μίαν
1217 2236 1359 2292 εἶναι
1408 2239 1507 2308 τὴν
1559 2256 1898 2308 προσκυνου-

337 2334 511 2401 μένην
558 2329 721 2397 φύσιν
777 2331 1142 2382 πιστεύσωσιν
1197 2328 1246 2379 οἱ
1305 2327 1602 2395 ἅνθρωποι,
1645 2327 1759 2378 ἀλλ’
1813 2330 1892 2390 είς

331 2421 625 2487 διαφόρους
665 2419 922 2487 θεότητας
951 2420 1068 2478 ταῖς
1099 2417 1331 2476 ἐννοίαις
1370 2417 1771 2484 ἀπενεχθῶσιν,
1796 2418 1895 2468 ούκ

331 2514 480 2565 ἔστιν
510 2511 537 2563 ὃ
560 2512 746 2579 στήσει
775 2511 873 2578 τὴν
899 2512 1025 2576 περὶ
1049 2510 1108 2560 τὸ
1134 2507 1288 2560 Θεῖον
1308 2507 1576 2574 ὑπόληψιν
1603 2508 1898 2574 προῖοῦσαν

330 2605 424 2657 διὰ
468 2604 566 2670 τῆς
615 2601 869 2662 κτίσεως,
901 2600 1035 2652 ἀλλὰ
1082 2599 1144 2650 τὸ
1189 2597 1441 2667 νομισθὲν
1492 2601 1548 2649 ἐν
1602 2601 1667 2668 τῇ
1724 2597 1898 2650 κτίσει

334 2693 479 2746 θεῖον
537 2693 758 2760 ἀφορμὴ
809 2693 943 2756 πρὸς
997 2691 1095 2759 τὴν
1152 2689 1274 2758 ἴσην
1327 2688 1594 2758 ὑπόληψιν
1642 2688 1718 2757 τῷ
1780 2688 1898 2758 μετ’

333 2787 512 2839 ἐκεῖνο
547 2786 905 2854 θεωρουμένῳ
937 2784 1252 2850 γενήσεται,
1289 2783 1512 2833 κάκεῖνο
1557 2781 1636 2847 τῷ
1673 2781 1896 2849 ἑφεξῆς,

335 2879 431 2931 καὶ
477 2877 564 2929 διὰ
619 2877 831 2928 πάντων
881 2874 913 2942 ἡ
971 2874 1070 2941 τῆς
1098 2872 1422 2932 ἀκολουθίας
1464 2871 1669 2938 ταύτης
1719 2870 1896 2938 πλάνη

1999 1964 2270 2018 creditum
2329 1966 2380 2018 in
2442 1977 2692 2020 creatura
2745 1969 2991 2021 divinum
3055 1970 3188 2022 illud
3238 1971 3566 2038 principium

1997 2054 2080 2117 ei,
2116 2055 2210 2122 qui
2256 2055 2322 2107 ad
2367 2057 2616 2110 eamdem
2665 2059 3134 2116 existimationem
3181 2061 3310 2116 illud
3361 2062 3569 2131 disqui-

2001 2142 2209 2195 siturus
2241 2151 2358 2208 est,
2393 2145 2494 2197 fuit
2525 2146 2787 2200 continuo
2816 2159 2870 2202 et
2903 2149 2956 2201 in
2991 2151 3181 2203 omnia
3231 2151 3393 2219 hujus
3441 2167 3572 2205 cons

2003 2234 2302 2301 sequentia:
2349 2235 2510 2304 373
2567 2252 2725 2290 error
2778 2240 3156 2305 permanabit,
3217 2257 3340 2294 cum
3398 2247 3569 2310 prima

2001 2325 2148 2378 fraus
2194 2324 2322 2379 inde
2369 2342 2466 2394 per
2514 2328 2814 2397 propinqua
2849 2346 3020 2400 mque
3060 2332 3126 2386 ad
3168 2343 3411 2387 extrema
3444 2351 3570 2402 per-

2004 2417 2299 2470 meavcrit.
2357 2417 2559 2472 Deinde
2593 2420 2792 2488 inquit,
2819 2436 2887 2475 ne
2931 2423 3032 2476 hoc
3051 2465 3063 2483 ,
3092 2422 3363 2492 patiamur
3384 2439 3486 2479 nos
3506 2424 3572 2479 ad

2005 2521 2190 2559 veram
2246 2507 2507 2563 deitatem
2564 2510 2756 2564 oculos
2783 2520 3103 2566 convertere
3137 2515 3320 2568 edocti
3355 2531 3384 2567 a
3425 2515 3574 2568 Scri-

2000 2606 2190 2666 ptura,
2224 2613 2384 2653 omne
2417 2610 2660 2654 creatum
2691 2611 2844 2655 extra
2875 2603 3116 2657 divinam
3146 2613 3396 2658 naturam
3425 2607 3574 2674 cogi-

2003 2700 2116 2742 tare
2139 2689 2452 2754 didicimus,
2475 2702 2640 2762 atque
2667 2709 2827 2747 unam
2853 2695 3152 2750 increatam
3177 2708 3424 2753 naturam
3445 2699 3574 2753 ado-

2003 2797 2126 2833 rare
2154 2792 2209 2835 et
2239 2782 2506 2836 venerari
2533 2821 2548 2847 ,
2581 2785 2736 2854 cujus
2763 2785 2979 2854 signum
3010 2796 3092 2841 est
3119 2797 3281 2857 atque
3309 2789 3574 2844 indicium

2003 2887 2180 2941 neque
2211 2873 2453 2942 incipere
2481 2875 2853 2930 exsisteniiam
2887 2893 2988 2932 nec
3017 2879 3290 2936 desinere.

331 2973 763 3042 διενεχθήσεται,
825 2970 928 3037 τῆς
977 2968 1200 3036 πρώτης
1237 2964 1447 3032 ἀπάτης
1515 2965 1603 3016 διὰ
1664 2963 1774 3016 τῶν
1841 2965 2266 3033 παρακειμένων
2312 2967 2475 3035 μέχρι
2525 2967 2632 3020 τῶν
2683 2969 2930 3037 ἐσχάτων
2975 2971 3320 3043 διεξιούσηςο
3354 2971 3572 3040 εἶταὼς

332 3068 402 3120 ἂν
439 3067 512 3135 μὴ
549 3065 727 3126 τοῦτο,
753 3061 907 3128 φησι,
939 3060 1206 3127 πάθοιμεν
1234 3056 1330 3109 καὶ
1357 3057 1516 3123 ἡμεῖς
1547 3057 1593 3108 οἱ
1621 3053 1684 3126 [Γ.
1714 3056 1814 3109 176
1845 3055 1922 3126 υ.]
1964 3055 2103 3124 πρὸς
2126 3056 2224 3126 τὴν
2267 3057 2530 3126 ἀληθινὴν
2597 3061 2840 3130 Θεότητα
2883 3063 3098 3133 βλέπειν
3129 3072 3280 3137 παρᾶ
3309 3070 3408 3138 τῆς
3436 3071 3574 3141 Γρα·

335 3166 445 3233 φῆς
503 3160 904 3227 διδασκόμενοι,
968 3155 1077 3207 πᾶν
1129 3153 1190 3204 τὸ
1242 3151 1462 3206 κτιστδν
1501 3151 1606 3214 ἔξω
1648 3151 1747 3219 τῆς
1807 3152 1957 3213 θείας
1998 3152 2216 3220 φύσεως
2275 3155 2414 3206 νοεῖν
2445 3153 2868 3224 ἐπαιδεύθημεν,
2907 3159 3076 3226 μόνην
3101 3160 3155 3213 δὲ
3185 3165 3283 3231 τὴν
3321 3165 3574 3218 ἄκτιστον

338 3259 501 3326 φύσιν
531 3253 819 3325 λατρεύειν
864 3269 922 3304 τε
955 3249 1051 3304 καὶ
1101 3247 1451 3314 σεϐάςεσθαι,
1491 3241 1560 3318 ἧς
1604 3249 1894 3318 χαρακτήρ
1934 3248 2050 3299 ἐστι
2079 3249 2172 3301 καὶ
2204 3248 2495 3320 γνώρισμα
2521 3251 2581 3304 τὸ
2609 3252 2747 3322 μήτε
2818 3255 3090 3323 ἄρχεσθαι
3151 3257 3252 3310 τοῦ,
3275 3255 3416 3313 εἶναί
3443 3279 3573 3316 ποτε

343 3357 485 3426 μήτε
514 3351 806 3408 παύεσθαι.

408 3443 505 3499 1Δ’.
554 3443 716 3513 Ὁρᾷς
752 3441 810 3493 τὸ
844 3440 950 3493 τῶν
1000 3437 1251 3506 πατρίων
1294 3435 1513 3507 θεσμῶν
1555 3439 1652 3491 καὶ
1686 3438 1900 3508 ῥήσεων

2077 3439 2230 3494 XIV.-
2258 3439 2501 3497 Videsne
2533 3457 2782 3497 veterum
2811 3445 3156 3503 decretorum
3187 3449 3574 3520 dictorumque

336 3533 826 3606 ἀναμφισϐήτητόν
848 3548 906 3584 τε
941 3530 1037 3582 καὶ
1062 3529 1516 3582 δυσαντίϐλεπτον
1550 3530 1687 3599 μετὰ
1718 3529 1898 3596 πάσης

335 3627 649 3698 εὐκρινείας
703 3624 818 3694 ἅμα
869 3622 964 3674 καὶ
1025 3620 1401 3690 καθαρότητος
1453 3621 1676 3690 προῖόνς
1713 3621 1900 3690 Μόνην

332 3721 446 3788 γὰρ
479 3717 577 3786 τὴν
613 3718 762 3770 θείαν
807 3715 994 3767 οὐσίαν
1044 3711 1139 3764 καὶ
1194 3711 1356 3779 φύσιν
1390 3711 1674 3780 λατρεύειν
1714 3727 1774 3762 τε
1806 3711 1901 3761 καὶ

334 3810 590 3864 σέϐεσθαι
625 3811 898 3877 παραινεῖ⁸
931 3807 966 3860 ἃ
1018 3805 1061 3857 δ’
1111 3806 1338 3858 ἀνούσιά
1382 3822 1437 3856 τε
1487 3806 1578 3857 καὶ
1611 3803 1781 3855 πολλὰ
1808 3803 1902 3855 καὶ

330 3901 435 3969 τῆς
468 3898 620 3961 θείας
647 3898 861 3963 φύσεως
889 3895 1068 3956 ἐκτὸς,
1093 3894 1297 3947 τούτων
1339 3893 1492 3945 οὐδὲν
1519 3893 1728 3962 οὐδαμῆ
1763 3895 1901 3961 μήτε

334 3991 666 4060 προσκυνεῖν
716 3990 855 4056 μήτε
909 3985 1183 4038 σέϐεσθαι.
1216 3984 1458 4054 Πολέμια
1511 3986 1620 4052 γὰρ
1653 3984 1902 4050 ἀλλήλοις

335 4085 428 4137 καὶ
457 4083 598 4135 πάνυ
630 4082 912 4150 μαχόμενα
934 4079 1010 4146 τῷ
1047 4096 1105 4130 τε
1160 4082 1306 4146 μόνῳ
1364 4078 1429 4128 τὰ
1485 4076 1655 4129 πολλὰ
1706 4077 1801 4128 καὶ
1836 4079 1900 4145 τῇ

338 4178 497 4246 οὐσίᾳ.
539 4177 606 4227 τὰ
650 4173 894 4225 ἁνούσια.
947 4174 1102 4223 Δυοῖν
1137 4172 1242 4240 γὰρ
1276 4171 1490 4237 ἀνάγκη
1547 4169 1903 4236 περιπίπτειν

337 4270 564 4338 θλτέρᾳ,
605 4268 635 4336 ἢ
664 4269 728 4336 τῇ
761 4265 870 4316 τῶν
894 4264 1106 4316 ἀσεϐῶν
1124 4263 1280 4331 ἀθεῖᾳ
1312 4263 1344 4330 ἢ
1371 4253 1470 4311 ’καὶ
1491 4263 1555 4330 τῇ
1583 4261 1680 4323 τῆς
1720 4259 1907 4328 Ἐλλή-

338 4381 446 4417 νων
492 4361 783 4420 πολυθεῒας
825 4358 1161 4425 ἁσεϐεστέρςι
1183 4356 1373 4420 κακίᾳ,
1409 4351 1612 4420 μεταξὺ
1641 4351 1907 4418 κειμένην

339 4457 783 4526 παρατρέχοντας
809 4452 906 4522 τὴν
933 4450 1236 4502 εὐσέϐειαν.
1278 4448 1362 4509 Ὠς
1387 4447 1480 4499 καὶ
1511 4446 1668 4497 τοῦτο
1708 4443 1908 4497 πολλάο

337 4566 428 4608 κις
463 4549 592 4616 ἡμῖν
624 4545 884 4613 ἀνωτέρω
933 4541 1024 4592 καὶ
1077 4539 1312 4608 διαρκῶς
1360 4539 1760 4596 ἀποδέδεικται.
1808 4537 1908 4604 τὴν

342 4643 444 4710 μὲν
469 4640 574 4690 τῶν
605 4637 875 4706 Ἑλλήνων
909 4635 1107 4704 δηλαδὴ
1148 4633 1438 4685 πολυθεῖαν
1472 4630 1678 4701 βραχύν
1728 4643 1784 4682 τε
1815 4632 1908 4682 καὶ

338 4735 441 4785 οὑκ
479 4731 707 4799 ἄπειρον
755 4729 845 4780 τὸν
880 4726 1115 4795 ἀριθμὸν
1163 4721 1568 4790 κεκληρῶσθαι,
1605 4721 1702 4789 τὴν
1733 4720 1790 4772 δὲ
1813 4719 1906 4771 τοῦ

342 4825 581 4893 Halani
608 4824 782 4892 πέρας
811 4821 993 4890 εὑρεῖν
1032 4818 1244 4886 οὐδαμῆ
1273 4831 1424 4880 ποτε,
1455 4816 1554 4867 οὐκ
1579 4810 1676 4866 οἶδ’
1711 4814 1904 4865 ὁπότεο

345 4935 437 4987 ρον
482 4916 694 4983 εἴποιμι
744 4913 810 4965 ἂν
872 4908 1282 4979 προσηκόντως,
1335 4906 1434 4957 εἴτ’
1488 4905 1548 4958 οὑ
1619 4901 1906 4973 βούλεσθαι

339 5011 442 5063 εἰτ’
469 5009 529 5060 οὑ
562 5006 844 5060 δύνασθαι’
878 5003 1045 5072 ἄμφω
1079 5001 1184 5070 γὰρ
1215 4999 1350 5068 αὐτῇ
1387 4997 1627 5068 μεγάλην
1647 4996 1756 5064 ἔχει
1797 4994 1906 5064 χώ-

342 5122 447 5173 ραν
486 5101 602 5170 ἅμα
662 5100 755 5151 καὶ
804 5097 901 5166 οὑχ
939 5095 1077 5161 ἅμα.
1120 5093 1186 5142 "A
1220 5092 1327 5159 γὰρ
1359 5089 1599 5152 ἀμαθοῦς
1641 5087 1773 5155 ὁμοῦ
1817 5087 1908 5138 καὶ

339 5193 685 5260 κακοτρόπου
715 5189 951 5248 διανοίας
988 5186 1242 5255 ἀπορρεῖ,
1277 5182 1480 5233 τούτων
1509 5177 1648 5232 εἶναι
1683 5179 1848 5247 μηδὲν
1878 5177 1906 5229 ὃ

342 5287 423 5356 μὴ
451 5286 652 5345 κακίας
683 5283 877 5344 ἀπόζει
906 5280 1121 5349 μακρᾶς
1159 5279 1264 5348 ἰδίᾳ
1314 5277 1407 5326 καὶ
1444 5277 1619 5343 κοινῇ.

419 5379 524 5429 Καὶ
562 5375 737 5427 ταῦτα
773 5375 868 5442 μὲν
918 5373 1043 5442 τῇδέ
1089 5388 1165 5439 πη
1204 5369 1350 5437 ἔσχε,
1403 5367 1497 5418 καὶ
1526 5365 1716 5417 τοῦτον
1751 5365 1906 5435 εἰρῆ-

339 5469 467 5522 σθαι
521 5468 609 5519 τὸν
659 5468 860 5535 τρόπον
907 5463 1275 5532 συμπέπτωκε
1327 5459 1401 5528 τῷ
1455 5459 1713 5530 Γρηγορᾷ
1775 5459 1905 5526 περὶ

337 5561 450 5613 τῶν
488 5560 634 5610 δυοῖν
673 5557 1016 5626 ζητημάτων.

557 5905 829 5958 ΡΑτιιυι..
861 5902 974 5957 (in.
1008 5901 1281 5966 CXLIX.

2003 3532 2444 3598 probabilitatem
2472 3535 2540 3588 ad
2577 3537 2937 3592 refutandum
2965 3540 3239 3595 diﬂicilem
3272 3557 3394 3598 cum
3424 3548 3570 3598 omni

2002 3622 2388 3691 perspicuitate
2417 3635 2469 3678 et
2493 3627 2824 3681 claritudine
2851 3631 3158 3697 prolatam?
3205 3634 3376 3687 Unam
3425 3640 3571 3689 enim

2003 3713 2242 3766 divinam
2275 3717 2569 3769 essentiam
2602 3727 2658 3770 et
2699 3728 2949 3773 naturam
2983 3723 3212 3778 adorare
3241 3735 3296 3778 et
3323 3729 3573 3782 venerari

2002 3803 2435 3871 commonemur,
2475 3810 2842 3863 iuessentialia
2911 3823 2967 3865 et
3025 3816 3198 3868 multa
3243 3826 3396 3870 extra
3437 3821 3576 3872 divi-

2006 3913 2128 3950 nam
2163 3907 2416 3970 naturam
2464 3899 2644 3967 posita
2685 3902 2918 3956 minime
2949 3905 3178 3958 adorare
3209 3916 3263 3959 et
3302 3913 3572 3966 venerari.

2006 3987 2122 4040 Sibi
2150 3988 2295 4040 enim
2325 3988 2548 4042 inimica
2579 4000 2631 4042 ct
2656 3991 2818 4045 valde
2844 3997 3224 4063 repugnantia,
3260 4001 3352 4052 uni
3385 4001 3573 4069 multa,

2003 4081 2253 4132 essentia:
2276 4081 2523 4133 inessent
2561 4082 2687 4136 alia.
2721 4083 2956 4139 Necesse
2981 4098 3065 4140 est
3092 4090 3237 4141 enim
3285 4098 3344 4143 ut
3369 4092 3577 4146 incida—

2008 4185 2128 4223 mus
2147 4181 2242 4224 aut
2267 4171 2640 4241 in,impiorum
2671 4175 3024 4237 atheismum,
3054 4189 3148 4232 aut
3177 4181 3229 4232 in
3261 4180 3574 4235 Grazcorum

2006 4265 2353 4334 polytheisnii
2388 4265 2680 4319 nefandam
2740 4267 3111 4324 calamitatem
3135 4311 3149 4334 ,
3183 4282 3578 4341 praetereuntes

2013 4356 2333 4425 religionem
2367 4357 2509 4409 intra
2541 4358 2798 4425 positam,
2821 4361 2966 4428 quod
3001 4377 3164 4430 supra
3193 4370 3249 4415 et
3277 4378 3420 4433 saepe
3441 4365 3576 4421 alias

2015 4448 2541 4504 demonstravimus.
2567 4453 2774 4520 Nempe
2825 4453 3138 4508 Graecorum
3183 4455 3578 4526 polytltcismus

2009 4541 2266 4608 exiguum
2293 4581 2307 4602 ,
2352 4557 2461 4595 non
2508 4545 2834 4598 immensum
2880 4560 3172 4599 numerum
3213 4547 3319 4600 sibi
3358 4564 3578 4620 compa-

2011 4632 2187 4697 ravit,
2247 4633 2495 4687 Palamas
2543 4651 2677 4688 vero
2737 4636 2872 4688 tiues
2919 4637 3164 4692 invenire
3200 4639 3349 4693 nullo
3379 4642 3577 4708 tnodo,

2012 4725 2199 4778 nescio
2244 4734 2427 4778 utrum
2472 4728 2612 4781 nolit
2665 4743 2733 4780 an
2785 4739 3041 4797 nequeat.
3081 4731 3388 4802 Utrumque
3430 4737 3578 4788 enim

2015 4812 2130 4866 ﬂeri
2163 4822 2219 4866 et
2249 4825 2428 4883 potest
2466 4828 2522 4871 et
2561 4834 2667 4871 non
2697 4817 2860 4890 374
2892 4829 3088 4888 potest.
3122 4822 3252 4888 Qua:
3285 4840 3467 4879 autem
3510 4841 3579 4881 ex

2014 4905 2203 4974 ignara
2255 4915 2310 4961 ct
2355 4909 2590 4979 maligna
2646 4922 2830 4966 mente
2862 4914 3174 4983 proﬂuunt,
3211 4915 3405 4971 horum
3439 4919 3577 4972 nihil

2012 5007 2134 5060 est,
2175 4999 2321 5068 quod
2362 5016 2470 5052 non
2512 5002 2731 5070 publice
2769 5015 2824 5057 et
2863 5005 3116 5073 privatim
3164 5007 3308 5061 oleat
3341 5007 3578 5063 immen-

2013 5105 2127 5143 sam
2165 5094 2510 5160 pravitatem.

2086 5355 2210 5411 llz‘rc
2252 5358 2326 5411 ita
2372 5375 2430 5412 se
2477 5359 2783 5424 habebant,
2835 5362 3021 5417 ethoc
3068 5367 3231 5419 modo
3264 5370 3331 5421 de
3361 5370 3577 5424 duabus

2014 5440 2417 5512 quaestionibus
2443 5446 2704 5502 disseruit
2734 5447 3026 5517 Grcgoras.

3151 5900 3221 5955 H
