4046 6290
550 421 650 482 331

1739 409 2153 471 NlCEi’llORl
2197 403 2579 467 GBESORKE

3647 393 3746 460 332

1482 769 1846 863 ΛΟΓΟΣ
1924 771 2640 862 ΔΟΓΜΑΤΙΚΟΣ
2715 763 2835 853 ,[ν.

562 964 850 1033 Animam;
900 962 1032 1031 περὶ
1087 960 1193 1026 τῆς
1237 958 1558 1023 διαλέξεως
1600 956 1682 1024 ἢν
1735 960 1766 1010 ὀ
1821 957 2131 1028 Γρηγορᾶς
2177 955 2440 1028 μοναχες
2492 953 2828 1021 [νικηφόρος
2875 952 3236 1020 ἐποιήσατο,
3292 949 3622 1019 ἀρξάμενος
3659 948 3760 1017 μὲν

628 1059 745 1111 ἀπὸ
780 1057 886 1110 τοῦ
925 1053 1230 1120 ,βασιλέως
1263 1049 1449 1118 πυροῦ
1523 1049 1782 1120 Ἶωάσηφ
1841 1051 1945 1105 τοῦ
1991 1047 2512 1116 Καντακουζηνοῦ,
2546 1044 2802 1109 τελέσας
2829 1044 2897 1096 δὲ
2951 1043 3145 1111 αὐτὴν
3195 1044 3346 1110 πρὸς
3396 1040 3539 1107 τοὺς
3592 1039 3760 1094 αὐτοῦ

629 1152 866 1222 Παλαμί
868 1169 974 1218 τας

1245 1443 1592 1532 LIBER
1696 1437 2456 1528 DOG‘MATICUS

2553 1431 3110 1522 TERTIUS.

559 1643 800 1709 Relatio
857 1641 1158 1703 sermonis
1216 1654 1390 1715 quem
1441 1632 1836 1712 Nicephorus
1897 1628 2207 1706 Gregoras
2256 1625 2590 1686 monachus
2641 1621 2903 1693 habuit,
2963 1609 3216 1682 initium
3277 1618 3353 1678 ab
3409 1621 3767 1697 imperatore

1136 1739 1384 1802 domino
1428 1735 1751 1814 Joasapho
1791 1733 2246 1804 Cantacuzeno,
2277 1727 2457 1808 ﬁnem
2488 1727 2556 1788 in
2588 1723 2930 1786 Palamitas
2959 1725 3220 1803 faciens.

631 2041 834 2113 3⁵751
877 2040 1001 2095 llaec
1019 2038 1264 2106 quidem,
1284 2033 1606 2089 charissima
1632 2033 1948 2103 Protagora,
1981 2033 2115 2089 satis

2293 2031 2372 2087 A’.
2406 2027 2551 2097 Εἶεν,
2599 2025 2645 2086 ὦ
2679 2032 2847 2103 φίλων
2882 2033 3076 2103 ἄριστε
3134 2035 3500 2106 Πρωταγόρα.
3553 2038 3632 2090 Τὰ
3683 2037 3773 2106 μὲν

566 2142 752 2185 sunto.
787 2128 892 2183 Sed
943 2143 1064 2196 quae
1117 2127 1399 2194 hucusque
1455 2137 1484 2175 a
1533 2132 1586 2177 te
1641 2123 1783 2178 dicta
1838 2133 1967 2177 sunt
1999 2138 2120 2192 par-

561 2225 658 2277 tim
697 2222 806 2292 jam
859 2219 1081 2273 aliunde
1133 2216 1298 2271 fando
1347 2214 1571 2278 audivi,
1616 2214 1812 2284 partim
1852 2228 1882 2268 e
1917 2213 2120 2268 mentis

559 2328 694 2367 mea:
726 2310 1058 2380 cogitatione
1091 2308 1285 2370 hausta
1321 2306 1629 2374 conscripsi
1652 2346 1667 2370 ,
1699 2319 1825 2358 cum
1864 2303 2119 2358 recorda-

562 2405 752 2466 tionis,
787 2412 846 2457 ut
874 2404 945 2456 ita
983 2401 1189 2465 dicam,
1219 2414 1314 2453 ver
1351 2398 1486 2451 mihi
1521 2413 1839 2451 renovarent
1870 2407 1925 2450 et
1957 2394 2118 2449 simul

558 2495 854 2552 oblivionis
892 2494 1106 2548 senium
1148 2495 1458 2544 reticerem.
1499 2489 1623 2542 Tibi
1665 2499 1846 2542 autem
1885 2504 1971 2541 me
2009 2504 2118 2541 non

571 2587 817 2656 exiguas,
847 2587 942 2641 sed
982 2585 1186 2654 gratias
1225 2583 1534 2638 uberrimas
1571 2581 1771 2635 debere
1809 2580 1944 2634 satis
1981 2580 2117 2645 scio,

569 2689 631 2735 et
672 2681 908 2744 primum
955 2677 1178 2747 quidem
1231 2686 1458 2746 propter
1496 2672 1798 2728 certamina
1831 2671 2116 2726 dialectica

559 2774 816 2841 Gregorae
839 2813 854 2838 ,
890 2770 984 2842 qui
1021 2754 1205 2825 socius
1240 2777 1430 2824 noster
1459 2767 1698 2834 accingit
1731 2781 1788 2820 se
1823 2765 1878 2819 in
1919 2774 2120 2818 sanctae

557 2867 822 2922 doctrinae
850 2864 1214 2927 adversarios,
1234 2861 1434 2916 deinde
1469 2870 1575 2915 tua:
1602 2858 1770 2914 animi
1811 2858 2118 2928 sapientiae,

561 2958 728 3029 376
758 2957 962 3027 quippe
994 2955 1087 3024 qui
1121 2953 1341 3022 egregie
1373 2951 1866 3006 communicaveris
1906 2964 2117 3003 mecum

571 3063 914 3119 quaecunque
961 3047 1236 3101 dictorum
1287 3044 1433 3098 illius
1467 3043 1917 3113 praestantissima
1966 3053 2118 3106 sunt,

567 3142 763 3210 sicque
789 3154 1031 3192 mensam
1059 3136 1197 3190 mihi
1227 3133 1554 3204 apposueris
1585 3133 1968 3187 suavissimam
1994 3147 2118 3186 cum

555 3233 729 3286 animi
757 3228 1135 3297 magnitudine
1175 3235 1230 3281 et
1274 3241 1490 3282 summo
1535 3224 1739 3279 officio.
1786 3223 1866 3278 Tu
1912 3237 2042 3278 vero
2072 3222 2118 3276 si

557 3325 642 3379 vis
669 3324 772 3376 hoc
796 3335 1016 3390 quoque
1041 3319 1273 3374 alterum
1307 3317 1439 3370 mihi
1466 3331 1728 3385 exponas.
1751 3315 1946 3370 Audivi
1973 3319 2116 3370 enim

2220 2123 2285 2194 δὴ
2327 2122 2488 2195 μέχρι
2521 2124 2612 2176 καὶ
2643 2124 2700 2186 ἐς
2736 2123 2854 2176 τόδε
2887 2140 2968 2176 σοι
3014 2125 3284 2196 εἰρημένα
3319 2127 3414 2179 καὶ
3449 2127 3621 2194 ἔγνων
3650 2127 3776 2191 ἀκη-

2219 2213 2362 2277 κοὼς
2408 2214 2507 2268 καὶ
2540 2211 2618 2282 τῷ
2641 2212 2991 2282 φανταστικῷ
3021 2215 3118 2282 τῆς
3163 2215 3304 2284 ἐμῆς
3331 2215 3656 2285 ἁνάγραπτα
3683 2213 3775 2282 ψυ-

2220 2306 2322 2376 χῆς
2373 2305 2730 2375 ἐπεπράκειν,
2779 2306 3001 2374 μνήμης
3043 2323 3102 2358 τε
3173 2305 3275 2375 ἔαρ
3317 2307 3673 2377 δημιουργῶν
3707 2306 3776 2374 ὡς
3879 2343 3882 2348 -

2219 2398 2394 2451 είπεῖν
2440 2395 2686 2466 ἐμαυτῷ,
2725 2395 2820 2449 καὶ
2853 2395 2968 2464 ἅμα
3016 2394 3188 2467 λήθης
3213 2400 3394 2466 γῆρας
3432 2397 3635 2450 οὑτωσί
3669 2412 3776 2459 πως

2221 2484 2678 2554 ἐπιτεχνώμενος.
2712 2485 2822 2539 Καί
2858 2502 2940 2538 σοι
2969 2485 3144 2554 χρεὼν
3190 2487 3388 2542 ειδέναι
3435 2504 3506 2557 με
3562 2487 3776 2557 χάριτας

2221 2575 2279 2626 οὐ
2309 2574 2587 2646 βραχείας,
2618 2577 2701 2629 ὅτι
2727 2577 2804 2646 μὴ
2829 2577 2923 2630 καὶ
2947 2577 3095 2644 μάλα
3123 2576 3387 2641 πλουσίας
3417 2577 3776 2647 ὁμολογοῦντα

2222 2665 2440 2735 πρῶτον
2476 2665 2576 2733 μὲν
2620 2667 2735 2730 τοῖς
2775 2665 3138 2732 διαλεκτικοῖς
3169 2669 3349 2737 ἀγῶσι
3377 2669 3477 2722 τοῦ
3511 2670 3773 2741 Γρηγορᾶ,

2219 2756 2302 2810 ὅτι
2334 2757 2765 2828 πολεμουμένοις
2812 2762 2925 2822 τοῖς
2972 2761 3074 2829 τῆς
3131 2760 3412 2822 εὐσεϐείας
3465 2761 3699 2832 δόγμασι
3721 2761 3776 2814 τό

2225 2865 2288 2917 γε
2354 2851 2435 2913 είς
2492 2852 2654 2904 αὐτὸν
2697 2846 2831 2922 ἧκον
2883 2851 3261 2918 ἀνθοπλίζεται
3309 2855 3618 2926 συμμαχῶν
3667 2855 3775 2921 ἀεὶ,

2222 2941 2413 2994 ἔπειτα
2445 2942 2539 2995 καὶ
2569 2942 2893 3013 μεγαλονοίᾳ
2939 2945 3005 3014 τῇ
3058 2945 3125 3014 σῇ
3184 2944 3398 3013 εὐφυῶς
3429 2962 3493 2998 τε
3525 2943 3777 3009 ἀναλεξαο

2225 3035 2369 3104 μένῳ
2399 3035 2464 3087 τὰ
2494 3033 2895 3104 χρειωδέστερα
2945 3035 3053 3088 τῶν
3103 3036 3298 3106 ἐκείνῳ
3350 3036 3654 3106 λεχθέντων
3695 3033 3780 3088 καὶ

2219 3126 2502 3194 τράπεζαν
2557 3127 2689 3195 ἡμῖν
2739 3126 2963 3197 ἡδίστην
3013 3128 3152 3181 αὐτὰ
3208 3129 3516 3199 παραθέντι
3562 3129 3780 3202 μεγαλο-

2220 3217 2403 3288 ψύχως
2431 3219 2527 3274 καὶ
2563 3219 2686 3287 δίχα
2718 3219 2978 3288 φορτικοῦ
3008 3237 3153 3284 τινος
3180 3221 3345 3290 ’ἔχθους
3383 3223 3611 3286 παντός.
3639 3222 3708 3275 Σὺ
3738 3219 3778 3273 δ’

2222 3315 2270 3364 εἰ
2322 3311 2522 3380 βούλει,
2564 3311 2658 3364 καὶ
2695 3311 2972 3392 δευτέρανκ
2993 3313 3116 3382 ἐμοὶ
3167 3313 3371 3384 ταύτην
3424 3314 3619 3381 ἔφεσιν
3655 3314 3782 3383 πρὸς

557 3417 917 3486 Joasapltum,
943 3416 1074 3482 imp.
1105 3429 1278 3482 nuper
1309 3412 1623 3468 abdicatum
1651 3409 2115 3471 Cantacuzenum,

2221 3378 2359 3458 Θεοῦ
2403 3403 2577 3466 τελεῖν
2624 3378 3038 3475 προθυμηθηῖτι,
3082 3378 3592 3476 Ἀκήκοανγὰρνκαὶ
3640 3378 3782 3458 Ἰωά-

551 3510 907 3566 vehementer
937 3507 1137 3562 iratum
1161 3505 1415 3575 Gregorii:
1441 3504 1535 3573 qui
1556 3503 1759 3573 scripta
1779 3513 1836 3560 et
1862 3503 2116 3558 historias

555 3600 748 3669 longas
781 3597 849 3653 de
882 3595 1252 3665 diSputatione
1279 3595 1372 3649 illa
1395 3593 1707 3649 confecerat
1735 3604 1791 3649 et
1816 3593 2016 3662 publici
2042 3593 2122 3648 fe-

556 3699 708 3746 cerat
737 3689 876 3758 juris
924 3690 978 3742 in
1015 3684 1370 3756 iguOminiam
1425 3685 1757 3741 asseclarum
1792 3685 2057 3747 Palamae,
2088 3699 2120 3740 e

554 3781 717 3838 libris
748 3779 992 3850 quaedam
1028 3778 1255 3847 elegisse
1285 3784 1337 3832 et
1364 3777 1509 3832 domi
1539 3777 1900 3849 interpretum
1931 3778 2122 3834 indoc-

558 3886 738 3928 torum
767 3870 1084 3928 convocatis
1117 3867 1500 3928 conciliabulis
1530 3868 1708 3939 plenis
1744 3878 1800 3928 el
1843 3868 2121 3924 advocatis

562 3963 828 4032 theologis
856 3962 1197 4024 amentibus,
1231 3959 1426 4014 horum
1460 3973 1564 4028 ope
1592 3967 1818 4028 repente
1839 3939 2120 4013 doctrinas

553 4056 823 4115 absurdas
841 4053 1106 4110 contlasse
1129 4061 1185 4107 et
1207 4051 1400 4112 eodem
1417 4052 1506 4106 die
1523 4052 1605 4110 sic
1625 4067 1939 4108 sermonum
1959 4067 2122 4122 expc.

552 4150 809 4207 sitionem
837 4164 904 4204 ex
932 4161 1178 4217 tempore
1208 4146 1549 4212 instituisse;
1584 4145 1781 4202 deinde
1806 4160 1933 4200 eum
1965 4153 2116 4214 post-

554 4258 719 4312 quam
739 4241 970 4296 dixisset
989 4250 1045 4294 et
1067 4238 1372 4294 audivisset
1391 4237 1641 4295 convicia
1661 4238 1831 4294 multa
1849 4237 1902 4293 in
1919 4237 2124 4305 Grego-

555 4348 696 4396 ram,
735 4334 846 4386 imo
890 4340 1082 4388 contra
1119 4330 1294 4400 ipsam
1328 4329 1684 4399 religionem,
1719 4330 1838 4385 haec
1865 4331 2118 4400 pluribus

550 4428 708 4482 libris
743 4423 1144 4494 conscripsisse
1175 4433 1230 4478 et
1261 4423 1482 4479 traditis
1513 4424 1598 4478 bis
1629 4425 1684 4478 in
1718 4438 1919 4480 manus
1945 4425 2118 4480 haere-

558 4521 796 4574 ticorum
809 4517 1037 4588 jussisse
1059 4523 1306 4585 utquam
1328 4515 1617 4571 celerrime
1637 4517 1812 4572 nubes
1837 4517 2116 4573 convicio-

555 4625 678 4663 rum
712 4606 1159 4676 turpissimorum
1193 4605 1396 4659 litteris
1415 4607 1792 4662 mandaretur.
1827 4606 1933 4662 Sed
1972 4621 2117 4662 anno

2225 3515 2333 3567 σαφ
2383 3497 2476 3550 τὸν
2522 3496 3059 3565 προϐεϐασιλευκύτα
3106 3498 3589 3569 Καντακουζηνὸν,
3635 3499 3781 3554 ἀνια-

2223 3592 2383 3646 θέντα
2416 3591 2538 3644 λίαν
2582 3591 2676 3643 ἐπὶ
2703 3590 2782 3660 τῷ
2812 3591 3091 3661 Γρηγορᾷ,
3122 3593 3364 3660 γραφαῖς
3401 3593 3500 3645 καὶ
3525 3592 3780 3662 ἱστορίαις

2225 3684 2466 3752 μακραῖς
2496 3681 2754 3734 δεδωκότι
2785 3681 2853 3733 τὰ
2909 3681 3010 3749 τῆς
3059 3681 3351 3744 διαλέξεως
3403 3683 3662 3753 ταυτησὶ,
3693 3681 3780 3734 καὶ

2223 3777 2413 3837 ἀκοαῖς
2460 3771 2750 3844 δημοσίαις
2797 3773 2884 3825 ἐπ’
2923 3771 3156 3844 αἰσχύνῃ
3197 3776 3311 3836 τοῖς
3340 3775 3486 3844 ἀμφὶ
3525 3773 3779 3844 Παλαμᾶν

2220 3867 2502 3931 δεδωκότι,
2538 3865 2689 3922 ταῦτ’
2747 3864 2856 3933 ἄρα
2915 3865 3057 3934 μέρη
3108 3866 3229 3918 τινὰ
3291 3866 3404 3918 τῶν
3459 3871 3777 3937 γραφέντων

2221 3958 2598 4026 ἀναλαϐόντα,
2660 3957 2856 4025 λογίων
2914 3958 3144 4024 ἀμαθῶν
3205 3957 3346 4012 οἴκοι
3412 3959 3777 4030 συγκροτῆσαι

2224 4052 2478 4123 συνέδρια
2506 4051 2729 4120 συνεχῆ,
2775 4052 2872 4102 καὶ
2906 4035 3188 4116 θεολόγους
3219 4049 3447 4116 ἀλόγους
3479 4047 3779 4120 χειροτονῆ-

2223 4159 2338 4209 σαι,
2375 4142 2624 4196 παιδείαν
2660 4140 2924 4210 ἐξαίφνης
2953 4139 3410 4210 ἀπαιδαγὼγητον
3434 4142 3778 4211 ὲμφυσήσαν-

2220 4251 2290 4287 τα
2357 4233 2531 4300 σφίσι,
2593 4231 2691 4290 καὶ
2741 4229 3096 4284 διαλεκτικῶν
3154 4231 3408 4286 ἀνάδοσιν
3471 4229 3778 4302 αὐθημερὸν

2221 4324 2426 4377 οὑτωσί⁵
2459 4322 2920 4392 μηχανησάμενον
2964 4321 3334 4392 αὐτοσχέδιον,
3381 4324 3478 4378 καὶ
3507 4322 3676 4386 οὕτως
3708 4323 3780 4374 εί-

2222 4415 2390 4468 πόντα
2412 4414 2476 4484 δὴ
2503 4414 2600 4466 κα)⁸
2630 4413 2943 4467 ἀκούσαντα
2963 4413 3236 4484 λοιδορίας
3261 4416 3622 4484 παμπόλλους
3646 4412 3778 4468 κατὰ.

2221 4505 2333 4566 τῶν
2372 4505 2468 4558 τοῦ
2518 4505 2775 4577 Γρηγορᾶ
2825 4505 3087 4576 ῥημάτων
3138 4507 3234 4559 καὶ
3285 4507 3460 4573 λόγων
3523 4506 3774 4567 ἐκείνων,

2219 4596 2417 4650 ταυτὸν
2450 4596 2494 4648 δ’
2525 4597 2718 4663 εἰπεῖν,
2762 4595 2904 4648 κατὰ
2945 4596 3042 4665 τῆς
3085 4596 3368 4658 εὐσεϐείας
3413 4599 3671 4666 ἄντικρυς
3691 4597 3780 4648 αὐ-

557 4714 670 4754 ιιηο
713 4713 778 4751 ac
817 4696 1046 4752 dimidio
1089 4696 1438 4765 prmterlapso
1479 4695 1655 4751 inanis
1689 4706 1746 4751 et
1788 4696 2115 4753 infecundus

2219 4689 2336 4758 τῆς,
2377 4687 2568 4740 ἔπειτα
2611 4686 2822 4740 πλείοσι
2877 4687 3106 4756 βιϐλίοις
3133 4689 3274 4742 αὐτὰ.
3322 4689 3775 4759 μετεγγράψαντα

552 4789 1028 4859 exspectationem
1062 4796 1221 4841 aestas
1259 4786 1326 4842 iis
1355 4786 1627 4851 efﬂoruit,
1670 4800 1724 4842 et
1757 4788 1904 4857 quod
1935 4799 2023 4844 est
2057 4790 2114 4844 in

2219 4779 2494 4848 διανεῖμαι
2547 4780 2660 4841 τοῖς
2709 4779 3082 4847 αἱρεσιώταις,
3132 4782 3229 4834 καὶ
3265 4784 3590 4851 μυρμηκιὰν
3618 4779 3777 4832 λοιδο-

551 4879 846 4949 proveron
871 4877 1004 4930 illud
1028 4878 1384 4947 conspicuum
1407 4889 1524 4934 erat
1547 4880 1922 4949 :parturiebat
1943 4881 2110 4946 enim,

556 4979 616 5023 ut
640 4968 817 5031 aiunt,
853 4984 1031 5034 mons,
1067 4979 1123 5020 et
1163 4971 1350 5038 genuit
1392 4985 1605 5024 murem
1635 4987 1649 5036 ;
1680 4971 1812 5025 etin
1847 4971 2115 5024 carbones

559 5059 809 5113 abierant
839 5059 1080 5113 thesauri
1110 5061 1446 5128 exspectati;
1475 5069 1532 5114 et
1557 5075 1678 5130 quae
1703 5061 1767 5114 de
1797 5059 2112 5130 huiusmodi

554 5165 685 5203 casu
735 5149 1054 5204 ferebantur
1102 5153 1388 5220 proverbia
1441 5151 1599 5204 facile
1638 5152 1747 5220 jam
1796 5150 1956 5219 377
1994 5160 2107 5205 tum

553 5256 711 5293 usum
747 5239 1115 5294 inveniebant.
1147 5241 1276 5294 Nam
1309 5250 1428 5310 post
1456 5250 1664 5294 tantum
1695 5240 1839 5309 quod
1871 5242 2109 5296 diximus

551 5331 820 5400 temporis
863 5333 1097 5400 Spatium
1134 5333 1184 5385 in
1233 5333 1412 5386 lucem
1457 5341 1837 5400 provenerunt
1882 5332 2102 5386 illorum

550 5423 809 5476 malitiosi
855 5435 909 5477 et
962 5423 1241 5491 impietate
1292 5429 1571 5492 multoque
1605 5425 1809 5493 majore
1844 5425 2102 5493 ignoran-

550 5514 620 5566 tia
671 5513 816 5583 pleni
864 5529 1147 5568 sermones
1213 5515 1294 5566 vel
1344 5515 1524 5582 potius
1575 5513 1720 5567 fetus
1773 5516 2104 5579 monstrosi,

549 5606 750 5673 quibus
786 5605 1009 5659 sibimet
1043 5605 1142 5674 ipsi
1178 5605 1558 5673 ignominiam,
1584 5605 1744 5658 nobis
1780 5621 1825 5656 γε
1848 5621 1906 5656 ro
1935 5607 2104 5657 tisum

547 5697 775 5750 multum
813 5706 1122 5750 moverunt.
1163 5698 1350 5763 Itaque
1383 5711 1502 5762 quin
1557 5695 1667 5748 cito
1695 5707 2101 5763 apparuerunt,

543 5800 647 5837 una
686 5803 808 5839 cum
847 5802 1104 5856 percusso
1137 5801 1264 5839 aere
1297 5795 1657 5842 evanucrant.
1687 5785 1871 5852 N-quc
1919 5796 2100 5841 tamen

2221 4870 2354 4941 ριῶν
2392 4873 2447 4924 ὲν
2491 4872 2728 4941 γραφαῖς
2783 4871 3030 4939 ἀσελγῶν
3052 4873 3152 4935 τὴν
3187 4874 3451 4943 ταχίστην
3487 4887 3776 4941 προστετα-

2215 4963 2366 5034 χέναι
2397 4961 2669 5029 γενέσθαι.
2710 4961 2860 5024 Ἐνὺς
2889 4963 2934 5015 δ’
2969 4965 3180 5016 ἐκεῖθεν
3203 4965 3296 5017 καὶ
3329 4964 3573 5033 ἡμίσεως
3604 4966 3774 5015 ἑνιαυο

2214 5055 2308 5110 τοῦ
2345 5056 2648 5126 τριϐέντος,
2685 5057 2845 5110 κενὸν
2889 5056 2984 5109 καὶ
3028 5057 3291 5125 ἀνήνυτον
3324 5059 3384 5110 τὸ
3415 5061 3524 5111 τῶν
3555 5056 3772 5110 ἐλπίδων

2216 5150 2368 5216 σφίσι
2433 5148 2590 5217 θέρος
2647 5148 2980 5216 ἐϐλάστησε.
3051 5150 3162 5202 Kal
3207 5150 3276 5202 τὰ
3333 5152 3434 5219 τῆς
3479 5146 3771 5218 παροιμίας

2214 5239 2453 5310 ἀτεχνῶς
2480 5241 2709 5308 ἑωρᾶτο·
2745 5239 2900 5292 ῶδινε
2939 5240 3071 5311 γὰρ,
3115 5242 3299 5311 φησὶν,
3332 5242 3476 5312 ὄρος,
3503 5243 3600 5293 καὶ
3628 5240 3769 5290 ἔτεκε

2217 5331 2344 5401 μῦν,
2378 5334 2472 5383 καὶ
2503 5331 2774 5400 ἄνθρακες
2808 5331 2869 5402 If.
2907 5334 3008 5386 156
3043 5333 3118 5404 υ.]
3153 5328 3292 5403 ἦσαν
3325 5336 3511 5398 αὐτοῖς
3538 5334 3588 5386 οἱ
3620 5347 3768 5401 προσ-

2211 5425 2512 5492 δοκώμενοι
2553 5425 2842 5493 θησαυροί.
2907 5428 3016 5478 Καὶ
3053 5430 3175 5480 ὅσαι
3210 5427 3304 5479 τοῦ
3359 5429 3607 5480 τοιούτου
3641 5425 3767 5491 κόμ-

2215 5531 2383 5582 ματος
2408 5510 2546 5582 ἦσαν
2575 5515 2889 5585 παροιμίαι,
2916 5517 3102 5587 χώραν
3129 5519 3286 5588 ἔσχον
3310 5519 3593 5589 τηνικαῦτ’
3619 5517 3766 5570 ἐκλα-

2212 5605 2438 5658 λεῖσθαιτ
2481 5607 2620 5676 μετὰ
2679 5611 2786 5676 γὰρ
2847 5609 3120 5672 τοσοῦτον,
3173 5611 3248 5672 ὡς
3295 5611 3532 5680 εἴρηται,
3583 5608 3761 5677 χρόνον

2209 5699 2441 5764 ὀφθέντα
2497 5703 2566 5754 τὰ
2619 5703 2843 5756 ἐκείνων
2873 5702 3114 5770 δυσσεϐῆ
3164 5703 3259 5755 καὶ
3305 5702 3475 5754 πλείω
3515 5700 3613 5766 τῆς
3646 5700 3761 5750 ἀσε-

2211 5789 2364 5852 ϐείας
2413 5791 2513 5861 τὴν
2561 5793 2806 5862 ἀμαθίαν
2846 5796 3171 5863 ,κεκτημένα
3203 5795 3457 5860 λογάρια,
3494 5793 3689 5846 μᾶλλον
3718 5787 3756 5838 δ’
