4046 6290
280 442 387 499 3253
1239 439 1676 500 ΒΥΖΑΝΤΙΝεΕ
1714 440 1867 499 HIS]

1968 442 2084 499 {LE
2116 444 2256 500 ΜΗ.
2284 442 2529 502 XXXII.

3418 447 3524 509 534

277 554 459 607 εἰπεῖν
492 553 892 622 ὁμελωθρίδια,
930 555 1277 623 κατάγνωσιν
1326 558 1427 624 μὲν
1466 561 1578 619 τοῖς
1604 558 1852 625 οἰκείοις,

1968 560 2037 613 sic
2074 562 2179 613 ulla
2214 561 2440 614 satietas
2474 567 2593 613 erat
2634 566 2796 612 tanta:
2827 558 3276 615 adversariorum
3314 561 3526 632 impro-

276 647 498 715 γέλωτα
542 646 597 697 δὲ
639 649 749 709 τοῖς
782 648 1071 717 ἡμετέροις
1103 649 1338 702 ἐνεποίει
1374 650 1605 719 μακρόν.
1646 651 1739 702 Διὸ
1763 651 1859 704 καὶ

282 740 462 810 βραχὺ
495 742 735 806 φανέντα
768 740 908 809 ὁμοῦ
953 740 1030 809 τῷ
1066 741 1332 809 πληγέντι
1364 744 1485 811 ἀέρι
1520 743 1652 809 πρὸς
1684 744 1857 810 τὰφα-

278 831 371 893 νὲς
415 828 617 900 ᾤχοντο
661 831 915 885 ἀπιόντα.
974 830 1048 884 Οὐ
1103 838 1210 901 μί’,ν
1266 834 1424 903 κόρος
1471 830 1537 902 ἦν
1581 833 1857 886 οὐδὀὗτω

282 926 387 991 τῆς
434 923 815 992 κατασχούσης
860 926 989 987 τοὺς
1039 925 1318 988 δυσσεϐεῖς
1380 926 1579 989 κακίας
1640 927 1854 990 οὐδεὶς,

291 1105 403 1167 ζον.
447 1104 557 1157 Καὶ
587 1106 779 1157 πασῶν
818 1106 914 1174 ὀψὲ
965 1105 1218 1175 βελτίστη
1257 1106 1441 1175 σφίσιν
1469 1107 1608 1177 αὕτη
1645 1111 1862 1178 νενόμι-

290 1214 436 1250 σται.
465 1197 658 1265 Λόγοις
692 1199 796 1267 γὰρ
829 1196 1064 1264 φιλικοῖς
1112 1197 1199 1249 διὰ
1239 1201 1420 1267 μέσων
1456 1200 1624 1267 φίλων
1657 1200 1860 1266 ἀνδρῶν

288 1286 431 1349 ἁξιοῖ
478 1288 765 1356 Γρηγορᾶν
798 1288 1255 1357 Καντακουζηνὺς
1306 1289 1488 1342 οἴκαδε
1539 1290 1669 1361 παρ’
1697 1290 1860 1341 αὑτὸν

286 1380 585 1446 ἀφικέσθαι
620 1381 753 1449 πρὸς
791 1381 1095 1449 ἀνάμνησίν
1145 1398 1203 1433 τε
1258 1383 1352 1435 καὶ
1399 1383 1699 1435 ἀνανέωσιν
1733 1381 1863 1443 ἴσως

285 1472 388 1538 τῆς
414 1474 687 1541 προτέρας
723 1474 905 1539 φιλίας
929 1474 1167 1543 ἐκείνης.
1206 1474 1314 1528 Καὶ
1343 1475 1401 1537 ὃς
1432 1475 1661 1545 νομίσας
1690 1477 1864 1543 ὲπχγ-

1955 652 2177 717 bitatis;
2212 651 2303 705 sed
2333 652 2492 705 modo
2520 651 2660 704 hanc
2702 650 2863 704 modo
2903 651 3048 704 illam
3080 653 3220 706 viam
3258 653 3312 707 in
3355 657 3532 710 disce-

1962 743 2298 811 ptationibus
2344 740 2574 801 inibant,
2612 750 2668 794 ct
2717 740 2771 792 in
2823 741 2927 794 line
2972 742 3071 796 hoc
3121 742 3185 797 iis
3232 745 3375 798 inter
3423 747 3528 800 alia

1960 835 2141 887 omnia
2193 834 2367 886 visum
2408 841 2525 886 erat
2582 832 2869 901 optimum.
2903 835 3215 888 Amicorum
3273 837 3528 891 familiari

1961 927 2287 984 invitatione
2324 926 2618 994 Gregoram
2663 924 3073 980 Cantacuzenus
3107 926 3328 980 domum
3374 944 3530 983 suam

1962 1020 2173 1072 vocavit
2219 1026 2276 1070 ut
2317 1006 2675 1070 renovaretur
2724 1017 2951 1085 pristina
3004 1019 3263 1072 amicitia.
3318 1019 3380 1072 Et
3440 1020 3530 1073 ille

1962 1110 2172 1163 nuntiis
2202 1110 2455 1163 amicitiae
2492 1109 2729 1162 conlisus
2762 1124 2887 1161 eum
2924 1110 3200 1175 convenit,
3231 1121 3286 1163 et
3319 1119 3369 1163 te
3407 1111 3533 1178 qui-

1965 1203 2086 1256 dem
2121 1200 2341 1253 comite.
2376 1198 2500 1252 Haec
2532 1208 2715 1252 autem
2750 1208 2878 1253 sunt
2908 1215 3029 1267 quae
3063 1202 3129 1253 ab
3167 1201 3287 1254 aliis
3321 1204 3529 1271 accepi.

1977 1291 2108 1356 Quae
2128 1291 2263 1343 facta
2283 1290 2478 1357 deinde
2507 1291 2637 1354 sint,
2669 1300 2721 1343 et
2745 1293 3037 1358 quomodo,
3063 1305 3113 1347 ιιι
3136 1294 3279 1346 unde
3311 1310 3535 1347 concer-

1964 1383 2197 1435 tatioues
2226 1382 2628 1449 redintegratas,
2672 1390 2725 1434 ct
2758 1397 2919 1451 quem
2954 1387 3019 1436 ad
3058 1386 3217 1437 linem
3257 1388 3534 1451 perductae

1969 1474 2099 1538 sint,
2136 1489 2163 1525 a
2203 1481 2252 1527 te
2288 1472 2499 1527 discere
2532 1474 2715 1527 velint.

284 1564 477 1627 γελίαν
511 1565 935 1634 ἐπανορθώσεως
975 1566 1122 1635 ἔχειν
1192 1567 1251 1618 τὸ
1303 1569 1560 1637 πρᾶγμα,
1613 1567 1775 1629 αὐτός
1821 1582 1900 1631 τε,
1943 1567 2017 1628 ὡς
2042 1565 2229 1633 φασιν,
2275 1564 2519 1631 ἀφίκετο,
2557 1567 2650 1617 καὶ
2693 1567 2749 1617 σέ
2783 1584 2843 1632 γε
2890 1570 3230 1640 συνέκδημον
3296 1571 3363 1644 ἦν
3397 1578 3535 1630 ἐπα-

282 1664 540 1730 γόμενος.
572 1664 669 1715 Κα⁷
721 1660 756 1714 ὃ.
792 1662 890 1730 μὲν
927 1663 1189 1732 ὴκηκόειν
1228 1664 1389 1727 αὐτὸς
1448 1663 1579 1732 παρ’
1623 1663 1965 1731 ότωνδήποτε
1990 1701 2004 1723 ,
2075 1661 2230 1713 ταῦτ’
2277 1659 2447 1713 ἐστίν·

2526 1661 2561 1716 ἃ.
2631 1663 2674 1714 δ’
2723 1660 2849 1732 ἑξῆς
2902 1665 3177 1731 ἐγεγόνει,
3234 1671 3330 1724 καὶ
3384 1673 3535 1735 ὅπως

285 1758 385 1808 καὶ
423 1756 547 1807 ὅθεν
572 1758 638 1809 τὰ
670 1757 768 1823 τῆς
799 1757 1085 1821 διαλέξεως
1111 1753 1265 1819 αὖθις
1290 1759 1571 1828 ἀρξάμενα
1600 1759 1705 1824 ὅπη
1740 1756 2139 1825 συνεπερόινθη,
2176 1756 2347 1824 ἡδέως
2394 1757 2459 1808 ἂν
2506 1758 2657 1827 παρᾶ
2689 1759 2781 1809 σοῦ
2825 1759 3129 1830 πυθοίμην.

360 1850 434 1900 Β¹.
471 1847 923 1913 Συνεληλυθότοιν
983 1850 1222 1917 ἀμφοῖν,
1279 1843 1323 1901 ὦ
1379 1849 1498 1917 φίλε
1556 1849 1860 1917 Κλεόδημε,

2045 1846 2110 1899 ll.
2175 1846 2277 1901 Ubi
2338 1849 2541 1910 ambo,
2613 1852 2787 1904 amice
2859 1851 3193 1918 Clcodeme,
3254 1862 3537 1916 venissent

286 1941 397 2007 πρό
420 1940 597 2005 δείλης
631 1939 769 2008 ἑῴας
805 1941 861 2001 ἐς
885 1941 945 1991 τὸ
975 1941 1265 2007 μοναδικὺν
1300 1942 1392 1994 τοῦ
1430 1940 1860 2011 προδεδασιλευ-

1968 1934 2099 1990 bene
2150 1951 2309 1991 mane
2362 1940 2412 1989 in
2444 1939 2662 2006 pristini
2699 1941 2830 2009 imp.
2887 1942 3256 2001 Cautaenzeni
3315 1954 3531 2020 cellam,

283 2030 448 2091 κότος
495 2030 952 2099 Καντακουζηνοῦ
996 2033 1444 2102 φροντιστήριον,
1481 2032 1728 2101 προσηνῆ
1763 2032 1863 2100 μὲν

289 2120 389 2173 καὶ
418 2121 601 2189 ἡρέμα
625 2122 885 2189 γλυκεῖαν
912 2122 1038 2193 ἔσχε
1067 2126 1166 2190 τὴν
1196 2124 1372 2192 ἀρχὴν
1395 2124 1461 2174 τὲι
1486 2124 1583 2189 τῆς
1620 2124 1863 2191 ὁμιλίας,

296 2216 395 2265 καὶ
424 2214 497 2275 ὡς
537 2209 603 2283 ἦν
642 2214 824 2276 αὐτοῖς
855 2215 1044 2276 εἰωθὸς
1094 2218 1157 2267 ἐκ
1191 2212 1410 2277 πολλοῦ,
1436 2216 1679 2283 ταραχῆς
1708 2215 1763 2266 δὲ
1796 2217 1864 2267 τὰ

299 2302 422 2372 ἑξῆς
461 2308 552 2356 καί
595 2302 825 2371 θορύϐου
873 2304 1049 2354 πάντα
1094 2305 1265 2372 μεστὰ
1311 2303 1551 2369 ἐγεγόνει
1577 2302 1863 2371 παλινδρο-

297 2395 568 2462 μήσαντα.
608 2394 939 2463 Ἀρξαμένου
979 2393 1088 2462 γὰρ
1131 2393 1397 2463 βασιλέως
1427 2391 1523 2445 τοῦ
1549 2394 1865 2446 Καντακουο

288 2486 459 2555 ζηνοῦ
495 2487 700 2555 μεταξὺ
733 2489 830 2556 τῆς
864 2486 1081 2555 ὁμιλίας
1130 2486 1220 2538 τὸν
1279 2486 1548 2553 Παλαμᾶν
1598 2489 1862 2552 ἐπαινεῖν,

290 2578 388 2629 τὸν
416 2577 575 2645 λόγον
623 2579 786 2640 εὐθὺς
837 2578 888 2631 oi
942 2578 1081 2649 ἀμφ’
1110 2579 1275 2632 αὐτὸν
1310 2578 1643 2649 μονάζοντες
1670 2580 1865 2653 ἄνδρες

288 2672 391 2724 καὶ
428 2671 654 2740 πλήρεις
702 2673 896 2740 σοφίας
953 2673 1172 2742 ἀπάσης
1224 2668 1367 2725 εἶναι
1415 2673 1675 2743 οἰόμενοι,
1706 2675 1866 2729 αὐτόν

292 2782 359 2817 τε
419 2765 732 2834 ἐθαύμαζον
796 2766 1063 2834 Παλαμᾶν
1115 2766 1211 2818 καὶ
1271 2767 1338 2820 τὰ
1383 2768 1591 2819 ἐκείνου
1622 2769 1868 2837 δόγματα

292 2855 465 2906 πλέον
515 2854 547 2922 ἥ
596 2854 738 2906 κατὰ
780 2853 1004 2923 βασιλέα
1063 2855 1523 2924 Καντακουζηνὸν
1567 2855 1865 2924 ἀνύμνουν,

295 2948 375 3010 ὡς
408 2946 587 3010 καλῶς
621 2946 720 3016 μὲν
760 2946 911 3014 λέγοι
945 2947 1073 3015 περὶ
1104 2946 1398 3015 ἐνεργειῶν
1443 2946 1525 2999 δτι
1554 2962 1614 2999 τε
1649 2948 1868 3017 ἄπειροι

297 3040 395 3090 καὶ
420 3038 665 3108 διάφοροι
708 3036 806 3106 μὲν
847 3037 948 3107 τῆς
982 3037 1132 3099 θείας
1167 3039 1379 3102 οὐσίας,
1405 3037 1651 3091 ἇκτιστοι
1682 3038 1739 3089 δὲ
1775 3041 1870 3091 καὶ

298 3131 564 3195 ἁνούσιοι,
593 3131 665 3192 ὡς
701 3130 879 3193 καλῶς
911 3128 956 3184 δ’
989 3128 1053 3184 αὖ
1088 3131 1183 3183 καὶ
1215 3131 1346 3200 περὶ
1379 3128 1443 3201 μ’.
1478 3130 1577 3185 157
1611 3129 1661 3202 ι’]
1693 3134 1785 3182 τοῦ
1812 3133 1868 3182 ὲν

294 3223 563 3293 Βαῦωρίῳ
589 3224 669 3295 τῷ
695 3223 811 3311 δρει
834 3223 1126 3293 γενομένου
1152 3222 1320 3277 πάλαι
1350 3224 1528 3292 φωτὸς
1574 3223 1869 3293 ἀποφαίνε-
1894 3264 1938 3321 c

304 3334 398 3379 ται
432 3316 511 3369 δτι
535 3330 592 3369 τε
624 3318 879 3370 ᾶκτιστον
906 3316 1126 3369 κάκεῖνο
1150 3315 1244 3369 καὶ
1273 3316 1528 3386 διάφορος
1559 3315 1657 3384 τῆς
1689 3315 1865 3383 Ἰησοῦ

300 3408 555 3476 θεότητος
617 3408 752 3476 ἄλλη
812 3407 1024 3475 θεότης.
1089 3406 1428 3477 Ἀπήντησεν
1458 3408 1675 3469 εὑθῦςό
1730 3405 1870 3477 Γρη-

290 3503 471 3569 γορᾶς
496 3500 768 3564 ὀνειδίζων
801 3498 920 3562 πῶς
954 3498 1021 3553 ἂν
1049 3497 1262 3568 εἴποιμι
1286 3499 1435 3566 σφίσι
1469 3498 1562 3551 καὶ
1598 3498 1871 3552 καθαπτό-

294 3609 465 3661 μενος
503 3592 600 3661 τῆς
633 3592 860 3661 ἀωρίας,
892 3592 974 3643 δτι
1017 3589 1149 3660 μηδὲ
1207 3591 1343 3658 μετὰ
1371 3590 1469 3654 τὴν
1519 3589 1614 3642 τοῦ
1664 3588 1868 3660 Κυρίου

291 3684 555 3737 παιδείαν
585 3683 823 3737 συνιέναι
853 3681 1088 3751 ἔχουσιν,
1112 3680 1219 3734 οὐδ’
1248 3679 1409 3744 αἰδώς
1439 3700 1520 3741 τις
1558 3681 1765 3735 ἔπεισιν
1788 3683 1869 3735 ὅτι

295 3775 590 3846 μοναδικόν
649 3777 797 3827 ἐστιν
853 3772 881 3827 ὃ
929 3773 1024 3827 νῦν
1065 3775 1410 3842 περίκεινται
1464 3770 1682 3843 σχῆμα,
1735 3774 1869 3826 ἀλλὰ

296 3867 622 3937 περιφανῶς
668 3866 833 3920 αὑτοῦ
896 3866 1374 3935 καταψεύδονται,
1436 3866 1713 3937 ἀπᾴδοντα
1772 3866 1869 3934 μὲν

297 3960 471 4031 αὐτῷ,
508 3960 783 4029 ἀπᾴδοντα
813 3959 870 4011 δὲ
908 3957 986 4029 τῷ
1014 3957 1190 4029 καιρῷ
1216 3958 1578 4027 φθεγγόμενοι
1608 3957 1703 4010 καὶ
1745 3956 1869 4009 παίο

294 4055 484 4116 (ante;
530 4054 587 4103 ὲν
630 4054 688 4104 οὐ
718 4057 993 4113 παικτοῖς.
1025 4052 1100 4103 Τό
1130 4067 1187 4102 τε
1223 4050 1332 4120 γὰρ
1360 4049 1547 4120 σχῆμα
1598 4049 1671 4119 μὴ
1709 4051 1869 4117 μόνον

291 4148 572 4214 θεολογεῖν
596 4146 657 4197 οὐ
693 4144 1055 4215 προστάττει,
1096 4143 1215 4196 ἀλλ’
1261 4144 1382 4196 οὐδὲ
1423 4143 1756 4211 φθέγγεσθαι
1788 4141 1869 4193 δί-

291 4236 459 4287 δωσιν
498 4235 601 4297 ἔξω
639 4233 737 4301 τῆς
780 4232 1141 4301 ὀφειλομένης
1197 4233 1333 4300 πρὸς
1385 4232 1519 4283 Θεὸν
1568 4231 1865 4301 ὑμνῳδίας,

294 4328 643 4398 ἐργάζεσθαι
679 4328 779 4395 μὲν
810 4325 901 4378 οὖν
960 4327 1047 4378 ἀεὶ
1101 4328 1223 4387 ταῖς
1264 4325 1451 4395 χερσὶν
1491 4324 1590 4393 ὅση
1618 4324 1866 4393 δύναμις.

291 4420 411 4473 Καὶ
463 4417 597 4489 ἅμα.
633 4419 741 4471 τῶν
792 4417 960 4471 πάλαι
1011 4418 1173 4469 θείων
1227 4418 1489 4486 ἐπεισῆγε
1558 4414 1866 4487 μαρτυρίας

288 4510 529 4580 ἀνδρῶν,
586 4510 1122 4578 δυσωπητικωτέρας
1171 4508 1338 4571 οὔσας
1395 4509 1648 4571 ὲκείνας,
1706 4508 1868 4561 οἱονεί

1965 2027 2143 2095 primo
2215 2026 2434 2094 quidem
2506 2027 2649 2082 dulci
2705 2039 2761 2084 et
2818 2032 3064 2100 qunndo
3124 2038 3399 2109 colloquio
3467 2045 3532 2098 de

1966 2131 2119 2169 more
2173 2116 2337 2170 solito
2402 2121 2721 2175 utebantur.
2772 2121 2879 2176 Sui
2942 2128 3103 2193 paulo
3174 2141 3297 2197 post
3363 2137 3533 2188 ttnbae

1965 2218 2021 2263 et
2080 2210 2348 2264 tumultus
2405 2223 2780 2271 accesserunt.
2833 2216 2934 2270 Ubi
2971 2219 3116 2271 enim
3176 2221 3308 2290 imp.
3336 2223 3535 2280 Canta-

1966 2314 2209 2356 cuzenus
2241 2301 2388 2356 inter
2432 2302 2704 2371 coll0quia
2753 2306 3025 2360 Palamam
3072 2310 3300 2367 laudare
3346 2332 3533 2370 rursus

1966 2386 2131 2460 373
2161 2390 2387 2459 incepit,
2415 2392 2562 2446 illico
2596 2396 2685 2461 qui
2720 2410 2824 2449 una
2857 2413 2978 2451 cum
3010 2414 3077 2453 eo
3109 2402 3160 2453 in
3196 2408 3534 2472 monasterio

1966 2485 2242 2540 erantviri
2270 2487 2361 2555 qui
2386 2486 2488 2541 sibi
2521 2487 2878 2543 eruditissimi
2906 2492 3251 2561 videbantur,
3278 2503 3530 2553 eumdem

1967 2576 2238 2632 Palamam
2268 2580 2497 2649 ejusque
2524 2580 2777 2649 dogmata
2802 2583 3136 2639 celebrando
3179 2589 3345 2641 etiam
3400 2591 3535 2661 imp.

1968 2665 2408 2723 Cantacuzenuut
2440 2680 2807 2738 superabant,
2854 2687 2980 2727 cum
3031 2675 3183 2730 illum
3230 2680 3533 2746 praeclaris-

1969 2760 2107 2812 sime
2142 2759 2210 2813 de
2250 2760 2452 2813 divina:
2490 2769 2700 2813 natura:
2734 2761 3029 2818 virtutibus
3061 2780 3181 2833 quae
3221 2769 3447 2824 iuﬁuita-
3478 2785 3535 2828 et

1968 2850 2136 2905 varia:
2174 2861 2362 2905 essent
2402 2852 2455 2904 in
2492 2853 2732 2906 essentia
2768 2852 2953 2908 divina
2985 2861 3337 2916 contendisse
3380 2864 3533 2918 dice-

1969 2941 2400 3013 rent.Gregoras
2433 2957 2612 2999 autem
2633 2950 2817 2999 statim
2850 2950 3192 3018 respondens
3219 2953 3539 3025 increpabat

1968 3049 2065 3088 eos
2106 3037 2251 3103 quod
2300 3052 2475 3105 neque
2517 3040 2784 3107 temporis
2815 3056 2993 3110 neque
3025 3046 3421 3103 monachorum
3456 3052 3539 3104 vi-

1970 3126 2128 3181 vendi
2177 3145 2309 3183 usus
2358 3130 2627 3184 rationem
2674 3130 2945 3187 baberent
2980 3134 3187 3202 ullam,
3222 3137 3318 3192 sed
3355 3140 3538 3210 impu-

1972 3219 2165 3274 denter
2213 3237 2334 3290 qua:
2376 3222 2443 3275 ab
2482 3223 2653 3292 ipsius
2684 3227 2977 3280 sententiis
3005 3227 3183 3281 aliena
3220 3242 3408 3286 essent
3438 3237 3539 3289 ob-

1976 3314 2289 3381 traderent,
2315 3324 2371 3368 et
2417 3331 2537 3383 quae
2583 3316 2817 3384 tempori
2864 3333 2971 3371 non
3017 3321 3305 3376 commoda
3354 3335 3541 3381 essent

1972 3406 2437 3472 declamarent,et
2457 3408 2870 3464 Iuderentcirca
2901 3424 2989 3464 res
3006 3412 3378 3479 gravissimas.
3404 3417 3537 3472 Nam

1971 3506 2181 3556 nostra.
2213 3498 2423 3567 inquit,
2458 3502 2583 3553 vine
2618 3500 2757 3554 ratio
2786 3517 2894 3556 non
2918 3503 3095 3556 solum
3126 3518 3225 3559 nos
3256 3516 3400 3561 vetat
3431 3510 3542 3562 dis-

1974 3598 2169 3657 putare
2201 3589 2266 3642 de
2297 3590 2459 3645 rebus
2490 3591 2688 3646 divinis
2710 3632 2725 3658 ,
2757 3593 2852 3647 sed
2894 3595 3058 3648 etiam
3105 3596 3349 3666 proferre
3380 3602 3537 3668 quid-

1971 3693 2134 3747 quam
2159 3687 2357 3747 prmter
2381 3681 2596 3734 solitam
2622 3680 2715 3735 Dei
2738 3683 3183 3740 celebrationem.
3206 3687 3365 3742 Nunc
3390 3692 3534 3743 enim

1972 3779 2237 3838 quantum
2289 3771 2403 3823 fieri
2456 3780 2638 3840 potest
2666 3773 2921 3829 manibus
2949 3776 3286 3843 Operandum
3322 3790 3423 3833 est.
3459 3782 3537 3834 Ad

1972 3860 2090 3914 haec
2131 3868 2313 3913 autem
2358 3860 2628 3931 Grcgoras
2660 3874 2976 3918 sanctorum
3011 3867 3257 3921 virorum
3292 3872 3542 3923 testiino-

1971 3952 2059 4005 uia
2077 3951 2284 4015 attulit,
2302 3967 2423 4021 qua:
2441 3968 2571 4006 sane
2594 3954 2860 4022 pudorem
2879 3966 3099 4010 movent
3117 3968 3171 4012 et
3192 3974 3333 4014 cano
3361 3963 3534 4029 capiti

1972 4042 2236 4096 honorem
2285 4043 2593 4097 attribuunt
2651 4054 2878 4113 propter
2917 4062 3236 4101 sermonum
3301 4063 3541 4120 grama—

1974 4143 2081 4189 tem
2110 4143 2165 4189 et
2202 4144 2520 4204 provectam
2565 4145 2800 4190 aetatem.
2829 4139 3099 4193 Audimus
3128 4141 3271 4194 enim
3292 4182 3308 4207 ,
3337 4142 3537 4212 inquit,

1972 4227 2202 4281 Paulum
2237 4227 2508 4284 dicentem
2538 4244 2551 4280 :
2585 4245 2602 4278 ι
2633 4229 2824 4283 Manus
2860 4231 2941 4285 bze
2972 4232 3285 4286 servierunt
3316 4235 3448 4287 mibi
3482 4247 3534 4287 et

1971 4321 2139 4375 sociis
2193 4321 2351 4374 meis.
2385 4338 2404 4372 ι
2448 4318 2928 4373 Concertationem
3005 4332 3186 4376 autem
3240 4326 3535 4381 verborum

1970 4410 2208 4466 Joannes
2238 4414 2424 4475 etiam,
2460 4413 2860 4468 monachorum
2890 4414 3106 4467 vivendi
3139 4417 3367 4471 rationis
3401 4434 3535 4485 pm:-

1978 4512 2190 4572 ceptor,
2221 4519 2481 4557 vanarum
2529 4504 2851 4572 Opinionum
2879 4504 3196 4559 cathedram
3227 4523 3345 4562 esse
3376 4511 3540 4580 379

288 4618 407 4653 τινι
430 4602 591 4672 πολιᾷ
634 4602 693 4653 τὸ
733 4600 1014 4669 αἰδέσιμον
1060 4601 1357 4671 ἐσχηκυίας
1391 4601 1483 4654 διὰ
1515 4601 1616 4668 τὴν
1646 4600 1755 4652 τῶν
1785 4602 1862 4652 εί-

1969 4592 2097 4649 dicit
2121 4632 2136 4654 ,
2170 4594 2493 4663 ignorantia:
2524 4597 2917 4672 documentum
2940 4633 2955 4657 ,
2982 4596 3325 4664 argutiarum
3353 4601 3537 4653 subst-

291 4696 512 4748 πόντων
548 4695 752 4765 ἀρετήν
792 4712 855 4747 τε
884 4698 977 4747 καὶ
1004 4695 1360 4763 ἀρχαιότητα.
1405 4693 1704 4761 ’Λκούομεν
1731 4692 1864 4765 γὰρ,

292 4787 457 4855 φησὶ,
485 4786 575 4838 καὶ
608 4787 822 4839 Παύλου
866 4785 1137 4853 λέγοντος,
1168 4803 1189 4837 ε
1220 4787 1287 4838 Al
1334 4787 1516 4855 χεῖρες
1562 4779 1725 4838 αὗται
1751 4786 1864 4855 διη-

288 4874 537 4942 κόνησαν
588 4875 714 4943 ἐμοὶ
760 4875 855 4926 καὶ
901 4875 1014 4935 τοῖς
1048 4875 1145 4927 σὺν
1182 4873 1326 4943 ὲμοί.
1370 4891 1389 4924 ι
1428 4873 1764 4940 Πολυλογίαν
1811 4874 1866 4925 δὲ

290 4969 397 5020 καὶ
425 4969 455 5019 ὁ
483 4969 576 5036 τῆς
609 4967 901 5037 μοναδικῆς
934 4967 1215 5029 πολιτείας
1246 4966 1569 5028 διδάσκαλος
1610 4967 1867 5034 Ἰωάννης

289 5059 606 5122 κενοδοξίας
636 5059 907 5128 καθέδραν
955 5054 1095 5111 εἷναί
1119 5076 1307 5126 φησιν,
1340 5060 1616 5126 ἀγνωσίας
1661 5060 1868 5128 τεκμή-

291 5168 441 5223 ριον,
476 5153 831 5220 εὐτραπελίας
866 5153 1229 5222 χειραγωγὸν,
1281 5152 1513 5220 ψεύδους
1549 5154 1825 5222 ὑπουργὸν
1848 5190 1864 5211 ,

287 5245 651 5310 κατανύξεως
674 5246 1005 5315 ἀφανισμὸν,
1030 5245 1367 5306 καταλαλιᾶς
1399 5242 1592 5314 θύραν,
1619 5244 1717 5313 τῆς
1746 5242 1869 5295 κατ’

286 5337 606 5407 ἀνθρώπων
636 5338 837 5406 δηλαδὴ
885 5338 1174 5407 λοιδορίας,
1209 5337 1304 5388 καὶ
1349 5336 1561 5405 οὐδαμῆ
1596 5337 1694 5404 τῆς
1728 5334 1871 5388 κατὰ

284 5429 459 5483 Θεοῦσ
489 5429 646 5482 τοῦτο
676 5430 780 5498 γὰρ
812 5428 919 5481 οὐδ’
958 5432 1050 5481 ἐπὶ
1090 5428 1211 5480 νοῦν
1250 5429 1327 5495 τῷ
1353 5427 1480 5497 θείῳ
1512 5429 1706 5496 ἐκείνῳ
1740 5428 1868 5494 ἀφί-

287 5522 412 5576 κετ’
448 5523 625 5590 ἀνδρί.
669 5522 727 5574 Ὀ
777 5523 885 5589 γὰρ
921 5522 1018 5588 τὴν
1066 5519 1187 5572 κατ’
1246 5519 1551 5589 ἀνθρώπων
1600 5518 1867 5589 λοιδορίαν

285 5616 441 5669 οὕτω
471 5614 717 5677 κολάζων
768 5613 882 5674 πῶς
918 5615 1013 5664 οὐκ
1067 5613 1134 5664 ἂν
1184 5611 1564 5682 ἐξεπέπληκτο
1607 5616 1701 5663 καὶ
1732 5614 1869 5682 πρὸς

286 5709 545 5776 ἀφωνίαν
582 5705 912 5774 κατηνέχθη,
952 5705 1217 5774 λοιδορίας
1241 5703 1457 5757 ἀκούων
1505 5705 1645 5755 κατὰ
1695 5704 1866 5771 Θεοῦ;

286 5801 536 5869 λοιδορία
582 5799 690 5866 γάρ
742 5799 859 5847 ἔστι
906 5799 1044 5852 κατὰ
1089 5796 1223 5849 Θεοῦ
1268 5798 1484 5858 πάντως
1521 5796 1555 5863 ἡ
1589 5795 1695 5847 τῶν
1727 5797 1870 5861 ἀμα-

289 5890 405 5943 θῶν
456 5892 684 5956 ἄκαιρος
752 5882 1014 5952 θεολογία.
1073 5886 1182 5938 Καὶ
1233 5883 1390 5936 τοῦτο
1446 5882 1603 5952 δῆλον
1663 5884 1795 5951 ἡμῖν
1842 5885 1869 5935 ὁ

1966 4686 2154 4749 dium,
2183 4684 2393 4739 fraudis
2423 4684 2855 4739 instrumentum
2878 4726 2894 4753 ,
2926 4686 3151 4741 demissi
3184 4688 3351 4742 animi
3384 4705 3539 4745 ever—

1968 4778 2215 4843 sionem,
2249 4787 2461 4848 portam
2495 4777 2813 4842 calumniae,
2842 4780 3217 4834 conviciorum
3241 4783 3450 4837 scilicet
3484 4786 3535 4838 in

1967 4870 2237 4937 homines,
2262 4884 2518 4937 neevero
2538 4872 2590 4924 in
2618 4871 2809 4925 Deum.
2828 4871 2954 4925 llaec
2983 4872 3143 4942 igitur
3162 4889 3192 4927 a
3212 4885 3401 4931 sancto
3422 4877 3489 4930 vit
3504 4892 3537 4932 ο

1967 4962 2060 5017 illo
2076 4963 2467 5017 abhorrebant.
2493 4962 2596 5028 Qui
2619 4964 2765 5018 enim
2787 4964 2861 5018 ita
2883 4966 3319 5023 maledicentiam
3343 4972 3400 5024 in
3433 4972 3535 5025 bo-

1969 5054 2145 5107 mines
2159 5053 2507 5122 vituperarit,
2535 5055 2816 5122 quomodo
2837 5057 3305 5124 non_stupel‘actus
3322 5072 3464 5115 esset
3480 5072 3538 5115 et

1968 5147 2339 5201 obmutuisset
2364 5186 2379 5212 ,
2411 5147 2457 5200 si
2488 5148 2542 5199 itt
2577 5147 2743 5199 Deum
2779 5149 3068 5203 maledicta
3096 5150 3389 5207 audisset?
3420 5171 3536 5209 ma-

1967 5237 2168 5291 ledicta
2206 5249 2388 5291 autem
2429 5238 2485 5290 in
2522 5238 2689 5291 Deum
2723 5247 2853 5293 sunt
2884 5240 3230 5295 indoctorum
3264 5244 3532 5316 intempe-

1968 5328 2121 5381 stiva:
2166 5329 2571 5397 disputationes
2621 5330 2964 5398 tbcologirm.
3010 5331 3164 5397 Quod
3201 5335 3529 5407 Cbrysosto-

1969 5435 2091 5474 mus
2122 5436 2342 5489 quoque
2364 5422 2523 5475 nobis
2546 5421 2815 5475 aﬂirmat:
2848 5442 2866 5473 ι
2898 5423 3199 5478 llouoravit
3229 5437 3302 5490 te,
3324 5431 3527 5498 inquit,

1969 5513 2139 5576 Deus,
2172 5528 2282 5567 non
2318 5522 2378 5567 ut
2406 5528 2532 5566 eum
2567 5515 2900 5568 contumelia
2923 5518 3150 5572 atlicias.
3191 5519 3532 5575 Contumelia

1967 5622 2097 5661 vero
2142 5605 2303 5658 aiﬁcit
2352 5606 2397 5659 is
2442 5607 2534 5675 qui
2584 5608 2877 5662 essentiam
2934 5612 3053 5681 ejus
3110 5614 3387 5666 curiosius
3439 5628 3535 5667 ex-

1972 5699 2162 5766 plorat.
2196 5717 2214 5747 ι
2248 5698 2340 5751 llis
2372 5711 2553 5752 autem
2588 5714 2681 5751 rev
2713 5711 2771 5754 et
2801 5706 3025 5759 assecla:
3053 5706 3169 5774 ejus
3206 5714 3264 5757 ut
3293 5719 3534 5759 consue-

1968 5799 2092 5841 rant
2115 5800 2488 5859 opposuerunt
2516 5792 2693 5844 tta-cce
2720 5811 2731 5845 :
2759 5794 2934 5859 Quid?
2962 5812 3091 5864 ergo
3121 5796 3408 5849 omittendi
3436 5812 3534 5851 no-

1972 5882 2054 5935 bis
2084 5892 2213 5935 sunt
2241 5894 2555 5938 sanctorum
2584 5882 2706 5969 libri
2740 5886 3025 5957 tbeologici
3057 5888 3211 5957 quasi
3233 5889 3300 5943 ad
3325 5889 3535 5945 nullam
