4046 6290
565 451 670 512 335

1773 439 1819 498 Ν
1835 435 2194 496 ΙΕΕΡΙΙΟΠΙ
2239 430 2620 494 GREGORE

3667 427 3754 494 336

559 559 854 613 utilitatem
887 555 996 609 sint
1025 551 1368 622 conscripti?
1401 551 1542 620 Ergo
1573 546 1934 601 omittendum
1967 543 2128 598 nobis

2242 541 2655 612 Χρυσορρήμων
2683 533 2884 591 αὐτίκα
2911 533 3158 604 ποιήσει.
3203 551 3222 585 ι
3260 533 3513 604 Ἐτίμησε
3542 533 3636 606 γάρ
3667 539 3758 590 σεδ

556 655 804 709 divinum
837 652 1190 720 Evangelinm
1218 648 1362 718 quod
1390 647 1702 715 Scripturas
1737 652 1790 696 ιιι
1823 651 2134 712 perscruto-

555 761 682 799 mur
719 761 819 798 nos
847 741 1218 797 adhortatur?

2241 635 2395 696 Θεὸς,
2438 633 2626 704 φησιν,
2665 633 2764 700 οὐχ
2797 629 2886 683 ἵνα
2919 629 3084 681 αὐτὸν
3135 625 3402 698 ὑδρίζῃς·
3451 627 3644 695 ὑϐρίζει
3671 631 3760 702 γάρ

2241 725 2404 778 αὑτὸν
2421 725 2448 776 ὁ
2469 725 2568 793 τὴν
2599 723 2788 775 οὐσίαν
2815 717 2980 772 αὑτοῦ
3013 736 3168 788 περιε
3181 716 3762 788 ργαζόμενος.ιΤούτοις

566 840 767 892 ἐκεῖνοι
797 835 858 886 τὸ
893 832 1088 893 εἰωθὸς
1129 831 1452 896 ἀντεισῆγον
1485 827 1682 878 ἐκεῖνο·
1715 821 1847 878 Εἶτα
1879 819 2158 892 ἐρρῶσθαι
2193 817 2508 887 φράσομεν,
2539 812 2676 882 φησὶ
2696 849 2710 875 ,
2761 810 2859 872 τὰς
2895 808 3212 876 θεολογικάς
3241 807 3349 862 τῶν
3379 809 3546 878 ἁγίων
3583 809 3764 878 βίϐλους

559 936 634 996 ὡς
684 935 749 986 ἂν
791 933 838 982 εἰ
905 929 990 981 ἐπ’
1022 927 1196 980 οὐδενὶ
1229 926 1485 996 χρησίμῳ
1521 925 1638 986 τοῖς
1699 921 2035 990 πεπονηκόσι
2075 913 2414 986 γραφείσαςς
2475 911 2705 979 Χαίρειν
2742 909 2789 962 δ’
2838 908 3072 978 ἐάσομεν
3129 909 3190 960 τε,
3229 907 3373 960 θεῖον
3407 906 3584 976 Εὐαγγ
3611 903 3708 959 λιον
3745 913 3769 967 δ

555 1027 653 1090 τὰς
684 1023 928 1093 -Γραφάς
981 1021 1114 1090 ἡμῖν
1161 1018 1390 1088 ἐρευνᾷν
1439 1017 1727 1086 παραινεῖ;

623 1164 711 1218 lll.
737 1163 816 1214 Ad
837 1161 950 1214 haec
969 1159 1237 1227 Gregoras
1249 1158 1328 1210 sic
1347 1155 1458 1210 fere
1491 1151 1805 1222 respondit:
1831 1150 1936 1205 Vos
1957 1151 2133 1204 haere-

555 1257 786 1310 ticorum
813 1254 960 1308 dicta
991 1251 1124 1304 mihi
1155 1248 1432 1319 profertis.
1468 1247 1530 1300 Ili
1557 1261 1686 1300 vero
1715 1245 1938 1314 quinam
1961 1241 2134 1296 sunt?

553 1362 696 1400 anno
725 1345 922 1397 horum
953 1343 1194 1408 ineptam
1225 1337 1620 1392 scrutationem
1661 1344 1716 1388 et
1741 1334 2016 1388 curiosain
2049 1332 2133 1382 in-

553 1437 816 1492 dustriam
843 1435 1015 1502 palam
1039 1449 1066 1484 a
1083 1431 1475 1501 Chrysostomo
1493 1425 1828 1494 deprehendi
1848 1436 2130 1491 nunquam

555 1527 886 1584 audivistis?
917 1526 1022 1580 Sed
1047 1525 1284 1578 audietis
1309 1537 1454 1575 nunc
1499 1522 1664 1574 etiam
1711 1533 1938 1588 prorsus
1974 1514 2133 1568 nobis

557 1619 742 1674 invitis
771 1616 1044 1688 quomodo
1067 1615 1158 1668 hic
1184 1613 1566 1668 haereticorum
1593 1609 1968 1679 oppositiones
1997 1620 2132 1658 con-

559 1713 710 1765 tinuo
733 1725 794 1762 ac
828 1720 1052 1762 strenue
1081 1705 1367 1760 refellerit.
1414 1703 1707 1766 Profitere,
1743 1698 1940 1768 inquit,
1970 1695 2135 1766 380

559 1801 958 1855 confessionem
980 1809 1150 1863 tuam,
1183 1795 1459 1850 haeretice.
1487 1797 1622 1848 Cum
1650 1791 1714 1846 ad
1746 1789 2132 1859 baptisterium

2309 1147 2381 1204 I".
2415 1145 2557 1206 Πρὸς
2587 1142 2759 1195 ταῦτα
2795 1142 2822 1193 ὁ
2845 1140 3136 1209 Γρηγορᾶς
3165 1136 3368 1190 οὑτωσί
3406 1153 3522 1198 πως
3563 1137 3776 1206 ἀπήντη-

2242 1251 2355 1290 σεν’
2387 1233 2692 1304 Δίρετικῶν
2725 1249 2817 1300 μοι
2843 1229 3171 1300 προφέρετε,
3223 1227 3522 1297 ἄνθρωποι,
3561 1227 3776 1296 ῥήματα.

2239 1329 2414 1381 Τίνων
2446 1327 2509 1396 δὴ
2535 1325 2779 1390 τούτων;
2831 1317 2902 1376 ὢν
2955 1323 3054 1392 τὴν
3106 1320 3309 1373 ἄτοπον
3359 1319 3581 1388 ἐρευνᾶν
3619 1335 3670 1371 τε
3697 1319 3776 1371 καὶ

2241 1419 2778 1488 πολυπραγμοσύνην
2805 1416 3043 1486 δημοσίᾳ
3074 1414 3168 1468 τοῦ
3199 1415 3652 1484 Χρυσορῤήμονος
3679 1412 3773 1477 ἐξε-
3819 1451 3834 1486 ,

2241 1517 2524 1586 λέγχοντος
2558 1511 2716 1566 οὔπω
2750 1528 2812 1579 γε
2843 1510 3164 1580 ἠκηκόειτε,
3196 1507 3272 1569 ὡς
3301 1506 3500 1559 ἐοικεν.
3554 1503 3776 1556 Ἀκούσε-

2243 1610 2336 1664 σθε
2363 1609 2419 1662 δὲ
2452 1607 2566 1674 νῦν,
2604 1607 2698 1659 καὶ
2727 1608 2776 1657 εἰ
2813 1605 2888 1674 μὴ
2919 1605 3060 1657 πάνυ
3093 1619 3146 1655 τι
3175 1598 3422 1670 σφοδρῶς
3471 1616 3532 1668 γε
3561 1597 3641 1668 εἴη
3671 1598 3778 1667 ὑμῖν

2243 1704 2379 1774 πρὸς
2417 1701 2746 1772 βουλήσεως,
2777 1699 2874 1759 τὰς
2908 1697 3016 1748 τῶν
3049 1694 3349 1763 αίρετικῶν
3379 1691 3672 1752 ἀντιθέσεις
3701 1707 3778 1742 συ-

2241 1797 2344 1868 χνά
2375 1813 2434 1848 τε
2461 1796 2570 1848 κάκ
2591 1793 2684 1846 τοῦ
2735 1791 3002 1859 σύνεγγυς
3039 1789 3464 1858 ἀνατρέποντος.
3517 1781 3780 1850 Ἀνάγνωθί

557 1893 856 1959 accessisti,
888 1892 1016 1960 quid
1050 1889 1328 1945 confessus
1357 1885 1454 1942 es?
1479 1884 1777 1938 llorrendis
1801 1883 1907 1936 illis
1937 1887 2136 1951 myste-

2243 1911 2364 1958 σου,
2423 1891 2559 1960 φησι
2591 1889 2690 1962 (1),
2731 1889 2830 1959 τὴν
2859 1887 3175 1958 ὁμολογίαν,
3195 1883 3464 1953 αίρετικέ.
3491 1882 3616 1932 Ὅτε
3639 1892 3782 1946 προσ·

561 1987 659 2040 riis
682 1985 840 2038 Iidem
873 1983 1112 2036 imbuisti
1140 1999 1153 2035 :
1197 1997 1343 2034 nunc
1374 1994 1504 2032 vero
1535 1976 1629 2030 Dei
1657 1975 1950 2030 essentiam
1983 1987 2137 2027 scru-

561 2079 660 2134 tari
697 2075 1026 2147 pra-sumis?
1057 2073 1161 2126 Sed
1205 2071 1329 2124 vide
1361 2085 1480 2139 qua:
1503 2067 1749 2122 veritatis
1790 2063 2137 2119 adversarius

555 2179 748 2224 contra
803 2168 970 2220 dicat.
1009 2164 1192 2230 Quid?
1231 2164 1429 2231 inquit,
1465 2175 1646 2214 nonne
1702 2159 1942 2211 inertem
1977 2155 2136 2208 nobis

559 2273 796 2316 mentem
831 2259 982 2312 dedit
1013 2256 1206 2310 Deus?
1237 2253 1428 2309 Nonne
1465 2268 1652 2308 revera
1689 2251 2008 2319 accepimus
2053 2264 2138 2302 ra-

557 2355 724 2406 tionis
749 2349 1074 2404 criteriuin?
1105 2349 1245 2416 Ergo
1287 2357 1468 2402 mente
1505 2361 1604 2398 nos
1639 2343 1798 2398 [idem
1827 2351 2138 2412 perscruta—

559 2460 682 2498 inur
707 2452 941 2512 oportet,
973 2455 1150 2508 neque
1181 2439 1355 2508 pietas
1387 2437 1726 2508 inexplorata
1757 2450 1876 2490 esse
1901 2433 2082 2488 debet.
2114 2453 2131 2482 ι

555 2535 757 2590 Contra
817 2533 907 2587 ille
938 2549 953 2585 :
989 2532 1218 2600 Oportet
1268 2537 1476 2592 autem,
1523 2543 1556 2580 ο
1591 2527 1834 2580 veritatis
1893 2524 2134 2590 inimice,

558 2626 881 2682 scrutationi
937 2633 1139 2678 nostrae
1205 2621 1470 2675 terminos
1531 2617 1891 2690 praescribunt
1953 2616 2138 2670 divina

558 2726 828 2788 pra-cepta
871 2725 926 2770 et
957 2731 986 2768 a
1023 2717 1132 2768 Deo
1170 2713 1312 2767 datae
1357 2712 1514 2766 nobis
1573 2711 1793 2780 pietatis
1849 2709 2013 2777 leges.
2055 2707 2136 2760 Tu

555 2825 684 2866 vero
729 2805 1085 2861 transilzendo
1133 2806 1188 2858 in
1252 2801 1534 2856 veritatem
1599 2813 1812 2868 peccas.
1860 2797 1965 2852 Sed
2017 2797 2138 2852 vide

559 2919 681 2974 qua:
707 2901 810 2954 alia
834 2907 1056 2970 insuper
1082 2897 1290 2968 profert
1319 2895 1644 2948 haereticus:
1669 2893 1786 2946 Non
1805 2891 2136 2954 invenimus,

557 2994 755 3064 inquit,
790 2995 950 3045 iidem
1014 3001 1182 3044 tutam
1232 2987 1456 3056 ubique.
1501 2986 1717 3040 Scimus
1766 2985 1911 3038 enim
1961 2983 2138 3036 Adam

558 3091 722 3142 etiam
751 3101 818 3140 ex
840 3087 944 3138 (ide
966 3086 1198 3152 lapsum.
1224 3079 1331 3134 Sed
1355 3079 1476 3132 vide
1500 3083 1662 3132 etiam
1683 3075 2139 3146 qianhrysosto-

561 3196 682 3233 nius
714 3178 780 3232 ad
817 3178 933 3230 inec
961 3173 1288 3243 respondeat
1316 3186 1329 3222 :
1367 3169 1686 3232 Considera,
1716 3169 1917 3238 inquit,
1947 3181 2138 3221 rursus

2240 1985 2402 2056 ἦλθες
2463 1982 2854 2054 βαπτισθῆναι,
2915 1979 2970 2032 τί
3031 1974 3220 2042 εἴπες;
3277 1977 3386 2028 Καὶ
3439 1975 3532 2028 ἐπὶ
3571 1972 3660 2040 μὲν
3689 1967 3779 2020 τῶν

2240 2077 2488 2148 φρικτῶν
2543 2073 2766 2127 ἐκείνων
2808 2071 3128 2144 μυστηρίων
3179 2069 3279 2140 τὴν
3313 2069 3499 2120 πίστιν
3531 2064 3783 2134 προσήγα-

2241 2187 2356 2238 γες,
2393 2167 2486 2222 νῦν
2514 2167 2570 2220 δέ
2601 2166 2694 2220 τοῦ
2725 2163 2862 2218 Θεοῦ
2921 2161 3410 2233 πολυπραγμονεῖς
3453 2157 3554 2225 τὴν
3583 2151 3782 2212 οὐσίανς

2253 2259 2394 2313 Ἀλλ’
2416 2259 2519 2327 ὅρα
2549 2257 2601 2308 τί
2629 2257 2794 2310 πάλιν
2820 2257 2846 2308 ὁ
2876 2254 3066 2325 ἐχθρὸς
3097 2252 3374 2320 ἀντιλέγει
3405 2249 3507 2320 τῆς
3534 2245 3786 2314 ἀληθείας·

2240 2352 2330 2420 Μὴ
2353 2350 2460 2418 γὰρ
2495 2349 2700 2420 ἀργοὺς
2732 2349 2866 2418 ἡμῖν
2900 2349 2929 2400 ὁ
2957 2347 3088 2408 Θεὸς
3131 2345 3328 2398 δέδωκε
3363 2339 3659 2409 λογισμούς
3683 2356 3696 2396 ς
3723 2335 3788 2404 μὴ

2240 2445 2349 2514 γὰρ
2389 2443 2576 2504 ἁπλῶς
2618 2441 2924 2510 εἰλήφαμεν
2975 2438 3070 2492 τοῦ
3127 2437 3220 2490 νοῦ
3273 2441 3334 2488 τὸ
3367 2433 3652 2504 κριτήριον
3679 2427 3791 2496 ςΔεῐ

2241 2535 2336 2586 καὶ
2363 2533 2648 2604 λογισμοῖς
2683 2531 2912 2602 ἐρευνᾷν
2939 2533 3041 2599 τὴν
3073 2530 3278 2591 πίστιν,
3329 2527 3423 2578 καὶ
3455 2525 3534 2596 μὴ
3563 2521 3794 2586 ἀνεξέτα·

2243 2643 2366 2679 στον
2407 2620 2545 2678 εἶναι
2569 2624 2668 2695 τὴν
2695 2622 2997 2676 εὐσέϐειαν.
3037 2621 3196 2674 Ἀλλά
3224 2618 3420 2690 χρεὼν,
3449 2617 3634 2686 φησιν,
3653 2609 3793 2682 ἐχθρὲ

2241 2717 2339 2787 τῆς
2370 2715 2649 2786 ἀληθείας,
2691 2713 2752 2786 [il
2787 2712 2884 2766 157
2909 2711 2988 2784 v.]
3045 2711 3143 2780 τῆς
3174 2709 3480 2775 ἐξετάσεως
3517 2708 3636 2773 ὅρον
3667 2700 3788 2753 εἶναι

2239 2810 2307 2860 τὰ
2339 2807 2459 2860 θεῖα
2499 2807 2656 2876 λόγια
2687 2805 2782 2860 καὶ
2833 2807 2961 2866 τοὺς
2996 2803 3128 2874 παρ’
3173 2801 3338 2854 αὑτοῦ
3373 2800 3630 2860 δοθέντας
3674 2795 3788 2864 ἡμῖν

2240 2903 2338 2972 τῆς
2377 2901 2660 2963 εὐσεϐείας
2683 2900 2932 2960 κανόνας.
2961 2899 3033 2950 Σὺ
3075 2895 3117 2949 δ’
3148 2893 3504 2966 ὑπερϐαίνων
3535 2891 3689 2962 βιάζῃ
3712 2887 3798 2956 τὴν

2240 2995 2524 3064 ἀλήθειαν.
2561 2993 2672 3047 Καὶ
2706 2993 2806 3064 ὅρα
2836 2993 2997 3044 πάλιν
3020 2991 3171 3052 τίνας
3195 2992 3221 3043 ὀ
3245 2987 3525 3059 αἱρετικδς
3558 2981 3797 3050 ὑποφέρει

2241 3086 2452 3155 λόγους.
2504 3087 2616 3154 Ούχ
2657 3085 3010 3154 εὑρίσκομεν,
3060 3083 3216 3153 φησι,
3248 3082 3344 3148 τὴν
3381 3077 3568 3132 πίστιν
3600 3070 3796 3142 ἀσφαὶῆ

2244 3179 2518 3249 πανταχῆ.
2571 3159 2912 3248 Εὑρίσκομεν
2966 3177 3072 3245 γὰρ
3110 3178 3200 3228 τὴν
3237 3173 3412 3242 Ἀδὰμ
3465 3171 3576 3227 ἀπὸ
3603 3171 3694 3240 τῆς
3715 3172 3796 3220 πί-

561 3272 784 3344 maligni
809 3270 1072 3324 daemonis
1099 3266 1240 3320 dicta
1275 3265 1458 3318 omnia
1484 3265 1688 3332 ubique
1713 3261 1990 3316 tentantis.
2017 3261 2136 3315 Non

2245 3289 2418 3334 στεως
2455 3269 2710 3324 πεσόντα.
2741 3271 2884 3340 Ὅρα
2905 3269 2962 3321 δέ
2991 3269 3088 3321 καὶ
3116 3266 3209 3319 τοῦ
3233 3265 3696 3335 Χρυσορῤήμονος
3716 3257 3798 3327 τὴν

561 3366 656 3436 qui
683 3369 916 3417 tormina
947 3358 1174 3414 conlidit
1209 3357 1381 3411 [idelis
1413 3365 1519 3420 est,
1555 3356 1650 3410 sed
1681 3355 1774 3424 qui
1821 3354 1929 3408 Deo
1969 3353 2138 3408 conti-

563 3460 644 3512 dit
675 3459 725 3510 in
753 3454 1002 3510 veritate.
1035 3452 1120 3505 An
1150 3447 1544 3505 demonsuasti
1605 3447 1758 3500 illum
1815 3446 1925 3500 Deo
1965 3445 2138 3500 conﬁ—

559 3565 684 3606 sum
759 3544 1068 3601 interiisse?
1153 3541 1377 3596 Diabolo
1435 3539 1662 3594 conﬁdit
1737 3547 1795 3591 et
1865 3538 2134 3604 interiit;

563 3644 672 3696 Deo
697 3656 804 3695 non
835 3638 1060 3694 conlidit
1081 3644 1134 3691 et
1157 3635 1342 3704 lapsus
1369 3641 1472 3687 est.
1506 3631 1600 3686 llis
1631 3631 1796 3700 igitur
1813 3630 1998 3684 verbis
2027 3629 2136 3683 ha:—

566 3737 734 3790 retico
778 3747 839 3786 os
884 3729 1182 3784 obturavit.
1221 3726 1326 3780 Sed
1385 3738 1494 3776 non
1551 3722 1726 3774 solum
1773 3723 1881 3786 hic,
1942 3735 2133 3776 verum

561 3827 726 3882 etiam
760 3823 942 3878 ca-tcri
973 3827 1244 3890 quotquot
1275 3817 1339 3870 ad
1379 3816 1525 3869 hunc
1579 3815 1722 3868 diem
1776 3813 1970 3868 eadem
2019 3801 2152 3884 quae

561 3918 806 3976 haeretici
853 3916 942 3971 isti
999 3914 1228 3976 faciunt,
1271 3923 1463 3966 omnes
1521 3907 1712 3962 iisdem
1760 3907 2136 3977 Chrysostomi

562 4009 731 4066 armis
763 4015 1218 4078 prosternuntur.

631 4303 792 4374 381
822 4302 908 4356 ιγ.
941 4301 1068 4354 Post
1103 4298 1206 4351 hoc
1251 4300 1416 4350 verba
1445 4297 1770 4364 inceperunt
1795 4293 2017 4364 quidam
2043 4309 2139 4363 pa-

563 4415 687 4453 rare
719 4396 966 4450 insidias.
995 4393 1300 4446 Consuerat
1321 4388 1468 4442 enim
1499 4387 1912 4442 Cantacuzenus
1961 4388 2016 4441 in
2041 4388 2142 4440 hu-

561 4489 804 4562 iusmodi
837 4489 998 4541 rebus
1025 4484 1376 4538 insidiatores
1413 4483 1686 4536 instruere
1719 4493 1774 4536 et
1801 4497 1864 4536 ex
1925 4482 2138 4536 occulto

2241 3361 2647 3432 ἀνθυποφοράν.
2681 3359 2877 3425 Βλέπε,
2915 3359 3073 3428 φησι,
3107 3357 3272 3410 πάλιν
3304 3355 3397 3408 τοῦ
3425 3351 3666 3424 πονηροῦ
3695 3347 3798 3402 61'!-

2243 3470 2404 3523 μονος
2437 3453 2504 3505 τὰ
2543 3454 2768 3522 ῥήματα
2798 3451 2890 3505 τοῦ
2923 3451 3103 3506 πάντα
3126 3449 3457 3518 τολμῶντος.
3501 3445 3642 3500 Ἀλλ’
3665 3441 3802 3514 οὒχὸ

2243 3542 2515 3620 πιστεύων
2550 3543 2627 3613 τῷ
2658 3543 2876 3616 τυχόντι
2919 3543 3132 3606 πιστὸς,
3191 3540 3306 3594 ἀλλ’
3337 3540 3365 3592 ὁ
3395 3539 3521 3610 Θεῷ
3547 3537 3801 3592 πιστεύων

2243 3635 2480 3706 ἀληθῶς.
2509 3637 2602 3706 Μὴ
2639 3637 2744 3706 γὰρ
2766 3635 2972 3700 ἔδειξας
3005 3636 3087 3690 ὅτι
3142 3635 3262 3705 Θεῷ
3313 3634 3621 3695 πιστεύσας
3665 3628 3806 3686 ἀπώ-

2243 3727 2402 3792 λετο;
2441 3726 2686 3794 Διαϐόλῳ
2728 3726 3025 3789 πιστεύπας
3055 3724 3324 3792 ἀπώλετο,
3351 3723 3473 3793 Θεῷ
3507 3722 3804 3792 ἀπιστήσας

2240 3821 2534 3892 ὠλίσθησε.
2572 3819 2794 3884 Τούτοις
2820 3819 2920 3887 μὲν
2945 3819 3008 3888 δὴ
3039 3813 3132 3870 οὖν
3158 3820 3270 3879 τοῖς
3301 3819 3515 3888 ῥήμασι
3551 3816 3642 3868 τὸν
3665 3815 3802 3882 αίρε-

2243 3913 2389 3968 τικδν
2442 3911 2774 3980 ἐπεστόμισε
2821 3913 2972 3964 τότε·
3013 3911 3090 3982 μὴ
3131 3911 3293 3976 μόνον
3332 3909 3376 3961 δ’
3403 3903 3522 3974 οὗν,
3557 3907 3692 3961 ἀλλὰ
3718 3901 3804 3958 καὶ

2241 4007 2358 4060 ὅσοι
2393 4004 2604 4060 ἐκεῖθεν
2646 4005 2706 4066 ἐς
2731 4003 2848 4056 τόδε
2897 4003 3070 4056 ταυτά
3101 4004 3216 4066 τοῖς
3248 4001 3556 4070 αίρετικοϊς
3587 3997 3804 4056 ἐκείνοις

2240 4098 2614 4168 προφέρουσιν
2649 4095 2848 4166 ἕτεροι,
2877 4096 2992 4158 τοῖς
3019 4096 3203 4158 αὐτοῖς
3224 4093 3316 4146 τοῦ
3344 4092 3802 4164 Χρυσορῤήμονος

2239 4191 2479 4254 ἅπαντες
2509 4187 2692 4259 βέλεσι
2722 4189 3070 4257 πλήττονται.

2311 4304 2385 4354 A'.
2417 4299 2637 4352 Τούτων
2665 4297 2710 4350 δ’
2735 4298 2880 4350 οὓτω
2927 4298 3240 4366 λεγομένων
3271 4296 3512 4368 ῆρξαντό
3537 4311 3682 4355 τινες
3713 4293 3804 4361 τῆς

2239 4390 2525 4463 ἐφεδρείας
2556 4391 2883 4444 ἐπεισιέναι.
2913 4389 3148 4458 Σύνηθες
3179 4390 3286 4457 γὰρ
3317 4390 3468 4444 τουτὶ
3493 4389 3806 4443 Καντακον·

2242 4484 2390 4552 ζηνῷ
2416 4481 2764 4552 προλοχίζειν
2803 4480 3087 4550 ἐφεδρείας
3128 4483 3186 4533 ἐν
3244 4482 3360 4542 τοῖς
3414 4481 3685 4542 τοιούτοις
3719 4477 3807 4530 καὶ

564 4581 956 4636 Tclchinorum
979 4577 1164 4646 copias
1185 4575 1525 4644 protrahere,
1551 4574 1652 4644 ipsi
1671 4573 1892 4643 quidem
1917 4573 2134 4625 ﬁrmum

2242 4575 2514 4643 Τελχίνων
2573 4573 2832 4627 τοιούτων
2887 4575 3172 4642 ἐπιφερειν
3201 4573 3262 4636 ἐξ
3321 4573 3564 4642 ἀφανοῦς
3593 4569 3808 4642 στρατό-

565 4671 892 4734 subsidium,
926 4666 1252 4722 adversariis
1277 4681 1408 4718 vero
1455 4673 1720 4718 terrorem
1785 4679 2062 4733 magnum.
2095 4661 2138 4716 E

566 4762 762 4831 quibus
787 4760 876 4827 qni
905 4759 1112 4827 primus
1145 4757 1382 4810 surrexit
1405 4765 1462 4808 et
1501 4755 1592 4808 hic
1633 4754 1854 4822 quidem
1896 4769 2018 4807 cum
2048 4767 2134 4806 re-

567 4855 734 4922 liquis
787 4851 1044 4905 omnibus
1097 4847 1328 4901 inaxinie
1383 4847 1719 4915 conspiravit
1769 4857 1826 4900 et
1887 4845 2136 4899 eamdem

565 4955 803 5001 incntctn
835 4943 1028 4996 habuit
1055 4950 1106 4994 et
1133 4941 1290 4993 valde
1323 4939 1581 4992 omnibus
1609 4937 1842 4992 dilectus
1869 4947 2010 5002 erat,
2045 4951 2136 4990 aro

567 5039 736 5108 ripuit
763 5048 1068 5090 sermonem
1099 5031 1164 5085 de
1197 5031 1318 5086 luce
1351 5032 1438 5084 illa
1477 5029 1530 5084 in
1561 5037 1745 5083 monte
1773 5029 2048 5090 Thabore,
2080 5039 2137 5082 et

566 5129 912 5186 contumeliis
941 5127 1132 5182 obruit
1183 5123 1532 5178 Theodorum
1570 5121 1664 5190 qui
1697 5135 1794 5189 pro
1828 5120 2048 5174 Christo
2081 5129 2138 5174 et

565 5221 764 5278 divinis
789 5220 1041 5274 Ecclesia:
1074 5217 1360 5286 praeceptis
1395 5213 1674 5267 cruciatus
1720 5225 1963 5266 summos
2019 5227 2139 5280 per-

565 5329 758 5384 pessus
788 5325 934 5375 erat;
969 5311 1060 5378 qui
1099 5308 1168 5362 ab
1219 5305 1594 5360 lconoinachis
1645 5303 1790 5358 inter
1817 5303 2052 5372 plurima
2079 5313 2138 5358 et

565 5405 714 5460 saria
752 5405 978 5458 verbera
1016 5401 1162 5452 velut
1213 5411 1386 5466 agnus
1433 5395 1582 5448 hnmi
1629 5403 1888 5450 extensus
1934 5395 2140 5450 acubus

561 5499 760 5556 ferreis
793 5506 1028 5568 punctus
1086 5499 1278 5548 eratet
1335 5491 1608 5544 laceratus
1655 5497 1823 5542 totam
1897 5489 2136 5552 faciem;

569 5605 746 5648 tamen
781 5592 1020 5644 animam
1061 5601 1172 5640 non
1217 5585 1512 5653 ahjecerat,
1561 5583 1736 5636 donec.
1766 5583 1920 5636 exsul
1961 5581 2136 5650 judici

567 5685 886 5750 incorrupto
915 5683 1024 5734 Deo
1049 5693 1170 5732 eam
1209 5673 1542 5730 tradidisset.
1569 5673 1934 5729 Contumeliis
1954 5683 2136 5727 autem

2245 4667 2406 4731 πεδα,
2441 4664 2588 4736 αὑτῷ
2639 4665 2736 4736 μὲν
2770 4666 3106 4735 συμμαχίαν,
3157 4667 3270 4726 τοῖς
3296 4664 3340 4716 δ’
3373 4665 3684 4728 ἀντιθέτοις
3721 4663 3803 4714 εκ-

2246 4757 2442 4826 πληξιν
2463 4775 2476 4787 ·
2501 4752 2576 4810 ὧν
2611 4760 2638 4810 ὁ
2669 4757 2886 4825 πρῶτος
2909 4757 3002 4809 καὶ
3039 4756 3276 4826 μάλιστα
3299 4758 3519 4812 πάντων
3539 4757 3802 4826 ὀμόψυχός

2243 4867 2300 4902 τε
2337 4850 2430 4902 καὶ
2456 4849 2794 4920 ὁμογνώμων
2829 4851 2922 4902 καὶ
2957 4849 3139 4902 πάντα
3167 4851 3540 4919 στεργόμενος
3577 4851 3804 4917 ἀνελάμ-

2241 4943 2403 4996 ϐανεν
2425 4943 2586 5005 εὐθὺς
2609 4943 2675 4994 τὰ
2691 4942 2782 4994 τοῦ
2807 4943 2863 4994 ἐν
2883 4942 3150 5012 Θαὸωρίῳ
3169 4945 3248 5013 τῷ
3267 4944 3382 5013 ὄρει
3405 4944 3586 5012 φωτὸς
3607 4945 3800 5004 ἐκεῖνα,

2238 5037 2334 5088 καὶ
2361 5034 2622 5105 ἐλοιδόρει
2669 5037 2764 5088 τὸν
2793 5036 2936 5106 ὑπὲρ
2965 5035 3206 5105 Χριστοῦ
3237 5039 3332 5090 καὶ
3387 5038 3494 5092 τῶν
3525 5038 3688 5092 θείων
3713 5039 3804 5106 τῆς

2255 5126 2586 5197 Ἐκκλησίας
2619 5127 2907 5196 δογμάτων
2959 5127 3127 5198 μυρία
3157 5128 3399 5182 παθόντα
3425 5131 3576 5184 δεινὰ
3603 5129 3799 5184 Θεόδω-

2247 5236 2359 5290 ρον,
2393 5218 2450 5280 ὃς
2478 5220 2614 5286 πρὸς
2650 5219 2756 5270 τῶν
2791 5220 3176 5289 Εἰκονομάχων
3205 5223 3344 5290 μετά
3395 5223 3662 5286 πλείστας
3685 5223 3803 5290 πρό-

2245 5326 2401 5378 τερον
2431 5311 2524 5362 καὶ
2555 5310 2846 5379 διαφόρους
2873 5311 3122 5373 κολάσεις
3179 5313 3433 5384 καθάπερ
3473 5314 3650 5383 ἀμνὸς
3671 5313 3800 5366 κατά

2243 5401 2346 5469 γῆς
2383 5401 2855 5470 ἐκταθεὶςάκμαῖς
2901 5401 3136 5472 σιδήρων
3187 5404 3430 5466 ἐστὲζετο
3458 5409 3798 5475 γραφόμενος

2243 5491 2390 5544 ἅπαν
2423 5495 2484 5543 τὸ
2507 5493 2824 5556 πρόσωπον,
2885 5493 3046 5563 ἔμενε
3083 5495 3140 5546 δὲ
3185 5495 3285 5566 τὴν
3324 5495 3499 5567 ψυχὴν
3557 5497 3793 5566 ἀκλινὴς.

2243 5583 2346 5644 ἕως
2379 5583 2458 5646 εἰς
2501 5583 2718 5652 ἐξορίαν
2770 5585 3092 5655 ἀπενεχθεὶς
3127 5588 3206 5658 τῷ
3241 5575 3520 5661 ἀδεκάστῳ
3577 5591 3800 5644 δέδωκεν

2245 5675 2414 5744 αὐτὴν
2441 5675 2706 5746 aeteae-31:9
2733 5675 2869 5744 Θεῷ.
2917 5677 3206 5748 Ἐλοιδόρει
3241 5681 3286 5734 δ’
3319 5683 3524 5736 ἐκεῖνον
3561 5685 3646 5736 ὄτι
3680 5682 3802 5750 βοη-

641 5883 716 5951 (l)
747 5882 849 5932 Τοῦ
883 5878 1274 5949 Χρυσοστόμου
1308 5883 1368 5930 ἐκ
1403 5877 1496 5930 τοῦ
1529 5881 1608 5940 είς
1639 5879 1697 5928 τὸ
1733 5879 1892 5947 ρητδν
1923 5877 2000 5938 τὸ,
2042 5895 2060 5926 ‹
2083 5877 2170 5931 Ἑν
2215 5878 2342 5948 ποίᾳ
2373 5877 2588 5951 ἐξουσίᾳ
2619 5879 2788 5932 ταῦτα
2822 5885 2994 5945 ποιεῖς
3021 5899 3034 5946 ;
3069 5902 3088 5935 ι
