4046 6290
245 355 340 420 337

1115 350 1554 412 BYZANTINXE
1591 347 1969 406 lllS'l‘OerE
2006 347 2142 407 LIB.
2178 345 2419 405 XXXII.

3351 334 3460 396 338

246 476 348 529 θῶν
368 471 666 543 ὀρθοδόξοις
693 471 873 542 βιϐλία
903 473 1044 525 κατὰ
1072 472 1179 524 τῶν
1207 470 1594 539 Εἱκονομάχων
1618 469 1793 536 ἀφῆκε

1920 480 2019 517 rum
2053 464 2232 518 affecit
2264 462 2410 532 quod
2448 459 2687 514 fideliqu
2743 458 2927 512 socius
2961 457 3162 525 scripta
3211 455 3458 509 ediderat

243 567 317 637 τῷ
346 566 462 636 βίῳ,
504 565 603 634 τὴν
635 567 862 618 ἐκείνων
905 566 1025 617 τότε
1061 564 1413 632 ἐξελέγχοντα
1449 561 1794 621 δυσσέϐειαν,

245 658 336 711 νῦν
360 657 414 710 δὲ
448 655 546 725 τὴν
585 656 934 726 Παλαμικὴν,
984 658 1048 709 ἐκ
1075 657 1203 724 μιᾶς
1244 653 1563 724 ἀρξαμένων
1589 653 1796 721 ἀμφοῖν

246 749 588 819 προφάσεως,
641 747 735 802 τοῦ
767 750 826 798 ἐν
857 748 1121 817 Θαϐωρίῳ
1163 748 1308 815 λέγω
1333 748 1410 816 τῷ
1445 747 1562 818 ὄρει
1598 744 1794 814 φωτὸς,

247 842 319 904 ὡς
358 839 703 910 δειχθήσεται
758 839 1095 911 πλατύτερον
1135 841 1420 907 προϊόντος
1468 838 1560 892 τοῦ
1609 837 1794 905 λόγου.

247 933 350 986 Καὶ
375 933 500 984 ποία
522 931 733 996 τοῦτον,
762 931 1021 1000 ἔφασκεν,
1050 928 1191 984 οἶδεν
1229 930 1560 999 Ἐκκλησία;
1604 931 1698 983 καὶ
1719 931 1801 991 τίς

249 1025 405 1080 αὐτοῦ
435 1041 565 1077 ποτε
623 1025 846 1093 μνήμην
909 1023 1202 1090 πεποίηται
1239 1024 1348 1074 τῶν
1407 1024 1657 1092 ἡμερῶν;
1695 1021 1801 1074 Καὶ

253 1116 411 1170 πολλὰ
439 1114 664 1169 τοιαῦτα
699 1115 963 1190 συνείρων
1002 1117 1101 1182 τὴν
1142 1113 1249 1166 τῶν
1272 1113 1630 1185 βλασφημιῶν
1667 1115 1801 1184 ἐπή-

255 1225 400 1274 νεγκε
432 1206 722 1276 κορωνίδα,
773 1209 852 1259 ὅτι
911 1205 1071 1258 πάνθ’
1117 1208 1214 1257 ὅσα
1263 1204 1439 1273 βιϐλία
1467 1206 1802 1275 πεποιῆσθαι

253 1301 454 1368 λέγεται
488 1302 630 1353 κατὰ
678 1300 784 1352 τῶν
811 1299 1195 1368 Εἰκονομάχων
1225 1297 1374 1367 αὐτῷ
1414 1298 1683 1368 αἱρέσεων
1715 1299 1804 1366 γέ-

257 1409 339 1464 μει
367 1391 618 1463 μακρῶν.
656 1393 766 1445 Καὶ
810 1391 859 1442 εί
915 1390 1015 1459 μὲν
1045 1389 1226 1459 ἕτεροί
1261 1406 1404 1451 τινες
1435 1389 1804 1458 ὑποϐολιμαῖα

253 1483 775 1552 παρεισενέγκαντες
825 1481 886 1533 τὸ
926 1479 1092 1533 αὐτοῦ
1133 1497 1196 1548 γε
1237 1480 1559 1549 ἐπέγραψαν
1611 1480 1802 1550 ὄνομα,

254 1577 576 1645 ἀνέγκλητος
605 1575 706 1644 μὲν
739 1573 1097 1634 ἐσταιαύτδς,
1139 1573 1204 1624 τά
1235 1571 1293 1624 δέ
1343 1571 1525 1640 βιϐλία
1555 1571 1615 1624 οὐ
1639 1591 1652 1605 ·
1687 1577 1735 1626 εἰ
1762 1575 1807 1626 δ’

254 1669 407 1723 αὐτοῦ
431 1667 508 1737 τῷ
530 1666 646 1719 δντι
684 1665 917 1735 βεϐαίως
951 1664 1109 1728 εἰσὶν,
1139 1663 1275 1733 ὁμοῦ
1301 1667 1411 1727 τοῖς
1448 1665 1673 1734 βιϐλίοις
1699 1667 1810 1735 ἄρα

254 1757 553 1830 ἀπόϐλητος
602 1759 696 1812 καὶ
751 1757 912 1820 αὐτὸς
969 1757 1063 1808 καὶ
1107 1759 1220 1818 τοῖς
1277 1757 1462 1820 ἄλλοις
1507 1760 1811 1828 αἱρετικοῖς

254 1853 590 1924 ἐναρίθμιος.

321 1949 390 2000 E'.
430 1946 721 2002 Τοσούτων
751 1941 845 1997 οὖν
901 1945 997 1996 καὶ
1055 1943 1197 1997 οὕτω
1259 1945 1528 2014 μεγέθους
1560 1948 1813 2010 ἀσεϐείας

253 2037 483 2108 ἐχόντων
515 2036 689 2104 λόγων
719 2035 988 2105 αὐτήκοος
1020 2036 1048 2088 ὁ
1078 2035 1366 2106 Γρηγορᾶς
1409 2037 1650 2104 γεγονὼς
1683 2039 1817 2103 σφόε

254 2131 346 2197 δρα
383 2145 449 2182 τε
491 2127 764 2197 ἐξεπλάγη
821 2129 915 2181 καὶ
950 2129 1166 2198 ἄφωνος
1216 2129 1438 2196 ἔμεινεν
1482 2130 1612 2198 ἄχρι
1634 2133 1726 2183 καὶ
1759 2134 1815 2194 ἐς

253 2223 388 2294 ὥρας
412 2221 636 2292 μακρόν
662 2238 712 2272 τι
740 2220 1039 2291 διάστημα.
1067 2222 1298 2276 Ἔπειτα
1329 2223 1502 2295 θυμοῦ
1536 2227 1630 2279 καὶ
1651 2226 1814 2296 ζήλου

254 2317 387 2368 θείου
420 2313 634 2383 μεστὸς
671 2313 910 2382 γεγονὼς
948 2313 1152 2379 τοιάδε,
1211 2315 1474 2384 στραφεὶς
1532 2317 1669 2386 πρὸς
1725 2317 1817 2370 τὸν

259 2403 732 2477 Καντακουζηνὸν,
796 2405 960 2476 φησί’
1016 2405 1081 2457 Τί
1144 2422 1248 2475 μου
1280 2408 1342 2458 τὸ
1383 2409 1560 2478 γῆρας
1591 2411 1690 2462 οὒκ
1723 2412 1815 2480 ἐᾷς

257 2501 502 2570 ἠρεμεῖν,
543 2499 660 2553 ἀλλ’
694 2498 1067 2562 ἐπιϐουλεύεις
1097 2499 1220 2565 del;
1253 2501 1318 2552 Τί
1343 2517 1409 2570 με
1439 2503 1562 2564 ταῖς
1594 2505 1712 2566 σαῖς
1734 2505 1818 2556 ἀεὶ

259 2594 492 2662 μερίζων
527 2593 810 2664 αἱρέσεσιν
840 2594 940 2646 οὐκ
971 2594 1279 2663 ἐνάρκησας
1302 2595 1415 2648 οὐδ’
1447 2596 1545 2665 ὀψὲ
1575 2599 1672 2665 τῆς
1703 2598 1819 2666 ἠλι-

259 2685 375 2748 κίας
401 2684 507 2754 τῆς
552 2685 650 2751 σῆς
685 2685 896 2754 καὶτῆς
938 2685 1033 2738 νῦν
1066 2685 1457 2757 βαρυδαίμονος
1501 2689 1704 2758 τύχης;
1753 2690 1820 2742 Τί

260 2779 311 2847 μ’
339 2778 518 2831 ἄλλοτ’
554 2777 778 2832 ἄλλοθεν
833 2777 908 2840 ὡς
943 2780 1006 2831 ἐκ
1039 2778 1248 2849 λόχμης
1278 2780 1372 2833 καὶ
1401 2781 1613 2850 δρυμοῦ
1648 2799 1818 2852 προσ-

257 2869 482 2934 ϐάλλων,
518 2870 582 2922 οὐ
612 2871 816 2940 τολμᾷς
852 2869 994 2922 κατὰ
1025 2871 1280 2939 μέτωπον
1312 2871 1572 2943 ἄντικρυς
1610 2875 1701 2926 τὸν
1730 2876 1820 2928 σὺν

258 2961 318 3033 [ί.
355 2961 454 3018 158
488 2961 568 3033 r.]
609 2962 896 3032 ἐπιφέρειν
933 2963 1190 3030 πόλεμον,
1244 2963 1361 3015 ἀλλ’
1399 2965 1501 3018 οὐκ
1533 2964 1681 3016 ἔστιν
1707 2965 1819 3018 οὐθ’

256 3050 369 3103 ὃθεν
390 3051 508 3103 οὐθ’
540 3052 630 3104 ὅτε
659 3051 735 3121 μὴ
763 3050 860 3118 τὴν
897 3052 996 3120 σήν
1024 3067 1114 3120 μοι
1144 3053 1442 3120 προσάγεις
1473 3053 1820 3122 ἀτέκμαρτον

258 3145 476 3212 πεῖραν;
509 3144 580 3196 Τί
610 3144 753 3197 κατὰ
783 3143 894 3195 τῶν
926 3143 1085 3196 θείων
1116 3143 1400 3214 δογμάτων
1427 3145 1602 3198 ἄλλοτ’
1627 3145 1820 3211 ἄλλους

260 3235 483 3303 ἐγείρεις
567 3234 879 3304 Ὀλύμπους
941 3236 1037 3288 καὶ
1095 3237 1415 3304 Παρνασοὺς
1473 3239 1823 3310 βλασφημίας

260 3326 603 3397 αὐτομαθοῦς
635 3327 729 3380 καὶ
753 3327 1096 3397 ὀψιμαθοῦς;
1132 3330 1196 3380 Τί
1231 3331 1370 3382 κατὰ
1399 3330 1504 3384 τῶν
1534 3331 1690 3384 θείων
1717 3335 1825 3385 Πα-

259 3423 421 3490 τέρων
473 3418 766 3490 χαράδρας
831 3419 1150 3490 ἀνορύττεις
1211 3423 1296 3474 ἀεὶ
1359 3423 1680 3492 καινοτέρας
1727 3427 1825 3478 καὶ

261 3514 391 3584 μόνῃ
413 3516 480 3582 τῇ
523 3514 592 3581 σῇ
623 3511 1050 3580 παρευρημένας
1084 3511 1365 3564 αὐτοθελεῖ
1395 3513 1607 3583 ἐπινοίᾳ
1637 3530 1652 3578 ;
1691 3514 1824 3568 Τίνα

259 3607 438 3659 τοῦτον
471 3605 538 3670 ἐξ
589 3603 938 3672 αὐτοσχεδίου
991 3592 1070 3673 τῷ
1109 3604 1237 3673 θείῳ
1271 3605 1466 3674 ἐκείνῳ
1506 3607 1680 3676 Πατρὶ
1729 3607 1823 3659 καὶ¹

259 3700 401 3766 σοφῷ
432 3697 748 3765 διδασκάλῳ
777 3697 875 3765 τῆς
911 3696 1238 3764 Ἐκκλησίας
1266 3697 1382 3750 νέον
1407 3698 1649 3761 ὁπλίζεις
1701 3701 1823 3769 Ἀρ·

257 3790 462 3860 χίλοχον
501 3791 539 3860 ἦ
591 3790 789 3860 μᾶλλον
856 3789 1170 3859 Ἀρχιλόχου
1224 3789 1478 3860 πίθηκον,
1515 3791 1572 3853 ὃς
1627 3793 1820 3862 πρὶνῆ

260 3879 448 3944 μαθεῖν
475 3879 683 3933 ἄπονον
709 3879 882 3928 οἴεται
911 3877 1193 3944 εἰληφέναι
1243 3879 1448 3945 ταμίαν
1501 3877 1694 3946 σοφίας
1726 3879 1824 3948 τὴν

267 3969 512 4021 Ἡσιόδου
559 3967 785 4035 δάφνην,
820 3967 916 4020 καὶ
955 3967 1090 4038 μόνῃ
1132 3967 1348 4037 θελήσει
1377 3969 1435 4021 τὸ
1471 3970 1822 4038 δογματίζειν

257 4057 564 4127 ἁλώσιμον;
602 4058 671 4108 Ἥ
703 4057 801 4109 οὐκ
827 4058 1072 4121 ἀκούεις,
1103 4059 1155 4110 τί
1181 4059 1338 4111 ταῦτ’
1370 4059 1462 4111 ἐπὶ
1486 4060 1580 4112 σοῦ
1609 4061 1671 4113 τὸ
1700 4079 1826 4131 σχε-

259 4144 556 4198 τλιώτατον
592 4143 750 4198 τοῦτο
811 4147 904 4198 καὶ
937 4147 1181 4215 μεμηνὸς
1241 4148 1530 4218 άνδράριον
1594 4151 1825 4220 ἐξηρεύ-

262 4235 415 4304 ξατο;
448 4235 585 4306 Ἆρ’
619 4237 821 4290 ἀνεκτὰ
873 4238 1028 4290 ταῦτ’
1073 4240 1265 4300 ἀκοαῖς
1309 4238 1451 4308 λόγῳ
1485 4241 1578 4294 καὶ
1615 4242 1825 4314 διανοίᾳ

261 4331 701 4399 διοικουμέναιςς
738 4329 973 4398 Φθέγξαι
993 4346 1045 4382 τι
1072 4329 1209 4400 πρὸς
1239 4330 1413 4384 ταῦτα
1433 4375 1447 4398 ,
1484 4334 1572 4386 ἵνα
1605 4333 1824 4405 γνῶμεν

264 4422 308 4474 εί
337 4423 408 4492 μὴ
437 4423 751 4491 ὁμότροπον
781 4421 1003 4492 τρέφεις
1031 4421 1163 4490 γοῦν
1195 4423 1252 4475 ἐν
1283 4423 1494 4486 τούτοις
1526 4429 1619 4478 καὶ
1663 4426 1824 4490 αὐτὸς

1897 557 2097 624 quibus
2135 554 2614 608 lconomachorum
2648 551 2895 620 impietas
2924 547 3459 618 deprehendebatnr,

1900 662 2046 700 nunc
2069 661 2199 700 vero
2221 646 2383 700 etiam
2411 645 2794 696 Palamitarum
2819 641 2908 709 qui
2925 642 3116 695 eodem
3143 645 3462 707 argumento

1900 753 1958 792 se
1990 737 2329 802 fulciebant;
2364 735 2430 791 de
2483 737 2606 789 luce
2656 743 2843 788 autem
2879 746 3185 785 sermonem
3221 729 3358 783 facio
3409 727 3464 781 i'n

1902 837 2086 881 monte
2141 827 2412 892 Thabore,
2456 842 2618 896 quam
2668 827 2806 878 infra
2845 837 3181 893 exponemus
3228 819 3464 890 planius.

1903 917 2033 984 Quae
2064 919 2220 972 vero?
2241 919 2418 988 inquit
2446 919 2554 982 ille,
2593 918 2836 972 Ecclesia
2880 917 3026 971 hunc
3050 914 3267 982 agnovit
3294 914 3316 965 ?
3347 912 3470 980 quis

1905 1010 2220 1065 memoriam
2296 1011 2416 1079 ejus
2493 1009 2844 1064 observavit?
2909 1009 2999 1062 llis
3074 1008 3298 1074 insuper
3365 1006 3470 1059 alia

1907 1101 2072 1154 multa
2096 1099 2305 1154 addidit
2331 1110 2386 1154 et
2413 1101 2864 1155 contumeliarum
2889 1114 3148 1152 acervum
3175 1097 3472 1164 complevit

1907 1207 2028 1246 cum
2073 1191 2241 1245 libros
2279 1202 2549 1262 quotquot
2600 1194 2822 1246 omnino
2873 1191 3166 1259 conscripti
3199 1191 3472 1243 ferrentur

1907 1295 2096 1338 contra
2149 1285 2554 1349 lconomachos,
2613 1285 2774 1354 382
2846 1285 3009 1338 nimis
3051 1284 3284 1336 refertos
3352 1296 3472 1336 esse

1908 1376 2088 1446 pravis
2117 1376 2470 1445 opinionibus
2492 1377 2722 1442 diceret,
2746 1389 2800 1430 et
2825 1377 2927 1429 nisi
2978 1377 3046 1429 ab
3073 1376 3193 1428 aliis
3241 1373 3470 1442 quibus-

1909 1469 2034 1522 dam
2065 1469 2554 1537 interpolatoribus
2585 1485 2784 1522 nomen
2811 1470 2930 1538 ejus
2965 1467 3288 1536 inscriptum
3328 1477 3474 1520 esset

1909 1561 2083 1626 libris,
2108 1563 2354 1631 ignotum
2385 1561 2519 1615 illud
2548 1555 2862 1615 mansurum
2901 1560 3102 1621 fuisse;
3143 1575 3246 1611 non
3295 1567 3472 1611 tamen

1912 1652 2036 1705 libri
2081 1652 2180 1719 ipsi
2212 1671 2225 1716 ;
2255 1653 2348 1720 qui
2377 1667 2566 1706 revera
2624 1652 2843 1720 quidem
2886 1659 3186 1711 exstarent.
3225 1649 3317 1703 sed
3371 1665 3474 1702 una

1914 1755 2035 1793 cum
2070 1741 2156 1794 his
2190 1757 2389 1796 nomen
2427 1744 2547 1809 ejus
2583 1742 2952 1811 ahjiciendum
2978 1757 3096 1796 esse
3127 1751 3181 1795 et
3215 1745 3478 1793 adnume-

1914 1834 2142 1888 randum
2169 1835 2394 1904 reliquis
2423 1835 2716 1890 haereticis.

1982 1924 2044 1979 V.
2082 1925 2210 1990 Quae
2235 1926 2400 1980 verba
2443 1936 2604 1981 tantae
2656 1928 2812 1996 plena
2866 1926 3160 1996 impietatis
3188 1940 3312 1979 cum
3345 1927 3480 1980 Grc-

1913 2030 2070 2084 goras
2103 2016 2363 2083 audisset,
2402 2019 2759 2072 vehementer
2789 2019 2972 2071 animo
3010 2018 3292 2087 perculsus
3324 2027 3481 2071 estet

1914 2107 2190 2162 obmutuit
2225 2124 2320 2177 per
2347 2109 2565 2179 longum
2593 2109 2745 2165 horae
2769 2109 3140 2163 intervallum.
3177 2108 3248 2162 At
3280 2107 3478 2162 deinde

1914 2199 2096 2254 animo
2118 2200 2380 2255 ctdiviua
2433 2201 2854 2269 condignatinne
2898 2199 3152 2268 impletus
3201 2198 3370 2252 vertit
3423 2213 3482 2252 se

1916 2290 1968 2343 in
2009 2287 2447 2344 Cantacuzenum
2479 2291 2660 2344 verbis
2700 2290 2888 2344 hisce:
2931 2290 3042 2344 Cur
3071 2304 3176 2341 non
3202 2295 3476 2342 senectam

1917 2379 2052 2435 mihi
2135 2382 2272 2435 sinis
2356 2381 2758 2452 tranquillam?
2817 2371 2927 2436 Cur
2996 2395 3212 2448 semper
3285 2379 3480 2434 ha-rcsi

1916 2482 2009 2526 tua
2043 2471 2313 2542 inquietas
2335 2489 2421 2528 me
2450 2489 2626 2542 neque
2674 2473 2950 2528 succurris
2995 2473 3128 2526 mihi
3187 2470 3280 2540 qui
3323 2479 3482 2526 aetate

1911 2564 2021 2635 jam
2057 2564 2344 2622 confectus
2373 2581 2492 2620 sum
2520 2575 2726 2621 etcum
2777 2576 2922 2620 tanta
2963 2580 3108 2619 nunc
3152 2566 3480 2634 ingravescit

1919 2657 2134 2710 miseria
2159 2655 2308 2711 ?Cnr
2340 2655 2501 2710 modo
2534 2656 2659 2710 hinc
2688 2656 2850 2709 modo
2904 2654 3050 2708 illinc
3082 2663 3340 2722 tanquam
3394 2654 3480 2706 in-

1917 2747 2073 2802 sidiis
2121 2757 2174 2802 et
2217 2747 2442 2802 latebris
2494 2761 2876 2816 prorumpens,
2913 2746 3048 2799 mihi
3082 2761 3189 2799 non
3252 2745 3479 2798 adversa

1919 2841 2098 2895 fronte
2123 2842 2335 2912 justum
2382 2840 2586 2894 bellum
2623 2839 2840 2895 infers?
2883 2837 3070 2907 Neque
3104 2839 3257 2892 locus
3304 2847 3482 2904 neque

1923 2945 2137 3005 tempus
2167 2943 2251 2988 est
2281 2947 2389 3002 quo
2417 2949 2526 2986 non
2559 2931 3015 2987 insolentissimas
3046 2940 3167 2985 tuas
3223 2930 3483 2984 tentatio-

1921 3043 2020 3082 nes
2040 3027 2092 3080 in
2118 3043 2205 3081 me
2235 3034 2437 3082 vertas.
2463 3026 2574 3081 Cur
2607 3027 2660 3080 in
2689 3026 2873 3081 divina
2922 3026 3170 3093 dogmata
3199 3024 3358 3080 modo
3384 3025 3483 3078 hos

1847 3141 1888 3200 ρ
1924 3119 2088 3174 modo
2119 3120 2242 3174 illos
2279 3119 2518 3174 exstruis
2541 3118 2806 3189 Olympos
2859 3126 2914 3172 et
2959 3119 3253 3172 Parnassos
3290 3126 3485 3187 contu-

1925 3215 2214 3270 meliarum
2241 3227 2271 3268 a
2303 3221 2354 3270 te
2385 3213 2742 3269 conﬁctarum
2773 3220 2829 3267 et
2873 3225 2997 3266 sero
3058 3223 3236 3266 tamen
3285 3211 3484 3266 frustra

1923 3306 2401 3376 excogitatarum?
2453 3307 2584 3376 quid
2641 3307 2698 3359 in
2759 3313 2976 3360 sanctos
3031 3304 3218 3358 Patres
3272 3320 3488 3374 semper

1923 3400 2058 3454 facis
2095 3401 2278 3454 foveas
2326 3415 2445 3468 quae
2479 3399 2595 3453 solo
2643 3407 2736 3452 tuo
2766 3398 2995 3454 consilio
3028 3396 3350 3451 fodiuntur?
3375 3394 3488 3451 Cur
3537 3451 3540 3454 .

1923 3508 1988 3546 ex
2022 3501 2263 3560 tempore
2290 3492 2341 3544 in
2377 3492 2622 3546 divinum
2666 3491 2878 3544 Patrem
2906 3490 3058 3544 illum
3102 3499 3150 3545 et
3190 3498 3488 3559 praecepto-

1925 3600 2036 3637 rem
2065 3583 2551 3652 sapientissimum,
2591 3597 2795 3636 novum
2842 3582 3068 3637 exhibes
3096 3581 3486 3636 Archilochum

1922 3674 2009 3726 vel
2036 3674 2218 3741 potius
2242 3672 2554 3727 Archilochi
2583 3673 2795 3726 simiam
2821 3689 2836 3738 ;
2862 3673 2953 3741 qui
2982 3671 3142 3741 383
3165 3672 3486 3740 priusquam

1925 3766 2053 3834 quid
2105 3764 2360 3818 didicerit
2395 3765 2510 3818 sine
2541 3765 2728 3818 labore
2760 3765 3018 3834 opinatur
3056 3763 3381 3832 adepturum
3433 3779 3491 3817 se

1925 3855 2206 3924 sapientiae
2243 3855 2462 3910 Hesiodi
2496 3857 2762 3920 lauream,
2785 3865 2841 3910 et
2872 3870 2972 3924 pro
3029 3855 3162 3909 solis
3187 3855 3330 3908 votis
3374 3855 3494 3908 suis

1925 3947 2164 4003 delatum
2214 3947 2280 4000 iri
2320 3949 2636 4002 certaminis
2686 3947 2978 4017 dogmatiei
3027 3946 3131 4000 sibi
3184 3947 3488 4016 praemium.

1924 4040 2123 4093 Annon
2155 4039 2409 4095 audivisti
2437 4054 2556 4109 qua:
2606 4040 2658 4092 in
2693 4049 2743 4092 te
2791 4038 3122 4093 miserabilis
3150 4047 3207 4092 et
3246 4037 3500 4092 furiosus.

1926 4131 2292 4187 homunculus
2343 4131 2444 4185 iste
2487 4126 3032 4195 evomuerit?Quid,
3082 4143 3189 4181 non
3230 4127 3497 4182 abhorre-

1927 4226 2058 4280 bant
2091 4225 2206 4280 haec
2235 4233 2302 4278 ab
2327 4223 2553 4279 auribus
2579 4232 2635 4277 et
2671 4222 2851 4275 verbis
2883 4222 2989 4274 tuis
3041 4236 3104 4274 ac
3140 4220 3364 4274 mente?
3392 4219 3490 4273 Lo-

1928 4332 2098 4387 quere
2128 4317 2194 4371 ad
2236 4317 2351 4371 haec
2411 4324 2470 4368 ut
2519 4327 2912 4384 cognoscamus
2968 4328 3033 4365 an
3088 4312 3331 4366 eamdem
3379 4311 3490 4364 alas

1930 4411 2118 4465 saltem
2139 4410 2192 4462 in
2218 4409 2302 4462 his
2322 4409 2437 4475 ipse
2456 4406 2853 4463 mentem.Nam
2876 4405 3149 4460 silentium
3170 4412 3318 4458 tuum
3341 4404 3495 4456 malm

264 4514 317 4564 τὺ
465 4477 698 4582 γνώμης
719 4477 1062 4582 βουλόμενονί
1108 4512 1174 4564 Ἦ
1213 4513 1321 4580 γάρ
1359 4511 1425 4581 σὴ
1475 4477 1817 4585 σιωπὴσφα;

1934 4499 2281 4552 conscientiae
2336 4498 2708 4567 suspicionem
2743 4502 2927 4548 movet
2951 4503 3005 4548 et
3034 4494 3234 4548 multos
3300 4481 3494 4548 vereor

266 4604 419 4676 λεροῦ
445 4605 751 4667 συνειδότος
777 4605 1014 4672 ὑποψίαν
1037 4603 1364 4674 ἁνειληφυῖα
1393 4606 1617 4675 πολλὰς,
1648 4602 1824 4675 οἶμαι,

267 4700 438 4768 ἐγερεῖ
469 4700 616 4752 κατὰ
653 4697 746 4751 σοῦ
772 4699 868 4758 τὰς
918 4697 1026 4749 τῶν
1066 4697 1341 4766 λοιδοριῶν
1391 4699 1712 4766 τρικυμίας.
1746 4693 1821 4752 Ἦ

266 4791 370 4862 γὰρ
397 4791 497 4844 οὐκ
533 4790 697 4850 αὐτὸς
734 4789 926 4840 ἐαυτοῦ
967 4805 1023 4838 τε
1065 4788 1156 4838 καὶ
1207 4787 1300 4838 τοῦ
1339 4790 1601 4857 σφετέρου
1636 4787 1826 4852 θιάσου

267 4884 462 4944 παντὸς
507 4884 773 4950 ἄντικρυς
818 4881 1232 4949 καταμαρτυρεῖ
1282 4881 1378 4931 καὶ
1413 4881 1521 4931 τῶν
1560 4880 1828 4932 ἀσεϐειῶν

268 4975 661 5047 ἐπιψηφίζεται
687 4975 784 5044 τὴν
811 4975 1076 5042 μεγίστην
1103 4990 1117 5036 ;
1143 4973 1238 5024 ’⁸ον
1269 4973 1376 5042 γὰρ
1406 4975 1577 5026 πᾶσαι
1603 4974 1830 5044 super].

265 5069 360 5140 δην
393 5071 632 5140 τιμῶσιν
685 5066 924 5120 εὐσεϐῶν
982 5067 1294 5134 ἐκκλησίαι,
1359 5069 1450 5119 καὶ
1504 5067 1563 5118 ὃν
1595 5066 1828 5135 ὑμνοῦσι

263 5164 624 5236 λογογράφων
666 5163 752 5215 καὶ
788 5160 1141 5229 μουσουργῶν
1177 5160 1337 5212 ὁσίων
1369 5161 1520 5229 χοροὶ
1550 5159 1692 5212 κατὰ
1723 5163 1830 5214 πᾶ-

267 5269 365 5305 σαν
399 5253 596 5322 χρόνου
647 5248 917 5318 περίοδον,
970 5249 1064 5299 καὶ
1109 5239 1170 5298 οὐ
1232 5247 1358 5308 τούς
1413 5245 1608 5306 ἄθλους
1642 5247 1832 5300 καὶτὰ

266 5344 406 5411 σοφὰ
437 5343 793 5410 παλαίσματα
823 5341 908 5392 διὰ
931 5339 1112 5406 πάσης
1147 5338 1351 5407 ὴχῆσαι
1395 5339 1498 5405 γῆς
1527 5336 1830 5406 διαγέγονε,

264 5437 457 5490 τοῦτον
487 5429 642 5498 οὗτος
688 5435 1021 5506 ἰσχυρίζεται
1085 5431 1160 5503 μὴ
1198 5433 1415 5498 εἰδέναι,
1465 5432 1578 5484 ἀλλ’
1605 5433 1685 5493 είς
1723 5432 1830 5485 τόδ’

263 5528 484 5596 ⁴ἡλικίας
516 5528 859 5579 παντάπασιν
911 5526 1224 5594 ἀμφύτερον
1277 5525 1573 5593 διαμεῖναι,
1620 5525 1714 5576 καὶ
1737 5541 1829 5577 τυ·

267 5614 400 5683 φλὸς
448 5615 564 5668 τῶν
620 5617 919 5684 γινομένων
953 5616 1047 5668 καὶ
1098 5615 1284 5682 κωφὸς
1336 5615 1445 5667 τῶν
1497 5614 1832 5682 λεγομένων,

267 5706 453 5773 ὅμοιον
488 5703 642 5759 ὥσπε
651 5723 681 5775 ρ
711 5705 776 5759 ἂν
807 5707 854 5758 εί
881 5707 974 5758 καὶ
1010 5705 1139 5773 περὶ
1169 5705 1263 5758 τοῦ
1299 5703 1646 5771 παγκοσμίου
1678 5702 1830 5756 τοῦδε

269 5799 468 5868 εέωτὶς,
528 5796 631 5864 τῆς
698 5798 926 5866 ἡλιακῆς
983 5800 1198 5868 ἐκείνης
1254 5798 1555 5866 λαμπάδος,
1618 5799 1830 5864 ἀγνοεῖν

1935 4605 2003 4642 ne
2028 4589 2082 4642 in
2112 4597 2162 4641 te
2189 4587 2582 4642 malediceniize
2627 4586 2830 4640 ﬂuetus
2857 4586 3078 4639 excitet.
3105 4584 3270 4649 Quid?
3310 4601 3496 4639 nonne

1936 4681 2111 4751 palam
2165 4679 2266 4734 istc
2323 4680 2495 4749 ipsius
2539 4687 2594 4733 et
2648 4693 2873 4733 suorum
2935 4679 3142 4732 cultum
3197 4677 3490 4731 fanaticum
3579 4751 3584 4756 _

1937 4771 2200 4826 adversus
2259 4785 2359 4823 nos
2423 4778 2653 4822 testatur
2713 4777 2768 4821 et
2810 4766 3144 4834 impietatem
3195 4767 3493 4818 maximam

1936 4859 2266 4932 proﬁtetur?
2295 4860 2428 4914 Nam
2462 4873 2623 4928 quem
2653 4873 2843 4912 omnes
2875 4857 3018 4910 clara
3049 4871 3182 4910 voce
3229 4859 3491 4910 honorant

1935 4956 2151 5026 piorum
2178 4954 2371 5025 synodi
2414 4961 2470 5007 et
2521 4951 2799 5006 celebrant
2827 4951 3159 5018 scriptorum
3193 4959 3248 5002 et
3277 4952 3495 5018 piorum

1940 5051 2223 5106 doctorum
2253 5046 2407 5102 chori
2459 5061 2557 5116 per
2597 5060 2758 5100 omne
2791 5053 3025 5112 tempus,
3062 5052 3116 5096 et
3159 5041 3317 5110 cujus
3345 5043 3499 5097 labo-

1940 5160 2028 5199 res
2058 5153 2112 5197 et
2137 5142 2395 5213 prmclara
2426 5138 2722 5194 certamina
2752 5153 2849 5205 per
2895 5149 3113 5188 onmem
3160 5143 3362 5188 terram
3412 5137 3499 5188 in-

1940 5239 2292 5301 crehuerunt,
2320 5234 2468 5286 hunc
2522 5233 2622 5286 iste
2655 5235 2928 5283 asseverat
2949 5242 3007 5280 se
3044 5227 3316 5296 ignorare,
3343 5225 3499 5294 quasi

1940 5328 2032 5398 qui
2065 5337 2172 5382 tam
2206 5331 2476 5392 provectae
2509 5321 2686 5377 aetatis
2715 5319 2885 5373 fuerit
2915 5329 3209 5386 utrumque
3238 5323 3495 5385 expertus

1939 5427 2106 5482 esset,
2128 5425 2214 5472 .ut
2239 5431 2358 5483 qua:
2393 5422 2517 5468 ante
2555 5412 2721 5482 pedes
2750 5418 2910 5464 erant
2965 5424 3139 5464 caecus
3171 5425 3280 5463 non
3332 5407 3497 5460 vidis-

1939 5523 2041 5574 set,
2075 5519 2129 5564 et
2167 5524 2286 5578 quae
2321 5508 2376 5561 in
2411 5521 2505 5560 ore
2535 5505 2801 5570 omnium,
2845 5504 3042 5558 surdus
3088 5519 3196 5556 non
3231 5501 3492 5556 audisset.

1940 5605 2091 5672 Quod
2128 5601 2351 5671 perinde
2387 5609 2470 5653 est
2504 5611 2566 5650 ac
2597 5597 2642 5650 si
2683 5596 2805 5665 quis
2831 5595 2897 5650 de
2932 5596 3062 5650 solis
3088 5595 3210 5649 luce
3241 5607 3342 5660 qua
3386 5600 3498 5643 ter-

1941 5713 2126 5754 rarum
2153 5706 2346 5749 cuneta
2376 5691 2768 5746 collustrantur
2789 5691 2999 5744 nescire
3021 5703 3078 5742 se
3111 5685 3340 5740 affirmet
3362 5697 3494 5736 num

1942 5791 2064 5861 quis
2105 5803 2134 5843 c
2166 5786 2304 5841 vivis
2336 5799 2400 5840 ea
2435 5782 2730 5837 frueretur.
2764 5782 2870 5838 Sed
2916 5797 2945 5838 c
2993 5778 3204 5834 duobus
3247 5775 3516 5831 alterum-
