4046 6290
350 340 451 405 341

1321 350 1762 413 ΒΥΖΑΝΤΙΝᾸΞ
1788 356 2164 417 IIISTORLE
2211 360 2352 423 LIB.
2390 363 2632 426 XXXII.

3484 366 3615 429 ΜΤ

352 464 453 516 καὶ
477 461 807 531 ἀνθρώποις,
842 467 981 519 κατὰ
1003 465 1234 537 Παῦλον,
1263 470 1571 541 γινόμενος.
1590 473 1684 536 Τίς
1713 472 1757 526 δ’
1783 474 1925 527 άπα-

2044 488 2151 543 )us,
2182 480 2644 548 quemadmodum
2673 478 2747 535 ait
2778 486 3001 537 sanctus
3038 478 3258 535 Paulus.
3286 481 3419 548 Quis
3440 498 3594 549 vero,

358 553 696 624 ριθμεῖσθαι,
744 557 914 625 φησὶ,
977 558 1232 630 δυνηθείη
1272 561 1336 615 ἂν
1367 563 1475 623 ’τὰς
1525 563 1794 632 φυλακὰς,
1858 565 1925 619 τὰ

353 642 615 710 ναυάγια,
666 641 761 697 τδν
813 645 993 715 λιμὸν,
1055 648 1155 713 τὰς
1210 651 1445 721 ήλιακὰς
1477 652 1791 721 ὲκκαύσεις,
1825 654 1926 718 τὰς

353 736 683 805 νυκτερινὰς
720 736 934 805 ψύξεις,
992 741 1086 804 τὰς
1119 742 1437 810 ἐπιϐουλὰς,
1487 745 1585 810 τὰς
1621 745 1925 800 ἐπαναστά-

354 842 495 891 σεις,
530 828 656 891 τοὺς
703 830 827 883 καθ’
878 831 1094 903 ἡμέραν
1126 834 1416 900 θανάτους,
1476 843 1574 901 τὰς
1621 834 1778 901 αὖθις
1836 839 1928 890 ὲπὶ

354 918 593 987 πληγαῖς
622 919 860 991 πληγάς,
885 925 1009 987 τοὺς
1039 926 1370 995 ῥαϐδισμοὺς
1394 930 1486 981 καὶ
1514 929 1580 981 τὰ
1612 931 1702 982 ἐπὶ
1725 930 1932 1001 κόρρης

358 1009 683 1078 ῥαπίσματά
723 1028 801 1065 τεο
821 1015 916 1066 καὶ
943 1014 1253 1084 adﬁxam;
1284 1010 1448 1080 Τέλος
1478 1019 1555 1085 δὲ’
1587 1020 1743 1089 φησὶν
1782 1022 1931 1091 γήρᾳ

356 1100 451 1151 καὶ
484 1100 646 1171 νόσῳ,
680 1104 816 1173 πρὸς
845 1103 902 1157 δὲ
932 1105 1029 1158 καὶ
1081 1108 1428 1179 κακοπαθείᾳ
1481 1112 1548 1179 τῇ
1587 1112 1649 1163 ἐκ
1686 1112 1933 1182 φρουρᾶς

362 1186 686 1257 πιεζόμενος
748 1193 805 1244 ἐν
869 1196 1006 1265 αὐτῇ
1044 1199 1108 1266 τῇ
1146 1200 1362 1270 φρουρᾷ
1395 1199 1517 1271 Θεῷ
1582 1202 1680 1270 τὴν
1734 1201 1931 1254 ἑαυτοῦ

363 1274 541 1348 ψυχὴν
599 1283 987 1354 παρατίθησιν,
1048 1289 1280 1360 ἄμωμον
1336 1291 1437 1361 μὲν
1484 1295 1550 1363 τῇ
1604 1294 1802 1364 πράξει
1842 1295 1934 1347 τὸν

369 1368 503 1437 βίον,
536 1370 838 1427 ἄπταιστον
868 1375 922 1429 δὲ
960 1381 1025 1449 τῇ
1073 1368 1330 1452 εὐσεϐείᾳ
1367 1384 1459 1436 τὸν
1494 1384 1649 1453 λόγον
1676 1387 1933 1457 διατηρή-

368 1475 488 1523 σας,
521 1464 612 1514 καὶ
640 1463 1001 1536 άνεπίληστον
1028 1473 1130 1540 τῆς
1171 1473 1338 1526 αὐτοῦ
1373 1480 1680 1546 μαρτυρίας
1715 1478 1936 1548 μνήμην

368 1552 706 1606 καταλιπών.
739 1554 972 1625 Λέγεται
1004 1560 1081 1624 δὲ,
1122 1565 1277 1632 φησὶ,
1313 1568 1409 1619 καί
1434 1584 1556 1621 τινα
1590 1568 1700 1620 τῶν
1743 1570 1936 1638 γερόν-

365 1660 477 1695 των
502 1645 622 1699 κατ’
652 1650 825 1702 ὲκετνο
877 1655 1074 1723 καιροῦ
1108 1657 1285 1728 πολλῷ
1314 1659 1415 1728 τῆς
1467 1660 1752 1724 εὐσεϐείας
1784 1662 1935 1733 ζήλῳ

364 1738 671 1806 φερόμενον
730 1742 1005 1815 ὑπεριδεῖν
1061 1749 1159 1818 μὲν
1206 1753 1301 1804 καὶ
1350 1753 1636 1823 βασιλικῆς
1674 1756 1929 1827 ἀπειλῆς,

364 1830 655 1901 ἀφειδῆσαι
682 1834 739 1888 δὲ
764 1837 859 1889 καὶ
879 1816 1173 1912 αὐτῆςτῆς
1199 1816 1368 1914 ζωῆς,
1412 1846 1499 1900 ἵνα
1528 1816 1709 1901 πίστει
1734 1848 1810 1918 τῷ
1966 1816 2007 1875 Β

367 1925 649 1992 μακαρίου
680 1931 1012 1995 προσπεσὼν
1042 1934 1281 2005 λειψάνῳ
1329 1937 1551 2006 χάριτος
1592 1941 1799 1993 ἐκεῖθεν
1840 1958 1937 2010 μευ

364 2013 561 2083 τάσχοι
585 2031 600 2046 ·
632 2018 726 2069 καὶ
757 2013 837 2083 εἷς
866 2020 975 2074 τῶν
1025 2024 1259 2094 ᾀδόντων
1302 2028 1595 2097 γενόμενος
1649 2034 1745 2084 καὶ
1775 2033 1937 2095 αὐτὸς

367 2107 515 2159 κατὰ
539 2109 631 2163 τὸν
658 2112 755 2180 τῆς
786 2114 1056 2186 ἐκδημίας
1090 2120 1302 2173 ἐκείνου
1358 2123 1571 2193 καιρὸν,
1621 2125 1937 2181 ὲϐεὸαιοῦτο

370 2200 514 2266 μετὰ
550 2200 726 2256 ταῦτα
760 2205 833 2268 ὡς
871 2207 955 2278 εῐη
989 2209 1112 2262 τότε
1161 2213 1346 2281 φωνῆς
1379 2213 1588 2268 ἄνωθεν
1623 2216 1937 2286 ψαλλόντων

365 2289 591 2363 ήδίστης
621 2297 716 2348 καὶ
743 2295 1053 2368 θαυμασίας
1097 2301 1335 2371 ἁκούων,
1384 2306 1496 2359 εῑτε
1530 2324 1615 2370 τις
1642 2309 1939 2377 ἀγγελικὴν

367 2384 645 2455 ἑννοήσειε
705 2390 931 2461 ταύτην,
972 2393 1082 2446 εἴτε
1134 2397 1258 2450 τινὰ
1289 2397 1459 2468 ἄλλην
1509 2400 1737 2469 νεύματι
1801 2401 1938 2454 Θεοῦ

364 2478 691 2548 γενομένην.
733 2481 851 2550 Θεῷ
884 2483 1042 2553 δῆλον
1076 2489 1141 2540 ἂν
1176 2489 1282 2558 εἴη,
1318 2492 1411 2543 καὶ
1446 2492 1592 2554 ὅσοις
1617 2492 1683 2546 τά
1712 2494 1940 2546 τοιαῦτα

366 2571 558 2642 διορᾷν
591 2574 761 2637 ἄξιον,
798 2576 906 2647 Καὶ
954 2580 1168 2634 κεῖσθαί
1199 2599 1333 2652 φησι
1383 2584 1443 2637 τὸ
1478 2586 1623 2655 ἱερὸν
1650 2586 1744 2639 τοῦ
1774 2587 1933 2655 ἁγίου

370 2664 536 2735 σῶμα
565 2666 840 2737 θαύμασιν
889 2670 1142 2739 ἀφθόνοις
1189 2674 1277 2727 διὰ
1308 2677 1509 2740 παντὸς
1540 2681 1940 2750 σεμνυνόμενον

371 2757 471 2811 καὶ
493 2759 630 2811 πᾶσι
658 2762 767 2823 τοῖς
790 2762 1077 2830 προσιοῦσι
1098 2764 1333 2836 παρέχον
1359 2768 1525 2838 ῥῶσιν
1550 2769 1748 2841 ψυχῆς,
1772 2772 1939 2841 ρὦιν

373 2849 652 2921 σώματος,
688 2853 783 2907 καὶ
812 2855 999 2920 ἁπλῶς
1027 2858 1201 2912 είπεῖν
1235 2860 1422 2913 παθῶν
1470 2864 1739 2917 παντοίων
1769 2863 1943 2918 ἀπαλ-

368 2943 552 3015 λαγὴν
591 2946 668 3009 είς
705 2946 866 3010 δόξαν
898 2948 1033 3001 Θεοῦ
1054 2948 1151 3001 τοῦ
1182 2949 1436 3021 Σωτῆρος
1468 2954 1731 3021 Χριστοῦ.
1768 2974 1787 3008 ι
1824 2958 1935 3011 Καὶ

371 3035 552 3091 ταῦτα
596 3039 713 3107 μὲν
772 3040 905 3110 περὶ
968 3043 1069 3112 τῆς
1110 3042 1387 3113 Θεοδώρου
1451 3048 1642 3115 σοφίας
1691 3051 1785 3104 καὶ
1831 3051 1941 3104 τῶν

2029 569 2227 639 inquit,
2250 569 2563 625 describere
2596 571 2769 640 possit
2827 571 3011 641 plagas
3064 572 3348 636 custodiae,
3379 574 3598 627 naufra-

2028 662 2135 733 gia,
2171 663 2391 727 famem,
2414 673 2633 728 uastum,
2663 672 2929 718 nocturna
2966 663 3308 733 perfrigerEa,
3347 664 3596 733 insidias,

2031 756 2316 821 tumultus,
2356 757 2548 811 mortis
2576 756 2629 809 in
2648 755 2767 810 dies
2790 754 3449 821 formidamina,verb’cr‘a
3476 774 3600 811 ver-

2031 845 2257 901 beribus
2290 847 2667 916 superaddita,
2704 846 3008 900 ferularum
3062 846 3267 916 plagas,
3319 847 3603 918 colaphos?
3704 869 3711 877 ·

2030 936 2215 1006 Itaque
2244 936 2351 1002 ille,
2391 937 2587 1007 inquit,
2618 938 2777 991 annis
2802 945 2859 989 et
2884 937 3074 991 morbo
3100 937 3384 992 confectus
3400 949 3454 993 et
3478 956 3604 993 cus-

2033 1030 2195 1085 todiae
2230 1030 2385 1084 malis
2415 1026 2647 1084 aiilictus
2688 1029 2804 1100 ipsa
2836 1030 2891 1085 in
2937 1030 3187 1084 custodia
3218 1031 3329 1085 Deo
3365 1032 3604 1086 animam

2032 1136 2187 1175 suam
2239 1122 2508 1176 tradidit:
2549 1121 2644 1191 qui
2689 1120 2934 1175 moribus
2964 1132 3019 1175 et
3053 1120 3211 1176 factis
3256 1124 3602 1179 innocentem

2032 1212 2222 1277 vitam,
2257 1214 2458 1283 pietate
2504 1222 2749 1267 sanctam
2782 1221 3022 1267 mentem
3065 1214 3319 1284 probavit
3365 1223 3419 1269 et
3470 1231 3607 1269 mar-

2035 1307 2162 1377 tyrii
2208 1304 2291 1359 sui
2337 1307 2698 1360 immortalem
2748 1306 3066 1359 memoriam
3120 1305 3363 1374 reliquit.
3401 1304 3608 1359 Ferunt

2033 1400 2221 1465 etiam,
2255 1398 2452 1468 inquit,
2475 1398 2768 1464 quemdam
2797 1414 2827 1453 e
2861 1397 3191 1468 praesidibus
3232 1398 3324 1451 illo
3354 1405 3606 1466 tempore

2037 1505 2230 1560 magno
2254 1489 2475 1559 pietatis
2498 1489 2695 1543 ardore
2715 1488 3108 1542 inflammatum
3136 1487 3483 1557 imperatorfs
3507 1486 3609 1540 mi-

2036 1599 2134 1638 nas
2161 1581 2465 1652 neglexisse
2505 1591 2561 1635 et
2594 1582 2717 1635 vitze
2743 1581 2892 1636 illius
2927 1578 3257 1651 pepercisse.
3291 1579 3363 1633 ita
3389 1589 3449 1633 ut
3479 1594 3603 1633 cum

2038 1674 2143 1729 fide
2179 1674 2289 1728 divi
2327 1670 2474 1727 illius
2515 1672 2779 1741 reliquias
2809 1680 3105 1726 veneratus
3137 1669 3372 1739 indeque
3414 1668 3607 1722 anima

2035 1779 2150 1819 sum
2184 1764 2415 1817 salutem
2480 1770 2675 1816 nactus
2715 1760 2825 1825 sit;
2865 1772 2921 1816 et
2963 1775 3088 1815 cum
3134 1752 3419 1814 cantorum
3467 1773 3609 1813 unus

2036 1859 2214 1913 factus
2251 1865 2399 1911 esset
2445 1863 2691 1924 tempore
2741 1869 2856 1923 quo
2911 1853 3000 1908 ille
3039 1851 3239 1907 ahscns
3299 1859 3436 1912 erat,
3467 1851 3611 1904 vires

2036 1963 2162 2001 eum
2204 1946 2463 2001 refecisse
2491 1945 2646 2015 quasi
2697 1958 2937 2014 superne
2988 1958 3151 1998 voces
3200 1941 3607 2012 psalmistarum

2037 2039 2392 2094 suavissimas
2431 2048 2485 2090 et
2525 2035 2806 2090 mirabiles
2840 2033 3145 2088 audivisset
3175 2050 3188 2097 ;
3220 2032 3446 2101 perinde
3478 2046 3543 2085 ac
3562 2031 3609 2085 si

2037 2128 2164 2200 quis
2212 2127 2389 2196 angeli
2448 2142 2638 2181 vocem
2689 2125 2770 2179 vel
2837 2124 2998 2178 aliam
3059 2122 3303 2177 divinam
3357 2122 3606 2189 audiret;

2038 2220 2185 2291 quod
2215 2229 2395 2275 tamen
2424 2216 2525 2272 soli
2563 2217 2673 2270 Deo
2708 2225 2762 2271 et
2796 2211 2863 2269 iis
2894 2214 2986 2284 qui
3010 2213 3246 2266 maxime
3270 2212 3375 2266 hoc
3397 2212 3608 2297 bongre
3709 2275 3711 2278 ς

2037 2312 2188 2383 digni
2262 2309 2558 2365 existimati
2631 2317 2780 2372 sunt,
2837 2303 3122 2376 contingit.
3184 2302 3292 2358 Sed
3359 2312 3608 2357 sanetum

2038 2417 2240 2473 corpus
2268 2401 2399 2456 dicit
2433 2400 2536 2455 viri
2571 2400 2738 2468 hujus
2765 2396 3097 2452 sanctissimi
3139 2396 3419 2455 miraculis
3464 2406 3611 2465 pras—
3708 2438 3711 2441 .

2039 2494 2201 2551 claris
2231 2493 2443 2562 insigne
2476 2507 2621 2559 esse,
2653 2500 2707 2545 et
2737 2482 2899 2560 387
2930 2488 3187 2543 omnibus
3216 2487 3307 2557 qui
3342 2488 3613 2540 accedunt

2038 2585 2284 2657 pragbere
2302 2584 2534 2639 salutem
2557 2583 2751 2637 animae
2774 2591 2850 2649 et,
2882 2588 2942 2635 ut
2967 2580 3156 2650 paucis
3179 2580 3378 2642 dicam,
3406 2577 3609 2632 libera-

2039 2678 2245 2732 tionem
2276 2692 2306 2731 a
2329 2677 2486 2730 malis
2514 2675 2772 2730 omnibus
2801 2674 2857 2728 in
2904 2673 3130 2742 gloriam
3160 2671 3255 2725 Dei
3314 2670 3612 2725 Salvatoris

2039 2769 2459 2827 nostriChristi.
2495 2788 2514 2821 ι
2552 2768 2678 2822 Hzec
2719 2768 2885 2837 igitur
2915 2766 2983 2821 de
3013 2760 3287 2820 Theodori
3344 2764 3611 2833 sapientia

2040 2871 2095 2920 et
2124 2862 2402 2918 miraculis
2429 2860 2486 2914 S.
2521 2859 2938 2929 Metaphrastes,
2961 2872 3216 2928 tanquam
3252 2857 3353 2911 sub
3375 2857 3612 2923 imagine

2040 2965 2102 3012 ut
2125 2957 2318 3011 dicunt
2341 2964 2397 3008 et
2432 2953 2624 3007 umbra
2658 2953 2724 3007 iis
2755 2953 2850 3023 qui
2882 2961 3064 3006 mente
3101 2952 3242 3019 capti
3300 2959 3425 3003 sunt
3466 2947 3613 3002 veri-

2044 3058 2209 3103 tatem
2262 3044 2693 3102 revelans.ltem
2723 3043 3104 3112 Theophanes,
3163 3054 3420 3109 magnum
3479 3038 3613 3093 illud

373 3127 443 3202 [Ι.
468 3129 609 3185 4159
635 3129 707 3202 r.]
740 3131 1034 3202 θαυμάτων
1060 3134 1089 3187 ό
1121 3133 1265 3198 θεῖος
1292 3136 1512 3202 διέξεισι
1532 3141 1938 3214 Μεταφραστὴς

2044 3137 2224 3192 lumen
2259 3135 2535 3202 Ecclesia,
2564 3135 2657 3204 qui
2699 3150 2795 3205 per
2827 3148 3046 3187 omnem
3084 3132 3197 3186 fere
3224 3139 3433 3184 aetatem
3466 3129 3616 3184 viros

373 3219 453 3283 ὡς
474 3222 530 3273 ὲν
569 3220 724 3291 τύπῳ
760 3223 937 3276 είπεῖν
990 3223 1084 3277 καὶ
1138 3225 1380 3289 σκιωδῶς
1413 3245 1530 3291 πως
1558 3246 1655 3297 την
1701 3228 1938 3299 δήλωσιν

372 3313 490 3375 τοῖς
523 3312 600 3383 μὴ
627 3315 885 3367 συνιεῖσιν
910 3315 1345 3383 ἀφοσιώσασθαι.
1390 3318 1459 3371 Ὂ
1502 3336 1565 3387 γε
1592 3320 1697 3389 μὴν
1730 3321 1940 3389 Θεοφά-

375 3420 477 3471 νης
502 3402 529 3454 ὁ
557 3404 730 3472 μέγας
758 3404 857 3473 τῆς
892 3405 1221 3477 Ἐκκλησίας
1246 3410 1470 3482 φωστὴρ
1503 3415 1596 3465 καὶ
1630 3412 1795 3476 αὐτὸς
1816 3414 1944 3477 τοὺς

376 3492 502 3547 καθ’
537 3494 777 3564 ἑκάστην
805 3496 898 3549 καὶ
929 3499 1112 3553 πᾶσαν
1141 3499 1356 3570 ἡμέραν
1393 3501 1486 3555 τοῦ
1515 3503 1710 3574 χρόνου
1743 3504 1946 3570 παντὸς

374 3584 599 3649 πάντως
625 3587 810 3658 σχεδὸν
840 3589 1053 3658 ἁγίους,
1082 3590 1199 3645 ὅσοι
1231 3592 1367 3661 πρὸς
1395 3593 1562 3647 αὑτοῦ
1616 3593 1735 3665 Θεῷ
1762 3596 1949 3649 καθιε-

378 3675 648 3747 ρωθέντες
693 3679 915 3751 δρόμοις
948 3683 1265 3754 ἀσκητικοῖς
1296 3686 1430 3756 ὁμοῦ
1458 3687 1552 3740 καὶ
1584 3691 1946 3758 μαρτυρικοϊς

376 3768 736 3838 ἀπήλλαξαν,
813 3773 1032 3841 μέλεσιν
1097 3776 1319 3840 οἰκείοις
1372 3776 1538 3830 αὑτοῦ
1608 3779 1946 3845 σοφωτάτοις

378 3859 633 3929 ὑμνήσας
660 3862 927 3933 λαμπρῶς
956 3881 1013 3917 τε
1057 3866 1150 3919 καὶ
1193 3866 1456 3937 διαρκῶς,
1493 3870 1519 3921 ό
1548 3867 1812 3937 Θεοδώρῳ
1869 3865 1949 3934 τῷ

378 3952 514 4019 θείῳ
541 3952 732 4023 ἐκείνῳ
784 3954 1021 4023 μάρτυρι
1058 3960 1148 4009 καὶ
1208 3959 1355 4028 σοφῷ
1385 3959 1690 4029 διδασκάλῳ
1724 3960 1821 4028 τῆς
1852 3958 1948 4012 τοῦ

377 4045 517 4097 Θεοῦ
586 4045 931 4119 Ἐκκλησίας,
996 4047 1070 4111 ὡς
1116 4049 1352 4121 εἴρηται,
1406 4051 1700 4121 γενόμενος
1730 4051 1950 4107 ἅπαντα

377 4138 609 4207 ἀδελφὸς
630 4141 724 4192 καὶ
753 4139 930 4210 ψυχὴν
960 4142 1052 4193 καὶ
1084 4142 1242 4212 σῶμα
1270 4145 1364 4196 καὶ
1394 4145 1622 4216 γνώμην
1665 4146 1762 4201 καὶ
1783 4146 1949 4218 ἄθλη-

379 4248 471 4284 σιν
500 4232 594 4284 καὶ
630 4232 934 4303 συμπαρὼν
964 4236 1058 4287 καὶ
1109 4240 1449 4305 συμπάσχων
1484 4237 1659 4308 αύτῷ,
1684 4239 1807 4290 ἐπεὶ
1834 4240 1947 4302 τοῖς

380 4325 665 4394 μεγίστοις
714 4326 946 4389 ὲκείνοις
996 4329 1207 4380 ἐκείνου
1271 4328 1699 4393 συναπελθόντος
1760 4328 1948 4393 ἄθλοις

382 4418 547 4487 μόνος
565 4417 641 4488 τῷ
672 4417 771 4488 βίῳ
803 4419 1178 4490 περιελείφθη,
1202 4419 1569 4489 ἀπελαθείσης
1595 4421 1698 4491 ἤδη
1730 4421 1825 4474 καὶ
1848 4421 1946 4489 τῆς

2042 3234 2261 3281 sanctos
2281 3236 2545 3295 quotquot
2577 3234 2700 3279 ante
2738 3226 2913 3294 ipsum
2939 3232 2973 3277 a’
3020 3223 3129 3276 Deo
3173 3221 3425 3276 houomti
3462 3220 3617 3276 labo-

2047 3333 2135 3373 res
2161 3317 2425 3372 aseeticos
2463 3324 2518 3370 et
2562 3316 2818 3385 martyria
2867 3313 3112 3385 perpessi
3170 3320 3345 3377 erant,
3387 3311 3618 3366 canticis

2048 3410 2163 3464 suis
2206 3407 2638 3479 prmclarissimis
2677 3406 2893 3477 egregie
2927 3415 2981 3460 et
3031 3405 3237 3474 optime
3290 3403 3615 3469 celebravit,

2050 3501 2252 3571 quique
2288 3498 2577 3553 Theodoro
2605 3508 2793 3552 saneto
2844 3488 3075 3566 martyri
3103 3505 3159 3550 et
3209 3494 3629 3563 sapientissime.

2050 3593 2251 3647 divinae
2282 3591 2541 3646 Ecclesiae
2597 3588 2914 3659 praeceptori
2949 3597 3218 3657 tanquam
3269 3587 3437 3640 frater
3490 3599 3629 3640 cum.

2052 3687 2235 3741 animo
2260 3694 2315 3739 et
2344 3698 2573 3753 corpore
2605 3691 2659 3737 et
2682 3691 2866 3736 mente
2908 3690 2961 3734 et
2993 3678 3317 3734 fortitudine
3348 3679 3400 3731 in
3433 3686 3617 3733 certa,-

2053 3777 2199 3829 mine
2252 3775 2443 3829 aderat
2478 3772 2683 3841 ubique
2722 3780 2778 3825 et
2808 3786 2930 3824 eum
2981 3785 3048 3824 eo
3108 3783 3299 3839 passus
3337 3776 3455 3832 est;
3491 3781 3631 3822 cum

2052 3881 2176 3941 post
2205 3869 2460 3940 martyris
2482 3868 2649 3938 hujus
2686 3875 2917 3920 mortem
2951 3863 3317 3917 tristissimam
3365 3861 3515 3915 solus
3559 3859 3625 3914 in.

2056 3963 2161 4016 vita
2185 3961 2409 4015 relictus
2455 3968 2599 4015 esset
2643 3960 2863 4028 jamque
2928 3953 3415 4010 lconomachorum
3465 3953 3623 4005 furor

2055 4054 2447 4117 deferbuisset,
2469 4060 2522 4106 et
2555 4066 2654 4121 pro
2680 4050 2775 4105 Dei
2808 4048 3076 4104 beneficio
3099 4054 3414 4101 sanctorum
3463 4043 3617 4097 labo-

2056 4146 2207 4199 ribus
2260 4144 2552 4215 depressus
2604 4152 2772 4207 esset,
2810 4141 2958 4194 hunc
2997 4151 3216 4207 quoque
3266 4133 3630 4190 Theodorum-

2054 4236 2340 4291 exornavit
2369 4234 2598 4289 canticis
2631 4232 2745 4288 suis
2774 4240 2834 4287 et
2859 4229 3063 4285 cecinit
3093 4226 3497 4296 descripsitque
3553 4239 3618 4279 ea

2054 4344 2177 4399 qua:
2205 4327 2379 4382 oculis
2409 4327 2524 4397 ipse
2562 4324 2797 4389 viderat,
2851 4322 3165 4393 quibusque
3199 4320 3318 4391 ipse
3368 4318 3619 4377 laborum

2054 4420 2235 4475 socius
2261 4426 2316 4474 et
2354 4430 2559 4487 martyr
2610 4416 2956 4471 interfuerat.

378 4511 767 4583 εἰκονομαχίας
811 4512 1038 4583 προνοίᾳ
1092 4512 1230 4567 Θεοῦ
1266 4515 1378 4575 τοῖς
1413 4511 1623 4567 τούτων
1656 4514 1861 4581 ἀγῶσιν
1900 4513 2366 4581 ἐπικαμφθέντος,
2407 4512 2605 4579 κοσμεῖ
2633 4510 2726 4562 καὶ
2763 4508 2955 4562 τοῦτον
2993 4509 3105 4571 τοῖς
3140 4506 3342 4560 ἑαυτοῦ
3371 4504 3640 4575 μέλεσιν,.

379 4606 571 4658 ἐκεῖνα
601 4604 874 4675 περιᾴδων
907 4607 1000 4659 καὶ
1030 4605 1432 4676 ἀριθμούμενος
1462 4600 1536 4659 ὧν
1570 4607 1845 4677 αὐτόπτης
1874 4600 1943 4675 ἦν
1970 4606 2132 4668 αὐτὸς
2164 4606 2259 4657 καὶ
2282 4602 2560 4657 συναθλῶν
2593 4602 2689 4654 καλ⁸
2723 4603 2933 4671 μάρτυς
2968 4601 3254 4671 γινόμενος
3284 4596 3617 4662 ἀξιόπιστος.

456 4697 530 4752 Ζ’.
572 4698 739 4750 Ἀλλὰ
768 4698 876 4752 τῶν
920 4699 1101 4753 καλῶν
1154 4697 1294 4754 εἶναι
1351 4718 1441 4770 μοι
1477 4699 1751 4754 κάνταῦθα
1805 4699 1942 4752 δοκεῖ

2127 4694 2240 4751 νει.
2274 4694 2381 4749 Sed
2426 4710 2492 4749 ex
2526 4694 2614 4748 bis
2672 4694 2980 4762 paueajam
3018 4706 3193 4761 eaque
3244 4690 3639 4762 pulcherrima-

380 4788 594 4858 βραχέα
628 4789 761 4857 προς
797 4787 1022 4854 ἔνδειξιν
1044 4788 1367 4857 παραθεῖναι
1397 4789 1474 4859 τῷ
1510 4789 1674 4859 λόγῳ,
1708 4789 1801 4841 καὶ
1840 4789 1950 4840 τῶν

378 4882 461 4951 τῷ
496 4880 636 4950 άγίῳ
667 4878 1063 4948 ἐπενεχθεισῶν
1099 4882 1337 4950 τήμερον
1388 4879 1599 4950 ῦὸρεων
1630 4880 1765 4950 πρὸς
1795 4879 1951 4934 τοῦδε

380 4971 485 5023 τοῦ
516 4969 816 5039 δυσμενοῦς
844 4969 1145 5040 ὑπέρτερον
1196 4971 1365 5036 δεῖξαι
1394 4972 1763 5025 παντάπασιν.
1812 4974 1951 5041 Φησὶ

382 5059 499 5130 γὰρ
548 5061 683 5129 πρὸς
739 5060 832 5112 τὸν
866 5062 1113 5127 γενναῖον
1144 5061 1238 5114 καλ⁵
1270 5060 1412 5114 θεῖον
1442 5064 1646 5115 ἐκεῖνον
1677 5064 1772 5115 καὶ
1813 5064 1953 5115 πάν-

388 5169 556 5222 σοφον
579 5151 750 5222 ἄνδρα
780 5154 806 5204 ὁ
838 5152 1081 5219 γενναῖος
1112 5155 1314 5215 ἐκεῖνος
1345 5155 1438 5206 καὶ
1456 5155 1759 5225 ὁμότροπος
1780 5153 1955 5224 ἃθλη-

383 5243 508 5312 τὴς,
547 5260 565 5293 ι
606 5241 709 5294 Τὸν
728 5241 905 5295 τίτλον
938 5243 1037 5311 τῆς
1072 5243 1169 5312 σῆς
1202 5243 1377 5313 ὅψεως
1421 5244 1594 5301 [δόντα
1627 5249 1958 5318 παραχωρεῖ

382 5337 459 5390 τὰ
509 5333 788 5405 Χερουϐὶμ
837 5335 931 5387 τοῦ
983 5333 1140 5399 ξύλου
1191 5337 1289 5406 τῆς
1351 5336 1495 5403 ζωῆς
1524 5354 1537 5369 ·
1573 5340 1602 5408 ή
1636 5338 1694 5390 δὲ
1727 5340 1957 5411 φλογίνη

387 5427 638 5499 ῥομφαία
660 5426 902 5490 εύλαὸὦς
925 5427 993 5481 τὰ
1013 5427 1159 5482 νῶτά
1184 5445 1264 5481 σοι
1304 5429 1506 5491 δίδωσι,
1544 5430 1791 5501 πάνσοφε
1821 5432 1951 5485 Θεό-

385 5522 552 5590 δωρε.
588 5540 606 5572 ι
632 5521 740 5574 Καὶ
779 5521 964 5585 πάλιν,
1005 5540 1023 5573 ι
1071 5521 1133 5574 '0
1171 5521 1351 5584 τίτλος
1400 5522 1566 5576 πάλαι
1602 5524 1699 5593 μὲν
1755 5527 1823 5595 τῇ
1865 5542 1951 5577 xo-

392 5612 537 5681 ρυφῇ
567 5610 818 5662 ἐπέκειτο
846 5610 938 5662 τοῦ
972 5608 1237 5678 βασιλέως
1275 5609 1535 5680 Χριστοῦ,
1567 5610 1955 5681 ἐγγεγραμμέέ

392 5719 482 5763 νος
516 5700 659 5767 ξύλῳ
684 5699 777 5752 τοῦ
811 5698 1045 5770 σταυροῦ
1072 5715 1084 5728 ·
1112 5701 1140 5751 ὁ
1166 5699 1222 5750 δὲ
1252 5699 1339 5760 σὸς
1370 5698 1567 5761 τετλος,
1598 5698 1860 5767 πάνσοφε,
1885 5702 1951 5771 τῇ

395 5796 466 5865 σῇ
518 5790 851 5845 κεκόλαπται
884 5788 1295 5861 κεχαραγμένος
1336 5788 1455 5858 ὕψει
1489 5787 1894 5862 εὐκλεέστερον.
1930 5808 1948 5842 ι

2058 4803 2203 4844 nunc
2236 4786 2504 4857 proferam
2533 4796 2592 4840 ut
2618 4785 2778 4839 nobis
2801 4785 3130 4839 documento
3153 4782 3269 4837 sint
3292 4790 3347 4836 et
3375 4781 3618 4836 insoleno

2060 4881 2185 4958 tiam
2208 4895 2314 4948 qua
2333 4878 2493 4932 hodie
2522 4877 2575 4932 in
2614 4884 2863 4931 sanctum
2898 4874 3074 4928 virum
3126 4872 3471 4927 adversarius
3516 4870 3649 4924 iste-

2056 4973 2303 5027 invectus
2334 4979 2418 5025 est
2464 4970 2788 5039 reprimant.
2825 4970 2915 5024 Sic
2953 4968 3101 5024 enim
3150 4965 3218 5020 de
3272 4963 3634 5034 magnanimo:

2057 5075 2115 5117 et
2142 5070 2333 5119 sancto
2361 5060 2533 5132 388
2553 5071 2607 5116 et
2637 5061 3044 5131 sapientissimo
3067 5058 3185 5113 viro
3216 5056 3310 5110 illo
3345 5056 3501 5110 fortis
3529 5055 3619 5110 hic

2059 5161 2115 5206 et
2147 5154 2438 5207 unanimus
2468 5155 2588 5221 ejus
2612 5152 2858 5205 laborum
2899 5150 3084 5204 socius
3115 5146 3403 5216 loquitur:
3443 5147 3617 5202 «Titu-

2061 5243 2174 5296 lum
2198 5243 2353 5297 faciei
2389 5255 2493 5298 tute
2523 5243 2833 5297 anteferunt
2874 5239 3161 5295 cherubim
3188 5239 3339 5307 ligno
3373 5239 3519 5303 vitae,
3566 5246 3624 5293 et

2065 5338 2213 5392 ensis
2274 5336 2551 5389 tlanuueus
2603 5334 2699 5388 tibi
2760 5347 2866 5387 non
2936 5330 3313 5399 destringitur,
3364 5328 3619 5397 praeclare

2056 5427 2361 5482 Theodore.
2394 5444 2413 5478 ι
2448 5425 2514 5479 Et
2542 5440 2770 5479 rursus:
2810 5443 2826 5474 ι
2863 5421 3080 5477 Titulus
3106 5422 3238 5476 olim
3262 5435 3425 5490 supra
3456 5427 3616 5486 caput

2056 5523 2176 5572 erat
2204 5514 2417 5569 Domini
2459 5513 2663 5569 Christi
2700 5512 2997 5581 inscriptus
3039 5511 3190 5580 ligno
3237 5508 3434 5566 erucis.
3469 5506 3618 5576 Τιψε

2057 5617 2239 5663 autem
2271 5606 2482 5669 titulus,
2525 5604 2807 5673 praaclarc,
2842 5602 3138 5673 inscriptus
3187 5612 3271 5657 est
3317 5598 3474 5654 faciei
3514 5608 3633 5653 tuae

2057 5697 2387 5753 clarioribus
2416 5696 2610 5768 typis.»
2642 5696 2851 5750 Rursus
2880 5714 2891 5749 :
2929 5713 2948 5749 ι
2975 5695 3203 5749 Erectus
3234 5695 3286 5747 in
3306 5700 3468 5746 cruce.
3489 5691 3620 5745 olim

2056 5789 2305 5845 Christus
2348 5789 2409 5844 in
2452 5788 2621 5844 latere
2656 5794 3113 5854 percussusest:
3150 5793 3205 5839 tu
3251 5789 3512 5838 extensus
3566 5783 3641 5838 in,
