4046 6290
437 309 545 372 3.ίὸ

436 514 552 567 ὁδὸν
605 517 880 586 σποράδην
933 518 1110 572 ἄλλοτ’
1169 521 1350 584 ἄλλοις
1399 524 1502 592 τῆς
1547 527 1876 595 Παλαμικῆς
1911 546 2014 595 φα-

435 607 613 675 τρίας,
651 607 743 658 ἐπὶ
787 608 846 659 τὸ
877 609 968 661 τοῦ
1013 613 1474 682 Καντακουςηνοῦ
1525 617 1801 684 βαδίζουσι
1850 637 2014 688 φρον-

435 698 739 767 τιστήριον,
768 699 858 752 ὑπ’
894 703 1104 756 ἐκείνου
1157 708 1262 776 πρὸ
1308 709 1418 758 τῶν
1449 710 1690 761 ἐωοινῶν
1732 711 1914 762 αὐτῶν
1945 713 2012 764 δι’

435 790 750 842 ἀποστόλων
811 796 1058 862 κρυφίως
1127 798 1376 868 κληθεῖσι
1449 802 1586 868 πρὸς
1668 802 2011 865 διαλεκτικὴν

438 883 657 936 σύνοδον
715 887 882 940 πάλαι
937 889 1329 958 μελετηθεῖσαν
1379 896 1520 947 κατὰ
1580 895 1676 946 τοῦ
1729 897 2007 967 Γρηγορᾶ,

438 975 774 1043 ἐπαγγελίας
834 983 1220 1052 προειληφόσιν
1271 987 1478 1039 ἐκεῖθεν
1530 990 1664 1059 παρ’
1717 991 1867 1058 αύτῷ
1911 994 2010 1060 τὴν

437 1067 654 1136 ἡμέραν
711 1070 927 1140 ἐκείνην
987 1075 1317 1129 διατελέσειν
1367 1077 1608 1133 ἅπασαν.
1665 1079 2009 1147 Ἐοαύμαῖζον

436 1151 530 1207 οὖν
559 1159 756 1210 ἐκεῖνοι
792 1163 943 1230 παρὰ
977 1165 1308 1232 προσδοκίαν
1342 1169 1507 1220 αὐτὸν
1561 1172 1789 1223 ἀπιόντα
1840 1174 2009 1240 ὀρῶν-

435 1260 527 1304 τες
557 1245 762 1312 ἀρτίως
798 1252 889 1299 τὴν
927 1249 1236 1320 Γρηγορᾶν,
1270 1255 1364 1306 τοῦ
1415 1257 1568 1325 ηλίου
1615 1259 1714 1318 τὰς
1766 1261 2008 1328 πρωινὰς

435 1336 694 1399 ἀνύοντος
731 1338 814 1390 ἔτι
848 1343 1100 1409 πορείας.
1133 1344 1241 1398 Καὶ
1276 1348 1457 1400 τοίνυν
1485 1347 1618 1402 ένιοι
1668 1351 1875 1403 τούτων
1905 1369 2004 1403 κα-

435 1427 592 1480 τόπιν
625 1429 929 1499 δραμόντες
973 1434 1203 1501 ἠρώτων
1239 1439 1336 1507 τῆς
1384 1439 1526 1491 οὓτω
1555 1441 1778 1509 ταχείας
1815 1444 2008 1494 ἐπανό-

433 1516 527 1570 δου
558 1521 654 1588 τὴν
688 1523 886 1578 αἰτίαν.
931 1526 1264 1597 Ἀρξαμένου
1315 1530 1364 1582 δ’
1393 1532 1598 1584 ἐκείνου
1646 1533 1770 1585 καθ’
1800 1535 2005 1586 ’έκαστα

433 1610 761 1679 διηγεῖσθαι,
799 1615 936 1686 ἔρως
982 1620 1243 1686 κατέσχεν
1295 1622 1493 1684 αὐτοὺς
1538 1623 1764 1676 ἐπεσοαί
1808 1643 1868 1676 τε
1911 1626 2004 1678 καὶ

433 1702 736 1771 ἀντιλέγειν
760 1706 857 1758 ὅσα
885 1710 1082 1762 εἰδέναι
1114 1712 1296 1778 σφίσιν
1317 1713 1475 1784 ἐπῄει
1502 1715 1567 1783 τῇ
1598 1715 1872 1784 κοινότητι
1903 1716 2002 1783 τῆς

435 1792 670 1863 φατρίας
691 1797 928 1866 ὁμόλογα
955 1803 1046 1852 καὶ
1075 1803 1387 1872 ὁμόστοιχα.
1440 1806 1595 1857 Ἐπεὶ
1629 1806 1686 1858 δὲ
1721 1807 1812 1860 καὶ
1850 1807 2002 1875 παρὰ

429 1888 530 1951 τὴν
576 1888 752 1940 οἰκίαν
809 1891 910 1960 ἤδη
979 1893 1056 1961 τῷ
1123 1893 1376 1964 Γρηγορᾷ
1429 1898 1887 1966 συνεληλύθεσαν,
1939 1899 1999 1950 τὸ

432 1979 655 2047 συνεχὲς
705 1981 922 2048 ἐκείνης
955 1983 1052 2053 τῆς
1097 1984 1388 2051 διαλέξεως
1439 1987 1754 2060 πλατυτέρα
1783 1989 1999 2059 γλώττῃ

429 2069 668 2140 διήνυον,
701 2076 794 2126 καὶ
823 2075 922 2143 τὴν
955 2077 1109 2128 νόσον
1132 2077 1230 2144 τῆς
1262 2076 1575 2139 δυσσεϐείας
1599 2080 1676 2140 εἰς
1717 2077 1998 2146 προῦπτον

431 2159 647 2229 ἐξῆγον.
684 2165 794 2216 Καὶ
846 2160 915 2235 ἦν
959 2165 1086 2220 ἰδεῖν
1127 2166 1226 2234 τῆς
1278 2167 1435 2220 νόσου
1502 2168 1886 2237 χαλεπώτερον
1939 2168 2000 2220 τὸ

431 2255 610 2307 νοσεῖν
639 2255 908 2324 ἐφίεσθαι.
952 2260 1020 2310 ’Λ
1060 2259 1168 2328 γὰρ
1200 2258 1420 2329 ᾔδεσαν,
1457 2261 1518 2312 οὐ
1562 2259 1742 2321 καλῶς
1775 2259 1997 2329 ᾔδεσαν,

431 2345 530 2396 καὶ
579 2345 614 2400 ἀ
667 2347 998 2418 προύφερον,
1027 2351 1177 2418 ἀπῆν
1234 2351 1416 2404 αὐτῶν
1480 2352 1511 2420 ὴ
1579 2351 1676 2404 σὺν
1728 2351 1998 2421 εὐκοσμίᾳ

430 2434 679 2502 πρόοδος.
719 2436 839 2488 Τῶν
893 2438 1000 2506 γὰρ
1054 2439 1274 2505 βιϐλίων
1324 2441 1698 2508 ἀνοιγομένων
1752 2439 1915 2502 εὐθὺς
1961 2438 1999 2494 ἃ

432 2525 601 2578 πάλαι
634 2528 746 2590 τοῖς
777 2527 943 2590 θείοις
971 2531 1245 2599 Πατράσιν
1278 2530 1605 2597 ὲκτέθειται,
1636 2531 1996 2602 ἠναγκασμέ-

430 2634 530 2686 νης
561 2618 754 2689 τέχνης
781 2617 986 2672 δεῖσθαι
1022 2620 1118 2690 τὴν
1148 2620 1408 2690 ἀλήθειαν
1449 2624 1545 2676 οὐκ
1572 2621 1651 2675 ἔτι
1682 2627 1806 2694 ἐνῆν
1833 2643 1849 2657 ο
1895 2628 1997 2680 αύ-

428 2710 669 2776 τόματος
715 2711 827 2780 γὰρ
874 2712 938 2763 ἐκ
983 2711 1079 2763 τοῦ
1113 2713 1309 2781 ῥᾴστου
1363 2713 1498 2782 πρὸς
1556 2715 1668 2782 φῶς
1695 2716 1939 2781 ἐϐάδιζεν
1969 2718 1998 2768 ὁ

432 2801 525 2852 τοῦ
559 2800 784 2869 ψεύδους
830 2802 1068 2872 ἐλεγχος.
1099 2801 1192 2865 Οἷς
1238 2804 1330 2856 οὖν
1377 2805 1678 2872 ἀνέλεγκτα
1707 2806 1996 2874 ψεύδεσθαι

430 2889 666 2961 ἥδιστον,
723 2894 935 2955 τούτοις
975 2894 1036 2957 !l'.
1097 2893 1305 2967 1601κ]
1363 2896 1607 2965 ἀψευδῶς
1676 2898 1996 2968 ἐλέγχεσῦαι

431 2982 675 3053 ἐχριστὸν
735 3001 791 3036 τε
859 2984 948 3036 καὶ
1017 2985 1306 3052 Ὀλύμπιον
1361 2989 1613 3041 ἁπάντων
1671 2990 1992 3058 βαρύτερον.

430 3074 966 3144 Δυσανασχετοῢντες
1004 3076 1170 3130 ἐϐόων
1227 3078 1582 3149 παγγλωσσίᾳ
1628 3080 1858 3146 κόρακες
1913 3078 1988 3140 ὣς

430 3167 571 3220 κατά
609 3167 886 3236 Πίνδαρον.
914 3167 996 3220 ἵνα
1041 3170 1115 3240 μὴ
1154 3171 1297 3237 λέγω
1327 3172 1483 3237 δίκην
1511 3171 1735 3224 κολοιῶν
1761 3173 1994 3238 ἀσήμοις

429 3257 696 3324 κραυγαῖς
733 3255 1124 3319 παταγούντων
1153 3258 1247 3309 καὶ
1279 3257 1555 3327 ὁμιχλώδη
1585 3259 1707 3310 τινὰ
1737 3260 1827 3310 τὸν
1851 3260 1989 3327 ἀέρα

427 3351 490 3417 τῇ
521 3351 657 3418 ἀκοῇ
694 3351 788 3400 καὶ
825 3349 966 3400 πάνυ
993 3366 1043 3400 τι
1072 3350 1302 3418 δύσηχον
1337 3351 1891 3420 παρασκευαζόντων.
1925 3353 1992 3403 “A

427 3445 606 3494 πάντα
631 3440 754 3492 κατ’
783 3441 1021 3509 ἐμαυτὸν
1047 3442 1370 3494 ἀνακυκλῶν
1402 3444 1497 3495 καὶ
1534 3443 1830 3495 ἀνελίττων
1857 3441 1989 3510 ἐγὼ,

427 3534 522 3584 καὶ
545 3531 842 3583 διευθύνειν
876 3534 968 3583 καὶ
999 3533 1293 3602 ἀναφέρειν
1317 3533 1518 3587 ἐθέλων
1552 3535 1630 3598 εἰς
1675 3533 1764 3586 τὸν
1793 3535 1989 3604 εἱρμὸν

426 3625 632 3676 ἐκεῖνον
689 3625 783 3676 καὶ
841 3624 1130 3678 συνάπτειν
1192 3626 1268 3686 είς
1320 3625 1377 3676 ἓν
1432 3627 1530 3688 τὰς
1577 3626 1850 3696 ἐκδρομὰς
1899 3626 1994 3677 καὶ⁹

423 3713 762 3782 ἀναστροφὰς
788 3716 1004 3778 ἐκείνας
1035 3717 1131 3770 καὶ
1161 3715 1456 3786 ἀναλήψεις
1485 3717 1592 3767 τῶν
1624 3716 1745 3767 καθ’
1781 3717 1992 3769 ἕκαστα

1353 319 1798 380 ΒΥΖΑΝΤΙΝΣΕ
1841 324 2224 382 IilSTOlilE
2265 326 2409 385 ΗΒ.
2445 327 2690 388 XXXII.

507 421 585 476 6’.
630 421 820 487 Ἐξιών
850 441 911 492 γε
949 426 1054 497 μὴν
1087 427 1298 482 ἐκεῖθεν
1333 433 1661 500 ἐνετύγχανε
1712 441 1862 504 παρὰ
1907 438 2004 506 τὴν
2035 442 2077 496 Λ

3580 327 3684 388 346

2177 439 2268 494 IX.
2298 441 2486 510 Itaque
2521 458 2644 498 cum
2695 442 2944 508 abiisset,
2983 442 3098 512 ipsa
3126 443 3177 496 in
3206 443 3293 497 via
3325 441 3526 511 passim
3559 442 3677 494 sin-

2115 533 2272 597 gulos
2308 533 2456 586 viros
2483 534 2712 588 offendit
2743 551 2771 589 ο
2802 536 3004 589 familia
3039 535 3452 606 Palamitarum,
3483 534 3574 600 qui
3609 534 3676 584 ad

2113 622 2475 677 Cantacuzeni
2530 627 2922 679 monasterium
2975 625 3292 694 pergebant,
3331 624 3400 678 ab
3441 625 3534 677 illo
3576 625 3682 689 iam

2113 722 2238 766 ante
2299 715 2532 781 primam
2590 715 2766 769 lucem
2820 733 2917 784 per
2957 732 3238 786 praecones
3269 715 3405 768 clam
3438 714 3683 766 advocati

2111 804 2176 855 ad
2231 805 2503 874 synodum
2567 806 2911 861 dialecticam
2947 824 3066 876 quae
3109 809 3218 877 jam
3270 808 3441 860 multo
3469 815 3594 858 ante
3633 805 3685 856 in

2111 893 2408 964 Grcgoram
2442 896 2664 951 decreta
2695 908 2833 950 erat.
2893 898 2957 951 lli
2985 900 3121 966 jnssi
3150 908 3307 952 erant
3336 907 3507 951 totum
3540 897 3680 948 diem

2113 985 2262 1038 illum
2322 987 2376 1039 in
2432 988 2565 1040 cella
2628 1004 2874 1043 manere.
2929 991 3110 1055 Quare
3169 996 3502 1058 stupuerunt
3557 1003 3681 1039 cum

2111 1086 2312 1142 przctcr
2350 1078 2666 1144 opinionem
2701 1082 2852 1136 abire
2900 1082 3155 1135 viderent
3187 1081 3488 1150 Gregoram
3551 1089 3686 1132 tem—

2111 1183 2242 1234 pore
2275 1184 2386 1235 quo
2439 1170 2517 1221 sol
2559 1169 2716 1238 391
2754 1173 2960 1238 primas
3012 1173 3165 1225 luces
3212 1172 3504 1239 pandebat.
3564 1171 3682 1222 .lam

2111 1258 2361 1310 nonnulli
2412 1260 2629 1312 obviam
2672 1261 2721 1313 ei
2760 1261 3122 1329 procedentes
3156 1262 3422 1330 rogabant
3453 1278 3551 1314 cur
3576 1271 3681 1314 tam

2109 1358 2332 1415 repente
2361 1348 2610 1404 abiisset.
2668 1351 2766 1405 llic
2790 1351 2958 1420 igitur
2980 1367 3104 1406 cum
3136 1354 3396 1420 coepisset
3427 1367 3684 1404 enarrare

2106 1438 2344 1505 singula,
2376 1439 2715 1492 desiderium
2767 1456 2865 1496 eos
2921 1441 3124 1495 invasit
3167 1442 3382 1511 longius
3413 1442 3680 1510 sequendi

2105 1543 2228 1580 eum
2274 1537 2329 1580 et
2359 1531 2672 1596 opponendi
2707 1546 3048 1601 qua-cunque
3082 1534 3356 1586 sociorum
3393 1532 3682 1585 sententiis

2106 1619 2489 1673 convenientia
2521 1631 2574 1672 et
2599 1623 2909 1674 communia
2937 1623 3211 1688 sciebant;
3245 1634 3298 1677 et
3329 1638 3451 1676 cum
3483 1632 3680 1691 prteter

2105 1710 2329 1762 domum
2360 1711 2470 1778 jam
2504 1712 2750 1765 comitati
2796 1723 2978 1767 essent
3010 1713 3332 1782 Gregoram,
3365 1728 3676 1766 sermonem

2104 1801 2222 1870 ejus
2251 1816 2412 1869 supra
2448 1810 2672 1855 modum
2710 1803 2995 1857 mutabant
3039 1813 3095 1858 et
3133 1804 3429 1872 impietatis
3467 1816 3675 1872 pesrem

2102 1892 2179 1944 sic
2202 1892 2372 1952 palam
2402 1891 2776 1960 proferebant,
2809 1894 2976 1947 etiam
3005 1894 3149 1963 quod
3173 1903 3324 1962 peste
3356 1895 3511 1962 pejus
3541 1909 3675 1947 con-

2103 1983 2355 2052 spicuum
2383 1993 2505 2037 erat
2539 1985 2588 2037 in
2618 1995 2826 2054 pestem
2869 1985 3040 2054 arripi
3085 1987 3326 2039 libenter
3355 2002 3474 2040 sese
3505 1985 3678 2053 patie-

2103 2073 2324 2126 bantur.
2355 2075 2487 2138 Qua:
2509 2085 2692 2129 autem
2717 2077 2964 2130 sciebant
2995 2092 3105 2130 non
3139 2079 3280 2131 bene
3300 2077 3544 2130 sciebant
3570 2093 3584 2138 ;
3618 2089 3677 2129 et

2101 2179 2220 2230 qua:
2252 2164 2559 2218 aﬂ‘erebant
2584 2166 2653 2220 ab
2678 2167 2824 2219 omni
2852 2167 3048 2221 decore
3074 2167 3250 2220 aliena
3287 2177 3461 2221 erant.
3487 2167 3675 2235 Neque

2102 2252 2514 2322 Scripturarum
2546 2270 2668 2324 quae
2695 2257 2825 2308 olim
2858 2272 2886 2310 a
2913 2258 3119 2310 sanctis
3150 2257 3403 2310 Patribus
3429 2257 3674 2325 exposita

2101 2353 2231 2399 sunt
2261 2345 2464 2399 veritas
2495 2347 2817 2402 defensione
2847 2364 2955 2402 non
2991 2349 3226 2417 amplius
3255 2348 3489 2418 egebat;
3549 2363 3672 2401 nam

2098 2447 2296 2508 sponte
2345 2438 2604 2494 facillime
2652 2441 2708 2492 in
2761 2440 2940 2496 lucem
2979 2443 3184 2510 prodiit
3229 2441 3439 2496 fraudis
3477 2457 3675 2509 oppro-

2101 2529 2305 2585 brium.
2366 2531 2578 2598 Quibus
2611 2532 2895 2588 verissima
2953 2533 3005 2586 in
3055 2533 3300 2588 fraudem
3338 2534 3674 2604 vertereju-

2098 2623 2514 2686 cundissimum,
2553 2623 2622 2676 iis
2657 2624 2981 2692 simpliciter
3020 2624 3345 2692 reprehendi
3381 2625 3670 2678 odiosissi-

2097 2728 2245 2767 mum
2279 2721 2334 2767 et
2371 2713 2633 2766 onmibus
2659 2714 2904 2783 Olympis
2934 2713 3217 2766 molestius
3248 2723 3350 2766 est.
3414 2712 3477 2764 lli
3508 2712 3671 2781 igitur

2097 2803 2335 2857 subirati
2369 2803 2683 2859 clamabant
2734 2815 2794 2857 ut
2823 2803 3044 2857 Pindari
3085 2805 3232 2854 corvi
3272 2804 3668 2871 multiliugues,

2096 2910 2164 2948 ne
2203 2895 2379 2948 dicam
2411 2903 2471 2948 ut.
2518 2895 2726 2965 graculi
2758 2895 2848 2963 qui
2890 2895 3131 2948 dissonis
3161 2893 3493 2950 clamoribus
3521 2905 3664 2948 strc-

2099 2988 2270 3055 pitum
2326 2986 2497 3040 edunt
2544 2999 2601 3040 et.
2643 3001 2804 3040 aures
2853 2987 3208 3040 vehementer
3268 2987 3662 3054 perstringunt.

2096 3079 2274 3144 Quare
2308 3078 2352 3131 si
2377 3087 2575 3130 cuncta
2606 3078 2792 3132 animo
2817 3079 3064 3131 volutare
3098 3086 3153 3130 et
3184 3077 3460 3146 explicare
3491 3087 3546 3129 et
3576 3092 3667 3128 or-

2101 3171 2292 3224 dinare
2327 3181 2379 3223 et
2411 3169 2617 3223 referre
2651 3170 2776 3222 volo
2808 3168 2872 3222 ad
2904 3168 3152 3222 ordinem
3213 3174 3265 3222 et
3302 3167 3665 3235 cornpreber»

2101 3265 2231 3316 dere
2260 3263 2311 3315 in
2344 3277 2512 3315 unum
2555 3277 2872 3316 sermonum
2923 3261 3252 3314 deverticula
3301 3268 3357 3313 et
3403 3258 3663 3314 ﬂexiones

2095 3354 2217 3407 illas
2277 3366 2334 3406 et
2394 3353 2693 3407 tentamiua
2745 3351 3268 3417 observatione-sque
3325 3351 3389 3403 ad
3445 3349 3656 3418 singula

2095 3443 2377 3496 institutas
2407 3451 2462 3497 et
2486 3457 2607 3512 qua:
2639 3445 2690 3494 in
2715 3441 3216 3496 conccrtationitms
3249 3441 3300 3494 in
3329 3440 3659 3495 contrariam

2096 3544 2311 3602 partem
2359 3532 2546 3587 alierri
2601 3533 2778 3588 solent
2828 3541 2881 3586 et
2928 3532 3147 3602 exponi,
3203 3531 3253 3584 id
3310 3531 3471 3601 392
3524 3529 3657 3583 mihi

2095 3626 2263 3678 nimis
2293 3624 2512 3688 diﬂicile
2545 3624 2602 3677 lit
2629 3634 2684 3679 et
2714 3624 2916 3693 recipio
2946 3608 3115 3677 tne-in
3144 3623 3347 3677 silentii
3403 3622 3576 3676 otium
3604 3629 3660 3673 et

2097 3719 2573 3787 tranquillitatem.

421 3804 866 3879 ἐπιχειρημάτων
928 3827 987 3864 τε
1044 3810 1136 3871 καὶ
1207 3811 1500 3878 ἐργασιῶν,
1536 3813 1628 3862 καὶ
1673 3811 1795 3862 ὅσαι
1839 3810 1958 3862 κατ’
2032 3809 2282 3862 ἔνστασιν
2319 3812 2598 3878 ύποφοραὶ
2643 3813 2750 3862 γαί
2789 3810 3166 3881 ἀνθυποφοραὶ
3225 3813 3317 3863 καὶ
3366 3812 3547 3872 λύσεις
3599 3810 3660 3874 ἐξ

419 3899 665 3970 ἀνάγκης
711 3903 934 3955 ἐπονται
975 3903 1231 3967 τουτοισὶ,
1299 3901 1420 3954 λίαν
1471 3903 1709 3971 ἐργῶδες
1756 3903 1864 3970 ὁρῶ
1917 3903 2012 3954 καὶ
2045 3902 2314 3973 ἀναχωρῶ
2343 3907 2477 3973 πρὶς
2546 3905 2884 3972 ἐμαυτὴν,τό
2914 3905 3008 3972 τῆς
3041 3904 3250 3970 σιωπῆς
3282 3901 3656 3971 ἀσπαζῦμενος

419 3993 712 4065 ἄπραγμόν
749 4014 807 4048 τε
839 3997 934 4048 καὶ
964 3997 1344 4065 ἀνεπίφθονον.

491 4095 548 4149 l'.
592 4097 690 4165 Μή
752 4111 845 4162 μοι
902 4093 1130 4146 τοιαῦτα
1175 4092 1306 4165 λέγε
1354 4092 1450 4144 καὶ
1497 4092 1775 4161 πρότεινε,
1815 4092 1984 4158 φίλων

418 4189 611 4259 ἄριστε
663 4186 1020 4253 Πρωταγόρα.
1065 4185 1210 4237 Μίαν
1254 4183 1366 4253 γὰρ
1413 4183 1672 4252 οὐδεμίαν
1717 4183 1986 4253 οὐδετέρῳ

418 4282 573 4350 φέρει
623 4280 722 4347 τὴν
772 4278 954 4347 ὄνησιν
1003 4277 1070 4328 τὰ
1126 4277 1224 4344 τῆς
1278 4275 1512 4344 σιωπῆς.
1579 4275 1730 4344 Ἐμοί
1773 4291 1830 4326 τε
1877 4278 1984 4343 γὰρ

415 4369 674 4430 ἐπιεικῶς
725 4369 994 4436 ἀφόρητον
1036 4369 1132 4436 τὴν
1185 4366 1389 4434 ζημίαν
1444 4367 1681 4433 κομίζει,
1729 4368 1820 4418 καὶ
1868 4367 1980 4419 ὅσοι

2159 4091 2226 4146 Χ.
2257 4091 2376 4147 Noli
2405 4090 2520 4144 haec
2545 4089 2730 4144 dicere
2758 4090 2890 4143 mihi
2915 4101 2970 4144 et
2997 4090 3312 4154 obtrudere,
3336 4090 3658 4147 cbarissimc

2083 4183 2399 4250 Protagora.
2464 4181 2602 4234 Nam
2657 4180 2840 4234 neutri
2907 4193 3157 4234 llOSlI‘tlm
3219 4181 3327 4234 ulla
3385 4181 3657 4236 utilitasc

2090 4271 2314 4326 silentio
2345 4271 2560 4326 evadet.
2601 4269 2730 4323 Mihi
2757 4269 2979 4338 quidem
3019 4271 3361 4324 intolerabile
3391 4273 3654 4324 damnum

2085 4363 2276 4418 all'eret
2310 4379 2523 4433 unaque
2556 4363 2621 4417 iis
2651 4378 2886 4432 quorum
2922 4379 3083 4417 aures
3115 4380 3295 4417 rerum
3324 4364 3653 4434 optimarum

413 4461 594 4528 λίχνον
633 4459 754 4511 κατ’
789 4459 887 4525 ἐμὲ
931 4460 1064 4525 περὶ.
1095 4461 1165 4510 τὰ
1201 4459 1396 4528 βελτίω
1421 4459 1520 4528 τὴν
1561 4460 1732 4525 ἀκοὴν
1765 4457 1978 4525 ἐξέθρε·

2095 4455 2317 4508 curiosae
2349 4463 2498 4508 sunt.
2561 4455 2680 4508 Tibi
2738 4471 2872 4509 vero
2922 4464 3185 4524 quantum
3222 4470 3311 4508 res
3346 4456 3648 4524 periculum

411 4553 540 4620 ψαν.
579 4554 669 4604 Σοὶ
697 4552 742 4604 δ’
791 4553 914 4604 ὅσον
941 4553 1153 4605 ἀπειλεῖ
1198 4553 1294 4622 τῆς
1320 4553 1499 4622 ψυχῆς
1531 4551 1588 4604 τὸ
1618 4554 1855 4622 πρᾶγμα
1893 4555 1980 4604 τὸν

413 4645 680 4706 κῗνδννον,
710 4645 870 4706 αὑτός
903 4643 948 4695 τ’
995 4642 1060 4696 ἂν
1108 4643 1306 4713 εἰδείης
1341 4644 1588 4710 ἐξετάσει
1628 4645 1724 4697 καὶ
1759 4645 1979 4713 βασάνῳ

408 4735 717 4804 τελεωτέρα
744 4735 939 4797 διδοὺς,
978 4736 1072 4787 καὶ
1102 4735 1214 4803 ἅμα
1248 4736 1700 4804 συλλογιζόμενος
1725 4737 1840 4798 πῶς
1877 4736 1977 4802 μὲν

409 4826 518 4879 τῶν
552 4826 848 4880 ἀντιθέτων
903 4829 1177 4894 αίσχυνείς
1232 4826 1330 4888 τὰς
1397 4827 1643 4892 γλώττας
1693 4827 1854 4891 λέξας
1909 4828 1974 4878 τὰ

412 4919 628 4985 καίρια,
686 4918 800 4979 πῶς
858 4918 914 4969 δὲ
971 4919 1077 4970 τῶν
1135 4919 1421 4988 ἡμετέρων
1481 4917 1812 4986 ἐπιρρώσεις
1876 4921 1976 4979 τὰς

412 5013 634 5079 φρένας.
672 5010 1041 5077 ἁμφιρῤεπεῖς
1093 5010 1250 5062 ἐνίων
1295 5009 1509 5079 ἐνιαχοῦ
1564 5010 1856 5075 γινομένας
1907 5009 1974 5060 δι’

409 5097 762 5168 ὁλιγεμαθίαν
800 5099 930 5159 ἴσως
957 5113 969 5126 ·
1003 5099 1062 5149 οὑ
1091 5100 1198 5164 γὰρ
1227 5097 1291 5149 ἄν
1317 5115 1444 5149 ποτε
1475 5098 1640 5166 φαίην
1668 5097 1822 5163 κάγὼ
1852 5098 1972 5149 κατ’

411 5190 582 5250 ἐνίους
623 5190 721 5256 τὴν
765 5188 919 5240 νόσον
963 5187 1262 5249 καλοῦντας
1291 5187 1548 5256 ἀγκυρῶν
1578 5189 1821 5254 ὀρφανὴν
1851 5204 1972 5240 τινα

405 5278 604 5346 οἴησιν,
637 5276 879 5344 εὐχερῶς
935 5277 1021 5342 ἐφ’
1075 5275 1312 5340 ἐκὰττρα
1356 5275 1854 5344 ταλαντευομένην,
1887 5277 1972 5328 ὁλ-

408 5371 534 5421 κάσι
582 5367 999 5438 παραπλησίως,
1036 5367 1101 5428 ἃς
1132 5366 1468 5436 ταραχώδεις
1497 5368 1732 5434 ἀγκάλαι
1770 5367 1966 5420 θαλάτ-

405 5478 502 5529 της
536 5461 911 5514 ἀπολαόοὖσαι
959 5460 1150 5520 νυκτὸς
1201 5459 1473 5527 ἀλιμένοις
1505 5460 1697 5522 ἀκταῖς
1730 5460 1823 5511 καὶ
1857 5476 1964 5528 χω-

409 5555 544 5622 ρίοις
597 5553 923 5622 ἐπέρριψαν.
961 5552 1190 5604 Ἔπειτα
1246 5550 1364 5602 ούδέ
1415 5551 1671 5619 φορτικός
1720 5569 1804 5612 τις
1853 5549 1963 5615 ἐγώ

411 5661 490 5694 σοι
532 5643 826 5712 φανοῦμαι,
863 5641 1032 5694 πάντα
1062 5642 1182 5692 καθ’
1211 5641 1418 5692 ἕκαστα
1452 5643 1627 5703 λέγειν
1658 5644 1840 5693 ἐκεῖνα
1868 5643 1963 5694 καὶ

423 5735 806 5802 ῥιπαράλλακτα
869 5736 1107 5804 τήμερον
1183 5736 1274 5801 τὴν
1341 5734 1640 5802 ἀνάμνησιν
1704 5736 1958 5800 ἐπαγων-

2084 4544 2430 4597 minitaretur
2465 4543 2681 4597 videres
2727 4543 2890 4599 facile
2935 4546 2977 4598 si
3016 4561 3128 4598 rem
3166 4546 3409 4614 penitius
3440 4557 3495 4599 et
3538 4563 3651 4600 me-

2083 4632 2190 4686 lius
2240 4633 2547 4700 inqnireres
2584 4642 2639 4687 et
2677 4646 2960 4703 reputares
3002 4636 3275 4704 quomodo
3305 4637 3648 4689 adversario-

2083 4741 2203 4779 rum
2237 4726 2481 4794 liuguam
2534 4737 2741 4780 mutam
2782 4730 3044 4782 redderes
3090 4731 3428 4798 argumentis
3460 4730 3650 4784 electis

2080 4819 2521 4886 gravioribus,ct
2549 4820 2826 4888 quomodo
2861 4821 3075 4876 animos
3111 4832 3326 4876 nostros
3357 4822 3646 4876 conﬁrma-

2081 4919 2240 4962 turus
2276 4926 2428 4963 esses
2482 4926 2606 4964 cum
2670 4914 2919 4966 nonnulli
2963 4914 3075 4982 jam
3127 4889 3368 4966 ititubent
3425 4923 3648 4982 propter

2079 5016 2260 5055 rerum
2298 5003 2698 5072 ignorantiam;
2737 5021 2802 5058 ne
2823 5005 2995 5058 dicam
3020 5016 3077 5058 ut
3109 5007 3357 5059 nonnulli
3393 5008 3642 5060 morbum

2078 5105 2274 5149 vocant
2327 5097 2641 5164 Opinionem
2697 5099 2917 5150 ancoris
2964 5099 3210 5151 orbatam
3256 5108 3311 5151 et
3341 5098 3503 5152 modo
3537 5099 3643 5152 huc

2076 5185 2236 5236 modo
2257 5186 2386 5239 illuc
2412 5185 2768 5240 ﬂuctuantem
2806 5188 3216 5240 instarnavium
3253 5205 3371 5257 quae
3399 5190 3640 5244 remulco

2073 5275 2400 5340 trahuntur;
2458 5292 2594 5345 quas
2655 5279 2822 5331 maris
2875 5279 3077 5332 turbidi
3133 5280 3332 5334 ﬂuctus
3356 5280 3639 5349 abripiunt

2071 5376 2232 5419 noctu
2253 5377 2306 5418 ct
2335 5365 2385 5418 in
2415 5368 2688 5435 proximas
2702 5384 2826 5422 oras
2855 5378 2909 5420 et
2929 5371 3296 5426 continentem
3319 5371 3632 5438 projiciunt.

2073 5458 2176 5512 Sed
2217 5459 2402 5512 tibine
2431 5460 2697 5514 molestus
2729 5461 2915 5515 videar
2952 5464 3078 5517 nolo
3114 5475 3164 5518 te
3202 5463 3410 5532 singula
3443 5463 3626 5516 omnia

2072 5549 2465 5615 mihinarrarc,
2503 5551 2821 5606 continuam
2868 5554 3028 5608 hodie
3072 5571 3251 5609 rerum
3308 5555 3628 5610 memoriam

2071 5642 2380 5696 excitando.
2401 5643 2532 5696 Nam
2561 5645 2864 5699 secundum
2896 5648 3199 5708 oraculum,
3235 5645 3460 5701 nimium
3498 5663 3632 5700 nun-

2070 5750 2229 5803 quam
2262 5735 2513 5789 desidero
2545 5745 2596 5789 et
2646 5737 2847 5804 quibus
2895 5753 3112 5806 semper
3147 5738 3410 5792 itthl‘:tttll
3441 5754 3536 5796 eos
3564 5755 3632 5794 ne
