4046 6290
357 294 361 297 ’
465 329 571 391 an

1652 337 2064 399 NlCEi‘llORt
2105 341 2479 400 UREGORE

3571 337 3661 402 348

440 444 671 496 nimium
724 443 1128 512 amplectantur
1186 459 1400 502 moneo.
1464 447 1576 516 Age
1625 447 1814 516 igitur,
1869 449 2067 509 solve:

2170 451 2297 520 πλῆς
2324 450 2435 520 γάρ
2469 465 2612 511 τινος
2647 448 2980 519 ἀφηγήσεως
3004 444 3280 516 ἀκροατὴς
3309 444 3402 498 καὶ
3426 445 3662 516 ἀπεριέρο

447 536 648 603 linguae
678 536 1006 600 retinacula,
1049 542 1222 607 passis
1251 543 1630 596 veliscurrum
1670 544 1921 606 institue,
1961 553 2017 596 tu

449 628 542 694 qui
596 641 762 683 aures
813 628 1048 688 oﬂeudis
1109 643 1370 697 attentas,
1428 648 1548 702 qua:
1603 635 2020 688 fundamentum

451 719 685 771 solidum
716 720 962 788 prmhent
994 738 1058 774 eo
1093 722 1254 792 393
1279 725 1422 790 quod
1457 724 1833 778 narrationem
1861 724 2023 779 vehe-

453 822 666 862 menter
698 812 1037 865 desiderant.
1103 815 1153 864 ld
1189 815 1352 866 etiam
1391 816 1664 884 optimum
1701 817 2032 868 incitamen-

454 910 567 953 tum
601 914 828 970 apparet
854 904 896 957 si
930 905 1185 958 amicitiae
1220 906 1392 972 gratia
1456 909 1638 974 lingua
1687 921 1810 960 cum
1869 908 2028 960 volu-

461 1003 610 1061 ptate
644 996 759 1048 vult
805 995 951 1063 loqui
988 1006 1041 1050 et
1080 997 1418 1051 narrationis
1447 998 1555 1050 vim
1593 1012 1865 1051 summam
1897 1009 2027 1052 con-

457 1100 550 1150 ch
563 1103 635 1140 ιιι.

2128 561 2240 611 γως
2266 543 2520 611 γενέσθαι
2546 542 2787 610 ἐφίεμαι,
2817 541 2960 594 κατὰ
2995 539 3052 592 τὸ
3072 540 3128 592 ἐν
3153 538 3322 590 Πυθοῖ
3358 537 3554 606 λόγιον,
3578 540 3660 592 τοῦ

2127 636 2266 702 ἀγαν
2316 635 2478 697 αὐτός
2509 651 2567 687 τε
2607 633 2695 687 ἀεὶ
2745 631 3086 702 φειδόμενος,
3117 629 3212 682 καὶ
3260 622 3338 692 οἷς
3365 628 3447 682 ἀεὶ
3479 629 3670 699 ξύνειμι

2134 727 2417 794 φείδεσθαι
2451 726 2756 794 παραινῶν.
2791 723 2932 791 Φέρε
2976 735 3059 776 τοι
3089 723 3185 776 νῦν
3218 724 3284 774 τὰ
3311 724 3409 792 τῆς
3451 719 3671 790 γλώττης

2131 821 2454 890 πρυμνήσια
2513 817 2707 882 λύσας,
2759 817 3080 887 εὐρυτέραις
3139 814 3356 878 ὀθόναις
3410 813 3544 866 δίδου
3591 813 3670 865 τὸν

2133 911 2323 973 πλοῦν,
2352 911 2544 972 ἀκοαῖς
2591 908 2912 980 χαιρούσαις
2953 905 3215 977 ἐντυχὼν,
3251 905 3486 976 κρηπῖδα
3533 906 3675 976 στερ-

2135 1003 2237 1070 ρἀ
2266 1001 2738 1070 ὑποϐαλλομέναις
2771 997 2865 1052 τὸν
2911 998 3020 1052 τῶν
3057 997 3476 1068 λεχθησομένων
3507 994 3674 1050 πόθον.

2133 1083 2200 1145 '0
2227 1095 2290 1162 δὴ
2317 1091 2608 1161 κράτιστον
2635 1092 2978 1162 ὁρμητήριον
3013 1093 3092 1154 εἱς
3127 1090 3352 1161 ἄγαλμα
3387 1087 3678 1159 φιλοτιμίας

458 1181 673 1250 γλώετῃ
711 1183 808 1233 σύν
860 1197 923 1249 γε
958 1181 1240 1251 προθυμία
1288 1181 1471 1247 λέγειν
1520 1179 1786 1251 ἐθελούσῃ
1825 1197 1884 1233 τε
1938 1183 2034 1234 καὶ
2107 1185 2244 1253 πρὸς
2310 1185 2378 1238 τά
2415 1186 2707 1258 ἐρρωμένοι
2751 1186 2852 1256 τῆς
2891 1186 3196 1256 διηγήσεως
3241 1182 3497 1255 ἀφορὼσῃ
3538 1183 3678 1236 καθί-

462 1289 676 1325 σταται.

531 1368 878 1438 XLJamego
901 1370 991 1438 qui
1019 1383 1182 1438 saepe,
1217 1369 1542 1425 charissime
1575 1369 1894 1436 Cleodeme,
1929 1371 2039 1424 vim

464 1464 541 1515 tui
578 1463 848 1515 sermonis
876 1472 930 1514 et
967 1464 1205 1517 rationes
1235 1463 1556 1518 verissimas
1585 1464 1886 1518 admiratus
1919 1477 2041 1518 sum

468 1570 618 1606 nunc
659 1555 844 1620 potius
874 1569 1037 1619 quam
1079 1565 1236 1608 antea
1296 1556 1485 1624 paucis
1519 1555 1584 1607 ad
1625 1555 2043 1624 persuasionem

467 1657 560 1695 res
609 1643 706 1696 tibi
743 1658 1034 1710 esponam.
1094 1642 1230 1696 Nolo
1259 1645 1404 1696 enim
1452 1644 1696 1698 dolorem
1741 1643 1920 1698 facere
1955 1644 2044 1698 cui

469 1734 681 1787 servire
710 1748 794 1788 me
822 1742 1057 1802 oportet.
1095 1734 1372 1788 Proferam
1396 1744 1578 1790 autem
1605 1751 1635 1790 e
1658 1735 1844 1790 multis
1873 1749 2044 1803 pauca

468 1835 528 1876 et
553 1839 674 1892 qua:
701 1823 1012 1877 necessaria
1042 1833 1168 1878 sunt
1200 1827 1320 1879 usui
1351 1836 1405 1879 et
1433 1827 1559 1880 huic
1591 1827 1843 1896 tempori.
1879 1826 2047 1894 quue

472 1915 540 1966 ad
585 1915 875 1968 utilitatem
908 1925 1053 1968 tuam
1091 1917 1231 1970 facio
1277 1926 1332 1970 et
1367 1931 1560 1971 eorum
1595 1919 1687 1982 qui
1722 1933 1827 1970 una
1865 1927 2046 1969 tecum

474 2007 667 2062 audire
719 2009 833 2062 haec
882 2009 1131 2078 cupiant.
1207 2009 1312 2064 Sed
1355 2011 1399 2063 si
1436 2025 1500 2064 ex
1546 2020 1636 2063 tua
1675 2023 1730 2063 et
1773 2011 2048 2063 sociorum

475 2109 696 2154 tuorum
745 2102 1030 2155 voluntate
1061 2103 1370 2156 orationem
1409 2104 1560 2156 omni
1598 2110 1795 2156 ornatu
1829 2101 2051 2156 denudo

474 2204 532 2246 et
565 2195 870 2262 simplicem
909 2195 1117 2254 reddo:
1158 2210 1272 2265 quo
1303 2211 1434 2251 sane
1463 2196 1717 2265 Gregora:
1752 2194 2052 2249 auctoritas

476 2287 787 2340 elevahitur
833 2299 887 2341 et
925 2303 1041 2341 mea
1075 2290 1472 2358 qualiscunque
1512 2298 1598 2342 est
1637 2297 1864 2358 cognata
1908 2287 2050 2340 ratio

476 2386 535 2430 et
563 2377 890 2446 disciplina;
916 2379 1042 2431 hinc.
1071 2379 1404 2433 concludere
1441 2378 1538 2432 tibi
1571 2378 1725 2436 licet.
1755 2378 1972 2445 qualem
2005 2384 2059 2429 et

481 2478 746 2536 quantam
789 2470 984 2522 intimo
1025 2471 1079 2523 in
1113 2471 1295 2523 animo
1327 2483 1450 2522 meo
1503 2469 1798 2522 amicitiam
1848 2483 1976 2535 erga
2008 2479 2060 2522 te

482 2561 742 2614 habeam.
799 2561 854 2614 Si
909 2577 1041 2614 vero
1071 2561 1318 2616 narratio
1347 2561 1614 2614 voluntati
1642 2573 1750 2613 non
1786 2573 2060 2614 convene-

485 2653 584 2712 rit,
619 2652 729 2704 noli
768 2651 900 2704 mihi
934 2652 1115 2707 irasci.
1149 2653 1283 2706 Nam
1325 2652 1379 2706 in
1418 2652 1502 2706 his
1535 2661 1594 2706 ut
1631 2653 1685 2706 in
1718 2653 1841 2707 aliis
1873 2653 2063 2707 multis

485 2743 806 2796 dominatur
839 2743 1082 2810 fortuna,
1119 2761 1240 2814 qua:
1292 2760 1376 2799 res
1412 2745 1556 2800 inter
1597 2761 1655 2800 se
1707 2743 1957 2800 diversas
2005 2755 2062 2800 et

487 2833 818 2888 dissidentes
850 2843 1028 2900 tenet;
1066 2836 1118 2889 in
1148 2835 1254 2890 illis
1279 2843 1463 2890 autem
1495 2852 1613 2904 qua:
1632 2836 1872 2891 animum
1892 2836 2062 2892 bene-

490 2926 670 2979 volum
726 2937 782 2981 et
826 2928 880 2981 in
940 2929 1134 2998 coeptis
1193 2937 1468 2983 maturum
1535 2929 1814 2995 reddunt,
1879 2928 2062 2984 omnia

496 3029 758 3088 tauquam
795 3022 999 3076 trutina
1056 3031 1206 3076 certa
1258 3033 1313 3075 et
1345 3022 1531 3076 divina
1566 3025 1873 3077 ettaniinata
1909 3032 2058 3077 sunt.

2213 1373 2316 1427 ΙΝ.
2359 1373 2501 1442 Ἐγὼ
2537 1372 2594 1428 δέ
2640 1390 2700 1428 σε
2733 1375 2830 1444 τῆς
2879 1373 2988 1426 τῶν
3033 1372 3208 1442 λόγων
3258 1370 3562 1440 οἰκονομίας
3605 1375 3689 1426 καὶ

2143 1465 2244 1536 τῆς
2271 1466 2384 1519 τῶν
2430 1469 2648 1536 τρόπων
2695 1469 3066 1538 χρηστότητος
3109 1465 3374 1527 πολλάκις
3402 1463 3687 1534 Θαυμάσας,

2145 1556 2189 1614 ὣ
2239 1561 2358 1628 φίλε
2404 1559 2708 1630 Κλεόδημε,
2739 1557 2835 1612 νῦν
2869 1557 3069 1628 μᾶλλον
3110 1557 3144 1627 ἦ
3181 1557 3450 1627 πρότερον
3497 1555 3589 1626 τὴν
3619 1555 3690 1616 εἰς

2148 1649 2324 1719 βραχὺ
2361 1646 2780 1716 συνωθουμένην
2812 1663 2894 1698 σοι
2929 1646 3036 1699 τῶν
3065 1645 3241 1714 λόγων
3271 1645 3482 1713 ἀγαμαι
3512 1642 3689 1696 πειθώ.

2147 1738 2314 1791 Ταῦτ’
2372 1737 2481 1808 ἄρα
2524 1738 2618 1790 καὶ
2679 1735 2754 1808 μή
2784 1737 2974 1789 λυπεῖν
3019 1736 3222 1790 ἐθέλων
3267 1735 3327 1789 δν
3389 1734 3694 1806 θεραπεύειν

2149 1829 2376 1901 εἱλόμην
2405 1829 2484 1892 σέ,
2519 1830 2629 1901 ἐρῶ
2665 1829 2785 1899 μὲν,
2819 1829 3016 1900 μέτρια
3044 1828 3090 1880 δ’
3125 1828 3191 1882 ἐκ
3221 1826 3452 1892 πολλῶν,
3483 1826 3573 1879 καὶ
3607 1826 3698 1879 ὅσα

2149 1923 2426 1990 ἀναγκαῖα
2461 1923 2526 1991 τῇ
2567 1920 2729 1992 χρείᾳ
2756 1921 2854 1974 καὶ
2877 1919 2954 1990 τῷ
2995 1919 3194 1990 καιρῷ,
3224 1921 3324 1991 σῆς
3359 1937 3419 1972 τε
3449 1918 3698 1985 ὠφελείας

2147 2014 2312 2068 ἕνεκα
2344 2014 2436 2067 καὶ
2469 2013 2582 2083 ἀμα
2622 2013 2734 2064 τῶν
2789 2028 2870 2065 σοι
2920 2010 3322 2082 παραπλησίως
3377 2009 3702 2080 αἱρουμένων

2152 2105 2370 2159 ἀκούειν
2398 2106 2575 2159 ταυτί.
2603 2107 2662 2158 El
2701 2105 2757 2158 δὲ
2789 2104 3018 2169 κάλλους
3051 2105 3261 2157 ἐκείνου
3289 2101 3584 2172 γυμνώσας
3615 2099 3704 2171 τὴν

2152 2195 2354 2265 φράσιν
2384 2194 2581 2256 παντὸς
2608 2192 2698 2246 διά
2737 2209 2797 2245 τε
2834 2193 2892 2246 σέ
2931 2193 3026 2244 καὶ
3059 2192 3173 2244 ὅσοι
3204 2190 3346 2245 κατά
3379 2191 3462 2257 σέ,
3491 2190 3705 2242 ἐστενω-

2155 2287 2324 2358 μένην
2347 2286 2439 2339 καὶ
2464 2284 2844 2354 ἁπλουστέραν
2874 2283 3140 2354 προθείην
3173 2299 3256 2336 σοι
3279 2281 3381 2353 τὴν
3416 2281 3706 2351 ἀφήγησιν,

2151 2376 2382 2442 ἀναξίως
2431 2377 2527 2448 μὲν
2567 2376 2668 2447 τῆς
2718 2375 2796 2446 τῷ
2846 2373 3105 2448 Γρηγορᾷ
3162 2373 3518 2445 καθηκούσης
3567 2371 3709 2441 δόξης

2154 2469 2472 2525 παντάπασι
2526 2469 2690 2540 δρῶν,
2720 2467 2955 2535 ἀναξίως
2985 2469 3032 2521 δ’
3075 2469 3131 2520 εῐ
3159 2486 3242 2532 τις
3273 2467 3359 2539 είη
3395 2466 3563 2538 κάμοὶ
3593 2464 3711 2521 σύν-

2158 2579 2353 2635 τροφος
2381 2561 2575 2632 γνώμη
2611 2576 2672 2615 τε
2708 2563 2803 2615 καὶ
2837 2562 3080 2624 παιδεία,
3101 2559 3221 2632 ὥρα
3249 2578 3330 2615 σοι
3360 2562 3563 2614 ἐννοεῖν
3601 2557 3713 2612 τίνα

2164 2655 2295 2710 ποτὲ
2325 2655 2419 2708 καὶ
2466 2655 2598 2726 ὅσην
2628 2654 2726 2724 τὴν
2760 2653 2859 2724 σὴν
2893 2655 2952 2706 ἐν
2997 2656 3112 2716 τοῖς
3159 2654 3262 2723 τῆς
3309 2653 3448 2722 ἐμῆς
3501 2649 3715 2721 καρδίας

2165 2745 2603 2816 τεθησαύρισμαι
2637 2742 2701 2815 [f.
2735 2744 2837 2799 160
2860 2744 2936 2816 υ.]
2978 2744 3200 2805 κόλποις
3229 2743 3437 2812 φιλίαν.
3462 2743 3522 2795 El
3551 2742 3604 2794 δὲ
3632 2741 3718 2794 καὶ

2171 2835 2245 2908 μὴ
2285 2836 2346 2889 οὐ
2389 2835 2531 2890 κατά
2563 2835 2654 2889 τὸν
2704 2836 2796 2890 σὺν
2826 2834 3088 2906 ἀπαντῴη
3126 2835 3330 2888 σκοπὸν
3380 2837 3410 2888 ὁ
3459 2833 3633 2902 λόγος,
3665 2829 3720 2884 σέ

2165 2929 2210 2982 δ’
2255 2929 2588 3000 ἀνεμέσητον
2646 2931 2770 3000 ἐμοὶ
2812 2929 2910 3002 τὴν
2961 2929 3218 3000 πρόθεσιν
3263 2930 3362 2998 τῆς
3405 2927 3586 3000 ψυχῆς
3634 2941 3721 2978 σου

2168 3022 2458 3092 φυλάττειν
2519 3022 2718 3093 χρεών.
2760 3022 2832 3075 Τὸ
2885 3022 2984 3093 μέν
3031 3023 3141 3093 γάρ
3191 3023 3294 3074 ὑπὸ
3349 3023 3524 3092 τύχης
3561 3021 3633 3083 ώς
3662 3016 3723 3070 τά

490 3111 660 3166 πολλὰ
693 3115 1074 3179 τυραννεῖσθαι
1107 3114 1419 3182 συμϐαίνει,
1449 3115 1626 3168 ἄλλοτ’
1672 3116 1806 3169 ἀλλα
1851 3115 2202 3186 κεκτημένης
2250 3116 2348 3169 καὶ
2394 3113 2702 3186 ἀσύμφωνα
2749 3115 2820 3168 τὰ
2871 3116 3095 3184 ἐφόδια*
3165 3116 3226 3168 τὸ
3291 3107 3371 3179 δέ,
3445 3113 3580 3167 ἀλλά
3639 3108 3726 3166 καὶ

492 3206 650 3261 ⁴ιοῦτο
703 3206 870 3274 μόνην
919 3206 1015 3276 τὴν
1069 3206 1411 3275 προθεσμίαν
1458 3207 1551 3259 καὶ
1588 3207 1811 3279 πρώτην
1843 3209 2060 3278 κίνησιν
2099 3208 2198 3276 τῆς
2231 3207 2411 3278 ψυχῆς
2445 3207 2520 3270 ώς
2550 3208 2643 3260 ἐπὶ
2704 3206 3041 3278 πλάστιγγος
3106 3205 3384 3278 ἀρρεποῦς
3413 3224 3473 3260 τε
3501 3207 3596 3260 καὶ
3623 3205 3730 3259 θεο-

493 3297 744 3369 πρεποῦς
774 3297 1071 3350 ταλαντεύε
1084 3297 1207 3350 σθαι
1240 3298 1400 3362 ἀξιοῖ.

565 3353 871 3461 394ml.
907 3389 982 3442 De
1015 3388 1229 3444 caeteris
1268 3353 1434 3460 igitur
1463 3392 1628 3446 rebus
1681 3353 1819 3462 quas
1853 3401 1903 3446 te
1929 3406 2067 3461 opus

2240 3393 2343 3448 IB'.
2377 3392 2516 3464 Περὶ
2544 3395 2644 3461 μὲν
2671 3387 2766 3449 οῦν
2793 3392 2906 3447 τῶν
2930 3394 3103 3448 ἄλλων
3137 3393 3237 3448 ὅσα
3266 3411 3346 3448 σοι
3377 3391 3549 3466 ἐχρῆν
3577 3391 3731 3449 ἀκοῦ-

496 3493 619 3538 erat
648 3482 838 3536 audire
863 3482 974 3550 jam
1009 3482 1264 3536 audivisti
1303 3498 1389 3537 me
1439 3492 1755 3537 narrantem
1804 3484 1872 3537 ab
1905 3483 2066 3537 initio

499 3573 786 3640 hucusque
806 3581 1070 3640 quantum
1092 3571 1208 3627 ﬁeri
1245 3573 1442 3641 potuit.
1470 3572 1588 3627 Jam
1619 3574 1663 3626 si
1692 3572 1759 3628 de
1791 3573 2072 3628 miraculis

499 3665 556 3719 iu
587 3663 840 3718 Tliabore
872 3675 1055 3717 monte
1091 3664 1274 3719 dicere
1304 3678 1492 3727 coner,
1520 3680 1716 3718 vereor
1750 3681 1818 3719 ne
1856 3666 1906 3718 iu
1936 3665 2072 3719 alio-

501 3772 623 3811 rum
640 3755 974 3826 argumentis
992 3755 1333 3825 proferendis
1349 3755 1527 3811 statim
1548 3767 1671 3810 ante
1692 3767 1874 3826 portas
1895 3755 2071 3824 laquei

507 3849 643 3904 mihi
683 3860 964 3918 ponantur
994 3858 1047 3902 et
1077 3859 1347 3918 quotquot
1389 3860 1518 3904 sunt
1548 3851 1850 3919 impietatis
1884 3850 2078 3917 nequi-

508 3942 618 3997 tiae.
659 3940 784 3996 Scio
816 3941 1036 4009 quidem
1067 3941 1367 3995 secundum
1399 3957 1557 3995 veras
1583 3941 1659 3995 rei
1685 3953 1890 3994 naturte
1915 3942 2079 3994 ratio-

509 4049 608 4088 nes
638 4033 843 4087 nullam
876 4033 930 4085 in
958 4048 1015 4085 re
1039 4033 1304 4088 exsistere
1332 4033 1739 4087 dillicultatetn:
1771 4048 1893 4085 nam
1920 4032 2078 4086 facile

507 4133 594 4178 est
641 4133 956 4179 sanctorum
992 4123 1324 4177 testimoniis
1359 4139 1480 4191 qua:
1517 4124 1802 4176 veritatem
1845 4121 2080 4174 invinci-

511 4217 674 4271 bilem
693 4215 1090 4271 contiuentniti
1126 4223 1181 4267 et
1213 4214 1294 4268 sic
1312 4229 1341 4266 e
1361 4212 1771 4267 difﬁcultatibus
1800 4226 1900 4265 nos
1920 4226 2083 4281 expe-

510 4309 647 4364 dire.
681 4307 786 4362 Sed
805 4317 863 4361 ut
887 4307 1234 4361 insidiatores
1249 4306 1468 4374 quidam
1495 4305 1605 4359 duo
1627 4307 1678 4359 in
1705 4305 1787 4357 via
1808 4304 2084 4372 utrimque

513 4407 785 4470 proruunt
809 4407 1033 4466 repente
1063 4405 1186 4452 ante
1213 4398 1380 4467 pedes
1399 4406 1613 4452 nostros
1631 4409 1686 4451 et
1704 4411 1766 4450 ex
1790 4395 2087 4464 improviso

513 4501 569 4545 ct
587 4507 651 4544 ex
685 4489 917 4544 latebris
939 4489 1303 4542 tenebricosis
1326 4497 1382 4542 et
1404 4489 1668 4542 continuo
1691 4496 1890 4541 vexant
1912 4501 2010 4539 nos
2032 4495 2089 4539 et

515 4599 583 4636 ex
613 4581 799 4650 quiete
823 4581 1013 4633 volunt
1043 4579 1302 4633 excitare.
1329 4577 1535 4632 Volunt
1560 4578 1706 4632 enim
1725 4577 1998 4632 disserere
2021 4575 2089 4629 de

517 4673 613 4727 Dei
674 4670 908 4726 essentia
959 4679 1013 4724 et
1062 4679 1248 4724 natura
1298 4679 1354 4724 et
1400 4670 1743 4738 lincsjustos
1778 4667 2084 4729 transilire,

519 4780 692 4835 quare
721 4779 822 4818 nos
849 4779 878 4817 a
915 4763 1166 4817 l'atribus
1197 4763 1474 4817 silentium
1510 4772 1698 4815 tenere
1732 4769 1785 4813 et
1810 4774 1839 4811 a
1871 4759 2088 4812 theolo-

519 4857 658 4927 gicis
687 4854 1157 4926 disputationibus
1205 4854 1488 4910 abstinere
1533 4853 1823 4925 iubemur;
1885 4858 1940 4904 et
1970 4866 2092 4920 qua:

521 4947 756 5003 indoctis
798 4947 1024 5001 auribus
1080 4947 1310 5000 audiunt
1339 4960 1470 5000 sana
1503 4953 1562 4997 ut
1593 4941 1823 4996 ridicula
1860 4939 2086 5004 habent,

522 5055 702 5107 neque
747 5039 1044 5108 quidquam
1091 5040 1331 5106 ipsorum
1363 5034 1715 5104 Opinionibus
1762 5032 1957 5085 melius
1995 5032 2094 5084 du-

522 5140 656 5186 cunt
687 5140 742 5183 et
771 5146 836 5184 ex
865 5131 1094 5185 arbitrio
1120 5130 1388 5200 judicium
1417 5128 1626 5180 faciunt
1649 5140 1874 5194 prorsus
1904 5124 2094 5176 insana

523 5231 706 5279 mente
731 5233 786 5277 et
815 5223 1018 5294 lingua.
1053 5222 1183 5289 Quae
1223 5222 1402 5274 omnia
1445 5219 1574 5272 mihi
1602 5230 1856 5286 maguum
1889 5215 2102 5269 faciunt

527 5316 832 5385 periculum
856 5354 872 5376 .
922 5330 1035 5372 non
1084 5316 1258 5369 solum
1289 5313 1485 5366 anima:
1523 5325 1654 5363 meae
1681 5309 1836 5378 cujus
1865 5305 2098 5375 pretium

526 5408 667 5462 nihil
727 5417 840 5464 toto
897 5407 1105 5462 mundo
1169 5413 1441 5472 exzequat,
1500 5413 1562 5456 ut
1608 5416 1760 5456 sacra
1815 5397 2102 5468 Scriptura

530 5495 684 5560 dicit,
739 5497 835 5552 sed
873 5497 1036 5551 etiam
1095 5494 1360 5548 doctrinae
1411 5502 1615 5546 nostra:
1669 5499 1726 5544 et
1760 5489 2004 5543 cautioni
2045 5489 2100 5544 in

532 5585 848 5656 huiusmodi
893 5588 1059 5640 rchs
1094 5583 1436 5638 uccessarim.
1473 5580 1736 5636 Neutrum
1767 5579 1908 5633 enim
1942 5577 2103 5647 395

531 5677 668 5732 viris
727 5677 819 5746 qui
881 5677 980 5729 tuti
1026 5686 1081 5728 et
1136 5673 1296 5728 otiosi
1349 5674 1533 5727 vivere
1585 5672 1777 5725 volunt
1827 5669 2106 5723 convenit.

535 5764 719 5829 Quare
744 5782 1108 5838 nequaquam,
1144 5769 1316 5820 amice
1351 5765 1662 5826 Cicodcmc,
1693 5764 1744 5818 in
1781 5761 1965 5816 animo
1996 5761 2109 5814 vol-

2173 3499 2286 3547 σαι,
2312 3482 2750 3552 διεξεληλυθότος
2788 3482 2922 3554 ἐμοῦ
2965 3501 3030 3552 γε
3080 3486 3328 3552 ἀκήκοας
3371 3485 3582 3538 ἀνωθεν
3615 3483 3733 3554 ἄχρι

2173 3572 2267 3624 καὶ
2300 3573 2357 3634 ἐς
2401 3571 2562 3640 δεῦρο
2610 3571 2699 3624 τὸν
2735 3572 2954 3641 ἐφικτόν
2989 3589 3052 3640 γε
3080 3572 3282 3643 τρόπον
3308 3589 3322 3604 ο
3360 3574 3492 3644 περί
3540 3591 3602 3641 γε
3636 3573 3734 3644 μὴν

2172 3665 2280 3718 τῶν
2312 3666 2371 3717 ἐν
2404 3662 2672 3734 Θασωρίῳ
2698 3663 2774 3732 τῷ
2795 3664 2910 3734 ὄρει
2944 3663 3114 3717 πάλαι
3145 3663 3739 3736 θαυματουργηθέντων

2175 3757 2224 3809 εί
2277 3755 2460 3824 λέγειν
2520 3757 2884 3826 ἐπιχειροεην,
2939 3757 3110 3825 πολλή
3171 3756 3262 3824 μοί
3307 3775 3393 3822 τις
3451 3758 3737 3827 ξενοδοχεῖν

2177 3847 2394 3902 ἀπειλεῖ
2449 3847 2762 3917 δυσχέρεια,
2794 3847 2956 3910 εὐθὺς
3009 3848 3114 3918 πρὸ
3164 3848 3349 3902 πυλῶν
3405 3851 3505 3914 τὰς
3552 3849 3740 3917 ἑαυτῆς

2179 3937 2501 4006 ἐφαπλοῦσα
2535 3937 2770 4005 παγίδας
2806 3941 2904 3990 καὶ
2931 3939 3032 3991 ὅσα
3081 3941 3253 4010 δήπου
3294 3939 3363 3992 τὰ
3409 3940 3514 4010 τῆς
3555 3939 3738 4002 κακίας

2181 4026 2394 4096 ένεδρα.
2433 4027 2544 4096 Οὐχ
2577 4025 2658 4078 ὅτι
2688 4024 2830 4078 κατὰ
2869 4027 2997 4088 τοὺς
3045 4026 3240 4098 ὀρθοὺς
3272 4028 3370 4097 τῆς
3428 4029 3637 4098 φύσεως
3665 4027 3742 4079 λό-

2182 4133 2312 4185 γους
2362 4118 2651 4184 προσεῖναι
2684 4118 2751 4185 τῇ
2795 4115 3052 4169 ὑποθέσει
3103 4118 3410 4186 συμπίπτει
3449 4117 3738 4188 δυσχερές·

2185 4208 2278 4260 καὶ
2307 4207 2450 4259 πάνυ
2501 4223 2556 4258 τι
2604 4207 2714 4275 γάρ
2753 4207 2870 4260 ἐστι
2915 4208 3097 4280 ῥᾴδιον
3123 4211 3222 4272 τάς
3267 4208 3374 4263 τῶν
3407 4210 3580 4278 ἁγίων
3623 4209 3743 4279 ἡμῖν

2187 4299 2558 4368 προκομίσασι
2619 4297 2955 4368 μαρτυρίας,
3007 4299 3472 4354 δυσαντίϐλεπτον
3529 4299 3743 4371 ἐχούσας

2186 4387 2441 4458 τάληθὲς,
2471 4387 2819 4458 ἀπαλλάχθαι
2856 4390 3217 4458 πραγμάτων.
3252 4390 3394 4444 Ἀλλ’
3422 4391 3586 4445 οίονεί
3614 4405 3746 4452 τινες

2189 4481 2419 4545 ἑαυτοὺς
2473 4481 2896 4552 προλοχίσαντες
2941 4483 3074 4552 ήμῖν
3125 4483 3288 4547 εὐθὺς
3332 4484 3618 4538 ὁδοστάται
3663 4482 3746 4536 δύο

2192 4575 2336 4637 τινές
2385 4575 2493 4644 πρὸ
2533 4575 2712 4627 ποδῶν
2750 4573 3017 4644 ἐτέρωθέν
3045 4575 3228 4641 ποθεν,
3257 4577 3316 4643 ἐξ
3347 4576 3745 4646 ἀπροσδοκήτου

2194 4667 2337 4728 τινὸς
2367 4669 2461 4718 καὶ
2487 4665 2762 4735 ζοφώδους
2788 4667 3091 4737 χαράδρας,
3123 4668 3382 4739 ἐξαίφνης
3430 4667 3748 4738 ἐπιδραμόν-
3781 4671 3792 4684 ⁵

2196 4774 2285 4820 τες
2335 4759 2398 4811 τό
2447 4775 2505 4811 τε
2564 4759 2829 4829 ἀνήνυτον
2870 4760 3171 4813 ἐπισείουσι
3219 4763 3314 4814 καὶ
3363 4762 3425 4814 τὸ
3470 4761 3748 4832 ἄπραγμον
3796 4747 3808 4766 ⁸

2201 4851 2438 4920 ἰσχυρῶς
2481 4852 2737 4918 ἀφαιρεῖν
2787 4850 3236 4918 ἐπαγγέλλονται.
3271 4852 3343 4905 Τό
3394 4869 3454 4905 τε
3499 4854 3606 4920 γάρ
3635 4850 3751 4918 περὶ

2199 4939 2334 4993 Θεοῦ
2363 4941 2542 5008 λέγειν
2572 4942 2764 5002 οὐσίας
2798 4945 2892 4996 καὶ
2921 4941 3157 5011 φύσεως,
3189 4944 3283 4996 καὶ
3326 4945 3450 5013 ὅρια
3483 4946 3649 4997 κινεῖν
3671 4940 3750 4993 διὰ

2199 5033 2358 5086 τοῦτο
2387 5034 2648 5101 Πατέρων
2679 5035 2836 5103 σιγῆς
2883 5036 2984 5105 μὲν
3023 5033 3242 5105 ἔχεσθαι
3284 5036 3750 5108 προτρεπομένων,

2204 5122 2440 5176 ἐνταῦθα
2494 5121 2778 5190 θεολογίας
2829 5123 2876 5176 δ’
2917 5124 3243 5194 ἀπέχεσθαι,
3291 5127 3386 5178 καὶ
3429 5125 3488 5178 τό
3532 5141 3593 5193 γε
3628 5121 3752 5192 πρὸς

2206 5215 2472 5275 ἱδιώτιδας
2500 5214 2718 5283 ἐξάγειν
2745 5216 2914 5278 ἀκοὰς
2964 5217 3033 5267 τά
3056 5218 3253 5279 τοιάδε,
3285 5215 3496 5283 γέλωτα
3527 5212 3752 5285 ἡγουμέ-

2203 5324 2298 5369 νας
2325 5308 2392 5358 τά
2431 5308 2606 5375 τίμια⁸
2638 5307 2728 5359 καὶ
2782 5307 2948 5375 μηδὲν
2993 5307 3087 5359 τεῦ
3122 5309 3422 5373 κενοδοξεῖν
3467 5308 3753 5376 ὑπέρτερον

2206 5396 2498 5466 τιθεμένας
2553 5395 2688 5467 μηδέ
2741 5396 2834 5449 τοῦ
2871 5397 2941 5450 τά
2979 5399 3042 5450 ἐκ
3091 5398 3302 5460 κοιλίας
3350 5398 3542 5468 ἀνέδην
3567 5396 3752 5455 λαλεῖν,

2210 5485 2306 5536 καὶ
2357 5485 2640 5554 κριτήριον
2686 5482 2920 5546 αὔθαδες
2963 5486 3236 5538 ποιεῖσθαι
3281 5484 3342 5536 τὸ
3392 5487 3489 5553 τῆς
3523 5477 3754 5552 ἀμαθοῦς

2210 5576 2449 5636 διανοίας
2479 5576 2572 5628 καὶ
2601 5575 2846 5644 γλώττης
2886 5576 3026 5628 πάνυ
3059 5592 3111 5628 τι
3138 5575 3484 5643 ἀταμίευτον,
3517 5571 3680 5626 ταῦτα
3715 5567 3756 5621 δ’

2214 5667 2404 5735 ἔμοιγε
2452 5665 2620 5718 πολὺν
2671 5666 3015 5734 ὑπισχνεῖται
3065 5663 3155 5717 τον
3189 5663 3454 5730 κίνδυνον,
3489 5662 3561 5732 μὴ
3591 5660 3667 5711 ὅτι
3697 5670 3756 5721 γε

2214 5759 2309 5828 τῆς
2343 5757 2541 5828 ψυχῆς,
2573 5752 2638 5827 ἧς
2684 5757 2851 5827 μηδὲν
2900 5756 2991 5810 τὸν
3035 5756 3212 5810 πάντα
3267 5755 3470 5824 κόσμον
3521 5748 3757 5813 ἀντάξιον
