  <div class='ocr_page' id='page_1' title='image "/cluster/home/n/w/nwhite01/storage/ocr_20150623/149/mdp.39015078384750/182.png"; bbox 0 0 4046 6290; ppageno 0'>
   <div class='ocr_carea' id='block_1_1' title="bbox 396 314 497 371">
    <p class='ocr_par' dir='ltr' id='par_1_1' title="bbox 396 314 497 371">
     <span class='ocr_line' id='line_1_1' title="bbox 396 314 497 371; baseline 0.069 -7"><span class='ocrx_word' id='word_1_1' title='bbox 396 314 497 371; x_wconf 59' lang='lat' dir='ltr'><strong>.‘lfil</strong></span> 
     </span>
    </p>
   </div>
   <div class='ocr_carea' id='block_1_2' title="bbox 1339 326 2672 412">
    <p class='ocr_par' dir='ltr' id='par_1_2' title="bbox 1339 326 2672 412">
     <span class='ocr_line' id='line_1_2' title="bbox 1339 326 2672 412; baseline 0.022 -28"><span class='ocrx_word' id='word_1_2' title='bbox 1339 326 1778 391; x_wconf 65' lang='lat' dir='ltr'><strong>BYZANI‘INAE</strong></span> <span class='ocrx_word' id='word_1_3' title='bbox 1816 334 2198 400; x_wconf 71' lang='lat' dir='ltr'><strong>HlSTORI/E</strong></span> <span class='ocrx_word' id='word_1_4' title='bbox 2238 342 2386 407; x_wconf 88' lang='lat' dir='ltr'><strong>LIB.</strong></span> <span class='ocrx_word' id='word_1_5' title='bbox 2428 346 2672 412; x_wconf 76' lang='lat' dir='ltr'><strong>XXXII-</strong></span> 
     </span>
    </p>
   </div>
   <div class='ocr_carea' id='block_1_3' title="bbox 3531 363 3633 425">
    <p class='ocr_par' dir='ltr' id='par_1_3' title="bbox 3531 363 3633 425">
     <span class='ocr_line' id='line_1_3' title="bbox 3531 363 3633 425; baseline 0.02 -2"><span class='ocrx_word' id='word_1_6' title='bbox 3531 363 3633 425; x_wconf 80' lang='lat'><strong>350</strong></span> 
     </span>
    </p>
   </div>
   <div class='ocr_carea' id='block_1_4' title="bbox 395 422 1960 539">
    <p class='ocr_par' dir='ltr' id='par_1_4' title="bbox 395 422 1960 539">
     <span class='ocr_line' id='line_1_4' title="bbox 395 422 1960 539; baseline 0.015 -61"><span class='ocrx_word' id='word_1_7' title='bbox 395 422 534 539; x_wconf 61' lang='grc' dir='ltr'>εἶναι</span> <span class='ocrx_word' id='word_1_8' title='bbox 588 427 658 481; x_wconf 82' lang='grc' dir='ltr'>τὰ</span> <span class='ocrx_word' id='word_1_9' title='bbox 705 427 824 485; x_wconf 82' lang='grc' dir='ltr'><strong>θετά</strong></span> <span class='ocrx_word' id='word_1_10' title='bbox 852 449 983 503; x_wconf 68' lang='grc' dir='ltr'>φησι</span> <span class='ocrx_word' id='word_1_11' title='bbox 1032 439 1495 509; x_wconf 76' lang='grc' dir='ltr'><strong>παραγγέλματα,</strong></span> <span class='ocrx_word' id='word_1_12' title='bbox 1542 444 1678 498; x_wconf 78' lang='grc' dir='ltr'>ἀλλὰ</span> <span class='ocrx_word' id='word_1_13' title='bbox 1722 448 1820 501; x_wconf 79' lang='grc' dir='ltr'>καὶ</span> <span class='ocrx_word' id='word_1_14' title='bbox 1868 449 1960 513; x_wconf 75' lang='grc' dir='ltr'>τῆς</span> 
     </span>
    </p>
   </div>
   <div class='ocr_carea' id='block_1_5' title="bbox 2060 422 3632 539">
    <p class='ocr_par' dir='ltr' id='par_1_5' title="bbox 2072 452 3632 539">
     <span class='ocr_line' id='line_1_5' title="bbox 2072 452 3632 539; baseline 0.015 -32"><span class='ocrx_word' id='word_1_15' title='bbox 2072 452 2246 511; x_wconf 89' lang='lat' dir='ltr'><strong>vitare</strong></span> <span class='ocrx_word' id='word_1_16' title='bbox 2277 458 2444 516; x_wconf 85' lang='lat' dir='ltr'><strong>debes</strong></span> <span class='ocrx_word' id='word_1_17' title='bbox 2476 464 2757 532; x_wconf 89' lang='lat' dir='ltr'><strong>quomodo</strong></span> <span class='ocrx_word' id='word_1_18' title='bbox 2785 481 2887 523; x_wconf 90' lang='lat' dir='ltr'><strong>nec</strong></span> <span class='ocrx_word' id='word_1_19' title='bbox 2918 469 3286 539; x_wconf 82' lang='lat' dir='ltr'><strong>reprehendas</strong></span> <span class='ocrx_word' id='word_1_20' title='bbox 3314 474 3358 528; x_wconf 87' lang='lat' dir='ltr'><strong>sl</strong></span> <span class='ocrx_word' id='word_1_21' title='bbox 3393 490 3493 529; x_wconf 84' lang='lat' dir='ltr'><strong>nos</strong></span> <span class='ocrx_word' id='word_1_22' title='bbox 3525 493 3632 530; x_wconf 88' lang='lat' dir='ltr'><strong>non</strong></span> 
     </span>
    </p>
   </div>
   <div class='ocr_carea' id='block_1_6' title="bbox 394 518 1957 603">
    <p class='ocr_par' dir='ltr' id='par_1_6' title="bbox 394 518 1957 603">
     <span class='ocr_line' id='line_1_6' title="bbox 394 518 1957 603; baseline 0.016 -35"><span class='ocrx_word' id='word_1_23' title='bbox 394 518 526 586; x_wconf 73' lang='grc' dir='ltr'>ἡμῖν</span> <span class='ocrx_word' id='word_1_24' title='bbox 587 522 887 592; x_wconf 77' lang='grc' dir='ltr'><strong>συντρόφου</strong></span> <span class='ocrx_word' id='word_1_25' title='bbox 944 528 1195 593; x_wconf 78' lang='grc' dir='ltr'>παιδείας</span> <span class='ocrx_word' id='word_1_26' title='bbox 1250 533 1343 585; x_wconf 82' lang='grc' dir='ltr'>καὶ</span> <span class='ocrx_word' id='word_1_27' title='bbox 1392 535 1679 600; x_wconf 74' lang='grc' dir='ltr'>εὐλαϐείας</span> <span class='ocrx_word' id='word_1_28' title='bbox 1729 540 1788 591; x_wconf 83' lang='grc' dir='ltr'>ὲν</span> <span class='ocrx_word' id='word_1_29' title='bbox 1845 542 1957 603; x_wconf 84' lang='grc' dir='ltr'>τοῖς</span> 
     </span>
    </p>
   </div>
   <div class='ocr_carea' id='block_1_7' title="bbox 393 609 1959 699">
    <p class='ocr_par' dir='ltr' id='par_1_7' title="bbox 393 609 1959 699">
     <span class='ocr_line' id='line_1_7' title="bbox 393 609 1959 699; baseline 0.016 -40"><span class='ocrx_word' id='word_1_30' title='bbox 393 609 655 673; x_wconf 75' lang='grc' dir='ltr'><strong>τοιούτοις</strong></span> <span class='ocrx_word' id='word_1_31' title='bbox 676 627 692 643; x_wconf 81' lang='grc' dir='ltr'><strong>ο</strong></span> <span class='ocrx_word' id='word_1_32' title='bbox 719 614 855 683; x_wconf 85' lang='grc' dir='ltr'>μηδὲ</span> <span class='ocrx_word' id='word_1_33' title='bbox 888 617 995 687; x_wconf 79' lang='grc' dir='ltr'><strong>γὰρ</strong></span> <span class='ocrx_word' id='word_1_34' title='bbox 1024 615 1164 673; x_wconf 73' lang='grc' dir='ltr'>εἷναι</span> <span class='ocrx_word' id='word_1_35' title='bbox 1204 624 1502 694; x_wconf 85' lang='grc' dir='ltr'>μηδέτερον</span> <span class='ocrx_word' id='word_1_36' title='bbox 1542 629 1750 698; x_wconf 84' lang='grc' dir='ltr'>ἀνδρῶν</span> <span class='ocrx_word' id='word_1_37' title='bbox 1782 632 1959 699; x_wconf 80' lang='grc' dir='ltr'>ἀσφα-</span> 
     </span>
    </p>
   </div>
   <div class='ocr_carea' id='block_1_8' title="bbox 392 699 1960 788">
    <p class='ocr_par' dir='ltr' id='par_1_8' title="bbox 392 699 1960 788">
     <span class='ocr_line' id='line_1_8' title="bbox 392 699 1960 788; baseline 0.017 -39"><span class='ocrx_word' id='word_1_38' title='bbox 392 699 497 788; x_wconf 66' lang='grc' dir='ltr'>λῷς</span> <span class='ocrx_word' id='word_1_39' title='bbox 528 717 585 752; x_wconf 89' lang='grc' dir='ltr'>τε</span> <span class='ocrx_word' id='word_1_40' title='bbox 620 704 716 755; x_wconf 73' lang='grc' dir='ltr'>καὶ</span> <span class='ocrx_word' id='word_1_41' title='bbox 758 707 1131 777; x_wconf 78' lang='grc' dir='ltr'><strong>ἀπραγμόνως</strong></span> <span class='ocrx_word' id='word_1_42' title='bbox 1182 714 1281 783; x_wconf 80' lang='grc' dir='ltr'>ζῇν</span> <span class='ocrx_word' id='word_1_43' title='bbox 1325 717 1686 788; x_wconf 80' lang='grc' dir='ltr'><strong>αἱρουμένων.</strong></span> <span class='ocrx_word' id='word_1_44' title='bbox 1721 722 1960 775; x_wconf 87' lang='grc' dir='ltr'>Ἥκιστα</span> 
     </span>
    </p>
   </div>
   <div class='ocr_carea' id='block_1_9' title="bbox 393 787 1960 883">
    <p class='ocr_par' dir='ltr' id='par_1_9' title="bbox 393 787 1960 883">
     <span class='ocr_line' id='line_1_9' title="bbox 393 787 1960 883; baseline 0.018 -42"><span class='ocrx_word' id='word_1_45' title='bbox 393 787 483 842; x_wconf 72' lang='grc' dir='ltr'>οὖν</span> <span class='ocrx_word' id='word_1_46' title='bbox 531 810 589 844; x_wconf 91' lang='grc' dir='ltr'>σε</span> <span class='ocrx_word' id='word_1_47' title='bbox 646 797 849 865; x_wconf 83' lang='grc' dir='ltr'>χρεὼν,</span> <span class='ocrx_word' id='word_1_48' title='bbox 897 794 941 853; x_wconf 82' lang='grc' dir='ltr'>ὧ</span> <span class='ocrx_word' id='word_1_49' title='bbox 992 804 1114 870; x_wconf 83' lang='grc' dir='ltr'>φίλε</span> <span class='ocrx_word' id='word_1_50' title='bbox 1172 787 1498 878; x_wconf 61' lang='grc' dir='ltr'>Κλεόδημε,</span> <span class='ocrx_word' id='word_1_51' title='bbox 1530 811 1825 883; x_wconf 85' lang='grc' dir='ltr'>λογισμοὺς</span> <span class='ocrx_word' id='word_1_52' title='bbox 1870 815 1960 868; x_wconf 74' lang='grc' dir='ltr'><strong>ἐπὶ</strong></span> 
     </span>
    </p>
   </div>
   <div class='ocr_carea' id='block_1_10' title="bbox 394 885 1961 974">
    <p class='ocr_par' dir='ltr' id='par_1_10' title="bbox 394 885 1961 974">
     <span class='ocr_line' id='line_1_10' title="bbox 394 885 1961 974; baseline 0.017 -41"><span class='ocrx_word' id='word_1_53' title='bbox 394 885 592 937; x_wconf 81' lang='grc' dir='ltr'>σαυτοῦ</span> <span class='ocrx_word' id='word_1_54' title='bbox 638 893 807 940; x_wconf 79' lang='grc' dir='ltr'>κινεῖν</span> <span class='ocrx_word' id='word_1_55' title='bbox 850 893 981 946; x_wconf 81' lang='grc' dir='ltr'>πολὺ</span> <span class='ocrx_word' id='word_1_56' title='bbox 1013 896 1074 948; x_wconf 89' lang='grc' dir='ltr'>τὸ</span> <span class='ocrx_word' id='word_1_57' title='bbox 1108 900 1464 970; x_wconf 76' lang='grc' dir='ltr'><strong>μεμφόμενον</strong></span> <span class='ocrx_word' id='word_1_58' title='bbox 1498 905 1620 957; x_wconf 85' lang='grc' dir='ltr'>καθ’</span> <span class='ocrx_word' id='word_1_59' title='bbox 1652 906 1807 974; x_wconf 78' lang='grc' dir='ltr'>ἡμῶν</span> <span class='ocrx_word' id='word_1_60' title='bbox 1835 908 1961 959; x_wconf 80' lang='grc' dir='ltr'>ὡδί-</span> 
     </span>
    </p>
   </div>
   <div class='ocr_carea' id='block_1_11' title="bbox 391 980 1960 1068">
    <p class='ocr_par' dir='ltr' id='par_1_11' title="bbox 391 980 1960 1068">
     <span class='ocr_line' id='line_1_11' title="bbox 391 980 1960 1068; baseline 0.02 -45"><span class='ocrx_word' id='word_1_61' title='bbox 391 990 602 1037; x_wconf 83' lang='grc' dir='ltr'>νοντας,</span> <span class='ocrx_word' id='word_1_62' title='bbox 634 980 681 1029; x_wconf 87' lang='grc' dir='ltr'><strong>εί</strong></span> <span class='ocrx_word' id='word_1_63' title='bbox 716 981 788 1049; x_wconf 83' lang='grc' dir='ltr'>μὴ</span> <span class='ocrx_word' id='word_1_64' title='bbox 821 985 959 1036; x_wconf 87' lang='grc' dir='ltr'>κατά</span> <span class='ocrx_word' id='word_1_65' title='bbox 986 988 1112 1048; x_wconf 75' lang='grc' dir='ltr'>τοὺς</span> <span class='ocrx_word' id='word_1_66' title='bbox 1139 992 1202 1043; x_wconf 88' lang='grc' dir='ltr'>ὲκ</span> <span class='ocrx_word' id='word_1_67' title='bbox 1229 995 1510 1063; x_wconf 74' lang='grc' dir='ltr'>φαρέτρας</span> <span class='ocrx_word' id='word_1_68' title='bbox 1550 997 1619 1050; x_wconf 71' lang='grc' dir='ltr'><strong>τὰ</strong></span> <span class='ocrx_word' id='word_1_69' title='bbox 1655 999 1786 1068; x_wconf 81' lang='grc' dir='ltr'>βέλη</span> <span class='ocrx_word' id='word_1_70' title='bbox 1821 1002 1960 1068; x_wconf 84' lang='grc' dir='ltr'>πέμ-</span> 
     </span>
    </p>
   </div>
   <div class='ocr_carea' id='block_1_12' title="bbox 391 1072 1959 1161">
    <p class='ocr_par' dir='ltr' id='par_1_12' title="bbox 391 1072 1959 1161">
     <span class='ocr_line' id='line_1_12' title="bbox 391 1072 1959 1161; baseline 0.02 -46"><span class='ocrx_word' id='word_1_71' title='bbox 391 1082 592 1129; x_wconf 84' lang='grc' dir='ltr'>ποντας</span> <span class='ocrx_word' id='word_1_72' title='bbox 648 1072 738 1122; x_wconf 66' lang='grc' dir='ltr'><strong>καὶ</strong></span> <span class='ocrx_word' id='word_1_73' title='bbox 787 1075 948 1142; x_wconf 78' lang='grc' dir='ltr'>ἡμεῖς</span> <span class='ocrx_word' id='word_1_74' title='bbox 997 1081 1420 1151; x_wconf 82' lang='grc' dir='ltr'><strong>ἀπερισκέπτως</strong></span> <span class='ocrx_word' id='word_1_75' title='bbox 1464 1090 1530 1143; x_wconf 77' lang='grc' dir='ltr'><strong>τὰ</strong></span> <span class='ocrx_word' id='word_1_76' title='bbox 1588 1093 1959 1161; x_wconf 80' lang='grc' dir='ltr'><strong>προστυχόντα</strong></span> 
     </span>
    </p>
   </div>
   <div class='ocr_carea' id='block_1_13' title="bbox 393 1157 1957 1245">
    <p class='ocr_par' dir='ltr' id='par_1_13' title="bbox 393 1157 1957 1245">
     <span class='ocr_line' id='line_1_13' title="bbox 393 1157 1957 1245; baseline 0.018 -38"><span class='ocrx_word' id='word_1_77' title='bbox 393 1157 731 1226; x_wconf 70' lang='grc' dir='ltr'>θαρῤοίημεν</span> <span class='ocrx_word' id='word_1_78' title='bbox 768 1165 1098 1233; x_wconf 77' lang='grc' dir='ltr'>φθέγγεσθαί</span> <span class='ocrx_word' id='word_1_79' title='bbox 1132 1190 1188 1224; x_wconf 88' lang='grc' dir='ltr'><strong>τε</strong></span> <span class='ocrx_word' id='word_1_80' title='bbox 1222 1176 1313 1226; x_wconf 75' lang='grc' dir='ltr'>καὶ</span> <span class='ocrx_word' id='word_1_81' title='bbox 1354 1172 1467 1229; x_wconf 68' lang='grc' dir='ltr'>οἷον</span> <span class='ocrx_word' id='word_1_82' title='bbox 1510 1157 1957 1245; x_wconf 28' lang='grc' dir='ltr'>ἀποδισκευνοντες</span> 
     </span>
    </p>
   </div>
   <div class='ocr_carea' id='block_1_14' title="bbox 388 1245 1958 1339">
    <p class='ocr_par' dir='ltr' id='par_1_14' title="bbox 388 1245 1958 1339">
     <span class='ocr_line' id='line_1_14' title="bbox 388 1245 1958 1339; baseline 0.02 -44"><span class='ocrx_word' id='word_1_83' title='bbox 388 1245 588 1298; x_wconf 77' lang='grc' dir='ltr'>διδόναι</span> <span class='ocrx_word' id='word_1_84' title='bbox 620 1251 685 1302; x_wconf 77' lang='grc' dir='ltr'>τὰ</span> <span class='ocrx_word' id='word_1_85' title='bbox 723 1255 847 1318; x_wconf 63' lang='grc' dir='ltr'>Ἑγια</span> <span class='ocrx_word' id='word_1_86' title='bbox 881 1262 990 1320; x_wconf 83' lang='grc' dir='ltr'>τοῖς</span> <span class='ocrx_word' id='word_1_87' title='bbox 1028 1263 1154 1311; x_wconf 82' lang='grc' dir='ltr'>κυσὶ</span> <span class='ocrx_word' id='word_1_88' title='bbox 1186 1265 1279 1315; x_wconf 74' lang='grc' dir='ltr'>καὶ</span> <span class='ocrx_word' id='word_1_89' title='bbox 1318 1268 1444 1330; x_wconf 81' lang='grc' dir='ltr'>τοὺς</span> <span class='ocrx_word' id='word_1_90' title='bbox 1476 1272 1820 1339; x_wconf 80' lang='grc' dir='ltr'>μαργαρίτας</span> <span class='ocrx_word' id='word_1_91' title='bbox 1848 1275 1958 1334; x_wconf 86' lang='grc' dir='ltr'>τοῖς</span> 
     </span>
    </p>
   </div>
   <div class='ocr_carea' id='block_1_15' title="bbox 390 1339 1958 1431">
    <p class='ocr_par' dir='ltr' id='par_1_15' title="bbox 390 1339 1958 1431">
     <span class='ocr_line' id='line_1_15' title="bbox 390 1339 1958 1431; baseline 0.008 -31"><span class='ocrx_word' id='word_1_92' title='bbox 390 1339 613 1431; x_wconf 54' lang='grc' dir='ltr'>χώρας.</span> <span class='ocrx_word' id='word_1_93' title='bbox 671 1344 802 1397; x_wconf 73' lang='grc' dir='ltr'>Τότε</span> <span class='ocrx_word' id='word_1_94' title='bbox 856 1350 962 1417; x_wconf 82' lang='grc' dir='ltr'>γάρ</span> <span class='ocrx_word' id='word_1_95' title='bbox 1013 1369 1115 1404; x_wconf 89' lang='grc' dir='ltr'><strong>που</strong></span> <span class='ocrx_word' id='word_1_96' title='bbox 1172 1358 1271 1424; x_wconf 78' lang='grc' dir='ltr'>τὴν</span> <span class='ocrx_word' id='word_1_97' title='bbox 1327 1358 1486 1428; x_wconf 85' lang='grc' dir='ltr'>σιγὴν</span> <span class='ocrx_word' id='word_1_98' title='bbox 1533 1362 1958 1431; x_wconf 74' lang='grc' dir='ltr'>ἀποσειομένους</span> 
     </span>
    </p>
   </div>
   <div class='ocr_carea' id='block_1_16' title="bbox 387 1426 1952 1519">
    <p class='ocr_par' dir='ltr' id='par_1_16' title="bbox 387 1426 1952 1519">
     <span class='ocr_line' id='line_1_16' title="bbox 387 1426 1952 1519; baseline 0.035 -46"><span class='ocrx_word' id='word_1_99' title='bbox 387 1426 567 1493; x_wconf 81' lang='grc' dir='ltr'>λέγειν</span> <span class='ocrx_word' id='word_1_100' title='bbox 620 1431 749 1494; x_wconf 79' lang='grc' dir='ltr'>ἴσως</span> <span class='ocrx_word' id='word_1_101' title='bbox 804 1434 941 1489; x_wconf 84' lang='grc' dir='ltr'>εἶναι</span> <span class='ocrx_word' id='word_1_102' title='bbox 989 1442 1189 1509; x_wconf 84' lang='grc' dir='ltr'>χρεὼν,</span> <span class='ocrx_word' id='word_1_103' title='bbox 1219 1447 1308 1499; x_wconf 86' lang='grc' dir='ltr'>ὅτε</span> <span class='ocrx_word' id='word_1_104' title='bbox 1353 1447 1427 1518; x_wconf 81' lang='grc' dir='ltr'>μὴ</span> <span class='ocrx_word' id='word_1_105' title='bbox 1480 1449 1661 1519; x_wconf 70' lang='grc' dir='ltr'>μέλλοι</span> <span class='ocrx_word' id='word_1_106' title='bbox 1708 1467 1794 1509; x_wconf 62' lang='grc' dir='ltr'><strong>τις</strong></span> <span class='ocrx_word' id='word_1_107' title='bbox 1825 1452 1952 1515; x_wconf 64' lang='grc' dir='ltr'><strong>ἀξία</strong></span> 
     </span>
    </p>
   </div>
   <div class='ocr_carea' id='block_1_17' title="bbox 387 1518 1956 1610">
    <p class='ocr_par' dir='ltr' id='par_1_17' title="bbox 387 1518 1956 1610">
     <span class='ocr_line' id='line_1_17' title="bbox 387 1518 1956 1610; baseline 0.019 -42"><span class='ocrx_word' id='word_1_108' title='bbox 387 1518 567 1610; x_wconf 76' lang='grc' dir='ltr'>λέγειν</span> <span class='ocrx_word' id='word_1_109' title='bbox 597 1524 774 1591; x_wconf 77' lang='grc' dir='ltr'>σιγῆς,</span> <span class='ocrx_word' id='word_1_110' title='bbox 801 1528 865 1580; x_wconf 83' lang='grc' dir='ltr'>ἐκ</span> <span class='ocrx_word' id='word_1_111' title='bbox 896 1531 992 1597; x_wconf 78' lang='grc' dir='ltr'><strong>τῆς</strong></span> <span class='ocrx_word' id='word_1_112' title='bbox 1021 1534 1129 1584; x_wconf 87' lang='grc' dir='ltr'>τῶν</span> <span class='ocrx_word' id='word_1_113' title='bbox 1162 1518 1509 1607; x_wconf 68' lang='grc' dir='ltr'>πραγμάτων</span> <span class='ocrx_word' id='word_1_114' title='bbox 1543 1542 1722 1610; x_wconf 80' lang='grc' dir='ltr'>βιαίας</span> <span class='ocrx_word' id='word_1_115' title='bbox 1763 1545 1956 1597; x_wconf 70' lang='grc' dir='ltr'>ἁνθολυ</span> 
     </span>
    </p>
   </div>
   <div class='ocr_carea' id='block_1_18' title="bbox 389 1609 1958 1701">
    <p class='ocr_par' dir='ltr' id='par_1_18' title="bbox 389 1609 1958 1701">
     <span class='ocr_line' id='line_1_18' title="bbox 389 1609 1958 1701; baseline 0.02 -45"><span class='ocrx_word' id='word_1_116' title='bbox 389 1609 493 1701; x_wconf 71' lang='grc' dir='ltr'>κῆς</span> <span class='ocrx_word' id='word_1_117' title='bbox 555 1611 976 1681; x_wconf 70' lang='grc' dir='ltr'>καθελκόμενος.</span> <span class='ocrx_word' id='word_1_118' title='bbox 1024 1620 1154 1673; x_wconf 85' lang='grc' dir='ltr'>’Ότε</span> <span class='ocrx_word' id='word_1_119' title='bbox 1200 1625 1256 1676; x_wconf 86' lang='grc' dir='ltr'>δὲ</span> <span class='ocrx_word' id='word_1_120' title='bbox 1291 1629 1479 1697; x_wconf 81' lang='grc' dir='ltr'>μακρὰ</span> <span class='ocrx_word' id='word_1_121' title='bbox 1527 1609 1623 1683; x_wconf 80' lang='grc' dir='ltr'>τὸν</span> <span class='ocrx_word' id='word_1_122' title='bbox 1657 1631 1812 1701; x_wconf 85' lang='grc' dir='ltr'>λόγον</span> <span class='ocrx_word' id='word_1_123' title='bbox 1862 1636 1958 1688; x_wconf 78' lang='grc' dir='ltr'><strong>καὶ</strong></span> 
     </span>
    </p>
   </div>
   <div class='ocr_carea' id='block_1_19' title="bbox 387 1700 1956 1791">
    <p class='ocr_par' dir='ltr' id='par_1_19' title="bbox 387 1700 1956 1791">
     <span class='ocr_line' id='line_1_19' title="bbox 387 1700 1956 1791; baseline 0.018 -42"><span class='ocrx_word' id='word_1_124' title='bbox 387 1700 712 1771; x_wconf 72' lang='grc' dir='ltr'>ἀτέκμαρτα</span> <span class='ocrx_word' id='word_1_125' title='bbox 750 1709 1099 1775; x_wconf 76' lang='grc' dir='ltr'>περικλύζειν</span> <span class='ocrx_word' id='word_1_126' title='bbox 1157 1717 1558 1784; x_wconf 76' lang='grc' dir='ltr'>ἐπαγγέλλεται</span> <span class='ocrx_word' id='word_1_127' title='bbox 1593 1700 1815 1791; x_wconf 83' lang='grc' dir='ltr'>κύματα</span> <span class='ocrx_word' id='word_1_128' title='bbox 1845 1726 1956 1778; x_wconf 70' lang='grc' dir='ltr'>’καὶ</span> 
     </span>
    </p>
   </div>
   <div class='ocr_carea' id='block_1_20' title="bbox 384 1794 2031 1881">
    <p class='ocr_par' dir='ltr' id='par_1_20' title="bbox 384 1794 2031 1881">
     <span class='ocr_line' id='line_1_20' title="bbox 384 1794 2031 1881; baseline 0.015 -40"><span class='ocrx_word' id='word_1_129' title='bbox 384 1794 645 1865; x_wconf 84' lang='grc' dir='ltr'>πολυειδῆ</span> <span class='ocrx_word' id='word_1_130' title='bbox 702 1796 795 1849; x_wconf 81' lang='grc' dir='ltr'>καὶ</span> <span class='ocrx_word' id='word_1_131' title='bbox 848 1800 1105 1872; x_wconf 71' lang='grc' dir='ltr'>διάφορον</span> <span class='ocrx_word' id='word_1_132' title='bbox 1150 1806 1260 1857; x_wconf 84' lang='grc' dir='ltr'>τῶν</span> <span class='ocrx_word' id='word_1_133' title='bbox 1311 1808 1553 1876; x_wconf 77' lang='grc' dir='ltr'>θορύϐων</span> <span class='ocrx_word' id='word_1_134' title='bbox 1585 1813 1813 1881; x_wconf 72' lang='grc' dir='ltr'>ἐπάγειν</span> <span class='ocrx_word' id='word_1_135' title='bbox 1859 1814 1957 1880; x_wconf 77' lang='grc' dir='ltr'><strong>τὴν</strong></span> <span class='ocrx_word' id='word_1_136' title='bbox 1990 1798 2031 1851; x_wconf 78' lang='grc' dir='ltr'><strong>Β</strong></span> 
     </span>
    </p>
   </div>
   <div class='ocr_carea' id='block_1_21' title="bbox 383 1883 1953 1974">
    <p class='ocr_par' dir='ltr' id='par_1_21' title="bbox 383 1883 1953 1974">
     <span class='ocr_line' id='line_1_21' title="bbox 383 1883 1953 1974; baseline 0.015 -40"><span class='ocrx_word' id='word_1_137' title='bbox 383 1883 589 1955; x_wconf 82' lang='grc' dir='ltr'>ἆλμην,</span> <span class='ocrx_word' id='word_1_138' title='bbox 627 1887 743 1939; x_wconf 85' lang='grc' dir='ltr'>τότε</span> <span class='ocrx_word' id='word_1_139' title='bbox 800 1890 862 1959; x_wconf 77' lang='grc' dir='ltr'>δὴ</span> <span class='ocrx_word' id='word_1_140' title='bbox 923 1894 1103 1963; x_wconf 90' lang='grc' dir='ltr'>πολλῷ</span> <span class='ocrx_word' id='word_1_141' title='bbox 1161 1915 1266 1950; x_wconf 90' lang='grc' dir='ltr'>τινι</span> <span class='ocrx_word' id='word_1_142' title='bbox 1326 1900 1537 1969; x_wconf 83' lang='grc' dir='ltr'>βέλτιον</span> <span class='ocrx_word' id='word_1_143' title='bbox 1596 1904 1871 1973; x_wconf 80' lang='grc' dir='ltr'>ἄφθογγον</span> <span class='ocrx_word' id='word_1_144' title='bbox 1921 1905 1953 1974; x_wconf 83' lang='grc' dir='ltr'><strong>ἥ</strong></span> 
     </span>
    </p>
   </div>
   <div class='ocr_carea' id='block_1_22' title="bbox 381 1975 1957 2061">
    <p class='ocr_par' dir='ltr' id='par_1_22' title="bbox 381 1975 1957 2061">
     <span class='ocr_line' id='line_1_22' title="bbox 381 1975 1957 2061; baseline 0.013 -35"><span class='ocrx_word' id='word_1_145' title='bbox 381 1975 759 2047; x_wconf 73' lang='grc' dir='ltr'>φθεγγόμενον</span> <span class='ocrx_word' id='word_1_146' title='bbox 790 1983 1095 2052; x_wconf 82' lang='grc' dir='ltr'>κεκτῆσθαι</span> <span class='ocrx_word' id='word_1_147' title='bbox 1127 1990 1225 2057; x_wconf 82' lang='grc' dir='ltr'>τὴν</span> <span class='ocrx_word' id='word_1_148' title='bbox 1265 1990 1530 2056; x_wconf 80' lang='grc' dir='ltr'>γλῶτταν.</span> <span class='ocrx_word' id='word_1_149' title='bbox 1568 1995 1640 2045; x_wconf 81' lang='grc' dir='ltr'>Τὸ</span> <span class='ocrx_word' id='word_1_150' title='bbox 1681 1996 1787 2061; x_wconf 88' lang='grc' dir='ltr'>γὰρ</span> <span class='ocrx_word' id='word_1_151' title='bbox 1826 1994 1957 2046; x_wconf 81' lang='grc' dir='ltr'>αὐτὸ</span> 
     </span>
    </p>
   </div>
   <div class='ocr_carea' id='block_1_23' title="bbox 379 2070 1955 2150">
    <p class='ocr_par' dir='ltr' id='par_1_23' title="bbox 379 2070 1955 2150">
     <span class='ocr_line' id='line_1_23' title="bbox 379 2070 1955 2150; baseline 0.01 -30"><span class='ocrx_word' id='word_1_152' title='bbox 379 2070 666 2138; x_wconf 80' lang='grc' dir='ltr'>Θαὸώριον</span> <span class='ocrx_word' id='word_1_153' title='bbox 691 2072 814 2142; x_wconf 74' lang='grc' dir='ltr'>ὄρος</span> <span class='ocrx_word' id='word_1_154' title='bbox 844 2076 1096 2147; x_wconf 84' lang='grc' dir='ltr'>καθάπερ</span> <span class='ocrx_word' id='word_1_155' title='bbox 1129 2080 1521 2150; x_wconf 83' lang='grc' dir='ltr'>Εἰκονομάχοις</span> <span class='ocrx_word' id='word_1_156' title='bbox 1546 2084 1752 2138; x_wconf 84' lang='grc' dir='ltr'>δέδοται</span> <span class='ocrx_word' id='word_1_157' title='bbox 1784 2084 1955 2137; x_wconf 78' lang='grc' dir='ltr'>πάλαι</span> 
     </span>
    </p>
   </div>
   <div class='ocr_carea' id='block_1_24' title="bbox 378 2161 1958 2245">
    <p class='ocr_par' dir='ltr' id='par_1_24' title="bbox 378 2161 1958 2245">
     <span class='ocr_line' id='line_1_24' title="bbox 378 2161 1958 2245; baseline 0.014 -36"><span class='ocrx_word' id='word_1_158' title='bbox 378 2161 481 2228; x_wconf 79' lang='grc' dir='ltr'>τῆς</span> <span class='ocrx_word' id='word_1_159' title='bbox 514 2164 776 2231; x_wconf 76' lang='grc' dir='ltr'>αἱρέσεως</span> <span class='ocrx_word' id='word_1_160' title='bbox 826 2167 1123 2236; x_wconf 78' lang='grc' dir='ltr'>πρόφασις,</span> <span class='ocrx_word' id='word_1_161' title='bbox 1149 2169 1290 2224; x_wconf 74' lang='grc' dir='ltr'>οὕτω</span> <span class='ocrx_word' id='word_1_162' title='bbox 1327 2172 1383 2224; x_wconf 84' lang='grc' dir='ltr'>δὲ</span> <span class='ocrx_word' id='word_1_163' title='bbox 1425 2175 1519 2226; x_wconf 68' lang='grc' dir='ltr'><strong>καὶ</strong></span> <span class='ocrx_word' id='word_1_164' title='bbox 1562 2178 1792 2245; x_wconf 77' lang='grc' dir='ltr'>[Ιαλαμᾷ</span> <span class='ocrx_word' id='word_1_165' title='bbox 1839 2193 1958 2231; x_wconf 88' lang='grc' dir='ltr'>του-</span> 
     </span>
    </p>
   </div>
   <div class='ocr_carea' id='block_1_25' title="bbox 377 2253 1958 2338">
    <p class='ocr_par' dir='ltr' id='par_1_25' title="bbox 377 2253 1958 2338">
     <span class='ocr_line' id='line_1_25' title="bbox 377 2253 1958 2338; baseline 0.012 -35"><span class='ocrx_word' id='word_1_166' title='bbox 377 2253 484 2320; x_wconf 75' lang='grc' dir='ltr'><strong>τῳὶ</strong></span> <span class='ocrx_word' id='word_1_167' title='bbox 529 2260 619 2307; x_wconf 77' lang='grc' dir='ltr'>καὶ</span> <span class='ocrx_word' id='word_1_168' title='bbox 675 2258 846 2327; x_wconf 77' lang='grc' dir='ltr'>ὁπόση</span> <span class='ocrx_word' id='word_1_169' title='bbox 897 2277 980 2323; x_wconf 84' lang='grc' dir='ltr'><strong>τις</strong></span> <span class='ocrx_word' id='word_1_170' title='bbox 1015 2260 1078 2331; x_wconf 67' lang='grc' dir='ltr'><strong>[Γ.</strong></span> <span class='ocrx_word' id='word_1_171' title='bbox 1112 2262 1206 2315; x_wconf 80' lang='grc'><strong>161</strong></span> <span class='ocrx_word' id='word_1_172' title='bbox 1252 2264 1324 2335; x_wconf 89' lang='lat' dir='ltr'><strong>r.]</strong></span> <span class='ocrx_word' id='word_1_173' title='bbox 1372 2266 1454 2335; x_wconf 77' lang='grc' dir='ltr'>εἴη</span> <span class='ocrx_word' id='word_1_174' title='bbox 1494 2267 1759 2337; x_wconf 84' lang='grc' dir='ltr'>σύννομος</span> <span class='ocrx_word' id='word_1_175' title='bbox 1810 2269 1958 2338; x_wconf 82' lang='grc' dir='ltr'>αὐτῷ</span> 
     </span>
    </p>
   </div>
   <div class='ocr_carea' id='block_1_26' title="bbox 374 2345 1957 2427">
    <p class='ocr_par' dir='ltr' id='par_1_26' title="bbox 374 2345 1957 2427">
     <span class='ocr_line' id='line_1_26' title="bbox 374 2345 1957 2427; baseline 0.013 -33"><span class='ocrx_word' id='word_1_176' title='bbox 374 2345 586 2413; x_wconf 71' lang='grc' dir='ltr'>φατρία</span> <span class='ocrx_word' id='word_1_177' title='bbox 632 2351 1071 2419; x_wconf 62' lang='grc' dir='ltr'>κοικθοπραγοῦσα</span> <span class='ocrx_word' id='word_1_178' title='bbox 1115 2353 1184 2405; x_wconf 75' lang='grc' dir='ltr'>τὰ</span> <span class='ocrx_word' id='word_1_179' title='bbox 1234 2355 1469 2426; x_wconf 80' lang='grc' dir='ltr'>δυσσεϐῆ</span> <span class='ocrx_word' id='word_1_180' title='bbox 1522 2358 1616 2411; x_wconf 81' lang='grc' dir='ltr'><strong>καὶ</strong></span> <span class='ocrx_word' id='word_1_181' title='bbox 1665 2361 1957 2427; x_wconf 84' lang='grc' dir='ltr'>παράνομα</span> 
     </span>
    </p>
   </div>
   <div class='ocr_carea' id='block_1_27' title="bbox 374 2439 1953 2520">
    <p class='ocr_par' dir='ltr' id='par_1_27' title="bbox 374 2439 1953 2520">
     <span class='ocr_line' id='line_1_27' title="bbox 374 2439 1953 2520; baseline 0.008 -32"><span class='ocrx_word' id='word_1_182' title='bbox 374 2441 474 2488; x_wconf 73' lang='grc' dir='ltr'>καὶ</span> <span class='ocrx_word' id='word_1_183' title='bbox 501 2439 608 2491; x_wconf 84' lang='grc' dir='ltr'>τῶν</span> <span class='ocrx_word' id='word_1_184' title='bbox 634 2442 793 2510; x_wconf 84' lang='grc' dir='ltr'>ἱερῶν</span> <span class='ocrx_word' id='word_1_185' title='bbox 825 2446 924 2511; x_wconf 83' lang='grc' dir='ltr'><strong>τῆς</strong></span> <span class='ocrx_word' id='word_1_186' title='bbox 959 2444 1285 2516; x_wconf 77' lang='grc' dir='ltr'>Ἐκκλησίας</span> <span class='ocrx_word' id='word_1_187' title='bbox 1309 2450 1674 2520; x_wconf 79' lang='grc' dir='ltr'>ἐξορχουμένη</span> <span class='ocrx_word' id='word_1_188' title='bbox 1708 2452 1953 2520; x_wconf 80' lang='grc' dir='ltr'><strong>Θεσμῶν,</strong></span> 
     </span>
    </p>
   </div>
   <div class='ocr_carea' id='block_1_28' title="bbox 373 2533 1956 2611">
    <p class='ocr_par' dir='ltr' id='par_1_28' title="bbox 373 2533 1956 2611">
     <span class='ocr_line' id='line_1_28' title="bbox 373 2533 1956 2611; baseline 0.008 -28"><span class='ocrx_word' id='word_1_189' title='bbox 373 2533 544 2584; x_wconf 76' lang='grc' dir='ltr'>οἱονεί</span> <span class='ocrx_word' id='word_1_190' title='bbox 580 2550 720 2595; x_wconf 74' lang='grc' dir='ltr'>τινος</span> <span class='ocrx_word' id='word_1_191' title='bbox 754 2536 996 2605; x_wconf 73' lang='grc' dir='ltr'>ἀκράτου</span> <span class='ocrx_word' id='word_1_192' title='bbox 1032 2539 1213 2607; x_wconf 77' lang='grc' dir='ltr'>βαφῆς</span> <span class='ocrx_word' id='word_1_193' title='bbox 1262 2544 1643 2611; x_wconf 77' lang='grc' dir='ltr'>κατασχούσης</span> <span class='ocrx_word' id='word_1_194' title='bbox 1682 2545 1761 2600; x_wconf 73' lang='grc' dir='ltr'><strong>εἰς</strong></span> <span class='ocrx_word' id='word_1_195' title='bbox 1796 2544 1956 2609; x_wconf 65' lang='grc' dir='ltr'>βάθος</span> 
     </span>
    </p>
   </div>
   <div class='ocr_carea' id='block_1_29' title="bbox 375 2626 1958 2706">
    <p class='ocr_par' dir='ltr' id='par_1_29' title="bbox 375 2626 1958 2706">
     <span class='ocr_line' id='line_1_29' title="bbox 375 2626 1958 2706; baseline 0.008 -29"><span class='ocrx_word' id='word_1_196' title='bbox 375 2626 579 2687; x_wconf 67' lang='grc' dir='ltr'>αὐτοὺς</span> <span class='ocrx_word' id='word_1_197' title='bbox 612 2628 710 2694; x_wconf 73' lang='grc' dir='ltr'>τῆς</span> <span class='ocrx_word' id='word_1_198' title='bbox 745 2631 961 2693; x_wconf 77' lang='grc' dir='ltr'>κακίας.</span> <span class='ocrx_word' id='word_1_199' title='bbox 1001 2633 1145 2701; x_wconf 80' lang='grc' dir='ltr'>Πλὴν</span> <span class='ocrx_word' id='word_1_200' title='bbox 1176 2636 1222 2686; x_wconf 84' lang='grc' dir='ltr'><strong>εί</strong></span> <span class='ocrx_word' id='word_1_201' title='bbox 1249 2637 1321 2703; x_wconf 80' lang='grc' dir='ltr'>μή</span> <span class='ocrx_word' id='word_1_202' title='bbox 1362 2653 1443 2697; x_wconf 84' lang='grc' dir='ltr'><strong>τις</strong></span> <span class='ocrx_word' id='word_1_203' title='bbox 1480 2635 1743 2706; x_wconf 83' lang='grc' dir='ltr'>ἀπαντῴη</span> <span class='ocrx_word' id='word_1_204' title='bbox 1784 2637 1958 2703; x_wconf 88' lang='grc' dir='ltr'>λέγων</span> 
     </span>
    </p>
   </div>
   <div class='ocr_carea' id='block_1_30' title="bbox 374 2720 1960 2802">
    <p class='ocr_par' dir='ltr' id='par_1_30' title="bbox 374 2720 1960 2802">
     <span class='ocr_line' id='line_1_30' title="bbox 374 2720 1960 2802; baseline 0.008 -32"><span class='ocrx_word' id='word_1_205' title='bbox 374 2720 600 2782; x_wconf 79' lang='grc' dir='ltr'>πολλοῖς</span> <span class='ocrx_word' id='word_1_206' title='bbox 622 2723 848 2789; x_wconf 68' lang='grc' dir='ltr'>ταυτηνὶ</span> <span class='ocrx_word' id='word_1_207' title='bbox 880 2725 971 2776; x_wconf 63' lang='grc' dir='ltr'>καὶ</span> <span class='ocrx_word' id='word_1_208' title='bbox 1007 2729 1430 2797; x_wconf 78' lang='grc' dir='ltr'>μοχθηροτέροις</span> <span class='ocrx_word' id='word_1_209' title='bbox 1457 2731 1762 2800; x_wconf 74' lang='grc' dir='ltr'>νοσήμασιν</span> <span class='ocrx_word' id='word_1_210' title='bbox 1797 2733 1960 2802; x_wconf 84' lang='grc' dir='ltr'>ὑπερ·</span> 
     </span>
    </p>
   </div>
   <div class='ocr_carea' id='block_1_31' title="bbox 374 2814 1960 2893">
    <p class='ocr_par' dir='ltr' id='par_1_31' title="bbox 374 2814 1960 2893">
     <span class='ocr_line' id='line_1_31' title="bbox 374 2814 1960 2893; baseline 0.004 -25"><span class='ocrx_word' id='word_1_211' title='bbox 374 2814 599 2869; x_wconf 66' lang='grc' dir='ltr'>σάλλειν</span> <span class='ocrx_word' id='word_1_212' title='bbox 633 2817 663 2883; x_wconf 81' lang='grc' dir='ltr'>ἢ</span> <span class='ocrx_word' id='word_1_213' title='bbox 701 2817 821 2868; x_wconf 77' lang='grc' dir='ltr'>κατ’</span> <span class='ocrx_word' id='word_1_214' title='bbox 850 2819 1067 2888; x_wconf 80' lang='grc' dir='ltr'>ἐκείνην</span> <span class='ocrx_word' id='word_1_215' title='bbox 1111 2822 1207 2889; x_wconf 78' lang='grc' dir='ltr'>τὴν</span> <span class='ocrx_word' id='word_1_216' title='bbox 1241 2822 1348 2872; x_wconf 82' lang='grc' dir='ltr'>τῶν</span> <span class='ocrx_word' id='word_1_217' title='bbox 1380 2824 1768 2892; x_wconf 73' lang='grc' dir='ltr'>Εἰκονομάχων</span> <span class='ocrx_word' id='word_1_218' title='bbox 1808 2824 1960 2893; x_wconf 81' lang='grc' dir='ltr'>αἴρε-</span> 
     </span>
    </p>
   </div>
   <div class='ocr_carea' id='block_1_32' title="bbox 374 2908 1959 2985">
    <p class='ocr_par' dir='ltr' id='par_1_32' title="bbox 374 2908 1959 2985">
     <span class='ocr_line' id='line_1_32' title="bbox 374 2908 1959 2985; baseline 0.006 -26"><span class='ocrx_word' id='word_1_219' title='bbox 374 2925 491 2971; x_wconf 84' lang='grc' dir='ltr'>σιν,</span> <span class='ocrx_word' id='word_1_220' title='bbox 528 2908 620 2961; x_wconf 76' lang='grc' dir='ltr'><strong>καὶ</strong></span> <span class='ocrx_word' id='word_1_221' title='bbox 654 2910 895 2975; x_wconf 83' lang='grc' dir='ltr'>πλείονος</span> <span class='ocrx_word' id='word_1_222' title='bbox 944 2912 1031 2964; x_wconf 83' lang='grc' dir='ltr'>διὰ</span> <span class='ocrx_word' id='word_1_223' title='bbox 1059 2913 1231 2965; x_wconf 80' lang='grc' dir='ltr'>ταῦτα</span> <span class='ocrx_word' id='word_1_224' title='bbox 1258 2915 1463 2967; x_wconf 67' lang='grc' dir='ltr'>δεῖσθαι</span> <span class='ocrx_word' id='word_1_225' title='bbox 1508 2917 1608 2985; x_wconf 83' lang='grc' dir='ltr'>τῆς</span> <span class='ocrx_word' id='word_1_226' title='bbox 1662 2917 1959 2982; x_wconf 71' lang='grc' dir='ltr'>ὲξετάσεως</span> 
     </span>
    </p>
   </div>
   <div class='ocr_carea' id='block_1_33' title="bbox 374 3003 1958 3078">
    <p class='ocr_par' dir='ltr' id='par_1_33' title="bbox 374 3003 1958 3078">
     <span class='ocr_line' id='line_1_33' title="bbox 374 3003 1958 3078; baseline 0.004 -26"><span class='ocrx_word' id='word_1_227' title='bbox 374 3003 606 3053; x_wconf 80' lang='grc' dir='ltr'>ἐκείνων</span> <span class='ocrx_word' id='word_1_228' title='bbox 635 3004 793 3054; x_wconf 77' lang='grc' dir='ltr'>ταυτὶ</span> <span class='ocrx_word' id='word_1_229' title='bbox 836 3006 927 3055; x_wconf 76' lang='grc' dir='ltr'>καὶ</span> <span class='ocrx_word' id='word_1_230' title='bbox 960 3008 1318 3075; x_wconf 85' lang='grc' dir='ltr'>μακροτέρων</span> <span class='ocrx_word' id='word_1_231' title='bbox 1360 3007 1541 3078; x_wconf 80' lang='grc' dir='ltr'>πολλῷ</span> <span class='ocrx_word' id='word_1_232' title='bbox 1579 3008 1686 3061; x_wconf 84' lang='grc' dir='ltr'>τῶν</span> <span class='ocrx_word' id='word_1_233' title='bbox 1719 3009 1958 3076; x_wconf 77' lang='grc' dir='ltr'>ἐλέγχων</span> 
     </span>
    </p>
   </div>
   <div class='ocr_carea' id='block_1_34' title="bbox 374 3094 1957 3168">
    <p class='ocr_par' dir='ltr' id='par_1_34' title="bbox 374 3094 1957 3168">
     <span class='ocr_line' id='line_1_34' title="bbox 374 3094 1957 3168; baseline 0.004 -23"><span class='ocrx_word' id='word_1_234' title='bbox 374 3094 407 3163; x_wconf 83' lang='grc' dir='ltr'>ἦ</span> <span class='ocrx_word' id='word_1_235' title='bbox 455 3095 579 3146; x_wconf 75' lang='grc' dir='ltr'>κατ’</span> <span class='ocrx_word' id='word_1_236' title='bbox 634 3096 896 3158; x_wconf 79' lang='grc' dir='ltr'>ἐκείνους.</span> <span class='ocrx_word' id='word_1_237' title='bbox 940 3096 1196 3159; x_wconf 86' lang='grc' dir='ltr'>Ἐκείνοις</span> <span class='ocrx_word' id='word_1_238' title='bbox 1246 3097 1345 3166; x_wconf 72' lang='grc' dir='ltr'>μὲν</span> <span class='ocrx_word' id='word_1_239' title='bbox 1397 3100 1506 3168; x_wconf 71' lang='grc' dir='ltr'><strong>γὰρ</strong></span> <span class='ocrx_word' id='word_1_240' title='bbox 1561 3100 1681 3161; x_wconf 78' lang='grc' dir='ltr'>ἐνὸς</span> <span class='ocrx_word' id='word_1_241' title='bbox 1737 3098 1957 3153; x_wconf 86' lang='grc' dir='ltr'>τουτουῖ</span> 
     </span>
    </p>
   </div>
   <div class='ocr_carea' id='block_1_35' title="bbox 373 3186 1959 3262">
    <p class='ocr_par' dir='ltr' id='par_1_35' title="bbox 373 3186 1959 3262">
     <span class='ocr_line' id='line_1_35' title="bbox 373 3186 1959 3262; baseline 0.001 -21"><span class='ocrx_word' id='word_1_242' title='bbox 373 3187 478 3241; x_wconf 74' lang='grc' dir='ltr'>καὶ</span> <span class='ocrx_word' id='word_1_243' title='bbox 525 3186 834 3257; x_wconf 73' lang='grc' dir='ltr'>μονοειδοῦς</span> <span class='ocrx_word' id='word_1_244' title='bbox 882 3188 1181 3240; x_wconf 71' lang='grc' dir='ltr'>σκανδάλου</span> <span class='ocrx_word' id='word_1_245' title='bbox 1216 3189 1277 3241; x_wconf 89' lang='grc' dir='ltr'>τὸ</span> <span class='ocrx_word' id='word_1_246' title='bbox 1325 3192 1562 3262; x_wconf 81' lang='grc' dir='ltr'>πρᾶγμα</span> <span class='ocrx_word' id='word_1_247' title='bbox 1600 3193 1788 3260; x_wconf 84' lang='grc' dir='ltr'>γέγονε</span> <span class='ocrx_word' id='word_1_248' title='bbox 1825 3190 1959 3260; x_wconf 82' lang='grc' dir='ltr'>πρό-</span> 
     </span>
    </p>
   </div>
   <div class='ocr_carea' id='block_1_36' title="bbox 373 3277 1959 3351">
    <p class='ocr_par' dir='ltr' id='par_1_36' title="bbox 373 3277 1959 3351">
     <span class='ocr_line' id='line_1_36' title="bbox 373 3277 1959 3351; baseline 0 -21"><span class='ocrx_word' id='word_1_249' title='bbox 373 3294 568 3346; x_wconf 82' lang='grc' dir='ltr'>φασις,</span> <span class='ocrx_word' id='word_1_250' title='bbox 604 3277 669 3328; x_wconf 79' lang='grc' dir='ltr'><strong>δι’</strong></span> <span class='ocrx_word' id='word_1_251' title='bbox 703 3277 770 3348; x_wconf 76' lang='grc' dir='ltr'>ἣν</span> <span class='ocrx_word' id='word_1_252' title='bbox 808 3279 990 3339; x_wconf 77' lang='grc' dir='ltr'>κακῶς</span> <span class='ocrx_word' id='word_1_253' title='bbox 1025 3277 1102 3342; x_wconf 83' lang='grc' dir='ltr'>τῷ</span> <span class='ocrx_word' id='word_1_254' title='bbox 1132 3277 1282 3346; x_wconf 88' lang='grc' dir='ltr'>καλῷ</span> <span class='ocrx_word' id='word_1_255' title='bbox 1316 3281 1827 3351; x_wconf 84' lang='grc' dir='ltr'>προσκεκρουκότες</span> <span class='ocrx_word' id='word_1_256' title='bbox 1862 3283 1959 3347; x_wconf 78' lang='grc' dir='ltr'>τῆς</span> 
     </span>
    </p>
   </div>
   <div class='ocr_carea' id='block_1_37' title="bbox 372 3370 1959 3441">
    <p class='ocr_par' dir='ltr' id='par_1_37' title="bbox 372 3370 1959 3441">
     <span class='ocr_line' id='line_1_37' title="bbox 372 3370 1959 3441; baseline -0.003 -16"><span class='ocrx_word' id='word_1_257' title='bbox 372 3372 643 3441; x_wconf 76' lang='grc' dir='ltr'>ἀληθείας</span> <span class='ocrx_word' id='word_1_258' title='bbox 689 3372 907 3432; x_wconf 78' lang='grc' dir='ltr'>ἑκόντες</span> <span class='ocrx_word' id='word_1_259' title='bbox 978 3370 1327 3435; x_wconf 20' lang='grc' dir='ltr'>ἐξώσθιλσαν,</span> <span class='ocrx_word' id='word_1_260' title='bbox 1379 3374 1515 3440; x_wconf 69' lang='grc' dir='ltr'>πρὸς</span> <span class='ocrx_word' id='word_1_261' title='bbox 1573 3372 1959 3440; x_wconf 80' lang='grc' dir='ltr'>είκονομαχίαν</span> 
     </span>
    </p>
   </div>
   <div class='ocr_carea' id='block_1_38' title="bbox 374 3463 1096 3536">
    <p class='ocr_par' dir='ltr' id='par_1_38' title="bbox 374 3463 1096 3536">
     <span class='ocr_line' id='line_1_38' title="bbox 374 3463 1096 3536; baseline -0.003 -21"><span class='ocrx_word' id='word_1_262' title='bbox 374 3465 583 3536; x_wconf 69' lang='grc' dir='ltr'>ῥᾳδίως</span> <span class='ocrx_word' id='word_1_263' title='bbox 638 3463 1059 3526; x_wconf 77' lang='grc' dir='ltr'>ἐκκυλισθέντες</span> <span class='ocrx_word' id='word_1_264' title='bbox 1083 3479 1096 3491; x_wconf 91' lang='grc'>·</span> 
     </span>
    </p>
   </div>
   <div class='ocr_carea' id='block_1_39' title="bbox 372 3554 1956 3625">
    <p class='ocr_par' dir='ltr' id='par_1_39' title="bbox 372 3554 1956 3625">
     <span class='ocr_line' id='line_1_39' title="bbox 372 3554 1956 3625; baseline -0.002 -16"><span class='ocrx_word' id='word_1_265' title='bbox 372 3556 473 3611; x_wconf 82' lang='grc' dir='ltr'>τοῦ</span> <span class='ocrx_word' id='word_1_266' title='bbox 507 3554 713 3616; x_wconf 79' lang='grc' dir='ltr'>πάθους</span> <span class='ocrx_word' id='word_1_267' title='bbox 746 3554 956 3606; x_wconf 76' lang='grc' dir='ltr'>ἐκείνου</span> <span class='ocrx_word' id='word_1_268' title='bbox 995 3555 1254 3624; x_wconf 67' lang='grc' dir='ltr'>μετέσχον</span> <span class='ocrx_word' id='word_1_269' title='bbox 1278 3571 1333 3606; x_wconf 84' lang='grc' dir='ltr'><strong>τε</strong></span> <span class='ocrx_word' id='word_1_270' title='bbox 1364 3554 1479 3621; x_wconf 80' lang='grc' dir='ltr'>ἅμα.</span> <span class='ocrx_word' id='word_1_271' title='bbox 1508 3556 1603 3607; x_wconf 65' lang='grc' dir='ltr'><strong>καλ⁵</strong></span> <span class='ocrx_word' id='word_1_272' title='bbox 1633 3555 1956 3625; x_wconf 82' lang='grc' dir='ltr'>ὑπερέσχον,</span> 
     </span>
    </p>
   </div>
   <div class='ocr_carea' id='block_1_40' title="bbox 371 3646 1958 3717">
    <p class='ocr_par' dir='ltr' id='par_1_40' title="bbox 371 3646 1958 3717">
     <span class='ocr_line' id='line_1_40' title="bbox 371 3646 1958 3717; baseline -0.002 -17"><span class='ocrx_word' id='word_1_273' title='bbox 371 3648 455 3711; x_wconf 77' lang='grc' dir='ltr'>ὡς</span> <span class='ocrx_word' id='word_1_274' title='bbox 478 3649 715 3716; x_wconf 70' lang='grc' dir='ltr'>ενρηται,</span> <span class='ocrx_word' id='word_1_275' title='bbox 748 3646 882 3699; x_wconf 69' lang='grc' dir='ltr'>ἀλλὰ</span> <span class='ocrx_word' id='word_1_276' title='bbox 914 3648 1000 3699; x_wconf 67' lang='grc' dir='ltr'>καὶ</span> <span class='ocrx_word' id='word_1_277' title='bbox 1040 3646 1239 3697; x_wconf 70' lang='grc' dir='ltr'>κακίαν</span> <span class='ocrx_word' id='word_1_278' title='bbox 1270 3646 1437 3715; x_wconf 78' lang='grc' dir='ltr'>ἄλλην</span> <span class='ocrx_word' id='word_1_279' title='bbox 1468 3648 1558 3699; x_wconf 74' lang='grc' dir='ltr'><strong>ἐπὶ</strong></span> <span class='ocrx_word' id='word_1_280' title='bbox 1589 3646 1758 3717; x_wconf 67' lang='grc' dir='ltr'>κακίᾳ.</span> <span class='ocrx_word' id='word_1_281' title='bbox 1790 3662 1958 3716; x_wconf 81' lang='grc' dir='ltr'>προσ-</span> 
     </span>
    </p>
   </div>
   <div class='ocr_carea' id='block_1_41' title="bbox 374 3739 1957 3808">
    <p class='ocr_par' dir='ltr' id='par_1_41' title="bbox 374 3739 1957 3808">
     <span class='ocr_line' id='line_1_41' title="bbox 374 3739 1957 3808; baseline -0.001 -14"><span class='ocrx_word' id='word_1_282' title='bbox 374 3741 879 3808; x_wconf 75' lang='grc' dir='ltr'>επεδαψιλεύσαντο</span> <span class='ocrx_word' id='word_1_283' title='bbox 946 3739 1200 3808; x_wconf 81' lang='grc' dir='ltr'>πολυειδῆ</span> <span class='ocrx_word' id='word_1_284' title='bbox 1252 3741 1348 3790; x_wconf 73' lang='grc' dir='ltr'>καὶ</span> <span class='ocrx_word' id='word_1_285' title='bbox 1400 3739 1771 3808; x_wconf 67' lang='grc' dir='ltr'>πολύμορφον.</span> <span class='ocrx_word' id='word_1_286' title='bbox 1824 3740 1957 3792; x_wconf 83' lang='grc' dir='ltr'>Τίνα</span> 
     </span>
    </p>
   </div>
   <div class='ocr_carea' id='block_1_42' title="bbox 369 3830 1957 3902">
    <p class='ocr_par' dir='ltr' id='par_1_42' title="bbox 369 3830 1957 3902">
     <span class='ocr_line' id='line_1_42' title="bbox 369 3830 1957 3902; baseline -0.002 -15"><span class='ocrx_word' id='word_1_287' title='bbox 369 3834 438 3902; x_wconf 80' lang='grc' dir='ltr'>δὴ</span> <span class='ocrx_word' id='word_1_288' title='bbox 496 3833 737 3898; x_wconf 80' lang='grc' dir='ltr'>ταύτην;</span> <span class='ocrx_word' id='word_1_289' title='bbox 770 3830 878 3900; x_wconf 81' lang='grc' dir='ltr'><strong>Τὴν</strong></span> <span class='ocrx_word' id='word_1_290' title='bbox 924 3831 1030 3882; x_wconf 78' lang='grc' dir='ltr'><strong>τῶν</strong></span> <span class='ocrx_word' id='word_1_291' title='bbox 1078 3830 1325 3900; x_wconf 82' lang='grc' dir='ltr'>Εὑχιτῶν</span> <span class='ocrx_word' id='word_1_292' title='bbox 1375 3831 1578 3899; x_wconf 83' lang='grc' dir='ltr'>δηλαδὴ</span> <span class='ocrx_word' id='word_1_293' title='bbox 1612 3834 1705 3881; x_wconf 74' lang='grc' dir='ltr'>καὶ</span> <span class='ocrx_word' id='word_1_294' title='bbox 1762 3834 1957 3885; x_wconf 85' lang='grc' dir='ltr'>Μασα-</span> 
     </span>
    </p>
   </div>
   <div class='ocr_carea' id='block_1_43' title="bbox 370 3918 1956 3992">
    <p class='ocr_par' dir='ltr' id='par_1_43' title="bbox 370 3918 1956 3992">
     <span class='ocr_line' id='line_1_43' title="bbox 370 3918 1956 3992; baseline 0 -17"><span class='ocrx_word' id='word_1_295' title='bbox 370 3923 605 3988; x_wconf 82' lang='grc' dir='ltr'>λιανῶν,</span> <span class='ocrx_word' id='word_1_296' title='bbox 642 3918 716 3974; x_wconf 82' lang='grc' dir='ltr'>ὧν</span> <span class='ocrx_word' id='word_1_297' title='bbox 766 3922 825 3973; x_wconf 71' lang='grc' dir='ltr'><strong>το</strong></span> <span class='ocrx_word' id='word_1_298' title='bbox 884 3922 979 3990; x_wconf 81' lang='grc' dir='ltr'>τῆς</span> <span class='ocrx_word' id='word_1_299' title='bbox 1021 3922 1251 3990; x_wconf 85' lang='grc' dir='ltr'>γνώμης</span> <span class='ocrx_word' id='word_1_300' title='bbox 1302 3923 1500 3991; x_wconf 63' lang='grc' dir='ltr'>σαθρὸν</span> <span class='ocrx_word' id='word_1_301' title='bbox 1544 3925 1638 3975; x_wconf 77' lang='grc' dir='ltr'>καὶ</span> <span class='ocrx_word' id='word_1_302' title='bbox 1671 3925 1956 3992; x_wconf 77' lang='grc' dir='ltr'>ἀμφισϐη-</span> 
     </span>
    </p>
   </div>
   <div class='ocr_carea' id='block_1_44' title="bbox 369 4012 1958 4085">
    <p class='ocr_par' dir='ltr' id='par_1_44' title="bbox 369 4012 1958 4085">
     <span class='ocr_line' id='line_1_44' title="bbox 369 4012 1958 4085; baseline 0.001 -19"><span class='ocrx_word' id='word_1_303' title='bbox 369 4021 610 4085; x_wconf 71' lang='grc' dir='ltr'>τήσιμον</span> <span class='ocrx_word' id='word_1_304' title='bbox 655 4013 748 4064; x_wconf 74' lang='grc' dir='ltr'>καὶ</span> <span class='ocrx_word' id='word_1_305' title='bbox 796 4012 912 4080; x_wconf 79' lang='grc' dir='ltr'>ἅμα</span> <span class='ocrx_word' id='word_1_306' title='bbox 961 4015 1020 4064; x_wconf 87' lang='grc' dir='ltr'>τὸ</span> <span class='ocrx_word' id='word_1_307' title='bbox 1059 4016 1159 4081; x_wconf 81' lang='grc' dir='ltr'>τῆς</span> <span class='ocrx_word' id='word_1_308' title='bbox 1192 4015 1426 4076; x_wconf 82' lang='grc' dir='ltr'>πίστεως</span> <span class='ocrx_word' id='word_1_309' title='bbox 1472 4015 1701 4067; x_wconf 70' lang='grc' dir='ltr'>ἄπιστοι</span> <span class='ocrx_word' id='word_1_310' title='bbox 1742 4018 1790 4067; x_wconf 81' lang='lat' dir='ltr'><strong>oi</strong></span> <span class='ocrx_word' id='word_1_311' title='bbox 1825 4016 1958 4068; x_wconf 80' lang='grc' dir='ltr'>θεῖοι</span> 
     </span>
    </p>
   </div>
   <div class='ocr_carea' id='block_1_45' title="bbox 368 4105 1957 4178">
    <p class='ocr_par' dir='ltr' id='par_1_45' title="bbox 368 4105 1957 4178">
     <span class='ocr_line' id='line_1_45' title="bbox 368 4105 1957 4178; baseline -0.009 -5"><span class='ocrx_word' id='word_1_312' title='bbox 368 4111 481 4178; x_wconf 83' lang='grc' dir='ltr'><strong>τῆς</strong></span> <span class='ocrx_word' id='word_1_313' title='bbox 538 4106 871 4174; x_wconf 72' lang='grc' dir='ltr'>Ἐκκλησῖας</span> <span class='ocrx_word' id='word_1_314' title='bbox 936 4105 1250 4160; x_wconf 81' lang='grc' dir='ltr'>διδάσκαλοι</span> <span class='ocrx_word' id='word_1_315' title='bbox 1313 4109 1482 4161; x_wconf 79' lang='grc' dir='ltr'>πάλαι</span> <span class='ocrx_word' id='word_1_316' title='bbox 1538 4109 1957 4174; x_wconf 82' lang='grc' dir='ltr'>κατεγνωκότες</span> 
     </span>
    </p>
   </div>
   <div class='ocr_carea' id='block_1_46' title="bbox 373 4198 1957 4272">
    <p class='ocr_par' dir='ltr' id='par_1_46' title="bbox 373 4198 1957 4272">
     <span class='ocr_line' id='line_1_46' title="bbox 373 4198 1957 4272; baseline -0.001 -19"><span class='ocrx_word' id='word_1_317' title='bbox 373 4201 532 4272; x_wconf 74' lang='grc' dir='ltr'>ἡμᾶς</span> <span class='ocrx_word' id='word_1_318' title='bbox 579 4198 884 4267; x_wconf 84' lang='grc' dir='ltr'>ἀπέχεσθαι</span> <span class='ocrx_word' id='word_1_319' title='bbox 945 4202 1433 4269; x_wconf 84' lang='grc' dir='ltr'>παρηγγυήσαντο.</span> <span class='ocrx_word' id='word_1_320' title='bbox 1487 4200 1702 4253; x_wconf 80' lang='grc' dir='ltr'>Τούτων</span> <span class='ocrx_word' id='word_1_321' title='bbox 1750 4201 1855 4269; x_wconf 78' lang='grc' dir='ltr'><strong>γὰρ</strong></span> <span class='ocrx_word' id='word_1_322' title='bbox 1906 4204 1957 4254; x_wconf 83' lang='grc' dir='ltr'>οἱ</span> 
     </span>
    </p>
   </div>
   <div class='ocr_carea' id='block_1_47' title="bbox 376 4291 1958 4365">
    <p class='ocr_par' dir='ltr' id='par_1_47' title="bbox 376 4291 1958 4365">
     <span class='ocr_line' id='line_1_47' title="bbox 376 4291 1958 4365; baseline 0 -19"><span class='ocrx_word' id='word_1_323' title='bbox 376 4295 483 4364; x_wconf 83' lang='grc' dir='ltr'>μὲν</span> <span class='ocrx_word' id='word_1_324' title='bbox 533 4292 760 4361; x_wconf 80' lang='grc' dir='ltr'>ἀσέμνῳ</span> <span class='ocrx_word' id='word_1_325' title='bbox 814 4291 1058 4362; x_wconf 84' lang='grc' dir='ltr'>λογισμῷ</span> <span class='ocrx_word' id='word_1_326' title='bbox 1109 4298 1200 4346; x_wconf 76' lang='grc' dir='ltr'>καὶ</span> <span class='ocrx_word' id='word_1_327' title='bbox 1244 4294 1489 4361; x_wconf 77' lang='grc' dir='ltr'>γλώττης</span> <span class='ocrx_word' id='word_1_328' title='bbox 1517 4295 1759 4362; x_wconf 64' lang='grc' dir='ltr'>ἀκρασίᾳ.</span> <span class='ocrx_word' id='word_1_329' title='bbox 1791 4296 1958 4365; x_wconf 82' lang='grc' dir='ltr'>αὐτὴν</span> 
     </span>
    </p>
   </div>
   <div class='ocr_carea' id='block_1_48' title="bbox 1152 3456 1957 3532">
    <p class='ocr_par' dir='ltr' id='par_1_48' title="bbox 1152 3456 1957 3532">
     <span class='ocr_line' id='line_1_48' title="bbox 1152 3456 1957 3532; baseline -0.002 -17"><span class='ocrx_word' id='word_1_330' title='bbox 1152 3456 1298 3515; x_wconf 72' lang='grc' dir='ltr'>οὗτοι</span> <span class='ocrx_word' id='word_1_331' title='bbox 1372 3463 1414 3513; x_wconf 80' lang='grc' dir='ltr'>δ’</span> <span class='ocrx_word' id='word_1_332' title='bbox 1466 3465 1524 3515; x_wconf 74' lang='grc' dir='ltr'>οὐ</span> <span class='ocrx_word' id='word_1_333' title='bbox 1580 3464 1739 3531; x_wconf 87' lang='grc' dir='ltr'>μόνον</span> <span class='ocrx_word' id='word_1_334' title='bbox 1795 3464 1957 3532; x_wconf 84' lang='grc' dir='ltr'>μόνου</span> 
     </span>
    </p>
   </div>
   <div class='ocr_carea' id='block_1_49' title="bbox 372 4384 1956 4462">
    <p class='ocr_par' dir='ltr' id='par_1_49' title="bbox 372 4384 1956 4462">
     <span class='ocr_line' id='line_1_49' title="bbox 372 4384 1956 4462; baseline 0.001 -28"><span class='ocrx_word' id='word_1_335' title='bbox 372 4392 512 4462; x_wconf 69' lang='grc' dir='ltr'>ὁρᾷ-ι</span> <span class='ocrx_word' id='word_1_336' title='bbox 554 4404 687 4456; x_wconf 80' lang='grc' dir='ltr'>φασι</span> <span class='ocrx_word' id='word_1_337' title='bbox 729 4385 824 4437; x_wconf 75' lang='grc' dir='ltr'>τοῦ</span> <span class='ocrx_word' id='word_1_338' title='bbox 867 4384 1001 4437; x_wconf 67' lang='grc' dir='ltr'>Θεοῦ</span> <span class='ocrx_word' id='word_1_339' title='bbox 1054 4386 1154 4454; x_wconf 75' lang='grc' dir='ltr'>τὴν</span> <span class='ocrx_word' id='word_1_340' title='bbox 1200 4388 1411 4447; x_wconf 64' lang='grc' dir='ltr'>οὗσίαν,</span> <span class='ocrx_word' id='word_1_341' title='bbox 1439 4388 1620 4439; x_wconf 66' lang='grc' dir='ltr'>αὐτοῖς</span> <span class='ocrx_word' id='word_1_342' title='bbox 1655 4386 1956 4452; x_wconf 72' lang='grc' dir='ltr'>ὁμιλοῦσαν</span> 
     </span>
    </p>
   </div>
   <div class='ocr_carea' id='block_1_50' title="bbox 2063 548 3626 634">
    <p class='ocr_par' dir='ltr' id='par_1_50' title="bbox 2063 548 3626 634">
     <span class='ocr_line' id='line_1_50' title="bbox 2063 548 3626 634; baseline 0.015 -37"><span class='ocrx_word' id='word_1_343' title='bbox 2063 548 2366 602; x_wconf 88' lang='lat' dir='ltr'><strong>secundum</strong></span> <span class='ocrx_word' id='word_1_344' title='bbox 2400 566 2493 606; x_wconf 87' lang='lat' dir='ltr'><strong>eos</strong></span> <span class='ocrx_word' id='word_1_345' title='bbox 2521 555 2613 622; x_wconf 87' lang='lat' dir='ltr'><strong>qui</strong></span> <span class='ocrx_word' id='word_1_346' title='bbox 2639 570 2669 609; x_wconf 91' lang='lat' dir='ltr'><strong>e</strong></span> <span class='ocrx_word' id='word_1_347' title='bbox 2709 557 2964 624; x_wconf 74' lang='lat' dir='ltr'><strong>pharetra</strong></span> <span class='ocrx_word' id='word_1_348' title='bbox 2998 561 3221 629; x_wconf 82' lang='lat' dir='ltr'><strong>sagittas</strong></span> <span class='ocrx_word' id='word_1_349' title='bbox 3254 563 3523 634; x_wconf 87' lang='lat' dir='ltr'><strong>abjieiunt</strong></span> <span class='ocrx_word' id='word_1_350' title='bbox 3558 576 3626 621; x_wconf 87' lang='lat' dir='ltr'><strong>te-</strong></span> 
     </span>
    </p>
   </div>
   <div class='ocr_carea' id='block_1_51' title="bbox 2063 643 3633 726">
    <p class='ocr_par' dir='ltr' id='par_1_51' title="bbox 2063 643 3633 726">
     <span class='ocr_line' id='line_1_51' title="bbox 2063 643 3633 726; baseline 0.013 -35"><span class='ocrx_word' id='word_1_351' title='bbox 2063 653 2215 693; x_wconf 84' lang='lat' dir='ltr'><strong>mere</strong></span> <span class='ocrx_word' id='word_1_352' title='bbox 2261 657 2381 709; x_wconf 82' lang='lat' dir='ltr'><strong>quae</strong></span> <span class='ocrx_word' id='word_1_353' title='bbox 2414 643 2464 696; x_wconf 91' lang='lat' dir='ltr'><strong>in</strong></span> <span class='ocrx_word' id='word_1_354' title='bbox 2498 659 2753 717; x_wconf 90' lang='lat' dir='ltr'><strong>promptu</strong></span> <span class='ocrx_word' id='word_1_355' title='bbox 2798 660 2926 705; x_wconf 90' lang='lat' dir='ltr'><strong>sunt</strong></span> <span class='ocrx_word' id='word_1_356' title='bbox 2973 652 3253 709; x_wconf 87' lang='lat' dir='ltr'><strong>declarare</strong></span> <span class='ocrx_word' id='word_1_357' title='bbox 3284 667 3339 710; x_wconf 91' lang='lat' dir='ltr'><strong>et</strong></span> <span class='ocrx_word' id='word_1_358' title='bbox 3375 665 3633 726; x_wconf 89' lang='lat' dir='ltr'><strong>tanquam</strong></span> 
     </span>
    </p>
   </div>
   <div class='ocr_carea' id='block_1_52' title="bbox 2058 730 3636 817">
    <p class='ocr_par' dir='ltr' id='par_1_52' title="bbox 2058 730 3636 817">
     <span class='ocr_line' id='line_1_52' title="bbox 2058 730 3636 817; baseline 0.014 -35"><span class='ocrx_word' id='word_1_359' title='bbox 2058 730 2391 798; x_wconf 87' lang='lat' dir='ltr'><strong>jaculatores</strong></span> <span class='ocrx_word' id='word_1_360' title='bbox 2423 738 2651 793; x_wconf 81' lang='lat' dir='ltr'><strong>canibus</strong></span> <span class='ocrx_word' id='word_1_361' title='bbox 2685 750 2871 797; x_wconf 78' lang='lat' dir='ltr'><strong>sancta</strong></span> <span class='ocrx_word' id='word_1_362' title='bbox 2901 744 3175 812; x_wconf 85' lang='lat' dir='ltr'><strong>projicere</strong></span> <span class='ocrx_word' id='word_1_363' title='bbox 3223 754 3278 801; x_wconf 86' lang='lat' dir='ltr'><strong>et</strong></span> <span class='ocrx_word' id='word_1_364' title='bbox 3313 749 3636 817; x_wconf 72' lang='lat' dir='ltr'><strong>margaritas</strong></span> 
     </span>
    </p>
   </div>
   <div class='ocr_carea' id='block_1_53' title="bbox 2062 822 3636 903">
    <p class='ocr_par' dir='ltr' id='par_1_53' title="bbox 2062 822 3636 903">
     <span class='ocr_line' id='line_1_53' title="bbox 2062 822 3636 903; baseline 0.013 -31"><span class='ocrx_word' id='word_1_365' title='bbox 2062 822 2244 888; x_wconf 87' lang='lat' dir='ltr'><strong>porcis</strong></span> <span class='ocrx_word' id='word_1_366' title='bbox 2270 824 2541 879; x_wconf 80' lang='lat' dir='ltr'><strong>volumus.</strong></span> <span class='ocrx_word' id='word_1_367' title='bbox 2600 829 2696 883; x_wconf 91' lang='lat' dir='ltr'><strong>lllo</strong></span> <span class='ocrx_word' id='word_1_368' title='bbox 2721 841 2967 902; x_wconf 83' lang='lat' dir='ltr'><strong>tempore</strong></span> <span class='ocrx_word' id='word_1_369' title='bbox 2996 837 3289 903; x_wconf 81' lang='lat' dir='ltr'><strong>oportebat</strong></span> <span class='ocrx_word' id='word_1_370' title='bbox 3310 853 3441 890; x_wconf 86' lang='lat' dir='ltr'><strong>sane</strong></span> <span class='ocrx_word' id='word_1_371' title='bbox 3472 841 3636 893; x_wconf 71' lang='lat' dir='ltr'><strong>silen~</strong></span> 
     </span>
    </p>
   </div>
   <div class='ocr_carea' id='block_1_54' title="bbox 2065 914 3636 993">
    <p class='ocr_par' dir='ltr' id='par_1_54' title="bbox 2065 914 3636 993">
     <span class='ocr_line' id='line_1_54' title="bbox 2065 914 3636 993; baseline 0.012 -28"><span class='ocrx_word' id='word_1_372' title='bbox 2065 914 2198 967; x_wconf 92' lang='lat' dir='ltr'><strong>tium</strong></span> <span class='ocrx_word' id='word_1_373' title='bbox 2232 930 2333 971; x_wconf 90' lang='lat' dir='ltr'><strong>nos</strong></span> <span class='ocrx_word' id='word_1_374' title='bbox 2372 919 2608 987; x_wconf 84' lang='lat' dir='ltr'><strong>abjicere</strong></span> <span class='ocrx_word' id='word_1_375' title='bbox 2639 931 2692 976; x_wconf 81' lang='lat' dir='ltr'><strong>et</strong></span> <span class='ocrx_word' id='word_1_376' title='bbox 2719 924 3145 992; x_wconf 75' lang='lat' dir='ltr'><strong>disputationem</strong></span> <span class='ocrx_word' id='word_1_377' title='bbox 3184 930 3321 982; x_wconf 83' lang='lat' dir='ltr'><strong>inire</strong></span> <span class='ocrx_word' id='word_1_378' title='bbox 3350 972 3363 993; x_wconf 93' lang='lat'><strong>,</strong></span> <span class='ocrx_word' id='word_1_379' title='bbox 3398 933 3442 983; x_wconf 81' lang='lat' dir='ltr'><strong>si</strong></span> <span class='ocrx_word' id='word_1_380' title='bbox 3476 948 3636 984; x_wconf 85' lang='lat' dir='ltr'><strong>nemo</strong></span> 
     </span>
    </p>
   </div>
   <div class='ocr_carea' id='block_1_55' title="bbox 2062 1009 3635 1091">
    <p class='ocr_par' dir='ltr' id='par_1_55' title="bbox 2062 1009 3635 1091">
     <span class='ocr_line' id='line_1_55' title="bbox 2062 1009 3635 1091; baseline 0.011 -34"><span class='ocrx_word' id='word_1_381' title='bbox 2062 1019 2182 1072; x_wconf 69' lang='lat' dir='ltr'><strong>quae</strong></span> <span class='ocrx_word' id='word_1_382' title='bbox 2222 1009 2405 1064; x_wconf 84' lang='lat' dir='ltr'><strong>verbis</strong></span> <span class='ocrx_word' id='word_1_383' title='bbox 2447 1015 2650 1067; x_wconf 88' lang='lat' dir='ltr'><strong>nostris</strong></span> <span class='ocrx_word' id='word_1_384' title='bbox 2688 1031 2795 1068; x_wconf 86' lang='lat' dir='ltr'><strong>non</strong></span> <span class='ocrx_word' id='word_1_385' title='bbox 2834 1018 2992 1085; x_wconf 81' lang='lat' dir='ltr'><strong>digna</strong></span> <span class='ocrx_word' id='word_1_386' title='bbox 3029 1029 3156 1071; x_wconf 91' lang='lat' dir='ltr'><strong>sunt</strong></span> <span class='ocrx_word' id='word_1_387' title='bbox 3200 1021 3427 1074; x_wconf 72' lang='lat' dir='ltr'><strong>dixisset</strong></span> <span class='ocrx_word' id='word_1_388' title='bbox 3459 1039 3635 1091; x_wconf 85' lang='lat' dir='ltr'><strong>neque</strong></span> 
     </span>
    </p>
   </div>
   <div class='ocr_carea' id='block_1_56' title="bbox 2063 1094 3631 1180">
    <p class='ocr_par' dir='ltr' id='par_1_56' title="bbox 2063 1094 3631 1180">
     <span class='ocr_line' id='line_1_56' title="bbox 2063 1094 3631 1180; baseline 0.01 -33"><span class='ocrx_word' id='word_1_389' title='bbox 2063 1094 2485 1153; x_wconf 79' lang='lat' dir='ltr'><strong>insolentissime</strong></span> <span class='ocrx_word' id='word_1_390' title='bbox 2512 1117 2541 1155; x_wconf 90' lang='lat' dir='ltr'><strong>e</strong></span> <span class='ocrx_word' id='word_1_391' title='bbox 2574 1104 2737 1157; x_wconf 86' lang='lat' dir='ltr'><strong>rebus</strong></span> <span class='ocrx_word' id='word_1_392' title='bbox 2767 1118 3085 1175; x_wconf 78' lang='lat' dir='ltr'><strong>argumenta</strong></span> <span class='ocrx_word' id='word_1_393' title='bbox 3140 1110 3192 1161; x_wconf 90' lang='lat' dir='ltr'><strong>in</strong></span> <span class='ocrx_word' id='word_1_394' title='bbox 3236 1126 3389 1163; x_wconf 84' lang='lat' dir='ltr'><strong>suam</strong></span> <span class='ocrx_word' id='word_1_395' title='bbox 3425 1124 3631 1180; x_wconf 81' lang='lat' dir='ltr'><strong>partem</strong></span> 
     </span>
    </p>
   </div>
   <div class='ocr_carea' id='block_1_57' title="bbox 2063 1192 3633 1261">
    <p class='ocr_par' dir='ltr' id='par_1_57' title="bbox 2063 1192 3633 1261">
     <span class='ocr_line' id='line_1_57' title="bbox 2063 1192 3633 1261; baseline 0.011 -23"><span class='ocrx_word' id='word_1_396' title='bbox 2063 1192 2448 1253; x_wconf 86' lang='lat' dir='ltr'><strong>protraxisset.</strong></span> <span class='ocrx_word' id='word_1_397' title='bbox 2498 1192 2568 1261; x_wconf 77' lang='lat' dir='ltr'><strong>At</strong></span> <span class='ocrx_word' id='word_1_398' title='bbox 2603 1194 2646 1246; x_wconf 92' lang='lat' dir='ltr'><strong>si</strong></span> <span class='ocrx_word' id='word_1_399' title='bbox 2687 1210 2833 1249; x_wconf 50' lang='lat' dir='ltr'><strong>sana)</strong></span> <span class='ocrx_word' id='word_1_400' title='bbox 2866 1199 3112 1253; x_wconf 83' lang='lat' dir='ltr'><strong>rationes</strong></span> <span class='ocrx_word' id='word_1_401' title='bbox 3144 1216 3251 1253; x_wconf 91' lang='lat' dir='ltr'><strong>non</strong></span> <span class='ocrx_word' id='word_1_402' title='bbox 3286 1210 3413 1253; x_wconf 73' lang='lat' dir='ltr'><strong>tnlm</strong></span> <span class='ocrx_word' id='word_1_403' title='bbox 3450 1212 3576 1255; x_wconf 86' lang='lat' dir='ltr'><strong>sunt</strong></span> <span class='ocrx_word' id='word_1_404' title='bbox 3604 1219 3633 1255; x_wconf 88' lang='lat' dir='ltr'><strong>a</strong></span> 
     </span>
    </p>
   </div>
   <div class='ocr_carea' id='block_1_58' title="bbox 2062 1285 3634 1348">
    <p class='ocr_par' dir='ltr' id='par_1_58' title="bbox 2062 1285 3634 1348">
     <span class='ocr_line' id='line_1_58' title="bbox 2062 1285 3634 1348; baseline 0.01 -17"><span class='ocrx_word' id='word_1_405' title='bbox 2062 1293 2256 1348; x_wconf 82' lang='lat' dir='ltr'><strong>magna</strong></span> <span class='ocrx_word' id='word_1_406' title='bbox 2287 1290 2341 1334; x_wconf 88' lang='lat' dir='ltr'><strong>et</strong></span> <span class='ocrx_word' id='word_1_407' title='bbox 2376 1285 2636 1339; x_wconf 86' lang='lat' dir='ltr'><strong>continua</strong></span> <span class='ocrx_word' id='word_1_408' title='bbox 2669 1288 3033 1344; x_wconf 88' lang='lat' dir='ltr'><strong>inundatione</strong></span> <span class='ocrx_word' id='word_1_409' title='bbox 3066 1301 3123 1345; x_wconf 93' lang='lat' dir='ltr'><strong>et</strong></span> <span class='ocrx_word' id='word_1_410' title='bbox 3159 1308 3186 1344; x_wconf 87' lang='lat' dir='ltr'><strong>a</strong></span> <span class='ocrx_word' id='word_1_411' title='bbox 3218 1293 3408 1346; x_wconf 85' lang='lat' dir='ltr'><strong>multis</strong></span> <span class='ocrx_word' id='word_1_412' title='bbox 3444 1294 3634 1347; x_wconf 84' lang='lat' dir='ltr'><strong>variis-</strong></span> 
     </span>
    </p>
   </div>
   <div class='ocr_carea' id='block_1_59' title="bbox 2061 1376 3636 1450">
    <p class='ocr_par' dir='ltr' id='par_1_59' title="bbox 2061 1376 3636 1450">
     <span class='ocr_line' id='line_1_59' title="bbox 2061 1376 3636 1450; baseline 0.01 -26"><span class='ocrx_word' id='word_1_413' title='bbox 2061 1386 2168 1440; x_wconf 88' lang='lat' dir='ltr'><strong>que</strong></span> <span class='ocrx_word' id='word_1_414' title='bbox 2220 1376 2489 1431; x_wconf 89' lang='lat' dir='ltr'><strong>tumultus</strong></span> <span class='ocrx_word' id='word_1_415' title='bbox 2536 1378 2891 1443; x_wconf 87' lang='lat' dir='ltr'><strong>clamoribus,</strong></span> <span class='ocrx_word' id='word_1_416' title='bbox 2942 1384 3115 1435; x_wconf 91' lang='lat' dir='ltr'><strong>multo</strong></span> <span class='ocrx_word' id='word_1_417' title='bbox 3157 1385 3403 1450; x_wconf 79' lang='lat' dir='ltr'><strong>profecto</strong></span> <span class='ocrx_word' id='word_1_418' title='bbox 3439 1387 3636 1440; x_wconf 72' lang='lat' dir='ltr'><strong>melius</strong></span> 
     </span>
    </p>
   </div>
   <div class='ocr_carea' id='block_1_60' title="bbox 2061 1467 3625 1542">
    <p class='ocr_par' dir='ltr' id='par_1_60' title="bbox 2061 1467 3625 1542">
     <span class='ocr_line' id='line_1_60' title="bbox 2061 1467 3625 1542; baseline 0.007 -23"><span class='ocrx_word' id='word_1_419' title='bbox 2061 1474 2145 1521; x_wconf 84' lang='lat' dir='ltr'><strong>est</strong></span> <span class='ocrx_word' id='word_1_420' title='bbox 2178 1467 2457 1521; x_wconf 79' lang='lat' dir='ltr'><strong>silentium</strong></span> <span class='ocrx_word' id='word_1_421' title='bbox 2493 1478 2679 1524; x_wconf 89' lang='lat' dir='ltr'><strong>tenere</strong></span> <span class='ocrx_word' id='word_1_422' title='bbox 2709 1487 2873 1540; x_wconf 89' lang='lat' dir='ltr'><strong>quam</strong></span> <span class='ocrx_word' id='word_1_423' title='bbox 2907 1473 3093 1542; x_wconf 81' lang='lat' dir='ltr'><strong>lingua</strong></span> <span class='ocrx_word' id='word_1_424' title='bbox 3129 1478 3226 1528; x_wconf 85' lang='lat' dir='ltr'><strong>uti.</strong></span> <span class='ocrx_word' id='word_1_425' title='bbox 3297 1477 3441 1529; x_wconf 88' lang='lat' dir='ltr'><strong>Idem</strong></span> <span class='ocrx_word' id='word_1_426' title='bbox 3478 1479 3625 1530; x_wconf 86' lang='lat' dir='ltr'><strong>enim</strong></span> 
     </span>
    </p>
   </div>
   <div class='ocr_carea' id='block_1_61' title="bbox 2062 1564 3632 1629">
    <p class='ocr_par' dir='ltr' id='par_1_61' title="bbox 2062 1564 3632 1629">
     <span class='ocr_line' id='line_1_61' title="bbox 2062 1564 3632 1629; baseline 0.006 -14"><span class='ocrx_word' id='word_1_427' title='bbox 2062 1576 2219 1617; x_wconf 85' lang='lat' dir='ltr'><strong>mons</strong></span> <span class='ocrx_word' id='word_1_428' title='bbox 2271 1564 2606 1629; x_wconf 85' lang='lat' dir='ltr'><strong>Thaborins,</strong></span> <span class='ocrx_word' id='word_1_429' title='bbox 2643 1570 2789 1621; x_wconf 82' lang='lat' dir='ltr'><strong>sicut</strong></span> <span class='ocrx_word' id='word_1_430' title='bbox 2852 1568 3347 1625; x_wconf 88' lang='lat' dir='ltr'><strong>lconomachorum</strong></span> <span class='ocrx_word' id='word_1_431' title='bbox 3408 1572 3632 1625; x_wconf 77' lang='lat' dir='ltr'><strong>bteresis</strong></span> 
     </span>
    </p>
   </div>
   <div class='ocr_carea' id='block_1_62' title="bbox 2060 1655 3635 1730">
    <p class='ocr_par' dir='ltr' id='par_1_62' title="bbox 2060 1655 3635 1730">
     <span class='ocr_line' id='line_1_62' title="bbox 2060 1655 3635 1730; baseline 0.005 -24"><span class='ocrx_word' id='word_1_432' title='bbox 2060 1666 2223 1706; x_wconf 89' lang='lat' dir='ltr'><strong>causa</strong></span> <span class='ocrx_word' id='word_1_433' title='bbox 2252 1664 2392 1717; x_wconf 87' lang='lat' dir='ltr'><strong>erat,</strong></span> <span class='ocrx_word' id='word_1_434' title='bbox 2423 1655 2497 1708; x_wconf 91' lang='lat' dir='ltr'><strong>ita</strong></span> <span class='ocrx_word' id='word_1_435' title='bbox 2531 1656 2698 1710; x_wconf 86' lang='lat' dir='ltr'><strong>etiam</strong></span> <span class='ocrx_word' id='word_1_436' title='bbox 2733 1658 2966 1713; x_wconf 66' lang='lat' dir='ltr'><strong>Palamaa</strong></span> <span class='ocrx_word' id='word_1_437' title='bbox 2997 1660 3162 1730; x_wconf 81' lang='lat' dir='ltr'><strong>hujus</strong></span> <span class='ocrx_word' id='word_1_438' title='bbox 3197 1662 3425 1729; x_wconf 78' lang='lat' dir='ltr'><strong>ejusque</strong></span> <span class='ocrx_word' id='word_1_439' title='bbox 3458 1662 3635 1715; x_wconf 89' lang='lat' dir='ltr'><strong>socio-</strong></span> 
     </span>
    </p>
   </div>
   <div class='ocr_carea' id='block_1_63' title="bbox 2062 1748 3631 1822">
    <p class='ocr_par' dir='ltr' id='par_1_63' title="bbox 2062 1748 3631 1822">
     <span class='ocr_line' id='line_1_63' title="bbox 2062 1748 3631 1822; baseline 0.006 -27"><span class='ocrx_word' id='word_1_440' title='bbox 2062 1758 2182 1796; x_wconf 86' lang='lat' dir='ltr'><strong>rum</strong></span> <span class='ocrx_word' id='word_1_441' title='bbox 2215 1753 2648 1814; x_wconf 66' lang='lat' dir='ltr'><strong>eaeterorumque</strong></span> <span class='ocrx_word' id='word_1_442' title='bbox 2682 1748 2928 1802; x_wconf 90' lang='lat' dir='ltr'><strong>omnium</strong></span> <span class='ocrx_word' id='word_1_443' title='bbox 2962 1752 3053 1819; x_wconf 90' lang='lat' dir='ltr'><strong>qui</strong></span> <span class='ocrx_word' id='word_1_444' title='bbox 3081 1768 3184 1806; x_wconf 89' lang='lat' dir='ltr'><strong>una</strong></span> <span class='ocrx_word' id='word_1_445' title='bbox 3216 1767 3340 1805; x_wconf 84' lang='lat' dir='ltr'><strong>cum</strong></span> <span class='ocrx_word' id='word_1_446' title='bbox 3374 1768 3440 1806; x_wconf 87' lang='lat' dir='ltr'><strong>eo</strong></span> <span class='ocrx_word' id='word_1_447' title='bbox 3468 1752 3631 1822; x_wconf 84' lang='lat' dir='ltr'><strong>impia</strong></span> 
     </span>
    </p>
   </div>
   <div class='ocr_carea' id='block_1_64' title="bbox 2058 1835 3634 1912">
    <p class='ocr_par' dir='ltr' id='par_1_64' title="bbox 2058 1835 3634 1912">
     <span class='ocr_line' id='line_1_64' title="bbox 2058 1835 3634 1912; baseline 0.007 -25"><span class='ocrx_word' id='word_1_448' title='bbox 2058 1843 2114 1887; x_wconf 92' lang='lat' dir='ltr'><strong>et</strong></span> <span class='ocrx_word' id='word_1_449' title='bbox 2152 1835 2353 1906; x_wconf 85' lang='lat' dir='ltr'><strong>injusta</strong></span> <span class='ocrx_word' id='word_1_450' title='bbox 2406 1837 2617 1892; x_wconf 79' lang='lat' dir='ltr'><strong>faciunt</strong></span> <span class='ocrx_word' id='word_1_451' title='bbox 2660 1848 2714 1893; x_wconf 87' lang='lat' dir='ltr'><strong>et</strong></span> <span class='ocrx_word' id='word_1_452' title='bbox 2753 1850 2969 1895; x_wconf 87' lang='lat' dir='ltr'><strong>sanctas</strong></span> <span class='ocrx_word' id='word_1_453' title='bbox 3000 1843 3257 1898; x_wconf 81' lang='lat' dir='ltr'><strong>Ecclesiae</strong></span> <span class='ocrx_word' id='word_1_454' title='bbox 3299 1846 3448 1912; x_wconf 80' lang='lat' dir='ltr'><strong>leges</strong></span> <span class='ocrx_word' id='word_1_455' title='bbox 3482 1854 3634 1898; x_wconf 85' lang='lat' dir='ltr'><strong>tran-</strong></span> 
     </span>
    </p>
   </div>
   <div class='ocr_carea' id='block_1_65' title="bbox 2058 1926 3632 2002">
    <p class='ocr_par' dir='ltr' id='par_1_65' title="bbox 2058 1926 3632 2002">
     <span class='ocr_line' id='line_1_65' title="bbox 2058 1926 3632 2002; baseline 0.007 -23"><span class='ocrx_word' id='word_1_456' title='bbox 2058 1926 2272 1981; x_wconf 89' lang='lat' dir='ltr'><strong>siliunt.</strong></span> <span class='ocrx_word' id='word_1_457' title='bbox 2317 1929 2465 1995; x_wconf 88' lang='lat' dir='ltr'><strong>Quos</strong></span> <span class='ocrx_word' id='word_1_458' title='bbox 2498 1946 2689 1985; x_wconf 89' lang='lat' dir='ltr'><strong>omnes</strong></span> <span class='ocrx_word' id='word_1_459' title='bbox 2719 1932 3021 1987; x_wconf 83' lang='lat' dir='ltr'><strong>vehemens</strong></span> <span class='ocrx_word' id='word_1_460' title='bbox 3053 1936 3300 2002; x_wconf 68' lang='lat' dir='ltr'><strong>quaadam</strong></span> <span class='ocrx_word' id='word_1_461' title='bbox 3334 1938 3542 1990; x_wconf 81' lang='lat' dir='ltr'><strong>insania</strong></span> <span class='ocrx_word' id='word_1_462' title='bbox 3576 1936 3632 1990; x_wconf 89' lang='lat' dir='ltr'><strong>in</strong></span> 
     </span>
    </p>
   </div>
   <div class='ocr_carea' id='block_1_66' title="bbox 2059 2015 3636 2093">
    <p class='ocr_par' dir='ltr' id='par_1_66' title="bbox 2059 2015 3636 2093">
     <span class='ocr_line' id='line_1_66' title="bbox 2059 2015 3636 2093; baseline 0.007 -25"><span class='ocrx_word' id='word_1_463' title='bbox 2059 2015 2359 2085; x_wconf 82' lang='lat' dir='ltr'><strong>impietatis</strong></span> <span class='ocrx_word' id='word_1_464' title='bbox 2384 2021 2718 2087; x_wconf 81' lang='lat' dir='ltr'><strong>profundum</strong></span> <span class='ocrx_word' id='word_1_465' title='bbox 2748 2021 3054 2087; x_wconf 79' lang='lat' dir='ltr'><strong>immersit;</strong></span> <span class='ocrx_word' id='word_1_466' title='bbox 3085 2040 3428 2093; x_wconf 88' lang='lat' dir='ltr'><strong>quorumque</strong></span> <span class='ocrx_word' id='word_1_467' title='bbox 3462 2028 3636 2079; x_wconf 70' lang='lat' dir='ltr'><strong>haere-</strong></span> 
     </span>
    </p>
   </div>
   <div class='ocr_carea' id='block_1_67' title="bbox 2060 2106 3634 2183">
    <p class='ocr_par' dir='ltr' id='par_1_67' title="bbox 2060 2106 3634 2183">
     <span class='ocr_line' id='line_1_67' title="bbox 2060 2106 3634 2183; baseline 0.008 -25"><span class='ocrx_word' id='word_1_468' title='bbox 2060 2106 2143 2159; x_wconf 85' lang='lat' dir='ltr'><strong>sin</strong></span> <span class='ocrx_word' id='word_1_469' title='bbox 2208 2120 2353 2162; x_wconf 90' lang='lat' dir='ltr'><strong>recte</strong></span> <span class='ocrx_word' id='word_1_470' title='bbox 2404 2111 2650 2177; x_wconf 74' lang='lat' dir='ltr'><strong>profecto</strong></span> <span class='ocrx_word' id='word_1_471' title='bbox 2710 2112 2834 2181; x_wconf 85' lang='lat' dir='ltr'><strong>quis</strong></span> <span class='ocrx_word' id='word_1_472' title='bbox 2883 2112 3084 2167; x_wconf 81' lang='lat' dir='ltr'><strong>dixerit</strong></span> <span class='ocrx_word' id='word_1_473' title='bbox 3139 2116 3395 2183; x_wconf 81' lang='lat' dir='ltr'><strong>pestifero</strong></span> <span class='ocrx_word' id='word_1_474' title='bbox 3443 2117 3634 2170; x_wconf 88' lang='lat' dir='ltr'><strong>morbo</strong></span> 
     </span>
    </p>
   </div>
   <div class='ocr_carea' id='block_1_68' title="bbox 2059 2200 3632 2275">
    <p class='ocr_par' dir='ltr' id='par_1_68' title="bbox 2059 2200 3632 2275">
     <span class='ocr_line' id='line_1_68' title="bbox 2059 2200 3632 2275; baseline 0.01 -25"><span class='ocrx_word' id='word_1_475' title='bbox 2059 2200 2232 2265; x_wconf 82' lang='lat' dir='ltr'><strong>magis</strong></span> <span class='ocrx_word' id='word_1_476' title='bbox 2268 2200 2516 2255; x_wconf 84' lang='lat' dir='ltr'><strong>laborare</strong></span> <span class='ocrx_word' id='word_1_477' title='bbox 2534 2217 2693 2271; x_wconf 90' lang='lat' dir='ltr'><strong>quam</strong></span> <span class='ocrx_word' id='word_1_478' title='bbox 2728 2203 3140 2271; x_wconf 86' lang='lat' dir='ltr'><strong>leonomaehos,</strong></span> <span class='ocrx_word' id='word_1_479' title='bbox 3178 2206 3412 2275; x_wconf 83' lang='lat' dir='ltr'><strong>ideoque</strong></span> <span class='ocrx_word' id='word_1_480' title='bbox 3442 2219 3632 2265; x_wconf 88' lang='lat' dir='ltr'><strong>contra</strong></span> 
     </span>
    </p>
   </div>
   <div class='ocr_carea' id='block_1_69' title="bbox 2059 2288 3631 2362">
    <p class='ocr_par' dir='ltr' id='par_1_69' title="bbox 2059 2288 3631 2362">
     <span class='ocr_line' id='line_1_69' title="bbox 2059 2288 3631 2362; baseline 0.007 -20"><span class='ocrx_word' id='word_1_481' title='bbox 2059 2288 2204 2343; x_wconf 84' lang='lat' dir='ltr'><strong>hanc</strong></span> <span class='ocrx_word' id='word_1_482' title='bbox 2236 2290 2427 2359; x_wconf 87' lang='lat' dir='ltr'><strong>majori</strong></span> <span class='ocrx_word' id='word_1_483' title='bbox 2460 2306 2600 2362; x_wconf 87' lang='lat' dir='ltr'><strong>opus</strong></span> <span class='ocrx_word' id='word_1_484' title='bbox 2631 2309 2755 2348; x_wconf 78' lang='lat' dir='ltr'><strong>esse</strong></span> <span class='ocrx_word' id='word_1_485' title='bbox 2796 2296 3052 2350; x_wconf 80' lang='lat' dir='ltr'><strong>examine</strong></span> <span class='ocrx_word' id='word_1_486' title='bbox 3084 2306 3139 2350; x_wconf 89' lang='lat' dir='ltr'><strong>et</strong></span> <span class='ocrx_word' id='word_1_487' title='bbox 3172 2296 3512 2352; x_wconf 82' lang='lat' dir='ltr'><strong>ﬁrmioribus</strong></span> <span class='ocrx_word' id='word_1_488' title='bbox 3543 2315 3631 2353; x_wconf 85' lang='lat' dir='ltr'><strong>ar-</strong></span> 
     </span>
    </p>
   </div>
   <div class='ocr_carea' id='block_1_70' title="bbox 2058 2383 3629 2457">
    <p class='ocr_par' dir='ltr' id='par_1_70' title="bbox 2058 2383 3629 2457">
     <span class='ocr_line' id='line_1_70' title="bbox 2058 2383 3629 2457; baseline 0.007 -24"><span class='ocrx_word' id='word_1_489' title='bbox 2058 2383 2331 2449; x_wconf 78' lang='lat' dir='ltr'><strong>gument-is</strong></span> <span class='ocrx_word' id='word_1_490' title='bbox 2391 2386 2590 2453; x_wconf 87' lang='lat' dir='ltr'><strong>quibus</strong></span> <span class='ocrx_word' id='word_1_491' title='bbox 2645 2386 2961 2451; x_wconf 76' lang='lat' dir='ltr'><strong>refellatur,</strong></span> <span class='ocrx_word' id='word_1_492' title='bbox 3001 2404 3167 2457; x_wconf 88' lang='lat' dir='ltr'><strong>quam</strong></span> <span class='ocrx_word' id='word_1_493' title='bbox 3226 2401 3417 2443; x_wconf 81' lang='lat' dir='ltr'><strong>contra</strong></span> <span class='ocrx_word' id='word_1_494' title='bbox 3485 2391 3629 2454; x_wconf 89' lang='lat' dir='ltr'><strong>illos,</strong></span> 
     </span>
    </p>
   </div>
   <div class='ocr_carea' id='block_1_71' title="bbox 2058 2474 3634 2548">
    <p class='ocr_par' dir='ltr' id='par_1_71' title="bbox 2058 2474 3634 2548">
     <span class='ocr_line' id='line_1_71' title="bbox 2058 2474 3634 2548; baseline 0.006 -24"><span class='ocrx_word' id='word_1_495' title='bbox 2058 2474 2263 2542; x_wconf 81' lang='lat' dir='ltr'><strong>quibus</strong></span> <span class='ocrx_word' id='word_1_496' title='bbox 2294 2491 2398 2527; x_wconf 69' lang='lat' dir='ltr'><strong>una</strong></span> <span class='ocrx_word' id='word_1_497' title='bbox 2430 2476 2521 2528; x_wconf 90' lang='lat' dir='ltr'><strong>illa</strong></span> <span class='ocrx_word' id='word_1_498' title='bbox 2552 2484 2607 2530; x_wconf 89' lang='lat' dir='ltr'><strong>et</strong></span> <span class='ocrx_word' id='word_1_499' title='bbox 2638 2478 2870 2545; x_wconf 79' lang='lat' dir='ltr'><strong>simplex</strong></span> <span class='ocrx_word' id='word_1_500' title='bbox 2907 2494 2995 2533; x_wconf 88' lang='lat' dir='ltr'><strong>res</strong></span> <span class='ocrx_word' id='word_1_501' title='bbox 3025 2494 3191 2532; x_wconf 82' lang='lat' dir='ltr'><strong>causa</strong></span> <span class='ocrx_word' id='word_1_502' title='bbox 3229 2490 3346 2533; x_wconf 81' lang='lat' dir='ltr'><strong>erat</strong></span> <span class='ocrx_word' id='word_1_503' title='bbox 3374 2489 3430 2533; x_wconf 91' lang='lat' dir='ltr'><strong>ut</strong></span> <span class='ocrx_word' id='word_1_504' title='bbox 3466 2480 3634 2548; x_wconf 88' lang='lat' dir='ltr'><strong>impie</strong></span> 
     </span>
    </p>
   </div>
   <div class='ocr_carea' id='block_1_72' title="bbox 2059 2564 3635 2637">
    <p class='ocr_par' dir='ltr' id='par_1_72' title="bbox 2059 2564 3635 2637">
     <span class='ocr_line' id='line_1_72' title="bbox 2059 2564 3635 2637; baseline 0.004 -21"><span class='ocrx_word' id='word_1_505' title='bbox 2059 2564 2222 2632; x_wconf 80' lang='lat'><strong>396</strong></span> <span class='ocrx_word' id='word_1_506' title='bbox 2241 2564 2468 2633; x_wconf 78' lang='lat' dir='ltr'><strong>pulchra</strong></span> <span class='ocrx_word' id='word_1_507' title='bbox 2483 2564 2829 2620; x_wconf 70' lang='lat' dir='ltr'><strong>offenderent</strong></span> <span class='ocrx_word' id='word_1_508' title='bbox 2857 2578 2912 2622; x_wconf 87' lang='lat' dir='ltr'><strong>et</strong></span> <span class='ocrx_word' id='word_1_509' title='bbox 2942 2583 2971 2621; x_wconf 90' lang='lat' dir='ltr'><strong>a</strong></span> <span class='ocrx_word' id='word_1_510' title='bbox 3000 2567 3230 2622; x_wconf 85' lang='lat' dir='ltr'><strong>veritate</strong></span> <span class='ocrx_word' id='word_1_511' title='bbox 3255 2578 3448 2637; x_wconf 84' lang='lat' dir='ltr'><strong>sponte</strong></span> <span class='ocrx_word' id='word_1_512' title='bbox 3483 2584 3635 2623; x_wconf 80' lang='lat' dir='ltr'><strong>recc-</strong></span> 
     </span>
    </p>
   </div>
   <div class='ocr_carea' id='block_1_73' title="bbox 2059 2655 3630 2715">
    <p class='ocr_par' dir='ltr' id='par_1_73' title="bbox 2059 2655 3630 2715">
     <span class='ocr_line' id='line_1_73' title="bbox 2059 2655 3630 2715; baseline 0.004 -8"><span class='ocrx_word' id='word_1_513' title='bbox 2059 2655 2256 2708; x_wconf 86' lang='lat' dir='ltr'><strong>derent</strong></span> <span class='ocrx_word' id='word_1_514' title='bbox 2293 2656 2358 2709; x_wconf 85' lang='lat' dir='ltr'><strong>ad</strong></span> <span class='ocrx_word' id='word_1_515' title='bbox 2412 2657 2709 2712; x_wconf 84' lang='lat' dir='ltr'><strong>simulacra</strong></span> <span class='ocrx_word' id='word_1_516' title='bbox 2768 2661 3050 2714; x_wconf 85' lang='lat' dir='ltr'><strong>evertendi</strong></span> <span class='ocrx_word' id='word_1_517' title='bbox 3107 2661 3349 2713; x_wconf 85' lang='lat' dir='ltr'><strong>studium</strong></span> <span class='ocrx_word' id='word_1_518' title='bbox 3400 2661 3630 2715; x_wconf 84' lang='lat' dir='ltr'><strong>redacti.</strong></span> 
     </span>
    </p>
   </div>
   <div class='ocr_carea' id='block_1_74' title="bbox 2060 2746 3634 2806">
    <p class='ocr_par' dir='ltr' id='par_1_74' title="bbox 2060 2746 3634 2806">
     <span class='ocr_line' id='line_1_74' title="bbox 2060 2746 3634 2806; baseline 0.005 -8"><span class='ocrx_word' id='word_1_519' title='bbox 2060 2746 2123 2799; x_wconf 80' lang='lat' dir='ltr'><strong>Hi</strong></span> <span class='ocrx_word' id='word_1_520' title='bbox 2156 2761 2286 2799; x_wconf 89' lang='lat' dir='ltr'><strong>vero</strong></span> <span class='ocrx_word' id='word_1_521' title='bbox 2311 2762 2418 2800; x_wconf 91' lang='lat' dir='ltr'><strong>non</strong></span> <span class='ocrx_word' id='word_1_522' title='bbox 2452 2748 2629 2802; x_wconf 87' lang='lat' dir='ltr'><strong>solum</strong></span> <span class='ocrx_word' id='word_1_523' title='bbox 2659 2764 2783 2802; x_wconf 90' lang='lat' dir='ltr'><strong>eum</strong></span> <span class='ocrx_word' id='word_1_524' title='bbox 2813 2750 2915 2803; x_wconf 85' lang='lat' dir='ltr'><strong>hac</strong></span> <span class='ocrx_word' id='word_1_525' title='bbox 2945 2766 3004 2804; x_wconf 90' lang='lat' dir='ltr'><strong>re</strong></span> <span class='ocrx_word' id='word_1_526' title='bbox 3038 2751 3354 2806; x_wconf 70' lang='lat' dir='ltr'><strong>societatem</strong></span> <span class='ocrx_word' id='word_1_527' title='bbox 3386 2752 3634 2806; x_wconf 82' lang='lat' dir='ltr'><strong>fecerunt</strong></span> 
     </span>
    </p>
   </div>
   <div class='ocr_carea' id='block_1_75' title="bbox 2059 2840 3631 2911">
    <p class='ocr_par' dir='ltr' id='par_1_75' title="bbox 2059 2840 3631 2911">
     <span class='ocr_line' id='line_1_75' title="bbox 2059 2840 3631 2911; baseline 0.003 -18"><span class='ocrx_word' id='word_1_528' title='bbox 2059 2850 2134 2904; x_wconf 87' lang='lat' dir='ltr'><strong>et,</strong></span> <span class='ocrx_word' id='word_1_529' title='bbox 2170 2848 2229 2892; x_wconf 89' lang='lat' dir='ltr'><strong>ut</strong></span> <span class='ocrx_word' id='word_1_530' title='bbox 2253 2840 2461 2893; x_wconf 85' lang='lat' dir='ltr'><strong>dictum</strong></span> <span class='ocrx_word' id='word_1_531' title='bbox 2488 2850 2593 2904; x_wconf 87' lang='lat' dir='ltr'><strong>est,</strong></span> <span class='ocrx_word' id='word_1_532' title='bbox 2618 2842 2741 2909; x_wconf 79' lang='lat' dir='ltr'><strong>plus</strong></span> <span class='ocrx_word' id='word_1_533' title='bbox 2771 2851 3179 2911; x_wconf 82' lang='lat' dir='ltr'><strong>perpetrurunt,</strong></span> <span class='ocrx_word' id='word_1_534' title='bbox 3211 2843 3301 2895; x_wconf 88' lang='lat' dir='ltr'><strong>sed</strong></span> <span class='ocrx_word' id='word_1_535' title='bbox 3335 2844 3498 2896; x_wconf 81' lang='lat' dir='ltr'><strong>etiam</strong></span> <span class='ocrx_word' id='word_1_536' title='bbox 3525 2845 3631 2897; x_wconf 91' lang='lat' dir='ltr'><strong>alio</strong></span> 
     </span>
    </p>
   </div>
   <div class='ocr_carea' id='block_1_76' title="bbox 2061 2935 3632 3007">
    <p class='ocr_par' dir='ltr' id='par_1_76' title="bbox 2061 2935 3632 3007">
     <span class='ocr_line' id='line_1_76' title="bbox 2061 2935 3632 3007; baseline 0.003 -18"><span class='ocrx_word' id='word_1_537' title='bbox 2061 2938 2228 2989; x_wconf 89' lang='lat' dir='ltr'><strong>modo</strong></span> <span class='ocrx_word' id='word_1_538' title='bbox 2261 2944 2529 3004; x_wconf 83' lang='lat' dir='ltr'><strong>quantum</strong></span> <span class='ocrx_word' id='word_1_539' title='bbox 2560 2935 2675 2989; x_wconf 80' lang='lat' dir='ltr'><strong>ﬁeri</strong></span> <span class='ocrx_word' id='word_1_540' title='bbox 2708 2938 2886 3005; x_wconf 80' lang='lat' dir='ltr'><strong>potuit</strong></span> <span class='ocrx_word' id='word_1_541' title='bbox 2910 2948 3276 2991; x_wconf 82' lang='lat' dir='ltr'><strong>exercuerunt</strong></span> <span class='ocrx_word' id='word_1_542' title='bbox 3300 2938 3632 3007; x_wconf 79' lang='lat' dir='ltr'><strong>impietatem</strong></span> 
     </span>
    </p>
   </div>
   <div class='ocr_carea' id='block_1_77' title="bbox 2061 3028 3635 3094">
    <p class='ocr_par' dir='ltr' id='par_1_77' title="bbox 2061 3028 3635 3094">
     <span class='ocr_line' id='line_1_77' title="bbox 2061 3028 3635 3094; baseline 0.001 -13"><span class='ocrx_word' id='word_1_543' title='bbox 2061 3038 2215 3082; x_wconf 68' lang='lat' dir='ltr'><strong>Suam</strong></span> <span class='ocrx_word' id='word_1_544' title='bbox 2248 3028 2669 3081; x_wconf 75' lang='lat' dir='ltr'><strong>multiformem.</strong></span> <span class='ocrx_word' id='word_1_545' title='bbox 2711 3029 2851 3094; x_wconf 85' lang='lat' dir='ltr'><strong>Quid</strong></span> <span class='ocrx_word' id='word_1_546' title='bbox 2897 3040 3079 3082; x_wconf 82' lang='lat' dir='ltr'><strong>autem</strong></span> <span class='ocrx_word' id='word_1_547' title='bbox 3117 3029 3375 3083; x_wconf 79' lang='lat' dir='ltr'><strong>Eueliitas</strong></span> <span class='ocrx_word' id='word_1_548' title='bbox 3406 3038 3460 3083; x_wconf 91' lang='lat' dir='ltr'><strong>et</strong></span> <span class='ocrx_word' id='word_1_549' title='bbox 3496 3030 3635 3084; x_wconf 78' lang='lat' dir='ltr'><strong>Mas-</strong></span> 
     </span>
    </p>
   </div>
   <div class='ocr_carea' id='block_1_78' title="bbox 1983 3118 3634 3189">
    <p class='ocr_par' dir='ltr' id='par_1_78' title="bbox 1983 3118 3634 3189">
     <span class='ocr_line' id='line_1_78' title="bbox 1983 3118 3634 3189; baseline 0.002 -18"><span class='ocrx_word' id='word_1_550' title='bbox 1983 3127 2025 3189; x_wconf 80' lang='lat' dir='ltr'><strong>C</strong></span> <span class='ocrx_word' id='word_1_551' title='bbox 2059 3119 2298 3172; x_wconf 76' lang='lat' dir='ltr'><strong>salianos</strong></span> <span class='ocrx_word' id='word_1_552' title='bbox 2348 3134 2773 3172; x_wconf 83' lang='lat' dir='ltr'><strong>commemorem</strong></span> <span class='ocrx_word' id='word_1_553' title='bbox 2800 3160 2815 3184; x_wconf 88' lang='lat'><strong>,</strong></span> <span class='ocrx_word' id='word_1_554' title='bbox 2861 3133 3098 3188; x_wconf 88' lang='lat' dir='ltr'><strong>quorum</strong></span> <span class='ocrx_word' id='word_1_555' title='bbox 3135 3118 3423 3188; x_wconf 85' lang='lat' dir='ltr'><strong>opiniones</strong></span> <span class='ocrx_word' id='word_1_556' title='bbox 3470 3119 3634 3174; x_wconf 78' lang='lat' dir='ltr'><strong>falsas</strong></span> 
     </span>
    </p>
   </div>
   <div class='ocr_carea' id='block_1_79' title="bbox 2064 3211 3635 3280">
    <p class='ocr_par' dir='ltr' id='par_1_79' title="bbox 2064 3211 3635 3280">
     <span class='ocr_line' id='line_1_79' title="bbox 2064 3211 3635 3280; baseline 0.001 -16"><span class='ocrx_word' id='word_1_557' title='bbox 2064 3221 2125 3264; x_wconf 86' lang='lat' dir='ltr'><strong>et</strong></span> <span class='ocrx_word' id='word_1_558' title='bbox 2168 3211 2451 3280; x_wconf 77' lang='lat' dir='ltr'><strong>ambiguas</strong></span> <span class='ocrx_word' id='word_1_559' title='bbox 2497 3212 2891 3279; x_wconf 68' lang='lat' dir='ltr'><strong>hmretieasque</strong></span> <span class='ocrx_word' id='word_1_560' title='bbox 2942 3213 3114 3266; x_wconf 79' lang='lat' dir='ltr'><strong>sancti</strong></span> <span class='ocrx_word' id='word_1_561' title='bbox 3157 3211 3417 3266; x_wconf 68' lang='lat' dir='ltr'><strong>Ecclesiae</strong></span> <span class='ocrx_word' id='word_1_562' title='bbox 3446 3211 3635 3266; x_wconf 81' lang='lat' dir='ltr'><strong>Patres</strong></span> 
     </span>
    </p>
   </div>
   <div class='ocr_carea' id='block_1_80' title="bbox 2063 3301 3635 3369">
    <p class='ocr_par' dir='ltr' id='par_1_80' title="bbox 2063 3301 3635 3369">
     <span class='ocr_line' id='line_1_80' title="bbox 2063 3301 3635 3369; baseline 0.004 -17"><span class='ocrx_word' id='word_1_563' title='bbox 2063 3301 2192 3352; x_wconf 84' lang='lat' dir='ltr'><strong>olim</strong></span> <span class='ocrx_word' id='word_1_564' title='bbox 2227 3301 2690 3364; x_wconf 75' lang='lat' dir='ltr'><strong>condemnarunt,</strong></span> <span class='ocrx_word' id='word_1_565' title='bbox 2734 3312 2794 3354; x_wconf 89' lang='lat' dir='ltr'><strong>et</strong></span> <span class='ocrx_word' id='word_1_566' title='bbox 2818 3316 2849 3354; x_wconf 86' lang='lat' dir='ltr'><strong>a</strong></span> <span class='ocrx_word' id='word_1_567' title='bbox 2878 3301 3081 3369; x_wconf 87' lang='lat' dir='ltr'><strong>quibus</strong></span> <span class='ocrx_word' id='word_1_568' title='bbox 3117 3301 3490 3356; x_wconf 82' lang='lat' dir='ltr'><strong>abstineamus</strong></span> <span class='ocrx_word' id='word_1_569' title='bbox 3534 3316 3635 3358; x_wconf 76' lang='lat' dir='ltr'><strong>nos</strong></span> 
     </span>
    </p>
   </div>
   <div class='ocr_carea' id='block_1_81' title="bbox 2059 3392 3634 3464">
    <p class='ocr_par' dir='ltr' id='par_1_81' title="bbox 2059 3392 3634 3464">
     <span class='ocr_line' id='line_1_81' title="bbox 2059 3392 3634 3464; baseline 0.003 -19"><span class='ocrx_word' id='word_1_570' title='bbox 2059 3392 2290 3445; x_wconf 80' lang='lat' dir='ltr'><strong>volunt?</strong></span> <span class='ocrx_word' id='word_1_571' title='bbox 2314 3392 2567 3458; x_wconf 26' lang='lat' dir='ltr'><strong>Quorum.</strong></span> <span class='ocrx_word' id='word_1_572' title='bbox 2585 3393 2641 3446; x_wconf 90' lang='lat' dir='ltr'><strong>hi</strong></span> <span class='ocrx_word' id='word_1_573' title='bbox 2668 3393 2893 3462; x_wconf 71' lang='lat' dir='ltr'><strong>indigna</strong></span> <span class='ocrx_word' id='word_1_574' title='bbox 2914 3394 3332 3448; x_wconf 73' lang='lat' dir='ltr'><strong>ratiocinatione</strong></span> <span class='ocrx_word' id='word_1_575' title='bbox 3358 3406 3414 3447; x_wconf 90' lang='lat' dir='ltr'><strong>et</strong></span> <span class='ocrx_word' id='word_1_576' title='bbox 3438 3395 3634 3464; x_wconf 61' lang='lat' dir='ltr'><strong>linguae</strong></span> 
     </span>
    </p>
   </div>
   <div class='ocr_carea' id='block_1_82' title="bbox 2061 3484 3631 3552">
    <p class='ocr_par' dir='ltr' id='par_1_82' title="bbox 2061 3484 3631 3552">
     <span class='ocr_line' id='line_1_82' title="bbox 2061 3484 3631 3552; baseline -0.001 -14"><span class='ocrx_word' id='word_1_577' title='bbox 2061 3484 2289 3552; x_wconf 77' lang='lat' dir='ltr'><strong>ineptiis</strong></span> <span class='ocrx_word' id='word_1_578' title='bbox 2315 3486 2486 3552; x_wconf 84' lang='lat' dir='ltr'><strong>ipsam</strong></span> <span class='ocrx_word' id='word_1_579' title='bbox 2519 3499 2578 3538; x_wconf 86' lang='lat' dir='ltr'><strong>se</strong></span> <span class='ocrx_word' id='word_1_580' title='bbox 2608 3484 2795 3539; x_wconf 80' lang='lat' dir='ltr'><strong>videre</strong></span> <span class='ocrx_word' id='word_1_581' title='bbox 2836 3484 3177 3539; x_wconf 79' lang='lat' dir='ltr'><strong>contendunt</strong></span> <span class='ocrx_word' id='word_1_582' title='bbox 3213 3485 3305 3537; x_wconf 87' lang='lat' dir='ltr'><strong>Dei</strong></span> <span class='ocrx_word' id='word_1_583' title='bbox 3336 3488 3631 3538; x_wconf 77' lang='lat' dir='ltr'><strong>essentiam</strong></span> 
     </span>
    </p>
   </div>
   <div class='ocr_carea' id='block_1_83' title="bbox 2062 3576 3634 3647">
    <p class='ocr_par' dir='ltr' id='par_1_83' title="bbox 2062 3576 3634 3647">
     <span class='ocr_line' id='line_1_83' title="bbox 2062 3576 3634 3647; baseline 0.001 -18"><span class='ocrx_word' id='word_1_584' title='bbox 2062 3592 2185 3647; x_wconf 66' lang='lat' dir='ltr'><strong>quae</strong></span> <span class='ocrx_word' id='word_1_585' title='bbox 2219 3576 2441 3631; x_wconf 77' lang='lat' dir='ltr'><strong>adesset</strong></span> <span class='ocrx_word' id='word_1_586' title='bbox 2479 3578 2613 3645; x_wconf 83' lang='lat' dir='ltr'><strong>ipsis</strong></span> <span class='ocrx_word' id='word_1_587' title='bbox 2652 3579 2809 3631; x_wconf 81' lang='lat' dir='ltr'><strong>nulla</strong></span> <span class='ocrx_word' id='word_1_588' title='bbox 2833 3594 2890 3631; x_wconf 84' lang='lat' dir='ltr'><strong>re</strong></span> <span class='ocrx_word' id='word_1_589' title='bbox 2926 3577 3304 3632; x_wconf 80' lang='lat' dir='ltr'><strong>intercedente</strong></span> <span class='ocrx_word' id='word_1_590' title='bbox 3336 3576 3499 3646; x_wconf 87' lang='lat' dir='ltr'><strong>idque</strong></span> <span class='ocrx_word' id='word_1_591' title='bbox 3523 3589 3634 3630; x_wconf 86' lang='lat' dir='ltr'><strong>non</strong></span> 
     </span>
    </p>
   </div>
   <div class='ocr_carea' id='block_1_84' title="bbox 2063 3667 3633 3738">
    <p class='ocr_par' dir='ltr' id='par_1_84' title="bbox 2063 3667 3633 3738">
     <span class='ocr_line' id='line_1_84' title="bbox 2063 3667 3633 3738; baseline -0.001 -16"><span class='ocrx_word' id='word_1_592' title='bbox 2063 3685 2174 3737; x_wconf 87' lang='lat' dir='ltr'><strong>quo</strong></span> <span class='ocrx_word' id='word_1_593' title='bbox 2214 3669 2381 3723; x_wconf 82' lang='lat' dir='ltr'><strong>modo</strong></span> <span class='ocrx_word' id='word_1_594' title='bbox 2409 3678 2466 3723; x_wconf 88' lang='lat' dir='ltr'><strong>et</strong></span> <span class='ocrx_word' id='word_1_595' title='bbox 2497 3670 2720 3738; x_wconf 80' lang='lat' dir='ltr'><strong>quando</strong></span> <span class='ocrx_word' id='word_1_596' title='bbox 2774 3672 2887 3724; x_wconf 72' lang='lat' dir='ltr'><strong>Iure</strong></span> <span class='ocrx_word' id='word_1_597' title='bbox 2934 3671 3118 3733; x_wconf 79' lang='lat' dir='ltr'><strong>vellet,</strong></span> <span class='ocrx_word' id='word_1_598' title='bbox 3154 3667 3251 3722; x_wconf 91' lang='lat' dir='ltr'><strong>sed</strong></span> <span class='ocrx_word' id='word_1_599' title='bbox 3282 3677 3344 3721; x_wconf 88' lang='lat' dir='ltr'><strong>ut</strong></span> <span class='ocrx_word' id='word_1_600' title='bbox 3374 3667 3475 3737; x_wconf 89' lang='lat' dir='ltr'><strong>ipsi</strong></span> <span class='ocrx_word' id='word_1_601' title='bbox 3516 3667 3633 3721; x_wconf 81' lang='lat' dir='ltr'><strong>vel-</strong></span> 
     </span>
    </p>
   </div>
   <div class='ocr_carea' id='block_1_85' title="bbox 2060 3758 3636 3829">
    <p class='ocr_par' dir='ltr' id='par_1_85' title="bbox 2060 3758 3636 3829">
     <span class='ocr_line' id='line_1_85' title="bbox 2060 3758 3636 3829; baseline -0.001 -15"><span class='ocrx_word' id='word_1_602' title='bbox 2060 3761 2197 3815; x_wconf 89' lang='lat' dir='ltr'><strong>lent.</strong></span> <span class='ocrx_word' id='word_1_603' title='bbox 2256 3762 2336 3814; x_wconf 83' lang='lat' dir='ltr'><strong>Illi</strong></span> <span class='ocrx_word' id='word_1_604' title='bbox 2388 3769 2577 3829; x_wconf 62' lang='lat' dir='ltr'><strong>autem</strong></span> <span class='ocrx_word' id='word_1_605' title='bbox 2614 3760 2856 3813; x_wconf 81' lang='lat' dir='ltr'><strong>divinam</strong></span> <span class='ocrx_word' id='word_1_606' title='bbox 2903 3760 3201 3813; x_wconf 77' lang='lat' dir='ltr'><strong>essentiam</strong></span> <span class='ocrx_word' id='word_1_607' title='bbox 3244 3758 3553 3827; x_wconf 85' lang='lat' dir='ltr'><strong>simplicem</strong></span> <span class='ocrx_word' id='word_1_608' title='bbox 3579 3766 3636 3812; x_wconf 86' lang='lat' dir='ltr'><strong>et</strong></span> 
     </span>
    </p>
   </div>
   <div class='ocr_carea' id='block_1_86' title="bbox 2062 3847 3636 3917">
    <p class='ocr_par' dir='ltr' id='par_1_86' title="bbox 2062 3847 3636 3917">
     <span class='ocr_line' id='line_1_86' title="bbox 2062 3847 3636 3917; baseline -0.003 -14"><span class='ocrx_word' id='word_1_609' title='bbox 2062 3864 2227 3903; x_wconf 87' lang='lat' dir='ltr'><strong>unam</strong></span> <span class='ocrx_word' id='word_1_610' title='bbox 2256 3858 2315 3903; x_wconf 87' lang='lat' dir='ltr'><strong>et</strong></span> <span class='ocrx_word' id='word_1_611' title='bbox 2341 3850 2511 3905; x_wconf 89' lang='lat' dir='ltr'><strong>solam</strong></span> <span class='ocrx_word' id='word_1_612' title='bbox 2552 3850 2851 3903; x_wconf 83' lang='lat' dir='ltr'><strong>increatam</strong></span> <span class='ocrx_word' id='word_1_613' title='bbox 2894 3856 3237 3917; x_wconf 83' lang='lat' dir='ltr'><strong>agnoscunt;</strong></span> <span class='ocrx_word' id='word_1_614' title='bbox 3291 3848 3388 3901; x_wconf 84' lang='lat' dir='ltr'><strong>sed</strong></span> <span class='ocrx_word' id='word_1_615' title='bbox 3419 3848 3472 3899; x_wconf 92' lang='lat' dir='ltr'><strong>in</strong></span> <span class='ocrx_word' id='word_1_616' title='bbox 3515 3847 3636 3900; x_wconf 81' lang='lat' dir='ltr'><strong>intl—</strong></span> 
     </span>
    </p>
   </div>
   <div class='ocr_carea' id='block_1_87' title="bbox 2065 3936 3631 3994">
    <p class='ocr_par' dir='ltr' id='par_1_87' title="bbox 2065 3936 3631 3994">
     <span class='ocr_line' id='line_1_87' title="bbox 2065 3936 3631 3994; baseline -0.001 -1"><span class='ocrx_word' id='word_1_617' title='bbox 2065 3942 2205 3994; x_wconf 83' lang='lat' dir='ltr'><strong>nitas</strong></span> <span class='ocrx_word' id='word_1_618' title='bbox 2252 3951 2311 3993; x_wconf 88' lang='lat' dir='ltr'><strong>et</strong></span> <span class='ocrx_word' id='word_1_619' title='bbox 2346 3942 2526 3994; x_wconf 84' lang='lat' dir='ltr'><strong>varias</strong></span> <span class='ocrx_word' id='word_1_620' title='bbox 2566 3941 2799 3993; x_wconf 85' lang='lat' dir='ltr'><strong>deitates</strong></span> <span class='ocrx_word' id='word_1_621' title='bbox 2842 3943 3114 3992; x_wconf 78' lang='lat' dir='ltr'><strong>itu-reatus</strong></span> <span class='ocrx_word' id='word_1_622' title='bbox 3160 3953 3279 3992; x_wconf 79' lang='lat' dir='ltr'><strong>eam</strong></span> <span class='ocrx_word' id='word_1_623' title='bbox 3307 3936 3631 3991; x_wconf 76' lang='lat' dir='ltr'><strong>dissolvunt.</strong></span> 
     </span>
    </p>
   </div>
   <div class='ocr_carea' id='block_1_88' title="bbox 2062 4022 3636 4095">
    <p class='ocr_par' dir='ltr' id='par_1_88' title="bbox 2062 4022 3636 4095">
     <span class='ocr_line' id='line_1_88' title="bbox 2062 4022 3636 4095; baseline -0.005 -8"><span class='ocrx_word' id='word_1_624' title='bbox 2062 4034 2253 4087; x_wconf 80' lang='lat' dir='ltr'><strong>Taceo</strong></span> <span class='ocrx_word' id='word_1_625' title='bbox 2282 4034 2479 4085; x_wconf 79' lang='lat' dir='ltr'><strong>horum</strong></span> <span class='ocrx_word' id='word_1_626' title='bbox 2534 4032 2825 4085; x_wconf 83' lang='lat' dir='ltr'><strong>insolentia</strong></span> <span class='ocrx_word' id='word_1_627' title='bbox 2863 4041 2920 4084; x_wconf 85' lang='lat' dir='ltr'><strong>et</strong></span> <span class='ocrx_word' id='word_1_628' title='bbox 2966 4022 3175 4083; x_wconf 76' lang='lat' dir='ltr'><strong>nefaria</strong></span> <span class='ocrx_word' id='word_1_629' title='bbox 3227 4030 3465 4083; x_wconf 77' lang='lat' dir='ltr'><strong>facinora</strong></span> <span class='ocrx_word' id='word_1_630' title='bbox 3514 4042 3636 4095; x_wconf 62' lang='lat' dir='ltr'><strong>quae</strong></span> 
     </span>
    </p>
   </div>
   <div class='ocr_carea' id='block_1_89' title="bbox 2061 4119 3637 4194">
    <p class='ocr_par' dir='ltr' id='par_1_89' title="bbox 2061 4119 3637 4194">
     <span class='ocr_line' id='line_1_89' title="bbox 2061 4119 3637 4194; baseline -0.004 -16"><span class='ocrx_word' id='word_1_631' title='bbox 2061 4125 2248 4194; x_wconf 77' lang='lat' dir='ltr'><strong>lingua</strong></span> <span class='ocrx_word' id='word_1_632' title='bbox 2269 4124 2537 4194; x_wconf 76' lang='lat' dir='ltr'><strong>proferre,</strong></span> <span class='ocrx_word' id='word_1_633' title='bbox 2564 4124 2697 4183; x_wconf 82' lang='lat' dir='ltr'><strong>imo,</strong></span> <span class='ocrx_word' id='word_1_634' title='bbox 2713 4123 2797 4176; x_wconf 90' lang='lat' dir='ltr'><strong>vel</strong></span> <span class='ocrx_word' id='word_1_635' title='bbox 2820 4138 2927 4175; x_wconf 86' lang='lat' dir='ltr'><strong>uno</strong></span> <span class='ocrx_word' id='word_1_636' title='bbox 2950 4132 3158 4176; x_wconf 83' lang='lat' dir='ltr'><strong>tantum</strong></span> <span class='ocrx_word' id='word_1_637' title='bbox 3180 4119 3637 4187; x_wconf 74' lang='lat' dir='ltr'><strong>verboatlingere</strong></span> 
     </span>
    </p>
   </div>
   <div class='ocr_carea' id='block_1_90' title="bbox 2062 4209 3633 4283">
    <p class='ocr_par' dir='ltr' id='par_1_90' title="bbox 2062 4209 3633 4283">
     <span class='ocr_line' id='line_1_90' title="bbox 2062 4209 3633 4283; baseline -0.006 -14"><span class='ocrx_word' id='word_1_638' title='bbox 2062 4217 2446 4283; x_wconf 82' lang='lat' dir='ltr'><strong>turpissimum</strong></span> <span class='ocrx_word' id='word_1_639' title='bbox 2480 4223 2584 4269; x_wconf 89' lang='lat' dir='ltr'><strong>est.</strong></span> <span class='ocrx_word' id='word_1_640' title='bbox 2641 4215 2743 4267; x_wconf 87' lang='lat' dir='ltr'><strong>Sed</strong></span> <span class='ocrx_word' id='word_1_641' title='bbox 2777 4214 3056 4267; x_wconf 81' lang='lat' dir='ltr'><strong>reeitauda</strong></span> <span class='ocrx_word' id='word_1_642' title='bbox 3084 4213 3151 4266; x_wconf 91' lang='lat' dir='ltr'><strong>de</strong></span> <span class='ocrx_word' id='word_1_643' title='bbox 3192 4212 3278 4266; x_wconf 89' lang='lat' dir='ltr'><strong>his</strong></span> <span class='ocrx_word' id='word_1_644' title='bbox 3310 4221 3438 4263; x_wconf 88' lang='lat' dir='ltr'><strong>sunt</strong></span> <span class='ocrx_word' id='word_1_645' title='bbox 3460 4209 3633 4263; x_wconf 83' lang='lat' dir='ltr'><strong>sancti</strong></span> 
     </span>
    </p>
   </div>
   <div class='ocr_carea' id='block_1_91' title="bbox 2062 4294 3636 4373">
    <p class='ocr_par' dir='ltr' id='par_1_91' title="bbox 2062 4294 3636 4373">
     <span class='ocr_line' id='line_1_91' title="bbox 2062 4294 3636 4373; baseline -0.006 -13"><span class='ocrx_word' id='word_1_646' title='bbox 2062 4306 2282 4360; x_wconf 80' lang='lat' dir='ltr'><strong>Maximi</strong></span> <span class='ocrx_word' id='word_1_647' title='bbox 2346 4307 2512 4359; x_wconf 88' lang='lat' dir='ltr'><strong>verba</strong></span> <span class='ocrx_word' id='word_1_648' title='bbox 2542 4320 2662 4373; x_wconf 62' lang='lat' dir='ltr'><strong>quae</strong></span> <span class='ocrx_word' id='word_1_649' title='bbox 2691 4304 2822 4358; x_wconf 65' lang='lat' dir='ltr'><strong>fecit</strong></span> <span class='ocrx_word' id='word_1_650' title='bbox 2848 4305 2898 4357; x_wconf 88' lang='lat' dir='ltr'><strong>iu</strong></span> <span class='ocrx_word' id='word_1_651' title='bbox 2930 4294 3388 4370; x_wconf 85' lang='lat' dir='ltr'><strong>interpretatione</strong></span> <span class='ocrx_word' id='word_1_652' title='bbox 3414 4300 3478 4351; x_wconf 85' lang='lat' dir='ltr'><strong>ad</strong></span> <span class='ocrx_word' id='word_1_653' title='bbox 3508 4313 3636 4353; x_wconf 84' lang='lat' dir='ltr'><strong>san-</strong></span> 
     </span>
    </p>
   </div>
   <div class='ocr_carea' id='block_1_92' title="bbox 2063 4397 3638 4468">
    <p class='ocr_par' dir='ltr' id='par_1_92' title="bbox 2063 4397 3638 4468">
     <span class='ocr_line' id='line_1_92' title="bbox 2063 4397 3638 4468; baseline -0.008 -14"><span class='ocrx_word' id='word_1_654' title='bbox 2063 4410 2211 4454; x_wconf 87' lang='lat' dir='ltr'><strong>ctum</strong></span> <span class='ocrx_word' id='word_1_655' title='bbox 2268 4399 2611 4468; x_wconf 76' lang='lat' dir='ltr'><strong>Dionysium.</strong></span> <span class='ocrx_word' id='word_1_656' title='bbox 2684 4397 2825 4450; x_wconf 86' lang='lat' dir='ltr'><strong>Dicit</strong></span> <span class='ocrx_word' id='word_1_657' title='bbox 2862 4397 3009 4449; x_wconf 88' lang='lat' dir='ltr'><strong>enim</strong></span> <span class='ocrx_word' id='word_1_658' title='bbox 3058 4409 3155 4449; x_wconf 83' lang='lat' dir='ltr'><strong>eos</strong></span> <span class='ocrx_word' id='word_1_659' title='bbox 3205 4401 3488 4463; x_wconf 86' lang='lat' dir='ltr'><strong>postquam</strong></span> <span class='ocrx_word' id='word_1_660' title='bbox 3538 4406 3638 4459; x_wconf 90' lang='lat' dir='ltr'><strong>per</strong></span> 
     </span>
    </p>
   </div>
   <div class='ocr_carea' id='block_1_93' title="bbox 373 4472 1960 4558">
    <p class='ocr_par' dir='ltr' id='par_1_93' title="bbox 373 4478 1957 4552">
     <span class='ocr_line' id='line_1_93' title="bbox 373 4478 1957 4552; baseline -0.004 -16"><span class='ocrx_word' id='word_1_661' title='bbox 373 4484 603 4552; x_wconf 75' lang='grc' dir='ltr'>ἁμέσως</span> <span class='ocrx_word' id='word_1_662' title='bbox 638 4481 755 4549; x_wconf 73' lang='grc' dir='ltr'>ἅμα</span> <span class='ocrx_word' id='word_1_663' title='bbox 789 4482 878 4532; x_wconf 80' lang='grc' dir='ltr'><strong>καὶ</strong></span> <span class='ocrx_word' id='word_1_664' title='bbox 906 4481 1002 4547; x_wconf 66' lang='grc' dir='ltr'>οὐχ</span> <span class='ocrx_word' id='word_1_665' title='bbox 1030 4480 1088 4530; x_wconf 78' lang='grc' dir='ltr'>ὃν</span> <span class='ocrx_word' id='word_1_666' title='bbox 1122 4482 1305 4546; x_wconf 74' lang='grc' dir='ltr'>ἐκείνη</span> <span class='ocrx_word' id='word_1_667' title='bbox 1344 4481 1543 4546; x_wconf 77' lang='grc' dir='ltr'>τρόπον</span> <span class='ocrx_word' id='word_1_668' title='bbox 1589 4483 1681 4529; x_wconf 72' lang='grc' dir='ltr'>καὶ</span> <span class='ocrx_word' id='word_1_669' title='bbox 1711 4480 1800 4529; x_wconf 72' lang='grc' dir='ltr'><strong>ὅτε</strong></span> <span class='ocrx_word' id='word_1_670' title='bbox 1836 4478 1957 4546; x_wconf 68' lang='grc' dir='ltr'><strong>βού-</strong></span> 
     </span>
    </p>
   </div>
   <div class='ocr_carea' id='block_1_94' title="bbox 2060 4472 3637 4558">
    <p class='ocr_par' dir='ltr' id='par_1_94' title="bbox 2074 4484 3637 4558">
     <span class='ocr_line' id='line_1_94' title="bbox 2074 4484 3637 4558; baseline -0.006 -14"><span class='ocrx_word' id='word_1_671' title='bbox 2074 4502 2187 4545; x_wconf 85' lang='lat' dir='ltr'><strong>tres</strong></span> <span class='ocrx_word' id='word_1_672' title='bbox 2225 4507 2398 4544; x_wconf 88' lang='lat' dir='ltr'><strong>annos</strong></span> <span class='ocrx_word' id='word_1_673' title='bbox 2428 4506 2591 4558; x_wconf 82' lang='lat' dir='ltr'><strong>supra</strong></span> <span class='ocrx_word' id='word_1_674' title='bbox 2625 4489 2846 4542; x_wconf 84' lang='lat' dir='ltr'><strong>modum</strong></span> <span class='ocrx_word' id='word_1_675' title='bbox 2877 4487 3168 4540; x_wconf 82' lang='lat' dir='ltr'><strong>ascetieam</strong></span> <span class='ocrx_word' id='word_1_676' title='bbox 3214 4488 3379 4538; x_wconf 84' lang='lat' dir='ltr'><strong>vitam</strong></span> <span class='ocrx_word' id='word_1_677' title='bbox 3425 4484 3637 4553; x_wconf 68' lang='lat' dir='ltr'><strong>exegis-</strong></span> 
     </span>
    </p>
   </div>
   <div class='ocr_carea' id='block_1_95' title="bbox 372 4568 1959 4639">
    <p class='ocr_par' dir='ltr' id='par_1_95' title="bbox 372 4568 1959 4639">
     <span class='ocr_line' id='line_1_95' title="bbox 372 4568 1959 4639; baseline -0.004 -13"><span class='ocrx_word' id='word_1_678' title='bbox 372 4574 555 4639; x_wconf 81' lang='grc' dir='ltr'>λεται,</span> <span class='ocrx_word' id='word_1_679' title='bbox 587 4572 704 4625; x_wconf 80' lang='grc' dir='ltr'>ἀλλ’</span> <span class='ocrx_word' id='word_1_680' title='bbox 751 4571 808 4623; x_wconf 85' lang='grc' dir='ltr'>ὃν</span> <span class='ocrx_word' id='word_1_681' title='bbox 861 4571 1053 4622; x_wconf 71' lang='grc' dir='ltr'>αὑτοίε</span> <span class='ocrx_word' id='word_1_682' title='bbox 1094 4572 1141 4621; x_wconf 83' lang='grc' dir='ltr'>οξ</span> <span class='ocrx_word' id='word_1_683' title='bbox 1202 4568 1258 4620; x_wconf 77' lang='grc' dir='ltr'>δὲ</span> <span class='ocrx_word' id='word_1_684' title='bbox 1313 4569 1371 4621; x_wconf 67' lang='grc' dir='ltr'>τὸ</span> <span class='ocrx_word' id='word_1_685' title='bbox 1406 4569 1505 4637; x_wconf 81' lang='grc' dir='ltr'>τῆς</span> <span class='ocrx_word' id='word_1_686' title='bbox 1567 4568 1721 4631; x_wconf 83' lang='grc' dir='ltr'>θείας</span> <span class='ocrx_word' id='word_1_687' title='bbox 1771 4570 1959 4631; x_wconf 79' lang='grc' dir='ltr'>οὐσίας</span> 
     </span>
    </p>
   </div>
   <div class='ocr_carea' id='block_1_96' title="bbox 375 4648 1964 4732">
    <p class='ocr_par' dir='ltr' id='par_1_96' title="bbox 375 4648 1964 4732">
     <span class='ocr_line' id='line_1_96' title="bbox 375 4648 1964 4732; baseline -0.006 -11"><span class='ocrx_word' id='word_1_688' title='bbox 375 4648 592 4722; x_wconf 68' lang='grc' dir='ltr'>ἁπλοῦν</span> <span class='ocrx_word' id='word_1_689' title='bbox 638 4683 697 4718; x_wconf 88' lang='grc' dir='ltr'><strong>τε</strong></span> <span class='ocrx_word' id='word_1_690' title='bbox 750 4665 845 4716; x_wconf 77' lang='grc' dir='ltr'>καὶ</span> <span class='ocrx_word' id='word_1_691' title='bbox 905 4663 1068 4732; x_wconf 84' lang='grc' dir='ltr'>μόνον</span> <span class='ocrx_word' id='word_1_692' title='bbox 1111 4665 1364 4716; x_wconf 83' lang='grc' dir='ltr'>ἄκτιστον</span> <span class='ocrx_word' id='word_1_693' title='bbox 1407 4660 1728 4722; x_wconf 76' lang='grc' dir='ltr'>ἀθετοῦντες</span> <span class='ocrx_word' id='word_1_694' title='bbox 1756 4661 1964 4712; x_wconf 79' lang='grc' dir='ltr'>παντά-</span> 
     </span>
    </p>
   </div>
   <div class='ocr_carea' id='block_1_97' title="bbox 378 4753 1964 4827">
    <p class='ocr_par' dir='ltr' id='par_1_97' title="bbox 378 4753 1964 4827">
     <span class='ocr_line' id='line_1_97' title="bbox 378 4753 1964 4827; baseline -0.007 -14"><span class='ocrx_word' id='word_1_695' title='bbox 378 4777 557 4814; x_wconf 83' lang='grc' dir='ltr'>πασιν</span> <span class='ocrx_word' id='word_1_696' title='bbox 617 4760 865 4827; x_wconf 81' lang='grc' dir='ltr'>ἀπείροις</span> <span class='ocrx_word' id='word_1_697' title='bbox 918 4773 975 4808; x_wconf 91' lang='grc' dir='ltr'><strong>τε</strong></span> <span class='ocrx_word' id='word_1_698' title='bbox 1038 4754 1318 4822; x_wconf 72' lang='grc' dir='ltr'>διαφόροις</span> <span class='ocrx_word' id='word_1_699' title='bbox 1378 4754 1628 4821; x_wconf 73' lang='grc' dir='ltr'>θεότησιν</span> <span class='ocrx_word' id='word_1_700' title='bbox 1687 4753 1964 4811; x_wconf 81' lang='grc' dir='ltr'>ἁκτίστοις</span> 
     </span>
    </p>
   </div>
   <div class='ocr_carea' id='block_1_98' title="bbox 380 4845 1968 4920">
    <p class='ocr_par' dir='ltr' id='par_1_98' title="bbox 380 4845 1968 4920">
     <span class='ocr_line' id='line_1_98' title="bbox 380 4845 1968 4920; baseline -0.006 -13"><span class='ocrx_word' id='word_1_701' title='bbox 380 4853 844 4920; x_wconf 81' lang='grc' dir='ltr'>κατατέμνουσιν.</span> <span class='ocrx_word' id='word_1_702' title='bbox 910 4851 1022 4903; x_wconf 71' lang='grc' dir='ltr'><strong>Καὶ</strong></span> <span class='ocrx_word' id='word_1_703' title='bbox 1085 4850 1277 4900; x_wconf 83' lang='grc' dir='ltr'>σιωπῶ</span> <span class='ocrx_word' id='word_1_704' title='bbox 1345 4849 1441 4909; x_wconf 86' lang='grc' dir='ltr'>τὰς</span> <span class='ocrx_word' id='word_1_705' title='bbox 1511 4846 1811 4914; x_wconf 81' lang='grc' dir='ltr'>ἀθεμίτους</span> <span class='ocrx_word' id='word_1_706' title='bbox 1872 4845 1968 4898; x_wconf 78' lang='grc' dir='ltr'>καὶ</span> 
     </span>
    </p>
   </div>
   <div class='ocr_carea' id='block_1_99' title="bbox 379 4940 1962 5017">
    <p class='ocr_par' dir='ltr' id='par_1_99' title="bbox 379 4940 1962 5017">
     <span class='ocr_line' id='line_1_99' title="bbox 379 4940 1962 5017; baseline -0.007 -15"><span class='ocrx_word' id='word_1_707' title='bbox 379 4946 762 5017; x_wconf 82' lang='grc' dir='ltr'>δαιμονιὼδεις</span> <span class='ocrx_word' id='word_1_708' title='bbox 793 4945 1021 5015; x_wconf 79' lang='grc' dir='ltr'>πράξεις</span> <span class='ocrx_word' id='word_1_709' title='bbox 1053 4943 1233 4993; x_wconf 75' lang='grc' dir='ltr'>αὐτῶν</span> <span class='ocrx_word' id='word_1_710' title='bbox 1262 4942 1355 4993; x_wconf 65' lang='grc' dir='ltr'>διάη</span> <span class='ocrx_word' id='word_1_711' title='bbox 1384 4958 1449 5009; x_wconf 87' lang='grc' dir='ltr'><strong>γε</strong></span> <span class='ocrx_word' id='word_1_712' title='bbox 1478 4941 1657 5009; x_wconf 83' lang='grc' dir='ltr'>δήπου</span> <span class='ocrx_word' id='word_1_713' title='bbox 1688 4941 1747 4991; x_wconf 81' lang='grc' dir='ltr'>τὸ</span> <span class='ocrx_word' id='word_1_714' title='bbox 1779 4940 1853 5008; x_wconf 84' lang='grc' dir='ltr'>μὴ</span> <span class='ocrx_word' id='word_1_715' title='bbox 1882 4941 1962 4992; x_wconf 81' lang='grc' dir='ltr'>ὅτι</span> 
     </span>
    </p>
   </div>
   <div class='ocr_carea' id='block_1_100' title="bbox 383 5035 1965 5111">
    <p class='ocr_par' dir='ltr' id='par_1_100' title="bbox 383 5035 1965 5111">
     <span class='ocr_line' id='line_1_100' title="bbox 383 5035 1965 5111; baseline -0.005 -18"><span class='ocrx_word' id='word_1_716' title='bbox 383 5040 605 5111; x_wconf 82' lang='grc' dir='ltr'>γλώττῃ</span> <span class='ocrx_word' id='word_1_717' title='bbox 645 5056 708 5107; x_wconf 88' lang='grc' dir='ltr'>γε</span> <span class='ocrx_word' id='word_1_718' title='bbox 740 5039 1063 5107; x_wconf 79' lang='grc' dir='ltr'>προφέρειν,</span> <span class='ocrx_word' id='word_1_719' title='bbox 1104 5035 1242 5088; x_wconf 80' lang='grc' dir='ltr'>ἀλλὰ</span> <span class='ocrx_word' id='word_1_720' title='bbox 1297 5037 1390 5088; x_wconf 71' lang='grc' dir='ltr'>καὶ</span> <span class='ocrx_word' id='word_1_721' title='bbox 1417 5035 1545 5104; x_wconf 73' lang='grc' dir='ltr'>ψιλῇ</span> <span class='ocrx_word' id='word_1_722' title='bbox 1593 5053 1701 5087; x_wconf 86' lang='grc' dir='ltr'>τινι</span> <span class='ocrx_word' id='word_1_723' title='bbox 1748 5036 1965 5105; x_wconf 73' lang='grc' dir='ltr'>ἐπινοίᾳ</span> 
     </span>
    </p>
   </div>
   <div class='ocr_carea' id='block_1_101' title="bbox 390 5128 1966 5205">
    <p class='ocr_par' dir='ltr' id='par_1_101' title="bbox 390 5128 1966 5205">
     <span class='ocr_line' id='line_1_101' title="bbox 390 5128 1966 5205; baseline -0.004 -19"><span class='ocrx_word' id='word_1_724' title='bbox 390 5132 707 5205; x_wconf 74' lang='grc' dir='ltr'>μεμνῆσθαι</span> <span class='ocrx_word' id='word_1_725' title='bbox 752 5132 875 5186; x_wconf 84' lang='grc' dir='ltr'>λίαν</span> <span class='ocrx_word' id='word_1_726' title='bbox 926 5131 1195 5199; x_wconf 75' lang='grc' dir='ltr'>αἰσχρόνο</span> <span class='ocrx_word' id='word_1_727' title='bbox 1241 5128 1461 5181; x_wconf 83' lang='grc' dir='ltr'>λεκτέον</span> <span class='ocrx_word' id='word_1_728' title='bbox 1490 5129 1535 5181; x_wconf 83' lang='grc' dir='ltr'>δ’</span> <span class='ocrx_word' id='word_1_729' title='bbox 1568 5130 1717 5197; x_wconf 84' lang='grc' dir='ltr'>ὅμως</span> <span class='ocrx_word' id='word_1_730' title='bbox 1755 5129 1822 5180; x_wconf 84' lang='grc' dir='ltr'>τὰ</span> <span class='ocrx_word' id='word_1_731' title='bbox 1870 5130 1966 5180; x_wconf 73' lang='grc' dir='ltr'>τοῦ</span> 
     </span>
    </p>
   </div>
   <div class='ocr_carea' id='block_1_102' title="bbox 388 5223 1964 5295">
    <p class='ocr_par' dir='ltr' id='par_1_102' title="bbox 388 5223 1964 5295">
     <span class='ocr_line' id='line_1_102' title="bbox 388 5223 1964 5295; baseline -0.003 -15"><span class='ocrx_word' id='word_1_732' title='bbox 388 5227 540 5280; x_wconf 80' lang='grc' dir='ltr'>θείου</span> <span class='ocrx_word' id='word_1_733' title='bbox 584 5226 836 5295; x_wconf 82' lang='grc' dir='ltr'>Μαξίμου</span> <span class='ocrx_word' id='word_1_734' title='bbox 877 5225 1005 5294; x_wconf 75' lang='grc' dir='ltr'>περὶ</span> <span class='ocrx_word' id='word_1_735' title='bbox 1050 5224 1230 5276; x_wconf 80' lang='grc' dir='ltr'>αὐτῶν</span> <span class='ocrx_word' id='word_1_736' title='bbox 1262 5223 1552 5292; x_wconf 72' lang='grc' dir='ltr'>εἰρημένα,</span> <span class='ocrx_word' id='word_1_737' title='bbox 1588 5224 1964 5290; x_wconf 80' lang='grc' dir='ltr'>ἐξηγουμένου</span> 
     </span>
    </p>
   </div>
   <div class='ocr_carea' id='block_1_103' title="bbox 384 5315 1966 5389">
    <p class='ocr_par' dir='ltr' id='par_1_103' title="bbox 384 5315 1966 5389">
     <span class='ocr_line' id='line_1_103' title="bbox 384 5315 1966 5389; baseline -0.003 -18"><span class='ocrx_word' id='word_1_738' title='bbox 384 5321 483 5371; x_wconf 65' lang='grc' dir='ltr'><strong>τὸν</strong></span> <span class='ocrx_word' id='word_1_739' title='bbox 510 5320 653 5389; x_wconf 72' lang='grc' dir='ltr'>ἱερὸν</span> <span class='ocrx_word' id='word_1_740' title='bbox 681 5320 958 5371; x_wconf 84' lang='grc' dir='ltr'>Διονύσιον</span> <span class='ocrx_word' id='word_1_741' title='bbox 986 5317 1082 5387; x_wconf 82' lang='grc'><strong>(1),</strong></span> <span class='ocrx_word' id='word_1_742' title='bbox 1114 5317 1253 5387; x_wconf 78' lang='grc' dir='ltr'>Φησὶ</span> <span class='ocrx_word' id='word_1_743' title='bbox 1284 5317 1390 5385; x_wconf 87' lang='grc' dir='ltr'>γὰρ</span> <span class='ocrx_word' id='word_1_744' title='bbox 1417 5318 1495 5368; x_wconf 71' lang='grc' dir='ltr'>ὅτι</span> <span class='ocrx_word' id='word_1_745' title='bbox 1529 5318 1775 5384; x_wconf 88' lang='grc' dir='ltr'>τριετίαν</span> <span class='ocrx_word' id='word_1_746' title='bbox 1808 5315 1966 5384; x_wconf 89' lang='grc' dir='ltr'>μόνον</span> 
     </span>
    </p>
   </div>
   <div class='ocr_carea' id='block_1_104' title="bbox 386 5408 1969 5481">
    <p class='ocr_par' dir='ltr' id='par_1_104' title="bbox 386 5408 1969 5481">
     <span class='ocr_line' id='line_1_104' title="bbox 386 5408 1969 5481; baseline -0.002 -19"><span class='ocrx_word' id='word_1_747' title='bbox 386 5410 579 5479; x_wconf 76' lang='grc' dir='ltr'>ἄκρως</span> <span class='ocrx_word' id='word_1_748' title='bbox 620 5413 985 5481; x_wconf 81' lang='grc' dir='ltr'>ἀσκήσαντες,</span> <span class='ocrx_word' id='word_1_749' title='bbox 1017 5409 1404 5479; x_wconf 81' lang='grc' dir='ltr'>ἀδιαφοροῦσιν</span> <span class='ocrx_word' id='word_1_750' title='bbox 1453 5410 1546 5460; x_wconf 75' lang='grc' dir='ltr'><strong>ἐπὶ</strong></span> <span class='ocrx_word' id='word_1_751' title='bbox 1593 5408 1848 5462; x_wconf 73' lang='grc' dir='ltr'>τοσοῦτον</span> <span class='ocrx_word' id='word_1_752' title='bbox 1878 5409 1969 5460; x_wconf 73' lang='grc' dir='ltr'><strong>τὸν</strong></span> 
     </span>
    </p>
   </div>
   <div class='ocr_carea' id='block_1_105' title="bbox 2069 4573 3640 4647">
    <p class='ocr_par' dir='ltr' id='par_1_105' title="bbox 2069 4573 3640 4647">
     <span class='ocr_line' id='line_1_105' title="bbox 2069 4573 3640 4647; baseline -0.005 -12"><span class='ocrx_word' id='word_1_753' title='bbox 2069 4593 2226 4644; x_wconf 85' lang='lat' dir='ltr'><strong>sent,</strong></span> <span class='ocrx_word' id='word_1_754' title='bbox 2263 4590 2544 4647; x_wconf 90' lang='lat' dir='ltr'><strong>tantopere</strong></span> <span class='ocrx_word' id='word_1_755' title='bbox 2576 4593 2671 4647; x_wconf 87' lang='lat' dir='ltr'><strong>per</strong></span> <span class='ocrx_word' id='word_1_756' title='bbox 2705 4578 2974 4645; x_wconf 83' lang='lat' dir='ltr'><strong>reliquum</strong></span> <span class='ocrx_word' id='word_1_757' title='bbox 3009 4576 3131 4628; x_wconf 74' lang='lat' dir='ltr'><strong>vita:</strong></span> <span class='ocrx_word' id='word_1_758' title='bbox 3173 4583 3388 4643; x_wconf 85' lang='lat' dir='ltr'><strong>tempus</strong></span> <span class='ocrx_word' id='word_1_759' title='bbox 3419 4573 3640 4627; x_wconf 80' lang='lat' dir='ltr'><strong>indilIe-</strong></span> 
     </span>
    </p>
   </div>
   <div class='ocr_carea' id='block_1_106' title="bbox 2067 4666 3640 4739">
    <p class='ocr_par' dir='ltr' id='par_1_106' title="bbox 2067 4666 3640 4739">
     <span class='ocr_line' id='line_1_106' title="bbox 2067 4666 3640 4739; baseline -0.006 -11"><span class='ocrx_word' id='word_1_760' title='bbox 2067 4682 2252 4729; x_wconf 86' lang='lat' dir='ltr'><strong>rentes</strong></span> <span class='ocrx_word' id='word_1_761' title='bbox 2281 4688 2400 4727; x_wconf 84' lang='lat' dir='ltr'><strong>esse</strong></span> <span class='ocrx_word' id='word_1_762' title='bbox 2429 4682 2489 4725; x_wconf 85' lang='lat' dir='ltr'><strong>ut</strong></span> <span class='ocrx_word' id='word_1_763' title='bbox 2530 4675 2648 4726; x_wconf 90' lang='lat' dir='ltr'><strong>sine</strong></span> <span class='ocrx_word' id='word_1_764' title='bbox 2689 4671 2897 4739; x_wconf 83' lang='lat' dir='ltr'><strong>pudore</strong></span> <span class='ocrx_word' id='word_1_765' title='bbox 2926 4669 3294 4737; x_wconf 86' lang='lat' dir='ltr'><strong>quodcunque</strong></span> <span class='ocrx_word' id='word_1_766' title='bbox 3325 4667 3505 4720; x_wconf 82' lang='lat' dir='ltr'><strong>scelus</strong></span> <span class='ocrx_word' id='word_1_767' title='bbox 3544 4666 3640 4719; x_wconf 83' lang='lat' dir='ltr'><strong>ad-</strong></span> 
     </span>
    </p>
   </div>
   <div class='ocr_carea' id='block_1_107' title="bbox 2066 4757 3638 4831">
    <p class='ocr_par' dir='ltr' id='par_1_107' title="bbox 2066 4757 3638 4831">
     <span class='ocr_line' id='line_1_107' title="bbox 2066 4757 3638 4831; baseline -0.004 -13"><span class='ocrx_word' id='word_1_768' title='bbox 2066 4767 2372 4825; x_wconf 88' lang='lat' dir='ltr'><strong>mitterent,</strong></span> <span class='ocrx_word' id='word_1_769' title='bbox 2400 4767 2746 4831; x_wconf 46' lang='lat' dir='ltr'><strong>uﬁstuprum,</strong></span> <span class='ocrx_word' id='word_1_770' title='bbox 2779 4776 3039 4815; x_wconf 76' lang='lat' dir='ltr'><strong>venereas</strong></span> <span class='ocrx_word' id='word_1_771' title='bbox 3070 4761 3421 4829; x_wconf 85' lang='lat' dir='ltr'><strong>cupiditates,</strong></span> <span class='ocrx_word' id='word_1_772' title='bbox 3456 4757 3638 4812; x_wconf 84' lang='lat' dir='ltr'><strong>edaci-</strong></span> 
     </span>
    </p>
   </div>
   <div class='ocr_carea' id='block_1_108' title="bbox 2071 4850 3636 4926">
    <p class='ocr_par' dir='ltr' id='par_1_108' title="bbox 2071 4850 3636 4926">
     <span class='ocr_line' id='line_1_108' title="bbox 2071 4850 3636 4926; baseline -0.007 -13"><span class='ocrx_word' id='word_1_773' title='bbox 2071 4869 2259 4921; x_wconf 85' lang='lat' dir='ltr'><strong>tatem,</strong></span> <span class='ocrx_word' id='word_1_774' title='bbox 2288 4857 2449 4926; x_wconf 76' lang='lat'><strong>397</strong></span> <span class='ocrx_word' id='word_1_775' title='bbox 2483 4870 2640 4910; x_wconf 88' lang='lat' dir='ltr'><strong>usum</strong></span> <span class='ocrx_word' id='word_1_776' title='bbox 2664 4870 2787 4909; x_wconf 91' lang='lat' dir='ltr'><strong>cum</strong></span> <span class='ocrx_word' id='word_1_777' title='bbox 2811 4854 3039 4908; x_wconf 87' lang='lat' dir='ltr'><strong>aliorum</strong></span> <span class='ocrx_word' id='word_1_778' title='bbox 3067 4854 3352 4916; x_wconf 71' lang='lat' dir='ltr'><strong>uxoribus,</strong></span> <span class='ocrx_word' id='word_1_779' title='bbox 3384 4850 3636 4914; x_wconf 86' lang='lat' dir='ltr'><strong>omnino,</strong></span> 
     </span>
    </p>
   </div>
   <div class='ocr_carea' id='block_1_109' title="bbox 2068 4942 3640 5009">
    <p class='ocr_par' dir='ltr' id='par_1_109' title="bbox 2068 4942 3640 5009">
     <span class='ocr_line' id='line_1_109' title="bbox 2068 4942 3640 5009; baseline -0.008 -7"><span class='ocrx_word' id='word_1_780' title='bbox 2068 4963 2138 5002; x_wconf 91' lang='lat' dir='ltr'><strong>ne</strong></span> <span class='ocrx_word' id='word_1_781' title='bbox 2180 4948 2366 5001; x_wconf 80' lang='lat' dir='ltr'><strong>multis</strong></span> <span class='ocrx_word' id='word_1_782' title='bbox 2410 4945 2597 4999; x_wconf 84' lang='lat' dir='ltr'><strong>verbis</strong></span> <span class='ocrx_word' id='word_1_783' title='bbox 2627 4953 2766 5006; x_wconf 88' lang='lat' dir='ltr'><strong>utar,</strong></span> <span class='ocrx_word' id='word_1_784' title='bbox 2796 4959 3015 4999; x_wconf 89' lang='lat' dir='ltr'><strong>omnem</strong></span> <span class='ocrx_word' id='word_1_785' title='bbox 3052 4942 3358 5006; x_wconf 87' lang='lat' dir='ltr'><strong>libidinem,</strong></span> <span class='ocrx_word' id='word_1_786' title='bbox 3396 4955 3502 5009; x_wconf 91' lang='lat' dir='ltr'><strong>qua</strong></span> <span class='ocrx_word' id='word_1_787' title='bbox 3536 4942 3640 4993; x_wconf 85' lang='lat' dir='ltr'><strong>im-</strong></span> 
     </span>
    </p>
   </div>
   <div class='ocr_carea' id='block_1_110' title="bbox 2070 5032 3639 5108">
    <p class='ocr_par' dir='ltr' id='par_1_110' title="bbox 2070 5032 3639 5108">
     <span class='ocr_line' id='line_1_110' title="bbox 2070 5032 3639 5108; baseline -0.004 -14"><span class='ocrx_word' id='word_1_788' title='bbox 2070 5041 2236 5095; x_wconf 89' lang='lat' dir='ltr'><strong>mersi</strong></span> <span class='ocrx_word' id='word_1_789' title='bbox 2295 5041 2421 5095; x_wconf 88' lang='lat' dir='ltr'><strong>talia</strong></span> <span class='ocrx_word' id='word_1_790' title='bbox 2470 5041 2649 5094; x_wconf 77' lang='lat' dir='ltr'><strong>facere</strong></span> <span class='ocrx_word' id='word_1_791' title='bbox 2704 5039 2878 5108; x_wconf 82' lang='lat' dir='ltr'><strong>palam</strong></span> <span class='ocrx_word' id='word_1_792' title='bbox 2940 5053 3046 5090; x_wconf 89' lang='lat' dir='ltr'><strong>non</strong></span> <span class='ocrx_word' id='word_1_793' title='bbox 3103 5046 3426 5090; x_wconf 84' lang='lat' dir='ltr'><strong>vererentur</strong></span> <span class='ocrx_word' id='word_1_794' title='bbox 3451 5043 3506 5087; x_wconf 90' lang='lat' dir='ltr'><strong>et</strong></span> <span class='ocrx_word' id='word_1_795' title='bbox 3557 5032 3639 5087; x_wconf 90' lang='lat' dir='ltr'><strong>sic</strong></span> 
     </span>
    </p>
   </div>
   <div class='ocr_carea' id='block_1_111' title="bbox 2071 5125 3637 5203">
    <p class='ocr_par' dir='ltr' id='par_1_111' title="bbox 2071 5125 3637 5203">
     <span class='ocr_line' id='line_1_111' title="bbox 2071 5125 3637 5203; baseline -0.007 -16"><span class='ocrx_word' id='word_1_796' title='bbox 2071 5142 2334 5203; x_wconf 81' lang='lat' dir='ltr'><strong>tanquam</strong></span> <span class='ocrx_word' id='word_1_797' title='bbox 2369 5132 2517 5187; x_wconf 89' lang='lat' dir='ltr'><strong>omni</strong></span> <span class='ocrx_word' id='word_1_798' title='bbox 2560 5147 2722 5186; x_wconf 86' lang='lat' dir='ltr'><strong>sensu</strong></span> <span class='ocrx_word' id='word_1_799' title='bbox 2750 5130 3014 5183; x_wconf 84' lang='lat' dir='ltr'><strong>alienatos</strong></span> <span class='ocrx_word' id='word_1_800' title='bbox 3041 5129 3293 5181; x_wconf 83' lang='lat' dir='ltr'><strong>laborare</strong></span> <span class='ocrx_word' id='word_1_801' title='bbox 3322 5142 3417 5179; x_wconf 88' lang='lat' dir='ltr'><strong>eos</strong></span> <span class='ocrx_word' id='word_1_802' title='bbox 3443 5125 3637 5178; x_wconf 90' lang='lat' dir='ltr'><strong>morbo</strong></span> 
     </span>
    </p>
   </div>
   <div class='ocr_carea' id='block_1_112' title="bbox 2067 5218 3635 5295">
    <p class='ocr_par' dir='ltr' id='par_1_112' title="bbox 2067 5218 3635 5295">
     <span class='ocr_line' id='line_1_112' title="bbox 2067 5218 3635 5295; baseline -0.008 -14"><span class='ocrx_word' id='word_1_803' title='bbox 2067 5226 2511 5295; x_wconf 70' lang='lat' dir='ltr'><strong>intemperantiae</strong></span> <span class='ocrx_word' id='word_1_804' title='bbox 2575 5238 2687 5277; x_wconf 68' lang='lat' dir='ltr'><strong>sum</strong></span> <span class='ocrx_word' id='word_1_805' title='bbox 2740 5230 2797 5276; x_wconf 89' lang='lat' dir='ltr'><strong>et</strong></span> <span class='ocrx_word' id='word_1_806' title='bbox 2840 5222 3010 5274; x_wconf 84' lang='lat' dir='ltr'><strong>duros</strong></span> <span class='ocrx_word' id='word_1_807' title='bbox 3062 5234 3091 5272; x_wconf 86' lang='lat' dir='ltr'><strong>a</strong></span> <span class='ocrx_word' id='word_1_808' title='bbox 3140 5229 3312 5273; x_wconf 87' lang='lat' dir='ltr'><strong>semet</strong></span> <span class='ocrx_word' id='word_1_809' title='bbox 3363 5218 3492 5287; x_wconf 86' lang='lat' dir='ltr'><strong>ipsis</strong></span> <span class='ocrx_word' id='word_1_810' title='bbox 3517 5223 3572 5270; x_wconf 88' lang='lat' dir='ltr'><strong>et</strong></span> <span class='ocrx_word' id='word_1_811' title='bbox 3604 5230 3635 5268; x_wconf 90' lang='lat' dir='ltr'><strong>a</strong></span> 
     </span>
    </p>
   </div>
   <div class='ocr_carea' id='block_1_113' title="bbox 2069 5306 3634 5382">
    <p class='ocr_par' dir='ltr' id='par_1_113' title="bbox 2069 5306 3634 5382">
     <span class='ocr_line' id='line_1_113' title="bbox 2069 5306 3634 5382; baseline -0.008 -11"><span class='ocrx_word' id='word_1_812' title='bbox 2069 5318 2409 5371; x_wconf 70' lang='lat' dir='ltr'><strong>daemonibus</strong></span> <span class='ocrx_word' id='word_1_813' title='bbox 2435 5316 2528 5382; x_wconf 90' lang='lat' dir='ltr'><strong>qui</strong></span> <span class='ocrx_word' id='word_1_814' title='bbox 2558 5314 2612 5367; x_wconf 90' lang='lat' dir='ltr'><strong>in</strong></span> <span class='ocrx_word' id='word_1_815' title='bbox 2648 5314 2716 5367; x_wconf 89' lang='lat' dir='ltr'><strong>iis</strong></span> <span class='ocrx_word' id='word_1_816' title='bbox 2751 5311 3067 5365; x_wconf 88' lang='lat' dir='ltr'><strong>habitarent</strong></span> <span class='ocrx_word' id='word_1_817' title='bbox 3102 5310 3316 5379; x_wconf 86' lang='lat' dir='ltr'><strong>perpeti</strong></span> <span class='ocrx_word' id='word_1_818' title='bbox 3353 5306 3634 5363; x_wconf 82' lang='lat' dir='ltr'><strong>cruciatus</strong></span> 
     </span>
    </p>
   </div>
   <div class='ocr_carea' id='block_1_114' title="bbox 2074 5406 2996 5476">
    <p class='ocr_par' dir='ltr' id='par_1_114' title="bbox 2074 5406 2996 5476">
     <span class='ocr_line' id='line_1_114' title="bbox 2074 5406 2996 5476; baseline -0.005 -15"><span class='ocrx_word' id='word_1_819' title='bbox 2074 5417 2133 5461; x_wconf 92' lang='lat' dir='ltr'><strong>ut</strong></span> <span class='ocrx_word' id='word_1_820' title='bbox 2165 5410 2256 5476; x_wconf 90' lang='lat' dir='ltr'><strong>qui</strong></span> <span class='ocrx_word' id='word_1_821' title='bbox 2288 5407 2544 5476; x_wconf 81' lang='lat' dir='ltr'><strong>pltrenesi</strong></span> <span class='ocrx_word' id='word_1_822' title='bbox 2570 5406 2752 5459; x_wconf 71' lang='lat' dir='ltr'><strong>allecti</strong></span> <span class='ocrx_word' id='word_1_823' title='bbox 2793 5412 2996 5458; x_wconf 88' lang='lat' dir='ltr'><strong>essent.</strong></span> 
     </span>
    </p>
   </div>
   <div class='ocr_carea' id='block_1_115' title="bbox 386 5494 3638 5573">
    <p class='ocr_par' dir='ltr' id='par_1_115' title="bbox 386 5494 3638 5573">
     <span class='ocr_line' id='line_1_115' title="bbox 386 5494 3638 5573; baseline -0.004 -19"><span class='ocrx_word' id='word_1_824' title='bbox 386 5502 576 5556; x_wconf 80' lang='grc' dir='ltr'>λοιπὸν</span> <span class='ocrx_word' id='word_1_825' title='bbox 606 5504 703 5572; x_wconf 81' lang='grc' dir='ltr'>τῆς</span> <span class='ocrx_word' id='word_1_826' title='bbox 742 5503 951 5556; x_wconf 72' lang='grc' dir='ltr'>ἑαυτῶν</span> <span class='ocrx_word' id='word_1_827' title='bbox 979 5503 1124 5572; x_wconf 77' lang='grc' dir='ltr'>ζωῆς</span> <span class='ocrx_word' id='word_1_828' title='bbox 1167 5505 1353 5573; x_wconf 81' lang='grc' dir='ltr'>χρόνον</span> <span class='ocrx_word' id='word_1_829' title='bbox 1385 5501 1459 5563; x_wconf 85' lang='grc' dir='ltr'>ὡς</span> <span class='ocrx_word' id='word_1_830' title='bbox 1493 5502 1675 5553; x_wconf 80' lang='grc' dir='ltr'>πᾶσαν</span> <span class='ocrx_word' id='word_1_831' title='bbox 1722 5500 1953 5553; x_wconf 77' lang='grc' dir='ltr'>ἀτοπίαν</span> <span class='ocrx_word' id='word_1_832' title='bbox 1993 5501 2259 5568; x_wconf 82' lang='grc' dir='ltr'>πράττειν</span> <span class='ocrx_word' id='word_1_833' title='bbox 2304 5498 2493 5560; x_wconf 75' lang='grc' dir='ltr'>ἀδεῶς,</span> <span class='ocrx_word' id='word_1_834' title='bbox 2563 5495 2852 5564; x_wconf 85' lang='grc' dir='ltr'>μοιχείαις,</span> <span class='ocrx_word' id='word_1_835' title='bbox 2913 5494 3246 5564; x_wconf 77' lang='grc' dir='ltr'>ἀσελγείαις,</span> <span class='ocrx_word' id='word_1_836' title='bbox 3292 5505 3638 5558; x_wconf 74' lang='grc' dir='ltr'>γαστριμαρ-</span> 
     </span>
    </p>
   </div>
   <div class='ocr_carea' id='block_1_116' title="bbox 473 5666 3633 5780">
    <p class='ocr_par' dir='ltr' id='par_1_116' title="bbox 473 5666 3633 5780">
     <span class='ocr_line' id='line_1_116' title="bbox 473 5666 3633 5780; baseline -0.008 -16"><span class='ocrx_word' id='word_1_837' title='bbox 473 5709 544 5780; x_wconf 83' lang='grc'><strong>(1)</strong></span> <span class='ocrx_word' id='word_1_838' title='bbox 576 5712 834 5778; x_wconf 77' lang='grc' dir='ltr'>Μαξίμου</span> <span class='ocrx_word' id='word_1_839' title='bbox 874 5712 935 5764; x_wconf 83' lang='grc' dir='ltr'>ὲκ</span> <span class='ocrx_word' id='word_1_840' title='bbox 970 5710 1064 5780; x_wconf 76' lang='grc' dir='ltr'>τῆς</span> <span class='ocrx_word' id='word_1_841' title='bbox 1111 5710 1192 5773; x_wconf 82' lang='grc' dir='ltr'><strong>είς</strong></span> <span class='ocrx_word' id='word_1_842' title='bbox 1239 5708 1330 5761; x_wconf 77' lang='grc' dir='ltr'>τὸν</span> <span class='ocrx_word' id='word_1_843' title='bbox 1363 5707 1519 5776; x_wconf 78' lang='grc' dir='ltr'>ἆγιον</span> <span class='ocrx_word' id='word_1_844' title='bbox 1552 5705 1829 5757; x_wconf 69' lang='grc' dir='ltr'>Διονύσιον</span> <span class='ocrx_word' id='word_1_845' title='bbox 1866 5700 2158 5772; x_wconf 79' lang='grc' dir='ltr'>ἑρμηνείας</span> <span class='ocrx_word' id='word_1_846' title='bbox 2213 5705 2271 5755; x_wconf 79' lang='grc' dir='ltr'>ἐν</span> <span class='ocrx_word' id='word_1_847' title='bbox 2337 5704 2400 5771; x_wconf 76' lang='grc' dir='ltr'>τῇ</span> <span class='ocrx_word' id='word_1_848' title='bbox 2470 5699 2672 5770; x_wconf 70' lang='grc' dir='ltr'>θεωρία</span> <span class='ocrx_word' id='word_1_849' title='bbox 2740 5700 2833 5754; x_wconf 84' lang='grc' dir='ltr'>τοῦ</span> <span class='ocrx_word' id='word_1_850' title='bbox 2875 5718 2970 5772; x_wconf 72' lang='grc' dir='ltr'>μυν</span> <span class='ocrx_word' id='word_1_851' title='bbox 3007 5697 3171 5769; x_wconf 46' lang='grc' dir='ltr'>ἠνρίου</span> <span class='ocrx_word' id='word_1_852' title='bbox 3204 5694 3301 5764; x_wconf 80' lang='grc' dir='ltr'>τῆς</span> <span class='ocrx_word' id='word_1_853' title='bbox 3331 5687 3633 5761; x_wconf 83' lang='grc' dir='ltr'>μοναχικῆς</span> 
     </span>
    </p>
   </div>
   <div class='ocr_carea' id='block_1_117' title="bbox 393 5782 755 5846">
    <p class='ocr_par' dir='ltr' id='par_1_117' title="bbox 393 5782 755 5846">
     <span class='ocr_line' id='line_1_117' title="bbox 393 5782 755 5846; baseline 0.003 -13"><span class='ocrx_word' id='word_1_854' title='bbox 393 5782 755 5846; x_wconf 74' lang='grc' dir='ltr'>τελειώσεως.</span> 
     </span>
    </p>
   </div>
  </div>
