4046 6290
474 306 575 372 351
608 314 611 315 ⁷

1639 324 2053 386 NICEPUURI
2094 325 2292 386 GREG
2303 325 2470 386 ORA?

3585 328 3678 391 352

477 432 645 499 γίαις,
700 431 1154 504 ἀλληλογαμίαις,
1244 442 1339 493 καὶ
1421 441 1754 508 ἁπαξαπλῶς
1804 446 1861 497 ἐν
1916 444 2116 508 πάσαις
2152 446 2415 509 ἀσωτίαις
2475 445 2977 514 ἐγκυλινδούμενοι,
3040 447 3108 498 τά
3168 428 3389 500 τοιαῦτα
3441 448 3678 516 πράττειν

478 522 705 587 ἀπαθῶς
755 542 813 578 τε
821 528 1161 594 ρατεύονται,

1242 532 1582 601 ἀναισθήτως
1643 536 1925 599 νοσοῦντες
1975 536 2073 603 τὴν
2114 537 2440 604 ἐμπάθειαν,
2480 539 2571 594 καὶ
2627 539 2947 608 ἀναλγήτως
2993 538 3086 606 ὑφ’
3153 538 3362 592 ἑαυτῶν
3404 539 3677 610 πάσχοντες

478 620 574 671 καὶ
612 621 721 675 τῶν
765 623 824 673 ἐν
857 625 1039 689 αὐτοῖς
1082 627 1376 682 οἰκούντων
1420 632 1709 701 δαιμόνων,
1740 633 1930 703 ὥσπερ
1979 633 2031 683 οἱ
2069 636 2332 702 φρενίτιδι
2366 637 2724 707 κατεχόμενοι
2752 639 2912 705 νόσῳ.

549 709 693 764 Xlll.
750 712 1001 769 Inveniet
1040 726 1223 770 autem
1248 719 1561 788 quicunque
1591 723 1881 777 consulere
1912 722 2034 775 velit

2214 726 2311 779 ll".
2325 726 2468 797 Εύρή
2479 744 2556 781 σει
2578 727 2623 779 δ’
2640 728 2667 780 ὁ
2685 728 3007 798 βουλόμενος
3026 730 3369 799 περὶτούτων
3388 729 3486 781 κάν
3501 727 3571 798 τῷ
3583 730 3679 800 ὅρῳ

480 801 537 855 in
586 802 875 872 disciplina
926 806 993 861 de
1046 809 1300 876 praeticis
1348 821 1548 866 sanetae
1591 822 1646 867 et
1683 813 2037 868 meumcnicte

482 894 657 948 tertiae
686 896 904 965 synodi,
938 899 1102 951 etiam
1150 904 1414 968 septimm,
1451 906 1727 972 quomodo
1757 904 2041 960 ditl'ament

422 1036 425 1037 ν
480 997 535 1039 et
568 987 939 1043 condemnem
968 994 1145 1059 turpia
1194 994 1391 1049 borum
1417 996 1657 1052 facinera
1681 1008 1735 1052 et.
1762 998 2040 1067 quomodo

480 1075 835 1133 Massalianos
872 1080 1007 1136 istos
1038 1085 1312 1151 appellent
1339 1095 1396 1139 et
1423 1087 1823 1144 Mareionistas.
1876 1088 2042 1144 Satis-

477 1167 680 1224 faeient
702 1182 886 1225 autem
918 1190 1065 1228 nunc
1093 1177 1157 1231 ad
1185 1178 1514 1233 evidentiam
1546 1182 1652 1235 alia
1681 1183 1914 1251 plurima
1959 1193 2041 1237 te~

475 1257 731 1320 Stimonia
774 1260 1053 1317 luculenta
1105 1277 1160 1320 et
1208 1283 1315 1334 prae
1364 1270 1486 1324 aliis
1532 1272 1788 1326 omnibus
1829 1288 1948 1341 qua:
1974 1273 2040 1327 ab

478 1349 619 1401 Atho
647 1361 830 1406 monte
858 1354 942 1407 bis
967 1364 1022 1409 et
1050 1365 1133 1410 ter
1155 1369 1209 1413 et
1237 1361 1435 1429 szepius
1459 1363 1524 1416 ad
1554 1378 1653 1417 nos
1673 1374 2042 1432 pervenerunt

474 1440 726 1509 evulgata
750 1453 803 1497 et
826 1443 996 1500 libere
1015 1448 1188 1515 palam
1208 1453 1455 1520 exposita
1469 1454 1821 1520 documenta,
1842 1456 2041 1524 quibus

474 1532 699 1587 illorum
735 1536 947 1606 singula
993 1538 1195 1609 ﬂagitia
1246 1543 1578 1599 indicantur.
1639 1544 1708 1601 At
1752 1549 1797 1601 si
1826 1547 2041 1616 pietatis

475 1634 674 1679 nostra:
697 1637 751 1679 et
776 1641 976 1683 sanctae
999 1630 1263 1688 doctrina
1281 1635 1543 1690 intererat
1565 1636 1869 1707 intelligere
1903 1654 2040 1706 quo-

475 1717 639 1769 modo
682 1717 905 1773 Thabor
945 1729 1000 1774 et
1049 1721 1285 1778 Hermon
1331 1725 1384 1779 in
1415 1727 1634 1781 nomine
1660 1728 1871 1782 Domini
1894 1731 2039 1785 cele-

472 1811 613 1866 brati
640 1823 846 1879 essent,
881 1825 937 1870 et
984 1820 1026 1870 si
1068 1818 1170 1873 hac
1203 1818 1271 1873 de
1305 1835 1365 1874 re
1403 1823 1776 1875 necessarium
1815 1823 2038 1877 omnino

472 1914 593 1960 erat
614 1921 734 1974 quae
757 1922 880 1961 cum
908 1908 1188 1964 miraculis
1217 1910 1290 1964 ibi
1312 1910 1475 1965 editis
1499 1913 1789 1981 conjuncta
1814 1914 2040 1967 fuissent

474 1996 777 2065 inquirere,
810 2000 986 2070 iisque
1009 2003 1420 2057 venerationem
1447 2018 1713 2058 summam
1755 2006 1998 2061 tribuere
2024 2023 2037 2058 :

473 2090 710 2159 primum
733 2105 873 2159 onus
897 2102 1016 2148 erat
1044 2102 1101 2147 ut
1140 2109 1170 2148 a
1199 2095 1331 2148 viris
1357 2095 1532 2150 doctis
1570 2112 1692 2165 quae
1738 2106 1883 2151 certa
1931 2098 2039 2152 sint

472 2196 725 2242 accurate
760 2187 1191 2257 inquirerentur,
1221 2191 1387 2261 398
1410 2207 1588 2261 neque
1628 2192 1933 2262 quidquam.
1956 2193 2040 2246 iu-

467 2277 669 2345 justius
725 2288 839 2332 erat
897 2294 1059 2347 quam
1114 2280 1180 2335 de
1213 2295 1280 2336 eo
1313 2282 1406 2351 qui
1440 2282 1509 2336 de
1556 2294 1740 2337 nostra
1793 2283 2039 2338 doctrina

473 2366 800 2434 loquebatur
824 2367 868 2421 si
900 2383 1090 2423 revera
1128 2370 1230 2424 viri
1258 2371 1406 2425 docti
1448 2372 1741 2442 plurimum
1790 2373 2041 2426 valebant

471 2476 785 2530 quanquam
846 2477 951 2513 non
1001 2461 1192 2515 eadem
1243 2462 1474 2518 facultas
1519 2463 1730 2518 caeteris
1785 2465 2041 2519 omnibus

473 2551 652 2605 inerat
681 2553 772 2619 qui
807 2551 1089 2606 nobiseum
1115 2554 1321 2608 faciunt
1353 2554 1709 2625 eamdemque
1735 2556 2038 2611 doctrinam

475 2643 707 2708 habent,
747 2658 1014 2711 quaerere,
1044 2660 1175 2699 num
1206 2661 1237 2700 e
1270 2661 1500 2701 numero
1531 2657 1777 2702 sutorum
1801 2657 1895 2703 aut
1935 2648 2041 2702 fos-

472 2750 659 2790 sorum
691 2742 786 2788 aut
815 2735 1184 2803 sepliistarum
1215 2747 1381 2792 esset.
1423 2737 1628 2793 Deinde
1657 2746 1837 2793 autem
1868 2743 2041 2794 fateor

474 2828 519 2881 si
582 2828 731 2881 nullo
793 2827 955 2882 modo
996 2829 1250 2885 evitabile
1303 2838 1362 2884 ct
1413 2845 1639 2899 prorsus
1671 2833 2037 2886 necessarium

471 2916 684 2979 fuisset,
738 2933 825 2973 me
880 2934 1223 2988 nequaquam
1299 2920 1372 2975 ibi
1451 2922 1781 2976 omissurum
1871 2923 2038 2977 tuisse

470 3011 636 3065 verba
670 3013 870 3075 facere,
897 3028 964 3067 eo
996 3023 1055 3066 ut
1082 3027 1331 3068 caverem
1365 3014 1499 3067 mibi
1530 3030 1597 3067 ne
1628 3014 1882 3068 ludibriis
1903 3015 2035 3068 mihi

471 3103 845 3158 obtrectarent
868 3119 1083 3172 unaque
1113 3104 1235 3158 aliis
1257 3106 1350 3174 qui
1385 3104 1590 3161 indocti
1619 3114 1746 3160 sunt
1777 3122 1845 3159 ne
1880 3106 2039 3161 facile

473 3210 504 3249 a
578 3196 825 3250 scelestis
903 3195 1196 3264 impietatis
1251 3197 1576 3266 praesidibus
1629 3197 2036 3267 deciperentur.

468 3286 628 3341 Nunc
668 3300 801 3340 vero
857 3300 981 3340 eum
1040 3301 1243 3341 vanam
1281 3303 1473 3342 eorum
1519 3288 2034 3344 demonstrationem

2142 816 2251 870 τῶν
2287 819 2609 888 Πρακτικῶν
2638 820 2736 888 τῆς
2768 822 2930 887 ἁγίας
2964 823 3058 874 καὶ
3087 822 3476 891 οίκουμενικῆς
3503 822 3679 892 τρίτης

2146 911 2386 977 συνόδου,
2417 912 2512 965 καὶ
2542 913 2742 980 ὁμοίως
2775 914 2872 981 τῆς
2915 913 3171 983 ἑϐδόμης,
3208 913 3356 975 ὅπως
3402 930 3458 966 τε
3488 914 3677 981 ὲκπομ·

2147 1004 2372 1058 πεύουσι
2428 1006 2519 1057 καὶ
2575 1005 3034 1075 ἀναθεματίζουσι
3083 1006 3181 1067 τὰς
3219 1004 3468 1075 μυσαρὰς
3518 1005 3678 1058 αὐτῶν

2143 1096 2430 1163 ἐργασίας,
2484 1097 2577 1149 καὶ
2613 1098 2760 1160 ὅπως
2808 1099 2934 1157 τοὺς
2975 1097 3170 1160 αὐτοὺς
3212 1095 3591 1158 Μασαλιανούς
3628 1113 3680 1148 τε

2143 1187 2368 1241 καλοῦσι
2418 1191 2507 1242 καὶ
2548 1190 2994 1256 Μαρκιωνιστάς.
3036 1189 3352 1259 ’Λρκὲσουσι
3404 1187 3451 1240 δ’
3481 1188 3555 1240 ἔτι
3602 1188 3685 1240 καὶ

2143 1278 2237 1332 νῦν
2266 1281 2321 1339 ἐς
2349 1280 2581 1349 δήλωσιν
2608 1281 2742 1334 ἄλλα
2765 1300 2825 1335 τε
2847 1282 3073 1336 πλεῖστα
3106 1282 3385 1351 μαρτύρια
3414 1282 3506 1335 καὶ
3530 1283 3680 1349 σαφῆ,

2140 1375 2234 1426 καὶ
2258 1374 2364 1440 πρό
2392 1391 2454 1442 γε
2489 1376 2705 1429 πάντων
2737 1377 2785 1427 οἱ
2812 1377 2874 1428 ἐκ
2905 1376 2998 1430 τοῦ
3026 1376 3177 1430 Ἀθω
3206 1376 3296 1429 τοῦ
3320 1376 3478 1446 ὅρους
3502 1375 3589 1429 καὶ
3614 1374 3686 1439 δὶς

2143 1465 2238 1516 καὶ
2272 1463 2390 1531 τρὶς
2420 1464 2515 1517 καὶ
2557 1464 2820 1529 πολλάκις
2852 1466 3170 1536 ἐληλυθότες
3206 1465 3688 1545 πεπαρρησιασμέ-

2139 1575 2222 1609 νοι
2265 1558 2361 1611 καὶ
2400 1556 2655 1627 ὕπαιθροι
2686 1559 2862 1627 τόμοι,
2904 1558 2972 1612 τὰ
3017 1560 3222 1614 τούτων
3251 1560 3452 1628 αἰσχρά
3494 1558 3610 1611 καθ’
3636 1559 3689 1610 ἓ-
3766 1628 3769 1631 _
3862 1618 3865 1620 η

2143 1665 2323 1701 καστα
2362 1650 2755 1718 παριστῶντες.
2790 1651 2932 1706 Ἀλλ’
2964 1652 3013 1705 εί
3047 1652 3146 1721 μέν
3190 1651 3335 1703 τοῦτ’
3364 1647 3431 1720 ἦν
3454 1652 3482 1704 ὁ
3510 1650 3603 1717 τῆς
3631 1650 3683 1717 ή-

2146 1737 2265 1805 μῶν
2311 1737 2598 1802 εύσεϐείας
2630 1742 2725 1795 καὶ
2761 1741 2998 1803 πίστεως
3032 1742 3177 1811 ὅρος,
3214 1741 3414 1794 εἰδέναι
3444 1740 3558 1803 πῶς
3592 1740 3691 1793 Θα-

2141 1826 2261 1896 ϐὼρ
2310 1828 2403 1882 καὶ
2448 1830 2671 1899 Ἐρμὼν
2714 1834 2773 1885 ἐν
2805 1832 2881 1899 τῷ
2920 1834 3142 1902 ὀνόματι
3192 1834 3399 1901 Κυρίου
3444 1832 3691 1900 ἠγαλλιά-

2143 1936 2327 1985 σαντο,
2362 1922 2456 1974 καὶ
2495 1923 2575 1985 είς
2603 1922 2749 1976 τοῦτ’
2792 1924 3038 1992 ἀνάγκης
3087 1918 3157 1993 ἦν
3195 1924 3254 1977 τὸ
3283 1925 3692 1993 περιιστάμενον

2143 2007 2242 2071 τάς
2292 2012 2407 2062 ἐκεῖ
2452 2011 2891 2079 θαυματοποιίας
2925 2012 3123 2065 εἰδέναι
3177 2013 3273 2067 καὶ
3317 2012 3544 2074 ταύταις
3596 2013 3690 2079 τῆς

2145 2099 2569 2168 προσκυνήσεως
2596 2100 2781 2169 νέμειν
2804 2101 2862 2153 τὸ
2891 2099 2953 2172 [ί.
2984 2101 3076 2156 ibi
3114 2101 3189 2173 v.1
3219 2103 3533 2170 κράτιστον,
3556 2102 3693 2171 πρῶ-

2140 2204 2233 2239 τον
2263 2187 2362 2258 μέν
2393 2190 2572 2255 σοφῶν
2615 2190 2827 2259 ἀνδρῶν
2856 2193 3026 2245 ἐδεῖτο
3067 2193 3202 2262 πρὸς
3228 2194 3456 2264 ἔρευναν
3495 2197 3693 2261 τάσφα-

2139 2281 2263 2343 λοῦς
2291 2281 2517 2351 ἀκριϐῆ,
2557 2284 2651 2337 καὶ
2690 2283 2842 2337 οὐδὲν
2890 2285 2956 2339 ἂν
2982 2281 3049 2356 ἦν
3079 2287 3411 2355 ἀδικώτερον
3442 2288 3579 2342 κατὰ
3607 2289 3692 2341 τδν

2142 2373 2366 2427 εἰπόντα
2388 2373 2489 2443 τῆς
2515 2375 2795 2444 ἡμετέρας
2824 2375 3080 2441 πίστεως,
3113 2379 3159 2430 εἰ
3188 2377 3247 2431 τὸ
3284 2379 3449 2431 πλέον
3484 2373 3624 2447 εἶχον
3647 2379 3691 2431 oi

2141 2467 2313 2531 σοφοὶ,
2368 2466 2459 2517 καὶ
2504 2465 2604 2519 οὐκ
2642 2465 2732 2521 ἐπ’
2759 2466 2882 2538 ῐσης
2922 2467 3015 2522 τοῦ
3052 2470 3319 2532 σώζεσθαι
3361 2473 3497 2524 πᾶσι
3533 2470 3692 2540 μετῆν

2138 2555 2438 2623 ὁμοφύλοις
2468 2557 2561 2610 καὶ
2595 2559 2945 2629 ὁμογνώμοσι
2979 2562 3076 2629 τὴν
3116 2562 3424 2625 εὐσέϐειαν,
3456 2563 3566 2616 εἴτε
3592 2562 3693 2616 τῶν

2141 2651 2386 2701 σκυτέων
2433 2666 2517 2713 τις
2552 2651 2638 2718 εἴη
2664 2653 2760 2705 καὶ
2792 2653 3115 2705 σκαπανέων
3145 2656 3239 2708 καὶ
3286 2653 3444 2717 εἴτις
3478 2655 3585 2706 τῶν
3613 2672 3691 2706 σο-

2140 2740 2368 2807 φιστῶν.
2400 2742 2666 2812 Δεύτερον
2704 2743 2750 2797 δ’
2770 2743 2980 2813 εἴποιμι
3006 2744 3072 2798 ἂν
3103 2744 3177 2807 ὡς
3203 2746 3281 2808 είς
3308 2746 3486 2814 βίαιόν
3514 2764 3566 2799 τι
3607 2748 3694 2800 καὶ

2139 2833 2547 2903 ἀναπόδραστον
2577 2834 2637 2888 τὸ
2672 2837 2770 2903 τῆς
2802 2836 3046 2907 ἀνάγκης
3089 2836 3335 2890 ἐνταυθοῖ
3382 2838 3694 2905 περιίστατο

2136 2924 2421 2991 τρόπαιον,
2456 2927 2584 2995 περὶ
2615 2925 2809 2979 πολλοῦ
2861 2926 3012 2996 μέντ’
3047 2927 3112 2980 ἂν
3142 2931 3236 2980 καὶ
3267 2927 3454 2995 αὐτὸς,
3500 2929 3693 2998 μᾶλλον

2136 3015 2192 3069 δὲ
2219 3016 2315 3068 τοῦ
2359 3017 2558 3080 παντὸς
2588 3017 2888 3087 ἐποιούμην
2917 3018 2979 3071 τὸ
3022 3020 3203 3087 λέγειν
3233 3019 3492 3085 ἐνταῦθα,
3536 3022 3695 3089 ἐμαυ-

2135 3109 2232 3161 τοῦ
2267 3096 2326 3162 τε
2364 3090 2841 3180 προμηθούμενος,
2896 3110 2970 3173 ὡς
3025 3111 3098 3180 μὴ
3151 3111 3544 3182 διαϐαλλοίμην
3590 3114 3694 3175 τοῖς

2139 3201 2578 3268 φιλοσκώμμοσι,
2625 3203 2719 3254 καὶ
2748 3202 2865 3270 ἃμα
2907 3203 3014 3255 τῶν
3059 3202 3459 3273 ἀφελεστέρων,
3510 3204 3584 3266 ὡς
3623 3204 3693 3273 μὴ

2139 3292 2336 3364 ῥᾳδίως
2369 3293 2717 3362 ἐξαπατῷντο
2747 3293 2882 3363 πρὶς
2905 3295 3012 3347 τῶν
3042 3295 3273 3348 ἀνοσίων
3307 3296 3404 3357 τῆς
3444 3296 3695 3356 ἀσεϐείας

468 3397 594 3437 esse
615 3381 776 3436 nobis
799 3378 933 3434 satis
946 3380 1181 3446 eluceat,
1199 3391 1254 3435 et
1280 3381 1486 3437 frustra
1504 3398 1601 3436 eos
1619 3392 1669 3436 et
1689 3381 1807 3437 sine
1831 3389 2030 3436 eventu

2138 3387 2438 3461 προέδρων.
2469 3385 2584 3439 Νῢν
2618 3385 2662 3439 δ’
2685 3387 2874 3452 ἐπειδὴ
2908 3387 3144 3452 ματαίαν
3168 3386 3431 3451 ἐπίδειξιν
3466 3382 3603 3440 εἶναι
3635 3387 3693 3439 τδ

467 3477 900 3531 concertationis
925 3477 1154 3529 multum
1178 3477 1354 3529 lutum
1388 3475 1719 3538 concitasse,
1744 3484 1945 3541 tacere,
1971 3482 2030 3529 ut

466 3566 603 3632 dixi,
638 3565 903 3620 malebam
930 3579 1094 3633 quam
1122 3564 1328 3625 dicere,
1369 3578 1482 3617 nec
1514 3578 1646 3618 vero
1671 3578 1736 3617 ea
1767 3563 1837 3617 de
1863 3577 2024 3617 causa

448 3671 533 3712 ac
560 3657 603 3710 si
637 3656 821 3710 dicere
848 3655 1071 3709 omnino
1104 3670 1202 3724 per
1234 3672 1292 3710 se
1323 3655 1517 3709 inutile
1563 3666 1728 3719 esset,
1759 3656 1853 3710 sed
1900 3657 2030 3725 quia

465 3749 629 3805 nobis
651 3748 770 3818 ipso
793 3763 861 3803 co
889 3758 1133 3816 tempore
1164 3747 1359 3802 inutile
1391 3748 1508 3803 fore
1533 3748 1841 3803 videbatur.
1876 3747 2030 3813 Quod

466 3841 898 3910 inopportnnum
926 3854 1049 3893 esse
1078 3848 1132 3893 et
1166 3839 1325 3893 nobis
1378 3848 1633 3907 tanquam
1668 3839 1869 3907 probro
1915 3839 2031 3893 fore

466 3936 645 4004 ipsum
679 3931 813 3986 illud
849 3940 1065 3998 tempus
1101 3931 1233 3984 satis
1258 3930 1533 3991 monebat.
1557 3928 1632 3983 De
1658 3930 1857 3998 quibus
1876 3929 2027 3984 enim

464 4024 824 4096 quaestionem
858 4033 1174 4092 proponunt
1204 4037 1312 4075 non
1360 4021 1758 4084 necessariam,
1789 4022 1907 4076 haec
1937 4037 2027 4076 re-

463 4117 813 4187 sponsionem
834 4114 1200 4169 necessariam
1225 4128 1330 4167 non
1363 4112 1660 4181 postulant.
1680 4110 1857 4167 Audio
1879 4115 2024 4168 enim

467 4188 724 4279 magnum
773 4206 1035 4261 Basiliam
1078 4204 1298 4275 quando
1361 4202 1431 4258 ab
1482 4204 1699 4258 Arianis
1749 4215 2032 4275 rogaretur

464 4312 526 4358 ut
550 4303 896 4360 enuntiatum
956 4300 1134 4353 «Deus
1183 4296 1391 4351 ereavit
1445 4312 1562 4350 me:
1627 4297 1923 4366 explicaret
1974 4297 2026 4351 id

467 4395 789 4465 repudiasse
821 4400 875 4445 et
904 4389 1108 4444 silentii
1145 4402 1366 4442 causam
1392 4402 1513 4441 eam
1547 4387 1850 4456 professum
1881 4403 2028 4452 esse,

465 4487 614 4558 quod
646 4487 797 4539 nulla
815 4483 918 4538 sibi
949 4482 1017 4536 de
1047 4480 1315 4551 ejusmodi
1340 4481 1610 4534 sententia
1639 4480 1854 4534 dicendi
1885 4490 2033 4535 esset

466 4580 786 4642 necessitas,
810 4574 1113 4645 praesertim
1133 4587 1257 4625 eum
1278 4587 1378 4640 per
1401 4572 1711 4641 parabolam
1726 4573 2027 4627 etobseura

465 4670 633 4724 verba
665 4674 720 4721 et
750 4667 1034 4734 aenigmata
1067 4663 1276 4731 prolata
1315 4670 1520 4727 essent,
1580 4676 1649 4715 ne
1696 4663 1789 4730 qui
1816 4663 2032 4716 audiret

2137 3478 2372 3545 πρᾶγμα
2433 3478 2720 3529 κατανοεῖν
2770 3477 2900 3544 ἡμῖν
2960 3478 3344 3544 παραγίνεται,
3383 3478 3477 3530 καὶ
3533 3478 3694 3531 πολὺν

2140 3571 2258 3639 μὲν,
2306 3568 2564 3638 ἀνόνητον
2592 3567 2646 3621 δὲ
2677 3568 2772 3622 κοιλ¹
2817 3567 2937 3636 εἰκῇ
2986 3568 3077 3619 τὸν
3108 3569 3206 3637 τῆς
3243 3568 3420 3636 ἔριδος
3450 3569 3694 3621 ἐντεῦθεν

2134 3662 2408 3731 κονιορτδν
2442 3659 2815 3727 ἐγειρόμενον,
2862 3659 3042 3729 σιγᾷν,
3076 3659 3151 3721 ὡς
3195 3661 3435 3728 εἴρηται,
3483 3660 3691 3712 ἐϐουλό·

2138 3770 2246 3822 μην
2278 3752 2344 3805 ἂν
2375 3750 2632 3819 μᾶλλονῆ
2667 3750 2869 3818 λέγειν,
2906 3751 2965 3803 ού
3009 3752 3071 3802 τὸ
3113 3751 3294 3818 λέγειν
3330 3750 3407 3815 ὡς
3440 3753 3695 3823 ἀνόνητον

2135 3845 2276 3898 κατά
2325 3848 2488 3911 φύσιν
2531 3843 2774 3914 ύπάρχον
2820 3844 3230 3912 ἀποσειόμενος,
3284 3846 3402 3898 ἀλλ’
3442 3846 3518 3907 ὡς
3566 3849 3697 3917 ἡμῖν

2135 3938 2380 4007 ὑπάρχον
2420 3938 2678 4005 ἀνόνητον
2711 3937 2857 4004 ἄρτι,
2903 3937 3002 4005 τὴν
3036 3937 3240 4004 ἀωρίαν
3274 3940 3414 4001 τέως
3452 3940 3545 3992 τοῦ
3576 3941 3695 4008 χρό-

2130 4048 2225 4082 νου
2260 4028 2511 4097 καθάπερ
2531 4028 2654 4081 τινὰ
2675 4028 2868 4096 κηλῖδα
2889 4031 3352 4096 ωμπεπτωκυίαν
3369 4029 3691 4096 ὀθενδηπστ-

2134 4121 2226 4175 οὖν
2269 4119 2424 4188 παρά
2463 4120 2522 4172 τὸ
2550 4119 2696 4181 είκδς
2734 4118 3138 4187 ἀναδεξαμένου
3162 4136 3174 4150 ο
3212 4119 3246 4173 ἃ
3276 4123 3383 4189 γὰρ
3412 4123 3693 4192 ἐνδεχομέ.

2133 4231 2232 4281 νην
2255 4212 2353 4265 ούκ
2387 4210 2694 4277 ἀναγκαίαν
2718 4209 2787 4262 .δέ
2809 4210 3208 4277 προϐάλλονται
3244 4212 3498 4280 ζήτησιν,
3530 4213 3693 4265 ταῦτα

2132 4302 2354 4363 πάντως
2379 4300 2489 4352 οὐδ’
2521 4299 2826 4367 ἀναγκαίαν
2866 4298 2989 4351 τινὰ
3014 4298 3111 4367 τὴν
3142 4300 3437 4367 ἀπόκρισιν
3480 4304 3696 4355 ἀπαιτεῖ

2135 4392 2436 4463 πανταχοῦ.
2474 4391 2681 4446 Ἀκούω
2709 4391 2817 4460 γὰρ
2849 4391 2939 4444 καὶ⁸
2992 4391 3086 4443 τοῦ
3128 4392 3369 4460 μεγάλου
3417 4394 3691 4446 Βασιλείου

2134 4483 2613 4557 περιφρονοῦντος,
2642 4483 2806 4536 ὁπότε
2846 4484 2983 4551 πρὸς
3025 4482 3133 4536 τῶν
3185 4484 3488 4553 Ἀρειανῶν
3533 4487 3694 4539 ἀπαι-

2132 4580 2276 4631 τοῖτο
2305 4577 2404 4646 τὴν
2421 4575 2539 4640 τοῦ,
2579 4595 2597 4627 ι
2632 4575 2837 4643 Κύριος
2868 4575 3048 4629 ἔκτισε
3082 4592 3175 4642 με,
3217 4594 3235 4626 ι
3274 4577 3465 4646 φωνὴν
3489 4577 3694 4645 ἐξηγεί-

2135 4669 2283 4728 σθαι,
2317 4667 2411 4719 καὶ
2441 4666 2541 4734 τῆς
2566 4667 2727 4736 σιγῆς
2754 4666 2852 4734 τὴν
2877 4665 3054 4718 αἰτίαν
3085 4667 3410 4733 φάσκοντος,
3443 4670 3518 4737 μὴ
3559 4664 3692 4721 εἶναι

465 4761 630 4832 399
658 4759 898 4827 ambigui
930 4756 1189 4825 quiddam
1214 4755 1339 4809 inde
1362 4755 2029 4825 coriciperet.3Eadenique

2138 4757 2332 4828 δηλαδὴ
2386 4756 2656 4826 μηδεμίαν
2712 4757 2960 4825 ἀνάγκην
3018 4756 3147 4825 περὶ
3208 4755 3467 4827 τοιαύτης
3522 4758 3691 4827 λέγειν

464 4857 534 4910 de
562 4871 726 4910 causa
771 4867 872 4922 ego
916 4865 1132 4920 quoque
1189 4861 1368 4905 tacere
1417 4850 1490 4904 ibi
1549 4850 1836 4915 malebam,
1867 4849 2030 4919 idque

464 4960 575 4999 non
603 4944 779 4997 solum
805 4952 1028 5011 propter
1057 4956 1118 4995 ea
1143 4956 1263 5009 qua:
1285 4956 1446 5009 supra
1470 4941 1718 5010 exposui,
1746 4938 1842 4994 sed
1864 4940 2029 4993 etiam

465 5045 691 5108 propter
726 5035 957 5104 plurima
996 5035 1121 5089 alia.
1174 5034 1312 5089 Sunt
1335 5034 1479 5088 enim
1508 5034 1600 5103 qui
1628 5048 1881 5087 sermone
1908 5049 2033 5102 per—

466 5133 657 5200 spicuo
695 5140 939 5197 utantur,
993 5131 1083 5185 alii
1137 5132 1226 5199 qui
1254 5143 1482 5199 prorsus
1536 5142 1643 5180 non
1694 5125 2028 5197 perspicuo;

465 5225 557 5293 qui
594 5224 696 5278 etsi
749 5225 1085 5295 argumentis
1139 5239 1247 5277 non
1284 5221 1544 5275 differunt
1572 5237 1601 5274 a
1638 5219 1816 5286 nobis,
1846 5228 2025 5273 tamen

466 5318 651 5373 verbis
685 5327 740 5371 et
769 5317 994 5371 vocibus
1028 5316 1142 5370 suis
1175 5311 1551 5385 peculiaribus
1581 5311 1804 5366 differre
1830 5310 2026 5364 viden-

470 5419 558 5464 tur
589 5410 654 5464 iis
684 5410 775 5478 qui
804 5408 1008 5462 indocti
1042 5417 1171 5461 sunt
1197 5416 1253 5459 et
1285 5405 1484 5473 quibus
1510 5418 1693 5459 sacras
1718 5402 2035 5472 Seripturas

470 5501 525 5554 in
555 5498 986 5555 controversiam
1021 5496 1224 5550 ducere
1256 5496 1450 5563 placet.
1517 5494 1633 5546 Alio
1664 5502 1845 5547 autem
1876 5490 2037 5544 modo

472 5590 785 5659 intelligunt
815 5589 908 5657 qui
945 5587 1000 5642 in
1034 5583 1347 5654 huiusmodi
1378 5585 1540 5637 rebus
1569 5582 1798 5636 nimium
1822 5596 2037 5648 semper

472 5680 766 5749 exquirere
817 5686 879 5732 'ct.
930 5693 1027 5745 per
1077 5675 1365 5742 allegorias
1414 5673 1599 5728 dicere
1641 5673 1874 5734 volunt;
1929 5668 2037 5724 alio

479 5772 643 5825 modo
670 5771 761 5837 qui
797 5768 1121 5837 simpliciter
1150 5765 1496 5832 interpretari
1525 5772 1578 5818 ct
1614 5764 1887 5818 illustrare
1918 5769 2035 5814 stu-

2134 4849 2343 4919 φωνῆς,
2372 4849 2463 4901 καὶ
2493 4846 2665 4901 ταῦτα
2688 4846 2774 4901 διὰ
2799 4846 3124 4916 παραϐολῶν
3161 4848 3257 4900 καὶ
3286 4849 3583 4901 σκοτεινῶν
3611 4850 3690 4901 λό-

2133 4959 2246 5010 γων
2269 4940 2361 4994 καὶ
2385 4940 2726 5008 αἰνιγμάτων
2772 4939 3266 5009 προενηνεγμένης,
3290 4938 3364 5000 ὡς
3394 4941 3568 5008 μηδὲν
3596 4942 3687 4993 ἀν-

2132 5033 2546 5102 αμφισϐἡτητον
2570 5027 2713 5084 εἶναι
2742 5030 2929 5084 λαϐεῖν
2960 5030 3020 5095 ἐξ
3070 5031 3244 5099 αὐτῆς
3278 5031 3369 5084 τὸν
3402 5034 3687 5087 ἀκούοντα.

2135 5125 2235 5177 Διά
2260 5123 2405 5191 γοῦνλ
2418 5122 2592 5175 ταῦτα
2636 5119 2792 5187 κάγὼ
2828 5122 3041 5191 σιωπᾷν
3085 5121 3387 5190 ἐϐουλόμην
3417 5124 3582 5186 αὐτὸς
3608 5125 3691 5175 ὲν.

2133 5216 2346 5268 ταυθοῖ.
2376 5215 2481 5266 Καὶ
2515 5213 2590 5283 μὴ
2621 5213 2783 5281 μόνον
2808 5212 2875 5265 δι’
2903 5211 2939 5266 ἃ
2970 5214 3583 5282 προαπηριθμησὰμην,
3613 5216 3690 5268 ὅτι

2139 5306 2214 5378 μὴ
2237 5306 2332 5361 καὶ
2365 5305 2542 5358 ἄλλων
2567 5305 2739 5372 δήπου
2766 5304 3036 5356 πλείστων
3060 5303 3248 5357 ἕνεκα.
3280 5306 3389 5357 Καὶ
3427 5308 3537 5376 γὰρ
3568 5306 3690 5357 ἔνιοι

2138 5396 2238 5464 μὲν
2269 5393 2539 5463 σαφηνείᾳ
2582 5391 2849 5462 γλώττης,
2886 5390 3018 5444 ἔνιοι
3072 5391 3114 5443 δ’
3152 5392 3352 5461 ἥκιστα
3377 5393 3687 5463 κέχρηνται,

2136 5487 2233 5539 καὶ
2259 5488 2309 5538 εἰ
2339 5486 2416 5553 μὴ
2443 5486 2566 5547 ταῖς
2590 5484 2843 5547 ἐννοίαις,
2869 5483 2983 5535 ἀλλ’
3006 5473 3101 5534 οὖν
3138 5487 3201 5552 τῇ
3238 5501 3300 5549 γε
3335 5482 3479 5546 λέξει
3507 5486 3599 5537 καὶ
3618 5479 3688 5549 τῷ

2134 5578 2235 5644 τῆς
2265 5577 2520 5646 φράσεως
2558 5575 2799 5644 σχήματι
2833 5575 3172 5644 διενηνέχθαι
3204 5575 3454 5627 δοκοῦσιν
3479 5571 3686 5643 ἐνιαχοῦ

2135 5668 2244 5726 τοῖς
2271 5664 2499 5732 ἀμαθῶς
2521 5680 2579 5716 τε
2605 5663 2701 5717 καὶ
2735 5663 3024 5731 ἐριστικῶς
3056 5665 3177 5725 ταῖς
3206 5663 3450 5734 Γραφαίς
3480 5659 3687 5730 ὁμιλοῦ-

2140 5775 2241 5811 σιν.
2277 5758 2385 5812 Kal
2423 5757 2594 5821 ἄλλως
2651 5758 2747 5826 μὲν
2788 5752 2869 5820 οἷς
2923 5756 2989 5811 τὰ
3053 5757 3179 5826 περὶ
3231 5756 3421 5809 τούτου
3452 5753 3565 5820 πῶς
3595 5750 3687 5824 μὲν
