4046 6290
422 355 524 417 353

1354 360 1793 419 ΒΥΖΑΧἸῚΝᾸΞ
1838 357 2216 416 HISTORIE
2264 357 2408 414 LIB.
2454 358 2696 416 XXXII.

3550 363 3654 423 ειδι

423 472 812 540 ἐγκωμιάζειν,
836 475 949 538 πῶς
973 475 1017 528 δ’
1038 476 1380 544 ἀναγωγικόν
1408 495 1530 531 τινα
1554 478 1733 545 λέγειν
1775 477 1976 546 τρόπον

2097 473 2224 527 dent
2279 473 2390 542 ipsa
2449 485 2654 527 tantum
2690 473 2832 527 nuda
2866 474 3141 544 Evangelii
3187 476 3349 530 verba
3384 477 3499 531 sine
3543 481 3651 532 ulla

422 563 514 616 καὶ
543 564 984 634 ἀλληγοροῦντας
1009 567 1264 632 διεξιέναι
1296 569 1531 634 ἔπεισιν,
1568 569 1742 631 ἄλλως
1790 570 1846 622 δὲ
1872 570 1983 629 τοῖς

424 653 607 715 ἀτελῶς
636 655 964 724 ἑρμηνεύειν
997 659 1091 710 καὶ
1125 659 1436 726 ἐξηγεῖσθαι
1469 659 1860 728 προελομένοις
1890 659 1985 726 μό-

422 760 520 807 νας
568 747 738 808 αὐτὰς
796 749 890 800 τοῦ
928 749 1268 817 Εὐαγγελίου
1303 751 1402 810 τάς
1439 752 1624 819 ῥήσεις
1673 749 1985 819 φιλοτιμίας

421 835 640 906 ἀπάσης
665 839 840 902 ἐκτὸς,
874 841 968 892 καὶ
995 839 1418 903 ἀνακαλύπτειν,
1459 841 1580 890 ὅσον
1613 837 1857 907 ἐφικτὸν,
1895 837 1987 889 τὸν

418 928 740 996 ἐγκείμενον
767 933 887 994 ταῖς
924 931 1101 992 λέξεσι
1136 930 1262 983 νοῦν
1293 931 1556 1000 ἀκριϐῶς,
1587 933 1682 984 καὶ
1713 931 1876 983 πλέον
1900 930 1990 982 οὐ-

419 1019 508 1072 δὲν
552 1022 866 1091 περαιτέρω
894 1024 1076 1090 ζητεῖν
1100 1036 1113 1051 ·
1161 1022 1337 1084 ἄλλως
1365 1022 1422 1075 δὲ
1454 1024 1567 1084 τοῖς
1597 1021 1692 1074 νῦν
1729 1022 1820 1073 ἐπὶ
1855 1037 1988 1089 συγ-

420 1111 576 1180 χύσει
599 1114 696 1181 τῆς
712 1113 994 1177 εὐσεῦείας
1019 1116 1328 1182 ὲπιιρυεῖσιν
1354 1114 1631 1176 ἀσεϐέσιν,
1662 1114 1710 1166 οἳ
1734 1113 1831 1183 τὴν
1862 1113 1990 1181 μίαν

419 1204 677 1256 ἀκτιστον
705 1205 934 1274 θεότητα
980 1209 1116 1277 πρὸς
1146 1207 1406 1276 ἀπείρους
1462 1208 1555 1259 καὶ
1583 1206 1868 1275 διαφόρους
1902 1205 1990 1256 τέο

424 1307 640 1360 μνουσι,
671 1295 763 1345 καὶ
792 1295 908 1362 ἅμα
961 1297 1092 1366 ὁρᾷν
1122 1297 1399 1365 αἰσθητοῖς
1457 1297 1754 1365 ὀφθαλμοῖς
1790 1297 1988 1362 ἐγκαυ-

421 1378 624 1445 χῶνται
651 1381 745 1432 καὶ
772 1383 980 1450 ὁμιλεῖν
1009 1384 1068 1447 ἐξ
1101 1385 1241 1436 οἴνου
1274 1385 1370 1437 καὶ
1403 1385 1614 1453 τρυφῆς
1645 1384 1985 1450 Παλαμικῆς.

420 1471 481 1522 ὃν
500 1472 762 1525 ἀδύνατον
794 1473 921 1525 ἰδεῖν
947 1475 1351 1546 μεμαθήκαμεν
1377 1477 1503 1547 μήτ’
1532 1475 1834 1543 ἀνθρώπων
1866 1475 1990 1546 μήτ’

421 1562 667 1628 ἀγγέλων
694 1563 914 1614 οὐδένα·
947 1565 1123 1627 ἄλλως
1153 1566 1196 1616 δ’
1233 1562 1387 1628 αὖθις
1423 1570 1533 1629 τοῖς
1555 1567 1844 1634 ἑπομένοις
1896 1567 1993 1634 βα-

424 1652 648 1715 ναύσοις
679 1655 774 1706 καὶ
805 1656 1247 1724 τριωὸολιμαίοις
1278 1659 1652 1726 γυναικαρίοις
1681 1661 1770 1710 καὶ
1796 1658 1990 1726 ἀνδρας

423 1744 580 1814 ρίοις.
626 1745 714 1808 Ὠς
769 1742 909 1800 εἶναι
974 1749 1313 1814 πολλαπλοῦς
1366 1753 1460 1804 καὶ
1508 1751 1806 1812 πολυειδεῖς
1860 1751 1988 1811 τοὺς

2091 566 2452 619 ωειίιιιειιὶοιιο
2483 576 2537 619 et
2577 568 2826 635 detege-re
2859 578 3122 635 quantum
3158 568 3274 621 ﬁeri
3305 571 3475 638 possit
3501 586 3655 625 aecu-

2103 665 2220 708 rate
2249 671 2370 724 qme
2403 655 2584 708 verbis
2615 655 2802 709 subest
2836 657 3189 721 sententiam,
3221 675 3400 728 neque
3434 661 3526 728 qui
3577 662 3658 712 ul-

2091 747 2262 799 terius
2298 745 2596 815 quidquam
2628 745 2995 815 indagandum
3028 763 3147 801 esse
3179 758 3395 816 putant.
3443 751 3656 804 Rursus

2089 837 2194 891 alio
2237 839 2394 890 modo
2423 837 2643 891 differre
2666 838 2922 891 videntur
2953 840 3041 905 iis,
3077 842 3167 910 qui
3197 842 3359 896 hodie
3391 843 3512 912 pios
3541 845 3660 897 ani-

2091 942 2208 979 mos
2247 929 2569 995 perturbare
2610 927 2831 981 student
2880 929 3083 998 impiis,
3121 933 3324 1001 quique
3359 950 3519 986 unam
3576 935 3659 987 in-

2091 1026 2325 1069 creatam
2384 1015 2641 1068 deitatem
2695 1015 2747 1068 in
2785 1015 3028 1068 inﬁnitas
3080 1026 3133 1070 et
3192 1021 3542 1073 multimodas
3575 1022 3658 1072 di-

2091 1107 2370 1170 scindunt,
2407 1107 2679 1174 simulque
2713 1107 2899 1161 videre
2933 1123 3050 1160 eam
3085 1109 3246 1165 claris
3278 1111 3450 1164 oculis
3474 1127 3531 1164 se
3573 1112 3656 1179 ja-

2093 1204 2244 1248 Ctant
2283 1204 2338 1248 et
2361 1197 2684 1264 conjunctos
2714 1213 2772 1250 se
2803 1213 2922 1252 esse
2955 1209 3076 1266 post
3131 1201 3315 1253 vinum
3352 1210 3406 1252 et
3437 1217 3653 1254 comes-

2094 1287 2361 1337 sationem
2393 1286 2717 1339 Palamicam
2749 1302 2870 1340 cum
2903 1304 2965 1342 ea
2993 1305 3153 1352 quam
3183 1306 3282 1344 nos
3313 1306 3656 1359 nequaquam

2092 1377 2246 1430 cerni
2275 1392 2437 1446 posse
2475 1378 2770 1433 didicimus
2797 1395 2973 1448 neque
3005 1380 3071 1434 ah
3095 1382 3314 1436 homine
3340 1384 3448 1435 ullo
3480 1400 3657 1451 neque

2091 1469 2158 1520 ab
2197 1469 2426 1536 angelis.
2467 1469 2713 1538 Denique
2749 1471 2854 1523 alio
2886 1473 3043 1524 modo
3078 1474 3412 1541 intelligunt,
3442 1489 3561 1542 quae
3601 1475 3657 1527 in

2093 1560 2353 1614 comitatu
2423 1575 2642 1629 semper
2691 1571 2778 1614 est
2810 1562 2960 1630 plebs
2996 1579 3025 1616 e
3072 1565 3312 1618 talrernis
3343 1575 3399 1618 et
3434 1565 3658 1632 perditae

2091 1651 2336 1720 vileSque
2411 1652 2671 1705 mulieres
2736 1663 2791 1707 et
2846 1653 3186 1708 hoiuunculi.
3244 1656 3431 1724 Itaque
3481 1656 3539 1708 ﬁt
3598 1665 3658 1708 ut

2095 1743 2424 1811 multiplices
2473 1743 2598 1796 inde
2634 1754 2688 1797 et
2737 1745 2900 1798 varia:
2934 1743 3122 1799 formae
3168 1756 3368 1801 sancta:
3393 1746 3658 1801 doctrina:

423 1836 673 1890 ἐντεῦθεν
718 1838 1124 1904 ἀποϐλύζοντας
1167 1843 1266 1912 τῆς
1298 1843 1594 1912 θρησκείας
1629 1842 1859 1912 ῥύακας,
1895 1843 1987 1894 καὶ

2095 1843 2347 1903 tanquam
2414 1835 2574 1888 rivnli
2639 1836 2948 1904 protluant;
3012 1846 3066 1891 et
3124 1838 3372 1906 profecto
3417 1840 3656 1907 cogitare

421 1928 690 1997 Πρωτέως
704 1933 943 2001 τήμερον
959 1932 1164 1986 δεῖσθαί
1181 1951 1342 1997 τινος,
1358 1933 1698 1986 ἀλλοιοῦσθαι
1716 1931 1776 2004 [Γ.
1799 1933 1897 1986 16⁵2
1916 1931 1988 2003 r.]

423 2021 725 2089 δυναμένου
771 2025 940 2092 συχνά
967 2025 1102 2095 πρὸς
1133 2027 1203 2078 τὰ
1234 2026 1465 2095 διάφορα
1510 2027 1620 2080 τῶν
1654 2028 1989 2095 ὁμιλούντων

419 2112 527 2182 ἤθη
552 2114 644 2165 καὶ
673 2113 788 2183 ἅμα
812 2116 910 2178 τάς
938 2132 997 2168 τε
1031 2118 1261 2185 γνώσεις
1286 2118 1380 2170 καὶ
1410 2117 1830 2187 διχοστατούσας
1852 2116 1991 2185 γνὼ-

424 2221 557 2271 pag.
1406 2275 1410 2280 Ι

496 2293 591 2349 LV.
623 2298 720 2352 Διά
750 2298 814 2369 δὴ
844 2299 1019 2353 ταῦτα
1065 2304 1160 2353 καὶ
1190 2302 1260 2352 τὰ
1308 2299 1536 2354 τοιαῦτα
1574 2300 1798 2371 βαθείας
1836 2300 1992 2367 σιγῆς

419 2387 705 2442 ἀνθεῖλκον
742 2389 942 2460 ἔρωτες
989 2391 1050 2443 τὺ
1094 2395 1192 2460 τῆς
1223 2393 1363 2462 ἐμῆς
1402 2392 1579 2464 ψυχῆς
1619 2391 1989 2461 λογιζόμενον,

423 2477 525 2529 καὶ
558 2479 830 2544 τοιούτους
876 2482 938 2552 δή
972 2500 1122 2545 τινας
1154 2486 1210 2535 έν
1254 2485 1482 2554 ἐμαυτῷ
1528 2485 1654 2547 τοὺς
1697 2483 1992 2553 λογισμοὺς

422 2567 691 2636 ὲξήσκουν
724 2571 854 2638 ἐγὼ,
908 2573 1096 2636 δεδιὼς
1155 2576 1229 2645 μὴ
1286 2576 1464 2644 μάτην
1506 2562 1743 2646 ἀορίστῳ
1788 2593 1848 2627 τε
1899 2574 1993 2626 καὶ

421 2659 644 2728 ἀστάτῳ
675 2663 920 2734 στοιχείῳ
949 2664 1026 2734 τῷ
1050 2666 1170 2736 ἀέρι
1204 2667 1341 2730 δόξω
1369 2667 1636 2731 δανείζειν
1669 2667 1862 2735 λόγους
1895 2668 1994 2720 αύ-

418 2751 553 2804 τίκα
589 2753 736 2821 μάλα
765 2755 1359 2825 λυθησομένους.Ἑπεὶ
1389 2760 1444 2812 δὲ
1476 2759 1811 2828 πανταχόθεν
1844 2760 1991 2828 ἡμᾶς

421 2845 771 2915 περιθέοντες
826 2848 922 2900 νῦν
953 2851 1002 2901 οἱ
1054 2849 1153 2918 τῆς
1209 2852 1842 2920 εὐσεϐείας-ἀγωνισταὶ
1896 2854 1992 2906 καὶ

420 2939 632 3007 σφόδρα
665 2939 762 3008 τῆς
787 2940 1022 3003 πίστεως
1055 2942 1409 3013 ἀντεχόμενοι
1437 2943 1828 3014 πιθανωτέροις
1859 2961 1993 3015 χρη-

421 3028 654 3096 σάμενοι
688 3030 868 3098 λόγοις
905 3032 1158 3102 ἐκθύμως
1187 3052 1246 3086 τε
1273 3035 1484 3098 ἀξιοῦσι
1521 3039 1614 3088 καὶ
1651 3036 1900 3104 ἀνάγκην
1926 3037 1990 3104 τῇ

2091 1925 2254 1996 hoc
2301 1926 2464 1979 liceat
2514 1925 2678 1977 hodie
2738 1925 2804 1980 de
2842 1926 3038 1980 Proteo
3084 1928 3177 1996 qui
3217 1929 3410 1981 crebro
3457 1929 3655 1981 mutari

2093 2025 2272 2085 potest
2331 2016 2387 2069 in
2445 2018 2627 2070 varios
2686 2032 2749 2070 ac
2809 2016 3055 2072 diversos
3129 2019 3410 2072 hominum
3476 2035 3658 2074 mores

2091 2122 2390 2176 eorumque
2419 2108 2761 2178 cognitiones
2811 2117 2864 2162 et
2899 2109 3230 2165 dissidentes
3275 2113 3416 2164 inter
3450 2126 3507 2164 se
3536 2126 3660 2164 sen-

2102 2201 2325 2256 tentias.

2163 2305 2304 2360 XlV.
2368 2307 2600 2374 Propter
2630 2305 2747 2360 hzec
2801 2316 2855 2359 et
2901 2307 3100 2360 similia
3147 2306 3238 2360 alti
3271 2305 3473 2362 silentii
3505 2323 3659 2362 amor

2094 2397 2335 2452 animum
2389 2412 2568 2450 meum
2601 2397 2895 2451 tenebatet
2928 2397 3060 2451 tales
3087 2397 3204 2451 fere
3239 2401 3381 2465 apud
3419 2413 3503 2452 me
3534 2415 3659 2454 sen-

2095 2488 2292 2541 tentias
2322 2487 2680 2540 conformavi.
2745 2487 3024 2541 T-imeham
3067 2487 3214 2542 enim
3267 2505 3332 2542 ne
3362 2497 3568 2544 temere
3603 2491 3659 2544 in

2093 2585 2274 2631 aerem
2303 2578 2633 2630 elementum
2690 2576 2962 2630 infinitum
3018 2587 3074 2630 et
3120 2577 3282 2630 inane
3334 2577 3657 2647 projicerem

2092 2671 2365 2724 orationes
2386 2669 2568 2723 statim
2589 2669 2642 2721 in
2665 2668 2895 2721 nihilum
2919 2669 3181 2722 abituras.
3203 2669 3656 2737 Quandoquidem

2094 2770 2274 2814 autem
2318 2760 2558 2826 undique
2610 2774 2709 2812 nos
2758 2761 3179 2814 circumstantes
3235 2776 3382 2815 nunc
3443 2761 3659 2829 pietatis

2092 2851 2337 2902 vindices
2381 2858 2436 2901 et
2481 2850 2824 2903 tenacissime
2853 2849 3010 2902 [idem
3037 2851 3427 2918 :nnplectentes
3454 2852 3659 2905 firmio-

2095 2942 2246 2996 ribus
2278 2942 2351 2994 uti
2382 2941 2721 3009 argumentis
2755 2955 2852 3008 par
2894 2955 3015 2993 esse
3048 2948 3240 3007 putant
3269 2950 3325 2994 et
3361 2943 3659 2996 necessita-

2095 3040 2200 3086 tem
2253 3031 2714 3101 argumentationi
2774 3031 3057 3084 adducunt
3111 3031 3354 3100 undique
3401 3031 3656 3085 collatam

419 3119 648 3181 ἀξιώσει
702 3121 969 3186 ἐπάγουσι
1009 3123 1360 3193 παντοδαπὴν
1413 3140 1538 3176 τινα
1593 3125 1686 3175 καὶ
1748 3125 1879 3175 πολὺ
1929 3125 1987 3174 τὸ

2092 3135 2146 3179 et
2185 3123 2414 3176 multum
2464 3123 2678 3177 roboris
2745 3123 3038 3177 habentem
3089 3133 3142 3178 et
3190 3134 3314 3178 vota
3343 3126 3658 3180 necessitati

418 3210 682 3280 διάπυρον
718 3214 1086 3280 κεκτημένην,
1118 3215 1212 3266 καὶ
1242 3214 1378 3280 ἀρὰς
1408 3214 1984 3284 προσεπιδαψιλεύουσι

416 3305 489 3373 τῇ
518 3305 729 3375 ἀνάγκῃ
768 3307 841 3376 μὴ
878 3307 1134 3375 περιιδεῖν
1165 3306 1676 3376 ἀναμοχλευομένην
1722 3307 1820 3377 τὴν
1849 3307 1984 3375 ἀλή-

421 3397 597 3460 θειαν,
631 3397 1040 3460 κινδυνεύοντας
1072 3399 1129 3452 δὲ
1159 3398 1287 3472 τοὺς
1335 3398 1586 3462 πολλοὺς,
1621 3399 1743 3458 τοὺς
1782 3400 1876 3467 μὲν
1907 3399 1985 3460 είς

417 3489 494 3541 τὰ
526 3487 728 3559 ἔσχατα
767 3491 868 3558 τῆς
897 3487 1182 3558 ’κακίστης
1227 3492 1335 3543 τῶν
1363 3490 1728 3544 Μασαλιανῶν
1769 3488 1986 3559 περιπί-

421 3595 580 3632 πτειν
612 3581 900 3649 αίρέσεως,
928 3583 1054 3643 τοὺς
1082 3581 1130 3633 δ’
1163 3585 1242 3644 εἰς
1284 3580 1353 3632 τὰ
1392 3582 1502 3634 τῶν
1541 3582 1889 3635 ’Δκτιστιτῶν
1924 3598 1983 3634 τε

421 3669 519 3723 καὶ
551 3671 1116 3752 Ἀφρωπομορφιτῶν
1157 3673 1428 3742 βάραθρα,
1463 3676 1588 3735 τοὺς
1621 3673 1664 3726 δ’
1711 3675 1790 3736 εἰς
1827 3674 1986 3726 ἀλλος

421 3766 620 3823 κότους
655 3766 745 3815 καὶ
790 3764 1114 3833 τερατώδεις
1146 3765 1336 3828 ἄλλους
1373 3767 1672 3836 κρημνοὺς,
1715 3765 1806 3817 καὶ
1837 3765 1986 3819 ἄκων

421 3855 692 3925 ἐξάγομαι
725 3856 904 3924 λέγειν
933 3856 967 3909 ἂ
1001 3857 1076 3926 μὴ
1103 3857 1446 3928 προῄρημαι,
1478 3857 1578 3928 τὴν
1611 3856 1706 3910 τοῦ
1742 3855 1984 3926 κρύψαν-

419 3963 515 4009 τος
548 3947 610 4000 τὸ
643 3947 812 4016 δῶρον
847 3947 970 4000 καθ’
1005 3947 1191 4017 ἕτερον
1221 3949 1419 4019 τρόπον
1467 3947 1651 4010 δεδιὼς
1685 3949 1984 4014 καταδίκην

419 4034 658 4097 ἐκείνου,
699 4033 794 4087 ἆτε
837 4036 1189 4105 στενοχωρῶν
1219 4037 1311 4088 καὶ
1355 4036 1558 4089 ἀδικῶν
1591 4037 1649 4088 τὸ
1679 4035 1785 4088 τῶν
1812 4035 1986 4102 λόγων

421 4127 662 4196 χρηστὸν
713 4125 774 4178 οὐ
807 4127 954 4197 μάλα
992 4128 1164 4190 ἄκων,
1202 4128 1414 4181 πλείοσι
1435 4126 1721 4196 φαίνεσθαι
1751 4126 1990 4199 χρηστὸν,

421 4200 831 4287 ἀφαιρούμενος
878 4218 966 4271 διὰ
1031 4219 1127 4286 τῆς
1186 4219 1368 4289 σιγῆς.
1401 4219 1671 4288 Τρέποιτο
1700 4218 1744 4272 δ’
1780 4220 1859 4281 είς
1889 4219 1987 4281 τὰς

421 4306 534 4359 τῶν
563 4307 751 4360 αἰτίων
779 4308 1023 4377 κεφαλὰς
1055 4309 1125 4362 τά
1161 4311 1260 4378 τῆς
1296 4308 1576 4378 μέμψεως,
1609 4311 1665 4360 ὲν
1705 4309 1767 4360 οὐ
1808 4309 1986 4378 καιρῷ

424 4394 776 4466 βιασαμένων
818 4397 996 4464 λέγειν
1041 4397 1108 4449 τὰ
1153 4398 1221 4466 τῇ
1255 4397 1416 4464 φύσει
1464 4397 1560 4465 μὲν
1590 4397 1803 4466 καίρια,
1831 4395 1986 4448 οῠπω

2093 3213 2354 3282 adjiciunt
2382 3213 2800 3282 neuegligamus
2828 3212 3076 3266 veritatis
3099 3213 3387 3268 cernenda;
3412 3213 3656 3268 studium

2094 3312 2149 3356 et
2197 3302 2502 3372 periculum
2549 3319 2578 3355 a
2614 3302 2892 3371 plerisque
2938 3303 3298 3357 defendamus
3347 3319 3414 3358 ne
3466 3306 3560 3358 alii
3602 3306 3658 3360 in

2093 3410 2358 3449 summam
2382 3394 2942 3464 nequitiamﬁncidaut
2963 3394 3388 3451 Masalianorum
3409 3398 3657 3463 lueresis,

2093 3485 2180 3540 alii
2202 3487 2253 3539 in
2276 3487 2459 3541 foveas
2479 3485 2845 3540 Actistitarum
2871 3497 2926 3540 et
2951 3487 3656 3558 Anthropomorphitarum,

2093 3578 2184 3632 alii
2216 3578 2271 3632 in
2300 3579 2404 3632 alia
2439 3579 2711 3648 pestiferae
2746 3587 2802 3632 et
2831 3589 3154 3634 monstrosa:
3205 3579 3429 3636 haeresis
3459 3581 3654 3650 praeci-

2091 3667 2264 3735 pitia,
2309 3667 2370 3720 ﬁt
2421 3677 2482 3722 ut
2529 3667 2616 3721 vel
2673 3667 2878 3722 invitus
2923 3683 3087 3737 cogar
3133 3668 3316 3723 dicere
3346 3686 3466 3738 quae
3497 3679 3657 3724 antea

2093 3757 2225 3810 mihi
2257 3772 2364 3810 non
2396 3758 2675 3827 proposui,
2711 3759 2919 3812 veritus
2948 3760 3057 3812 alio
3079 3761 3240 3813 modo
3268 3775 3482 3828 pmnam
3514 3763 3656 3826 ejus,

2092 3848 2185 3915 qui
2221 3846 2424 3899 donum
2463 3847 2682 3911 celavit,
2713 3854 2899 3914 utpote
2933 3854 3420 3915 coarctans‘atque
3456 3848 3656 3919 injuria

2092 3934 2331 3989 alliciens
2379 3933 2551 3990 bonas
2606 3931 2847 3988 rationes
2901 3949 3009 3988 non
3073 3934 3298 3999 invitus,
3351 3936 3656 4004 impediens

2092 4027 2310 4083 silentio
2340 4041 2483 4090 meo,
2520 4041 2589 4081 ne
2619 4025 2869 4095 pluribus
2897 4035 3189 4094 appareret
3216 4027 3445 4082 bonum.
3503 4029 3656 4084 Vitu-

2093 4121 2303 4189 perilm
2335 4125 2516 4173 autem
2571 4133 2630 4173 se
2656 4125 2835 4172 vertat
2880 4117 2934 4171 in
2981 4118 3161 4188 capita
3203 4129 3528 4184 auctorum,
3562 4124 3654 4191 qui

2092 4212 2248 4282 θοι
2277 4225 2364 4266 me
2403 4216 2699 4280 coegerunt
2724 4209 2902 4264 alieno
2949 4217 3192 4279 tempore
3218 4211 3402 4265 dicere
3435 4229 3498 4266 ea
3536 4229 3656 4281 quze

2095 4318 2193 4371 per
2238 4315 2297 4355 se
2345 4309 2656 4370 opportuna
2694 4307 2845 4363 sunt,
2896 4300 2992 4354 sed
3033 4300 3277 4354 nondum
3324 4316 3501 4370 neque
3555 4319 3653 4372 pro

2097 4392 2350 4462 praesenti
2398 4407 2579 4446 rerum
2627 4390 2943 4444 conditione
2975 4406 3150 4459 neque
3181 4405 3282 4460 pro
3313 4393 3653 4447 auditoribus

423 4485 471 4540 δ’
491 4485 617 4540 οὕτε
646 4491 760 4551 τοῖς
789 4487 1160 4558 καθεστηκόσι
1191 4491 1516 4557 πράγμασιν
1553 4488 1684 4541 ὄντα
1719 4488 1841 4540 οὔτε
1871 4492 1985 4550 τοῖς

2095 4493 2418 4552 opportuna.
2450 4482 2583 4535 Nam
2621 4482 2674 4535 in
2706 4481 3020 4534 auditorum
3053 4482 3313 4550 opinione
3343 4483 3651 4538 vincentem

424 4579 684 4633 ἀκούουσι
719 4581 932 4650 καίρια.
975 4581 1062 4632 Ἐν
1092 4581 1198 4650 γὰρ
1232 4584 1296 4650 τῇ
1328 4581 1434 4632 τῶν
1461 4581 1766 4632 ἀκουόντων
1791 4580 1987 4650 γνώμῃ

421 4676 521 4742 τὴν
553 4674 792 4726 νικῶσαν
833 4673 976 4743 ἔχειν
1010 4674 1353 4742 πεπείσμεθα
1383 4673 1564 4742 ψῆφον
1593 4672 1667 4735 ὡς
1702 4675 1771 4726 τὰ
1819 4674 1988 4726 πολλὰ

425 4769 689 4838 κειμένη-,ι
713 4767 810 4836 τὴν
840 4768 946 4820 τῶν
975 4766 1243 4835 λεγόντων
1267 4766 1544 4837 ἀλήθειαν.

496 4858 593 4910 IE'.
620 4856 836 4908 Βέλτιον
871 4855 967 4923 μὲν
997 4854 1088 4907 οὖν
1111 4850 1178 4926 ἦν
1204 4856 1268 4908 ἂν
1297 4859 1352 4908 έν
1382 4859 1495 4916 τοῖς
1519 4854 1776 4915 τοιούτοις
1805 4855 1987 4926 σιγᾷν,

428 4949 500 5011 ὡς
532 4949 872 5016 διείληπται·
903 4947 1019 5001 ἀλλ’
1055 4951 1141 5000 ὅτε
1182 4948 1246 5018 δὴ
1276 4950 1367 4999 καὶ
1395 4949 1490 5015 τῆς
1528 4949 1684 5017 σιγῆς
1713 4950 1761 5000 oi
1810 4951 1989 5018 καιροὶ

428 5045 524 5111 τὴν
555 5041 662 5093 τῶν
717 5042 1023 5110 λεγομένων
1075 5039 1479 5109 ξενοδοκοῦντες
1533 5035 1676 5110 ἦσαν
1731 5040 1988 5107 ἀσμένως

433 5137 626 5204 φορὰν,
661 5135 754 5186 καὶ
787 5133 846 5185 οὐ
873 5133 970 5202 τὴν
997 5131 1303 5198 ἀναγκαίαν
1330 5129 1424 5182 τοῦ
1447 5131 1624 5198 λέγειν
1654 5129 1986 5198 προῦϐαλλον

435 5226 731 5294 πρόφασιν.
763 5222 919 5272 Ἔστι
975 5220 1072 5288 μὲν
1118 5219 1230 5288 γὰρ
1265 5219 1358 5272 καὶ
1413 5219 1571 5287 σιγῆς
1618 5218 1830 5288 καιρὸς,
1873 5219 1987 5270 ἀλλ’

433 5316 518 5366 ὅτε
559 5312 623 5380 δὴ
662 5310 820 5380 σιγῆς
860 5309 1131 5379 δεομένοις
1178 5308 1475 5377 ἀκροαταῖς
1518 5309 1869 5374 ὲντυγχάνοι⁹
1901 5308 1988 5358 ὅτε

431 5405 472 5457 δ’
502 5404 672 5471 ἀξίοις
708 5403 802 5454 καὶ
832 5403 970 5454 πάνυ
1003 5418 1056 5453 τι
1101 5397 1384 5469 χρῄζουσι.
1424 5399 1556 5450 Τότε
1589 5398 1633 5450 δ’
1681 5394 1776 5450 οὖν
1813 5399 1904 5449 καὶ
1928 5396 1986 5448 τὸ

432 5499 775 5569 ἐνδεχόμενον
828 5498 904 5556 είς
949 5495 1047 5565 τὴν
1091 5493 1183 5546 νοῦ
1227 5491 1530 5558 ἀναγκαίου
1580 5491 1771 5560 μοῖραν
1804 5487 1987 5556 σαφῶς

433 5591 887 5659 ἀποκεκριμένον,
916 5587 1104 5657 λέληθε
1137 5586 1233 5656 τὴν
1263 5583 1356 5636 τοῦ
1387 5583 1732 5652 ἐνδεχομένου
1759 5582 1987 5650 δύναμιν

433 5682 793 5744 ἀπολωλεκὸς,
825 5679 928 5732 ὑπὸ
952 5679 1046 5749 τῆς
1077 5679 1322 5750 ἀνάγκης
1356 5674 1662 5728 καταποθὲν
1688 5673 1762 5737 ὡς
1789 5675 1983 5728 εἰπεῖν.

443 5775 735 5829 Ἀθανάτου
761 5773 868 5841 γάρ
903 5771 998 5840 τῆς
1027 5773 1300 5842 ἡμετέρας
1327 5767 1492 5837 οὔσης
1515 5767 1693 5838 ψυχῆς
1729 5766 1822 5819 καὶ
1853 5766 1987 5820 ἀθα-

2091 4585 2291 4628 sortem
2322 4573 2553 4642 positam
2586 4587 2707 4627 esse
2740 4572 3094 4639 arbitramur,
3123 4573 3195 4626 ita
3225 4585 3282 4626 ut
3314 4587 3454 4643 sirpe
3477 4575 3656 4646 jaceat

2091 4664 2389 4718 dicentium
2423 4665 2646 4718 veritas.

2163 4853 2274 4909 XV.
2300 4853 2356 4907 In
2389 4853 2476 4908 his
2500 4854 2663 4924 igitur
2692 4856 2886 4911 melius
2914 4867 3048 4925 erat,
3076 4867 3135 4912 ut
3175 4875 3545 4926 senseramus,
3581 4861 3654 4916 si-

2090 4946 2318 5001 lentium
2379 4955 2585 5009 tenere,
2649 4949 2866 5016 quando
2912 4952 3120 5005 scilicet
3161 4952 3364 5008 silentii
3409 4962 3650 5022 tempora

2093 5039 2360 5092 dictorum
2397 5038 2504 5090 vim
2536 5038 2772 5092 libenter
2804 5041 2856 5092 in
2890 5056 2947 5094 se
2980 5042 3308 5110 reciperent.
3355 5060 3530 5113 neque
3571 5045 3655 5098 di-

2091 5131 2248 5184 cendi
2279 5130 2638 5185 necessariam
2667 5147 2884 5185 causam
2935 5133 3327 5190 obtenderent.
3379 5136 3475 5192 Est
3501 5138 3649 5192 enim

2090 5221 2291 5275 silentii
2316 5231 2529 5289 tempus
2550 5233 2943 5290 opportunum,
2987 5225 3078 5277 uhi
3108 5227 3389 5282 auditores
3430 5231 3650 5286 silentio

2090 5323 2279 5380 egeant
2311 5311 2477 5378 hique
2507 5325 2573 5364 eo
2604 5311 2749 5380 digni
2780 5315 2887 5365 sint
2917 5325 2973 5368 et
2999 5315 3155 5370 valde
3180 5318 3230 5371 id
3259 5319 3504 5388 cupiant.
3531 5320 3652 5387 Quo

2091 5410 2246 5469 pacto
2268 5401 2320 5454 id
2351 5400 2496 5470 quod
2529 5401 2735 5454 licitum
2775 5412 2875 5464 est,
2913 5407 2964 5458 in
2996 5408 3340 5463 necessitatis
3361 5410 3468 5462 vim
3491 5411 3650 5479 plane

2090 5493 2389 5562 sejunctam
2419 5493 2638 5554 transit,
2676 5495 2725 5546 vi
2763 5495 2891 5551 liciti
2927 5499 3138 5569 abjecta
3172 5511 3428 5569 tanquam
3469 5519 3497 5555 a
3557 5519 3651 5556 ne-

2090 5582 2340 5636 cessitate
2368 5581 2644 5635 devorata.
2701 5584 2834 5639 Cum
2896 5589 3040 5642 cnim
3091 5591 3270 5644 anima
3323 5602 3503 5645 nostra
3551 5593 3652 5646 im-

2091 5675 2334 5728 mortalis
2368 5674 2437 5728 sit
2459 5683 2512 5728 et
2546 5674 2880 5733 immortales
2899 5697 3088 5734 eorum
3118 5698 3238 5750 qua:
3264 5693 3499 5750 agumur
3520 5700 3651 5740 con-

2091 5763 2258 5818 tineat
2289 5761 2662 5831 necessitates,
2693 5768 2783 5822 uni
2841 5785 2966 5825 vero
3005 5769 3195 5824 animae
3246 5776 3422 5840 ipsum
3479 5784 3649 5829 totum
