4134 6286
479 401 587 464 355
883 407 888 412 ’
1647 397 2068 460 NICEPIIORI
2107 395 2487 457 GREGORzE
3603 401 3694 461 33.6

477 507 743 563 mundum
776 525 884 565 non
913 507 1358 581 :equiparandum
1390 523 1513 564 esse
1565 523 1724 562 sacra
1757 507 2045 562 conﬁrmet

2154 509 2341 572 νάτους
2373 506 2734 577 ἐκδεχομένης
2775 505 2877 571 τὰς
2907 507 3018 561 τῶν
3069 509 3472 578 πεπραγμένων
3525 515 3695 578 σαφῶς

477 601 781 672 Scriptura,
823 619 920 658 cur
957 619 1068 658 non
1119 602 1488 658 necessarium
1540 599 1628 654 ﬁat
1673 601 1724 654 id
1758 601 1900 670 quod
1939 599 2049 654 lici-

477 699 588 744 tum
621 701 707 747 cst
733 693 755 744 ?
782 693 998 748 Etenim
1051 692 1095 746 si
1130 693 1288 746 nobis
1329 690 1384 746 id
1423 691 1602 744 faccre
1634 691 1783 752 licet,
1816 699 1875 743 ut
1927 704 2046 744 eam

480 799 766 838 servemus
802 795 857 838 et
886 793 1108 838 aeterna:
1159 783 1343 852 gloriae
1380 789 1588 836 tutores
1615 781 1664 836 ei
1697 782 1888 848 simus,
1914 765 1969 836 et
2004 781 2047 834 si

475 873 674 927 horum
728 874 1062 928 contrarium
1116 881 1201 928 est
1247 872 1478 942 perdere
1508 880 1564 927 et
1602 883 1819 928 aeterna:
1873 889 2050 944 poenae

477 967 875 1030 transmittere,
918 979 1048 1019 sane
1085 965 1188 1019 hoc
1217 965 1586 1020 necessarium
1645 963 1806 1036 402
1840 975 1943 1030 est,
1985 980 2053 1020 ne

474 1057 810 1126 negligamus
844 1055 894 1109 id
944 1055 1092 1125 quod
1148 1055 1450 1112 secundum
1502 1065 1754 1110 naturam
1805 1071 2098 1110 necessa-'

478 1149 618 1203 rium
645 1166 769 1206 esse
799 1147 1054 1205 dicimus.
1090 1149 1364 1217 Quantum
1419 1150 1567 1206 enim
1597 1152 1827 1221 perdere
1856 1151 2056 1220 turpis-

474 1243 672 1296 simum
705 1251 788 1296 est
817 1253 870 1296 et
899 1255 1092 1297 contra
1126 1243 1417 1310 rationem,
1472 1252 1681 1298 tantum
1717 1259 1936 1314 servare
1959 1261 2054 1298 ne-

473 1331 791 1386 cessarium.
815 1333 944 1396 Qua:
967 1347 1100 1399 ergo
1127 1349 1270 1402 saepe
1299 1331 1613 1402 accepimus
1636 1345 1692 1386 et
1721 1333 1820 1402 ipsi
1842 1333 2051 1403 experti

474 1437 666 1476 sumus
713 1431 772 1476 ut
823 1422 988 1486 bona,
1019 1439 1082 1477 ea
1134 1439 1390 1478 exercere
1425 1423 1736 1493 iudicamus
1789 1439 1910 1479 esse
1961 1440 2057 1479 ne-

477 1515 804 1569 cessarium.
832 1515 1033 1570 Verum
1059 1515 1126 1568 ab
1157 1514 1225 1569 iis
1250 1531 1370 1584 qua:
1398 1529 1652 1569 exercere
1677 1517 2050 1570 necessarium

475 1620 598 1660 esse
625 1605 938 1674 judicamus
970 1605 1254 1667 recedere,
1293 1607 1569 1675 quomodo
1600 1617 1860 1662 extrema:
1895 1608 2050 1678 igna-

477 1695 581 1747 via:
613 1693 965 1764 approbrium
997 1693 1257 1766 eﬂ‘ugiat?
1283 1696 1386 1762 Qui
1413 1696 1580 1767 igitur
1609 1697 1756 1752 vitiis
1789 1697 2052 1752 virtutem

478 1791 827 1855 anteponere
887 1785 1202 1841 didicerunt
1256 1787 1427 1858 magis
1475 1789 1757 1858 magisque
1813 1789 1880 1842 ad
1929 1805 2054 1858 pcr-

2154 597 2388 668 ἀμοιϐἀς
2411 597 2470 662 ἐξ
2509 596 2915 668 ἀνάγκης,·καὶ
2950 598 3068 667 ἅμα
3102 599 3234 667 μιᾶς
3267 599 3443 670 ψυχῆς
3475 603 3548 672 μὴ
3571 597 3696 658 εῖναι

2150 690 2244 742 τὸν
2275 691 2450 742 πάντα
2478 690 2680 758 κόσμον
2708 689 2964 753 ἀντάξιον
2986 688 3087 752 τῆς
3113 689 3264 751 θείας
3291 691 3550 759 λεγούσης
3573 693 3699 762 Γρα-

2153 777 2282 848 φῆς,
2309 779 2423 840 πῶς
2453 779 2554 830 ουκ
2585 779 2888 843 ἀναγκαῖον
2915 777 3152 831 ἐνταῦθα
3181 778 3410 846 γίγνοιτ’
3441 779 3506 832 ἂν
3531 783 3622 834 καὶ
3645 783 3700 834 τδ

2152 869 2539 939 ἐνδεχόμενοη
2574 870 2636 922 Ei
2684 870 2791 939 γὰρ
2831 870 2918 937 ἐφ’
2965 872 3096 939 ἡμῖν
3143 871 3240 924 καὶ
3295 871 3627 942 ἐνδεχόμενον
3649 875 3704 928 τὸ

2155 961 2351 1024 σώζειν
2381 963 2532 1013 ἐστὶν
2567 961 2740 1031 αὐτὴν
2771 962 2866 1013 καὶ
2899 961 3056 1030 δόξης
3093 963 3264 1016 ἀῖδίθυ
3297 965 3585 1034 προξένους
3614 967 3705 1018 αὖ.

2150 1056 2216 1122 τῇ
2271 1053 2655 1116 καθίστασθαι,
2693 1053 2786 1106 καὶ
2847 1051 2914 1106 αὖ
2961 1056 3274 1108 τούναντίον
3335 1056 3579 1126 φθείρειν
3624 1058 3706 1110 κεῖ

2153 1144 2375 1198 κολάσει
2425 1145 2824 1214 παραπέμπειν
2859 1145 3083 1213 αἰωνίῳ,
3123 1147 3240 1200 ἀλλ’
3291 1143 3386 1200 οὖν
3415 1149 3522 1200 τῶν
3549 1152 3706 1216 ἀναγ-

2153 1237 2323 1290 καίων
2355 1239 2450 1289 xiv.
2491 1235 2636 1288 τοῦτ’
2671 1236 2738 1289 ἂν
2769 1237 2855 1304 εἴη
2892 1237 3130 1306 μάλιστα
3179 1239 3384 1308 μεταξὺ
3427 1239 3501 1308 μὴ
3545 1258 3708 1310 παρα-

2153 1327 2372 1394 τρέχειν
2407 1329 2660 1394 κείμενον
2708 1327 2767 1378 τὸ
2801 1328 2941 1379 κατά
2973 1327 3135 1392 φύσιν
3181 1332 3354 1382 εἰπεῖν
3402 1331 3708 1397 ἀναγκαῖον.

2153 1415 2320 1468 ’Ὅσον
2353 1418 2462 1485 γὰρ
2522 1415 2583 1466 τὸ
2614 1415 2861 1484 φθείρειν
2911 1417 3018 1470 τῶν
3065 1418 3434 1471 ἀτοπωτάτων
3467 1420 3580 1470 ἐστὶ
3628 1421 3710 1471 καὶ

2154 1508 2502 1578 παραλόγων,
2539 1507 2767 1560 τοσοῦτο
2797 1507 2906 1559 τῶν
2951 1509 3272 1574 ἀναγκαίων
3304 1511 3363 1562 τὸ
3409 1489 3621 1573 σώζείν.
3651 1514 3712 1564 ’Δ

2153 1599 2283 1665 γοῦν
2317 1597 2650 1660 ἀκούσαντες
2683 1597 2945 1660 πολλάκις
2979 1601 3069 1650 καὶ
3095 1593 3172 1653 ὧν
3200 1603 3560 1670 πειραθέντες
3585 1603 3713 1671 ὲμά·

2155 1693 2319 1755 θομεν
2365 1685 2642 1743 εἶναιτῶν
2675 1689 2918 1758 ἀγαθῶν,
2955 1691 3133 1746 ταῦτα
3185 1695 3360 1746 ποιεῖν
3390 1694 3500 1748 τῶν
3555 1697 3714 1764 ἀναγ-

2153 1783 2322 1834 καίων
2355 1781 2417 1854 [Γ.
2454 1781 2558 1836 162
2607 1781 2660 1854 υ]
2715 1783 2972 1848 καθάπαξ
3027 1784 3290 1853 κρίνομεν
3345 1781 3510 1838 εἶναι.
3551 1789 3616 1838 *Α
3665 1787 3716 1838 δὲ

479 1876 799 1944 lectionem,
842 1887 896 1932 ct
929 1877 1056 1932 inde
1097 1880 1164 1932 ad
1194 1878 1678 1944 immortalitatem,
1709 1895 1794 1932 me
1843 1881 2051 1949 judice,

2155 1879 2330 1930 ποιεῖν
2369 1877 2478 1927 τῶν
2511 1875 2822 1944 ἀναγκαίων
2871 1878 3128 1946 κρίνομεν
3160 1873 3322 1940 εἶναι,
3359 1877 3570 1930 τούτων
3594 1877 3714 1944 ἀφί-

480 1969 810 2036 procedunt.
843 1967 961 2023 Hac
996 1969 1210 2023 ratione
1262 1969 1402 2038 apud
1445 1985 1545 2022 nos
1592 1985 1811 2038 quoque
1861 1985 2048 2025 rerum

481 2061 834 2115 honestarum
867 2062 1194 2117 exercitatio
1231 2061 1472 2116 veritatis
1501 2063 1645 2115 viam
1687 2061 1847 2118 nobis
1879 2063 2053 2117 reclu-

481 2151 590 2206 dit.
621 2151 690 2206 Et
716 2168 847 2206 cum
879 2153 1041 2209 hodie
1075 2151 1236 2208 nobis
1261 2153 1561 2208 necessitas
1599 2152 1856 2222 imposita
1880 2143 2051 2209 estde

481 2243 570 2298 his
611 2243 784 2314 loqui,
827 2245 1182 2315 quaerendum
1213 2255 1295 2299 est
1339 2260 1448 2315 quo
1481 2243 1674 2299 ordine
1702 2255 1757 2300 et
1787 2261 1893 2316 qua
1932 2239 2052 2302 sitc-

476 2336 728 2390 ccssione
758 2335 908 2407 loqui
955 2351 1179 2392 necesse
1221 2337 1315 2391 sit.

2161 1967 2418 2032 στασθαι,
2453 1969 2614 2020 ποίαν
2649 1968 2748 2019 οὐκ
2771 1968 2997 2030 ἀτοπίας
3029 1968 3336 2038 ὑπερϐολὴν
3370 1967 3715 2039 παρελαύνοις

2159 2061 2319 2114 Ὥστε
2349 2061 2458 2113 τῶν
2482 2059 2746 2130 χειρόνων
2778 2059 3155 2130 ἀνθαιρεῖσθαι
3181 2063 3248 2114 τὰ
3299 2061 3496 2130 βελτίω
3531 2043 3721 2130 μαθου-

2161 2171 2244 2207 σιν
2278 2151 2422 2206 εἶναι
2455 2151 2664 2222 βέλτιον
2703 2151 2763 2216 ἐξ
2787 2151 3058 2220 ἀνάγκης,
3091 2151 3334 2222 βελτίους
3376 2154 3476 2205 καὶ
3522 2153 3721 2205 ἑαυτῶν

2158 2247 2640 2315 ἀναγκαζομένους
2669 2243 2918 2312 γίνεσθαι
2961 2244 3178 2308 ἕπεται,
3209 2246 3303 2296 καὶ
3349 2243 3448 2294 τοῦ
3497 2243 3718 2305 δέοι-ξος,

2155 2341 2279 2392 ὅσον
2313 2338 2555 2406 ἐφικτὸν,
2577 2335 2857 2410 ἐγγύτατα
2878 2335 2990 2388 θεῖν
3016 2336 3124 2397 ἀεὶ,
3143 2335 3241 2406 τὴν
3271 2335 3720 2402 ἀθάνατονλδντως

487 2429 581 2481 καλ¹
615 2427 919 2496 ἀναγκαίαν
970 2428 1110 2492 ὁδὸν,
1141 2429 1216 2492 ὥς
1279 2429 1380 2498 ἐμέ
1440 2447 1504 2497 γε
1571 2427 1798 2484 οἴεσθαι.
1837 2430 1950 2484 Καὶ
1976 2427 2129 2501 οἶμαί
2175 2447 2239 2498 γε
2289 2429 2588 2506 ὀρθοτέραν
2623 2429 2765 2483 πάνυ
2795 2445 2850 2482 τι
2887 2427 3116 2483 οἴεσθαι.
3171 2429 3279 2482 Καὶ
3305 2429 3482 2492 οὕτως
3521 2429 3722 2498 ἐνδεχο-

482 2527 656 2596 μένης
718 2527 811 2578 καλ⁸
873 2525 958 2592 ἐφ’
1011 2527 1144 2595 ἡμῖν
1173 2525 1274 2594 τῆς
1316 2525 1424 2578 τῶν
1466 2525 1686 2592 ἀγαθῶν
1713 2525 2082 2598 προαιρέσεως
2123 2526 2290 2597 οὔσης
2331 2527 2627 2594 ἀναγκαῖον
2669 2525 2880 2592 γίνεται
2935 2524 2996 2574 τὸ
3047 2523 3468 2593 συμπέρασμα,
3520 2521 3656 2591 πρὸς
3693 2509 3722 2563 δ

481 2615 726 2684 πέφυκεν
789 2617 1086 2690 ἀνατρέχον
1115 2617 1262 2688 μάλα
1291 2635 1340 2672 τι
1373 2619 1786 2690 προσηκόντως,
1818 2619 1915 2672 καὶ
1938 2619 1998 2671 τὸ
2023 2621 2080 2672 ὲν
2115 2623 2232 2682 τοῖς
2279 2619 2544 2682 τοιούτοις
2577 2617 2790 2688 καίριον
2819 2619 2899 2680 εἰς
2931 2616 2991 2670 τδ
3031 2617 3130 2688 τῆς
3161 2616 3425 2687 ἀληθείας
3475 2618 3721 2686 μουσεῖον

485 2709 1014 2781 παιδαγωγούμενον
1081 2711 1428 2783 ἀνευρίσκον.
1473 2711 1636 2766 Ἀλλὰ
1703 2712 1810 2783 γὰρ
1850 2713 1930 2775 εἰς
1962 2711 2122 2766 τοῦτο
2158 2711 2330 2782 τύχης
2385 2713 2534 2782 ἡμᾶς
2586 2711 2684 2782 τῆς
2723 2709 2818 2764 τοῦ
2863 2711 3047 2779 λέγειν
3100 2711 3339 2778 τήμερον
3393 2709 3722 2776 ἑλαυνούσης

481 2805 746 2872 ἀνάγκης,
798 2807 1064 2860 σκεπτέον
1101 2807 1246 2876 ,τίνα
1285 2806 1368 2860 δεῖ
1427 2809 1640 2878 πρῶτον
1680 2805 1776 2860 καὶ
1807 2805 1928 2860 τίνα
1975 2803 2228 2879 δεύτερον
2263 2809 2462 2874 εἰπεῖν,
2515 2806 2612 2862 καὶ
2667 2806 2790 2860 τίνα
2820 2805 2972 2872 τάξιν
3026 2805 3310 2875 εἰληφέναι
3349 2801 3473 2856 δέον
3521 2805 3722 2856 Exacta

481 2897 589 2950 τῶν
626 2896 771 2970 ἑξῆς.

1249 3083 1600 3097 “—

1071 3225 1420 3360 ΤΟΥ
1493 3227 2070 3360 ΑΥΤΟΥ
2161 3221 3160 3356 ΝΙΚΗΦΟΡΟΥ

1541 3452 1842 3568 ΤΟΥ
1937 3450 2638 3566 ΓΡΗΓΟΡΑ

1427 3679 1794 3766 ΛΟΓΟΣ
1870 3675 2592 3792 ΔΟΓΜΑΤΙΚΟΣ
2667 3675 2785 3762 A’.

1237 3962 1337 4086 Ν
1349 3961 2094 4090 ICEPHORI
2189 3967 2980 4094 GREGOIUE

1035 4299 1046 4326 ι

555 4535 714 4608 503
753 4535 794 4590 l.
829 4535 1070 4590 Primum
1105 4535 1350 4590 omnium
1379 4537 1556 4604 inquit
1593 4537 1892 4608 Grcgoras,
1924 4553 1955 4593 e
1989 4553 2049 4594 re

2222 4536 2380 4610 [Cod.
2417 4537 2549 4609 Reg.
2591 4537 2752 4602 1276,
2787 4537 2824 4591 f.
2855 4535 2956 4592 162
2985 4539 3054 4612 v.]
3087 4541 3161 4592 ΔΕ
3217 4540 3441 4607 Πρῶτον
3490 4543 3592 4611 μὲν
3631 4535 3724 4598 οὖν
3775 4599 3780 4606 ,

485 4636 572 4681 est
646 4642 911 4696 quzcrere,
965 4637 1145 4682 utrum
1204 4627 1420 4681 statutis
1480 4627 1734 4684 Ecclesia.
1783 4629 2053 4699 dogmatis

487 4734 656 4771 unum
707 4719 878 4771 Deum
933 4717 1162 4772 adorare
1213 4717 1384 4788 magis
1433 4720 1724 4773 conveniat
1755 4720 1839 4774 vel
1889 4735 2054 4773 unam

487 4808 540 4862 in
573 4808 839 4864 Trinitate
869 4809 1161 4863 increatam
1197 4809 1488 4873 Deitatem,
1525 4819 1583 4863 ut
1613 4809 1906 4881 Gregorius
1936 4826 2052 4864 ma-

486 4916 626 4970 gnus
653 4900 742 4953 ille
776 4901 1063 4969 theologus
1087 4900 1238 4966 dicit,
1273 4901 1463 4964 Deum,
1491 4901 1666 4955 lucem
1695 4918 1880 4964 unam,
1904 4903 2053 4956 inae-

485 4993 794 5048 cessibilem
821 5001 877 5047 et
916 4993 1302 5062 sempiternam
1338 5001 1391 5047 et
1433 5007 1650 5061 semper
1689 4993 1744 5046 in
1785 4993 2052 5048 Trinitate

485 5082 793 5137 lucentem:
827 5100 894 5138 an
925 5085 1109 5154 plures
1150 5087 1382 5140 deitates
1421 5097 1474 5141 et
1517 5087 1668 5155 plura
1727 5086 1959 5149 inn-tina,
1994 5097 2054 5141 ut

488 5175 682 5228 volunt
710 5185 909 5230 sanctae
935 5177 1199 5232 doctrina:
1217 5189 1416 5232 nostra:
1435 5176 1758 5230 adversarii.
1786 5175 2050 5244 Equidem

488 5269 764 5322 neminem
795 5277 926 5338 puto
947 5284 1138 5324 eorum
1158 5271 1252 5338 qui
1280 5269 1334 5322 in
1359 5277 1541 5323 sancta
1565 5268 1812 5323 doctrina
1835 5268 2050 5324 educati

483 5359 595 5411 sint
631 5359 685 5412 in
719 5369 920 5416 tantam
952 5371 1142 5431 Sponte
1177 5361 1422 5416 incidere
1465 5375 1626 5429 posse
1668 5361 1960 5414 amentiam
1995 5371 2053 5415 ut

485 5449 670 5519 plures
705 5467 864 5522 quam
899 5470 1062 5507 unam
1097 5454 1357 5508 deitatem
1399 5455 1562 5520 lingat
1591 5453 1694 5507 sibi
1735 5461 1791 5507 ct
1826 5453 2049 5519 credat;

483 5551 608 5594 cum
635 5543 860 5598 Patrum
889 5555 1090 5599 sanctm
1117 5544 1371 5598 Ecclesia:
1389 5543 1638 5612 dogmata
1668 5559 1772 5596 una
1810 5559 1871 5598 ac
1905 5543 2050 5596 clara

485 5645 616 5684 voce
652 5633 952 5688 acclament
1002 5633 1050 5686 ei
1078 5671 1093 5696 ,
1130 5633 1308 5686 lucem
1354 5648 1516 5686 unum
1571 5633 1958 5701 sempiternam
1996 5643 2052 5685 et

486 5721 914 5780 inaccessibilem
943 5741 1062 5781 esse
1096 5725 1292 5788 Deum,
1325 5737 1426 5776 nec
1470 5739 1603 5778 vero
1630 5723 1835 5776 lumina
1889 5721 2052 5794 404

488 5812 642 5879 plura
667 5799 764 5870 nec
807 5827 999 5884 pra-ter
1037 5815 1395 5884 Trinitatem;
1435 5813 1629 5870 deinde
1675 5816 1849 5870 lucem
1897 5831 2047 5871 reve-

1133 4213 1491 4301 LlBEll
1600 4211 2363 4306 DOGMATICUS
2465 4217 3060 4320 QUARTUS.

2160 4630 2224 4684 ἂν
2254 4631 2337 4701 εἴη
2372 4628 2673 4700 σκέψασθαι
2709 4629 2880 4696 ἀξιον,
2915 4632 3115 4700 ἔφησεν
3154 4634 3184 4686 ὁ
3225 4633 3545 4703 Γρηγορᾶς,
3572 4637 3726 4689 πότε-

2156 4741 2249 4793 ρον
2272 4725 2390 4786 ταῖς
2421 4725 2628 4785 κοιναῖς
2661 4721 2860 4790 μᾶλλον
2891 4725 3121 4786 ἐννοίαις
3153 4724 3602 4795 τῆςἘκκλησίας
3630 4727 3727 4796 ἀρ-

2159 4817 2342 4886 μόττει
2380 4815 2560 4868 σέϐειν
2585 4813 2866 4879 ἒναθεδν,
2901 4817 3076 4869 είτουν
3103 4816 3236 4886 μίαν
3271 4818 3328 4870 ἐν
3365 4821 3550 4886 τρισὶν
3575 4821 3726 4873 ἀκτι-

2156 4925 2280 4960 στον
2311 4907 2559 4976 θεότητα,
2589 4907 2682 4959 καὶ
2709 4907 2736 4959 ὃ
2766 4925 2934 4976 φησιν
2955 4909 2982 4958 ὁ
3021 4909 3192 4976 μέγας
3217 4911 3560 4980 ἐν’θεολογία
3587 4913 3726 4980 Γρη-

2155 5003 2360 5070 γὸριος,
2413 5000 2527 5070 φῶς
2559 4999 2618 5054 ἓν
2649 5001 2948 5069 ἀπρόσιτον
2984 5001 3077 5056 καὶ
3118 5001 3397 5071 ἀδιάδοχον
3445 5003 3538 5055 τὸν
3571 5003 3724 5067 Θεὸν,

2153 5092 2478 5160 ἀειλαμπὲς,
2526 5090 2855 5161 τριλαμπὲς,
2909 5091 2942 5160 ἢ
2993 5091 3250 5154 πλείστας
3293 5092 3392 5160 μὲν
3437 5091 3725 5162 θεότηταξ,

2155 5184 2325 5236 πλείω
2352 5182 2408 5236 δὲ
2454 5182 2630 5250 φῶτα,
2681 5181 2820 5235 κατά
2850 5198 3002 5243 τινας
3036 5181 3131 5248 τῆς
3163 5181 3440 5236 ἁντιθέτου
3469 5186 3536 5252 τῇ
3572 5184 3726 5234 εὐσε-

2154 5275 2275 5340 ϐείᾳ
2308 5273 2609 5344 φάλαγγος.
2644 5273 2784 5340 Ἐγὼ
2823 5273 2923 5342 μὲν
2979 5267 3133 5340 οῐμαι
3182 5273 3388 5344 μηδένα
3418 5275 3529 5328 τῶν
3569 5276 3725 5328 εὐσεο-

2153 5364 2272 5416 6έσι
2301 5365 2583 5432 λογισμοῖς
2641 5361 3140 5431 συντεθραμμένων
3199 5362 3334 5432 πρὸς
3365 5363 3640 5430 τοσαύτην
3667 5363 3719 5414 έ-

2153 5455 2316 5507 κόντα
2343 5456 2678 5507 καταπεσεῖν
2705 5453 2989 5514 ἀπόνοιαν,
3020 5451 3159 5505 ὥστε
3188 5453 3404 5516 πλείους
3434 5457 3569 5521 μιᾶς
3606 5455 3720 5506 ἑλέ-

2155 5547 2282 5600 σθαι
2331 5544 2651 5616 νομίζεσθαι
2682 5545 2930 5597 δικαιοῦν
2974 5547 3258 5616 θεότητας,
3297 5552 3450 5618 κοινῇ
3483 5549 3596 5600 τῶν
3627 5549 3719 5615 τῆς

2153 5634 2408 5694 εὐσεϐοῦς
2446 5635 2771 5703 Ἐκκλησίας
2811 5637 3058 5702 πατρίων
3111 5637 3397 5706 δογμάτων
3450 5639 3720 5691 ἀκούοντα

2153 5727 2450 5799 διαρρήδην
2473 5725 2742 5794 βοώντων,
2777 5726 2894 5792 φῶς
2923 5726 2978 5778 ἒν
3000 5728 3279 5798 ἀδιάδοχον
3307 5731 3399 5781 καὶ
3429 5731 3716 5799 ἀπρόσιτον

2155 5813 2292 5868 εἶναι
2317 5817 2405 5868 τὶν
2429 5815 2581 5877 Θεὸν,
2613 5814 2709 5867 καὶ
2747 5814 2822 5882 μὴ
2853 5814 3018 5868 πολλὰ
3054 5818 3186 5883 μηδὲ
3237 5819 3380 5881 πέρα
3410 5820 3511 5882 τῆς
3548 5821 3714 5878 Τριά-
