4134 6286
367 367 465 430 3ῦῖ
802 357 829 375 ’

1312 367 1749 426 ΒΥΖΑΝΤῘΝίλΕ
1792 366 2173 428 llISTORIzE
2212 370 2353 433 LIB.
2408 368 2658 431 XXXIII
2702 426 2707 427 ,

3501 377 3608 440 338

364 476 470 542 δος,
492 471 744 544 δεύτερον
769 473 826 527 δὲ
850 473 963 543 φῶς
988 473 1219 542 ἄγγελον
1248 476 1477 545 μηδενὸς
1509 477 1698 547 ἑτέρου
1730 479 1934 546 μεταξὺ

2040 480 2239 535 lantem
2291 482 2440 537 nullo
2474 484 2583 538 alio
2638 486 3040 552 mtercedente;
3085 497 3135 542 et
3188 504 3380 542 rursus
3434 505 3608 543 unum

368 564 764 634 μεσιτεύοντος,
799 565 897 616 καὶ
942 565 1102 618 πάλιν
1144 567 1240 619 ἕνα
1284 566 1416 619 Θεὸν
1448 565 1615 633 εἶναι,
1661 568 1799 622 διότι
1834 571 1934 637 μία

365 656 574 728 θεότης.
612 659 917 723 ἀναγκαίαν
964 660 1145 711 αἰτίαν
1183 660 1276 713 τοῦ
1334 660 1513 712 σέϐειν
1538 661 1633 713 ἕνα
1674 663 1807 715 Θεὸν
1835 663 1933 733 τὴν

364 748 462 815 τῆς
498 748 627 817 μιᾶς
678 748 933 816 θεότητος
979 748 1203 819 πρώτην
1247 749 1541 817 ὁμολογίαν
1575 752 1852 815 τιθέντων,
1883 754 1934 805 εί

368 837 440 906 μή
471 854 556 900 τις
586 838 644 888 ὲν
671 837 988 906 ἀθύρματος
1027 841 1191 910 μοίρᾳ
1229 841 1325 893 καὶ
1356 840 1592 909 γέλωτος
1638 839 1781 895 ἑκὼν
1809 842 1935 894 ἑαυ-

278 960 281 961 ν
366 915 458 985 ’ἷοῦ
499 933 767 1003 προδότης
797 937 907 995 τοῖς
940 937 995 986 ὲν
1023 935 1249 1004 ἀγοραῖς
1290 935 1732 1006 καλινδουμένοις
1768 953 1935 1006 παιγ-

368 1023 498 1086 νίοις
532 1024 850 1077 καθίσταιτο
874 1025 1252 1095 ἐθελοκωφῶν.

434 1120 508 1171 B'.
548 1120 753 1172 Τούτου
785 1136 846 1187 γε
883 1122 991 1190 μὴν
1032 1122 1482 1192 ὁμολογηθέντος,
1525 1124 1781 1195 δεύτερόν
1818 1127 1932 1178 ἐστι

366 1210 635 1265 πυθέσθαι
686 1211 838 1277 ἀξιον
875 1214 924 1264 εἰ
968 1214 1079 1266 δέοι
1109 1216 1573 1285 παραδραμόντας
1611 1217 1709 1287 τὴν
1741 1217 1930 1288 κοινὴν

367 1302 522 1369 αὖθις
552 1308 652 1374 τῆς
682 1306 776 1359 τοῦ
805 1306 940 1359 Θεοῦ
983 1306 1305 1376 Ἐκκλησίας
1348 1308 1558 1362 ἔννοιαν
1596 1311 1799 1378 μεταξῦ
1833 1327 1934 1361 κα-

370 1397 543 1467 θάπερ
590 1397 781 1466 λύχνον
814 1397 902 1451 ἐπ’
955 1398 1114 1469 ὅρους
1150 1400 1440 1469 κειμένην,
1488 1400 1679 1453 ἔπειτα
1733 1400 1933 1471 ὁρατὴν

370 1487 509 1546 εἷναι
562 1492 742 1560 λέγειν
794 1495 891 1560 τὴν
924 1490 1054 1561 μίαν
1097 1490 1306 1560 ταύτην
1336 1491 1429 1544 καὶ
1465 1491 1636 1561 μόνην
1679 1490 1932 1544 ἄκτιστον

376 1582 639 1651 Θεότητα,
670 1585 847 1636 εἶτουν
877 1585 936 1635 τὸ
970 1582 1027 1634 ἓν
1057 1582 1134 1653 (1)
1164 1583 1278 1651 φῶς
1309 1583 1486 1635 έκεῖνο
1516 1585 1576 1634 τὸ
1625 1582 1934 1651 άειλαμπὲς

368 1675 461 1729 καὶ
491 1676 786 1745 ἀπρόσιτον
807 1676 903 1729 καὶ
929 1674 1205 1743 άδιάδοχον
1226 1686 1241 1701 '
1263 1675 1441 1727 κοινὸν
1463 1674 1571 1744 γὰρ
1592 1670 1732 1728 εἶναι
1754 1674 1933 1742 δόγμα

363 1767 463 1837 τῆς
507 1768 833 1837 Ἐκκλησίας
884 1770 975 1821 καὶ
1008 1767 1153 1821 τοῦτ’
1198 1767 1518 1837 εἰλήφειμεν
1564 1769 1698 1837 πρός
1735 1784 1794 1820 τε
1836 1766 1931 1820 τοῦ

366 1858 505 1912 Θεοῦ
560 1861 652 1913 καὶ
692 1859 945 1929 Σωτῆρος
992 1859 1150 1929 ἡμῶν
1190 1858 1370 1928 Ἰησοῦ
1406 1858 1644 1929 Χρτστοῦ
1680 1859 1775 1911 καὶ
1821 1859 1932 1911 τῶν

362 1950 531 2003 αὐτοῦ
571 1950 864 2019 φοιτητῶν,
889 1952 1194 2021 ἑωρακέναι
1226 1950 1358 2004 Θεὸν
1382 1951 1648 2021 ὑπάρχειν
1670 1949 1934 2005 ἀδύνατον

363 2044 562 2108 ἅπασι,
592 2042 735 2111 πλὴν
775 2043 863 2095 διὰ
908 2043 1194 2111 συμϐόλων
1223 2046 1315 2095 καὶ
1353 2040 1541 2096 τύπων
1578 2044 1932 2113 σωματικῶν.

367 2153 385 2187 1
416 2133 561 2188 Οὔτε
588 2135 715 2205 γὰρ,
751 2153 768 2188 ι
797 2140 961 2204 φησὶν
982 2177 997 2201 ,
1040 2154 1057 2187 1
1100 2132 1207 2187 εἶδε
1244 2134 1377 2187 Θεὸν
1402 2135 1513 2189 οὔτ’
1546 2135 1675 2189 ἰδεῖν
1705 2135 1930 2189 δύναται

361 2226 466 2279 τῶν
503 2227 759 2279 ἁπάντων
798 2225 994 2289 οὐδείς.
1051 2244 1070 2277 ο
1119 2227 1296 2298 Ἀπερ
1329 2227 1358 2280 ό
1395 2224 1567 2279 εἰπὼν
1602 2226 1760 2288 αὐτὸς
1812 2226 1937 2278 ἑπι-

362 2319 684 2390 σφραγίξων
705 2317 860 2382 αὖθις
891 2318 1033 2382 θεῖος
1059 2318 1291 2381 Παῦλος,
1329 2335 1348 2370 1
1383 2318 1450 2372 Εἰ
1475 2336 1558 2381 τις
1585 2316 1936 2385 εὐαγγελίζε-

364 2429 481 2475 ται,
522 2429 542 2463 ι
581 2409 737 2481 φησὶ,
783 2428 800 2460 1
842 2410 973 2479 παρ’
1012 2409 1040 2462 δ
1082 2407 1444 2479 παρελάϐετε,
1481 2407 1674 2479 [L165
1700 2407 1775 2481 r.]
1807 2409 1938 2462 ἀνά-

362 2499 509 2570 θεμα
532 2499 698 2564 ἔστω,
739 2517 757 2550 ι
797 2498 971 2552 ταῦτα
1002 2499 1066 2570 δὴ
1093 2499 1268 2568 λέγων
1300 2498 1367 2551 τὰ
1399 2499 1692 2568 εἰρημένα,
1717 2501 1778 2553 τὸ
1807 2500 1938 2569 μίαν

361 2607 419 2644 τε
455 2589 643 2645 σέϐειν
675 2589 931 2645 ἄκτιστον
971 2590 1213 2658 Θεότητα
1262 2591 1357 2644 καὶ
1407 2590 1523 2659 φῶς
1563 2588 1621 2641 ἓν
1669 2593 1729 2645 ἐν
1759 2592 1938 2661 τρισὶν

363 2681 727 2747 ὑποστάσεσι,
762 2684 854 2736 καὶ
888 2683 1005 2752 ἅμα
1046 2682 1253 2753 ταύτην
1280 2683 1514 2754 ἀόρατον
1551 2678 1692 2736 εἶναι
1736 2684 1936 2754 ὁμολο-

356 2775 505 2841 γεῖν,
538 2773 615 2844 μὴ
640 2776 723 2829 ὃτι
751 2756 1087 2845 ἀνθρῶποις,
1134 2775 1273 2828 ἀλλὰ
1305 2776 1399 2827 καὶ
1443 2775 1697 2844 ἀγγέλοις
1731 2777 1935 2840 αὐτοῖς.

363 2866 457 2928 Τίς
491 2865 604 2934 γὰρ
654 2863 827 2927 οὕτως
858 2864 1068 2934 ἠλίθιος
1112 2864 1208 2918 καὶ
1260 2865 1432 2937 μανίᾳ
1468 2865 1717 2929 σύνοικος
1751 2868 1939 2936 μακρᾷ

364 2955 511 3008 ὥστε
546 2956 861 3027 κτισμάτων
891 2956 1139 3026 ἀοράτων
1159 2956 1349 3022 ὄντων,
1381 2958 1632 3025 ἀγγέλων
1667 2959 1809 3028 φημὶ
1844 2959 1940 3012 καὶ

365 3048 560 3119 ψυχῶν
593 3050 684 3101 καὶ
723 3049 1015 3117 δαιμόνων,
1047 3049 1227 3117 λέγειν
1259 3049 1433 3104 ἔπειτ’
1468 3051 1777 3121 ἀνθρώποις
1818 3052 1939 3105 τολ-

368 3144 478 3213 μᾷν
533 3142 735 3217 όρατὴν
768 3138 909 3196 εἶναι
936 3144 1035 3212 τὴν
1065 3144 1229 3210 φύσιν
1275 3160 1369 3197 του
1402 3144 1513 3198 τῶν
1558 3146 1813 3198 ἁπάντων
1841 3145 1937 3214 δη-

369 3234 644 3304 μιουργοῦ
678 3234 851 3297 Θεοῦ;
898 3234 989 3305 Μὴ
1030 3230 1123 3288 οὖν
1163 3236 1244 3288 ὅτι
1290 3235 1509 3306 θρήνων
1542 3236 1639 3288 καὶ
1685 3236 1940 3307 δακρύων

366 3328 525 3394 ἀξιον
575 3326 913 3397 παμπόλλων
971 3327 1201 3396 πάτριον
1238 3326 1418 3397 δόγμα
1472 3327 1570 3397 τῆς
1611 3328 1940 3398 Ἐκκλησίας

366 3414 660 3477 κινοῦντας
720 3417 836 3478 τοῖς
892 3415 1273 3476 ἁποστολικοῖς
1329 3415 1543 3485 ἐκείνης
1600 3415 1940 3486 ἁναθέμασιν

364 3508 603 3570 ἑαυτοὺς
631 3507 809 3560 ἑκοντὶ
840 3507 1125 3581 παρέχειν,
1160 3506 1294 3560 ἀλλὰ
1325 3508 1418 3560 καὶ
1451 3509 1650 3576 μανίας
1679 3508 1814 3576 ὁμοῦ
1844 3510 1941 3562 καὶ

367 3600 722 3670 ἠλιθιότητος
776 3599 940 3668 γέμει
990 3598 1221 3652 τοιαῦτα
1268 3599 1607 3667 λογίζεσθαι.
1656 3601 1781 3656 Ἐπὶ
1834 3603 1941 3674 γὰρ

370 3693 558 3746 πᾶσαν
578 3691 931 3743 διδασκαλίαν
960 3693 1055 3743 καὶ
1086 3693 1268 3745 πᾶσαν
1300 3694 1537 3761 μάθησιν
1562 3696 1624 3747 ἐκ
1658 3698 1942 3764 προϋπαρο

366 3783 580 3853 χούσης
605 3780 854 3849 γίνεσθαι
879 3782 1151 3850 φάσκουσι
1175 3782 1448 3852 γνώσεως.
1477 3786 1563 3836 Δεῖ
1594 3785 1701 3855 γάρ
1736 3803 1945 3856 μαρτυ-

368 3880 494 3947 ρίας
531 3880 589 3930 ὲν
613 3881 725 3938 τοῖς
761 3876 1019 3940 τοιούτοις
1053 3877 1267 3941 ὲκείνας
1297 3877 1624 3947 προϐάλλειν
1659 3882 1739 3943 εἰς
1770 3880 1942 3951 προῦ-

370 3987 511 4023 πτον
544 3970 637 4023 καὶ
668 3967 1011 4035 σαφεστέραν
1043 3966 1279 4035 δήλωσιν
1312 3968 1420 4020 τῶν
1448 3969 1841 4039 ἀτελεστέρων,
1886 3968 1944 4024 αἱ

367 4064 431 4129 τῇ
462 4059 577 4113 τῶν
602 4058 963 4129 ἀνθρωπίνων
992 4057 1301 4128 αἰσθήσεων
1330 4061 1394 4111 ὲκ
1428 4058 1651 4131 πρώτης
1679 4060 1946 4128 γενέσεως

373 4150 643 4221 συνηθείᾳ
682 4148 905 4201 κανόσιν
946 4149 1244 4211 ἀθανάτοις
1290 4148 1556 4219 μαθήσεις
1609 4148 1946 4219 ήλικιώτιδες

373 4246 646 4312 γίνονται,
683 4240 977 4295 κάντεῦθεν
1004 4242 1309 4311 ὰμοιϐαίοις
1337 4242 1539 4311 ἴχνεσιν
1574 4241 1947 4312 ἀναγομένους

372 4335 658 4407 βαθμίδων
689 4335 843 4403 δίκην
876 4337 995 4396 ταῖς
1041 4334 1183 4387 κατὰ
1231 4336 1431 4411 μικρὸν
1471 4334 1809 4404 ὑπαλ).αγαῖς
1838 4336 1948 4389 τῶν

370 4430 659 4496 ἀναλόγων
698 4426 1046 4497 προσθέσεὼν
1072 4444 1132 4478 τε
1168 4428 1261 4479 καὶ
1299 4426 1642 4497 ὑφαιρέσεων
1679 4428 1949 4495 συμϐιϐάο

2036 574 2206 627 Deum
2241 590 2387 639 esse,
2418 577 2621 645 quippe
2659 593 2819 631 unam
2872 579 3149 645 deitatem,
3180 594 3608 637 consentaneum

2036 676 2217 719 autem
2244 681 2363 721 esse
2391 682 2556 719 unum
2599 668 2827 723 adorare
2852 669 3043 735 Deum,
3074 672 3164 724 ubi
3209 673 3442 741 primum
3481 689 3611 727 con-

2037 757 2248 813 venerit
2273 774 2436 813 unam
2464 775 2583 814 esse
2610 760 2892 823 deitatem.
2934 764 3036 818 nisi
3084 764 3228 833 quis,
3267 780 3389 818 cum
3427 764 3610 819 surdis

2040 847 2271 901 auribus
2298 850 2368 902 sit
2400 848 2536 915 ipse,
2572 859 2631 903 ut
2661 850 2959 907 ludibrium
2984 861 3038 906 et
3066 853 3359 911 ridiculum
3398 869 3456 911 se
3498 865 3609 908 tra—

2036 937 2166 992 dere
2200 939 2333 994 velit
2366 941 2536 995 totius
2567 939 2674 995 fori
2709 942 2976 998 irrisioni.

2106 1125 2173 1180 ΙΙ.
2231 1123 2362 1191 Quae
2432 1125 2479 1180 si
2548 1139 2811 1179 concessa
2886 1136 3089 1192 erunt,
3161 1128 3404 1183 secundo
3492 1130 3615 1184 loco

2033 1231 2360 1285 qumramus,
2408 1230 2539 1270 num
2597 1216 2796 1271 divina:
2845 1217 3103 1273 Ecclesia:
3160 1220 3352 1287 dogma
3422 1220 3612 1290 vulga-

2036 1315 2149 1360 tum
2196 1316 2574 1361 transcurrere
2625 1316 2884 1375 tanquam
2934 1308 2988 1361 in
3025 1318 3210 1363 monte
3258 1310 3487 1378 positam
3520 1310 3611 1363 lu-

2036 1411 2281 1460 cernam,
2306 1407 2361 1451 et
2397 1396 2593 1453 deinde
2619 1398 2804 1453 dicere
2838 1399 3001 1453 liceat
3049 1390 3200 1453 cerni
3235 1414 3396 1468 posse
3445 1415 3609 1454 unam

2034 1488 2176 1544 hanc
2208 1499 2264 1544 et
2293 1489 2462 1544 solam
2504 1492 2799 1545 increatam
2837 1490 3123 1545 Deitatem.
3152 1490 3207 1546 Si
3240 1491 3355 1546 haec
3382 1506 3489 1547 una
3514 1492 3609 1547 lux

2034 1583 2126 1638 illa
2152 1598 2369 1653 semper
2391 1586 2604 1646 lucens.
2641 1585 3061 1651 inaccessibilis,
3113 1585 3450 1654 sempiterna
3485 1593 3605 1649 est,

2034 1674 2228 1745 dogma
2263 1677 2366 1730 hoc
2402 1676 2658 1732 Ecclesia:
2690 1678 2965 1747 vulgatum
3010 1686 3095 1733 est
3147 1677 3402 1746 idemque
3432 1694 3461 1731 a
3498 1677 3608 1732 Deo

2034 1776 2227 1824 nostro
2249 1778 2301 1822 et
2336 1767 2619 1823 Salvatore
2648 1768 2777 1823 Jesu
2809 1768 3035 1823 Christo
3064 1771 3293 1841 ejusque
3323 1768 3609 1838 discipulis

2036 1861 2195 1917 nobis
2216 1861 2495 1927 traditum,
2522 1861 2690 1919 Deum
2730 1876 2958 1917 cernere
2981 1877 3141 1932 posse
3172 1863 3449 1918 neminem
3497 1860 3605 1916 nisi

2036 1968 2135 2021 per
2157 1952 2402 2023 symbola
2420 1960 2474 2007 et
2496 1962 2651 2024 typos
2669 1968 2984 2023 corporeos.
2998 1974 3016 2008 1
3030 1955 3195 2011 Nemo
3217 1956 3387 2021 enin.
3406 1955 3607 2025 inquit,

2036 2046 2205 2099 Deum
2237 2044 2394 2110 vidit,
2431 2060 2609 2113 neque
2645 2053 2824 2115 potest
2850 2046 3143 2117 quisquam
3170 2062 3295 2102 eum
3332 2047 3541 2102 videre.
3579 2066 3599 2100 ι

2034 2137 2189 2204 Quod
2211 2138 2474 2191 Dominus
2498 2137 2612 2208 ipse
2636 2138 2996 2207 proclamavit
3023 2149 3079 2194 et
3101 2142 3391 2194 confirmat
3420 2156 3609 2195 rursus

2034 2238 2261 2286 sanctus
2286 2229 2481 2283 Paulus
2509 2228 2602 2298 qui
2649 2229 2821 2283 dicit:
2867 2248 2885 2280 1
2932 2229 2987 2285 Si
3012 2231 3137 2299 quis
3178 2232 3334 2286 vobis
3375 2246 3611 2301 evange-

2036 2321 2285 2376 lizaverit
2312 2328 2511 2390 praeter
2534 2320 2586 2374 id
2619 2319 2763 2390 quod
2792 2320 3109 2390 accepistis,
3142 2322 3429 2375 anathema
3455 2322 3543 2376 sit.
3584 2338 3604 2373 ι

2036 2414 2179 2470 Dicit
2221 2423 2406 2467 autem
2448 2411 2539 2467 ille
2580 2412 2715 2482 ipsis
2771 2411 2857 2468 his
2887 2412 3071 2467 verbis
3107 2411 3437 2466 adorandum
3488 2426 3611 2467 esse

2039 2505 2342 2560 increatam
2378 2503 2648 2559 Deitatem
2680 2505 2942 2560 et'lucem
2989 2519 3154 2558 unam
3196 2506 3249 2558 in
3286 2505 3447 2559 trinis
3481 2505 3615 2560 sub-

2038 2592 2471 2669 stantiis,}505
2497 2612 2730 2666 eamque
2764 2596 3101 2653 invisibilem
3147 2613 3271 2655 esse
3297 2614 3404 2654 non
3433 2599 3611 2655 solum

2038 2690 2384 2756 hominibus,
2415 2689 2511 2746 sed
2536 2692 2700 2745 etiam
2731 2691 2866 2760 ipsis
2888 2692 3121 2761 angelis.
3141 2691 3278 2757 Quis
3301 2691 3470 2761 igitur
3503 2704 3613 2747 tam

2042 2785 2371 2842 temerarius
2408 2786 2517 2839 erit
2551 2792 2810 2853 tantaque
2853 2784 3092 2839 amentia
3140 2794 3356 2854 captus,
3395 2797 3455 2840 ut
3487 2801 3613 2841 eum

2040 2886 2308 2932 creaturae
2340 2874 2645 2929 invisibiles
2700 2874 2847 2943 sint,
2899 2875 3024 2930 dico
3072 2877 3331 2943 angelos,
3365 2876 3614 2940 animas.

2042 2968 2340 3033 daemones,
2373 2966 2691 3022 hominibus
2721 2965 2910 3022 dicere
2940 2966 3140 3020 audeat
3168 2967 3440 3022 visibilem
3491 2984 3613 3024 esse

2042 3069 2296 3117 naturam
2327 3059 2423 3115 Dei
2450 3059 2543 3130 qui
2575 3070 2772 3115 cuncta
2802 3059 3117 3130 procreavit
3143 3058 3167 3112 7
3192 3060 3380 3131 Neque
3434 3061 3611 3117 solum

1966 3171 2010 3230 ρ
2044 3156 2100 3211 in
2126 3154 2505 3211 misericordia
2528 3165 2716 3208 nostra
2750 3162 2807 3208 et
2839 3152 3026 3209 multis
3060 3153 3316 3225 lacrymis
3347 3165 3471 3208 sunt
3518 3155 3612 3223 qui

2042 3251 2219 3319 patrio
2249 3247 2502 3318 dogmate
2532 3246 2786 3302 Ecclesiae
2817 3248 2943 3301 laeso
2985 3246 3343 3315 apostolicum
3384 3248 3613 3301 anathe-

2040 3353 2127 3390 ma
2161 3337 2381 3392 sibimet
2410 3337 2511 3405 ipsi
2535 3335 2926 3401 contraxerint;
2952 3336 3044 3389 sed
3080 3347 3227 3404 patet
3257 3338 3418 3390 etiam
3447 3337 3613 3395 multa

2040 3443 2138 3484 eos
2182 3429 2237 3483 in
2272 3429 2579 3483 temeritate
2630 3437 2686 3482 et
2718 3429 2958 3482 amentia
2993 3431 3223 3496 versari,
3278 3432 3479 3498 quippe
3520 3430 3613 3498 qui

2042 3531 2257 3573 omnem
2291 3516 2476 3571 dicant
2523 3515 2830 3572 doctrinam
2882 3526 2939 3572 et
2968 3533 3187 3573 omnem
3242 3519 3613 3589 cognitionem

2042 3608 2161 3662 ﬁeri
2216 3623 2283 3662 ex
2318 3617 2505 3663 nostra
2543 3608 2777 3662 ratione.
2822 3608 2957 3662 Nam
3003 3609 3057 3663 in
3094 3610 3413 3680 liujusmodi
3452 3612 3615 3665 rebus

2042 3698 2115 3753 iis
2150 3699 2414 3752 utendum
2452 3709 2537 3752 est
2569 3699 2905 3753 testimoniis
2937 3699 3003 3753 ad
3033 3701 3381 3769 conspicuam
3409 3711 3465 3755 et
3505 3702 3616 3770 pla-

2043 3790 2253 3845 niorem
2284 3789 2628 3843 intinitorum
2656 3791 3073 3855 revelationem,
3101 3806 3220 3859 quae
3249 3806 3315 3843 ex
3344 3791 3615 3844 humano-

2045 3898 2167 3937 rum
2198 3896 2459 3936 sensuum
2508 3881 2635 3935 inde
2685 3896 2715 3935 a
2776 3880 2969 3948 primis
3021 3896 3050 3935 a
3104 3882 3338 3949 pueritia
3379 3883 3616 3937 motibus

2045 3973 2443 4029 consuetudine
2478 3974 2824 4043 cognitiones
2854 3972 3087 4027 evadant
3110 3975 3511 4030 immortalibus
3534 3991 3616 4027 re.

2045 4065 2186 4136 gulis
2212 4065 2475 4135 aequales.
2508 4064 2716 4119 Deinde
2748 4064 3215 4134 progrediendum
3270 4075 3353 4121 est
3406 4067 3616 4119 alterno

2045 4158 2280 4226 vestigio
2308 4156 2576 4229 gradatim
2620 4166 2675 4211 et
2727 4157 2781 4210 in
2823 4156 3067 4226 analogis
3109 4158 3372 4213 addendis
3417 4168 3471 4212 et
3523 4160 3612 4213 dt-

2050 4250 2263 4303 mendis
2302 4247 2741 4304 concludendum
2774 4264 2841 4302 ex
2883 4249 3094 4318 exiguis
3122 4265 3241 4318 quae
3271 4250 3567 4303 intercedat
3596 4259 3616 4303 t

2049 4339 2397 4404 dill‘erentiis,
2429 4349 2482 4394 et
2518 4349 2578 4392 ut
2609 4339 2856 4395 scientiae
2878 4342 2959 4395 sol
2986 4342 3187 4395 clarior
3210 4341 3322 4407 ﬁat,
3355 4344 3615 4410 quoniam

2050 4431 2280 4487 scientia
2313 4432 2497 4487 doceri
2531 4443 2732 4503 potest,
2772 4433 3150 4490 demonstrare
3181 4451 3319 4503 opus
3370 4443 3451 4489 est
3485 4436 3618 4487 sub-

374 4520 486 4584 ζειν
526 4518 622 4569 καὶ
654 4517 731 4585 τῷ
774 4518 872 4585 τῆς
904 4518 1214 4586 ἐπιστήμης
1246 4516 1378 4586 ἡλίῳ
1422 4517 1807 4589 καθαρώτερον
1846 4520 1939 4589 ἤδη

2048 4537 2170 4578 esse
2201 4524 2493 4589 ratiooem,
2546 4538 2807 4578 sensuum
2860 4527 3137 4594 propriam
3185 4540 3248 4579 ac
3287 4525 3619 4589 primitivum

376 4613 705 4681 προσάγειν,
754 4609 933 4681 χρεὼν
975 4608 1231 4676 διδακτῆς
1277 4606 1443 4674 οὔσης
1485 4609 1585 4678 τῆς
1636 4611 1945 4679 ἐπιστήμης

377 4707 855 4774 προϋπάρχουσαν
902 4697 1043 4754 εἶναι
1087 4702 1401 4770 λογίζεσθαι
1444 4702 1647 4771 γνῶσιν
1696 4704 1793 4772 τὴν
1836 4703 1945 4757 τῶν

379 4798 689 4868 αἰσθήσεων
730 4795 1110 4848 αὐτοδίδακτον
1139 4794 1363 4864 πρώτην
1398 4794 1724 4863 κατάληψιν,
1760 4793 1851 4863 ἀφ’
1878 4789 1947 4867 ἧς

382 4892 455 4953 ὠς
486 4891 553 4943 ὲκ
588 4891 813 4958 πρώτης
855 4888 1030 4957 ἀρχῆς
1064 4887 1160 4939 καὶ
1198 4890 1381 4958 πηγῆς
1411 4886 1461 4937 οί
1503 4887 1690 4955 πάσης
1720 4886 1945 4955 ἐπιστή-

384 5002 490 5053 μης
540 4981 908 5044 ἀποϐλύζουσι
942 4980 1145 5050 ρύακες
1176 4979 1281 5032 τῶν
1316 4998 1372 5032 τε
1407 4981 1518 5042 τοῖς
1546 4980 1822 5049 αἰσθητοῖς
1856 4981 1948 5033 καὶ

381 5076 678 5144 διανοητοῖς
733 5073 827 5125 καὶ
870 5075 1079 5141 νοητοῖς
1110 5071 1527 5142 ἐνυπαρχόντων
1567 5072 1710 5143 ὅρων
1739 5072 1832 5125 καὶ
1860 5071 1948 5124 λό-

381 5183 516 5232 γων.
549 5166 622 5217 Τὸ
655 5165 762 5235 γὰρ
790 5165 1003 5233 βλέπειν
1038 5165 1183 5233 ἡμᾶς
1219 5166 1311 5217 καὶ
1338 5162 1577 5228 ἀκούειν,
1604 5162 1695 5215 καὶ
1722 5161 1816 5214 νῦν
1849 5162 1949 5229 μὲν

382 5259 628 5324 γλυκέων
658 5258 751 5311 καὶ
781 5256 994 5327 πικρῶν
1034 5256 1387 5309 αἰσθάνεσθαι
1422 5255 1511 5308 διὰ
1550 5253 1648 5324 τῆς
1681 5254 1948 5322 γεύσεως,

384 5348 480 5400 νῦν
508 5350 562 5401 δὲ
591 5351 833 5417 τραχέων
860 5366 918 5399 τε
971 5348 1065 5400 zeal.
1091 5346 1248 5399 λείων
1276 5345 1365 5399 διά
1414 5347 1511 5416 τῆς
1539 5347 1704 5417 ἁφῆς,
1745 5346 1839 5398 καὶ
1867 5346 1950 5399 ὅτι

384 5438 587 5506 θερμὸν
618 5437 712 5490 καὶ
754 5437 1048 5490 καυστικὴν
1085 5437 1142 5489 τὸ
1174 5435 1286 5504 πῦρ
1338 5439 1430 5488 καὶ
1462 5435 1671 5507 ψυχρὸν
1723 5438 1756 5506 ή
1792 5435 1946 5507 χιὼν,

384 5529 565 5581 κοιναί
590 5531 730 5581 εἰσιν
761 5529 959 5582 ἔννοιαι
986 5531 1163 5582 πάντα
1184 5528 1285 5581 καὶ
1319 5527 1676 5581 αὑτοδίδακτα
1714 5532 1827 5592 τοῖς
1858 5529 1943 5581 atl-

386 5621 725 5690 σθητηρίοις.
763 5622 837 5673 Οὐ
874 5626 978 5689 γὰρ
1013 5616 1384 5690 διδασκόμεθα
1421 5617 1554 5686 παρ’
1588 5618 1800 5685 οὐδενὸς
1828 5619 1947 5690 βλέ-

459 5782 539 5851 (ι)
570 5782 624 5835 Εἰ
649 5780 809 5835 τοῦτο
846 5778 901 5832 ἓν
934 5778 1069 5835 Cod.

2053 4614 2484 4683 perceptionem.
2521 4614 2562 4668 E
2588 4630 2695 4684 qua
2747 4624 3003 4684 tanquam
3053 4634 3082 4671 e
3114 4618 3287 4687 prima
3318 4616 3525 4685 origine
3558 4631 3620 4670 ac

2054 4708 2203 4760 fonte
2234 4706 2479 4760 scientia:
2526 4707 2705 4761 omnis
2760 4709 3051 4775 prosiliunt
3100 4709 3259 4762 rivuli
3288 4718 3344 4763 et
3386 4709 3455 4762 iis
3500 4724 3620 4776 qua:

2054 4796 2433 4865 percipiuntur
2461 4837 2475 4861 ,
2525 4798 2837 4866 cogitantur
2863 4840 2877 4861 ,
2915 4807 3343 4868 cognoscuntur,
3391 4803 3620 4855 sul'sunt

2053 4888 2241 4955 prima:
2268 4887 2432 4959 406
2458 4890 2705 4943 notiones
2724 4900 2779 4943 et
2802 4891 3026 4944 notitiae.
3052 4891 3186 4945 Nam
3210 4892 3352 4960 quod
3377 4892 3621 4946 videmus

2052 4993 2153 5030 nos
2178 4987 2234 5031 et
2265 4979 2538 5046 audimus,
2576 4982 2738 5034 modo
2767 4982 2948 5049 palato
2975 4984 3151 5036 dulcia
3198 4992 3249 5035 et
3280 4998 3461 5036 amara
3500 5000 3623 5048 per—

2050 5071 2306 5139 cipimus,
2333 5073 2496 5127 modo
2520 5088 2714 5143 aspera
2739 5084 2795 5127 et
2823 5074 2962 5128 levia
2987 5085 3150 5139 tactu,
3173 5076 3393 5144 etquod
3412 5075 3624 5131 calidus

2050 5171 2106 5216 et
2134 5163 2335 5219 ardens
2370 5164 2509 5235 ignis
2532 5177 2637 5225 est.
2679 5167 2766 5220 nix
2794 5166 3012 5237 frigida,
3060 5170 3443 5237 perceptiones
3474 5186 3621 5224 eom-

2054 5271 2249 5310 munes
2280 5267 2408 5310 sunt
2439 5267 2491 5311 et
2551 5260 2785 5328 propria:
2835 5276 3115 5315 sensuum.
3160 5262 3349 5331 Neque
3397 5262 3543 5317 enim
3590 5277 3621 5315 a

2052 5360 2325 5413 quoquam
2358 5347 2655 5401 edocemur
2704 5348 2889 5402 videre
2945 5358 3000 5403 et
3054 5350 3245 5407 audire
3290 5363 3381 5407 aut
3443 5354 3621 5419 ignem

2051 5436 2268 5501 ardere,
2296 5436 2496 5504 frigere
2520 5440 2723 5500 nivem,
2761 5440 2863 5494 mel
2901 5441 3058 5496 dulce
3090 5460 3233 5498 esse.
3277 5445 3382 5499 Sua
3426 5455 3624 5511 sponte

2049 5528 2196 5584 enim
2232 5526 2426 5583 sensus
2449 5528 2514 5582 ad
2538 5530 2642 5583 alia
2669 5530 2917 5595 inclinat,
2948 5535 3050 5587 alia
3088 5535 3243 5604 fingit,
3279 5537 3422 5589 nulla
3446 5534 3621 5591 asc-ita

2048 5620 2376 5691 geometrica
2410 5620 2741 5676 necessitate
2773 5624 2855 5678 vel
2906 5626 3013 5680 alia
3041 5626 3283 5696 qualibet
3328 5641 3620 5697 argumen~
